4126 6488
461 423 528 478 15
1429 417 1768 475 EUSEBIUS
1805 415 2287 476 CAESABIENSIS
2326 414 2727 474 EPISCOPUS.
3641 421 3710 478 16

453 553 652 602 meum,
691 536 718 610 ᾗ
749 537 804 591 2.
839 536 1004 592 llenr.
1032 535 1284 592 Valesius
1309 551 1363 606 p.
1403 535 1468 590 10
1528 536 1596 592 ad
1631 536 1848 594 Eusebii
1871 535 2008 610 Hist.
2048 540 2090 596 Α
2119 534 2326 598 rubris,
2355 533 2593 589 uthodie
2619 533 2948 590 Kalendaria
2982 541 3174 590 nostra
3225 535 3427 598 solent,
3481 533 3708 593 fuerunt

451 607 859 686 vetustissimos
885 630 1103 684 codices
1132 627 1316 682 laudat
1362 627 1712 691 Acutianum,
1750 607 1919 697 Lipsii
1971 637 2022 684 et

452 717 661 775 Ortelii.
677 716 885 775 Laudat
901 735 1114 792 quoque
1135 718 1566 773 vetustissimam
1595 719 1888 774 editionem
1913 717 2024 775 Me-

451 812 829 867 diolanensetn
855 854 871 880 ,
898 827 1062 883 quam
1097 828 1199 868 nec
1219 812 1497 867 Pontacus
1527 827 1628 868 nec
1679 810 1923 882 Scaliger
1943 810 2024 864 vi-

449 902 613 956 derit.
644 901 934 958 Consuluit
952 915 1131 958 tamen
1154 901 1426 957 Arnoldus
1454 901 1752 965 Pontacus,
1811 901 2019 971 episco~

450 1010 552 1064 pus
575 993 916 1063 Vasatcnsis,
961 1003 1158 1066 praeter
1195 995 1411 1050 codices
1452 1008 1565 1049 mss
1587 993 2024 1064 duodetriginta,

447 1085 717 1142 editiones
746 1094 893 1154 octo,
935 1096 1096 1158 atque
1123 1103 1190 1142 ex
1218 1087 1326 1142 illis
1356 1087 1672 1157 prmclaram
1704 1100 1860 1140 suam
1891 1101 2025 1140 con-

447 1179 711 1246 cinnavit,
738 1182 793 1234 in
821 1196 928 1252 qua
959 1181 1158 1236 mirum
1192 1181 1429 1236 studium
1485 1188 1648 1250 atque
1694 1179 2023 1234 industriam

448 1287 558 1327 non
581 1273 852 1328 dubitavit
875 1275 1036 1328 etiam
1074 1273 1313 1344 Scaliger
1352 1272 1514 1342 epist.
1559 1271 1684 1337 104,
1731 1287 1854 1343 pag.
1919 1270 2026 1325 572

447 1379 590 1434 seq.,
624 1347 786 1434 atque
811 1365 935 1420 alibi
955 1364 1230 1429 omnibus,
1260 1363 1516 1420 laudibus
1572 1363 1851 1434 prosequi,
1910 1362 2025 1416 edi-

445 1457 693 1527 torisque
743 1456 1068 1519 doctrinam,
1115 1454 1428 1518 candorem,
1473 1455 1798 1509 modestiam
1839 1459 1893 1506 et
1941 1452 2027 1506 di-

449 1550 724 1623 ligentiam
756 1549 1052 1604 celebrare.
1092 1547 1158 1600 Et
1195 1548 1440 1603 omnium
1483 1547 1892 1602 correctissima
1929 1561 2024 1598 vo-

447 1649 602 1695 catur
627 1639 712 1696 Jo.
752 1639 961 1694 Marino
985 1655 1109 1710 pag.
1139 1639 1242 1692 277
1277 1638 1469 1694 Emere.
1522 1637 1649 1693 bibl.
1711 1636 2025 1706 Prodiitque

449 1733 591 1788 notis
612 1731 836 1786 Pontaci
869 1741 923 1788 et
955 1732 1412 1802 castigationibus
1444 1731 1714 1785 illustrala
1758 1743 1867 1784 una
1897 1741 2023 1782 cum

445 1824 701 1896 Prosperi
727 1823 987 1897 Chronico
1022 1865 1036 1888 ,
1079 1824 1382 1896 Burdigalae
1423 1822 1581 1888 1604,
1619 1821 1738 1886 fol.,
1771 1819 1866 1877 sed
1896 1833 2022 1873 raro

2131 624 2407 696 impressi.
2443 622 2608 678 Plura
2655 624 2723 678 de
2769 623 2873 678 hac
2933 624 3021 680 ed.
3073 624 3343 679 dederunt
3393 622 3623 696 Freytag
3653 627 3708 681 in

2131 717 2397 771 Analectis
2429 717 2619 784 litter.,
2646 733 2768 788 pag.
2787 717 2884 772 521
2912 728 3118 789 sqq.,et
3139 720 3193 773 in
3216 718 3489 787 Apparatu
3518 717 3708 780 littera.

2132 811 2300 883 |l|,p.
2337 811 2763 878 751;Clemcnt.
2803 811 2840 864 l.
2871 826 2920 866 c.
2963 827 3016 881 p.
3052 810 3146 864 171
3206 826 3322 880 sq.;
3383 807 3609 864 Fossius
3643 810 3711 865 de

2132 905 2234 958 hac
2263 915 2318 960 et
2352 904 2632 973 superiore
2677 902 2802 958 cdd.
2838 903 2890 957 in
2935 904 3112 959 Catal.
3149 902 3309 958 codd.
3361 919 3487 959 smc.
3534 920 3601 958 xv
3652 905 3708 958 in

2131 997 2266 1052 bibl.
2300 995 2710 1068 Magliabecch.,
2744 1001 2878 1050 tom.
2914 996 2956 1059 1,
2985 995 3166 1067 pag.6
3213 1011 3403 1066 seqq.;
3459 995 3706 1065 Theoph.

2134 1093 2346 1147 Sincer.
2381 1089 2434 1143 in
2452 1090 2592 1146 Bibl.
2610 1092 2735 1149 hist.
2750 1095 2871 1150 erit.
2897 1095 3156 1150 librorum
3215 1121 3282 1128 ——
3306 1090 3529 1154 rarior.,
3565 1097 3707 1160 part.

2135 1200 2218 1250 ιιι,
2241 1183 2432 1240 Norib.
2464 1182 2694 1244 1756.8,
2721 1197 2844 1253 pag.
2881 1180 2984 1235 196
3007 1195 3186 1251 scqq.,
3222 1179 3312 1234 ubi
3339 1182 3560 1252 copiose
3594 1181 3711 1250 agi-

2133 1283 2222 1328 tur
2247 1273 2314 1328 de
2339 1273 2430 1327 illa
2451 1271 2608 1326 edit”
2631 1273 2698 1328 de
2725 1270 2985 1327 Chronico
3014 1269 3236 1326 Eusebii
3265 1281 3316 1325 et
3345 1288 3478 1325 num
3520 1272 3591 1326 sit
3625 1287 3712 1342 ge-

2133 1369 2381 1428 nuinum,
2416 1362 2564 1417 etde
2595 1361 2832 1417 Eusebio
2897 1364 3047 1430 ipso;
3082 1362 3283 1431 aliique
3339 1378 3368 1416 a
3415 1361 3600 1432 Zaplio
3654 1363 3710 1416 in

2132 1457 2437 1526 Augsburgs
2461 1454 3144 1526 Buchdruckergeschichte,
3179 1463 3332 1524 parte
3365 1472 3402 1518 l,
3437 1472 3556 1527 pag.
3585 1455 3706 1519 164,

2131 1557 2184 1602 ct
2223 1563 2252 1600 a
2287 1547 2391 1600 cel.
2423 1545 2666 1600 Panzcro
2701 1543 2788 1610 Ill,
2817 1562 2936 1616 pag.
2970 1545 3095 1610 188,
3129 1545 3302 1601 citati.

2203 1638 2416 1692 Eusebii
2439 1669 2505 1677 —
2537 1636 2857 1703 Chronicon,
2898 1638 3045 1708 quod
3086 1636 3441 1707 Hieronymus
3476 1633 3709 1689 —Lati-

2132 1749 2255 1786 num
2278 1731 2450 1802 facere
2473 1733 2676 1785 curarit
2721 1740 2769 1785 et
2801 1747 2965 1801 usque
3021 1732 3075 1784 in
3139 1730 3409 1785 Valentem
3440 1727 3708 1784 Ctrsarem

2131 1823 2369 1878 Romano
2401 1823 2595 1886 adiecit
2613 1824 2838 1892 eloquio.
2862 1822 2944 1876 Ad
2970 1840 3121 1894 quem
3146 1805 3196 1878 et
3227 1822 3452 1892 Prosper
3485 1833 3532 1875 et
3559 1819 3703 1874 Hat-

443 1918 607 1973 hodie
635 1919 936 1990 reperitur.
969 1916 1156 1989 Neque
1187 1917 1364 1972 ubivis
1395 1917 1554 1971 obvia
1579 1917 1748 1971 altera
1792 1913 2019 1969 Auberti
2065 1917 2110 1974 Β
2142 1919 2306 1973 εΙιωιιε
2332 1916 2652 1978 Palmerius,
2676 1918 2886 1970 demum
2918 1925 2966 1968 et
2997 1913 3194 1969 loann.
3215 1913 3530 1968 Multivallis
3565 1929 3710 1966 com-

445 2008 633 2076 Miraei,
657 2009 1017 2079 posteriorem
1045 2016 1259 2064 tantum
1289 2015 1500 2079 partem
1563 2024 1592 2061 a
1643 2006 1863 2062 Christo
1896 2016 2024 2062 nato

441 2103 725 2167 exhibens,
766 2102 1061 2172 additaque
1091 2101 1300 2156 habens
1330 2099 1597 2155 Chronica
1651 2099 1922 2171 Sigeberti
1970 2108 2024 2154 et

443 2193 684 2249 Anselmi
711 2192 1145 2254 Gemblacencis,
1177 2190 1631 2262 Antwerp.1608,
1651 2191 1794 2260 4(a).
1824 2189 2026 2248 Confer

443 2286 680 2358 lttigium
724 2285 796 2339 De
827 2285 1153 2340 bibliothecis
1200 2284 1447 2346 Patrum.
1479 2301 1535 2354 p.
1569 2285 1690 2338 745.
1727 2283 1890 2338 FABR.

524 2381 737 2438 Fabric.
755 2379 810 2432 in
830 2387 957 2432 nota
981 2377 1244 2449 quasdam
1277 2377 1578 2431 nominavit
1612 2375 1763 2443 edd.,
1787 2375 1881 2431 sed
1907 2377 2025 2448 ple-

444 2471 653 2526 niorem
683 2471 1014 2527 substituere
1034 2469 1191 2540 juvat
1219 2469 1434 2523 illarum
1461 2469 1788 2538 catalogum.
1821 2467 2025 2522 Ponta-

443 2579 543 2618 cus
571 2578 789 2634 quoque
813 2563 916 2618 sub
964 2562 1126 2618 linem
1192 2561 1495 2632 Apparatus
1547 2561 1824 2616 recensuit
1865 2558 2020 2613 codd.

445 2655 645 2724 quibus
673 2669 806 2708 usus
835 2661 942 2718 est,
994 2652 1369 2724 plurimasque
1413 2651 1682 2706 editiones
1713 2649 1808 2722 (b).
1865 2647 2023 2704 Prin-

442 2763 569 2818 ceps
599 2747 790 2814 editio,
814 2762 936 2818 qua:
970 2746 1134 2802 etiam
1171 2745 1482 2800 custoditur
1508 2745 1563 2799 in
1587 2744 1720 2800 bibl.
1774 2743 2020 2798 academ.

443 2839 786 2911 Erlangensi,
818 2847 902 2894 est
924 2839 1044 2894 sine
1075 2838 1258 2905 titulo,
1307 2847 1437 2892 nota
1465 2838 1593 2892 anni
1622 2837 1858 2908 locique,
1902 2837 2024 2891 sine

441 2932 612 3002 virgis
651 2939 704 2985 et
732 2931 949 2986 lineolis
979 2931 1332 2997 transversis,
1367 2929 1423 2984 in
1446 2929 1496 2984 4.
1533 2929 1615 2982 Ah
1645 2929 1812 2983 altera
1858 2927 2022 2998 primi

447 3023 560 3077 l‘olii
597 3031 752 3094 parte
784 3031 910 3078 sunt
932 3023 1038 3078 tria
1073 3021 1306 3077 editoris
1337 3021 1552 3076 Boninii
1585 3020 1879 3075 Mombritii
1909 3021 2025 3091 epi-

445 3121 768 3184 grammata,
800 3130 864 3168 ex
887 3130 1120 3184 quorum
1166 3114 1342 3184 primo
1380 3122 1606 3184 apparet
1660 3128 1821 3184 opus,
1876 3113 2018 3183 quod

443 3207 685 3261 continet
717 3204 1013 3262 Chronicon
1039 3206 1251 3262 Eusebii
1295 3223 1327 3259 a
1363 3205 1420 3261 S.
1475 3204 1800 3276 Hieronymo
1833 3203 2020 3258 Latine

443 3316 668 3361 versum,
703 3298 771 3352 ab
799 3297 990 3353 eodem
1018 3309 1072 3352 et
1097 3297 1370 3368 Prospero
1397 3297 1712 3352 Britannico
1743 3295 2022 3350 Matthaeo-

442 3405 548 3459 quc
575 3389 842 3445 Palmerio
880 3391 1281 3454 continuatum,
1305 3406 1431 3447 esse
1459 3405 1722 3446 excusum
1757 3404 1854 3460 per
1885 3388 2018 3442 Phi-

437 3481 649 3551 lippum
710 3479 1010 3536 Lavanium
1070 3480 1380 3552 (Mediolani
1447 3481 1592 3536 circa
1651 3495 1782 3534 ann.
1838 3479 2017 3536 1475:.

443 3571 611 3624 Plura
634 3571 701 3626 de
717 3571 819 3626 hac
841 3573 971 3626 edit.
992 3589 1041 3626 ν.
1073 3571 1216 3642 apud
1239 3571 1575 3642 Hambcrger
1594 3570 1789 3625 zurerl.
1813 3569 2016 3624 Nachr.

445 3661 508 3720 ll,
536 3677 588 3732 p.
625 3661 717 3727 70;
750 3661 1017 3718 Clement.
1045 3662 1298 3718 Biblioth.
1341 3660 1481 3725 Vlll,
1515 3678 1568 3732 p.
1625 3663 1728 3716 170
1788 3677 1930 3731 seq.,
1966 3669 2022 3714 et

442 3768 584 3823 quos
602 3753 818 3808 laudavi
841 3753 894 3807 in
925 3750 1202 3807 Introduc.
1221 3751 1256 3804 l.
1276 3756 1628 3828 c.,pag.218.
1646 3752 1788 3810 Add.
1815 3751 2024 3807 Panzer

443 3843 512 3898 A.
553 3841 614 3897 Τ.
647 3839 687 3894 11
715 3881 731 3906 ,
767 3857 888 3913 pag.
917 3841 1006 3896 94.

516 3931 732 3986 Eusebii
765 3931 1082 3996 Chronicon,
1135 3933 1199 3985 ab
1221 3931 1544 4003 Hieronymo
1564 3931 1756 3988 Latine
1787 3950 2019 3998 versum,

445 4025 510 4079 ab
531 4023 710 4079 eodem
739 4032 788 4079 et
817 4041 848 4078 a
873 4024 1136 4096 Prospero
1157 4035 1206 4079 et
1235 4024 1489 4078 Matthiae
1523 4024 1816 4091 Palmeria,
1849 4028 2022 4082 conti~

445 4125 689 4182 nuatum,
720 4131 784 4170 ea:
812 4115 1072 4171 editionei
1103 4133 1221 4170 cum
1251 4115 1492 4170 Matthiae
1526 4116 1785 4172 Palmerii
1813 4120 2023 4188 supple-

445 4218 636 4263 mento.
667 4207 728 4264 In
763 4208 864 4262 [ine
895 4209 1060 4264 rubro
1080 4209 1140 4264 ζ’.
1177 4207 1410 4264 Joannes
1453 4208 1690 4264 Lucilius
1742 4209 2020 4279 Hippoda-

446 4317 560 4354 mus
585 4299 724 4370 (sive
752 4299 1067 4371 Santritter)
1103 4299 1517 4356 Helbronuensis
1557 4301 1744 4355 lectori
1793 4303 2021 4356 salutem

445 4391 716 4461 (sequitur
763 4391 1098 4462 epigramma
1157 4392 1332 4446 tribus
1399 4400 1660 4448 constans
1720 4391 2018 4466 distichis).

449 4481 720 4536 lfrhardus
751 4480 994 4548 Raldolt,
1020 4481 1386 4552 Augustensis,
1407 4513 1479 4522 —
1506 4483 1750 4551 plurimis
1793 4485 2022 4556 undique

2127 2012 2307 2080 plura,
2340 2025 2456 2080 qua:
2490 2007 2558 2061 ad
2589 2010 2699 2062 hate
2737 2023 2899 2078 usque
2951 2016 3186 2076 tempora
3232 2005 3514 2060 subsecuta
3560 2013 3708 2069 sunt,

2129 2103 2386 2173 adjecere.
2431 2101 2596 2157 Henr.
2633 2101 2965 2171 Stephanus.
3003 2098 3060 2154 In
3091 2101 3196 2154 tine
3227 2117 3242 2154 :
3283 2097 3600 2152 Absolutum
3629 2105 3708 2150 est

2125 2198 2184 2251 in
2215 2197 2359 2251 alma
2377 2194 2856 2250 Parisiorum—
2884 2209 2973 2262 per
3004 2191 3169 2247 Henr.
3195 2191 3530 2261 Stephanum
3555 2219 3618 2229 —-
3641 2189 3710 2243 il-

2129 2287 2233 2340 iius
2275 2287 2509 2340 maxima
2541 2302 2670 2340 cura
2698 2293 2746 2336 et
2779 2282 3058 2354 diligentia
3096 2298 3186 2336 nec
3242 2299 3345 2335 non
3393 2280 3627 2350 ejusdem
3658 2290 3707 2334 et

2127 2379 2318 2435 Jodoci
2348 2380 2510 2436 Badii
2545 2413 2614 2422 —
2639 2380 2878 2448 expensis
2913 2378 3072 2445 1512,
3104 2379 3159 2440 ι,
3183 2378 3250 2433 de
3293 2393 3398 2448 qua
3438 2393 3563 2432 rara
3593 2377 3710 2433 edi-

2131 2473 2277 2528 tione
2311 2473 2466 2544 plura
2499 2472 2694 2541 scripsi
2755 2472 2810 2526 in
2858 2467 3160 2525 lntroduct.
3222 2471 3257 2524 l.
3299 2485 3375 2533 c.,
3427 2485 3549 2540 pag.
3603 2468 3710 2524 218

2129 2581 2272 2635 scq.,
2300 2576 2352 2624 et
2370 2571 2636 2629 Clement.
2667 2564 2706 2617 1.
2737 2579 2789 2619 c.
2819 2578 2942 2634 pag.
2969 2562 3073 2616 172
3111 2570 3252 2625 not.,
3283 2561 3374 2632 qui
3403 2569 3600 2631 praeter
3643 2575 3710 2616 ea

2127 2657 2332 2712 ibidem
2363 2656 2551 2710 multis
2591 2663 2840 2710 recenset
2872 2653 3161 2724 repetitam
3193 2661 3247 2708 et
3283 2659 3335 2706 in
3381 2655 3570 2725 paucis
3595 2661 3711 2707 tan-

2125 2756 2241 2801 tum
2265 2747 2536 2803 diversam
2563 2745 2825 2816 Stephani
2855 2746 2988 2801 edit.
3021 2743 3198 2798 Paris.
3219 2744 3376 2804 1518.
3405 2743 3458 2798 4.
3482 2742 3626 2798 Idem
3652 2751 3706 2797 et

2125 2839 2354 2912 Freytag
2376 2841 2430 2894 in
2473 2839 2731 2909 Apparat.
2760 2839 2864 2893 litt.
2897 2837 2986 2904 111,
3020 2838 3278 2909 pag.575,
3314 2837 3706 2893 rel'cruntedit.

2126 2931 2490 2987 Basileenscm
2532 2933 2675 3002 (quae.
2697 2931 2865 2986 etiam
2891 2945 3058 3001 penes
3079 2945 3166 2985 me
3194 2930 3298 3002 est)
3319 2945 3383 2984 ex
3404 2930 3527 2984 eid.
3574 2927 3700 2983 Ste-

2125 3024 2290 3095 phan.
2323 3023 2565 3088 ductam,
2596 3029 2944 3093 auctamque,
3011 3029 3173 3092 atque
3223 3022 3583 3092 inscriptam:
3624 3019 3708 3075 En

2125 3115 2313 3169 damus
2338 3113 2632 3168 Chronicon
2653 3114 2887 3168 divinant
2918 3113 3073 3184 plane
3092 3131 3222 3183 opus
3239 3113 3509 3167 eruditiss.
3529 3122 3711 3166 aucto-

2129 3223 2270 3272 rum,
2302 3207 2576 3275 repetitunt
2604 3207 2668 3260 ab
2705 3209 2819 3276 ipso
2840 3205 3021 3260 mundi
3050 3207 3222 3272 initio,
3241 3207 3309 3259 ad
3326 3221 3522 3259 annum
3545 3220 3709 3275 usque

2051 3258 2094 3314 ο
2129 3258 2654 3370 sat-imm)
2698 3258 2906 3352 asa
2937 3258 3428 3368 pastis-ea...
3465 3296 3534 3352 D.
3572 3258 3707 3351 ηἐο-

2123 3406 2349 3460 ronymo
2386 3390 2692 3458 interprete,
2742 3389 3050 3461 Hieronymi
3099 3390 3418 3460 presbyteri,
3459 3387 3711 3456 Prosperi

2125 3483 2452 3554 Aquitanici,
2479 3481 2782 3536 M.Aurelii
2813 3481 3120 3538 Cassio’dori
3152 3483 3364 3552 patricii
3396 3479 3709 3534 RomJIer-

2121 3577 2308 3631 manni
2331 3576 2588 3630 contracti
2612 3577 2816 3630 comitis
2849 3575 3142 3648 Veringen.,
3169 3575 3413 3632 Mattha'i
3443 3573 3701 3633 Palmerii

2127 3667 2450 3732 Florentini,
2485 3648 2730 3722 Matthiae
2764 3667 3026 3722 Palmerii
3075 3666 3287 3730 Pisani,
3315 3665 3512 3734 partim
3567 3679 3707 3719 nunc

2123 3778 2159 3814 a
2194 3760 2342 3814 nobis
2373 3761 2638 3814 inventum
2665 3769 2713 3812 et
2735 3759 2956 3824 editum,
2981 3760 3176 3828 partim
3207 3775 3239 3811 a
3261 3758 3484 3824 mendis,
3518 3755 3706 3828 quibus

2126 3851 2723 3922 laborabat,plusquam
2752 3853 2996 3924 cuiquam
3014 3851 3213 3906 credita
3238 3851 3396 3920 facile
3423 3859 3522 3912 est,
3554 3865 3704 3903 sum-

2126 3961 2212 3997 mo
2241 3943 2418 3998 studio
2443 3954 2493 3998 et
2524 3943 2802 4015 diligentia
2846 3951 3203 4012 repurgatum.
3239 3941 3465 3994 Basilea:
3511 3937 3700 3993 excud.

2127 4033 2293 4089 Henr.
2333 4034 2546 4100 Petrus,
2578 4052 2648 4089 nt.
2684 4035 2886 4088 Martio
2913 4031 3240 4096 MDXXIX,
3277 4032 3632 4097 fol.,curante
3652 4040 3703 4085 et

2121 4127 2347 4200 praefato
2376 4127 2466 4182 Io.
2497 4125 2778 4183 Sichardo.

2196 4218 2347 4274 Alias
2375 4219 2646 4274 editiones
2668 4233 2798 4272 cum
2833 4218 2956 4272 aliis
2984 4215 3205 4272 Eusebii
3251 4217 3473 4288 scriptis
3501 4226 3556 4271 et
3575 4231 3703 4271 cum

2123 4311 2378 4382 Prosperi
2413 4326 2479 4366 ac
2503 4311 2740 4366 Matthtei
2781 4309 3036 4366 Palmerii
3070 4309 3330 4363 Chronico
3379 4313 3708 4364 enumerant

2123 4404 2401 4460 Pontacus
2452 4403 2568 4476 (qui
2620 4406 2706 4460 ed.
2744 4404 2906 4459 Basil.
2945 4403 3082 4458 1529
3115 4403 3272 4457 basin
3305 4416 3418 4457 sua:
3454 4400 3604 4470 fecit)
3647 4399 3706 4453 in

2124 4496 2417 4564 Apparatu,
2453 4496 2556 4551 sub
2589 4495 2774 4562 ﬁnem,
2795 4492 2986 4549 Justus
3011 4491 3421 4548 Fontaninusin
3446 4489 3705 4546 Historiis

444 4575 765 4642 comparatis
799 4575 1182 4644 exemplaribus
1215 4573 1431 4630 Eusebii
1456 4575 1619 4630 libros
1643 4577 1918 4631 chronicos
1960 4595 2023 4632 ac
2055 4602 2099 4658 ι)
2130 4587 2356 4640 (suum,
2387 4587 2736 4657 Aquileiensis
2771 4588 2894 4642 um,
2929 4585 3140 4658 (Roma:
3175 4584 3334 4648 1742,
3364 4583 3442 4653 4),
3478 4599 3601 4654 pag.
3645 4584 3703 4647 ὅ,

445 4667 748 4736 reliquasin
781 4666 876 4720 hoc
915 4669 1176 4722 volumine
1233 4668 1298 4722 de
1357 4669 1674 4738 temporibus
1723 4667 2020 4725 additiones

457 4759 800 4826 -impress.'t
848 4756 1070 4814 l'enetiis
1113 4777 1168 4814 a.
1235 4761 1428 4815 salutis
1478 4761 1637 4826 1485,
1675 4761 1862 4816 Idibus
1921 4761 2020 4818 Se-

445 4849 665 4919 ptembr.
690 4849 732 4902 E
757 4851 946 4919 primis
985 4859 1068 4906 est
1120 4851 1298 4913 libris,
1327 4853 1420 4923 qui
1454 4852 1638 4908 verbis
1669 4862 1724 4908 et
1775 4856 2022 4910 numeris

516 4961 888 5086 Sa)Clément,
925 4963 1066 5018 Bibl.
1103 4966 1340 5019 eurieuse
1394 4966 1520 5019 hist.
1565 4974 1614 5018 et
1681 4967 1826 5028 crit.,
1885 4975 2018 5021 tom.

541 5033 581 5086 1.
603 5052 657 5086 ι).
680 5034 783 5086 178
830 5050 975 5086 $00..
1009 5036 1214 5086 multus
1239 5046 1322 5086 est
1347 5035 1414 5086 de
1441 5039 1542 5086 hac
1571 5035 1739 5086 Μὶνςηί
1761 5036 2018 5086 editione.

446 5033 583 5096 Vlll,
603 5052 657 5104 p.
680 5034 783 5088 178
830 5050 975 5104 sqq.,
1009 5036 1214 5090 multus
1239 5035 1414 5091 estde
1441 5039 1542 5089 hac
1571 5035 1739 5090 Mirati
1761 5036 2021 5100 editione,

446 5106 604 5174 cujus
659 5105 946 5175 inscriptio
1001 5113 1085 5160 est
1122 5123 1136 5157 :
1176 5105 1371 5158 Rerum
1429 5115 1537 5160 toto
1582 5107 1705 5160 orbe
1753 5115 2023 5175 gestarum

446 5122 604 5174 cujus
659 5122 829 5158 InSCl‘t
870 5122 946 5158 uo
1001 5122 1085 5160 ess
1122 5123 1136 5157 :
1176 5122 1371 5158 uerum
1429 5122 1537 5160 tato
1582 5122 1705 5160 orbe
1753 5122 2018 5175 gestarum

446 5175 709 5231 Chronica
740 5122 1016 5230 aC’hristo
1046 5185 1172 5229 nato
1206 5177 1276 5229 ad
1315 5186 1497 5230 nostra
1548 5191 1710 5246 usque
1761 5187 2018 5246 tempora.

445 5247 760 5300 Auctoribus
777 5245 1002 5300 Eusebio
1018 5275 1087 5284 —
1109 5246 1452 5312 Hieronymo,
1471 5277 1538 5286 —
1553 5244 1842 5315 Sigeberto,
1868 5244 2024 5301 Gem-

447 5317 678 5370 blacensi
695 5317 971 5379 monacho,
991 5317 1260 5378 Anselmo,
1282 5315 1546 5371 Gemblac.
1563 5317 1770 5381 abbate,
1789 5317 2023 5374 Auberto

446 5385 658 5451 Μίνωι),
693 5385 932 5457 Bruxell.
954 5387 1196 5457 aliisque.
1239 5386 1433 5442 Omnia
1464 5387 1532 5440 ad
1570 5389 1812 5456 antiquos
1858 5389 2015 5442 codd.

447 5456 783 5524 ntss.partim
800 5456 1128 5524 comparata,
1155 5459 1348 5526 partim
1377 5473 1514 5512 nunc
1529 5459 1755 5527 primum
1783 5461 1835 5513 in
1854 5459 2022 5514 lucem

445 5527 611 5580 edita.
648 5527 824 5594 Opera
851 5537 900 5578 et
932 5527 1106 5580 studio
1132 5529 1366 5596 ejusdem
1393 5529 1528 5583 Aub.
1558 5528 1756 5592 Mira'i,
1809 5531 2024 5584 canoni-

448 5601 522 5669 cis
555 5606 604 5669 et
637 5595 1244 5669 scltolarethAntuerp.
1283 5599 1604 5668 Antaerpiw,
1661 5617 1746 5669 ap.
1797 5599 2017 5654 Hieron.

461 5666 1019 5740 Verdussiunt_,_1608.
1054 5671 1106 5724 4.
1141 5668 1356 5723 Mimans
1403 5666 1744 5740 potissimum
1797 5679 2021 5726 secutus

449 5745 536 5790 est
564 5737 618 5789 in
646 5735 880 5792 Eusebio
905 5738 1144 5793 codicem
1179 5735 1479 5795 iuitialibus
1513 5758 1560 5796 s.
1596 5741 1906 5796 nncialibus
1930 5743 2022 5795 lit-

449 5806 582 5883 teris
605 5815 739 5883 ante
761 5817 1080 5883 annostum
1106 5810 1248 5883 mille
1285 5812 1418 5883 plus
1439 5813 1620 5883 minus
1682 5813 1892 5881 integre
1923 5811 2020 5866 de-

450 5880 734 5946 scriptum,
758 5885 809 5932 et
835 5895 897 5934 ex
927 5880 1233 5935 Amandino
1255 5882 1520 5936 sodalium
1543 5880 2019 5938 Bcncdictinorum

2127 4687 2182 4735 et
2195 4675 2486 4742 Clement.,
2505 4675 2541 4729 l.
2558 4689 2606 4731 c.
2619 4715 2635 4742 ,
2653 4694 2834 4748 nemp.
2851 4679 3079 4735 Basileaa
3107 4694 3216 4733 rec.
3241 4685 3325 4733 est
3347 4677 3594 4732 anteced.
3611 4674 3704 4734 ed.

2127 4766 2271 4837 apud
2303 4765 2467 4821 Henr.
2503 4767 2839 4856 Petr._1556,
2869 4769 3029 4835 1542,
3063 4767 3202 4822 1549
3231 4766 3329 4838 (ά),
3362 4763 3704 4832 1559,1570,

2129 4859 2223 4915 fol.
2250 4889 2322 4899 —
2347 4859 2520 4915 Paris.
2553 4861 2694 4930 apud
2719 4861 2912 4916 Michel
2938 4861 3205 4916 Sonnium
3263 4859 3424 4923 1587,
3477 4857 3546 4930 (ε)
3581 4857 3703 4924 1⁵01..

2127 4970 2272 5092 apud
2308 4967 2535 5050 Nervios
2567 4969 2841 5025 coenobio.
2873 5001 2943 5010 —
2972 4968 3048 5026 De
3081 4967 3706 5053 utraque_Scaligeriani

2127 5052 2358 5096 ttesaurt
2393 5040 2581 5109 edux.
2613 5039 2862 5109 eumdem
2893 5040 3181 5099 ClemenL,
3203 5038 3380 5106 p.1t6
3411 5053 3582 5109 sqq.,,

2225 5111 2276 5171 b)
2305 5109 2428 5163 Vid.
2463 5108 2615 5164 Patr.
2647 5108 2768 5164 Lat.
2802 5119 2840 5164 t.
2865 5109 3081 5171 XXVII,
3113 5112 3217 5163 col.
3251 5108 3514 5164 725-746.
3545 5108 3701 5162 Enl'r.

2223 5180 2272 5251 c)
2299 5180 2401 5234 llic
2425 5195 2602 5236 annus
2618 5181 2822 5237 diserte
2856 5195 3152 5251 expressus
3191 5190 3285 5240 ,est
3332 5185 3385 5233 in
3453 5180 3706 5248 exemplo

2124 5251 2269 5321 quad
2295 5251 2467 5305 habeo
2497 5267 2510 5302 :
2548 5252 2798 5306 Clemens
2823 5262 3034 5318 contra,
3069 5252 3258 5306 nescio
3305 5265 3374 5303 an
3422 5266 3522 5317 per
3551 5265 3706 5306 erro-

2127 5337 2263 5384 rem,
2295 5321 2515 5389 scripsit
2544 5321 2752 5376 MDXII.

2200 5393 2279 5462 (ά)
2303 5388 2522 5446 Fabric.
2551 5394 2679 5445 olim
2713 5393 2764 5445 in
2791 5399 2916 5445 nota
2950 5391 3017 5444 ad
3045 5391 3102 5445 h.
3135 5391 3169 5444 1.
3196 5398 3249 5444 et
3279 5389 3546 5462 Eontanin
3574 5388 3708 5462 seri:

2124 5459 2346 5533 pscrant
2380 5472 2560 5516 notam
2589 5479 2638 5516 a.
2679 5463 2838 5526 15i8,
2869 5463 2964 5517 sed
3016 5461 3232 5515 dubitat
3271 5461 3583 5533 Clemens,
3611 5459 3704 5533 qui

2125 5531 2430 5604 exemplum
2456 5533 2524 5587 ad
2548 5548 2743 5588 manus
2775 5535 2988 5604 habuit,
3025 5540 3155 5604 nota
3190 5532 3420 5604 quidem
3460 5532 3587 5586 anni
3618 5531 3709 5584 do-

2126 5602 2400 5667 stitutum,
2435 5604 2490 5656 in
2515 5604 2676 5673 cujus
2705 5619 2836 5658 vero
2876 5603 3055 5657 fronte
3084 5602 3289 5656 diserte
3318 5603 3521 5656 dicitur
3575 5615 3706 5670 Opus

2126 5671 2194 5726 ad
2217 5690 2414 5727 annum
2440 5690 2601 5728 usque
2624 5673 2759 5727 hunc
2785 5673 2984 5728 Christi
3001 5704 3070 5714 -—
3097 5669 3398 5726 MDXLIX
3425 5672 3706 5726 continua-

2126 5687 2192 5726 aa
2217 5690 2414 5727 annum
2440 5690 2601 5728 usque
2624 5687 2759 5727 nunc
2785 5687 2984 5728 URHSH
3001 5704 3070 5714 --
3097 5687 3390 5726 ΜΠᾸΙΑΙᾸ
3425 5687 3706 5726 conttnua-

2127 5692 2190 5726 aa
2217 5692 2414 5727 annum
2440 5692 2601 5744 usque
2624 5692 2759 5727 nunc
2785 5692 2984 5728 unnsu
3001 5704 3070 5714 -—
3097 5692 3390 5726 muaua
3425 5692 3652 5740 continu!

2127 5755 2255 5796 tum.
2299 5745 2363 5812 Et
2389 5742 2616 5798 Pontac.
2640 5744 2789 5798 dedit
2819 5759 2868 5799 a.
2903 5744 3058 5798 1519.
3293 5739 3321 5812 ’ί

2197 5814 2263 5884 (el
2289 5815 2444 5867 llunc
2475 5830 2677 5867 annum
2710 5817 2918 5868 notavit
2941 5813 3238 5870 Fontanin.
3277 5811 3418 5869 Nota
3463 5826 3514 5866 a.
3567 5812 3700 5868 1581

2126 5899 2215 5955 ap.
2247 5885 2465 5940 Fabric.
2514 5886 2700 5941 forsan
2723 5895 2839 5943 erat
2865 5894 3142 5953 corrupta.
