  <div class='ocr_page' id='page_1' title='image "/cluster/home/n/w/nwhite01/storage/ocr_20150623/19:no.1/coo.31924054872993/026.png"; bbox 0 0 4126 6438; ppageno 0'>
   <div class='ocr_carea' id='block_1_1' title="bbox 416 337 1994 419">
    <p class='ocr_par' dir='ltr' id='par_1_1' title="bbox 416 351 1994 419">
     <span class='ocr_line' id='line_1_1' title="bbox 416 351 1994 419; baseline -0.006 0"><span class='ocrx_word' id='word_1_1' title='bbox 416 367 477 419; x_wconf 84' lang='lat' dir='ltr'><strong>l7</strong></span> <span class='ocrx_word' id='word_1_2' title='bbox 1892 351 1994 410; x_wconf 83' lang='lat' dir='ltr'><strong>NO&#39;</strong></span> 
     </span>
    </p>
   </div>
   <div class='ocr_carea' id='block_1_2' title="bbox 2096 337 3668 419">
    <p class='ocr_par' dir='ltr' id='par_1_2' title="bbox 2096 337 3668 411">
     <span class='ocr_line' id='line_1_2' title="bbox 2096 337 3668 411; baseline -0.001 -3"><span class='ocrx_word' id='word_1_3' title='bbox 2096 353 2193 411; x_wconf 83' lang='lat' dir='ltr'><strong>&#39;IA.</strong></span> <span class='ocrx_word' id='word_1_4' title='bbox 3154 337 3159 341; x_wconf 70' lang='grc'><em>“</em></span> <span class='ocrx_word' id='word_1_5' title='bbox 3600 350 3668 407; x_wconf 83' lang='grc'><strong>18</strong></span> 
     </span>
    </p>
   </div>
   <div class='ocr_carea' id='block_1_3' title="bbox 412 466 3668 553">
    <p class='ocr_par' dir='ltr' id='par_1_3' title="bbox 412 466 3668 553">
     <span class='ocr_line' id='line_1_3' title="bbox 412 466 3668 553; baseline -0.003 -6"><span class='ocrx_word' id='word_1_6' title='bbox 412 494 533 535; x_wconf 61' lang='lat' dir='ltr'><strong>cum</strong></span> <span class='ocrx_word' id='word_1_7' title='bbox 560 475 771 532; x_wconf 63' lang='grc' dir='ltr'><strong>αυῑθτῖδ</strong></span> <span class='ocrx_word' id='word_1_8' title='bbox 801 472 1024 530; x_wconf 65' lang='lat' dir='ltr'><strong>Eusebii</strong></span> <span class='ocrx_word' id='word_1_9' title='bbox 1073 471 1209 545; x_wconf 77' lang='lat' dir='ltr'><strong>OPP-</strong></span> <span class='ocrx_word' id='word_1_10' title='bbox 1238 471 1305 528; x_wconf 71' lang='lat' dir='ltr'><strong>de</strong></span> <span class='ocrx_word' id='word_1_11' title='bbox 1340 469 1462 541; x_wconf 68' lang='grc' dir='ltr'><strong>’ίιιιει</strong></span> <span class='ocrx_word' id='word_1_12' title='bbox 1506 467 1696 523; x_wconf 55' lang='lat' dir='ltr'><strong>ultima</strong></span> <span class='ocrx_word' id='word_1_13' title='bbox 1738 466 1869 521; x_wconf 64' lang='lat' dir='ltr'><strong>edi&#39;&quot;</strong></span> <span class='ocrx_word' id='word_1_14' title='bbox 1926 483 1979 520; x_wconf 73' lang='grc' dir='ltr'><strong>ν·</strong></span> <span class='ocrx_word' id='word_1_15' title='bbox 2014 476 2056 528; x_wconf 79' lang='grc' dir='ltr'>Α</span> <span class='ocrx_word' id='word_1_16' title='bbox 2088 486 2133 540; x_wconf 93' lang='lat' dir='ltr'><strong>ri</strong></span> <span class='ocrx_word' id='word_1_17' title='bbox 2164 485 2310 540; x_wconf 89' lang='lat' dir='ltr'><strong>docti</strong></span> <span class='ocrx_word' id='word_1_18' title='bbox 2339 490 2619 548; x_wconf 86' lang='lat' dir='ltr'><strong>notarunt,</strong></span> <span class='ocrx_word' id='word_1_19' title='bbox 2654 483 2825 553; x_wconf 82' lang='lat' dir='ltr'><strong>ipsius</strong></span> <span class='ocrx_word' id='word_1_20' title='bbox 2850 481 3134 553; x_wconf 88' lang='lat' dir='ltr'><strong>Scaligeri,</strong></span> <span class='ocrx_word' id='word_1_21' title='bbox 3161 482 3254 552; x_wconf 86' lang='lat' dir='ltr'><strong>qui</strong></span> <span class='ocrx_word' id='word_1_22' title='bbox 3276 482 3421 536; x_wconf 82' lang='lat' dir='ltr'><strong>illam</strong></span> <span class='ocrx_word' id='word_1_23' title='bbox 3445 498 3510 537; x_wconf 82' lang='lat' dir='ltr'><strong>ex</strong></span> <span class='ocrx_word' id='word_1_24' title='bbox 3535 485 3668 538; x_wconf 79' lang='lat' dir='ltr'><strong>scri~</strong></span> 
     </span>
    </p>
   </div>
   <div class='ocr_carea' id='block_1_4' title="bbox 415 567 859 627">
    <p class='ocr_par' dir='ltr' id='par_1_4' title="bbox 415 567 859 627">
     <span class='ocr_line' id='line_1_4' title="bbox 415 567 859 627; baseline -0.018 0"><span class='ocrx_word' id='word_1_25' title='bbox 415 570 639 627; x_wconf 83' lang='lat' dir='ltr'><strong>Pontac.</strong></span> <span class='ocrx_word' id='word_1_26' title='bbox 682 567 859 622; x_wconf 67' lang='grc' dir='ltr'><strong>ΒΑΜ.</strong></span> 
     </span>
    </p>
   </div>
   <div class='ocr_carea' id='block_1_5' title="bbox 479 650 1986 727">
    <p class='ocr_par' dir='ltr' id='par_1_5' title="bbox 479 650 1986 727">
     <span class='ocr_line' id='line_1_5' title="bbox 479 650 1986 727; baseline -0.01 -9"><span class='ocrx_word' id='word_1_27' title='bbox 479 663 751 718; x_wconf 68' lang='lat' dir='ltr'><strong>Car-terum</strong></span> <span class='ocrx_word' id='word_1_28' title='bbox 774 658 845 712; x_wconf 93' lang='lat' dir='ltr'><strong>ob</strong></span> <span class='ocrx_word' id='word_1_29' title='bbox 874 657 1168 727; x_wconf 67' lang='lat' dir='ltr'><strong>praeclaras</strong></span> <span class='ocrx_word' id='word_1_30' title='bbox 1202 652 1547 709; x_wconf 92' lang='lat' dir='ltr'><strong>accessiones</strong></span> <span class='ocrx_word' id='word_1_31' title='bbox 1576 660 1740 721; x_wconf 90' lang='lat' dir='ltr'><strong>atque</strong></span> <span class='ocrx_word' id='word_1_32' title='bbox 1779 650 1986 703; x_wconf 89' lang='lat' dir='ltr'><strong>doctis-</strong></span> 
     </span>
    </p>
   </div>
   <div class='ocr_carea' id='block_1_6' title="bbox 412 740 1984 818">
    <p class='ocr_par' dir='ltr' id='par_1_6' title="bbox 412 740 1984 818">
     <span class='ocr_line' id='line_1_6' title="bbox 412 740 1984 818; baseline -0.01 -10"><span class='ocrx_word' id='word_1_33' title='bbox 412 752 582 808; x_wconf 71' lang='lat' dir='ltr'><strong>simas</strong></span> <span class='ocrx_word' id='word_1_34' title='bbox 611 756 773 805; x_wconf 90' lang='lat' dir='ltr'><strong>notas</strong></span> <span class='ocrx_word' id='word_1_35' title='bbox 804 745 1246 818; x_wconf 79' lang='lat' dir='ltr'><strong>frequentissime</strong></span> <span class='ocrx_word' id='word_1_36' title='bbox 1272 745 1327 797; x_wconf 91' lang='lat' dir='ltr'><strong>in</strong></span> <span class='ocrx_word' id='word_1_37' title='bbox 1358 743 1611 797; x_wconf 89' lang='lat' dir='ltr'><strong>manibus</strong></span> <span class='ocrx_word' id='word_1_38' title='bbox 1644 740 1984 796; x_wconf 75' lang='lat' dir='ltr'><strong>eruditorum</strong></span> 
     </span>
    </p>
   </div>
   <div class='ocr_carea' id='block_1_7' title="bbox 415 837 1986 912">
    <p class='ocr_par' dir='ltr' id='par_1_7' title="bbox 415 837 1986 912">
     <span class='ocr_line' id='line_1_7' title="bbox 415 837 1986 912; baseline -0.007 -11"><span class='ocrx_word' id='word_1_39' title='bbox 415 853 664 901; x_wconf 79' lang='lat' dir='ltr'><strong>versatur</strong></span> <span class='ocrx_word' id='word_1_40' title='bbox 691 845 859 899; x_wconf 77' lang='lat' dir='ltr'><strong>editio</strong></span> <span class='ocrx_word' id='word_1_41' title='bbox 906 841 1167 912; x_wconf 90' lang='lat' dir='ltr'><strong>Sealigeri</strong></span> <span class='ocrx_word' id='word_1_42' title='bbox 1212 841 1311 912; x_wconf 87' lang='lat' dir='ltr'><strong>(a),</strong></span> <span class='ocrx_word' id='word_1_43' title='bbox 1373 840 1541 893; x_wconf 86' lang='lat' dir='ltr'><strong>altera</strong></span> <span class='ocrx_word' id='word_1_44' title='bbox 1607 837 1878 908; x_wconf 64' lang='lat' dir='ltr'><strong>praecipue</strong></span> <span class='ocrx_word' id='word_1_45' title='bbox 1922 851 1986 890; x_wconf 93' lang='lat' dir='ltr'><strong>ac</strong></span> 
     </span>
    </p>
   </div>
   <div class='ocr_carea' id='block_1_8' title="bbox 417 929 1987 1007">
    <p class='ocr_par' dir='ltr' id='par_1_8' title="bbox 417 929 1987 1007">
     <span class='ocr_line' id='line_1_8' title="bbox 417 929 1987 1007; baseline -0.007 -16"><span class='ocrx_word' id='word_1_46' title='bbox 417 938 703 1007; x_wconf 89' lang='lat' dir='ltr'><strong>posthuma</strong></span> <span class='ocrx_word' id='word_1_47' title='bbox 719 934 1240 991; x_wconf 88' lang='lat' dir='ltr'><strong>Amstelodamensis</strong></span> <span class='ocrx_word' id='word_1_48' title='bbox 1261 930 1470 987; x_wconf 75' lang='lat' dir='ltr'><strong>a.1658</strong></span> <span class='ocrx_word' id='word_1_49' title='bbox 1492 929 1584 986; x_wconf 93' lang='lat' dir='ltr'><strong>fol.</strong></span> <span class='ocrx_word' id='word_1_50' title='bbox 1610 946 1728 1000; x_wconf 70' lang='lat' dir='ltr'><strong>quze</strong></span> <span class='ocrx_word' id='word_1_51' title='bbox 1754 931 1987 984; x_wconf 81' lang='lat' dir='ltr'><strong>Alexan-</strong></span> 
     </span>
    </p>
   </div>
   <div class='ocr_carea' id='block_1_9' title="bbox 419 1020 1986 1098">
    <p class='ocr_par' dir='ltr' id='par_1_9' title="bbox 419 1020 1986 1098">
     <span class='ocr_line' id='line_1_9' title="bbox 419 1020 1986 1098; baseline -0.004 -15"><span class='ocrx_word' id='word_1_52' title='bbox 419 1029 500 1083; x_wconf 86' lang='lat' dir='ltr'><strong>dri</strong></span> <span class='ocrx_word' id='word_1_53' title='bbox 533 1028 665 1084; x_wconf 76' lang='grc' dir='ltr'><strong>Μοτί</strong></span> <span class='ocrx_word' id='word_1_54' title='bbox 689 1027 1060 1098; x_wconf 75' lang='lat' dir='ltr'><strong>prtefationem</strong></span> <span class='ocrx_word' id='word_1_55' title='bbox 1082 1033 1135 1080; x_wconf 87' lang='lat' dir='ltr'><strong>et</strong></span> <span class='ocrx_word' id='word_1_56' title='bbox 1169 1025 1432 1097; x_wconf 87' lang='lat' dir='ltr'><strong>Scaligeri</strong></span> <span class='ocrx_word' id='word_1_57' title='bbox 1462 1023 1888 1079; x_wconf 86' lang='lat' dir='ltr'><strong>commentarios</strong></span> <span class='ocrx_word' id='word_1_58' title='bbox 1919 1020 1986 1076; x_wconf 86' lang='lat' dir='ltr'><strong>ad</strong></span> 
     </span>
    </p>
   </div>
   <div class='ocr_carea' id='block_1_10' title="bbox 421 1109 1989 1188">
    <p class='ocr_par' dir='ltr' id='par_1_10' title="bbox 421 1109 1989 1188">
     <span class='ocr_line' id='line_1_10' title="bbox 421 1109 1989 1188; baseline -0.006 -17"><span class='ocrx_word' id='word_1_59' title='bbox 421 1117 661 1172; x_wconf 88' lang='lat' dir='ltr'><strong>Latinam</strong></span> <span class='ocrx_word' id='word_1_60' title='bbox 692 1116 1011 1188; x_wconf 82' lang='lat' dir='ltr'><strong>Hieronymi</strong></span> <span class='ocrx_word' id='word_1_61' title='bbox 1041 1113 1543 1185; x_wconf 86' lang='lat' dir='ltr'><strong>interpretationem</strong></span> <span class='ocrx_word' id='word_1_62' title='bbox 1568 1119 1621 1167; x_wconf 86' lang='lat' dir='ltr'><strong>et</strong></span> <span class='ocrx_word' id='word_1_63' title='bbox 1665 1110 1851 1165; x_wconf 70' lang='lat' dir='ltr'><strong>Graeca</strong></span> <span class='ocrx_word' id='word_1_64' title='bbox 1888 1109 1989 1163; x_wconf 87' lang='lat' dir='ltr'><strong>Eu-</strong></span> 
     </span>
    </p>
   </div>
   <div class='ocr_carea' id='block_1_11' title="bbox 422 1200 1983 1276">
    <p class='ocr_par' dir='ltr' id='par_1_11' title="bbox 422 1200 1983 1276">
     <span class='ocr_line' id='line_1_11' title="bbox 422 1200 1983 1276; baseline -0.008 -10"><span class='ocrx_word' id='word_1_65' title='bbox 422 1209 551 1267; x_wconf 73' lang='lat' dir='ltr'><strong>schii</strong></span> <span class='ocrx_word' id='word_1_66' title='bbox 583 1208 905 1263; x_wconf 85' lang='lat' dir='ltr'><strong>emendatos</strong></span> <span class='ocrx_word' id='word_1_67' title='bbox 930 1214 985 1263; x_wconf 89' lang='lat' dir='ltr'><strong>et</strong></span> <span class='ocrx_word' id='word_1_68' title='bbox 1044 1207 1201 1261; x_wconf 90' lang='lat' dir='ltr'><strong>tertia</strong></span> <span class='ocrx_word' id='word_1_69' title='bbox 1262 1211 1417 1276; x_wconf 88' lang='lat' dir='ltr'><strong>parte</strong></span> <span class='ocrx_word' id='word_1_70' title='bbox 1475 1204 1751 1258; x_wconf 83' lang='lat' dir='ltr'><strong>auctiores</strong></span> <span class='ocrx_word' id='word_1_71' title='bbox 1799 1200 1983 1273; x_wconf 90' lang='lat' dir='ltr'><strong>(quam</strong></span> 
     </span>
    </p>
   </div>
   <div class='ocr_carea' id='block_1_12' title="bbox 419 1293 1991 1371">
    <p class='ocr_par' dir='ltr' id='par_1_12' title="bbox 419 1293 1991 1371">
     <span class='ocr_line' id='line_1_12' title="bbox 419 1293 1991 1371; baseline -0.004 -16"><span class='ocrx_word' id='word_1_72' title='bbox 419 1301 567 1371; x_wconf 89' lang='lat' dir='ltr'><strong>prior</strong></span> <span class='ocrx_word' id='word_1_73' title='bbox 592 1301 759 1355; x_wconf 85' lang='lat' dir='ltr'><strong>editio</strong></span> <span class='ocrx_word' id='word_1_74' title='bbox 778 1298 947 1371; x_wconf 82' lang='lat' dir='ltr'><strong>Lugd.</strong></span> <span class='ocrx_word' id='word_1_75' title='bbox 968 1299 1084 1353; x_wconf 90' lang='lat' dir='ltr'><strong>Bat.</strong></span> <span class='ocrx_word' id='word_1_76' title='bbox 1119 1296 1284 1362; x_wconf 73' lang='lat'><strong>1606,</strong></span> <span class='ocrx_word' id='word_1_77' title='bbox 1311 1297 1430 1360; x_wconf 87' lang='lat' dir='ltr'><strong>fol.,</strong></span> <span class='ocrx_word' id='word_1_78' title='bbox 1456 1294 1700 1359; x_wconf 85' lang='lat' dir='ltr'><strong>exhibet,</strong></span> <span class='ocrx_word' id='word_1_79' title='bbox 1732 1302 1785 1348; x_wconf 91' lang='lat' dir='ltr'><strong>et</strong></span> <span class='ocrx_word' id='word_1_80' title='bbox 1816 1293 1991 1348; x_wconf 90' lang='lat' dir='ltr'><strong>libros</strong></span> 
     </span>
    </p>
   </div>
   <div class='ocr_carea' id='block_1_13' title="bbox 419 1384 1985 1464">
    <p class='ocr_par' dir='ltr' id='par_1_13' title="bbox 419 1384 1985 1464">
     <span class='ocr_line' id='line_1_13' title="bbox 419 1384 1985 1464; baseline -0.004 -19"><span class='ocrx_word' id='word_1_81' title='bbox 419 1400 526 1447; x_wconf 90' lang='lat' dir='ltr'><strong>tres</strong></span> <span class='ocrx_word' id='word_1_82' title='bbox 569 1391 964 1464; x_wconf 87' lang='lat' dir='ltr'><strong>Isagogicorum</strong></span> <span class='ocrx_word' id='word_1_83' title='bbox 1022 1390 1369 1460; x_wconf 75' lang='lat' dir='ltr'><strong>chronologite</strong></span> <span class='ocrx_word' id='word_1_84' title='bbox 1428 1402 1688 1441; x_wconf 87' lang='lat' dir='ltr'><strong>canonum</strong></span> <span class='ocrx_word' id='word_1_85' title='bbox 1741 1384 1985 1454; x_wconf 87' lang='lat' dir='ltr'><strong>ejusdem</strong></span> 
     </span>
    </p>
   </div>
   <div class='ocr_carea' id='block_1_14' title="bbox 417 1472 1988 1555">
    <p class='ocr_par' dir='ltr' id='par_1_14' title="bbox 417 1472 1988 1555">
     <span class='ocr_line' id='line_1_14' title="bbox 417 1472 1988 1555; baseline -0.005 -17"><span class='ocrx_word' id='word_1_86' title='bbox 417 1482 677 1555; x_wconf 86' lang='lat' dir='ltr'><strong>Scaligcri</strong></span> <span class='ocrx_word' id='word_1_87' title='bbox 729 1482 1052 1552; x_wconf 88' lang='lat' dir='ltr'><strong>subjunctos</strong></span> <span class='ocrx_word' id='word_1_88' title='bbox 1110 1480 1320 1551; x_wconf 87' lang='lat' dir='ltr'><strong>habet).</strong></span> <span class='ocrx_word' id='word_1_89' title='bbox 1353 1472 1615 1534; x_wconf 72' lang='lat' dir='ltr'><strong>Chronico</strong></span> <span class='ocrx_word' id='word_1_90' title='bbox 1679 1474 1988 1532; x_wconf 87' lang='lat' dir='ltr'><strong>Eusebiano</strong></span> 
     </span>
    </p>
   </div>
   <div class='ocr_carea' id='block_1_15' title="bbox 413 1566 1987 1645">
    <p class='ocr_par' dir='ltr' id='par_1_15' title="bbox 413 1566 1987 1645">
     <span class='ocr_line' id='line_1_15' title="bbox 413 1566 1987 1645; baseline -0.006 -15"><span class='ocrx_word' id='word_1_91' title='bbox 413 1575 662 1645; x_wconf 81' lang='lat' dir='ltr'><strong>subjecta</strong></span> <span class='ocrx_word' id='word_1_92' title='bbox 687 1582 816 1630; x_wconf 90' lang='lat' dir='ltr'><strong>sunt</strong></span> <span class='ocrx_word' id='word_1_93' title='bbox 845 1572 1183 1644; x_wconf 81' lang='lat' dir='ltr'><strong>Hieronymi,</strong></span> <span class='ocrx_word' id='word_1_94' title='bbox 1211 1571 1279 1625; x_wconf 91' lang='lat' dir='ltr'><strong>de</strong></span> <span class='ocrx_word' id='word_1_95' title='bbox 1306 1584 1416 1641; x_wconf 89' lang='lat' dir='ltr'><strong>quo</strong></span> <span class='ocrx_word' id='word_1_96' title='bbox 1459 1567 1591 1631; x_wconf 80' lang='lat' dir='ltr'><strong>dixi,</strong></span> <span class='ocrx_word' id='word_1_97' title='bbox 1642 1566 1987 1636; x_wconf 90' lang='lat' dir='ltr'><strong>supplemen-</strong></span> 
     </span>
    </p>
   </div>
   <div class='ocr_carea' id='block_1_16' title="bbox 412 1656 1986 1735">
    <p class='ocr_par' dir='ltr' id='par_1_16' title="bbox 412 1656 1986 1735">
     <span class='ocr_line' id='line_1_16' title="bbox 412 1656 1986 1735; baseline -0.004 -15"><span class='ocrx_word' id='word_1_98' title='bbox 412 1674 527 1720; x_wconf 92' lang='lat' dir='ltr'><strong>tum</strong></span> <span class='ocrx_word' id='word_1_99' title='bbox 555 1674 609 1719; x_wconf 83' lang='lat' dir='ltr'><strong>et</strong></span> <span class='ocrx_word' id='word_1_100' title='bbox 638 1665 894 1735; x_wconf 89' lang='lat' dir='ltr'><strong>Prosperi</strong></span> <span class='ocrx_word' id='word_1_101' title='bbox 930 1663 1150 1718; x_wconf 89' lang='lat' dir='ltr'><strong>Tironis</strong></span> <span class='ocrx_word' id='word_1_102' title='bbox 1180 1660 1255 1735; x_wconf 90' lang='lat' dir='ltr'><strong>(b)</strong></span> <span class='ocrx_word' id='word_1_103' title='bbox 1278 1661 1348 1715; x_wconf 92' lang='lat' dir='ltr'><strong>ab</strong></span> <span class='ocrx_word' id='word_1_104' title='bbox 1386 1660 1452 1712; x_wconf 86' lang='lat' dir='ltr'><strong>A.</strong></span> <span class='ocrx_word' id='word_1_105' title='bbox 1478 1658 1543 1712; x_wconf 88' lang='lat' dir='ltr'><strong>C.</strong></span> <span class='ocrx_word' id='word_1_106' title='bbox 1581 1656 1709 1722; x_wconf 79' lang='lat'><strong>379,</strong></span> <span class='ocrx_word' id='word_1_107' title='bbox 1755 1657 1844 1711; x_wconf 93' lang='lat' dir='ltr'><strong>ubi</strong></span> <span class='ocrx_word' id='word_1_108' title='bbox 1886 1659 1986 1713; x_wconf 92' lang='lat' dir='ltr'><strong>de-</strong></span> 
     </span>
    </p>
   </div>
   <div class='ocr_carea' id='block_1_17' title="bbox 414 1747 1985 1828">
    <p class='ocr_par' dir='ltr' id='par_1_17' title="bbox 414 1747 1985 1828">
     <span class='ocr_line' id='line_1_17' title="bbox 414 1747 1985 1828; baseline -0.005 -16"><span class='ocrx_word' id='word_1_109' title='bbox 414 1759 505 1813; x_wconf 88' lang='lat' dir='ltr'><strong>siit</strong></span> <span class='ocrx_word' id='word_1_110' title='bbox 526 1756 910 1828; x_wconf 83' lang='lat' dir='ltr'><strong>Hieronymus,</strong></span> <span class='ocrx_word' id='word_1_111' title='bbox 945 1755 1012 1809; x_wconf 92' lang='lat' dir='ltr'><strong>ad</strong></span> <span class='ocrx_word' id='word_1_112' title='bbox 1040 1769 1093 1809; x_wconf 90' lang='lat' dir='ltr'><strong>a.</strong></span> <span class='ocrx_word' id='word_1_113' title='bbox 1135 1751 1264 1818; x_wconf 71' lang='grc'>444,</span> <span class='ocrx_word' id='word_1_114' title='bbox 1312 1750 1551 1805; x_wconf 85' lang='lat' dir='ltr'><strong>Victoris</strong></span> <span class='ocrx_word' id='word_1_115' title='bbox 1595 1747 1985 1805; x_wconf 90' lang='lat' dir='ltr'><strong>Tunnunensis</strong></span> 
     </span>
    </p>
   </div>
   <div class='ocr_carea' id='block_1_18' title="bbox 415 1841 1987 1907">
    <p class='ocr_par' dir='ltr' id='par_1_18' title="bbox 415 1841 1987 1907">
     <span class='ocr_line' id='line_1_18' title="bbox 415 1841 1987 1907; baseline -0.004 -3"><span class='ocrx_word' id='word_1_116' title='bbox 415 1849 711 1904; x_wconf 89' lang='lat' dir='ltr'><strong>Chronicon</strong></span> <span class='ocrx_word' id='word_1_117' title='bbox 732 1850 802 1903; x_wconf 91' lang='lat' dir='ltr'><strong>ab</strong></span> <span class='ocrx_word' id='word_1_118' title='bbox 832 1863 883 1901; x_wconf 89' lang='lat' dir='ltr'><strong>a.</strong></span> <span class='ocrx_word' id='word_1_119' title='bbox 918 1847 1029 1902; x_wconf 73' lang='grc'><strong>445</strong></span> <span class='ocrx_word' id='word_1_120' title='bbox 1048 1845 1114 1900; x_wconf 89' lang='lat' dir='ltr'><strong>ad</strong></span> <span class='ocrx_word' id='word_1_121' title='bbox 1138 1859 1189 1898; x_wconf 90' lang='lat' dir='ltr'><strong>a.</strong></span> <span class='ocrx_word' id='word_1_122' title='bbox 1226 1843 1351 1907; x_wconf 86' lang='lat'><strong>565,</strong></span> <span class='ocrx_word' id='word_1_123' title='bbox 1397 1841 1623 1898; x_wconf 84' lang='lat' dir='ltr'><strong>Joannis</strong></span> <span class='ocrx_word' id='word_1_124' title='bbox 1647 1843 1863 1898; x_wconf 86' lang='lat' dir='ltr'><strong>abbatis</strong></span> <span class='ocrx_word' id='word_1_125' title='bbox 1898 1842 1987 1897; x_wconf 88' lang='lat' dir='ltr'><strong>Bi-</strong></span> 
     </span>
    </p>
   </div>
   <div class='ocr_carea' id='block_1_19' title="bbox 415 1936 1985 2009">
    <p class='ocr_par' dir='ltr' id='par_1_19' title="bbox 415 1936 1985 2009">
     <span class='ocr_line' id='line_1_19' title="bbox 415 1936 1985 2009; baseline -0.003 -13"><span class='ocrx_word' id='word_1_126' title='bbox 415 1942 704 1997; x_wconf 91' lang='lat' dir='ltr'><strong>clariensis</strong></span> <span class='ocrx_word' id='word_1_127' title='bbox 734 1941 803 1995; x_wconf 90' lang='lat' dir='ltr'><strong>ah</strong></span> <span class='ocrx_word' id='word_1_128' title='bbox 836 1956 886 1993; x_wconf 90' lang='lat' dir='ltr'><strong>a.</strong></span> <span class='ocrx_word' id='word_1_129' title='bbox 921 1939 1026 1994; x_wconf 88' lang='lat'><strong>565</strong></span> <span class='ocrx_word' id='word_1_130' title='bbox 1060 1955 1232 2009; x_wconf 91' lang='lat' dir='ltr'><strong>usque</strong></span> <span class='ocrx_word' id='word_1_131' title='bbox 1264 1938 1330 1992; x_wconf 88' lang='lat' dir='ltr'><strong>ad</strong></span> <span class='ocrx_word' id='word_1_132' title='bbox 1361 1952 1566 1992; x_wconf 87' lang='lat' dir='ltr'><strong>annum</strong></span> <span class='ocrx_word' id='word_1_133' title='bbox 1624 1936 1863 1992; x_wconf 79' lang='lat' dir='ltr'><strong>Mauritii</strong></span> <span class='ocrx_word' id='word_1_134' title='bbox 1895 1954 1985 1991; x_wconf 85' lang='lat' dir='ltr'><strong>oc-</strong></span> 
     </span>
    </p>
   </div>
   <div class='ocr_carea' id='block_1_20' title="bbox 416 2024 1989 2095">
    <p class='ocr_par' dir='ltr' id='par_1_20' title="bbox 416 2024 1989 2095">
     <span class='ocr_line' id='line_1_20' title="bbox 416 2024 1989 2095; baseline -0.003 -10"><span class='ocrx_word' id='word_1_135' title='bbox 416 2040 629 2095; x_wconf 86' lang='lat' dir='ltr'><strong>tavum,</strong></span> <span class='ocrx_word' id='word_1_136' title='bbox 660 2030 803 2085; x_wconf 85' lang='lat' dir='ltr'><strong>A.C.</strong></span> <span class='ocrx_word' id='word_1_137' title='bbox 833 2028 972 2095; x_wconf 79' lang='lat'><strong>593;</strong></span> <span class='ocrx_word' id='word_1_138' title='bbox 1023 2025 1183 2083; x_wconf 85' lang='lat' dir='ltr'><strong>ldatii</strong></span> <span class='ocrx_word' id='word_1_139' title='bbox 1231 2028 1299 2081; x_wconf 87' lang='lat' dir='ltr'><strong>ab</strong></span> <span class='ocrx_word' id='word_1_140' title='bbox 1345 2026 1409 2080; x_wconf 86' lang='lat' dir='ltr'><strong>A.</strong></span> <span class='ocrx_word' id='word_1_141' title='bbox 1448 2026 1512 2081; x_wconf 76' lang='grc' dir='ltr'><strong>Ο.</strong></span> <span class='ocrx_word' id='word_1_142' title='bbox 1552 2024 1674 2089; x_wconf 80' lang='grc'>579,</span> <span class='ocrx_word' id='word_1_143' title='bbox 1726 2024 1817 2081; x_wconf 88' lang='lat' dir='ltr'><strong>ubi</strong></span> <span class='ocrx_word' id='word_1_144' title='bbox 1863 2024 1989 2080; x_wconf 89' lang='lat' dir='ltr'><strong>Hie-</strong></span> 
     </span>
    </p>
   </div>
   <div class='ocr_carea' id='block_1_21' title="bbox 418 2103 1987 2196">
    <p class='ocr_par' dir='ltr' id='par_1_21' title="bbox 418 2103 1987 2196">
     <span class='ocr_line' id='line_1_21' title="bbox 418 2103 1987 2196; baseline -0.006 -16"><span class='ocrx_word' id='word_1_145' title='bbox 418 2139 679 2196; x_wconf 84' lang='lat' dir='ltr'><strong>ronymus</strong></span> <span class='ocrx_word' id='word_1_146' title='bbox 703 2122 902 2179; x_wconf 85' lang='lat' dir='ltr'><strong>desinit</strong></span> <span class='ocrx_word' id='word_1_147' title='bbox 931 2120 994 2175; x_wconf 89' lang='lat' dir='ltr'><strong>ad</strong></span> <span class='ocrx_word' id='word_1_148' title='bbox 1036 2103 1171 2186; x_wconf 57' lang='lat'><strong>498;</strong></span> <span class='ocrx_word' id='word_1_149' title='bbox 1216 2117 1512 2173; x_wconf 80' lang='lat' dir='ltr'><strong>Marcellini</strong></span> <span class='ocrx_word' id='word_1_150' title='bbox 1542 2116 1757 2171; x_wconf 89' lang='lat' dir='ltr'><strong>comitis</strong></span> <span class='ocrx_word' id='word_1_151' title='bbox 1814 2118 1883 2171; x_wconf 88' lang='lat' dir='ltr'><strong>ab</strong></span> <span class='ocrx_word' id='word_1_152' title='bbox 1920 2116 1987 2171; x_wconf 92' lang='lat' dir='ltr'><strong>A.</strong></span> 
     </span>
    </p>
   </div>
   <div class='ocr_carea' id='block_1_22' title="bbox 418 2207 1991 2278">
    <p class='ocr_par' dir='ltr' id='par_1_22' title="bbox 418 2207 1991 2278">
     <span class='ocr_line' id='line_1_22' title="bbox 418 2207 1991 2278; baseline -0.008 -7"><span class='ocrx_word' id='word_1_153' title='bbox 418 2215 482 2271; x_wconf 91' lang='lat' dir='ltr'><strong>C.</strong></span> <span class='ocrx_word' id='word_1_154' title='bbox 513 2215 638 2277; x_wconf 80' lang='lat'><strong>579,</strong></span> <span class='ocrx_word' id='word_1_155' title='bbox 669 2215 737 2269; x_wconf 91' lang='lat' dir='ltr'><strong>ad</strong></span> <span class='ocrx_word' id='word_1_156' title='bbox 770 2231 820 2268; x_wconf 90' lang='lat' dir='ltr'><strong>a.</strong></span> <span class='ocrx_word' id='word_1_157' title='bbox 856 2212 978 2275; x_wconf 70' lang='lat'><strong>554,</strong></span> <span class='ocrx_word' id='word_1_158' title='bbox 1004 2218 1057 2267; x_wconf 80' lang='lat' dir='ltr'><strong>et</strong></span> <span class='ocrx_word' id='word_1_159' title='bbox 1080 2208 1602 2278; x_wconf 73' lang='lat' dir='ltr'><strong>veteris-scriptoris</strong></span> <span class='ocrx_word' id='word_1_160' title='bbox 1653 2207 1767 2262; x_wconf 86' lang='lat' dir='ltr'><strong>sive</strong></span> <span class='ocrx_word' id='word_1_161' title='bbox 1823 2207 1991 2261; x_wconf 87' lang='lat' dir='ltr'><strong>inter-</strong></span> 
     </span>
    </p>
   </div>
   <div class='ocr_carea' id='block_1_23' title="bbox 419 2300 1992 2378">
    <p class='ocr_par' dir='ltr' id='par_1_23' title="bbox 419 2300 1992 2378">
     <span class='ocr_line' id='line_1_23' title="bbox 419 2300 1992 2378; baseline -0.004 -16"><span class='ocrx_word' id='word_1_162' title='bbox 419 2308 588 2378; x_wconf 52' lang='lat' dir='ltr'><strong>pretis</strong></span> <span class='ocrx_word' id='word_1_163' title='bbox 619 2307 812 2362; x_wconf 85' lang='lat' dir='ltr'><strong>incerti</strong></span> <span class='ocrx_word' id='word_1_164' title='bbox 844 2311 1100 2374; x_wconf 84' lang='lat' dir='ltr'><strong>excerpta</strong></span> <span class='ocrx_word' id='word_1_165' title='bbox 1124 2303 1318 2357; x_wconf 89' lang='lat' dir='ltr'><strong>Latina</strong></span> <span class='ocrx_word' id='word_1_166' title='bbox 1342 2300 1726 2369; x_wconf 81' lang='lat' dir='ltr'><strong>chronologica</strong></span> <span class='ocrx_word' id='word_1_167' title='bbox 1755 2317 1821 2356; x_wconf 80' lang='lat' dir='ltr'><strong>ex</strong></span> <span class='ocrx_word' id='word_1_168' title='bbox 1845 2300 1992 2355; x_wconf 83' lang='lat' dir='ltr'><strong>Afri-</strong></span> 
     </span>
    </p>
   </div>
   <div class='ocr_carea' id='block_1_24' title="bbox 416 2394 1990 2466">
    <p class='ocr_par' dir='ltr' id='par_1_24' title="bbox 416 2394 1990 2466">
     <span class='ocr_line' id='line_1_24' title="bbox 416 2394 1990 2466; baseline -0.006 -8"><span class='ocrx_word' id='word_1_169' title='bbox 416 2417 579 2465; x_wconf 74' lang='lat' dir='ltr'><strong>uno,</strong></span> <span class='ocrx_word' id='word_1_170' title='bbox 615 2399 848 2456; x_wconf 78' lang='lat' dir='ltr'><strong>Eusebio</strong></span> <span class='ocrx_word' id='word_1_171' title='bbox 862 2408 918 2453; x_wconf 91' lang='lat' dir='ltr'><strong>et</strong></span> <span class='ocrx_word' id='word_1_172' title='bbox 945 2398 1090 2461; x_wconf 87' lang='lat' dir='ltr'><strong>aliis,</strong></span> <span class='ocrx_word' id='word_1_173' title='bbox 1116 2396 1335 2466; x_wconf 84' lang='lat' dir='ltr'><strong>vulgata</strong></span> <span class='ocrx_word' id='word_1_174' title='bbox 1356 2394 1591 2450; x_wconf 90' lang='lat' dir='ltr'><strong>ecodice</strong></span> <span class='ocrx_word' id='word_1_175' title='bbox 1620 2394 1751 2449; x_wconf 88' lang='lat' dir='ltr'><strong>bibl.</strong></span> <span class='ocrx_word' id='word_1_176' title='bbox 1787 2394 1990 2448; x_wconf 80' lang='lat' dir='ltr'><strong>Putea-</strong></span> 
     </span>
    </p>
   </div>
   <div class='ocr_carea' id='block_1_25' title="bbox 418 2484 1988 2561">
    <p class='ocr_par' dir='ltr' id='par_1_25' title="bbox 418 2484 1988 2561">
     <span class='ocr_line' id='line_1_25' title="bbox 418 2484 1988 2561; baseline -0.01 -9"><span class='ocrx_word' id='word_1_177' title='bbox 418 2513 520 2552; x_wconf 74' lang='lat' dir='ltr'><strong>nze.</strong></span> <span class='ocrx_word' id='word_1_178' title='bbox 577 2494 705 2551; x_wconf 87' lang='lat' dir='ltr'><strong>Post</strong></span> <span class='ocrx_word' id='word_1_179' title='bbox 729 2494 841 2547; x_wconf 72' lang='lat' dir='ltr'><strong>inec</strong></span> <span class='ocrx_word' id='word_1_180' title='bbox 872 2498 1179 2561; x_wconf 89' lang='lat' dir='ltr'><strong>sequuntur</strong></span> <span class='ocrx_word' id='word_1_181' title='bbox 1213 2489 1418 2550; x_wconf 71' lang='lat' dir='ltr'><strong>Graece,</strong></span> <span class='ocrx_word' id='word_1_182' title='bbox 1477 2503 1599 2558; x_wconf 68' lang='lat' dir='ltr'><strong>qua:</strong></span> <span class='ocrx_word' id='word_1_183' title='bbox 1621 2484 1860 2553; x_wconf 80' lang='lat' dir='ltr'><strong>Scaliger</strong></span> <span class='ocrx_word' id='word_1_184' title='bbox 1877 2484 1988 2538; x_wconf 78' lang='lat' dir='ltr'><strong>vel-</strong></span> 
     </span>
    </p>
   </div>
   <div class='ocr_carea' id='block_1_26' title="bbox 422 2580 1991 2656">
    <p class='ocr_par' dir='ltr' id='par_1_26' title="bbox 422 2580 1991 2656">
     <span class='ocr_line' id='line_1_26' title="bbox 422 2580 1991 2656; baseline -0.006 -14"><span class='ocrx_word' id='word_1_185' title='bbox 422 2603 482 2643; x_wconf 87' lang='lat' dir='ltr'><strong>ut</strong></span> <span class='ocrx_word' id='word_1_186' title='bbox 520 2589 824 2645; x_wconf 88' lang='lat' dir='ltr'><strong>Eusebiaua</strong></span> <span class='ocrx_word' id='word_1_187' title='bbox 853 2586 1073 2656; x_wconf 79' lang='lat' dir='ltr'><strong>collegit</strong></span> <span class='ocrx_word' id='word_1_188' title='bbox 1106 2601 1168 2640; x_wconf 91' lang='lat' dir='ltr'><strong>ac</strong></span> <span class='ocrx_word' id='word_1_189' title='bbox 1191 2583 1446 2655; x_wconf 80' lang='lat' dir='ltr'><strong>digessit:</strong></span> <span class='ocrx_word' id='word_1_190' title='bbox 1467 2580 1736 2652; x_wconf 85' lang='lat' dir='ltr'><strong>Anonymi</strong></span> <span class='ocrx_word' id='word_1_191' title='bbox 1763 2581 1991 2633; x_wconf 79' lang='grc' dir='ltr'><em>Ἐπιτο-</em></span> 
     </span>
    </p>
   </div>
   <div class='ocr_carea' id='block_1_27' title="bbox 413 2672 1989 2753">
    <p class='ocr_par' dir='ltr' id='par_1_27' title="bbox 413 2672 1989 2753">
     <span class='ocr_line' id='line_1_27' title="bbox 413 2672 1989 2753; baseline -0.005 -18"><span class='ocrx_word' id='word_1_192' title='bbox 413 2680 499 2753; x_wconf 65' lang='lat' dir='ltr'><strong>ph</strong></span> <span class='ocrx_word' id='word_1_193' title='bbox 521 2682 754 2752; x_wconf 74' lang='grc' dir='ltr'><strong>χρόνων</strong></span> <span class='ocrx_word' id='word_1_194' title='bbox 789 2680 887 2753; x_wconf 81' lang='lat' dir='ltr'><strong>(c).</strong></span> <span class='ocrx_word' id='word_1_195' title='bbox 918 2677 1187 2751; x_wconf 88' lang='lat' dir='ltr'><strong>(Chronici</strong></span> <span class='ocrx_word' id='word_1_196' title='bbox 1219 2677 1371 2731; x_wconf 69' lang='lat' dir='ltr'><strong>Alex.</strong></span> <span class='ocrx_word' id='word_1_197' title='bbox 1393 2675 1472 2729; x_wconf 81' lang='lat' dir='ltr'><strong>vel</strong></span> <span class='ocrx_word' id='word_1_198' title='bbox 1498 2672 1789 2728; x_wconf 79' lang='lat' dir='ltr'><strong>Fastorum</strong></span> <span class='ocrx_word' id='word_1_199' title='bbox 1830 2672 1989 2729; x_wconf 83' lang='lat' dir='ltr'><strong>Sicu-</strong></span> 
     </span>
    </p>
   </div>
   <div class='ocr_carea' id='block_1_28' title="bbox 420 2769 1988 2847">
    <p class='ocr_par' dir='ltr' id='par_1_28' title="bbox 420 2769 1988 2847">
     <span class='ocr_line' id='line_1_28' title="bbox 420 2769 1988 2847; baseline -0.004 -16"><span class='ocrx_word' id='word_1_200' title='bbox 420 2778 521 2833; x_wconf 88' lang='lat' dir='ltr'><strong>lor.</strong></span> <span class='ocrx_word' id='word_1_201' title='bbox 554 2777 773 2832; x_wconf 88' lang='lat' dir='ltr'><strong>nomine</strong></span> <span class='ocrx_word' id='word_1_202' title='bbox 800 2776 962 2847; x_wconf 81' lang='lat' dir='ltr'><strong>vulgo</strong></span> <span class='ocrx_word' id='word_1_203' title='bbox 993 2775 1184 2840; x_wconf 89' lang='lat' dir='ltr'><strong>venit),</strong></span> <span class='ocrx_word' id='word_1_204' title='bbox 1222 2772 1291 2827; x_wconf 91' lang='lat' dir='ltr'><strong>ab</strong></span> <span class='ocrx_word' id='word_1_205' title='bbox 1318 2771 1525 2826; x_wconf 84' lang='lat' dir='ltr'><strong>Adamo</strong></span> <span class='ocrx_word' id='word_1_206' title='bbox 1546 2769 1613 2825; x_wconf 90' lang='lat' dir='ltr'><strong>ad</strong></span> <span class='ocrx_word' id='word_1_207' title='bbox 1651 2785 1851 2825; x_wconf 89' lang='lat' dir='ltr'><strong>annum</strong></span> <span class='ocrx_word' id='word_1_208' title='bbox 1884 2769 1988 2826; x_wconf 93' lang='lat' dir='ltr'><strong>He-</strong></span> 
     </span>
    </p>
   </div>
   <div class='ocr_carea' id='block_1_29' title="bbox 419 2862 1988 2931">
    <p class='ocr_par' dir='ltr' id='par_1_29' title="bbox 419 2862 1988 2931">
     <span class='ocr_line' id='line_1_29' title="bbox 419 2862 1988 2931; baseline -0.004 -10"><span class='ocrx_word' id='word_1_209' title='bbox 419 2868 572 2922; x_wconf 88' lang='lat' dir='ltr'><strong>raclii</strong></span> <span class='ocrx_word' id='word_1_210' title='bbox 609 2869 952 2931; x_wconf 87' lang='lat' dir='ltr'><strong>vicesimum,</strong></span> <span class='ocrx_word' id='word_1_211' title='bbox 984 2867 1047 2921; x_wconf 85' lang='lat' dir='ltr'><strong>A.</strong></span> <span class='ocrx_word' id='word_1_212' title='bbox 1079 2866 1139 2921; x_wconf 91' lang='lat' dir='ltr'><strong>C.</strong></span> <span class='ocrx_word' id='word_1_213' title='bbox 1173 2864 1301 2929; x_wconf 74' lang='lat'><strong>629,</strong></span> <span class='ocrx_word' id='word_1_214' title='bbox 1327 2879 1394 2919; x_wconf 77' lang='lat' dir='ltr'><strong>ex</strong></span> <span class='ocrx_word' id='word_1_215' title='bbox 1421 2862 1611 2917; x_wconf 90' lang='lat' dir='ltr'><strong>codice</strong></span> <span class='ocrx_word' id='word_1_216' title='bbox 1653 2862 1723 2918; x_wconf 85' lang='lat' dir='ltr'><strong>Is.</strong></span> <span class='ocrx_word' id='word_1_217' title='bbox 1779 2862 1988 2917; x_wconf 76' lang='lat' dir='ltr'><strong>Casau~</strong></span> 
     </span>
    </p>
   </div>
   <div class='ocr_carea' id='block_1_30' title="bbox 419 2954 1989 3029">
    <p class='ocr_par' dir='ltr' id='par_1_30' title="bbox 419 2954 1989 3029">
     <span class='ocr_line' id='line_1_30' title="bbox 419 2954 1989 3029; baseline -0.004 -14"><span class='ocrx_word' id='word_1_218' title='bbox 419 2960 575 3023; x_wconf 89' lang='lat' dir='ltr'><strong>boni;</strong></span> <span class='ocrx_word' id='word_1_219' title='bbox 599 2957 916 3029; x_wconf 88' lang='lat' dir='ltr'><strong>Nicephori,</strong></span> <span class='ocrx_word' id='word_1_220' title='bbox 949 2957 1297 3028; x_wconf 71' lang='lat' dir='ltr'><strong>patriarcbze,</strong></span> <span class='ocrx_word' id='word_1_221' title='bbox 1373 2956 1791 3025; x_wconf 61' lang='grc' dir='ltr'><strong>χρονογῃίιριά.</strong></span> <span class='ocrx_word' id='word_1_222' title='bbox 1828 2954 1989 3010; x_wconf 82' lang='grc' dir='ltr'><strong>Ι)οηὶ-</strong></span> 
     </span>
    </p>
   </div>
   <div class='ocr_carea' id='block_1_31' title="bbox 421 3046 1989 3120">
    <p class='ocr_par' dir='ltr' id='par_1_31' title="bbox 421 3046 1989 3120">
     <span class='ocr_line' id='line_1_31' title="bbox 421 3046 1989 3120; baseline -0.003 -16"><span class='ocrx_word' id='word_1_223' title='bbox 421 3066 527 3120; x_wconf 88' lang='lat' dir='ltr'><strong>que</strong></span> <span class='ocrx_word' id='word_1_224' title='bbox 580 3051 826 3120; x_wconf 89' lang='lat' dir='ltr'><strong>sequitur</strong></span> <span class='ocrx_word' id='word_1_225' title='bbox 866 3049 1114 3120; x_wconf 80' lang='grc' dir='ltr'><strong>ἱστοριῶν</strong></span> <span class='ocrx_word' id='word_1_226' title='bbox 1174 3048 1461 3117; x_wconf 82' lang='grc' dir='ltr'><strong>συναγωγή</strong></span> <span class='ocrx_word' id='word_1_227' title='bbox 1514 3054 1568 3101; x_wconf 86' lang='lat' dir='ltr'><strong>et</strong></span> <span class='ocrx_word' id='word_1_228' title='bbox 1616 3046 1989 3115; x_wconf 79' lang='grc' dir='ltr'><strong>Ὀλυμπιάδων</strong></span> 
     </span>
    </p>
   </div>
   <div class='ocr_carea' id='block_1_32' title="bbox 2090 573 3664 647">
    <p class='ocr_par' dir='ltr' id='par_1_32' title="bbox 2090 573 3664 647">
     <span class='ocr_line' id='line_1_32' title="bbox 2090 573 3664 647; baseline -0.002 -19"><span class='ocrx_word' id='word_1_229' title='bbox 2090 577 2338 647; x_wconf 88' lang='lat' dir='ltr'><strong>ptoribus</strong></span> <span class='ocrx_word' id='word_1_230' title='bbox 2368 576 2526 631; x_wconf 86' lang='lat' dir='ltr'><strong>editis</strong></span> <span class='ocrx_word' id='word_1_231' title='bbox 2560 583 2613 631; x_wconf 91' lang='lat' dir='ltr'><strong>et</strong></span> <span class='ocrx_word' id='word_1_232' title='bbox 2640 576 2859 631; x_wconf 88' lang='lat' dir='ltr'><strong>ineditis</strong></span> <span class='ocrx_word' id='word_1_233' title='bbox 2891 574 3108 645; x_wconf 77' lang='lat' dir='ltr'><strong>collegit</strong></span> <span class='ocrx_word' id='word_1_234' title='bbox 3136 589 3200 629; x_wconf 91' lang='lat' dir='ltr'><strong>ac</strong></span> <span class='ocrx_word' id='word_1_235' title='bbox 3232 573 3481 644; x_wconf 80' lang='lat' dir='ltr'><strong>digessit,</strong></span> <span class='ocrx_word' id='word_1_236' title='bbox 3503 575 3664 629; x_wconf 84' lang='lat' dir='ltr'><strong>etiam</strong></span> 
     </span>
    </p>
   </div>
   <div class='ocr_carea' id='block_1_33' title="bbox 2088 666 3666 738">
    <p class='ocr_par' dir='ltr' id='par_1_33' title="bbox 2088 666 3666 738">
     <span class='ocr_line' id='line_1_33' title="bbox 2088 666 3666 738; baseline -0.003 -16"><span class='ocrx_word' id='word_1_237' title='bbox 2088 668 2319 732; x_wconf 88' lang='lat' dir='ltr'><strong>Latinis,</strong></span> <span class='ocrx_word' id='word_1_238' title='bbox 2355 683 2587 738; x_wconf 87' lang='lat' dir='ltr'><strong>quorum</strong></span> <span class='ocrx_word' id='word_1_239' title='bbox 2610 668 2729 730; x_wconf 82' lang='lat' dir='ltr'><strong>loca</strong></span> <span class='ocrx_word' id='word_1_240' title='bbox 2760 666 2947 722; x_wconf 63' lang='lat' dir='ltr'><strong>Greece</strong></span> <span class='ocrx_word' id='word_1_241' title='bbox 2969 666 3250 721; x_wconf 88' lang='lat' dir='ltr'><strong>transtulit</strong></span> <span class='ocrx_word' id='word_1_242' title='bbox 3266 676 3319 721; x_wconf 87' lang='lat' dir='ltr'><strong>et</strong></span> <span class='ocrx_word' id='word_1_243' title='bbox 3346 666 3497 721; x_wconf 90' lang='lat' dir='ltr'><strong>hisce</strong></span> <span class='ocrx_word' id='word_1_244' title='bbox 3550 667 3666 719; x_wconf 90' lang='lat' dir='ltr'><strong>col-</strong></span> 
     </span>
    </p>
   </div>
   <div class='ocr_carea' id='block_1_34' title="bbox 2088 755 2830 814">
    <p class='ocr_par' dir='ltr' id='par_1_34' title="bbox 2088 755 2830 814">
     <span class='ocr_line' id='line_1_34' title="bbox 2088 755 2830 814; baseline 0.003 -3"><span class='ocrx_word' id='word_1_245' title='bbox 2088 759 2351 814; x_wconf 88' lang='lat' dir='ltr'><strong>lectaneis</strong></span> <span class='ocrx_word' id='word_1_246' title='bbox 2377 758 2627 813; x_wconf 89' lang='lat' dir='ltr'><strong>inseruit.</strong></span> <span class='ocrx_word' id='word_1_247' title='bbox 2663 755 2830 813; x_wconf 74' lang='lat' dir='ltr'><strong>FABR.</strong></span> 
     </span>
    </p>
   </div>
   <div class='ocr_carea' id='block_1_35' title="bbox 2159 848 3662 920">
    <p class='ocr_par' dir='ltr' id='par_1_35' title="bbox 2159 848 3662 920">
     <span class='ocr_line' id='line_1_35' title="bbox 2159 848 3662 920; baseline -0.003 -15"><span class='ocrx_word' id='word_1_248' title='bbox 2159 850 2462 907; x_wconf 85' lang='lat' dir='ltr'><strong>Vallarsius</strong></span> <span class='ocrx_word' id='word_1_249' title='bbox 2490 852 2647 907; x_wconf 91' lang='lat' dir='ltr'><strong>novis</strong></span> <span class='ocrx_word' id='word_1_250' title='bbox 2669 851 2817 906; x_wconf 91' lang='lat' dir='ltr'><strong>curis</strong></span> <span class='ocrx_word' id='word_1_251' title='bbox 2837 851 3168 906; x_wconf 90' lang='lat' dir='ltr'><strong>recensitum</strong></span> <span class='ocrx_word' id='word_1_252' title='bbox 3203 850 3426 920; x_wconf 85' lang='lat' dir='ltr'><strong>suisque</strong></span> <span class='ocrx_word' id='word_1_253' title='bbox 3452 855 3506 905; x_wconf 91' lang='lat' dir='ltr'><strong>et</strong></span> <span class='ocrx_word' id='word_1_254' title='bbox 3527 848 3662 903; x_wconf 85' lang='lat' dir='ltr'><strong>alio-</strong></span> 
     </span>
    </p>
   </div>
   <div class='ocr_carea' id='block_1_36' title="bbox 2089 938 3660 1003">
    <p class='ocr_par' dir='ltr' id='par_1_36' title="bbox 2089 938 3660 1003">
     <span class='ocr_line' id='line_1_36' title="bbox 2089 938 3660 1003; baseline -0.005 -6"><span class='ocrx_word' id='word_1_255' title='bbox 2089 959 2208 997; x_wconf 90' lang='lat' dir='ltr'><strong>rum</strong></span> <span class='ocrx_word' id='word_1_256' title='bbox 2241 942 2716 997; x_wconf 80' lang='lat' dir='ltr'><strong>observationibus</strong></span> <span class='ocrx_word' id='word_1_257' title='bbox 2744 943 3071 996; x_wconf 87' lang='lat' dir='ltr'><strong>illustratum</strong></span> <span class='ocrx_word' id='word_1_258' title='bbox 3108 940 3403 996; x_wconf 85' lang='lat' dir='ltr'><strong>Chronicon</strong></span> <span class='ocrx_word' id='word_1_259' title='bbox 3426 938 3660 1003; x_wconf 79' lang='lat' dir='ltr'><strong>Eusebii,</strong></span> 
     </span>
    </p>
   </div>
   <div class='ocr_carea' id='block_1_37' title="bbox 2088 1029 3661 1103">
    <p class='ocr_par' dir='ltr' id='par_1_37' title="bbox 2088 1029 3661 1103">
     <span class='ocr_line' id='line_1_37' title="bbox 2088 1029 3661 1103; baseline -0.004 -15"><span class='ocrx_word' id='word_1_260' title='bbox 2088 1042 2221 1096; x_wconf 89' lang='lat' dir='ltr'><strong>etc.,</strong></span> <span class='ocrx_word' id='word_1_261' title='bbox 2244 1035 2462 1103; x_wconf 82' lang='lat' dir='ltr'><strong>repetiit</strong></span> <span class='ocrx_word' id='word_1_262' title='bbox 2494 1035 2549 1087; x_wconf 92' lang='lat' dir='ltr'><strong>in</strong></span> <span class='ocrx_word' id='word_1_263' title='bbox 2579 1049 2677 1087; x_wconf 88' lang='lat' dir='ltr'><strong>sua</strong></span> <span class='ocrx_word' id='word_1_264' title='bbox 2711 1032 2771 1088; x_wconf 89' lang='lat' dir='ltr'><strong>D.</strong></span> <span class='ocrx_word' id='word_1_265' title='bbox 2797 1033 3108 1103; x_wconf 78' lang='lat' dir='ltr'><strong>Hieronymi</strong></span> <span class='ocrx_word' id='word_1_266' title='bbox 3138 1031 3375 1102; x_wconf 89' lang='lat' dir='ltr'><strong>Operum</strong></span> <span class='ocrx_word' id='word_1_267' title='bbox 3403 1029 3661 1093; x_wconf 82' lang='lat' dir='ltr'><strong>editione,</strong></span> 
     </span>
    </p>
   </div>
   <div class='ocr_carea' id='block_1_38' title="bbox 2088 1110 3659 1198">
    <p class='ocr_par' dir='ltr' id='par_1_38' title="bbox 2088 1110 3659 1198">
     <span class='ocr_line' id='line_1_38' title="bbox 2088 1110 3659 1198; baseline -0.005 -17"><span class='ocrx_word' id='word_1_268' title='bbox 2088 1135 2234 1181; x_wconf 92' lang='lat' dir='ltr'><strong>tomo</strong></span> <span class='ocrx_word' id='word_1_269' title='bbox 2256 1125 2392 1190; x_wconf 89' lang='lat' dir='ltr'><strong>Vlll,</strong></span> <span class='ocrx_word' id='word_1_270' title='bbox 2425 1125 2651 1198; x_wconf 78' lang='lat' dir='ltr'><strong>Veronae</strong></span> <span class='ocrx_word' id='word_1_271' title='bbox 2681 1124 2837 1188; x_wconf 71' lang='lat' dir='ltr'><strong>i740,</strong></span> <span class='ocrx_word' id='word_1_272' title='bbox 2861 1125 2955 1181; x_wconf 86' lang='lat' dir='ltr'><strong>fol.</strong></span> <span class='ocrx_word' id='word_1_273' title='bbox 2984 1110 3314 1196; x_wconf 72' lang='lat' dir='ltr'><strong>(quae&#39;editio</strong></span> <span class='ocrx_word' id='word_1_274' title='bbox 3340 1138 3533 1179; x_wconf 89' lang='lat' dir='ltr'><strong>recusa</strong></span> <span class='ocrx_word' id='word_1_275' title='bbox 3554 1130 3659 1185; x_wconf 87' lang='lat' dir='ltr'><strong>est,</strong></span> 
     </span>
    </p>
   </div>
   <div class='ocr_carea' id='block_1_39' title="bbox 2088 1211 3662 1288">
    <p class='ocr_par' dir='ltr' id='par_1_39' title="bbox 2088 1211 3662 1288">
     <span class='ocr_line' id='line_1_39' title="bbox 2088 1211 3662 1288; baseline -0.003 -16"><span class='ocrx_word' id='word_1_276' title='bbox 2088 1217 2237 1272; x_wconf 90' lang='lat' dir='ltr'><strong>curis</strong></span> <span class='ocrx_word' id='word_1_277' title='bbox 2266 1217 2521 1273; x_wconf 85' lang='lat' dir='ltr'><strong>Vallarsii</strong></span> <span class='ocrx_word' id='word_1_278' title='bbox 2550 1216 2953 1288; x_wconf 85' lang='lat' dir='ltr'><strong>posterioribus</strong></span> <span class='ocrx_word' id='word_1_279' title='bbox 2982 1224 3166 1279; x_wconf 83' lang='lat' dir='ltr'><strong>aucta,</strong></span> <span class='ocrx_word' id='word_1_280' title='bbox 3202 1214 3396 1271; x_wconf 90' lang='lat' dir='ltr'><strong>Venet.</strong></span> <span class='ocrx_word' id='word_1_281' title='bbox 3430 1211 3570 1269; x_wconf 78' lang='grc'>1766</span> <span class='ocrx_word' id='word_1_282' title='bbox 3592 1244 3662 1253; x_wconf 93' lang='lat'><strong>—-—</strong></span> 
     </span>
    </p>
   </div>
   <div class='ocr_carea' id='block_1_40' title="bbox 2093 1310 2449 1380">
    <p class='ocr_par' dir='ltr' id='par_1_40' title="bbox 2093 1310 2449 1380">
     <span class='ocr_line' id='line_1_40' title="bbox 2093 1310 2449 1380; baseline 0 -17"><span class='ocrx_word' id='word_1_283' title='bbox 2093 1310 2252 1373; x_wconf 76' lang='grc'>1782,</span> <span class='ocrx_word' id='word_1_284' title='bbox 2287 1310 2320 1364; x_wconf 75' lang='grc'>4</span> <span class='ocrx_word' id='word_1_285' title='bbox 2352 1310 2449 1380; x_wconf 91' lang='lat' dir='ltr'><strong>m.)</strong></span> 
     </span>
    </p>
   </div>
   <div class='ocr_carea' id='block_1_41' title="bbox 2161 1390 3662 1468">
    <p class='ocr_par' dir='ltr' id='par_1_41' title="bbox 2161 1390 3662 1468">
     <span class='ocr_line' id='line_1_41' title="bbox 2161 1390 3662 1468; baseline -0.003 -13"><span class='ocrx_word' id='word_1_286' title='bbox 2161 1390 2375 1457; x_wconf 81' lang='lat' dir='ltr'><strong>Eusebii</strong></span> <span class='ocrx_word' id='word_1_287' title='bbox 2409 1401 2707 1457; x_wconf 83' lang='lat' dir='ltr'><strong>Chronicon</strong></span> <span class='ocrx_word' id='word_1_288' title='bbox 2732 1398 2922 1453; x_wconf 81' lang='lat' dir='ltr'><strong>Latine</strong></span> <span class='ocrx_word' id='word_1_289' title='bbox 2947 1416 2979 1452; x_wconf 91' lang='lat' dir='ltr'><strong>a</strong></span> <span class='ocrx_word' id='word_1_290' title='bbox 3012 1399 3079 1452; x_wconf 89' lang='lat' dir='ltr'><strong>D.</strong></span> <span class='ocrx_word' id='word_1_291' title='bbox 3126 1399 3445 1468; x_wconf 82' lang='lat' dir='ltr'><strong>Hieronymo</strong></span> <span class='ocrx_word' id='word_1_292' title='bbox 3485 1396 3662 1451; x_wconf 86' lang='lat' dir='ltr'><strong>reddi-</strong></span> 
     </span>
    </p>
   </div>
   <div class='ocr_carea' id='block_1_42' title="bbox 2090 1491 3661 1563">
    <p class='ocr_par' dir='ltr' id='par_1_42' title="bbox 2090 1491 3661 1563">
     <span class='ocr_line' id='line_1_42' title="bbox 2090 1491 3661 1563; baseline -0.003 -15"><span class='ocrx_word' id='word_1_293' title='bbox 2090 1504 2197 1548; x_wconf 88' lang='lat' dir='ltr'><strong>tum</strong></span> <span class='ocrx_word' id='word_1_294' title='bbox 2223 1503 2272 1550; x_wconf 89' lang='lat' dir='ltr'><strong>et</strong></span> <span class='ocrx_word' id='word_1_295' title='bbox 2297 1494 2365 1548; x_wconf 90' lang='lat' dir='ltr'><strong>ad</strong></span> <span class='ocrx_word' id='word_1_296' title='bbox 2377 1511 2474 1549; x_wconf 85' lang='lat' dir='ltr'><strong>sua</strong></span> <span class='ocrx_word' id='word_1_297' title='bbox 2488 1510 2648 1563; x_wconf 84' lang='lat' dir='ltr'><strong>usque</strong></span> <span class='ocrx_word' id='word_1_298' title='bbox 2671 1503 2902 1563; x_wconf 79' lang='lat' dir='ltr'><strong>tempera</strong></span> <span class='ocrx_word' id='word_1_299' title='bbox 2922 1492 3251 1560; x_wconf 86' lang='lat' dir='ltr'><strong>perductum,</strong></span> <span class='ocrx_word' id='word_1_300' title='bbox 3276 1491 3481 1559; x_wconf 83' lang='lat' dir='ltr'><strong>adjecta</strong></span> <span class='ocrx_word' id='word_1_301' title='bbox 3502 1492 3661 1544; x_wconf 90' lang='lat' dir='ltr'><strong>etiam</strong></span> 
     </span>
    </p>
   </div>
   <div class='ocr_carea' id='block_1_43' title="bbox 2089 1579 3663 1650">
    <p class='ocr_par' dir='ltr' id='par_1_43' title="bbox 2089 1579 3663 1650">
     <span class='ocr_line' id='line_1_43' title="bbox 2089 1579 3663 1650; baseline -0.003 -12"><span class='ocrx_word' id='word_1_302' title='bbox 2089 1585 2479 1638; x_wconf 76' lang='lat' dir='ltr'><strong>continuatione</strong></span> <span class='ocrx_word' id='word_1_303' title='bbox 2510 1582 2762 1649; x_wconf 86' lang='lat' dir='ltr'><strong>Prosperi</strong></span> <span class='ocrx_word' id='word_1_304' title='bbox 2789 1580 3065 1650; x_wconf 84' lang='lat' dir='ltr'><strong>Aquitani.</strong></span> <span class='ocrx_word' id='word_1_305' title='bbox 3102 1579 3257 1633; x_wconf 89' lang='lat' dir='ltr'><strong>Nunc</strong></span> <span class='ocrx_word' id='word_1_306' title='bbox 3274 1581 3502 1648; x_wconf 87' lang='lat' dir='ltr'><strong>primum</strong></span> <span class='ocrx_word' id='word_1_307' title='bbox 3551 1582 3663 1635; x_wconf 84' lang='lat' dir='ltr'><strong>col-</strong></span> 
     </span>
    </p>
   </div>
   <div class='ocr_carea' id='block_1_44' title="bbox 2089 1670 3664 1743">
    <p class='ocr_par' dir='ltr' id='par_1_44' title="bbox 2089 1670 3664 1743">
     <span class='ocr_line' id='line_1_44' title="bbox 2089 1670 3664 1743; baseline -0.003 -14"><span class='ocrx_word' id='word_1_308' title='bbox 2089 1677 2300 1731; x_wconf 88' lang='lat' dir='ltr'><strong>lectioni</strong></span> <span class='ocrx_word' id='word_1_309' title='bbox 2325 1673 2728 1743; x_wconf 82' lang='lat' dir='ltr'><strong>Hieronymian.</strong></span> <span class='ocrx_word' id='word_1_310' title='bbox 2762 1670 2993 1740; x_wconf 86' lang='lat' dir='ltr'><strong>Operum</strong></span> <span class='ocrx_word' id='word_1_311' title='bbox 3020 1670 3367 1733; x_wconf 86' lang='lat' dir='ltr'><strong>adcensitum,</strong></span> <span class='ocrx_word' id='word_1_312' title='bbox 3426 1671 3664 1741; x_wconf 75' lang='lat' dir='ltr'><strong>genuinis</strong></span> 
     </span>
    </p>
   </div>
   <div class='ocr_carea' id='block_1_45' title="bbox 2090 1761 3665 1837">
    <p class='ocr_par' dir='ltr' id='par_1_45' title="bbox 2090 1761 3665 1837">
     <span class='ocr_line' id='line_1_45' title="bbox 2090 1761 3665 1837; baseline -0.004 -16"><span class='ocrx_word' id='word_1_313' title='bbox 2090 1768 2131 1821; x_wconf 82' lang='lat' dir='ltr'><strong><em>G</em></strong></span> <span class='ocrx_word' id='word_1_314' title='bbox 2138 1770 2287 1823; x_wconf 75' lang='lat' dir='ltr'><strong>mrcis</strong></span> <span class='ocrx_word' id='word_1_315' title='bbox 2313 1766 2621 1837; x_wconf 81' lang='lat' dir='ltr'><strong>fragmentis</strong></span> <span class='ocrx_word' id='word_1_316' title='bbox 2645 1781 2709 1819; x_wconf 78' lang='lat' dir='ltr'><strong>ea:</strong></span> <span class='ocrx_word' id='word_1_317' title='bbox 2740 1762 2961 1833; x_wconf 81' lang='lat' dir='ltr'><strong>Georgio</strong></span> <span class='ocrx_word' id='word_1_318' title='bbox 2976 1762 3241 1834; x_wconf 85' lang='lat' dir='ltr'><strong>Syncello,</strong></span> <span class='ocrx_word' id='word_1_319' title='bbox 3264 1761 3520 1818; x_wconf 85' lang='lat' dir='ltr'><strong>Chronico</strong></span> <span class='ocrx_word' id='word_1_320' title='bbox 3543 1777 3636 1831; x_wconf 87' lang='lat' dir='ltr'><strong>pas</strong></span> <span class='ocrx_word' id='word_1_321' title='bbox 3652 1792 3665 1802; x_wconf 93' lang='lat'><em>-</em></span> 
     </span>
    </p>
   </div>
   <div class='ocr_carea' id='block_1_46' title="bbox 2090 1854 3665 1928">
    <p class='ocr_par' dir='ltr' id='par_1_46' title="bbox 2090 1854 3665 1928">
     <span class='ocr_line' id='line_1_46' title="bbox 2090 1854 3665 1928; baseline -0.004 -13"><span class='ocrx_word' id='word_1_322' title='bbox 2090 1861 2250 1920; x_wconf 88' lang='lat' dir='ltr'><strong>chali.</strong></span> <span class='ocrx_word' id='word_1_323' title='bbox 2278 1859 2533 1922; x_wconf 88' lang='lat' dir='ltr'><strong>Cedreno,</strong></span> <span class='ocrx_word' id='word_1_324' title='bbox 2566 1857 2789 1928; x_wconf 80' lang='lat' dir='ltr'><strong>aliisque</strong></span> <span class='ocrx_word' id='word_1_325' title='bbox 2827 1854 3130 1909; x_wconf 84' lang='lat' dir='ltr'><strong>auctoribus</strong></span> <span class='ocrx_word' id='word_1_326' title='bbox 3165 1855 3442 1921; x_wconf 78' lang='lat' dir='ltr'><strong>restitutis,</strong></span> <span class='ocrx_word' id='word_1_327' title='bbox 3465 1866 3515 1908; x_wconf 88' lang='lat' dir='ltr'><strong>et</strong></span> <span class='ocrx_word' id='word_1_328' title='bbox 3546 1862 3665 1917; x_wconf 83' lang='lat' dir='ltr'><strong>post</strong></span> 
     </span>
    </p>
   </div>
   <div class='ocr_carea' id='block_1_47' title="bbox 2089 1947 3663 2019">
    <p class='ocr_par' dir='ltr' id='par_1_47' title="bbox 2089 1947 3663 2019">
     <span class='ocr_line' id='line_1_47' title="bbox 2089 1947 3663 2019; baseline -0.002 -13"><span class='ocrx_word' id='word_1_329' title='bbox 2089 1951 2313 2007; x_wconf 75' lang='lat' dir='ltr'><strong>Arnoldi</strong></span> <span class='ocrx_word' id='word_1_330' title='bbox 2345 1950 2593 2015; x_wconf 86' lang='lat' dir='ltr'><strong>Pontaci,</strong></span> <span class='ocrx_word' id='word_1_331' title='bbox 2623 1948 2840 2017; x_wconf 76' lang='lat' dir='ltr'><strong>Iosephi</strong></span> <span class='ocrx_word' id='word_1_332' title='bbox 2864 1948 3146 2019; x_wconf 87' lang='lat' dir='ltr'><strong>Scaligeri,</strong></span> <span class='ocrx_word' id='word_1_333' title='bbox 3186 1958 3236 2003; x_wconf 88' lang='lat' dir='ltr'><strong>et</strong></span> <span class='ocrx_word' id='word_1_334' title='bbox 3269 1947 3351 2004; x_wconf 89' lang='lat' dir='ltr'><strong>Cl.</strong></span> <span class='ocrx_word' id='word_1_335' title='bbox 3388 1948 3663 2013; x_wconf 89' lang='lat' dir='ltr'><strong>Salmasii,</strong></span> 
     </span>
    </p>
   </div>
   <div class='ocr_carea' id='block_1_48' title="bbox 2091 2039 3664 2114">
    <p class='ocr_par' dir='ltr' id='par_1_48' title="bbox 2091 2039 3664 2114">
     <span class='ocr_line' id='line_1_48' title="bbox 2091 2039 3664 2114; baseline -0.003 -16"><span class='ocrx_word' id='word_1_336' title='bbox 2091 2054 2246 2114; x_wconf 86' lang='lat' dir='ltr'><strong>atque</strong></span> <span class='ocrx_word' id='word_1_337' title='bbox 2268 2042 2497 2097; x_wconf 88' lang='lat' dir='ltr'><strong>aliorum</strong></span> <span class='ocrx_word' id='word_1_338' title='bbox 2527 2041 2849 2096; x_wconf 87' lang='lat' dir='ltr'><strong>recensiones</strong></span> <span class='ocrx_word' id='word_1_339' title='bbox 2869 2049 2917 2094; x_wconf 82' lang='lat' dir='ltr'><strong>et</strong></span> <span class='ocrx_word' id='word_1_340' title='bbox 2933 2056 3111 2102; x_wconf 88' lang='lat' dir='ltr'><strong>curas,</strong></span> <span class='ocrx_word' id='word_1_341' title='bbox 3141 2039 3309 2094; x_wconf 88' lang='lat' dir='ltr'><strong>denuo</strong></span> <span class='ocrx_word' id='word_1_342' title='bbox 3339 2039 3407 2093; x_wconf 85' lang='lat' dir='ltr'><strong>ad</strong></span> <span class='ocrx_word' id='word_1_343' title='bbox 3430 2056 3558 2096; x_wconf 85' lang='lat' dir='ltr'><strong>mss.</strong></span> <span class='ocrx_word' id='word_1_344' title='bbox 3576 2057 3664 2094; x_wconf 92' lang='lat' dir='ltr'><strong>co-</strong></span> 
     </span>
    </p>
   </div>
   <div class='ocr_carea' id='block_1_49' title="bbox 2090 2131 3665 2205">
    <p class='ocr_par' dir='ltr' id='par_1_49' title="bbox 2090 2131 3665 2205">
     <span class='ocr_line' id='line_1_49' title="bbox 2090 2131 3665 2205; baseline -0.003 -18"><span class='ocrx_word' id='word_1_345' title='bbox 2090 2135 2228 2190; x_wconf 88' lang='lat' dir='ltr'><strong>dices</strong></span> <span class='ocrx_word' id='word_1_346' title='bbox 2260 2135 2603 2205; x_wconf 84' lang='lat' dir='ltr'><strong>castigatum.</strong></span> <span class='ocrx_word' id='word_1_347' title='bbox 2628 2134 2863 2203; x_wconf 86' lang='lat' dir='ltr'><strong>notisque</strong></span> <span class='ocrx_word' id='word_1_348' title='bbox 2884 2131 3318 2186; x_wconf 85' lang='lat' dir='ltr'><strong>luculentioribus</strong></span> <span class='ocrx_word' id='word_1_349' title='bbox 3345 2132 3665 2185; x_wconf 79' lang='lat' dir='ltr'><strong>continenter</strong></span> 
     </span>
    </p>
   </div>
   <div class='ocr_carea' id='block_1_50' title="bbox 2089 2224 3666 2296">
    <p class='ocr_par' dir='ltr' id='par_1_50' title="bbox 2089 2224 3666 2296">
     <span class='ocr_line' id='line_1_50' title="bbox 2089 2224 3666 2296; baseline -0.002 -14"><span class='ocrx_word' id='word_1_350' title='bbox 2089 2228 2441 2293; x_wconf 83' lang='lat' dir='ltr'><strong>illustratum,</strong></span> <span class='ocrx_word' id='word_1_351' title='bbox 2474 2243 2633 2296; x_wconf 85' lang='lat' dir='ltr'><strong>opera</strong></span> <span class='ocrx_word' id='word_1_352' title='bbox 2680 2234 2730 2279; x_wconf 90' lang='lat' dir='ltr'><strong>et</strong></span> <span class='ocrx_word' id='word_1_353' title='bbox 2766 2224 2942 2279; x_wconf 84' lang='lat' dir='ltr'><strong>studio</strong></span> <span class='ocrx_word' id='word_1_354' title='bbox 2971 2224 3237 2280; x_wconf 87' lang='lat' dir='ltr'><strong>Dominici</strong></span> <span class='ocrx_word' id='word_1_355' title='bbox 3279 2224 3535 2279; x_wconf 82' lang='lat' dir='ltr'><strong>Vallarsii</strong></span> <span class='ocrx_word' id='word_1_356' title='bbox 3560 2225 3666 2295; x_wconf 84' lang='lat' dir='ltr'><strong>(to-</strong></span> 
     </span>
    </p>
   </div>
   <div class='ocr_carea' id='block_1_51' title="bbox 2089 2315 3667 2388">
    <p class='ocr_par' dir='ltr' id='par_1_51' title="bbox 2089 2315 3667 2388">
     <span class='ocr_line' id='line_1_51' title="bbox 2089 2315 3667 2388; baseline -0.003 -14"><span class='ocrx_word' id='word_1_357' title='bbox 2089 2319 2254 2375; x_wconf 90' lang='lat' dir='ltr'><strong>moll</strong></span> <span class='ocrx_word' id='word_1_358' title='bbox 2321 2319 2531 2375; x_wconf 87' lang='lat' dir='ltr'><strong>addidit</strong></span> <span class='ocrx_word' id='word_1_359' title='bbox 2577 2318 2821 2388; x_wconf 86' lang='lat' dir='ltr'><strong>integros</strong></span> <span class='ocrx_word' id='word_1_360' title='bbox 2864 2315 3091 2371; x_wconf 90' lang='lat' dir='ltr'><strong>Pontaci</strong></span> <span class='ocrx_word' id='word_1_361' title='bbox 3153 2316 3563 2380; x_wconf 88' lang='lat' dir='ltr'><strong>Comment.,et</strong></span> <span class='ocrx_word' id='word_1_362' title='bbox 3611 2315 3667 2370; x_wconf 86' lang='lat' dir='ltr'><strong>in</strong></span> 
     </span>
    </p>
   </div>
   <div class='ocr_carea' id='block_1_52' title="bbox 2090 2407 3452 2483">
    <p class='ocr_par' dir='ltr' id='par_1_52' title="bbox 2090 2407 3452 2483">
     <span class='ocr_line' id='line_1_52' title="bbox 2090 2407 3452 2483; baseline -0.005 -17"><span class='ocrx_word' id='word_1_363' title='bbox 2090 2410 2337 2483; x_wconf 82' lang='lat' dir='ltr'><strong>Prolegg.</strong></span> <span class='ocrx_word' id='word_1_364' title='bbox 2367 2421 2501 2466; x_wconf 92' lang='lat' dir='ltr'><strong>tom.</strong></span> <span class='ocrx_word' id='word_1_365' title='bbox 2538 2408 2557 2462; x_wconf 89' lang='lat' dir='ltr'><strong>l</strong></span> <span class='ocrx_word' id='word_1_366' title='bbox 2588 2410 2654 2464; x_wconf 91' lang='lat' dir='ltr'><strong>de</strong></span> <span class='ocrx_word' id='word_1_367' title='bbox 2677 2408 2800 2465; x_wconf 90' lang='lat' dir='ltr'><strong>edd.</strong></span> <span class='ocrx_word' id='word_1_368' title='bbox 2833 2408 3123 2479; x_wconf 83' lang='lat' dir='ltr'><strong>diligenter</strong></span> <span class='ocrx_word' id='word_1_369' title='bbox 3146 2407 3452 2479; x_wconf 90' lang='lat' dir='ltr'><strong>disseruit).</strong></span> 
     </span>
    </p>
   </div>
   <div class='ocr_carea' id='block_1_53' title="bbox 2160 2495 3667 2574">
    <p class='ocr_par' dir='ltr' id='par_1_53' title="bbox 2160 2495 3667 2574">
     <span class='ocr_line' id='line_1_53' title="bbox 2160 2495 3667 2574; baseline -0.005 -17"><span class='ocrx_word' id='word_1_370' title='bbox 2160 2503 2260 2558; x_wconf 91' lang='lat' dir='ltr'><strong>Hic</strong></span> <span class='ocrx_word' id='word_1_371' title='bbox 2285 2515 2337 2558; x_wconf 89' lang='lat' dir='ltr'><strong>et</strong></span> <span class='ocrx_word' id='word_1_372' title='bbox 2364 2503 2418 2557; x_wconf 90' lang='lat' dir='ltr'><strong>in</strong></span> <span class='ocrx_word' id='word_1_373' title='bbox 2453 2501 2662 2574; x_wconf 59' lang='lat' dir='ltr'><strong>praefat.</strong></span> <span class='ocrx_word' id='word_1_374' title='bbox 2708 2509 2763 2557; x_wconf 90' lang='lat' dir='ltr'><strong>et</strong></span> <span class='ocrx_word' id='word_1_375' title='bbox 2800 2501 2857 2555; x_wconf 90' lang='lat' dir='ltr'><strong>in</strong></span> <span class='ocrx_word' id='word_1_376' title='bbox 2891 2500 3035 2556; x_wconf 88' lang='lat' dir='ltr'><strong>notis</strong></span> <span class='ocrx_word' id='word_1_377' title='bbox 3084 2515 3227 2570; x_wconf 75' lang='lat' dir='ltr'><strong>szepe</strong></span> <span class='ocrx_word' id='word_1_378' title='bbox 3262 2507 3451 2554; x_wconf 86' lang='lat' dir='ltr'><strong>contra</strong></span> <span class='ocrx_word' id='word_1_379' title='bbox 3490 2495 3667 2552; x_wconf 74' lang='lat' dir='ltr'><strong>Scali—</strong></span> 
     </span>
    </p>
   </div>
   <div class='ocr_carea' id='block_1_54' title="bbox 2090 2588 3669 2664">
    <p class='ocr_par' dir='ltr' id='par_1_54' title="bbox 2090 2588 3669 2664">
     <span class='ocr_line' id='line_1_54' title="bbox 2090 2588 3669 2664; baseline -0.004 -16"><span class='ocrx_word' id='word_1_380' title='bbox 2090 2608 2278 2664; x_wconf 82' lang='lat' dir='ltr'><strong>gerum</strong></span> <span class='ocrx_word' id='word_1_381' title='bbox 2308 2591 2571 2661; x_wconf 88' lang='lat' dir='ltr'><strong>disputat.</strong></span> <span class='ocrx_word' id='word_1_382' title='bbox 2602 2590 2666 2643; x_wconf 85' lang='lat' dir='ltr'><strong>At</strong></span> <span class='ocrx_word' id='word_1_383' title='bbox 2693 2605 3002 2661; x_wconf 86' lang='lat' dir='ltr'><strong>quanquam</strong></span> <span class='ocrx_word' id='word_1_384' title='bbox 3031 2591 3287 2662; x_wconf 65' lang='lat' dir='ltr'><strong>praeclare</strong></span> <span class='ocrx_word' id='word_1_385' title='bbox 3314 2590 3379 2645; x_wconf 91' lang='lat' dir='ltr'><strong>de</strong></span> <span class='ocrx_word' id='word_1_386' title='bbox 3406 2588 3669 2645; x_wconf 84' lang='lat' dir='ltr'><strong>Eusebio-</strong></span> 
     </span>
    </p>
   </div>
   <div class='ocr_carea' id='block_1_55' title="bbox 2091 2681 3669 2755">
    <p class='ocr_par' dir='ltr' id='par_1_55' title="bbox 2091 2681 3669 2755">
     <span class='ocr_line' id='line_1_55' title="bbox 2091 2681 3669 2755; baseline -0.001 -17"><span class='ocrx_word' id='word_1_387' title='bbox 2091 2683 2516 2755; x_wconf 81' lang='lat' dir='ltr'><strong>Hieronymiano</strong></span> <span class='ocrx_word' id='word_1_388' title='bbox 2547 2684 2837 2747; x_wconf 82' lang='lat' dir='ltr'><strong>Chronico,</strong></span> <span class='ocrx_word' id='word_1_389' title='bbox 2883 2690 3088 2747; x_wconf 90' lang='lat' dir='ltr'><strong>tamen,</strong></span> <span class='ocrx_word' id='word_1_390' title='bbox 3125 2681 3271 2752; x_wconf 90' lang='lat' dir='ltr'><strong>quod</strong></span> <span class='ocrx_word' id='word_1_391' title='bbox 3300 2683 3357 2736; x_wconf 91' lang='lat' dir='ltr'><strong>in</strong></span> <span class='ocrx_word' id='word_1_392' title='bbox 3388 2682 3484 2735; x_wconf 91' lang='lat' dir='ltr'><strong>tali</strong></span> <span class='ocrx_word' id='word_1_393' title='bbox 3507 2697 3669 2753; x_wconf 88' lang='lat' dir='ltr'><strong>opere</strong></span> 
     </span>
    </p>
   </div>
   <div class='ocr_carea' id='block_1_56' title="bbox 2091 2772 3670 2849">
    <p class='ocr_par' dir='ltr' id='par_1_56' title="bbox 2091 2772 3670 2849">
     <span class='ocr_line' id='line_1_56' title="bbox 2091 2772 3670 2849; baseline -0.001 -19"><span class='ocrx_word' id='word_1_394' title='bbox 2091 2777 2417 2849; x_wconf 83' lang='lat' dir='ltr'><strong>negotioque</strong></span> <span class='ocrx_word' id='word_1_395' title='bbox 2447 2791 2547 2830; x_wconf 87' lang='lat' dir='ltr'><strong>nec</strong></span> <span class='ocrx_word' id='word_1_396' title='bbox 2571 2776 2879 2830; x_wconf 87' lang='lat' dir='ltr'><strong>mirandum</strong></span> <span class='ocrx_word' id='word_1_397' title='bbox 2917 2782 3025 2840; x_wconf 90' lang='lat' dir='ltr'><strong>est,</strong></span> <span class='ocrx_word' id='word_1_398' title='bbox 3062 2790 3163 2829; x_wconf 88' lang='lat' dir='ltr'><strong>nec</strong></span> <span class='ocrx_word' id='word_1_399' title='bbox 3185 2772 3537 2841; x_wconf 85' lang='lat' dir='ltr'><strong>culpandum,</strong></span> <span class='ocrx_word' id='word_1_400' title='bbox 3559 2788 3670 2829; x_wconf 87' lang='lat' dir='ltr'><strong>non</strong></span> 
     </span>
    </p>
   </div>
   <div class='ocr_carea' id='block_1_57' title="bbox 2092 2865 3667 2939">
    <p class='ocr_par' dir='ltr' id='par_1_57' title="bbox 2092 2865 3667 2939">
     <span class='ocr_line' id='line_1_57' title="bbox 2092 2865 3667 2939; baseline -0.001 -16"><span class='ocrx_word' id='word_1_401' title='bbox 2092 2869 2273 2925; x_wconf 89' lang='lat' dir='ltr'><strong>omnia</strong></span> <span class='ocrx_word' id='word_1_402' title='bbox 2304 2867 2548 2939; x_wconf 82' lang='lat' dir='ltr'><strong>perfecit.</strong></span> <span class='ocrx_word' id='word_1_403' title='bbox 2588 2865 2729 2922; x_wconf 88' lang='lat' dir='ltr'><strong>Hinc</strong></span> <span class='ocrx_word' id='word_1_404' title='bbox 2764 2867 3127 2938; x_wconf 81' lang='lat' dir='ltr'><strong>Hieronymus</strong></span> <span class='ocrx_word' id='word_1_405' title='bbox 3155 2867 3221 2922; x_wconf 90' lang='lat' dir='ltr'><strong>de</strong></span> <span class='ocrx_word' id='word_1_406' title='bbox 3241 2865 3428 2931; x_wconf 91' lang='lat' dir='ltr'><strong>Prato,</strong></span> <span class='ocrx_word' id='word_1_407' title='bbox 3451 2866 3548 2921; x_wconf 92' lang='lat' dir='ltr'><strong>lib.</strong></span> <span class='ocrx_word' id='word_1_408' title='bbox 3573 2865 3667 2921; x_wconf 90' lang='lat' dir='ltr'><strong>cit.</strong></span> 
     </span>
    </p>
   </div>
   <div class='ocr_carea' id='block_1_58' title="bbox 2092 2956 3670 3031">
    <p class='ocr_par' dir='ltr' id='par_1_58' title="bbox 2092 2956 3670 3031">
     <span class='ocr_line' id='line_1_58' title="bbox 2092 2956 3670 3031; baseline 0.001 -20"><span class='ocrx_word' id='word_1_409' title='bbox 2092 2976 2215 3031; x_wconf 68' lang='lat' dir='ltr'><strong>pug.</strong></span> <span class='ocrx_word' id='word_1_410' title='bbox 2239 2959 2364 3023; x_wconf 66' lang='lat'><strong>4‘25,</strong></span> <span class='ocrx_word' id='word_1_411' title='bbox 2392 2958 2542 3013; x_wconf 84' lang='lat' dir='ltr'><strong>dedit</strong></span> <span class='ocrx_word' id='word_1_412' title='bbox 2593 2958 2814 3015; x_wconf 85' lang='lat' dir='ltr'><strong>Eusebii</strong></span> <span class='ocrx_word' id='word_1_413' title='bbox 2860 2957 3049 3013; x_wconf 67' lang='lat' dir='ltr'><strong>Graeca</strong></span> <span class='ocrx_word' id='word_1_414' title='bbox 3075 2957 3320 3029; x_wconf 69' lang='lat' dir='ltr'><strong>qumdam</strong></span> <span class='ocrx_word' id='word_1_415' title='bbox 3368 2956 3670 3029; x_wconf 82' lang='lat' dir='ltr'><strong>fragmenta</strong></span> 
     </span>
    </p>
   </div>
   <div class='ocr_carea' id='block_1_59' title="bbox 2092 3050 3669 3121">
    <p class='ocr_par' dir='ltr' id='par_1_59' title="bbox 2092 3050 3669 3121">
     <span class='ocr_line' id='line_1_59' title="bbox 2092 3050 3669 3121; baseline -0.001 -16"><span class='ocrx_word' id='word_1_416' title='bbox 2092 3068 2159 3105; x_wconf 78' lang='lat' dir='ltr'><strong>ex</strong></span> <span class='ocrx_word' id='word_1_417' title='bbox 2186 3051 2306 3121; x_wconf 87' lang='lat' dir='ltr'><strong>ejus</strong></span> <span class='ocrx_word' id='word_1_418' title='bbox 2339 3051 2413 3105; x_wconf 85' lang='lat' dir='ltr'><strong>De</strong></span> <span class='ocrx_word' id='word_1_419' title='bbox 2442 3051 2760 3119; x_wconf 79' lang='lat' dir='ltr'><strong>temporibus</strong></span> <span class='ocrx_word' id='word_1_420' title='bbox 2792 3051 2934 3105; x_wconf 92' lang='lat' dir='ltr'><strong>libro</strong></span> <span class='ocrx_word' id='word_1_421' title='bbox 2966 3051 3144 3120; x_wconf 91' lang='lat' dir='ltr'><strong>primo</strong></span> <span class='ocrx_word' id='word_1_422' title='bbox 3176 3050 3454 3121; x_wconf 82' lang='lat' dir='ltr'><strong>(excerpta</strong></span> <span class='ocrx_word' id='word_1_423' title='bbox 3487 3051 3614 3105; x_wconf 91' lang='lat' dir='ltr'><strong>olim</strong></span> <span class='ocrx_word' id='word_1_424' title='bbox 3641 3066 3669 3103; x_wconf 88' lang='lat' dir='ltr'><strong>a</strong></span> 
     </span>
    </p>
   </div>
   <div class='ocr_carea' id='block_1_60' title="bbox 426 3139 3657 3213">
    <p class='ocr_par' dir='ltr' id='par_1_60' title="bbox 426 3139 3657 3213">
     <span class='ocr_line' id='line_1_60' title="bbox 426 3139 3657 3213; baseline -0.001 -16"><span class='ocrx_word' id='word_1_425' title='bbox 426 3143 736 3213; x_wconf 79' lang='grc' dir='ltr'><strong>ἀναγραφή,</strong></span> <span class='ocrx_word' id='word_1_426' title='bbox 770 3157 881 3196; x_wconf 89' lang='lat' dir='ltr'><strong>non</strong></span> <span class='ocrx_word' id='word_1_427' title='bbox 912 3141 1111 3196; x_wconf 86' lang='lat' dir='ltr'><strong>veteris</strong></span> <span class='ocrx_word' id='word_1_428' title='bbox 1140 3139 1447 3210; x_wconf 87' lang='lat' dir='ltr'><strong>scriptoris,</strong></span> <span class='ocrx_word' id='word_1_429' title='bbox 1474 3139 1590 3206; x_wconf 90' lang='lat' dir='ltr'><strong>sed,</strong></span> <span class='ocrx_word' id='word_1_430' title='bbox 1621 3147 1681 3193; x_wconf 90' lang='lat' dir='ltr'><strong>ut</strong></span> <span class='ocrx_word' id='word_1_431' title='bbox 1711 3146 1859 3194; x_wconf 91' lang='lat' dir='ltr'><strong>recte</strong></span> <span class='ocrx_word' id='word_1_432' title='bbox 1904 3141 1987 3194; x_wconf 83' lang='lat' dir='ltr'><strong>vi-</strong></span> <span class='ocrx_word' id='word_1_433' title='bbox 2015 3156 2057 3211; x_wconf 69' lang='grc' dir='ltr'><strong>(ι</strong></span> <span class='ocrx_word' id='word_1_434' title='bbox 2089 3142 2322 3213; x_wconf 87' lang='lat' dir='ltr'><strong>Georgio</strong></span> <span class='ocrx_word' id='word_1_435' title='bbox 2355 3141 2648 3213; x_wconf 88' lang='lat' dir='ltr'><strong>Syncello),</strong></span> <span class='ocrx_word' id='word_1_436' title='bbox 2682 3158 2814 3196; x_wconf 86' lang='lat' dir='ltr'><strong>nova</strong></span> <span class='ocrx_word' id='word_1_437' title='bbox 2836 3141 3283 3209; x_wconf 84' lang='lat' dir='ltr'><strong>interpretatione,</strong></span> <span class='ocrx_word' id='word_1_438' title='bbox 3311 3142 3449 3195; x_wconf 88' lang='lat' dir='ltr'><strong>notis</strong></span> <span class='ocrx_word' id='word_1_439' title='bbox 3479 3150 3528 3194; x_wconf 88' lang='lat' dir='ltr'><strong>et</strong></span> <span class='ocrx_word' id='word_1_440' title='bbox 3560 3141 3657 3195; x_wconf 88' lang='lat' dir='ltr'><strong>ob-</strong></span> 
     </span>
    </p>
   </div>
   <div class='ocr_carea' id='block_1_61' title="bbox 497 3282 1993 3363">
    <p class='ocr_par' dir='ltr' id='par_1_61' title="bbox 497 3282 1993 3363">
     <span class='ocr_line' id='line_1_61' title="bbox 497 3282 1993 3363; baseline 0.001 -18"><span class='ocrx_word' id='word_1_441' title='bbox 497 3291 575 3363; x_wconf 85' lang='lat' dir='ltr'><strong>(a)</strong></span> <span class='ocrx_word' id='word_1_442' title='bbox 614 3290 952 3363; x_wconf 68' lang='lat' dir='ltr'><strong>Recensgtur</strong></span> <span class='ocrx_word' id='word_1_443' title='bbox 977 3306 1006 3344; x_wconf 89' lang='lat' dir='ltr'><strong>a</strong></span> <span class='ocrx_word' id='word_1_444' title='bbox 1040 3290 1449 3363; x_wconf 77' lang='lat' dir='ltr'><strong>Labbeo_tom._l</strong></span> <span class='ocrx_word' id='word_1_445' title='bbox 1474 3282 1993 3363; x_wconf 41' lang='lat' dir='ltr'><strong>Descriptﬁeccles“</strong></span> 
     </span>
    </p>
   </div>
   <div class='ocr_carea' id='block_1_62' title="bbox 424 3359 1994 3434">
    <p class='ocr_par' dir='ltr' id='par_1_62' title="bbox 424 3359 1994 3434">
     <span class='ocr_line' id='line_1_62' title="bbox 424 3359 1994 3434; baseline -0.001 -18"><span class='ocrx_word' id='word_1_446' title='bbox 424 3359 1027 3434; x_wconf 18' lang='lat' dir='ltr'><strong>pag.&#39;30:2,¥et_Thom;</strong></span> <span class='ocrx_word' id='word_1_447' title='bbox 1052 3362 1232 3434; x_wconf 77' lang='lat' dir='ltr'><strong>lttigio</strong></span> <span class='ocrx_word' id='word_1_448' title='bbox 1255 3361 1347 3434; x_wconf 82' lang='lat' dir='ltr'><strong>lib.</strong></span> <span class='ocrx_word' id='word_1_449' title='bbox 1387 3359 1478 3434; x_wconf 88' lang='lat' dir='ltr'><strong>De_</strong></span> <span class='ocrx_word' id='word_1_450' title='bbox 1510 3360 1833 3434; x_wconf 69' lang='lat' dir='ltr'><strong>bibliothecis</strong></span> <span class='ocrx_word' id='word_1_451' title='bbox 1882 3360 1994 3434; x_wconf 79' lang='lat' dir='ltr'><strong>Pa-</strong></span> 
     </span>
    </p>
   </div>
   <div class='ocr_carea' id='block_1_63' title="bbox 426 3430 1992 3501">
    <p class='ocr_par' dir='ltr' id='par_1_63' title="bbox 426 3430 1992 3501">
     <span class='ocr_line' id='line_1_63' title="bbox 426 3430 1992 3501; baseline -0.003 -14"><span class='ocrx_word' id='word_1_452' title='bbox 426 3430 587 3493; x_wconf 75' lang='lat' dir='ltr'><strong>trum,</strong></span> <span class='ocrx_word' id='word_1_453' title='bbox 626 3449 678 3500; x_wconf 91' lang='lat' dir='ltr'><strong>p.</strong></span> <span class='ocrx_word' id='word_1_454' title='bbox 706 3431 813 3485; x_wconf 67' lang='grc'>765</span> <span class='ocrx_word' id='word_1_455' title='bbox 838 3447 953 3501; x_wconf 87' lang='lat' dir='ltr'><strong>seq.</strong></span> <span class='ocrx_word' id='word_1_456' title='bbox 988 3430 1413 3501; x_wconf 78' lang='lat' dir='ltr'><strong>Emendationes</strong></span> <span class='ocrx_word' id='word_1_457' title='bbox 1434 3430 1700 3501; x_wconf 23' lang='lat' dir='ltr'><strong>ASalmasii</strong></span> <span class='ocrx_word' id='word_1_458' title='bbox 1737 3447 1800 3483; x_wconf 82' lang='lat' dir='ltr'><strong>ex</strong></span> <span class='ocrx_word' id='word_1_459' title='bbox 1833 3433 1992 3485; x_wconf 89' lang='lat' dir='ltr'><strong>codd.</strong></span> 
     </span>
    </p>
   </div>
   <div class='ocr_carea' id='block_1_64' title="bbox 422 3499 1995 3557">
    <p class='ocr_par' dir='ltr' id='par_1_64' title="bbox 422 3499 1995 3557">
     <span class='ocr_line' id='line_1_64' title="bbox 422 3499 1995 3557; baseline -0.001 -1"><span class='ocrx_word' id='word_1_460' title='bbox 422 3499 685 3557; x_wconf 85' lang='lat' dir='ltr'><strong>Palatinis</strong></span> <span class='ocrx_word' id='word_1_461' title='bbox 714 3518 765 3555; x_wconf 88' lang='lat' dir='ltr'><strong>tv</strong></span> <span class='ocrx_word' id='word_1_462' title='bbox 797 3499 932 3555; x_wconf 80' lang='lat' dir='ltr'><strong>cum</strong></span> <span class='ocrx_word' id='word_1_463' title='bbox 978 3501 1150 3553; x_wconf 89' lang='lat' dir='ltr'><strong>Conr.</strong></span> <span class='ocrx_word' id='word_1_464' title='bbox 1208 3499 1355 3555; x_wconf 89' lang='lat' dir='ltr'><strong>Sam.</strong></span> <span class='ocrx_word' id='word_1_465' title='bbox 1425 3499 1889 3554; x_wconf 77' lang='lat' dir='ltr'><strong>Schurtzlleischii</strong></span> <span class='ocrx_word' id='word_1_466' title='bbox 1931 3503 1995 3554; x_wconf 88' lang='lat' dir='ltr'><strong>ad</strong></span> 
     </span>
    </p>
   </div>
   <div class='ocr_carea' id='block_1_65' title="bbox 424 3570 1996 3627">
    <p class='ocr_par' dir='ltr' id='par_1_65' title="bbox 424 3570 1996 3627">
     <span class='ocr_line' id='line_1_65' title="bbox 424 3570 1996 3627; baseline -0.001 0"><span class='ocrx_word' id='word_1_467' title='bbox 424 3572 643 3627; x_wconf 77' lang='lat' dir='ltr'><strong>Eusebii</strong></span> <span class='ocrx_word' id='word_1_468' title='bbox 696 3571 892 3626; x_wconf 85' lang='lat' dir='ltr'><strong>Chron.</strong></span> <span class='ocrx_word' id='word_1_469' title='bbox 952 3571 1429 3625; x_wconf 88' lang='lat' dir='ltr'><strong>observationibus</strong></span> <span class='ocrx_word' id='word_1_470' title='bbox 1491 3570 1661 3625; x_wconf 90' lang='lat' dir='ltr'><strong>edidit</strong></span> <span class='ocrx_word' id='word_1_471' title='bbox 1708 3570 1875 3625; x_wconf 86' lang='lat' dir='ltr'><strong>frater</strong></span> <span class='ocrx_word' id='word_1_472' title='bbox 1924 3572 1996 3625; x_wconf 85' lang='grc' dir='ltr'><strong>Ι).</strong></span> 
     </span>
    </p>
   </div>
   <div class='ocr_carea' id='block_1_66' title="bbox 428 3639 1996 3704">
    <p class='ocr_par' dir='ltr' id='par_1_66' title="bbox 428 3639 1996 3704">
     <span class='ocr_line' id='line_1_66' title="bbox 428 3639 1996 3704; baseline -0.003 -5"><span class='ocrx_word' id='word_1_473' title='bbox 428 3644 597 3699; x_wconf 90' lang='lat' dir='ltr'><strong>Henr.</strong></span> <span class='ocrx_word' id='word_1_474' title='bbox 628 3641 985 3696; x_wconf 88' lang='lat' dir='ltr'><strong>Leonhardus</strong></span> <span class='ocrx_word' id='word_1_475' title='bbox 1039 3640 1574 3702; x_wconf 73' lang='lat' dir='ltr'><strong>Schurtzﬂeisehius,</strong></span> <span class='ocrx_word' id='word_1_476' title='bbox 1610 3639 1808 3695; x_wconf 82' lang='lat' dir='ltr'><strong>\Viteb.</strong></span> <span class='ocrx_word' id='word_1_477' title='bbox 1840 3642 1996 3704; x_wconf 73' lang='lat'><strong>1712,</strong></span> 
     </span>
    </p>
   </div>
   <div class='ocr_carea' id='block_1_67' title="bbox 424 3712 2001 3786">
    <p class='ocr_par' dir='ltr' id='par_1_67' title="bbox 424 3712 2001 3786">
     <span class='ocr_line' id='line_1_67' title="bbox 424 3712 2001 3786; baseline -0.003 -18"><span class='ocrx_word' id='word_1_478' title='bbox 424 3716 457 3786; x_wconf 56' lang='lat' dir='ltr'><strong>gl</strong></span> <span class='ocrx_word' id='word_1_479' title='bbox 499 3713 609 3786; x_wconf 64' lang='lat' dir='ltr'><strong>[ed.</strong></span> <span class='ocrx_word' id='word_1_480' title='bbox 629 3712 1018 3786; x_wconf 75' lang='lat' dir='ltr'><strong>_It__correctior</strong></span> <span class='ocrx_word' id='word_1_481' title='bbox 1039 3719 1340 3786; x_wconf 83' lang='lat' dir='ltr'><strong>et._access._</strong></span> <span class='ocrx_word' id='word_1_482' title='bbox 1379 3713 1743 3786; x_wconf 76' lang='lat' dir='ltr'><strong>supplementi</strong></span> <span class='ocrx_word' id='word_1_483' title='bbox 1789 3713 2001 3786; x_wconf 70' lang='lat' dir='ltr'><strong>auctior</strong></span> 
     </span>
    </p>
   </div>
   <div class='ocr_carea' id='block_1_68' title="bbox 425 3780 1999 3854">
    <p class='ocr_par' dir='ltr' id='par_1_68' title="bbox 425 3780 1999 3854">
     <span class='ocr_line' id='line_1_68' title="bbox 425 3780 1999 3854; baseline -0.002 -17"><span class='ocrx_word' id='word_1_484' title='bbox 425 3780 563 3839; x_wconf 66' lang='lat' dir='ltr'><strong>lenia:</strong></span> <span class='ocrx_word' id='word_1_485' title='bbox 592 3783 750 3849; x_wconf 79' lang='grc'>1715,</span> <span class='ocrx_word' id='word_1_486' title='bbox 784 3782 841 3854; x_wconf 66' lang='lat' dir='ltr'><strong>lt]</strong></span> <span class='ocrx_word' id='word_1_487' title='bbox 872 3785 926 3835; x_wconf 91' lang='lat' dir='ltr'><strong>in</strong></span> <span class='ocrx_word' id='word_1_488' title='bbox 958 3780 1147 3854; x_wconf 77' lang='lat' dir='ltr'><strong>notitia</strong></span> <span class='ocrx_word' id='word_1_489' title='bbox 1170 3780 1488 3854; x_wconf 75' lang='lat' dir='ltr'><strong>principalis</strong></span> <span class='ocrx_word' id='word_1_490' title='bbox 1522 3780 1866 3854; x_wconf 76' lang='lat' dir='ltr'><strong>bibliothecae</strong></span> <span class='ocrx_word' id='word_1_491' title='bbox 1903 3781 1999 3834; x_wconf 90' lang='lat' dir='ltr'><strong>Vi-</strong></span> 
     </span>
    </p>
   </div>
   <div class='ocr_carea' id='block_1_69' title="bbox 428 3851 1998 3923">
    <p class='ocr_par' dir='ltr' id='par_1_69' title="bbox 428 3851 1998 3923">
     <span class='ocr_line' id='line_1_69' title="bbox 428 3851 1998 3923; baseline -0.002 -15"><span class='ocrx_word' id='word_1_492' title='bbox 428 3854 719 3917; x_wconf 87' lang='lat' dir='ltr'><strong>nariensis,</strong></span> <span class='ocrx_word' id='word_1_493' title='bbox 748 3855 803 3907; x_wconf 92' lang='lat' dir='ltr'><strong>in</strong></span> <span class='ocrx_word' id='word_1_494' title='bbox 826 3851 994 3923; x_wconf 74' lang='lat' dir='ltr'><strong>quam</strong></span> <span class='ocrx_word' id='word_1_495' title='bbox 1022 3851 1190 3905; x_wconf 87' lang='lat' dir='ltr'><strong>editio</strong></span> <span class='ocrx_word' id='word_1_496' title='bbox 1236 3851 1412 3923; x_wconf 80' lang='lat' dir='ltr'><strong>Lugd.</strong></span> <span class='ocrx_word' id='word_1_497' title='bbox 1434 3851 1560 3923; x_wconf 67' lang='lat' dir='ltr'><strong>Bat.</strong></span> <span class='ocrx_word' id='word_1_498' title='bbox 1623 3851 1784 3923; x_wconf 73' lang='grc'>1606,</span> <span class='ocrx_word' id='word_1_499' title='bbox 1826 3867 1998 3923; x_wconf 87' lang='lat' dir='ltr'><strong>manu</strong></span> 
     </span>
    </p>
   </div>
   <div class='ocr_carea' id='block_1_70' title="bbox 428 3921 1989 3990">
    <p class='ocr_par' dir='ltr' id='par_1_70' title="bbox 428 3921 1989 3990">
     <span class='ocr_line' id='line_1_70' title="bbox 428 3921 1989 3990; baseline -0.003 -11"><span class='ocrx_word' id='word_1_500' title='bbox 428 3924 681 3979; x_wconf 87' lang='lat' dir='ltr'><strong>Salmasii</strong></span> <span class='ocrx_word' id='word_1_501' title='bbox 713 3921 920 3987; x_wconf 75' lang='lat' dir='ltr'><strong>notata,</strong></span> <span class='ocrx_word' id='word_1_502' title='bbox 943 3924 1191 3990; x_wconf 78' lang='lat' dir='ltr'><strong>pervertit</strong></span> <span class='ocrx_word' id='word_1_503' title='bbox 1233 3937 1299 3976; x_wconf 80' lang='lat' dir='ltr'><strong>ex</strong></span> <span class='ocrx_word' id='word_1_504' title='bbox 1336 3921 1663 3976; x_wconf 85' lang='lat' dir='ltr'><strong>bibliotheca</strong></span> <span class='ocrx_word' id='word_1_505' title='bbox 1719 3921 1989 3976; x_wconf 90' lang='lat' dir='ltr'><strong>Gudiana.</strong></span> 
     </span>
    </p>
   </div>
   <div class='ocr_carea' id='block_1_71' title="bbox 429 3991 2001 4051">
    <p class='ocr_par' dir='ltr' id='par_1_71' title="bbox 429 3991 2001 4051">
     <span class='ocr_line' id='line_1_71' title="bbox 429 3991 2001 4051; baseline -0.002 -1"><span class='ocrx_word' id='word_1_506' title='bbox 429 3997 573 4051; x_wconf 86' lang='lat' dir='ltr'><strong>Inter</strong></span> <span class='ocrx_word' id='word_1_507' title='bbox 596 3995 814 4050; x_wconf 84' lang='lat' dir='ltr'><strong>codices</strong></span> <span class='ocrx_word' id='word_1_508' title='bbox 832 3992 1088 4048; x_wconf 91' lang='lat' dir='ltr'><strong>ls.Vossii</strong></span> <span class='ocrx_word' id='word_1_509' title='bbox 1114 4008 1237 4045; x_wconf 90' lang='lat' dir='ltr'><strong>cum</strong></span> <span class='ocrx_word' id='word_1_510' title='bbox 1264 4007 1398 4046; x_wconf 85' lang='lat' dir='ltr'><strong>mss.</strong></span> <span class='ocrx_word' id='word_1_511' title='bbox 1419 3992 1646 4046; x_wconf 87' lang='lat' dir='ltr'><strong>collatos</strong></span> <span class='ocrx_word' id='word_1_512' title='bbox 1662 3991 2001 4047; x_wconf 89' lang='lat' dir='ltr'><strong>Colomesius</strong></span> 
     </span>
    </p>
   </div>
   <div class='ocr_carea' id='block_1_72' title="bbox 430 4060 2001 4121">
    <p class='ocr_par' dir='ltr' id='par_1_72' title="bbox 430 4060 2001 4121">
     <span class='ocr_line' id='line_1_72' title="bbox 430 4060 2001 4121; baseline -0.003 -2"><span class='ocrx_word' id='word_1_513' title='bbox 430 4082 484 4119; x_wconf 91' lang='lat' dir='ltr'><strong>n.</strong></span> <span class='ocrx_word' id='word_1_514' title='bbox 525 4066 551 4118; x_wconf 93' lang='grc'><strong>1</strong></span> <span class='ocrx_word' id='word_1_515' title='bbox 588 4072 852 4121; x_wconf 77' lang='lat' dir='ltr'><strong>memorat</strong></span> <span class='ocrx_word' id='word_1_516' title='bbox 879 4064 1172 4120; x_wconf 78' lang='lat' dir='ltr'><strong>Chroniron</strong></span> <span class='ocrx_word' id='word_1_517' title='bbox 1195 4060 1563 4115; x_wconf 87' lang='lat' dir='ltr'><strong>Eusebianum</strong></span> <span class='ocrx_word' id='word_1_518' title='bbox 1590 4063 1847 4116; x_wconf 89' lang='lat' dir='ltr'><strong>editionis</strong></span> <span class='ocrx_word' id='word_1_519' title='bbox 1868 4061 2001 4116; x_wconf 78' lang='lat' dir='ltr'><strong>Sca-</strong></span> 
     </span>
    </p>
   </div>
   <div class='ocr_carea' id='block_1_73' title="bbox 428 4131 2000 4206">
    <p class='ocr_par' dir='ltr' id='par_1_73' title="bbox 428 4131 2000 4206">
     <span class='ocr_line' id='line_1_73' title="bbox 428 4131 2000 4206; baseline -0.001 -18"><span class='ocrx_word' id='word_1_520' title='bbox 428 4136 720 4204; x_wconf 67' lang='lat' dir='ltr'><strong>ligerianaz,</strong></span> <span class='ocrx_word' id='word_1_521' title='bbox 735 4135 878 4206; x_wconf 89' lang='lat' dir='ltr'><strong>quod</strong></span> <span class='ocrx_word' id='word_1_522' title='bbox 896 4148 1019 4189; x_wconf 92' lang='lat' dir='ltr'><strong>cum</strong></span> <span class='ocrx_word' id='word_1_523' title='bbox 1038 4148 1165 4187; x_wconf 90' lang='lat' dir='ltr'><strong>mss.</strong></span> <span class='ocrx_word' id='word_1_524' title='bbox 1187 4133 1754 4206; x_wconf 55' lang='lat' dir='ltr'><strong>commisitcorpelius</strong></span> <span class='ocrx_word' id='word_1_525' title='bbox 1772 4131 2000 4206; x_wconf 87' lang='lat' dir='ltr'><strong>Tollius.</strong></span> 
     </span>
    </p>
   </div>
   <div class='ocr_carea' id='block_1_74' title="bbox 432 4203 2001 4261">
    <p class='ocr_par' dir='ltr' id='par_1_74' title="bbox 432 4203 2001 4261">
     <span class='ocr_line' id='line_1_74' title="bbox 432 4203 2001 4261; baseline -0.001 -2"><span class='ocrx_word' id='word_1_526' title='bbox 432 4203 671 4261; x_wconf 67' lang='lat' dir='ltr'><strong>Bochelli</strong></span> <span class='ocrx_word' id='word_1_527' title='bbox 693 4203 990 4261; x_wconf 83' lang='lat' dir='ltr'><strong>observatt.</strong></span> <span class='ocrx_word' id='word_1_528' title='bbox 1007 4219 1142 4258; x_wconf 89' lang='lat' dir='ltr'><strong>mss.</strong></span> <span class='ocrx_word' id='word_1_529' title='bbox 1162 4203 1452 4257; x_wconf 84' lang='lat' dir='ltr'><strong>chronicas</strong></span> <span class='ocrx_word' id='word_1_530' title='bbox 1474 4203 1541 4257; x_wconf 89' lang='lat' dir='ltr'><strong>ad</strong></span> <span class='ocrx_word' id='word_1_531' title='bbox 1561 4203 1853 4257; x_wconf 84' lang='lat' dir='ltr'><strong>Eusebium</strong></span> <span class='ocrx_word' id='word_1_532' title='bbox 1882 4205 2001 4257; x_wconf 89' lang='lat' dir='ltr'><strong>lau-</strong></span> 
     </span>
    </p>
   </div>
   <div class='ocr_carea' id='block_1_75' title="bbox 429 4271 2006 4346">
    <p class='ocr_par' dir='ltr' id='par_1_75' title="bbox 429 4271 2006 4346">
     <span class='ocr_line' id='line_1_75' title="bbox 429 4271 2006 4346; baseline -0.002 -17"><span class='ocrx_word' id='word_1_533' title='bbox 429 4276 522 4346; x_wconf 85' lang='lat' dir='ltr'><strong>dat</strong></span> <span class='ocrx_word' id='word_1_534' title='bbox 539 4276 910 4346; x_wconf 86' lang='lat' dir='ltr'><strong>Berneggerus</strong></span> <span class='ocrx_word' id='word_1_535' title='bbox 928 4276 993 4328; x_wconf 92' lang='lat' dir='ltr'><strong>ad</strong></span> <span class='ocrx_word' id='word_1_536' title='bbox 1023 4273 1222 4346; x_wconf 85' lang='lat' dir='ltr'><strong>Justini</strong></span> <span class='ocrx_word' id='word_1_537' title='bbox 1241 4274 1361 4346; x_wconf 81' lang='lat' dir='ltr'><strong>libr.</strong></span> <span class='ocrx_word' id='word_1_538' title='bbox 1383 4289 1673 4346; x_wconf 61' lang='lat' dir='ltr'><strong>svttt,_cap.</strong></span> <span class='ocrx_word' id='word_1_539' title='bbox 1693 4273 1743 4326; x_wconf 83' lang='grc'>6.</span> <span class='ocrx_word' id='word_1_540' title='bbox 1765 4271 2006 4346; x_wconf 51' lang='grc' dir='ltr'>ΗΒΕ,-</span> 
     </span>
    </p>
   </div>
   <div class='ocr_carea' id='block_1_76' title="bbox 432 4342 2004 4416">
    <p class='ocr_par' dir='ltr' id='par_1_76' title="bbox 432 4342 2004 4416">
     <span class='ocr_line' id='line_1_76' title="bbox 432 4342 2004 4416; baseline -0.002 -16"><span class='ocrx_word' id='word_1_541' title='bbox 432 4345 589 4402; x_wconf 91' lang='lat' dir='ltr'><strong>Prior</strong></span> <span class='ocrx_word' id='word_1_542' title='bbox 607 4342 790 4416; x_wconf 72' lang='lat' dir='ltr'><strong>aperis</strong></span> <span class='ocrx_word' id='word_1_543' title='bbox 812 4343 1360 4416; x_wconf 77' lang='lat' dir='ltr'><strong>Scaligeriani_edi_tio</strong></span> <span class='ocrx_word' id='word_1_544' title='bbox 1391 4342 1684 4416; x_wconf 73' lang='lat' dir='ltr'><strong>inscripta</strong></span> <span class='ocrx_word' id='word_1_545' title='bbox 1712 4350 1835 4416; x_wconf 3' lang='lat' dir='ltr'><strong>est):</strong></span> <span class='ocrx_word' id='word_1_546' title='bbox 1867 4343 2004 4398; x_wconf 89' lang='lat' dir='ltr'><strong>The-</strong></span> 
     </span>
    </p>
   </div>
   <div class='ocr_carea' id='block_1_77' title="bbox 433 4412 2000 4486">
    <p class='ocr_par' dir='ltr' id='par_1_77' title="bbox 433 4412 2000 4486">
     <span class='ocr_line' id='line_1_77' title="bbox 433 4412 2000 4486; baseline -0.001 -17"><span class='ocrx_word' id='word_1_547' title='bbox 433 4434 622 4472; x_wconf 88' lang='lat' dir='ltr'><strong>saurus</strong></span> <span class='ocrx_word' id='word_1_548' title='bbox 647 4412 985 4486; x_wconf 40' lang='lat' dir='ltr'><strong>temporum:</strong></span> <span class='ocrx_word' id='word_1_549' title='bbox 1022 4412 1237 4486; x_wconf 81' lang='lat' dir='ltr'><strong>Eusebii</strong></span> <span class='ocrx_word' id='word_1_550' title='bbox 1254 4412 1520 4486; x_wconf 79' lang='lat' dir='ltr'><strong>Pamphili</strong></span> <span class='ocrx_word' id='word_1_551' title='bbox 1636 4414 2000 4486; x_wconf 79' lang='lat' dir='ltr'><strong>chronicorum</strong></span> 
     </span>
    </p>
   </div>
   <div class='ocr_carea' id='block_1_78' title="bbox 434 4482 2007 4552">
    <p class='ocr_par' dir='ltr' id='par_1_78' title="bbox 434 4482 2007 4552">
     <span class='ocr_line' id='line_1_78' title="bbox 434 4482 2007 4552; baseline 0 -13"><span class='ocrx_word' id='word_1_552' title='bbox 434 4503 690 4541; x_wconf 79' lang='lat' dir='ltr'><strong>canonum</strong></span> <span class='ocrx_word' id='word_1_553' title='bbox 722 4482 1037 4541; x_wconf 69' lang='lat' dir='ltr'><strong>omnimodis</strong></span> <span class='ocrx_word' id='word_1_554' title='bbox 1074 4485 1310 4538; x_wconf 76' lang='lat' dir='ltr'><strong>historia:</strong></span> <span class='ocrx_word' id='word_1_555' title='bbox 1358 4482 1480 4536; x_wconf 86' lang='lat' dir='ltr'><strong>libri</strong></span> <span class='ocrx_word' id='word_1_556' title='bbox 1546 4483 1672 4544; x_wconf 86' lang='lat' dir='ltr'><strong>duo,</strong></span> <span class='ocrx_word' id='word_1_557' title='bbox 1729 4485 2007 4552; x_wconf 79' lang='lat' dir='ltr'><strong>interprete</strong></span> 
     </span>
    </p>
   </div>
   <div class='ocr_carea' id='block_1_79' title="bbox 2099 3296 3669 3363">
    <p class='ocr_par' dir='ltr' id='par_1_79' title="bbox 2099 3296 3669 3363">
     <span class='ocr_line' id='line_1_79' title="bbox 2099 3296 3669 3363; baseline -0.003 -8"><span class='ocrx_word' id='word_1_558' title='bbox 2099 3297 2513 3355; x_wconf 86' lang='lat' dir='ltr'><strong>observationes</strong></span> <span class='ocrx_word' id='word_1_559' title='bbox 2537 3296 2793 3354; x_wconf 86' lang='lat' dir='ltr'><strong>reddidit.</strong></span> <span class='ocrx_word' id='word_1_560' title='bbox 2808 3296 3014 3351; x_wconf 71' lang='lat' dir='ltr'><strong>Praater</strong></span> <span class='ocrx_word' id='word_1_561' title='bbox 3027 3310 3088 3351; x_wconf 92' lang='lat' dir='ltr'><strong>ea</strong></span> <span class='ocrx_word' id='word_1_562' title='bbox 3104 3296 3507 3363; x_wconf 86' lang='lat' dir='ltr'><strong>animadvertit,</strong></span> <span class='ocrx_word' id='word_1_563' title='bbox 3529 3309 3669 3363; x_wconf 87' lang='lat' dir='ltr'><strong>opus</strong></span> 
     </span>
    </p>
   </div>
   <div class='ocr_carea' id='block_1_80' title="bbox 2100 3364 3669 3438">
    <p class='ocr_par' dir='ltr' id='par_1_80' title="bbox 2100 3364 3669 3438">
     <span class='ocr_line' id='line_1_80' title="bbox 2100 3364 3669 3438; baseline -0.005 -15"><span class='ocrx_word' id='word_1_564' title='bbox 2100 3368 2321 3438; x_wconf 88' lang='lat' dir='ltr'><strong>quidem</strong></span> <span class='ocrx_word' id='word_1_565' title='bbox 2357 3384 2387 3421; x_wconf 91' lang='lat' dir='ltr'><strong>a</strong></span> <span class='ocrx_word' id='word_1_566' title='bbox 2406 3366 2594 3438; x_wconf 85' lang='lat' dir='ltr'><strong>multis</strong></span> <span class='ocrx_word' id='word_1_567' title='bbox 2614 3365 2727 3438; x_wconf 59' lang='grc' dir='ltr'><strong>νγ.</strong></span> <span class='ocrx_word' id='word_1_568' title='bbox 2750 3369 2856 3423; x_wconf 91' lang='lat' dir='ltr'><strong>DD.</strong></span> <span class='ocrx_word' id='word_1_569' title='bbox 2880 3370 3029 3420; x_wconf 86' lang='lat' dir='ltr'><strong>recte</strong></span> <span class='ocrx_word' id='word_1_570' title='bbox 3051 3378 3174 3420; x_wconf 87' lang='lat' dir='ltr'><strong>esse</strong></span> <span class='ocrx_word' id='word_1_571' title='bbox 3200 3364 3477 3438; x_wconf 74' lang='lat' dir='ltr'><strong>laudatum</strong></span> <span class='ocrx_word' id='word_1_572' title='bbox 3503 3382 3517 3428; x_wconf 91' lang='lat'><strong>;</strong></span> <span class='ocrx_word' id='word_1_573' title='bbox 3553 3364 3669 3438; x_wconf 65' lang='lat' dir='ltr'><strong>Hu-</strong></span> 
     </span>
    </p>
   </div>
   <div class='ocr_carea' id='block_1_81' title="bbox 2101 3433 3665 3509">
    <p class='ocr_par' dir='ltr' id='par_1_81' title="bbox 2101 3433 3665 3509">
     <span class='ocr_line' id='line_1_81' title="bbox 2101 3433 3665 3509; baseline -0.003 -18"><span class='ocrx_word' id='word_1_574' title='bbox 2101 3433 2314 3509; x_wconf 81' lang='lat' dir='ltr'><strong>pertum</strong></span> <span class='ocrx_word' id='word_1_575' title='bbox 2344 3445 2526 3509; x_wconf 86' lang='lat' dir='ltr'><strong>tamen</strong></span> <span class='ocrx_word' id='word_1_576' title='bbox 2557 3436 2612 3490; x_wconf 91' lang='lat' dir='ltr'><strong>in</strong></span> <span class='ocrx_word' id='word_1_577' title='bbox 2646 3435 2796 3509; x_wconf 74' lang='lat' dir='ltr'><strong>0bs_s.</strong></span> <span class='ocrx_word' id='word_1_578' title='bbox 2833 3438 2886 3509; x_wconf 77' lang='lat' dir='ltr'><strong>in</strong></span> <span class='ocrx_word' id='word_1_579' title='bbox 2928 3449 3136 3509; x_wconf 70' lang='lat' dir='ltr'><strong>sgnops.</strong></span> <span class='ocrx_word' id='word_1_580' title='bbox 3194 3435 3386 3488; x_wconf 85' lang='lat' dir='ltr'><strong>minor.</strong></span> <span class='ocrx_word' id='word_1_581' title='bbox 3432 3433 3665 3495; x_wconf 83' lang='lat' dir='ltr'><strong>Besoldi,</strong></span> 
     </span>
    </p>
   </div>
   <div class='ocr_carea' id='block_1_82' title="bbox 2101 3503 3670 3579">
    <p class='ocr_par' dir='ltr' id='par_1_82' title="bbox 2101 3503 3670 3579">
     <span class='ocr_line' id='line_1_82' title="bbox 2101 3503 3670 3579; baseline -0.002 -20"><span class='ocrx_word' id='word_1_582' title='bbox 2101 3503 2152 3579; x_wconf 83' lang='lat' dir='ltr'><strong>p.</strong></span> <span class='ocrx_word' id='word_1_583' title='bbox 2187 3508 2313 3569; x_wconf 83' lang='grc'>578,</span> <span class='ocrx_word' id='word_1_584' title='bbox 2357 3506 2670 3579; x_wconf 79' lang='lat' dir='ltr'><strong>adnotasse,</strong></span> <span class='ocrx_word' id='word_1_585' title='bbox 2731 3503 3065 3579; x_wconf 79' lang='lat' dir='ltr'><strong>Scaligerum</strong></span> <span class='ocrx_word' id='word_1_586' title='bbox 3118 3505 3175 3579; x_wconf 79' lang='lat' dir='ltr'><strong>in</strong></span> <span class='ocrx_word' id='word_1_587' title='bbox 3227 3511 3526 3579; x_wconf 69' lang='lat' dir='ltr'><strong>senectute,</strong></span> <span class='ocrx_word' id='word_1_588' title='bbox 3556 3519 3670 3557; x_wconf 84' lang='lat' dir='ltr'><strong>me-</strong></span> 
     </span>
    </p>
   </div>
   <div class='ocr_carea' id='block_1_83' title="bbox 2102 3574 3671 3641">
    <p class='ocr_par' dir='ltr' id='par_1_83' title="bbox 2102 3574 3671 3641">
     <span class='ocr_line' id='line_1_83' title="bbox 2102 3574 3671 3641; baseline -0.004 -10"><span class='ocrx_word' id='word_1_589' title='bbox 2102 3574 2272 3632; x_wconf 82' lang='lat' dir='ltr'><strong>inoria</strong></span> <span class='ocrx_word' id='word_1_590' title='bbox 2294 3592 2393 3631; x_wconf 88' lang='lat' dir='ltr'><strong>sua</strong></span> <span class='ocrx_word' id='word_1_591' title='bbox 2424 3577 2642 3641; x_wconf 87' lang='lat' dir='ltr'><strong>fretum,</strong></span> <span class='ocrx_word' id='word_1_592' title='bbox 2683 3591 2789 3629; x_wconf 88' lang='lat' dir='ltr'><strong>non</strong></span> <span class='ocrx_word' id='word_1_593' title='bbox 2821 3574 3089 3629; x_wconf 90' lang='lat' dir='ltr'><strong>consultis</strong></span> <span class='ocrx_word' id='word_1_594' title='bbox 3119 3575 3328 3628; x_wconf 91' lang='lat' dir='ltr'><strong>diutius</strong></span> <span class='ocrx_word' id='word_1_595' title='bbox 3366 3574 3543 3635; x_wconf 91' lang='lat' dir='ltr'><strong>libris,</strong></span> <span class='ocrx_word' id='word_1_596' title='bbox 3586 3590 3671 3625; x_wconf 81' lang='lat' dir='ltr'><strong>ra-</strong></span> 
     </span>
    </p>
   </div>
   <div class='ocr_carea' id='block_1_84' title="bbox 2103 3644 3671 3715">
    <p class='ocr_par' dir='ltr' id='par_1_84' title="bbox 2103 3644 3671 3715">
     <span class='ocr_line' id='line_1_84' title="bbox 2103 3644 3671 3715; baseline -0.004 -14"><span class='ocrx_word' id='word_1_597' title='bbox 2103 3649 2247 3702; x_wconf 90' lang='lat' dir='ltr'><strong>lamo</strong></span> <span class='ocrx_word' id='word_1_598' title='bbox 2276 3662 2434 3703; x_wconf 90' lang='lat' dir='ltr'><strong>usum</strong></span> <span class='ocrx_word' id='word_1_599' title='bbox 2465 3663 2608 3707; x_wconf 89' lang='lat' dir='ltr'><strong>esse,</strong></span> <span class='ocrx_word' id='word_1_600' title='bbox 2642 3657 2804 3715; x_wconf 90' lang='lat' dir='ltr'><strong>atque</strong></span> <span class='ocrx_word' id='word_1_601' title='bbox 2824 3646 2904 3698; x_wconf 90' lang='lat' dir='ltr'><strong>sic</strong></span> <span class='ocrx_word' id='word_1_602' title='bbox 2936 3645 3097 3697; x_wconf 87' lang='lat' dir='ltr'><strong>etiam</strong></span> <span class='ocrx_word' id='word_1_603' title='bbox 3128 3644 3181 3697; x_wconf 91' lang='lat' dir='ltr'><strong>in</strong></span> <span class='ocrx_word' id='word_1_604' title='bbox 3206 3658 3369 3715; x_wconf 87' lang='lat' dir='ltr'><strong>opc_r_e</strong></span> <span class='ocrx_word' id='word_1_605' title='bbox 3393 3644 3671 3715; x_wconf 76' lang='lat' dir='ltr'><strong>Eusebia-</strong></span> 
     </span>
    </p>
   </div>
   <div class='ocr_carea' id='block_1_85' title="bbox 2102 3711 3672 3771">
    <p class='ocr_par' dir='ltr' id='par_1_85' title="bbox 2102 3711 3672 3771">
     <span class='ocr_line' id='line_1_85' title="bbox 2102 3711 3672 3771; baseline -0.002 0"><span class='ocrx_word' id='word_1_606' title='bbox 2102 3734 2173 3771; x_wconf 91' lang='lat' dir='ltr'><strong>no</strong></span> <span class='ocrx_word' id='word_1_607' title='bbox 2209 3718 2407 3770; x_wconf 88' lang='lat' dir='ltr'><strong>multas</strong></span> <span class='ocrx_word' id='word_1_608' title='bbox 2434 3711 2777 3771; x_wconf 75' lang='lat' dir='ltr'><strong>commisisse</strong></span> <span class='ocrx_word' id='word_1_609' title='bbox 2801 3711 3272 3768; x_wconf 74' lang='lat' dir='ltr'><strong>hallucinationes.</strong></span> <span class='ocrx_word' id='word_1_610' title='bbox 3298 3711 3466 3768; x_wconf 84' lang='lat' dir='ltr'><strong>Multo</strong></span> <span class='ocrx_word' id='word_1_611' title='bbox 3490 3715 3672 3769; x_wconf 84' lang='lat' dir='ltr'><strong>acrius</strong></span> 
     </span>
    </p>
   </div>
   <div class='ocr_carea' id='block_1_86' title="bbox 2096 3780 3670 3858">
    <p class='ocr_par' dir='ltr' id='par_1_86' title="bbox 2096 3780 3670 3858">
     <span class='ocr_line' id='line_1_86' title="bbox 2096 3780 3670 3858; baseline -0.001 -18"><span class='ocrx_word' id='word_1_612' title='bbox 2096 3788 2365 3858; x_wconf 86' lang='lat' dir='ltr'><strong>judicavit</strong></span> <span class='ocrx_word' id='word_1_613' title='bbox 2394 3786 2756 3858; x_wconf 88' lang='lat' dir='ltr'><strong>Hieronymus</strong></span> <span class='ocrx_word' id='word_1_614' title='bbox 2789 3784 2856 3838; x_wconf 86' lang='lat' dir='ltr'><strong>de</strong></span> <span class='ocrx_word' id='word_1_615' title='bbox 2885 3784 3148 3858; x_wconf 22' lang='lat' dir='ltr'><strong>Pratoﬁin</strong></span> <span class='ocrx_word' id='word_1_616' title='bbox 3176 3783 3315 3858; x_wconf 81' lang='lat' dir='ltr'><strong>Diss_</strong></span> <span class='ocrx_word' id='word_1_617' title='bbox 3350 3783 3413 3837; x_wconf 89' lang='lat' dir='ltr'><strong>de</strong></span> <span class='ocrx_word' id='word_1_618' title='bbox 3445 3780 3670 3838; x_wconf 80' lang='lat' dir='ltr'><strong>Chroni-</strong></span> 
     </span>
    </p>
   </div>
   <div class='ocr_carea' id='block_1_87' title="bbox 2102 3854 3672 3926">
    <p class='ocr_par' dir='ltr' id='par_1_87' title="bbox 2102 3854 3672 3926">
     <span class='ocr_line' id='line_1_87' title="bbox 2102 3854 3672 3926; baseline -0.002 -15"><span class='ocrx_word' id='word_1_619' title='bbox 2102 3854 2178 3912; x_wconf 73' lang='lat' dir='ltr'><strong>eis</strong></span> <span class='ocrx_word' id='word_1_620' title='bbox 2208 3858 2386 3920; x_wconf 82' lang='lat' dir='ltr'><strong>libris,</strong></span> <span class='ocrx_word' id='word_1_621' title='bbox 2410 3854 2935 3926; x_wconf 19' lang='lat' dir='ltr'><strong>,supra&#39;memorata,</strong></span> <span class='ocrx_word' id='word_1_622' title='bbox 2968 3870 3022 3923; x_wconf 94' lang='lat' dir='ltr'><strong>p.</strong></span> <span class='ocrx_word' id='word_1_623' title='bbox 3051 3855 3178 3916; x_wconf 79' lang='lat'><strong>559,</strong></span> <span class='ocrx_word' id='word_1_624' title='bbox 3214 3856 3281 3908; x_wconf 88' lang='lat' dir='ltr'><strong>de</strong></span> <span class='ocrx_word' id='word_1_625' title='bbox 3304 3854 3408 3909; x_wconf 90' lang='lat' dir='ltr'><strong>hoc</strong></span> <span class='ocrx_word' id='word_1_626' title='bbox 3428 3869 3591 3926; x_wconf 85' lang='lat' dir='ltr'><strong>opere</strong></span> <span class='ocrx_word' id='word_1_627' title='bbox 3612 3867 3672 3908; x_wconf 87' lang='lat' dir='ltr'><strong>et</strong></span> 
     </span>
    </p>
   </div>
   <div class='ocr_carea' id='block_1_88' title="bbox 2098 3925 3672 3996">
    <p class='ocr_par' dir='ltr' id='par_1_88' title="bbox 2098 3925 3672 3996">
     <span class='ocr_line' id='line_1_88' title="bbox 2098 3925 3672 3996; baseline -0.001 -15"><span class='ocrx_word' id='word_1_628' title='bbox 2098 3929 2365 3996; x_wconf 88' lang='lat' dir='ltr'><strong>jactantia</strong></span> <span class='ocrx_word' id='word_1_629' title='bbox 2398 3925 2684 3996; x_wconf 32' lang='lat' dir='ltr'><strong>Sea’ligeri,</strong></span> <span class='ocrx_word' id='word_1_630' title='bbox 2732 3941 2894 3995; x_wconf 90' lang='lat' dir='ltr'><strong>quem</strong></span> <span class='ocrx_word' id='word_1_631' title='bbox 2954 3926 3272 3994; x_wconf 89' lang='lat' dir='ltr'><strong>pronuntiat</strong></span> <span class='ocrx_word' id='word_1_632' title='bbox 3324 3925 3561 3994; x_wconf 83' lang='lat' dir='ltr'><strong>pessime</strong></span> <span class='ocrx_word' id='word_1_633' title='bbox 3604 3928 3672 3979; x_wconf 88' lang='lat' dir='ltr'><strong>de</strong></span> 
     </span>
    </p>
   </div>
   <div class='ocr_carea' id='block_1_89' title="bbox 2103 3996 3672 4065">
    <p class='ocr_par' dir='ltr' id='par_1_89' title="bbox 2103 3996 3672 4065">
     <span class='ocr_line' id='line_1_89' title="bbox 2103 3996 3672 4065; baseline -0.002 -14"><span class='ocrx_word' id='word_1_634' title='bbox 2103 3998 2339 4053; x_wconf 85' lang='lat' dir='ltr'><strong>Eusebio</strong></span> <span class='ocrx_word' id='word_1_635' title='bbox 2396 4014 2519 4053; x_wconf 88' lang='lat' dir='ltr'><strong>esse</strong></span> <span class='ocrx_word' id='word_1_636' title='bbox 2574 3997 2848 4061; x_wconf 86' lang='lat' dir='ltr'><strong>meritum,</strong></span> <span class='ocrx_word' id='word_1_637' title='bbox 2884 3996 3309 4065; x_wconf 15' lang='lat' dir='ltr'><strong>ieiqueimultos</strong></span> <span class='ocrx_word' id='word_1_638' title='bbox 3361 3996 3567 4050; x_wconf 91' lang='lat' dir='ltr'><strong>alienos</strong></span> <span class='ocrx_word' id='word_1_639' title='bbox 3618 4005 3672 4050; x_wconf 86' lang='lat' dir='ltr'><strong>et</strong></span> 
     </span>
    </p>
   </div>
   <div class='ocr_carea' id='block_1_90' title="bbox 2104 4064 3669 4137">
    <p class='ocr_par' dir='ltr' id='par_1_90' title="bbox 2104 4064 3669 4137">
     <span class='ocr_line' id='line_1_90' title="bbox 2104 4064 3669 4137; baseline -0.002 -16"><span class='ocrx_word' id='word_1_640' title='bbox 2104 4069 2441 4123; x_wconf 89' lang='lat' dir='ltr'><strong>adulterinos</strong></span> <span class='ocrx_word' id='word_1_641' title='bbox 2465 4069 2817 4137; x_wconf 87' lang='lat' dir='ltr'><strong>supposuisse</strong></span> <span class='ocrx_word' id='word_1_642' title='bbox 2874 4064 3033 4119; x_wconf 86' lang='lat' dir='ltr'><strong>fetus.</strong></span> <span class='ocrx_word' id='word_1_643' title='bbox 3068 4064 3309 4135; x_wconf 83' lang='lat' dir='ltr'><strong>Longam</strong></span> <span class='ocrx_word' id='word_1_644' title='bbox 3333 4075 3412 4137; x_wconf 20' lang='lat' dir='ltr'><strong>iet</strong></span> <span class='ocrx_word' id='word_1_645' title='bbox 3454 4080 3669 4137; x_wconf 84' lang='lat' dir='ltr'><strong>gravem</strong></span> 
     </span>
    </p>
   </div>
   <div class='ocr_carea' id='block_1_91' title="bbox 2104 4135 3671 4206">
    <p class='ocr_par' dir='ltr' id='par_1_91' title="bbox 2104 4135 3671 4206">
     <span class='ocr_line' id='line_1_91' title="bbox 2104 4135 3671 4206; baseline -0.003 -14"><span class='ocrx_word' id='word_1_646' title='bbox 2104 4153 2391 4194; x_wconf 89' lang='lat' dir='ltr'><strong>censuram</strong></span> <span class='ocrx_word' id='word_1_647' title='bbox 2426 4135 2963 4205; x_wconf 74' lang='lat' dir='ltr'><strong>excerpsitClément</strong></span> <span class='ocrx_word' id='word_1_648' title='bbox 2998 4137 3027 4191; x_wconf 94' lang='lat' dir='ltr'><strong>l.</strong></span> <span class='ocrx_word' id='word_1_649' title='bbox 3056 4151 3105 4191; x_wconf 91' lang='lat' dir='ltr'><strong>c.</strong></span> <span class='ocrx_word' id='word_1_650' title='bbox 3136 4153 3260 4206; x_wconf 89' lang='lat' dir='ltr'><strong>pag.</strong></span> <span class='ocrx_word' id='word_1_651' title='bbox 3288 4136 3394 4191; x_wconf 89' lang='grc'>180</span> <span class='ocrx_word' id='word_1_652' title='bbox 3457 4150 3541 4205; x_wconf 90' lang='lat' dir='ltr'><strong>sq.</strong></span> <span class='ocrx_word' id='word_1_653' title='bbox 3581 4135 3671 4189; x_wconf 90' lang='lat' dir='ltr'><strong>ubi</strong></span> 
     </span>
    </p>
   </div>
   <div class='ocr_carea' id='block_1_92' title="bbox 2105 4206 3672 4279">
    <p class='ocr_par' dir='ltr' id='par_1_92' title="bbox 2105 4206 3672 4279">
     <span class='ocr_line' id='line_1_92' title="bbox 2105 4206 3672 4279; baseline -0.003 -17"><span class='ocrx_word' id='word_1_654' title='bbox 2105 4225 2133 4262; x_wconf 90' lang='lat' dir='ltr'><strong>a</strong></span> <span class='ocrx_word' id='word_1_655' title='bbox 2163 4225 2283 4279; x_wconf 83' lang='lat' dir='ltr'><strong>pag.</strong></span> <span class='ocrx_word' id='word_1_656' title='bbox 2313 4208 2415 4262; x_wconf 91' lang='grc'><strong>176</strong></span> <span class='ocrx_word' id='word_1_657' title='bbox 2444 4216 2497 4263; x_wconf 93' lang='lat' dir='ltr'><strong>et</strong></span> <span class='ocrx_word' id='word_1_658' title='bbox 2520 4210 2756 4277; x_wconf 91' lang='lat' dir='ltr'><strong>priorem</strong></span> <span class='ocrx_word' id='word_1_659' title='bbox 2795 4215 2848 4261; x_wconf 91' lang='lat' dir='ltr'><strong>et</strong></span> <span class='ocrx_word' id='word_1_660' title='bbox 2873 4206 3448 4279; x_wconf 8' lang='lat' dir='ltr'><strong>posterioremgoperis</strong></span> <span class='ocrx_word' id='word_1_661' title='bbox 3499 4206 3672 4260; x_wconf 83' lang='lat' dir='ltr'><strong>Scali-</strong></span> 
     </span>
    </p>
   </div>
   <div class='ocr_carea' id='block_1_93' title="bbox 2140 4277 3672 4348">
    <p class='ocr_par' dir='ltr' id='par_1_93' title="bbox 2140 4277 3672 4348">
     <span class='ocr_line' id='line_1_93' title="bbox 2140 4277 3672 4348; baseline -0.003 -15"><span class='ocrx_word' id='word_1_662' title='bbox 2140 4277 2308 4333; x_wconf 80' lang='lat' dir='ltr'><strong>eriani</strong></span> <span class='ocrx_word' id='word_1_663' title='bbox 2337 4280 2465 4333; x_wconf 91' lang='lat' dir='ltr'><strong>edit.</strong></span> <span class='ocrx_word' id='word_1_664' title='bbox 2492 4278 2714 4348; x_wconf 89' lang='lat' dir='ltr'><strong>copiose</strong></span> <span class='ocrx_word' id='word_1_665' title='bbox 2747 4279 3038 4348; x_wconf 86' lang='lat' dir='ltr'><strong>recensuit.</strong></span> <span class='ocrx_word' id='word_1_666' title='bbox 3072 4277 3387 4348; x_wconf 77' lang='lat' dir='ltr'><strong>notavitque</strong></span> <span class='ocrx_word' id='word_1_667' title='bbox 3430 4290 3672 4348; x_wconf 85' lang='lat' dir='ltr'><strong>errorem</strong></span> 
     </span>
    </p>
   </div>
   <div class='ocr_carea' id='block_1_94' title="bbox 2104 4295 3674 4418">
    <p class='ocr_par' dir='ltr' id='par_1_94' title="bbox 2104 4295 3674 4418">
     <span class='ocr_line' id='line_1_94' title="bbox 2140 4295 3672 4348; baseline -0.003 -15"><span class='ocrx_word' id='word_1_668' title='bbox 2140 4295 2308 4333; x_wconf 86' lang='lat' dir='ltr'><strong>ertam</strong></span> <span class='ocrx_word' id='word_1_669' title='bbox 2337 4295 2465 4333; x_wconf 68' lang='lat' dir='ltr'><strong>euut.</strong></span> <span class='ocrx_word' id='word_1_670' title='bbox 2492 4295 2714 4348; x_wconf 77' lang='lat' dir='ltr'><strong>copiose</strong></span> <span class='ocrx_word' id='word_1_671' title='bbox 2747 4295 3038 4335; x_wconf 81' lang='lat' dir='ltr'><strong>recensuu.</strong></span> <span class='ocrx_word' id='word_1_672' title='bbox 3072 4295 3387 4347; x_wconf 74' lang='lat' dir='ltr'><strong>&quot;oravitque</strong></span> <span class='ocrx_word' id='word_1_673' title='bbox 3430 4295 3672 4330; x_wconf 87' lang='lat' dir='ltr'><strong>errorem</strong></span> 
     </span>
     <span class='ocr_line' id='line_1_95' title="bbox 2104 4295 3674 4418; baseline -0.004 -14"><span class='ocrx_word' id='word_1_674' title='bbox 2104 4295 2191 4404; x_wconf 49' lang='grc' dir='ltr'><strong>ἕο.</strong></span> <span class='ocrx_word' id='word_1_675' title='bbox 2226 4348 2392 4403; x_wconf 89' lang='lat' dir='ltr'><strong>Henr.</strong></span> <span class='ocrx_word' id='word_1_676' title='bbox 2424 4348 2749 4418; x_wconf 87' lang='lat' dir='ltr'><strong>Hottingeri,</strong></span> <span class='ocrx_word' id='word_1_677' title='bbox 2775 4347 2867 4418; x_wconf 85' lang='lat' dir='ltr'><strong>qui</strong></span> <span class='ocrx_word' id='word_1_678' title='bbox 2886 4348 2956 4418; x_wconf 71' lang='lat' dir='ltr'><strong>in</strong></span> <span class='ocrx_word' id='word_1_679' title='bbox 2998 4346 3408 4418; x_wconf 69' lang='lat' dir='ltr'><strong>Bibliothecario</strong></span> <span class='ocrx_word' id='word_1_680' title='bbox 3458 4346 3674 4418; x_wconf 83' lang='lat' dir='ltr'><strong>quadri-</strong></span> 
     </span>
    </p>
   </div>
   <div class='ocr_carea' id='block_1_95' title="bbox 2108 4416 3675 4490">
    <p class='ocr_par' dir='ltr' id='par_1_95' title="bbox 2108 4416 3675 4490">
     <span class='ocr_line' id='line_1_96' title="bbox 2108 4416 3675 4490; baseline -0.001 -21"><span class='ocrx_word' id='word_1_681' title='bbox 2108 4421 2326 4489; x_wconf 80' lang='lat' dir='ltr'><strong>partito,</strong></span> <span class='ocrx_word' id='word_1_682' title='bbox 2358 4435 2411 4490; x_wconf 91' lang='lat' dir='ltr'><strong>p.</strong></span> <span class='ocrx_word' id='word_1_683' title='bbox 2444 4419 2570 4486; x_wconf 80' lang='grc'>515,</span> <span class='ocrx_word' id='word_1_684' title='bbox 2602 4416 3137 4490; x_wconf 57' lang='lat' dir='ltr'><strong>donfuditScaligeri</strong></span> <span class='ocrx_word' id='word_1_685' title='bbox 3166 4417 3405 4490; x_wconf 62' lang='lat' dir='ltr'><strong>opuspe</strong></span> <span class='ocrx_word' id='word_1_686' title='bbox 3431 4416 3675 4469; x_wconf 85' lang='lat' dir='ltr'><strong>emenda-</strong></span> 
     </span>
    </p>
   </div>
   <div class='ocr_carea' id='block_1_96' title="bbox 2114 4487 3675 4559">
    <p class='ocr_par' dir='ltr' id='par_1_96' title="bbox 2114 4487 3675 4559">
     <span class='ocr_line' id='line_1_97' title="bbox 2114 4487 3675 4559; baseline -0.003 -17"><span class='ocrx_word' id='word_1_687' title='bbox 2114 4487 2565 4559; x_wconf 42' lang='lat' dir='ltr'><strong>tione&#39;temporum</strong></span> <span class='ocrx_word' id='word_1_688' title='bbox 2597 4489 2793 4547; x_wconf 83' lang='lat' dir='ltr'><strong>(Paris.</strong></span> <span class='ocrx_word' id='word_1_689' title='bbox 2830 4489 2985 4551; x_wconf 81' lang='grc'>1585,</span> <span class='ocrx_word' id='word_1_690' title='bbox 3011 4487 3192 4543; x_wconf 68' lang='lat' dir='ltr'><strong>Leidae</strong></span> <span class='ocrx_word' id='word_1_691' title='bbox 3225 4487 3383 4547; x_wconf 72' lang='lat'><strong>1598,</strong></span> <span class='ocrx_word' id='word_1_692' title='bbox 3410 4493 3463 4540; x_wconf 90' lang='lat' dir='ltr'><strong>ct</strong></span> <span class='ocrx_word' id='word_1_693' title='bbox 3489 4501 3553 4540; x_wconf 77' lang='lat' dir='ltr'><strong>ex</strong></span> <span class='ocrx_word' id='word_1_694' title='bbox 3584 4502 3675 4538; x_wconf 87' lang='lat' dir='ltr'><strong>au-</strong></span> 
     </span>
    </p>
   </div>
   <div class='ocr_carea' id='block_1_97' title="bbox 438 4536 3677 4630">
    <p class='ocr_par' dir='ltr' id='par_1_97' title="bbox 438 4536 3677 4630">
     <span class='ocr_line' id='line_1_98' title="bbox 438 4536 3677 4630; baseline -0.003 -10"><span class='ocrx_word' id='word_1_695' title='bbox 438 4556 777 4630; x_wconf 68' lang='lat' dir='ltr'><strong>Hieronyme.</strong></span> <span class='ocrx_word' id='word_1_696' title='bbox 812 4574 875 4613; x_wconf 79' lang='lat' dir='ltr'><strong>ea:</strong></span> <span class='ocrx_word' id='word_1_697' title='bbox 894 4558 998 4626; x_wconf 77' lang='lat' dir='ltr'><strong>ﬁde</strong></span> <span class='ocrx_word' id='word_1_698' title='bbox 1027 4555 1503 4630; x_wconf 60' lang='lat' dir='ltr'><strong>vetustissimorum</strong></span> <span class='ocrx_word' id='word_1_699' title='bbox 1529 4555 1763 4630; x_wconf 70' lang='lat' dir='ltr'><strong>codicum</strong></span> <span class='ocrx_word' id='word_1_700' title='bbox 1787 4536 2009 4630; x_wconf 59' lang='lat' dir='ltr'><strong>cas&#39;tiga-</strong></span> <span class='ocrx_word' id='word_1_701' title='bbox 2038 4536 2083 4591; x_wconf 72' lang='grc' dir='ltr'>θ</span> <span class='ocrx_word' id='word_1_702' title='bbox 2110 4561 2276 4614; x_wconf 89' lang='lat' dir='ltr'><strong>ctoris</strong></span> <span class='ocrx_word' id='word_1_703' title='bbox 2324 4536 2530 4630; x_wconf 46' lang='lat' dir='ltr'><strong>ipsius“.</strong></span> <span class='ocrx_word' id='word_1_704' title='bbox 2549 4536 2694 4619; x_wconf 70' lang='lat' dir='ltr'><strong>iusto</strong></span> <span class='ocrx_word' id='word_1_705' title='bbox 2737 4536 3677 4630; x_wconf 33' lang='lat' dir='ltr'><strong>Acin—citdatiit‘s&#39;“magnaque:acces-</strong></span> 
     </span>
    </p>
   </div>
   <div class='ocr_carea' id='block_1_98' title="bbox 438 4623 2008 4683">
    <p class='ocr_par' dir='ltr' id='par_1_98' title="bbox 438 4623 2008 4683">
     <span class='ocr_line' id='line_1_99' title="bbox 438 4623 2008 4683; baseline 0 -5"><span class='ocrx_word' id='word_1_706' title='bbox 438 4629 496 4683; x_wconf 88' lang='lat' dir='ltr'><strong>ti.</strong></span> <span class='ocrx_word' id='word_1_707' title='bbox 529 4623 664 4681; x_wconf 77' lang='lat' dir='ltr'><strong>Item</strong></span> <span class='ocrx_word' id='word_1_708' title='bbox 688 4623 924 4682; x_wconf 82' lang='lat' dir='ltr'><strong>auctores</strong></span> <span class='ocrx_word' id='word_1_709' title='bbox 961 4643 1137 4682; x_wconf 84' lang='lat' dir='ltr'><strong>omnes</strong></span> <span class='ocrx_word' id='word_1_710' title='bbox 1167 4624 1416 4677; x_wconf 82' lang='lat' dir='ltr'><strong>derelicta</strong></span> <span class='ocrx_word' id='word_1_711' title='bbox 1451 4624 1514 4678; x_wconf 91' lang='lat' dir='ltr'><strong>ab</strong></span> <span class='ocrx_word' id='word_1_712' title='bbox 1540 4623 1762 4677; x_wconf 83' lang='lat' dir='ltr'><strong>Eusebio</strong></span> <span class='ocrx_word' id='word_1_713' title='bbox 1784 4634 1831 4677; x_wconf 89' lang='lat' dir='ltr'><strong>et</strong></span> <span class='ocrx_word' id='word_1_714' title='bbox 1880 4623 2008 4678; x_wconf 80' lang='lat' dir='ltr'><strong>Ilie-</strong></span> 
     </span>
    </p>
   </div>
   <div class='ocr_carea' id='block_1_99' title="bbox 435 4693 2007 4768">
    <p class='ocr_par' dir='ltr' id='par_1_99' title="bbox 435 4693 2007 4768">
     <span class='ocr_line' id='line_1_100' title="bbox 435 4693 2007 4768; baseline -0.001 -19"><span class='ocrx_word' id='word_1_715' title='bbox 435 4714 654 4768; x_wconf 85' lang='lat' dir='ltr'><strong>ronymo</strong></span> <span class='ocrx_word' id='word_1_716' title='bbox 678 4700 1063 4752; x_wconf 88' lang='lat' dir='ltr'><strong>continuantes.</strong></span> <span class='ocrx_word' id='word_1_717' title='bbox 1100 4695 1345 4768; x_wconf 78' lang='lat' dir='ltr'><strong>Ejusdem</strong></span> <span class='ocrx_word' id='word_1_718' title='bbox 1376 4693 2007 4768; x_wconf 60' lang='lat' dir='ltr'><strong>Eusebiiutriusquepar-</strong></span> 
     </span>
    </p>
   </div>
   <div class='ocr_carea' id='block_1_100' title="bbox 436 4763 2006 4835">
    <p class='ocr_par' dir='ltr' id='par_1_100' title="bbox 436 4763 2006 4835">
     <span class='ocr_line' id='line_1_101' title="bbox 436 4763 2006 4835; baseline -0.001 -15"><span class='ocrx_word' id='word_1_719' title='bbox 436 4770 502 4822; x_wconf 90' lang='lat' dir='ltr'><strong>tis</strong></span> <span class='ocrx_word' id='word_1_720' title='bbox 533 4763 895 4821; x_wconf 76' lang='lat' dir='ltr'><strong>chronicorum</strong></span> <span class='ocrx_word' id='word_1_721' title='bbox 930 4763 1191 4821; x_wconf 83' lang='lat' dir='ltr'><strong>canonum</strong></span> <span class='ocrx_word' id='word_1_722' title='bbox 1235 4766 1471 4835; x_wconf 78' lang='lat' dir='ltr'><strong>reliquiw</strong></span> <span class='ocrx_word' id='word_1_723' title='bbox 1504 4763 1721 4829; x_wconf 69' lang='grc' dir='ltr'><strong>σταται,</strong></span> <span class='ocrx_word' id='word_1_724' title='bbox 1750 4782 1865 4835; x_wconf 77' lang='lat' dir='ltr'><strong>qua:</strong></span> <span class='ocrx_word' id='word_1_725' title='bbox 1894 4766 2006 4818; x_wconf 82' lang='lat' dir='ltr'><strong>col—</strong></span> 
     </span>
    </p>
   </div>
   <div class='ocr_carea' id='block_1_101' title="bbox 434 4835 2003 4910">
    <p class='ocr_par' dir='ltr' id='par_1_101' title="bbox 434 4835 2003 4910">
     <span class='ocr_line' id='line_1_102' title="bbox 434 4835 2003 4910; baseline -0.001 -19"><span class='ocrx_word' id='word_1_726' title='bbox 434 4839 529 4910; x_wconf 77' lang='lat' dir='ltr'><strong>ligi</strong></span> <span class='ocrx_word' id='word_1_727' title='bbox 551 4847 851 4910; x_wconf 73' lang='lat' dir='ltr'><strong>potuerunt,</strong></span> <span class='ocrx_word' id='word_1_728' title='bbox 880 4840 1107 4910; x_wconf 82' lang='lat' dir='ltr'><strong>antehac</strong></span> <span class='ocrx_word' id='word_1_729' title='bbox 1137 4853 1237 4889; x_wconf 89' lang='lat' dir='ltr'><strong>non</strong></span> <span class='ocrx_word' id='word_1_730' title='bbox 1278 4835 1464 4910; x_wconf 61' lang='lat' dir='ltr'><strong>edita}.</strong></span> <span class='ocrx_word' id='word_1_731' title='bbox 1504 4841 1714 4910; x_wconf 80' lang='lat' dir='ltr'><strong>&#39;0p_era__</strong></span> <span class='ocrx_word' id='word_1_732' title='bbox 1733 4853 1795 4889; x_wconf 84' lang='lat' dir='ltr'><strong>ac</strong></span> <span class='ocrx_word' id='word_1_733' title='bbox 1816 4835 2003 4910; x_wconf 76' lang='lat' dir='ltr'><strong>studio</strong></span> 
     </span>
    </p>
   </div>
   <div class='ocr_carea' id='block_1_102' title="bbox 431 4906 2004 4978">
    <p class='ocr_par' dir='ltr' id='par_1_102' title="bbox 431 4906 2004 4978">
     <span class='ocr_line' id='line_1_103' title="bbox 431 4906 2004 4978; baseline -0.002 -16"><span class='ocrx_word' id='word_1_734' title='bbox 431 4906 807 4978; x_wconf 77' lang='lat' dir='ltr'><strong>Josep/tilusti</strong></span> <span class='ocrx_word' id='word_1_735' title='bbox 867 4909 1141 4978; x_wconf 83' lang='lat' dir='ltr'><strong>Scaligeri.</strong></span> <span class='ocrx_word' id='word_1_736' title='bbox 1176 4939 1244 4947; x_wconf 90' lang='lat'><strong>——-</strong></span> <span class='ocrx_word' id='word_1_737' title='bbox 1272 4906 1519 4974; x_wconf 76' lang='lat' dir='ltr'><strong>Ejusdem</strong></span> <span class='ocrx_word' id='word_1_738' title='bbox 1571 4906 1827 4978; x_wconf 82' lang='lat' dir='ltr'><strong>Scaligeri</strong></span> <span class='ocrx_word' id='word_1_739' title='bbox 1867 4917 2004 4959; x_wconf 80' lang='lat' dir='ltr'><strong>nota:</strong></span> 
     </span>
    </p>
   </div>
   <div class='ocr_carea' id='block_1_103' title="bbox 431 4977 2004 5050">
    <p class='ocr_par' dir='ltr' id='par_1_103' title="bbox 431 4977 2004 5050">
     <span class='ocr_line' id='line_1_104' title="bbox 431 4977 2004 5050; baseline -0.003 -16"><span class='ocrx_word' id='word_1_740' title='bbox 431 4990 478 5034; x_wconf 84' lang='lat' dir='ltr'><strong>et</strong></span> <span class='ocrx_word' id='word_1_741' title='bbox 510 4981 960 5050; x_wconf 64' lang='lat' dir='ltr'><strong>castigationesin</strong></span> <span class='ocrx_word' id='word_1_742' title='bbox 992 4977 1241 5050; x_wconf 83' lang='lat' dir='ltr'><strong>Latina_m</strong></span> <span class='ocrx_word' id='word_1_743' title='bbox 1274 4977 1581 5050; x_wconf 78' lang='lat' dir='ltr'><strong>Hierongmi</strong></span> <span class='ocrx_word' id='word_1_744' title='bbox 1615 4978 2004 5050; x_wconf 37' lang='lat' dir='ltr'><strong>interpretatio:</strong></span> 
     </span>
    </p>
   </div>
   <div class='ocr_carea' id='block_1_104' title="bbox 434 5045 2004 5117">
    <p class='ocr_par' dir='ltr' id='par_1_104' title="bbox 434 5045 2004 5117">
     <span class='ocr_line' id='line_1_105' title="bbox 434 5045 2004 5117; baseline -0.001 -15"><span class='ocrx_word' id='word_1_745' title='bbox 434 5066 550 5104; x_wconf 87' lang='lat' dir='ltr'><strong>nem</strong></span> <span class='ocrx_word' id='word_1_746' title='bbox 580 5045 848 5105; x_wconf 53' lang='lat' dir='ltr'><strong>et&#39;Graeca</strong></span> <span class='ocrx_word' id='word_1_747' title='bbox 873 5049 1108 5104; x_wconf 86' lang='lat' dir='ltr'><strong>Eusebii.</strong></span> <span class='ocrx_word' id='word_1_748' title='bbox 1163 5047 1415 5117; x_wconf 84' lang='lat' dir='ltr'><strong>Ejusdem</strong></span> <span class='ocrx_word' id='word_1_749' title='bbox 1474 5045 1688 5113; x_wconf 83' lang='lat' dir='ltr'><strong>Josephi</strong></span> <span class='ocrx_word' id='word_1_750' title='bbox 1746 5047 2004 5116; x_wconf 82' lang='lat' dir='ltr'><strong>Scaligeri</strong></span> 
     </span>
    </p>
   </div>
   <div class='ocr_carea' id='block_1_105' title="bbox 439 5118 1997 5191">
    <p class='ocr_par' dir='ltr' id='par_1_105' title="bbox 439 5118 1997 5191">
     <span class='ocr_line' id='line_1_106' title="bbox 439 5118 1997 5191; baseline -0.002 -18"><span class='ocrx_word' id='word_1_751' title='bbox 439 5118 832 5191; x_wconf 69' lang='lat' dir='ltr'><strong>Isagogicorum</strong></span> <span class='ocrx_word' id='word_1_752' title='bbox 863 5120 1210 5191; x_wconf 73' lang='lat' dir='ltr'><strong>chronologite</strong></span> <span class='ocrx_word' id='word_1_753' title='bbox 1266 5133 1527 5191; x_wconf 87' lang='lat' dir='ltr'><strong>canonum</strong></span> <span class='ocrx_word' id='word_1_754' title='bbox 1574 5118 1708 5191; x_wconf 83' lang='lat' dir='ltr'><strong>libri</strong></span> <span class='ocrx_word' id='word_1_755' title='bbox 1750 5128 1883 5191; x_wconf 80' lang='lat' dir='ltr'><strong>tres,</strong></span> <span class='ocrx_word' id='word_1_756' title='bbox 1929 5120 1997 5170; x_wconf 80' lang='lat' dir='ltr'><strong>ad</strong></span> 
     </span>
    </p>
   </div>
   <div class='ocr_carea' id='block_1_106' title="bbox 439 5188 2001 5272">
    <p class='ocr_par' dir='ltr' id='par_1_106' title="bbox 439 5188 2001 5272">
     <span class='ocr_line' id='line_1_107' title="bbox 439 5188 2001 5272; baseline -0.001 -29"><span class='ocrx_word' id='word_1_757' title='bbox 439 5188 650 5272; x_wconf 34' lang='lat' dir='ltr'><strong>Euseb-ii</strong></span> <span class='ocrx_word' id='word_1_758' title='bbox 678 5191 941 5272; x_wconf 75' lang='lat' dir='ltr'><strong>Chronica</strong></span> <span class='ocrx_word' id='word_1_759' title='bbox 961 5200 1010 5272; x_wconf 52' lang='lat' dir='ltr'><strong>e&#39;t</strong></span> <span class='ocrx_word' id='word_1_760' title='bbox 1040 5189 1337 5272; x_wconf 54' lang='lat' dir='ltr'><strong>doctripam</strong></span> <span class='ocrx_word' id='word_1_761' title='bbox 1361 5188 1424 5242; x_wconf 90' lang='lat' dir='ltr'><strong>de</strong></span> <span class='ocrx_word' id='word_1_762' title='bbox 1470 5188 2001 5272; x_wconf 60' lang='lat' dir='ltr'><strong>temporibnsnadmo-</strong></span> 
     </span>
    </p>
   </div>
   <div class='ocr_carea' id='block_1_107' title="bbox 437 5258 1997 5331">
    <p class='ocr_par' dir='ltr' id='par_1_107' title="bbox 437 5258 1997 5331">
     <span class='ocr_line' id='line_1_108' title="bbox 437 5258 1997 5331; baseline 0.001 -19"><span class='ocrx_word' id='word_1_763' title='bbox 437 5262 559 5314; x_wconf 89' lang='lat' dir='ltr'><strong>dum</strong></span> <span class='ocrx_word' id='word_1_764' title='bbox 620 5263 919 5316; x_wconf 87' lang='lat' dir='ltr'><strong>necessarii.</strong></span> <span class='ocrx_word' id='word_1_765' title='bbox 973 5260 1140 5331; x_wconf 82' lang='lat' dir='ltr'><strong>Lugd.</strong></span> <span class='ocrx_word' id='word_1_766' title='bbox 1180 5258 1329 5331; x_wconf 71' lang='lat' dir='ltr'><strong>_Bat.</strong></span> <span class='ocrx_word' id='word_1_767' title='bbox 1376 5274 1489 5331; x_wconf 52' lang='lat' dir='ltr'><strong>exc.</strong></span> <span class='ocrx_word' id='word_1_768' title='bbox 1542 5258 1725 5331; x_wconf 82' lang='lat' dir='ltr'><strong>Thom.</strong></span> <span class='ocrx_word' id='word_1_769' title='bbox 1770 5259 1997 5314; x_wconf 86' lang='lat' dir='ltr'><strong>Basson.</strong></span> 
     </span>
    </p>
   </div>
   <div class='ocr_carea' id='block_1_108' title="bbox 438 5329 2001 5400">
    <p class='ocr_par' dir='ltr' id='par_1_108' title="bbox 438 5329 2001 5400">
     <span class='ocr_line' id='line_1_109' title="bbox 438 5329 2001 5400; baseline -0.003 -12"><span class='ocrx_word' id='word_1_770' title='bbox 438 5342 629 5400; x_wconf 78' lang='lat' dir='ltr'><strong>sumpt.</strong></span> <span class='ocrx_word' id='word_1_771' title='bbox 662 5329 1221 5393; x_wconf 6' lang='lat' dir='ltr'><strong>Commelinor.91606,</strong></span> <span class='ocrx_word' id='word_1_772' title='bbox 1255 5329 1348 5399; x_wconf 84' lang='lat' dir='ltr'><strong>fol.</strong></span> <span class='ocrx_word' id='word_1_773' title='bbox 1381 5329 1531 5382; x_wconf 76' lang='lat' dir='ltr'><strong>llanc</strong></span> <span class='ocrx_word' id='word_1_774' title='bbox 1548 5330 1634 5383; x_wconf 81' lang='lat' dir='ltr'><strong>ed.</strong></span> <span class='ocrx_word' id='word_1_775' title='bbox 1659 5331 1863 5400; x_wconf 76' lang='lat' dir='ltr'><strong>minus</strong></span> <span class='ocrx_word' id='word_1_776' title='bbox 1896 5330 2001 5384; x_wconf 83' lang='lat' dir='ltr'><strong>fre—</strong></span> 
     </span>
    </p>
   </div>
   <div class='ocr_carea' id='block_1_109' title="bbox 437 5398 1999 5470">
    <p class='ocr_par' dir='ltr' id='par_1_109' title="bbox 437 5398 1999 5470">
     <span class='ocr_line' id='line_1_110' title="bbox 437 5398 1999 5470; baseline -0.001 -16"><span class='ocrx_word' id='word_1_777' title='bbox 437 5398 691 5470; x_wconf 79' lang='lat' dir='ltr'><strong>quentem</strong></span> <span class='ocrx_word' id='word_1_778' title='bbox 719 5405 946 5458; x_wconf 88' lang='lat' dir='ltr'><strong>uberius</strong></span> <span class='ocrx_word' id='word_1_779' title='bbox 976 5398 1259 5456; x_wconf 90' lang='lat' dir='ltr'><strong>recensuit</strong></span> <span class='ocrx_word' id='word_1_780' title='bbox 1281 5407 1336 5454; x_wconf 83' lang='lat' dir='ltr'><strong>et</strong></span> <span class='ocrx_word' id='word_1_781' title='bbox 1359 5401 1522 5452; x_wconf 78' lang='lat' dir='ltr'><strong>vitam</strong></span> <span class='ocrx_word' id='word_1_782' title='bbox 1562 5398 1875 5469; x_wconf 86' lang='lat' dir='ltr'><strong>scriptaque.</strong></span> <span class='ocrx_word' id='word_1_783' title='bbox 1903 5416 1999 5454; x_wconf 90' lang='lat' dir='ltr'><strong>eo-</strong></span> 
     </span>
    </p>
   </div>
   <div class='ocr_carea' id='block_1_110' title="bbox 440 5470 2000 5541">
    <p class='ocr_par' dir='ltr' id='par_1_110' title="bbox 440 5470 2000 5541">
     <span class='ocr_line' id='line_1_111' title="bbox 440 5470 2000 5541; baseline 0.001 -18"><span class='ocrx_word' id='word_1_784' title='bbox 440 5488 557 5524; x_wconf 89' lang='lat' dir='ltr'><strong>rum</strong></span> <span class='ocrx_word' id='word_1_785' title='bbox 588 5490 818 5541; x_wconf 89' lang='lat' dir='ltr'><strong>quorum</strong></span> <span class='ocrx_word' id='word_1_786' title='bbox 858 5474 980 5527; x_wconf 88' lang='lat' dir='ltr'><strong>libri</strong></span> <span class='ocrx_word' id='word_1_787' title='bbox 1005 5474 1056 5526; x_wconf 87' lang='lat' dir='ltr'><strong>in</strong></span> <span class='ocrx_word' id='word_1_788' title='bbox 1082 5470 1512 5541; x_wconf 79' lang='lat' dir='ltr'><strong>haecolleclionc</strong></span> <span class='ocrx_word' id='word_1_789' title='bbox 1534 5470 2000 5539; x_wconf 87' lang='lat' dir='ltr'><strong>comprehendun-</strong></span> 
     </span>
    </p>
   </div>
   <div class='ocr_carea' id='block_1_111' title="bbox 438 5539 1998 5612">
    <p class='ocr_par' dir='ltr' id='par_1_111' title="bbox 438 5539 1998 5612">
     <span class='ocr_line' id='line_1_112' title="bbox 438 5539 1998 5612; baseline 0.001 -19"><span class='ocrx_word' id='word_1_790' title='bbox 438 5553 545 5606; x_wconf 72' lang='lat' dir='ltr'><strong>tur,</strong></span> <span class='ocrx_word' id='word_1_791' title='bbox 579 5539 823 5612; x_wconf 76' lang='lat' dir='ltr'><strong>exceptis</strong></span> <span class='ocrx_word' id='word_1_792' title='bbox 852 5543 1085 5597; x_wconf 87' lang='lat' dir='ltr'><strong>Eusebio</strong></span> <span class='ocrx_word' id='word_1_793' title='bbox 1111 5549 1271 5612; x_wconf 83' lang='lat' dir='ltr'><strong>atque</strong></span> <span class='ocrx_word' id='word_1_794' title='bbox 1304 5539 1998 5612; x_wconf 72' lang='lat' dir='ltr'><strong>Hieronymo,persecutus</strong></span> 
     </span>
    </p>
   </div>
   <div class='ocr_carea' id='block_1_112' title="bbox 438 5610 1994 5673">
    <p class='ocr_par' dir='ltr' id='par_1_112' title="bbox 438 5610 1994 5673">
     <span class='ocr_line' id='line_1_113' title="bbox 438 5610 1994 5673; baseline -0.002 -7"><span class='ocrx_word' id='word_1_795' title='bbox 438 5613 622 5667; x_wconf 75' lang='lat' dir='ltr'><strong>estlo.</strong></span> <span class='ocrx_word' id='word_1_796' title='bbox 676 5610 957 5669; x_wconf 71' lang='lat' dir='ltr'><strong>Fabricius</strong></span> <span class='ocrx_word' id='word_1_797' title='bbox 994 5615 1048 5667; x_wconf 90' lang='lat' dir='ltr'><strong>in</strong></span> <span class='ocrx_word' id='word_1_798' title='bbox 1076 5611 1316 5664; x_wconf 80' lang='lat' dir='ltr'><strong>Historia</strong></span> <span class='ocrx_word' id='word_1_799' title='bbox 1346 5610 1470 5663; x_wconf 90' lang='lat' dir='ltr'><strong>bibl.</strong></span> <span class='ocrx_word' id='word_1_800' title='bbox 1507 5610 1746 5673; x_wconf 81' lang='lat' dir='ltr'><strong>Fabric.,</strong></span> <span class='ocrx_word' id='word_1_801' title='bbox 1778 5619 1887 5663; x_wconf 90' lang='lat' dir='ltr'><strong>tom</strong></span> <span class='ocrx_word' id='word_1_802' title='bbox 1931 5610 1994 5672; x_wconf 89' lang='lat' dir='ltr'><strong>ll,</strong></span> 
     </span>
    </p>
   </div>
   <div class='ocr_carea' id='block_1_113' title="bbox 439 5679 1996 5756">
    <p class='ocr_par' dir='ltr' id='par_1_113' title="bbox 439 5679 1996 5756">
     <span class='ocr_line' id='line_1_114' title="bbox 439 5679 1996 5756; baseline -0.003 -19"><span class='ocrx_word' id='word_1_803' title='bbox 439 5700 491 5752; x_wconf 86' lang='lat' dir='ltr'><strong>p.</strong></span> <span class='ocrx_word' id='word_1_804' title='bbox 529 5684 633 5738; x_wconf 83' lang='lat'><strong>575</strong></span> <span class='ocrx_word' id='word_1_805' title='bbox 668 5701 787 5756; x_wconf 89' lang='lat' dir='ltr'><strong>sqq.</strong></span> <span class='ocrx_word' id='word_1_806' title='bbox 837 5684 1005 5756; x_wconf 10' lang='lat' dir='ltr'><strong>Idem,</strong></span> <span class='ocrx_word' id='word_1_807' title='bbox 1034 5680 1296 5756; x_wconf 81' lang='lat' dir='ltr'><strong>quasdam</strong></span> <span class='ocrx_word' id='word_1_808' title='bbox 1345 5679 1879 5756; x_wconf 43' lang='lat' dir='ltr'><strong>partimﬁonringii,</strong></span> <span class='ocrx_word' id='word_1_809' title='bbox 1930 5682 1996 5756; x_wconf 81' lang='lat' dir='ltr'><strong>ad</strong></span> 
     </span>
    </p>
   </div>
   <div class='ocr_carea' id='block_1_114' title="bbox 439 5748 1997 5824">
    <p class='ocr_par' dir='ltr' id='par_1_114' title="bbox 439 5748 1997 5824">
     <span class='ocr_line' id='line_1_115' title="bbox 439 5748 1997 5824; baseline -0.001 -20"><span class='ocrx_word' id='word_1_810' title='bbox 439 5748 597 5823; x_wconf 81' lang='lat' dir='ltr'><strong>quem</strong></span> <span class='ocrx_word' id='word_1_811' title='bbox 626 5748 1035 5824; x_wconf 48' lang='lat' dir='ltr'><strong>olim-pertinuit</strong></span> <span class='ocrx_word' id='word_1_812' title='bbox 1054 5748 1809 5824; x_wconf 54' lang='lat' dir='ltr'><strong>exemplumFabricianum&#39;</strong></span> <span class='ocrx_word' id='word_1_813' title='bbox 1822 5758 1876 5805; x_wconf 91' lang='lat' dir='ltr'><strong>et</strong></span> <span class='ocrx_word' id='word_1_814' title='bbox 1904 5752 1997 5821; x_wconf 90' lang='lat' dir='ltr'><strong>qni</strong></span> 
     </span>
    </p>
   </div>
   <div class='ocr_carea' id='block_1_115' title="bbox 441 5820 1999 5897">
    <p class='ocr_par' dir='ltr' id='par_1_115' title="bbox 441 5820 1999 5897">
     <span class='ocr_line' id='line_1_116' title="bbox 441 5820 1999 5897; baseline -0.001 -21"><span class='ocrx_word' id='word_1_815' title='bbox 441 5820 642 5895; x_wconf 74' lang='lat' dir='ltr'><strong>passim</strong></span> <span class='ocrx_word' id='word_1_816' title='bbox 666 5820 845 5897; x_wconf 73' lang='lat' dir='ltr'><strong>aliqua</strong></span> <span class='ocrx_word' id='word_1_817' title='bbox 876 5824 1225 5897; x_wconf 87' lang='lat' dir='ltr'><strong>ascripserat,</strong></span> <span class='ocrx_word' id='word_1_818' title='bbox 1257 5820 1455 5891; x_wconf 85' lang='lat' dir='ltr'><strong>partim</strong></span> <span class='ocrx_word' id='word_1_819' title='bbox 1498 5835 1628 5877; x_wconf 88' lang='lat' dir='ltr'><strong>suas</strong></span> <span class='ocrx_word' id='word_1_820' title='bbox 1661 5821 1999 5887; x_wconf 78' lang='lat' dir='ltr'><strong>aliorumque</strong></span> 
     </span>
    </p>
   </div>
   <div class='ocr_carea' id='block_1_116' title="bbox 2109 4626 3671 4699">
    <p class='ocr_par' dir='ltr' id='par_1_116' title="bbox 2109 4626 3671 4699">
     <span class='ocr_line' id='line_1_117' title="bbox 2109 4626 3671 4699; baseline -0.002 -16"><span class='ocrx_word' id='word_1_821' title='bbox 2109 4630 2266 4684; x_wconf 90' lang='lat' dir='ltr'><strong>sione</strong></span> <span class='ocrx_word' id='word_1_822' title='bbox 2292 4626 2692 4699; x_wconf 12' lang='lat' dir='ltr'><strong>auctius,ietc..</strong></span> <span class='ocrx_word' id='word_1_823' title='bbox 2724 4627 2964 4683; x_wconf 84' lang='lat' dir='ltr'><strong>Coloniae</strong></span> <span class='ocrx_word' id='word_1_824' title='bbox 3014 4626 3291 4699; x_wconf 79' lang='lat' dir='ltr'><strong>Allobrog.</strong></span> <span class='ocrx_word' id='word_1_825' title='bbox 3350 4626 3510 4699; x_wconf 64' lang='grc'>16⁸29,</span> <span class='ocrx_word' id='word_1_826' title='bbox 3554 4628 3671 4699; x_wconf 87' lang='lat' dir='ltr'><strong>fol.)</strong></span> 
     </span>
    </p>
   </div>
   <div class='ocr_carea' id='block_1_117' title="bbox 2107 4698 3673 4769">
    <p class='ocr_par' dir='ltr' id='par_1_117' title="bbox 2107 4698 3673 4769">
     <span class='ocr_line' id='line_1_118' title="bbox 2107 4698 3673 4769; baseline -0.003 -15"><span class='ocrx_word' id='word_1_827' title='bbox 2107 4714 2230 4754; x_wconf 91' lang='lat' dir='ltr'><strong>cum</strong></span> <span class='ocrx_word' id='word_1_828' title='bbox 2262 4698 2505 4769; x_wconf 88' lang='lat' dir='ltr'><strong>ejusdem</strong></span> <span class='ocrx_word' id='word_1_829' title='bbox 2541 4698 2805 4769; x_wconf 75' lang='lat' dir='ltr'><strong>Thesauro</strong></span> <span class='ocrx_word' id='word_1_830' title='bbox 2832 4708 3143 4766; x_wconf 84' lang='lat' dir='ltr'><strong>temporum,</strong></span> <span class='ocrx_word' id='word_1_831' title='bbox 3175 4698 3335 4768; x_wconf 86' lang='lat' dir='ltr'><strong>cujus</strong></span> <span class='ocrx_word' id='word_1_832' title='bbox 3364 4698 3537 4769; x_wconf 69' lang='lat' dir='ltr'><strong>altera</strong></span> <span class='ocrx_word' id='word_1_833' title='bbox 3555 4698 3673 4769; x_wconf 84' lang='lat' dir='ltr'><strong>edi-</strong></span> 
     </span>
    </p>
   </div>
   <div class='ocr_carea' id='block_1_118' title="bbox 2106 4766 3676 4838">
    <p class='ocr_par' dir='ltr' id='par_1_118' title="bbox 2106 4766 3676 4838">
     <span class='ocr_line' id='line_1_119' title="bbox 2106 4766 3676 4838; baseline -0.001 -16"><span class='ocrx_word' id='word_1_834' title='bbox 2106 4770 2184 4823; x_wconf 88' lang='lat' dir='ltr'><strong>tio</strong></span> <span class='ocrx_word' id='word_1_835' title='bbox 2218 4766 2305 4825; x_wconf 77' lang='lat' dir='ltr'><strong>est</strong></span> <span class='ocrx_word' id='word_1_836' title='bbox 2359 4769 2622 4838; x_wconf 86' lang='lat' dir='ltr'><strong>inscripta</strong></span> <span class='ocrx_word' id='word_1_837' title='bbox 2661 4788 2673 4823; x_wconf 75' lang='grc' dir='ltr'>ε</span> <span class='ocrx_word' id='word_1_838' title='bbox 2708 4768 3008 4822; x_wconf 87' lang='lat' dir='ltr'><strong>Thesaurus</strong></span> <span class='ocrx_word' id='word_1_839' title='bbox 3066 4766 3378 4836; x_wconf 75' lang='lat' dir='ltr'><strong>temporum.</strong></span> <span class='ocrx_word' id='word_1_840' title='bbox 3400 4766 3676 4821; x_wconf 86' lang='lat' dir='ltr'><strong>—Editio</strong></span> 
     </span>
    </p>
   </div>
   <div class='ocr_carea' id='block_1_119' title="bbox 2106 4838 3677 4910">
    <p class='ocr_par' dir='ltr' id='par_1_119' title="bbox 2106 4838 3677 4910">
     <span class='ocr_line' id='line_1_120' title="bbox 2106 4838 3677 4910; baseline 0 -17"><span class='ocrx_word' id='word_1_841' title='bbox 2106 4842 2296 4903; x_wconf 88' lang='lat' dir='ltr'><strong>altera,</strong></span> <span class='ocrx_word' id='word_1_842' title='bbox 2321 4842 2375 4894; x_wconf 87' lang='lat' dir='ltr'><strong>in</strong></span> <span class='ocrx_word' id='word_1_843' title='bbox 2403 4856 2507 4909; x_wconf 84' lang='lat' dir='ltr'><strong>qua</strong></span> <span class='ocrx_word' id='word_1_844' title='bbox 2536 4839 2767 4907; x_wconf 83' lang='lat' dir='ltr'><strong>ejusdem</strong></span> <span class='ocrx_word' id='word_1_845' title='bbox 2793 4838 3010 4908; x_wconf 83' lang='lat' dir='ltr'><strong>Josephi</strong></span> <span class='ocrx_word' id='word_1_846' title='bbox 3057 4840 3315 4910; x_wconf 74' lang='lat' dir='ltr'><strong>Scaligeri</strong></span> <span class='ocrx_word' id='word_1_847' title='bbox 3378 4841 3537 4910; x_wconf 89' lang='lat' dir='ltr'><strong>tertia</strong></span> <span class='ocrx_word' id='word_1_848' title='bbox 3560 4839 3677 4910; x_wconf 75' lang='lat' dir='ltr'><strong>fere</strong></span> 
     </span>
    </p>
   </div>
   <div class='ocr_carea' id='block_1_120' title="bbox 2104 4908 3667 4980">
    <p class='ocr_par' dir='ltr' id='par_1_120' title="bbox 2104 4908 3667 4980">
     <span class='ocr_line' id='line_1_121' title="bbox 2104 4908 3667 4980; baseline -0.002 -17"><span class='ocrx_word' id='word_1_849' title='bbox 2104 4922 2255 4978; x_wconf 84' lang='lat' dir='ltr'><strong>parte</strong></span> <span class='ocrx_word' id='word_1_850' title='bbox 2283 4908 2543 4965; x_wconf 85' lang='lat' dir='ltr'><strong>auctiores</strong></span> <span class='ocrx_word' id='word_1_851' title='bbox 2573 4921 2708 4963; x_wconf 75' lang='lat' dir='ltr'><strong>nota:</strong></span> <span class='ocrx_word' id='word_1_852' title='bbox 2730 4920 2777 4963; x_wconf 88' lang='lat' dir='ltr'><strong>et</strong></span> <span class='ocrx_word' id='word_1_853' title='bbox 2808 4912 3177 4980; x_wconf 79' lang='lat' dir='ltr'><strong>castigationes</strong></span> <span class='ocrx_word' id='word_1_854' title='bbox 3204 4908 3254 4963; x_wconf 85' lang='lat' dir='ltr'><strong>in</strong></span> <span class='ocrx_word' id='word_1_855' title='bbox 3278 4908 3529 4980; x_wconf 85' lang='lat' dir='ltr'><strong>Latinam</strong></span> <span class='ocrx_word' id='word_1_856' title='bbox 3548 4908 3667 4961; x_wconf 77' lang='lat' dir='ltr'><strong>Ilie-</strong></span> 
     </span>
    </p>
   </div>
   <div class='ocr_carea' id='block_1_121' title="bbox 2106 4979 3663 5052">
    <p class='ocr_par' dir='ltr' id='par_1_121' title="bbox 2106 4979 3663 5052">
     <span class='ocr_line' id='line_1_122' title="bbox 2106 4979 3663 5052; baseline 0 -19"><span class='ocrx_word' id='word_1_857' title='bbox 2106 4984 2311 5052; x_wconf 86' lang='lat' dir='ltr'><strong>rongmi</strong></span> <span class='ocrx_word' id='word_1_858' title='bbox 2347 4983 2847 5049; x_wconf 87' lang='lat' dir='ltr'><strong>interpretationem,</strong></span> <span class='ocrx_word' id='word_1_859' title='bbox 2883 4979 3152 5035; x_wconf 24' lang='lat' dir='ltr'><strong>et’Cra&#39;ca</strong></span> <span class='ocrx_word' id='word_1_860' title='bbox 3204 4979 3443 5052; x_wconf 84' lang='lat' dir='ltr'><strong>Eusebii,</strong></span> <span class='ocrx_word' id='word_1_861' title='bbox 3490 4993 3663 5052; x_wconf 78' lang='lat' dir='ltr'><strong>supre-</strong></span> 
     </span>
    </p>
   </div>
   <div class='ocr_carea' id='block_1_122' title="bbox 2104 5049 3673 5119">
    <p class='ocr_par' dir='ltr' id='par_1_122' title="bbox 2104 5049 3673 5119">
     <span class='ocr_line' id='line_1_123' title="bbox 2104 5049 3673 5119; baseline -0.002 -15"><span class='ocrx_word' id='word_1_862' title='bbox 2104 5049 2445 5114; x_wconf 50' lang='lat' dir='ltr'><strong>ma&#39;auctoris</strong></span> <span class='ocrx_word' id='word_1_863' title='bbox 2470 5067 2597 5104; x_wconf 91' lang='lat' dir='ltr'><strong>cura</strong></span> <span class='ocrx_word' id='word_1_864' title='bbox 2626 5053 2933 5117; x_wconf 65' lang='lat' dir='ltr'><strong>emendatae,</strong></span> <span class='ocrx_word' id='word_1_865' title='bbox 2963 5063 3067 5106; x_wconf 86' lang='lat' dir='ltr'><strong>etc.</strong></span> <span class='ocrx_word' id='word_1_866' title='bbox 3089 5050 3378 5104; x_wconf 80' lang='lat' dir='ltr'><strong>Amstelod.</strong></span> <span class='ocrx_word' id='word_1_867' title='bbox 3400 5066 3487 5119; x_wconf 86' lang='lat' dir='ltr'><strong>ap.</strong></span> <span class='ocrx_word' id='word_1_868' title='bbox 3511 5049 3673 5103; x_wconf 84' lang='lat' dir='ltr'><strong>Joan.</strong></span> 
     </span>
    </p>
   </div>
   <div class='ocr_carea' id='block_1_123' title="bbox 2101 5121 3676 5191">
    <p class='ocr_par' dir='ltr' id='par_1_123' title="bbox 2101 5121 3676 5191">
     <span class='ocr_line' id='line_1_124' title="bbox 2101 5121 3676 5191; baseline -0.001 -17"><span class='ocrx_word' id='word_1_869' title='bbox 2101 5121 2447 5177; x_wconf 84' lang='lat' dir='ltr'><strong>Janssonium</strong></span> <span class='ocrx_word' id='word_1_870' title='bbox 2486 5122 2645 5185; x_wconf 77' lang='grc'>1658,</span> <span class='ocrx_word' id='word_1_871' title='bbox 2705 5122 2801 5191; x_wconf 78' lang='lat' dir='ltr'><strong>fol.</strong></span> <span class='ocrx_word' id='word_1_872' title='bbox 2844 5124 3109 5182; x_wconf 85' lang='lat' dir='ltr'><strong>Clement.</strong></span> <span class='ocrx_word' id='word_1_873' title='bbox 3154 5138 3207 5190; x_wconf 93' lang='lat' dir='ltr'><strong>p.</strong></span> <span class='ocrx_word' id='word_1_874' title='bbox 3258 5121 3380 5186; x_wconf 73' lang='lat'><strong>179,</strong></span> <span class='ocrx_word' id='word_1_875' title='bbox 3431 5129 3585 5191; x_wconf 6' lang='lat' dir='ltr'><strong>nota,</strong></span> <span class='ocrx_word' id='word_1_876' title='bbox 3612 5136 3676 5173; x_wconf 78' lang='lat' dir='ltr'><strong>ex</strong></span> 
     </span>
    </p>
   </div>
   <div class='ocr_carea' id='block_1_124' title="bbox 2064 5190 3679 5262">
    <p class='ocr_par' dir='ltr' id='par_1_124' title="bbox 2064 5190 3679 5262">
     <span class='ocr_line' id='line_1_125' title="bbox 2064 5190 3679 5262; baseline 0 -21"><span class='ocrx_word' id='word_1_877' title='bbox 2064 5235 2071 5241; x_wconf 93' lang='lat'><strong>.</strong></span> <span class='ocrx_word' id='word_1_878' title='bbox 2102 5193 2255 5248; x_wconf 75' lang='lat' dir='ltr'><strong>Alex.</strong></span> <span class='ocrx_word' id='word_1_879' title='bbox 2292 5194 2426 5247; x_wconf 86' lang='lat' dir='ltr'><strong>Mori</strong></span> <span class='ocrx_word' id='word_1_880' title='bbox 2454 5194 2662 5261; x_wconf 74' lang='lat' dir='ltr'><strong>praefat.</strong></span> <span class='ocrx_word' id='word_1_881' title='bbox 2692 5190 2961 5262; x_wconf 64' lang='lat' dir='ltr'><strong>quaedam,</strong></span> <span class='ocrx_word' id='word_1_882' title='bbox 2987 5208 3106 5262; x_wconf 71' lang='lat' dir='ltr'><strong>qua:</strong></span> <span class='ocrx_word' id='word_1_883' title='bbox 3147 5192 3238 5262; x_wconf 13' lang='lat' dir='ltr'><strong>ad,</strong></span> <span class='ocrx_word' id='word_1_884' title='bbox 3259 5191 3544 5262; x_wconf 81' lang='lat' dir='ltr'><strong>historiam</strong></span> <span class='ocrx_word' id='word_1_885' title='bbox 3576 5190 3679 5243; x_wconf 91' lang='lat' dir='ltr'><strong>hu-</strong></span> 
     </span>
    </p>
   </div>
   <div class='ocr_carea' id='block_1_125' title="bbox 2097 5260 3603 5333">
    <p class='ocr_par' dir='ltr' id='par_1_125' title="bbox 2097 5260 3603 5333">
     <span class='ocr_line' id='line_1_126' title="bbox 2097 5260 3603 5333; baseline 0.001 -17"><span class='ocrx_word' id='word_1_886' title='bbox 2097 5262 2189 5333; x_wconf 90' lang='lat' dir='ltr'><strong>jus</strong></span> <span class='ocrx_word' id='word_1_887' title='bbox 2214 5260 2770 5333; x_wconf 72' lang='lat' dir='ltr'><strong>edit.ionis_aU(&#39;tioris</strong></span> <span class='ocrx_word' id='word_1_888' title='bbox 2794 5260 3092 5333; x_wconf 75' lang='lat' dir='ltr'><strong>pertinent,</strong></span> <span class='ocrx_word' id='word_1_889' title='bbox 3119 5260 3393 5315; x_wconf 88' lang='lat' dir='ltr'><strong>delibavit.</strong></span> <span class='ocrx_word' id='word_1_890' title='bbox 3429 5260 3603 5317; x_wconf 77' lang='lat' dir='ltr'><strong>HARL.</strong></span> 
     </span>
    </p>
   </div>
   <div class='ocr_carea' id='block_1_126' title="bbox 2174 5330 3673 5402">
    <p class='ocr_par' dir='ltr' id='par_1_126' title="bbox 2174 5330 3673 5402">
     <span class='ocr_line' id='line_1_127' title="bbox 2174 5330 3673 5402; baseline -0.001 -17"><span class='ocrx_word' id='word_1_891' title='bbox 2174 5333 2247 5401; x_wconf 84' lang='lat' dir='ltr'><strong>(b)</strong></span> <span class='ocrx_word' id='word_1_892' title='bbox 2275 5334 2432 5387; x_wconf 90' lang='lat' dir='ltr'><strong>Conf.</strong></span> <span class='ocrx_word' id='word_1_893' title='bbox 2471 5330 2702 5389; x_wconf 79' lang='lat' dir='ltr'><strong>Vallars.</strong></span> <span class='ocrx_word' id='word_1_894' title='bbox 2743 5330 2890 5395; x_wconf 49' lang='lat' dir='ltr'><strong>l.—c.,</strong></span> <span class='ocrx_word' id='word_1_895' title='bbox 2911 5349 2964 5400; x_wconf 91' lang='lat' dir='ltr'><strong>p.</strong></span> <span class='ocrx_word' id='word_1_896' title='bbox 2992 5349 3159 5386; x_wconf 76' lang='lat' dir='ltr'><strong>xxvnt</strong></span> <span class='ocrx_word' id='word_1_897' title='bbox 3191 5348 3337 5402; x_wconf 88' lang='lat' dir='ltr'><strong>sqq.,</strong></span> <span class='ocrx_word' id='word_1_898' title='bbox 3366 5339 3421 5387; x_wconf 91' lang='lat' dir='ltr'><strong>et</strong></span> <span class='ocrx_word' id='word_1_899' title='bbox 3446 5331 3673 5385; x_wconf 85' lang='lat' dir='ltr'><strong>Pontaci</strong></span> 
     </span>
    </p>
   </div>
   <div class='ocr_carea' id='block_1_127' title="bbox 2100 5402 2964 5473">
    <p class='ocr_par' dir='ltr' id='par_1_127' title="bbox 2100 5402 2964 5473">
     <span class='ocr_line' id='line_1_128' title="bbox 2100 5402 2964 5473; baseline -0.001 -17"><span class='ocrx_word' id='word_1_900' title='bbox 2100 5403 2389 5473; x_wconf 84' lang='lat' dir='ltr'><strong>Apparat.,</strong></span> <span class='ocrx_word' id='word_1_901' title='bbox 2436 5420 2489 5473; x_wconf 89' lang='lat' dir='ltr'><strong>p.</strong></span> <span class='ocrx_word' id='word_1_902' title='bbox 2532 5403 2598 5457; x_wconf 72' lang='grc'><strong>12</strong></span> <span class='ocrx_word' id='word_1_903' title='bbox 2642 5420 2765 5473; x_wconf 90' lang='lat' dir='ltr'><strong>sqq.</strong></span> <span class='ocrx_word' id='word_1_904' title='bbox 2794 5402 2964 5455; x_wconf 69' lang='lat' dir='ltr'><strong>“ARL.</strong></span> 
     </span>
    </p>
   </div>
   <div class='ocr_carea' id='block_1_128' title="bbox 2173 5472 3675 5545">
    <p class='ocr_par' dir='ltr' id='par_1_128' title="bbox 2173 5472 3675 5545">
     <span class='ocr_line' id='line_1_129' title="bbox 2173 5472 3675 5545; baseline -0.001 -20"><span class='ocrx_word' id='word_1_905' title='bbox 2173 5472 2238 5545; x_wconf 88' lang='lat' dir='ltr'><strong>(c)</strong></span> <span class='ocrx_word' id='word_1_906' title='bbox 2270 5474 2387 5526; x_wconf 83' lang='lat' dir='ltr'><strong>Alia</strong></span> <span class='ocrx_word' id='word_1_907' title='bbox 2420 5472 2926 5545; x_wconf 62' lang='lat' dir='ltr'><strong>brevior’Extroph</strong></span> <span class='ocrx_word' id='word_1_908' title='bbox 2964 5474 3198 5541; x_wconf 76' lang='grc' dir='ltr'><strong>χρόνων</strong></span> <span class='ocrx_word' id='word_1_909' title='bbox 3228 5474 3303 5545; x_wconf 74' lang='lat' dir='ltr'><strong>ab</strong></span> <span class='ocrx_word' id='word_1_910' title='bbox 3354 5472 3560 5545; x_wconf 76' lang='lat' dir='ltr'><strong>Adamp</strong></span> <span class='ocrx_word' id='word_1_911' title='bbox 3590 5486 3675 5524; x_wconf 82' lang='lat' dir='ltr'><strong>us-</strong></span> 
     </span>
    </p>
   </div>
   <div class='ocr_carea' id='block_1_129' title="bbox 2101 5539 3677 5614">
    <p class='ocr_par' dir='ltr' id='par_1_129' title="bbox 2101 5539 3677 5614">
     <span class='ocr_line' id='line_1_130' title="bbox 2101 5539 3677 5614; baseline -0.004 -17"><span class='ocrx_word' id='word_1_912' title='bbox 2101 5539 2206 5614; x_wconf 84' lang='lat' dir='ltr'><strong>que</strong></span> <span class='ocrx_word' id='word_1_913' title='bbox 2222 5539 2303 5597; x_wconf 48' lang='lat' dir='ltr'><strong>&#39;ad</strong></span> <span class='ocrx_word' id='word_1_914' title='bbox 2326 5544 2575 5598; x_wconf 79' lang='lat' dir='ltr'><strong>Alexium</strong></span> <span class='ocrx_word' id='word_1_915' title='bbox 2598 5539 3153 5614; x_wconf 71' lang='lat' dir='ltr'><strong>Comnettum,quam</strong></span> <span class='ocrx_word' id='word_1_916' title='bbox 3178 5543 3243 5597; x_wconf 87' lang='lat' dir='ltr'><strong>ad</strong></span> <span class='ocrx_word' id='word_1_917' title='bbox 3263 5545 3464 5597; x_wconf 79' lang='lat' dir='ltr'><strong>calcem</strong></span> <span class='ocrx_word' id='word_1_918' title='bbox 3504 5539 3677 5614; x_wconf 66' lang='lat' dir='ltr'><strong>zona-</strong></span> 
     </span>
    </p>
   </div>
   <div class='ocr_carea' id='block_1_130' title="bbox 2100 5611 3676 5682">
    <p class='ocr_par' dir='ltr' id='par_1_130' title="bbox 2100 5611 3676 5682">
     <span class='ocr_line' id='line_1_131' title="bbox 2100 5611 3676 5682; baseline -0.004 -14"><span class='ocrx_word' id='word_1_919' title='bbox 2100 5611 2175 5669; x_wconf 68' lang='lat' dir='ltr'><strong>fu:</strong></span> <span class='ocrx_word' id='word_1_920' title='bbox 2195 5615 2364 5669; x_wconf 81' lang='lat' dir='ltr'><strong>edidit</strong></span> <span class='ocrx_word' id='word_1_921' title='bbox 2395 5614 2655 5681; x_wconf 74' lang='lat' dir='ltr'><strong>Congius,</strong></span> <span class='ocrx_word' id='word_1_922' title='bbox 2694 5624 2745 5667; x_wconf 82' lang='lat' dir='ltr'><strong>et.</strong></span> <span class='ocrx_word' id='word_1_923' title='bbox 2776 5613 2832 5665; x_wconf 88' lang='lat' dir='ltr'><strong>in</strong></span> <span class='ocrx_word' id='word_1_924' title='bbox 2875 5611 3033 5680; x_wconf 79' lang='lat' dir='ltr'><strong>cujus</strong></span> <span class='ocrx_word' id='word_1_925' title='bbox 3087 5616 3244 5667; x_wconf 89' lang='lat' dir='ltr'><strong>titulo</strong></span> <span class='ocrx_word' id='word_1_926' title='bbox 3282 5615 3508 5682; x_wconf 84' lang='lat' dir='ltr'><strong>legitur:</strong></span> <span class='ocrx_word' id='word_1_927' title='bbox 3540 5611 3676 5662; x_wconf 82' lang='grc' dir='ltr'><strong>Ταῦ-</strong></span> 
     </span>
    </p>
   </div>
   <div class='ocr_carea' id='block_1_131' title="bbox 2101 5681 3695 5753">
    <p class='ocr_par' dir='ltr' id='par_1_131' title="bbox 2101 5681 3695 5753">
     <span class='ocr_line' id='line_1_132' title="bbox 2101 5681 3695 5753; baseline -0.001 -15"><span class='ocrx_word' id='word_1_928' title='bbox 2101 5689 2147 5738; x_wconf 82' lang='grc' dir='ltr'><strong>τ’</strong></span> <span class='ocrx_word' id='word_1_929' title='bbox 2171 5684 2393 5753; x_wconf 66' lang='grc' dir='ltr'><strong>ἱστορεῖ</strong></span> <span class='ocrx_word' id='word_1_930' title='bbox 2419 5687 2450 5737; x_wconf 73' lang='grc' dir='ltr'><em>ὁ</em></span> <span class='ocrx_word' id='word_1_931' title='bbox 2478 5683 2835 5749; x_wconf 67' lang='grc' dir='ltr'><strong>Καισαριεὺς</strong></span> <span class='ocrx_word' id='word_1_932' title='bbox 2874 5684 3185 5753; x_wconf 76' lang='grc' dir='ltr'><strong>Ἐυσεϐιος</strong></span> <span class='ocrx_word' id='word_1_933' title='bbox 3208 5686 3239 5736; x_wconf 82' lang='grc' dir='ltr'><strong><em>ό</em></strong></span> <span class='ocrx_word' id='word_1_934' title='bbox 3268 5681 3579 5751; x_wconf 62' lang='grc' dir='ltr'><strong>Πάμφιλον</strong></span> <span class='ocrx_word' id='word_1_935' title='bbox 3603 5683 3695 5737; x_wconf 65' lang='grc' dir='ltr'><strong>ἑν-</strong></span> 
     </span>
    </p>
   </div>
   <div class='ocr_carea' id='block_1_132' title="bbox 2102 5752 3102 5827">
    <p class='ocr_par' dir='ltr' id='par_1_132' title="bbox 2102 5752 3102 5827">
     <span class='ocr_line' id='line_1_133' title="bbox 2102 5752 3102 5827; baseline -0.001 -19"><span class='ocrx_word' id='word_1_936' title='bbox 2102 5755 2179 5823; x_wconf 83' lang='grc' dir='ltr'><strong><em>τῴ</em></strong></span> <span class='ocrx_word' id='word_1_937' title='bbox 2202 5752 2386 5827; x_wconf 57' lang='grc' dir='ltr'><strong>λόγῳ,</strong></span> <span class='ocrx_word' id='word_1_938' title='bbox 2415 5758 2479 5821; x_wconf 75' lang='grc' dir='ltr'><strong>ὃς</strong></span> <span class='ocrx_word' id='word_1_939' title='bbox 2504 5753 2729 5821; x_wconf 69' lang='grc' dir='ltr'><strong>ἐκλήθη</strong></span> <span class='ocrx_word' id='word_1_940' title='bbox 2758 5752 3102 5818; x_wconf 71' lang='grc' dir='ltr'><strong>βασιλικός.</strong></span> 
     </span>
    </p>
   </div>
  </div>
