4126 6468
424 317 489 374 19
945 317 961 338 ’
1407 307 1749 366 EUSEBIUS
1793 302 2275 364 CESARIENSIS
2327 303 2722 362 EPISCOPUS.
3607 305 3681 362 20

417 446 636 497 servatt.
675 437 971 502 illustrota,
1001 445 1051 492 et
1079 450 1144 490 ea:
1177 442 1330 506 parte
1362 449 1501 490 nunc
1529 432 1760 502 primum
1791 425 2000 482 auctori
2025 429 2074 486 Α
2100 439 2211 494 quo
2242 422 2440 480 Suidas
2465 464 2480 487 .
2532 423 2806 496 praecipue
2857 437 2888 476 a
2949 418 3231 492 Scaligero
3268 420 3361 491 (ab
3393 421 3516 478 aliis
3553 438 3683 478 vero

421 545 512 585 suo
540 529 829 585 vindicata.
862 558 932 570 —
973 528 1136 584 Bern.
1173 524 1524 582 Montl'aucon
1555 524 1613 578 in
1638 521 1780 577 Bibl.
1807 517 1998 573 biblio-

417 619 616 676 thecar.
641 637 796 685 mss.,
821 620 931 675 vol.
959 617 1001 683 Ι,
1033 635 1088 690 p.
1127 616 1386 680 116455,
1417 615 1602 671 varias
1629 611 1777 668 dedit
1807 607 1996 663 lectio-

417 727 518 768 nes
543 711 612 766 ad
634 709 930 768 Chronican
959 709 1196 778 Eusebii,
1226 709 1284 765 S.
1313 708 1642 778 Hieronymo
1666 705 1958 772 interprete
1977 742 1993 767 ,

415 821 480 862 ex
512 813 750 877 quatuor
773 820 909 861 mss.
947 805 1082 860 bibl.
1106 803 1406 866 Vaticanre,
1433 799 1635 856 notatis
1662 797 1762 852 2H
1788 837 1804 861 ,
1848 795 1957 850 212
1975 835 1992 860 ,

413 897 540 963 245,
565 899 658 969 qui
691 907 821 954 sunt
842 913 941 952 xttt
969 904 1024 953 et
1045 912 1138 952 xtv
1168 895 1376 957 saeculi,
1402 905 1456 950 et
1475 891 1660 948 collati
1689 904 1816 944 cum
1858 886 1991 943 edit.

415 989 679 1062 Scaligeri
718 989 970 1061 Lugduni
1017 987 1207 1044 Batav.
1252 1003 1282 1042 a
1310 986 1538 1043 Claudio
1589 981 1991 1053 Stephanotio,

411 1083 852 1154 congregationis
876 1081 934 1138 S.
967 1080 1142 1140 Mauri
1166 1086 1521 1151 procuratore
1549 1075 1814 1146 generali.
1845 1073 1988 1128 Cou-

411 1180 497 1228 tra
521 1172 782 1246 Scaliger.
814 1187 866 1232 et
893 1173 1092 1228 Baron.
1144 1173 1322 1228 locum
1369 1170 1436 1224 de
1465 1166 1641 1224 Pilato
1672 1174 1728 1222 et
1759 1165 1992 1222 Cmsaris

411 1266 744 1339 imaginibus
799 1269 1022 1324 uberius
1082 1267 1318 1321 illustrat
1369 1261 1624 1317 Lantbec.
1669 1261 1872 1316 Comm.
1926 1259 1991 1314 de

412 1360 542 1416 bibl.
585 1360 750 1430 Ca's.,
779 1369 913 1418 tom.
945 1360 1079 1427 VIII,
1111 1377 1164 1432 p.
1220 1361 1290 1416 37
1323 1376 1444 1430 sqq.
1475 1398 1492 1423 ,
1540 1365 1594 1414 et
1624 1374 1679 1428 p.
1709 1357 1813 1410 597
1864 1372 1986 1427 sqq.

407 1454 592 1510 locum
637 1455 706 1513 de
755 1455 944 1510 Maria.
982 1454 1229 1526 Denique
1284 1451 1643 1508 memoranda
1689 1457 1773 1505 est
1820 1449 1990 1505 editio

406 1544 574 1616 hujus
597 1546 878 1602 sententiae
903 1565 916 1600 :

487 1658 789 1715 Vetustiora
839 1659 1152 1715 Latinorum
1215 1659 1534 1726 scriptorum
1582 1654 1876 1721 Chronica,
1917 1653 1986 1708 ad

405 1769 535 1808 mss.
584 1755 738 1810 codd.
777 1756 1057 1810 emendata
1104 1767 1155 1809 et
1205 1770 1323 1808 cum
1351 1752 1782 1824 castigatioribus
1831 1747 1983 1804 editt.
2016 1780 2060 1836 Β

403 1845 621 1910 collata,
657 1849 894 1918 notisque
920 1847 1215 1911 illustrata,
1247 1844 1300 1898 in
1326 1860 1488 1898 unum
1517 1859 1708 1913 corpus
1742 1840 1982 1904 collecta,

400 1941 674 2012 praemisso
703 1939 919 1994 Eusebii
939 1937 1200 1994 Chronico
1231 1954 1265 1991 a
1303 1935 1366 1990 D.
1403 1935 1727 2006 Hieronymo
1751 1949 1780 1986 e
1800 1931 1984 1987 (ἓν-(τσο

399 2051 548 2090 uerso
589 2041 639 2088 et
678 2033 862 2088 multis
904 2041 1079 2086 aucto.
1115 2027 1340 2100 Collegit
1389 2028 1459 2083 D.
1499 2027 1724 2082 Thomas
1758 2023 1986 2078 Roncal-

400 2127 525 2191 lius,
555 2125 846 2181 monachus
880 2123 1190 2181 Cassinens.
1245 2121 1459 2176 Patavii
1499 2120 1657 2185 1787,
1689 2120 1742 2174 4.
1775 2117 1819 2171 ll
1851 2117 1979 2173 voll.

397 2218 644 2276 Contulit
682 2217 748 2274 R.
779 2233 904 2273 cum
927 2218 1014 2273 ed.
1045 2215 1288 2278 Ratdolt.
1318 2215 1458 2271 1485
1473 2222 1528 2271 et
1558 2228 1682 2270 eum
1712 2207 1984 2267 Gennadii

398 2312 524 2368 cod.
557 2328 662 2367 ms.
699 2309 876 2366 Vatic.
914 2311 1071 2367 Alex.
1100 2326 1156 2365 n.
1184 2309 1345 2364 2077.

468 2423 641 2485 Codd.
679 2439 810 2480 mss.
838 2422 1134 2488 Pontacus,
1158 2423 1360 2496 quibus
1384 2436 1518 2476 usus
1545 2427 1652 2484 est,
1677 2419 1817 2476 bene
1841 2419 1982 2474 mul-

397 2527 485 2574 tos
513 2526 764 2577 recenset
815 2518 872 2572 in
915 2517 1188 2587 Apparatu
1240 2530 1340 2570 suo
1379 2511 1711 2568 tVaticanos
1737 2512 1982 2582 aliosque

394 2618 681 2667 enumerat
734 2609 1083 2666 Montfaucon
1143 2609 1199 2663 in
1261 2607 1406 2662 Bibl.
1467 2605 1574 2662 Sed
1625 2605 1679 2659 hi
1739 2613 1794 2660 et
1850 2604 1979 2659 reli-

395 2702 490 2773 qui
547 2702 824 2773 pertinent
869 2700 1047 2770 potius
1095 2698 1164 2752 a-l
1199 2698 1609 2768 Hieronymum.
1645 2693 1889 2750 Florent.
1921 2694 1978 2748 in

391 2791 525 2855 bibl.
551 2791 714 2844 Laur.
740 2789 880 2846 Med.
905 2788 1029 2844 cod.
1063 2802 1246 2842 xxxvtt
1266 2827 1282 2851 ,
1327 2803 1382 2841 n.
1413 2786 1484 2841 25
1509 2825 1524 2850 ,
1569 2785 1708 2856 plut.
1740 2784 1802 2838 51
1831 2823 1846 2848 ,
1894 2789 1979 2838 est

393 2883 616 2940 Eusebii
643 2878 891 2951 Epitome
910 2879 1305 2943 ehronica.ubi
1330 2888 1385 2934 et
1405 2879 1471 2934 de
1504 2875 1560 2932 S.
1593 2876 1880 2933 Paschate.
1907 2906 1977 2918 -ο

392 2969 454 3026 In
490 2969 616 3026 eod.
656 2985 777 3035 xm,
821 2987 877 3024 n.
913 2969 1040 3032 6-8,
1085 2970 1160 3040 pl.
1201 2968 1303 3035 5‘5,
1341 2975 1558 3023 exstant
1587 2967 1689 3022 tria
1719 2974 1977 3039 excerpta

394 3080 461 3119 ex
493 3061 716 3118 Eusebii
736 3059 1045 3117 Cbrouicis.
1075 3060 1142 3116 γ.
1179 3060 1434 3125 Bandin.,
1471 3061 1589 3117 Cat.
1621 3059 1780 3115 codd.
1805 3057 1898 3113 Gr.
1929 3056 1972 3124 1,

393 3171 520 3226 pag,
552 3154 657 3210 119
679 3162 732 3210 et
755 3154 881 3210 308.
906 3187 976 3196 —
997 3153 1056 3210 P.
1095 3153 1136 3210 1.
1170 3154 1347 3210 Bruns
1377 3169 1440 3209 ex
1471 3153 1595 3208 cod.
1627 3152 1835 3209 Bodlei.
1885 3152 1975 3207 de—
2000 3137 2042 3194 (ἶ

392 3247 473 3304 dit
497 3247 805 3306 versionem
831 3245 1070 3318 Syriacae
1085 3244 1364 3316 Epitomes
1378 3245 1669 3302 Eusebiani
1698 3245 1966 3307 Chronici.

391 3339 446 3394 in
477 3338 745 3409 Repertor.
783 3339 870 3410 {ur
903 3337 1152 3393 biblische
1184 3355 1232 3393 υ.
1270 3338 1766 3410 morgenlandisclte
1804 3338 1971 3392 Litte-

391 3438 566 3484 ratur.
597 3439 737 3499 part.
772 3445 851 3484 xt.
884 3428 1082 3500 Lipsite
1111 3427 1280 3494 1782,
1301 3428 1428 3488 Mai.
1453 3429 1600 3500 8(a).
1643 3427 1819 3486 HABL.

460 3562 834 3636 Reprehendit
860 3563 1130 3620 Eusebius
1169 3565 1296 3620 hinc
1328 3565 1453 3619 inde
1486 3564 1824 3632 Africanum,
1852 3566 1969 3638 ipse

389 3656 638 3712 vicissim
684 3656 1048 3729 reprehensus
1097 3667 1180 3712 est
1229 3657 1298 3710 ab
1338 3656 1584 3722 Aniano,
1638 3657 1965 3724 Panodoro,

389 3746 625 3819 Georgio
660 3747 912 3820 Syncello
941 3756 995 3804 et
1039 3749 1191 3814 aliis,
1236 3748 1508 3804 interdum
1551 3750 1716 3805 etiam
1745 3751 1836 3807 ubi
1863 3751 1968 3823 ipsi

389 3850 544 3896 erant
574 3840 1006 3914 reprehendendi
1035 3861 1046 3897 :
1081 3839 1319 3896 Diodoro
1368 3841 1532 3898 etiam
1566 3839 1861 3908 Tarsensi,
1899 3844 1968 3900 de

461 4021 539 4092 (ᾳ)
577 4019 870 4084 Eusebiani
900 4020 1150 4092 Chronici
1189 4021 1461 4092 duplicem
1491 4021 1785 4078 editionem
1815 4022 1965 4080 dedit

387 4091 541 4147 card.
574 4093 780 4163 Augelo
807 4092 930 4146 Mai.
982 4091 1178 4154 Priori,
1217 4109 1337 4163 qum
1393 4092 1681 4147 Mediolani
1729 4095 1962 4163 prodiit.

387 4177 533 4234 anno
567 4161 726 4227 1818,
751 4165 944 4234 titulus
969 4163 1054 4216 hic
1087 4162 1379 4234 prtuligitur
1407 4183 1418 4217 :
1460 4163 1673 4218 Eusebii
1699 4161 1966 4233 Pamphili

387 4229 766 4292 Chronieorum
795 4233 1068 4288 Canonum
1087 4229 1220 4287 'lihri
1240 4229 1366 4288 'duo
1386 4274 1399 4295 ,
1449 4251 1576 4303 opus
1623 4250 1689 4288 ea:
1717 4229 1963 4293 llaieauo

386 4303 562 4374 codice
600 4322 632 4358 a
661 4305 885 4362 Doctore
911 4304 1118 4358 Joanne
1147 4303 1407 4371 Zohrabo,
1425 4305 1631 4374 collegii
1667 4307 1965 4360 Armeniaci

395 4372 730 4436 Venetiarum
762 4377 1008 4445 alumno.
1049 4376 1322 4445 diligenter
1353 4372 1657 4445 express—um
1702 4385 1750 4429 et
1806 4379 1966 4434 casti-

382 4455 586 4518 gatum,
629 4447 862 4518 Angelus
915 4444 1094 4502 Maius
1145 4444 1194 4518 et
1235 4445 1466 4500 Joannes
1508 4444 1784 4518 Zoltrabits
1825 4463 1962 4502 nunc

383 4516 612 4588 primum
641 4515 936 4588 conjunctis
969 4519 1111 4588 curis
1144 4515 1434 4588 Latinitate
1483 4517 1738 4588 donatum
1778 4519 1948 4588 notis-

381 4586 860 4658 queillustratum,
899 4587 1095 4642 additis
1136 4586 1342 4658 yrtrcis
1375 4588 1635 4658 reliquiis.
1665 4587 1958 4647 ediderunt.

384 4654 698 4723 Mediolani,
729 4659 887 4727 regiis
931 4659 1085 4726 typis.
1135 4657 1320 4712 Eidem
1350 4654 1613 4716 voluiuini
1645 4659 1822 4713 incst:
1861 4659 1966 4714 Sa-

382 4730 568 4784 muelis
602 4729 896 4799 presbyteri
920 4729 1158 4799 Aniensis
1202 4739 1489 4796 temporum
1523 4745 1684 4797 usque
1713 4729 1780 4781 ad
1809 4746 1961 4784 suam

383 4798 782 4869 mtatentratio.
811 4802 870 4854 lu
904 4798 1022 4869 line
1057 4799 1291 4869 legitur:
1324 4799 1604 4869 Explicitw
1639 4809 1760 4852 sunt
1809 4803 1965 4855 celeri

382 4867 666 4924 admodum
693 4870 954 4942 editorum
1005 4867 1222 4942 labore,
1267 4867 1595 4942 efﬂagitante
1636 4871 1962 4942 eruditorum

381 4942 617 5012 omnium
668 4951 809 5004 uoto,
845 4941 926 4994 ha:
971 4940 1534 5012 perutilestemporum
1561 4940 1818 4998 doctrinm
1847 4941 1960 4994 Eu-

381 5009 510 5062 sebii
543 5010 888 5068 thsariensis
920 5020 972 5064 et
1021 5011 1286 5065 Samuelis
1332 5009 1574 5070 Aniensis
1623 5013 1678 5064 in
1712 5012 1856 5068 alma
1911 5022 1962 5066 et

383 5081 769 5140 litteratissima
797 5082 924 5136 urbe
957 5080 1288 5143 Mediolano,
1339 5099 1477 5136 anno
1506 5091 1623 5149 post
1674 5080 1960 5149 beneficum

382 5149 582 5204 Christi
619 5151 894 5208 adventum
923 5151 999 5206 Μ.
1036 5152 1102 5205 ι).
1129 5149 1282 5210 CCC.
1317 5149 1546 5209 XVI”.
1573 5152 1814 5207 Lectores
1839 5153 1960 5210 boni

380 5221 569 5285 favete.
633 5221 785 5277 Ilanc
826 5223 1122 5281 editionem
1145 5265 1160 5289 ,
1199 5225 1596 5292 posterioribus
1626 5223 1777 5277 curis
1806 5239 1961 5278 reco-

380 5295 608 5361 gnitam,
639 5295 785 5363 typis
811 5293 1008 5349 iterum
1043 5293 1322 5347 mandavit
1361 5295 1513 5348 card.
1542 5294 1665 5361 Mai,
1701 5294 1754 5347 in
1805 5294 1956 5350 Scri-

378 5371 590 5432 ptorum
630 5374 859 5418 ueterum
899 5381 1030 5418 nova
1058 5363 1376 5421 Collectione
1408 5381 1436 5419 e
1466 5365 1734 5419 Vaticanis
1763 5366 1958 5424 codici—

382 5435 476 5486 bus
505 5434 668 5496 edita,
701 5443 833 5487 tom.
885 5433 1022 5490 VIII.
1056 5433 1241 5489 Romae
1271 5435 1342 5490 Μ.
1381 5435 1442 5490 D.
1488 5436 1640 5491 CCC.
1697 5436 1954 5501 XXXIII,

379 5503 546 5561 in-i'.
582 5504 774 5560 Versio
803 5505 1146 5570 Armeniaca,
1185 5506 1239 5560 in
1273 5523 1380 5576 qua
1406 5523 1514 5561 non
1541 5507 1703 5564 modo
1736 5516 1957 5564 senten-

378 5577 467 5628 tia:
499 5577 807 5638 sententiis,
839 5592 1025 5632 verum
1052 5577 1352 5646 saepissime
1382 5581 1546 5632 etiam
1585 5579 1744 5634 verba
1773 5579 1955 5634 verbis

379 5646 623 5718 apprime
649 5647 1000 5718 respondent,
1031 5648 1231 5702 saeculo
1250 5647 1508 5704 Ecclesia:
1537 5666 1571 5704 v
1590 5651 1950 5718 concinnata,

379 5712 667 5788 utramque
699 5712 920 5773 exhibet
949 5717 1200 5774 Chronici
1227 5727 1436 5788 partem
1463 5761 1478 5783 .
1529 5712 1718 5774 uli'tma
1774 5712 1951 5778 solum

378 5786 595 5862 prioris
613 5789 788 5866 partis
827 5789 1070 5848 sectione
1101 5786 1350 5867 excepta.
1383 5790 1600 5867 Optime
1627 5790 1774 5847 edita
1807 5799 1891 5848 est
1921 5805 1949 5847 a

2045 4162 2326 4234 'gmentis)
2353 4161 2592 4217 Venetiis
2616 4163 2773 4218 I8I8.

2098 517 2342 572 vicissim
2381 515 2616 587 notato),
2637 525 2692 571 et
2721 516 2844 570 aliis
2877 513 3227 585 chronologis
3261 514 3680 572 recentioribus.

2391 624 2598 663 EL‘SEBII
2638 623 2930 664 ΡΒΕΡΔΒΛΤ
2941 623 2993 662 ιο
3029 621 3381 663 ΕνΔΝῦΕΙ-ΙΩΔ.

2161 703 2572 774 Εὑαγγελικῆς
2631 703 2996 771 ἀποδείξεως
3051 698 3521 772 προπαρασκευὴ
3579 701 3678 772 (b),

2099 795 2520 867 Prwparationis
2547 801 2858 869 evangelica:
2886 798 2956 853 ad
3001 798 3344 860 Theodotum,
3378 799 3678 866 episcopum

2096 888 2478 955 Laodicenum,
2509 891 2634 945 libri
2661 908 2731 946 xv
2753 931 2768 956 ,
2795 893 2899 946 sive
2927 892 3164 946 collectio
3199 891 3553 960 pulcherrima
3585 909 3678 945 ar-

2094 995 2461 1052 gumentorum
2516 985 2907 1054 variorumque,
2964 994 3149 1038 natatu
3199 984 3674 1054 dignissimorum,

2095 1086 2550 1131 monumentorum
2583 1094 2645 1130 ac
2679 1077 3096 1131 testimoniorum
3118 1093 3184 1131 ex
3213 1077 3555 1147 scriptoribus
3581 1093 3676 1131 ea:-

2096 1168 2257 1221 ternis
2292 1167 2558 1239 (magnam
2600 1179 2803 1238 partem
2853 1167 3006 1222 hodie
3036 1167 3345 1240 depcrditis)
3369 1210 3382 1234 ,
3413 1185 3519 1238 qua
3555 1169 3676 1221 ani-

2094 1276 2210 1314 mus
2235 1260 2445 1314 lectoris
2471 1270 2806 1329 prtrparatur
2831 1261 2901 1315 ad
2929 1260 3401 1316 demonstrationes
3436 1260 3501 1315 dc
3535 1261 3673 1314 veri-

2094 1361 2202 1407 tate
2229 1351 2503 1424 Evangelii
2528 1354 2726 1409 Christi
2768 1370 2834 1408 ex
2859 1355 3027 1409 sacris
3063 1355 3253 1408 litteris
3284 1362 3432 1408 tanto
3454 1353 3671 1423 {acilius

2092 1445 2418 1500 imbibendas
2439 1487 2454 1509 ,
2501 1446 2978 1516 admittendasque.
3008 1444 3196 1501 Latine
3225 1447 3376 1500 t'ertit
3411 1456 3461 1501 et
3507 1444 3673 1500 Nico-

2092 1539 2178 1592 lao
2215 1538 2252 1593 V
2289 1539 2528 1608 pontifici
2549 1539 2816 1608 inscripsit
2841 1537 3092 1609 Georgius
3123 1538 3538 1608 Trapezuntius;
3575 1537 3670 1593 sed

2089 1635 2248 1700 cujus
2285 1629 2787 1702 interpretationem
2819 1630 2975 1686 valde
3013 1645 3262 1685 mancam
3291 1645 3356 1685 ac
3386 1631 3672 1686 confusam

2090 1739 2233 1786 esse,
2264 1724 2456 1779 merito
2485 1723 2735 1792 queritur
2763 1722 2996 1778 Allatius
3027 1722 3102 1778 De
3133 1721 3394 1794 Ceorgiis,
3437 1739 3493 1795 p.
3527 1724 3668 1790 375,

2089 1825 2142 1870 et
2172 1815 2424 1872 Petavius
2442 1828 2555 1878 xw,
2575 1813 2662 1874 II.
2681 1815 2761 1871 De
2781 1817 3167 1877 incarnatione,
3191 1814 3218 1886 §
3251 1815 3287 1869 2
3314 1835 3328 1871 :
3366 1815 3670 1885 Trapezun-

2088 1911 2192 1963 tius
2218 1908 2416 1964 Latina
2444 1925 2543 1963 sua
2571 1909 2804 1964 versione
2843 1926 2946 1962 non
2987 1919 3094 1962 tam
3131 1907 3357 1963 Eusebio
3391 1909 3558 1963 lucem
3585 1919 3671 1964 at-

2086 2002 2230 2064 tulit,
2264 2017 2421 2071 quam
2443 2018 2503 2055 eo
2534 2000 2666 2070 ftede
2700 2001 2953 2055 laniando
2974 2040 2989 2064 ,
3024 1999 3263 2055 addendo
3285 2017 3348 2055 ac
3371 2001 3669 2071 depravan—

2083 2087 2186 2151 do,
2237 2088 2445 2157 justam
2501 2089 2566 2144 de
2615 2107 2671 2144 se
2725 2090 2993 2161 querelam
3036 2092 3261 2158 posteris
3296 2093 3507 2163 reliquit
3541 2093 3664 2164 (c).

2081 2179 2285 2234 Confer
2323 2178 2578 2236 Vossium
2615 2179 2689 2234 De
2717 2179 2843 2234 hist.
2873 2177 3095 2247 Gra'ct's,
3130 2196 3254 2251 pag.
3285 2181 3382 2246 70;
3409 2179 3665 2237 Huetium

2083 2273 2162 2328 De
2185 2274 2349 2328 claris
2381 2271 2750 2343 in'terpretibus
2779 2313 2794 2338 ,
2847 2287 2972 2345 pag.
3005 2272 3139 2338 292,
3198 2281 3253 2329 et
3284 2271 3369 2328 Jo.
3409 2270 3664 2328 Rainoldi

2083 2366 2373 2421 Censuram
2399 2367 2817 2437 apocryphorum
2845 2366 3128 2429 librorum,
3158 2374 3294 2421 tum.
3317 2364 3360 2430 1,
3392 2381 3516 2436 pag.
3535 2365 3662 2423 803.

2081 2456 2290 2514 Prodiit
2319 2459 2511 2514 Latina
2541 2459 2893 2530 Trapezuntii
2914 2459 3099 2516 versio
3119 2458 3354 2516 Tarvisii
3386 2460 3545 2526 “80,
3567 2460 3662 2516 fol.

2084 2552 2361 2621 [Curatius
2389 2553 2723 2624 uberiusque
2750 2560 3146 2609 enumerarunt
3175 2562 3230 2607 et
3269 2564 3667 2610 recensuerunt

2080 2644 2206 2700 edd.
2235 2649 2350 2716 ipse
2383 2643 2669 2702 Fabricius
2702 2646 2759 2700 in
2796 2643 3037 2708 Delectu,
3070 2655 3202 2709 etc.,
3223 2644 3260 2700 l.
3281 2661 3355 2708 e.,
3389 2644 3665 2701 Maittaire

2079 2741 2134 2790 et
2161 2735 2216 2790 in
2253 2735 2442 2806 primis
2475 2736 2601 2790 edd.
2634 2751 2763 2792 saec.
2793 2752 2862 2790 xv
2893 2736 2996 2790 cel.
3025 2733 3235 2790 Panter
3267 2737 3383 2806 (qui
3419 2737 3555 2792 alios
3585 2737 3664 2792 ci-

2078 2831 2196 2878 tare
2227 2824 2365 2879 solet
2400 2824 2826 2897 bibliographos)
2867 2825 2923 2879 in
2953 2825 3022 2880 Α.
3058 2824 3119 2879 Τ.
3151 2824 3292 2880 Add.
3329 2842 3449 2897 qua:
3472 2827 3663 2883 obser-

2077 2916 2199 2970 vavi
2229 2915 2284 2970 in
2312 2912 2517 2970 Introd.
2557 2917 2612 2970 in
2651 2914 2794 2970 Hist.
2825 2913 2890 2970 L.
2924 2913 3042 2980 δι’..
3077 2916 3114 2970 l.
3152 2931 3228 2980 e.,
3258 2931 3380 2987 pag.
3413 2915 3519 2971 219
3550 2932 3659 2988 sq.,

2078 3016 2192 3062 not.
2228 3004 2426 3061 Paucis
2464 3006 2634 3074 igitur
2679 3007 2968 3070 versionis,
2999 3021 3029 3061 a
3057 3005 3425 3077 Trapezuntio
3458 3006 3616 3063 facta:
3641 3047 3658 3072 ,

2077 3099 2202 3156 edd.
2245 3099 2517 3154 indicabo.
2563 3098 2806 3157 Venetiis
2840 3100 2982 3172 typis
3017 3099 3190 3155 Nicol.
3219 3099 3472 3168 Jenson.,
3498 3101 3658 3167 1470,

2083 3190 2174 3246 lol.
2210 3191 2470 3263 (Antonii
2517 3191 2852 3248 Cornazzani
2905 3196 3246 3264 praemissum
3313 3196 3660 3252 octostichon

2079 3284 2424 3392 emendatius
2449 3285 2665 3392 iteravit
2690 3284 2975 3392 Fabricius
2995 3287 3049 3342 in
3084 3286 3317 3354 Delectat,
3341 3296 3472 3353 etc.,
3491 3304 3658 3392 gnam

2080 3377 2349 3435 Maittaire
2375 3379 2444 3434 Α.
2497 3378 2559 3435 T.
2592 3379 2643 3445 Ι,
2688 3395 2744 3450 p.
2780 3378 2885 3447 67,
2932 3381 3346 3452 exscripserat.)
3371 3411 3444 3422 —
3474 3377 3659 3452 (ibid.)

2077 3485 2173 3541 per
2217 3470 2385 3526 Leon.
2425 3471 2581 3526 Aurl.
2615 3471 2799 3543 (quem
2830 3479 3198 3528 correctorem
3249 3481 3344 3526 aut
3392 3470 3660 3526 editorem

2077 3563 2266 3628 fuisse,
2285 3564 2656 3620 characterem
2689 3572 2870 3620 autem
2891 3563 3199 3619 Romanum
3227 3579 3353 3620 esse
3382 3563 3655 3629 eumdem,

2076 3672 2186 3728 quo
2214 3657 2387 3713 Adam
2429 3657 2498 3714 de
2533 3657 2843 3729 Ambergau
2871 3658 3014 3713 1472
3057 3658 3340 3715 Ciceronis
3381 3658 3659 3715 orationes

2076 3750 2392 3820 impressit,
2451 3750 2709 3821 opinatur
2749 3750 2820 3805 cl.
2879 3748 3109 3806 Panzer.
3164 3749 3264 3816 111,
3307 3765 3361 3822 p.
3384 3748 3566 3819 98),s.
3593 3747 3658 3814 1.,

2077 3842 2237 3908 ms.
2271 3841 2368 3898 tot.
2401 3843 2542 3899 Add.
2589 3843 2662 3898 cl.
2695 3842 2906 3899 Morell.
2939 3842 3007 3897 ad
3035 3828 3158 3898 Cat.
3193 3843 3326 3900 bibl.
3351 3841 3548 3898 Pinell.
3598 3841 3653 3906 ι,

2071 4020 2121 4076 J.
2157 4020 2215 4074 Β.
2251 4019 2526 4076 Aucherio
2579 4021 2682 4092 sub
2713 4021 2912 4079 titulo:
2961 4021 3172 4080 Eusebii
3223 4022 3520 4079 Chronicon
3570 4025 3664 4092 bi-.

2074 4093 2623 4183 partitum,7Arnt._et
2645 4090 2763 4147 Lat.
2796 4094 3018 4218 (additis
3042 4109 3143 4176 suo
3170 4094 3288 4148 loco
3315 4094 3520 4149 Graecis
3545 4095 3654 4149 lra-

2074 4171 2326 4219 ιιηιεηῑιδι
2353 4162 2592 4217 Venetus
2616 4163 2773 4218 1818.
2827 4163 2844 4216 l
2869 4166 3083 4219 Partes.
3117 4165 3270 4219 ιιι-4⁸.
3297 4167 3458 4219 Eutr.
3477 4163 3654 4219 Pun.

2915 4174 3083 4228 artes,
3117 4174 3270 4220 iit-4°.
3299 4174 3458 4219 Ευιτ.
3479 4174 3654 4222 t’nl.

2143 4233 2232 4305 (ὁ)
2259 4233 2528 4305 Eusebius
2557 4234 2672 4300 ipse
2711 4251 2788 4295 vr.
2837 4236 2939 4298 10,
2987 4235 3466 4305 Pra'parat.,pag.
3515 4236 3653 4302 280,

2070 4298 2170 4358 ὀὐ
2191 4303 2262 4428 62
2289 4306 2384 4358 καὶ
2407 4298 2639 4374 μάλισὲα
2679 4307 2810 4376 ἡμῖν
2840 4305 2920 4358 δεῖ
2947 4308 3026 4370 εἰς
3067 4298 3164 4377 τήν
3201 4307 3299 4378 τῆς
3331 4298 3653 4375 Eiram-ext;

2070 4375 2186 4428 κῆρ
2266 4373 2586 4428 ποδείεεωρ
2619 4375 3148 4428 ποοπιιοασκευήν.
3199 4376 3350 4428 Adde
3403 4376 3498 4428 lib.
3553 4393 3652 4428 xv.

2069 4375 2186 4444 κῆς
2225 4373 2586 4440 ἀποδεῖξεως
2619 4373 3148 4446 πρόπιιρασκευήιέ.
3199 4373 3350 4431 Adde
3403 4373 3512 4430 lib.
3553 4393 3652 4440 xv,

2070 4461 2192 4516 cap.
2228 4448 2279 4512 1,
2315 4446 2406 4499 ubi
2441 4453 2566 4516 post
2608 4449 2909 4516 expositam
2940 4447 3134 4501 horum
3162 4447 3429 4502 librorum
3455 4461 3654 4502 anare-

1993 4502 2044 4562 D
2073 4502 2371 4586 ph'alteosin
2395 4502 2505 4583 ai't,
2548 4502 2759 4581 jam'ad
2803 4518 3329 4573 demonstrationem
3379 4519 3653 4587 evangeli-

2074 4602 2195 4659 cat_n
2227 4593 2489 4659 tanquam
2532 4587 2772 4659 nobilius
2800 4595 3183 4659 argumentum
3243 4604 3302 4643 se
3357 4589 3647 4659 progredi:

2074 4657 2246 4710 Τοῦτο
2274 4653 2464 4780 δὶόὀῦν
2500 4655 2595 4709 σὺν
2626 4656 2747 4729 Θεῴ
2793 4653 2892 4712 διτῖ
2922 4659 3021 4730 τῆς
3059 4659 3315 4729 ἀληθείας
3357 4653 3488 4728 ἧμῖῦ
3529 4661 3643 4712 ἐπι-

2074 4745 2316 4780 σωοαγισ
2351 4729 2520 4780 ἐντος.
2555 4726 2624 4780 τὰ
2659 4729 2757 4780 μὲν
2794 4729 2891 4780 τῆς
2919 4729 3381 4780 ποοπαοασκευῆε
3417 4729 3643 4780 ἐνταῦθά

2074 4726 2520 4801 σφραγισθέντος,
2555 4726 2624 4782 τὰ
2658 4726 2757 4798 μέν
2794 4729 2891 4801 τῆς
2919 4726 3651 4801 προπαρὰσκευῆξὲνταῦθά

2073 4799 2161 4870 μοὶ
2197 4799 2685 4871 περγιγραφήᾳεται.
2729 4799 2985 4871 statues;
3020 4801 3077 4871 ᾅὲ
3106 4799 3197 4871 ἐπὶ
3217 4802 3314 4871 τὴν
3343 4800 3649 4854 ἐντελεστέ-

2075 4865 2174 4942 ῥαν
2209 4865 2462 4924 ὑτέόθέσιύ
2488 4865 3006 4942 ἐῆςΕὺαη-ελικῆς
3019 4865 3528 4942 ἀβοδείξὲωςθῑο.
3558 4873 3650 4926 Li-

2073 4939 2200 4997 bros
2223 4957 2291 4995 xv
2311 4939 2823 5008 Προπαρασκευῆς
2845 4940 3169 5009 evangelica:
3197 4949 3462 4994 memorat
3482 4942 3646 4996 etiam

2069 5010 2294 5066 ilieron.
2317 5020 2371 5065 et
2395 5026 2462 5064 ex
2494 5011 2633 5064 libro
2664 5025 2760 5063 vm
2794 5012 2972 5064 locum
3002 5010 3204 5078 profert
3224 5012 3276 5064 in
3307 5027 3513 5066 nonum
3539 5011 3648 5064 Da-

2070 5082 2245 5138 nielis.
2273 5079 2493 5136 FABIIC:
2535 5110 2605 5119 —
2632 5079 2792 5135 Conl.
2827 5079 2909 5134 Du
2951 5079 3074 5138 Pin.
3110 5080 3310 5134 Eccles.
3368 5091 3647 5135 auctorum

2069 5153 2198 5207 bibl.
2227 5169 2370 5218 nov.,
2395 5152 2457 5218 11,
2483 5167 2536 5222 p.
2581 5152 2680 5214 10,
2713 5159 2766 5205 et
2795 5149 3106 5206 Fabricium
3152 5160 3402 5207 nostrum
3451 5152 3505 5206 in
3542 5152 3646 5206 De-

2069 5223 2207 5278 lectu
2239 5233 2600 5293 argumentor.
2652 5229 2702 5274 et
2753 5222 2960 5293 syllaba
2995 5222 3239 5290 scriptor.
3291 5239 3388 5290 pro
3433 5225 3650 5277 veritate

2067 5296 2218 5365 relig.
2243 5292 2582 5365 Christianas,
2607 5306 2730 5364 pag.
2759 5292 2826 5346 72
2854 5308 3002 5362 sqq.,
3033 5293 3131 5365 (ubi
3171 5293 3351 5365 locum
3391 5293 3536 5348 hunc
3581 5293 3647 5352 Β.

2062 5364 2411 5436 ϐτζτθρριῇι
2443 5373 2497 5419 et
2525 5364 2767 5434 pleniore
2795 5364 3099 5436 praesertim
3133 5364 3260 5418 edd.
3299 5366 3494 5420 notitia
3532 5381 3649 5418 am-

2066 5434 2308 5505 plicavit.
2351 5434 2524 5488 IIARL.

2136 5506 2208 5572 (c)
2246 5505 2647 5575 Trapezuntius
2678 5512 2860 5561 tamen
2901 5506 2956 5564 in
2986 5505 3148 5574 epist.
3178 5504 3246 5559 ad
3288 5505 3571 5561 Nicolaum
3608 5501 3648 5559 ν

2063 5579 2348 5648 proﬁtetur
2387 5592 2447 5632 se
2479 5576 2628 5630 illius
2658 5576 2842 5644 jussu,
2882 5577 3116 5632 sentibus
3159 5579 3445 5644 amputatis
3491 5577 3568 5645 (h.
3596 5591 3647 5631 e.

2064 5653 2133 5704 iis
2155 5649 2400 5708 omissis.
2424 5663 2545 5718 quae
2575 5649 2680 5702 sibi
2698 5649 2910 5718 scilicet
2938 5648 3173 5702 haeresin
3198 5649 3348 5705 olere
3389 5648 3643 5701 videren-

2064 5725 2176 5787 tur)
2205 5735 2357 5774 rosas
2388 5717 2720 5775 solummodo
2749 5717 2956 5776 Latinis
2986 5718 3282 5774 hominibus
3328 5721 3427 5774 hac
3457 5718 3646 5770 tradu-

2063 5794 2233 5851 ctione
2264 5791 2535 5850 obtulisse.
2580 5788 2752 5848 Haut.
