4126 6444
427 354 490 405 21
1902 353 1992 409 ΝΟ

2093 353 2199 410 ΓΙΑ.
3601 363 3674 417 22

428 483 550 538 pag.
582 465 670 521 61.
700 496 771 508 —
813 464 1057 523 Venetiis
1089 482 1184 538 per
1214 465 1388 524 Nico].
1431 467 1679 533 Jenson.,
1710 468 1868 532 1476,
1901 468 1992 524 fol.
2026 476 2072 531 Α
2100 469 2297 523 librum
2331 467 2751 538 Prwparationis
2776 482 3004 532 nonum,
3024 485 3090 524 ex
3119 486 3228 540 quo
3260 473 3429 526 multa
3457 474 3686 528 restitui.

425 591 496 601 —
525 559 758 614 Tarvisii
789 562 963 626 1480,
993 561 1112 626 fol.,
1155 562 1293 633 typis
1328 561 1489 617 Mich.
1528 563 1838 626 Manzolini,
1866 563 1998 617 Par-

425 653 629 706 mensis
665 651 752 723 (de
782 667 890 722 quo
925 653 1258 723 typographo
1282 671 1332 708 v.
1368 653 1508 709 lren.
1535 654 1675 719 Affo,
1711 653 1906 725 Saggio
1943 655 1998 708 di

426 746 672 798 memorie
700 747 842 800 sulla
883 748 1070 815 tipogr.
1108 746 1394 800 Parmense
1433 747 1517 801 del
1569 766 1669 802 sec.
1707 767 1793 815 xv,
1834 766 1885 819 p.
1929 751 1997 804 58

430 834 602 904 sqq.).
632 865 700 875 -—
723 835 910 890 Venet.
939 836 1097 897 1487.
1131 835 1222 890 fol.
1251 835 1402 889 Hanc
1444 837 1658 905 quidem
1690 838 1820 893 edit.
1865 838 1997 891 citat

429 925 698 981 Maittaire
723 927 807 992 111,
839 943 959 997 pag.
996 927 1123 995 487,
1152 944 1218 983 ex
1251 930 1413 983 catal.
1463 930 1733 1000 quodam;
1767 930 1860 984 sed
1891 929 1995 984 du-

429 1017 564 1072 bitat
593 1019 664 1075 cI.
693 1017 920 1074 Panzer.
957 1018 1021 1072 Ill
1041 1059 1056 1085 ,
1102 1035 1156 1089 p.
1182 1019 1307 1082 248,
1340 1019 1408 1075 de
1434 1036 1560 1075 vera
1588 1022 1714 1075 anni
1747 1029 1874 1075 uota
1898 1063 1912 1084 ,
1943 1029 1996 1076 et

429 1111 736 1179 suspicatur
791 1128 915 1168 esse
963 1127 1081 1166 eam
1138 1129 1188 1166 a.
1249 1113 1420 1178 1497;
1478 1129 1598 1184 pag.
1645 1121 1824 1170 autem
1867 1115 1994 1180 417,

429 1219 483 1254 ιι.
517 1201 676 1265 2250,
709 1203 866 1258 istam
895 1205 980 1259 ed.
1013 1220 1064 1258 a.
1100 1206 1234 1259 1487
1267 1205 1554 1276 prodiisse,
1580 1205 1781 1261 diserte
1813 1214 1993 1275 negat.

426 1322 496 1336 —
524 1291 763 1349 Venetiis
789 1296 944 1359 1491,
977 1296 1069 1349 fol.
1121 1295 1284 1352 Denis
1319 1299 1371 1351 in
1403 1297 1694 1366 Supplem.,
1723 1314 1846 1368 pag.
1870 1300 1992 1354 507.

425 1411 494 1420 -
522 1381 712 1438 Euseb.
743 1384 818 1438 De
846 1401 1069 1453 prrrpar.
1103 1389 1333 1454 evangel.
1375 1395 1424 1440 et
1469 1388 1758 1443 demonstr.
1789 1388 1995 1442 Patavii

425 1474 584 1538 1497,
619 1474 712 1530 fol.
751 1476 1041 1546 (Maittaire
1075 1477 1166 1545 IV,
1209 1495 1328 1548 pag.
1361 1478 1486 1541 659,
1515 1488 1630 1534 not.
1655 1479 1682 1532 1
1710 1519 1724 1540 ,
1767 1495 1831 1534 ex
1863 1479 1998 1534 Loe-

424 1565 647 1630 schero,
698 1576 834 1624 teste
881 1585 988 1623 non
1053 1586 1267 1639 semper
1319 1579 1468 1624 certo
1521 1569 1753 1640 fidoque.
1813 1570 1997 1641 Neque

424 1655 619 1728 Georg.
654 1659 1072 1730 Trapezuntius,
1099 1662 1190 1716 sed
1222 1661 1418 1717 Donat.
1440 1661 1640 1717 Veron.
1662 1661 1852 1719 Latine
1874 1680 1994 1718 ver-

424 1751 487 1804 tit
516 1749 647 1806 Eus.
689 1751 1202 1808 Demonstratiauem
1232 1754 1510 1824 evangelio.
1568 1741 1633 1808 ν.
1659 1753 1842 1811 Nicer.
1882 1755 1996 1811 Me-

2101 561 2312 632 possint
2344 561 2399 614 in
2426 560 2590 615 editis
2637 561 2949 630 depravata.
2987 559 3186 617 Habuit
3217 571 3272 618 et
3315 562 3508 618 Thom.
3541 564 3689 621 Gale-

2101 653 2274 708 libros
2306 653 2405 709 bos
2444 653 2763 708 emendatos
2813 670 2878 708 ex
2923 655 3254 711 membranis
3301 655 3546 726 antiquis
3570 656 3669 728 (cl.

2100 743 2520 814 Dispositionem
2538 746 2742 816 Operis,
2764 746 3136 817 librorumque
3159 747 3495 818 singulorum
3509 753 3641 818 quin
3654 778 3671 790 -

2099 836 2270 891 decim
2306 846 2684 906 argumentum
2730 837 2968 894 breviter
2993 840 3213 910 exponit
3251 839 3517 898 Eusebius
3545 840 3668 896 libri

2098 941 2169 979 xv
2197 926 2376 996 capite
2409 927 2459 989 1,
2485 933 2737 990 testatus,
2775 937 2832 982 ut
2879 927 2990 982 dixi
3015 971 3030 993 ,
3077 946 3136 985 se
3165 931 3291 986 inde
3312 931 3379 984 ad
3401 930 3498 1002 τὴν
3521 931 3662 983 ὲντε-

2097 1018 2353 1091 λεστέραν
2395 1019 2646 1073 ὑπόθεσιν
2673 1016 3187 1091 τῆςΕὺατγελικῆς
3201 1017 3582 1086 ἀποδείξεως,
3597 1024 3670 1074 ad

2099 1110 2372 1179 augustius
2420 1121 2807 1181 argumentum,
2851 1109 3364 1166 Demonstrationem
3409 1114 3668 1184 evangeli-

2099 1218 2234 1264 eam,
2266 1217 2701 1272 progressurum.

2168 1292 2307 1349 Add.
2334 1294 2548 1358 Fabric,
2582 1299 2634 1348 in
2658 1294 2894 1360 Delectu,
2919 1304 3023 1350 etc.
3049 1335 3064 1359 ,
3107 1312 3228 1367 pag.
3265 1297 3360 1362 74,
3390 1311 3500 1367 quo
3525 1303 3665 1350 teste

2099 1381 2256 1438 Rich.
2291 1382 2477 1439 Simon
2507 1394 2639 1440 tom.
2682 1385 2867 1438 IBibl.
2907 1387 3128 1451 selectae,
3183 1402 3305 1456 pag.
3335 1386 3434 1453 56,
3475 1392 3661 1448 notat,

2099 1485 2231 1524 mss.
2264 1471 2509 1526 codicem
2545 1471 2671 1542 (sed
2711 1471 2952 1540 quinque
2986 1480 3194 1526 tantum
3231 1472 3523 1543 librorum)
3567 1488 3660 1527 ex-

2099 1567 2245 1616 stare
2274 1561 2328 1615 in
2361 1563 2490 1618 bibl.
2549 1579 2660 1634 reg.
2723 1561 2897 1620 Paris.
2927 1604 2941 1627 ,
2983 1563 3318 1619 differentem
3362 1565 3564 1634 passim
3597 1564 3668 1618 ab

2098 1651 2280 1714 editis,
2311 1653 2645 1724 dignumque
2669 1653 2762 1723 qui
2794 1653 3126 1710 conferatur.
3159 1686 3230 1695 —
3255 1655 3312 1708 In
3346 1656 3477 1710 bibl.
3515 1655 3666 1725 publ.

2099 1742 2277 1800 Paris.
2310 1755 2457 1809 sunt,
2489 1745 2788 1800 secundum
2819 1743 2992 1799 Catal.
3027 1745 3185 1801 codd.
3223 1755 3355 1800 tom.
3387 1747 3431 1800 ll
3453 1787 3467 1811 ,
3504 1748 3666 1816 quin-

425 1861 556 1898 mor.
593 1844 709 1900 νγ.
736 1846 880 1910 DD.,
909 1855 1042 1900 tom.
1064 1847 1152 1907 XI,
1173 1863 1294 1917 pag.
1328 1820 1418 1912 26,
1447 1864 1512 1902 ex
1535 1851 1782 1904 versione
1801 1850 1997 1904 Baum-
2027 1820 2069 1874 Β
2097 1852 2202 1906 que
2232 1837 2392 1892 COdd-
2424 1837 2516 1892 δι’·
2555 1857 2568 1894 ³
2613 1839 2735 1893 οοά·
2767 1836 2954 1903 CD”:
2985 1855 3145 1909 (ιυθιη
3187 1839 3344 1894 RiCh-
3382 1838 3571 1894 Simon
3610 1840 3666 1894 in

423 1937 662 2008 garteh.)
692 1969 762 1977 —
793 1938 1065 2001 Venetiis,
1121 1938 1403 2010 diligentia
1433 1941 1723 1996 Benardini
1755 1942 1957 1996 Benalii
1979 1983 1993 2006 ,

429 2028 586 2095 1497,
623 2028 718 2083 fol.
761 2029 833 2100 (ν.
881 2029 1055 2085 Fossii
1092 2031 1208 2085 Cat.
1259 2033 1378 2097 cit.,
1412 2043 1543 2088 tom.
1575 2035 1616 2099 l,
1653 2050 1705 2104 p.
1741 2034 1891 2104 650)
1924 2063 1998 2072 -

425 2118 617 2175 Venet.
653 2121 807 2189 1500,
835 2122 928 2178 fol.
965 2123 1039 2194 (v.
1083 2122 1238 2179 Foss.
1267 2126 1302 2178 l.
1351 2143 1395 2181 c.
1421 2167 1435 2189 ,
1468 2143 1588 2198 pag.
1622 2128 1754 2194 651;
1783 2128 1989 2185 Goetzii

429 2209 648 2266 Memor.
675 2213 798 2267 bibl.
827 2213 1125 2282 Dresdens.,
1153 2214 1214 2276 II,
1239 2233 1358 2287 pag.
1375 2217 1498 2282 285,
1532 2219 1587 2273 in
1613 2219 1803 2290 primis
1833 2218 1986 2290 Frey-

424 2311 533 2374 tag.
563 2306 762 2374 Appar.
792 2307 978 2369 litter.,
1013 2309 1029 2361 I
1056 2348 1071 2371 ,
1120 2325 1173 2379 p.
1212 2310 1316 2364 652
1360 2328 1504 2380 sqq.,
1537 2313 1628 2380 qui
1676 2289 1880 2366 inultus
1912 2289 1996 2366 est

422 2395 489 2450 de
519 2395 866 2466 Trapezuntii
921 2401 1172 2454 versione
1219 2409 1274 2456 et
1330 2402 1448 2471 ipso
1483 2402 1716 2457 Eusebio
1767 2404 1995 2474 ejusque

420 2485 715 2557 doetrina.)
743 2518 813 2526 ——
868 2486 996 2542 Sine
1049 2490 1168 2543 loco
1199 2501 1253 2546 et
1284 2506 1447 2555 anno,
1482 2492 1660 2544 in-fol.
1698 2491 1991 2562 (Coloniae,

421 2577 666 2632 cbaract.
700 2577 938 2648 gothico,
969 2577 1085 2634 Ulr.
1123 2579 1400 2651 Zelii,quo
1432 2582 1570 2636 1475
1594 2581 1734 2636 Rob.
1759 2584 1824 2638 de
1843 2583 1993 2639 Licio

423 2685 702 2725 sermones
729 2672 988 2740 vulgavit,
1021 2679 1148 2728 test.
1187 2671 1371 2735 Denis.
1401 2674 1584 2744 Suppl.
1619 2676 1660 2738 l,
1707 2691 1762 2746 p.
1789 2676 1916 2740 560,
1941 2686 1994 2731 et

420 2759 603 2815 Lairio
629 2763 684 2815 in
730 2761 912 2817 Indice
948 2763 1202 2817 librorum
1237 2765 1301 2818 ab
1333 2767 1538 2820 iuventa
1573 2767 1908 2837 lypograph.,
1949 2769 1988 2832 1,

422 2867 544 2923 pag.
608 2853 708 2909 I29
755 2855 920 2926 seq.),
955 2855 1222 2927 Hagenozn
1277 2857 1436 2922 1522,
1474 2858 1529 2922 4,
1559 2888 1633 2898 —
1672 2857 1846 2916 Paris.
1899 2877 1986 2931 ap.

423 2947 559 3000 Sim.
582 2945 761 3003 Colin.
804 2948 962 3016 1554,
991 2949 1045 3003 4.
1073 2948 1277 3022 [lauru]
1307 2949 1498 3004 Colon.
1531 2949 1699 3016 1559,
1757 2950 1851 3006 fol.
1871 2994 1885 3018 ,
1941 2961 1993 3005 et

424 3038 565 3092 inter
595 3037 810 3093 Eusebii
834 3055 998 3108 opera
1030 3041 1194 3097 Basil.
1237 3041 1400 3106 1542,
1432 3042 1592 3105 1549,
1625 3043 1782 3107 1559,
1820 3044 1990 3107 1570,

2097 1928 2349 1984 manibus
2401 1928 2658 1983 habuisse
2711 1927 2948 1982 videtur.
3011 1929 3060 1982 Is
3122 1931 3366 1984 continet
3411 1929 3582 1985 libros
3633 1948 3667 1983 v

2097 2021 2323 2091 priores.
2351 2052 2417 2062 —
2448 2020 2506 2075 In
2545 2022 2702 2076 codd.
2741 2021 3297 2078 CDLXV-CDLXVIH
3325 2029 3541 2077 exstant
3597 2039 3667 2076 xv

2095 2118 2238 2172 libri.
2264 2117 2578 2172 —Codices
2609 2117 2741 2171 bibl.
2761 2115 2998 2172 Floreat.
3017 2116 3136 2171 cod.
3162 2115 3232 2169 Vl
3259 2125 3312 2170 et
3333 2115 3422 2181 IX,
3449 2119 3585 2186 plut.
3607 2115 3663 2177 6,

2095 2209 2368 2278 praecipue
2425 2208 2683 2278 priorem,
2718 2207 2938 2278 copiose
2988 2207 3248 2263 describit
3271 2207 3574 2262 Bandinius
3609 2206 3664 2260 in

2094 2298 2216 2355 Cat.
2273 2299 2427 2354 codd.
2463 2299 2555 2356 Gr.
2599 2299 2638 2367 I,
2679 2316 2799 2372 pag.
2847 2301 3212 2367 102-105,_et
3263 2316 3316 2370 p.
3358 2298 3478 2352 114.
3522 2298 3668 2354 Con-

2094 2394 2268 2449 tinent
2319 2409 2446 2448 vero
2492 2394 2566 2448 illi
2617 2395 2787 2449 libros
2843 2411 2932 2448 xv.
2961 2391 3297 2448 —Venetiis
3329 2393 3383 2446 in
3430 2393 3562 2448 bibl.
3599 2392 3665 2449 D.

2092 2485 2258 2542 Marci
2291 2487 2578 2542 codd.tres
2607 2485 3197 2542 CCCXLI-(lCCXLlH.
3223 2484 3288 2540 V.
3313 2484 3662 2542 Catal.codd.

2095 2578 2212 2644 Gr.,
2243 2596 2298 2650 p.
2348 2580 2470 2635 157.
2518 2609 2582 2619 ——
2615 2579 2836 2651 Neapoli
2871 2581 2928 2635 in
2964 2581 3096 2636 bibl.
3129 2578 3186 2634 S.
3237 2577 3396 2633 Joan.
3435 2579 3504 2634 de
3532 2579 3666 2634 Car-

2093 2673 2321 2726 bonaria
2359 2673 2737 2743 Augusﬁnian.
2779 2673 2904 2728 cod.
2929 2671 3072 2728 XXI.
3114 2703 3186 2712 —
3229 2671 3362 2727 Ibid.
3420 2672 3476 2726 in
3529 2672 3665 2727 bibl.

2094 2767 2263 2835 regia,
2297 2765 2421 2820 cod.
2455 2764 2658 2820 CCXX.
2690 2797 2760 2807 —
2792 2765 2973 2822 Fesuli
3019 2767 3072 2819 in
3109 2765 3239 2820 bibl.
3281 2765 3514 2820 camobii
3573 2779 3666 2818 ca-

2094 2859 2276 2912 nonic.
2314 2855 2447 2909 Eus.
2483 2857 2657 2926 Prtrp.
2690 2876 2894 2927 evang.,
2935 2859 3228 2928 interprete
3252 2857 3317 2913 G.
3347 2856 3665 2928 Trapezun-

2092 2953 2188 3005 tio.
2223 2948 2539 3020 (Montfauc.
2591 2951 2740 3004 Diar.
2793 2950 2946 3014 Ital.,
2985 2965 3107 3020 pag.
3148 2948 3297 3019 592.)
3338 2981 3408 2990 -
3462 2947 3668 3002 Vindo-

2093 3041 2250 3094 bonze
2281 3041 2335 3094 in
2372 3040 2502 3094 bibl.
2553 3042 2754 3095 Caesar.
2809 3041 2932 3095 cod.
2958 3039 3048 3102 XI,
3084 3057 3138 3093 ιι.
3177 3039 3230 3103 6,
3257 3050 3311 3093 et
3343 3039 3466 3095 cod.
3507 3036 3668 3102 XIV,

425 3125 1990 3204 fol.,et1’aris.1587,fol.,(a)sedinlibrisquatuordecim
2034 3201 2059 3204 ὲ
2095 3131 2231 3190 n..4,
2263 3137 2517 3199 excerpta
2550 3131 2703 3200 plura
2753 3146 2820 3184 cx
2872 3130 3107 3184 Eusebio
3142 3129 3220 3183 De
3249 3146 3412 3198 pra’p.
3447 3147 3668 3198 evang.,

426 3217 699 3286 supplevit
751 3217 836 3273 Jo.
863 3219 1100 3275 Thomas
1132 3201 1376 3292 Freigius
1397 3201 1808 3294 et,qui—scbolia
1831 3228 1993 3282 etiam
2021 3201 2062 3256 Ο
2097 3237 2216 3290 qua:
2249 3220 2460 3288 SingUIa
2492 3229 2738 3275 ΐεοθηδεῑ
2769 3219 3022 3274 Lambec-
3052 3219 3168 3274 Cal-
3201 3220 3505 3285 00dd..VOI-
3529 3219 3666 3282 Vl”.

426 3308 652 3372 addidit,
685 3309 845 3365 Joan.
893 3311 1132 3368 Jacnbus
1167 3313 1465 3386 Grynzeus;
1497 3318 1694 3372 librum
1725 3319 1996 3374 decimum

423 3401 671 3470 quintum
709 3405 867 3457 vertit
899 3404 1114 3460 Marcus
1145 3404 1445 3475 Hopperus.

494 3492 681 3550 Graece
727 3496 935 3566 primus
982 3499 1222 3567 vulgavit
1252 3498 1389 3553 Rob.
1452 3500 1762 3571 Stephanus
1819 3502 1994 3558 Paris.

425 3585 584 3646 1544,
623 3587 738 3651 fol,
773 3591 916 3659 typis
957 3590 1143 3659 regiis.
1189 3589 1432 3662 Denique
1476 3592 1806 3650 Franciscus
1839 3593 1998 3666 Vige—

423 3693 540 3742 rus,
571 3677 1026 3749 Rotbomagensis
1051 3722 1065 3745 ,
1119 3680 1176 3737 S.
1211 3681 1260 3736 J.
1293 3684 1577 3755 presbyter
1599 3725 1612 3749 ,
1670 3701 1735 3741 ex
1785 3686 1997 3742 duobus

424 3771 708 3826 codicibus
736 3771 867 3826 bibl.
914 3773 1104 3841 regias,
1161 3789 1394 3842 quorum
1453 3777 1625 3831 altero
1682 3775 1996 3846 Stephanus

424 3879 558 3919 usus
587 3863 783 3923 fuerat,
816 3865 1158 3934 laudatisque
1187 3866 1256 3920 ab
1283 3866 1402 3935 ipso
1431 3866 1665 3922 Eusebio
1709 3870 1993 3939 scriptori-

425 3957 548 4020 bus,
582 3962 637 4010 et
663 3956 830 4010 variis
873 3957 998 4011 lect.
1030 3957 1238 4011 codicis
1263 3955 1655 4012 Montacutiani
1685 3957 1872 4014 Graeca
1903 3976 1995 4016 re-

421 4045 669 4109 censuit,
724 4061 1028 4115 novamque
1077 4047 1356 4102 meliorem
1399 4048 1703 4120 versionem
1736 4065 1890 4104 suam
1941 4058 1996 4105 et

425 4146 582 4192 notas
613 4138 930 4207 iudicesque
978 4138 1186 4193 addidit
1226 4139 1399 4196 Paris.
1434 4141 1594 4210 1628,
1618 4142 1710 4201 fol.
1739 4143 1814 4214 (b)
1839 4163 1851 4197 :
1875 4159 1995 4213 quae

421 4231 590 4284 editio
624 4229 1033 4286 Crwco-Latina
1073 4247 1266 4287 recusa
1295 4242 1378 4288 est
1409 4231 1605 4302 Lipsiae
1631 4234 1778 4305 (licet
1803 4235 1993 4291 titulus

422 4321 697 4377 Coloniam
753 4322 1020 4393 praeferat)
1050 4323 1223 4390 1688,
1259 4323 1352 4380 fol.
1385 4324 1613 4380 Exstant
1650 4329 1812 4381 etiam
1847 4328 1898 4380 Iti
1930 4329 1994 4382 li-

420 4415 506 4468 bri
539 4431 669 4469 mss.
720 4415 774 4468 in
820 4415 950 4470 bibl.
987 4413 1335 4481 Florentina,
1395 4425 1448 4471 et
1501 4416 1698 4472 Veneta
1730 4418 1788 4472 S.
1827 4417 1992 4474 Marci

423 4506 535 4572 (ubi
567 4515 682 4560 tres
704 4506 920 4560 codices
950 4505 1114 4573 hujus
1147 4508 1350 4576 operis,
1378 4515 1515 4564 teste
1560 4509 1989 4577 Montfauconio,

423 4613 542 4667 pag.
589 4598 658 4655 42
717 4598 888 4652 Diarii
933 4597 1172 4671 Italici),
1231 4601 1479 4671 aliisque.
1514 4600 1570 4656 In
1611 4603 1800 4657 codice
1854 4603 1985 4658 bibl.

422 4688 584 4756 regiae
638 4689 694 4741 in
747 4690 851 4744 fine
895 4691 1059 4744 trium
1113 4692 1357 4759 priorum
1409 4693 1673 4747 librorum
1726 4710 1989 4751 numerus

421 4779 617 4848 στίχων
645 4781 915 4849 ascriptus
945 4789 1046 4846 est,
1081 4792 1136 4835 ut
1158 4784 1367 4836 notavit
1391 4785 1530 4838 idem
1550 4784 1990 4842 Montfauconius

421 4871 472 4924 in
511 4870 916 4942 Palceographia
941 4872 1146 4940 Gra'ca,
1171 4893 1292 4946 pag.
1319 4876 1444 4933 276.
1478 4878 1534 4933 In
1563 4878 1822 4949 Catalogo
1851 4895 1984 4935 mss.

419 4962 488 5017 Is.
522 4961 726 5028 Vossii,
759 4978 909 5018 num.
942 4963 1065 5029 197,
1098 4965 1732 5033 adnotatColomesius,
1771 4979 1990 5025 exstare

490 5099 567 5177 (α)
607 5100 971 5177 Hocguoque
997 5103 1120 5177 loco
1153 5119 1184 5158 a
1225 5103 1385 5177 Fabr.
1423 5121 1704 5176 perperam
1750 5109 1988 5177 scriptus

421 5168 589 5225 fuisse
616 5187 666 5224 a.
698 5168 856 5244 1581,
884 5168 938 5226 et
958 5173 1314 5244 corrigendus
1346 5168 1469 5231 esse
1500 5168 1714 5232 videtur
1745 5194 1796 5232 a.
1825 5168 1984 5243 1587,

419 5243 1004 5319 «ξιιηιοεξιριςὶε-βυξε-ι).
1037 5243 1159 5319 opp.
1197 5260 1283 5319 ap.
1317 5245 1987 5319 Mich.Spnuium,opera

418 5307 504 5362 .Io.
539 5307 755 5386 Dadrei,
786 5307 1088 5367 Parisiens:
1113 5307 1381 5386 theologi,
1412 5318 1504 5386 qui
1546 5307 1800 5374 Pontaco'
1821 5307 1988 5374 inter-

422 5382 638 5459 rpganti
685 5396 774 5443 an,
803 5399 941 5459 cum
989 5386 1249 5459 przelixus
1275 5382 1467 5443 titulus
1501 5389 1776 5458 praeferret
1819 5391 1987 5445 libros

421 5447 639 5528 Eusebii
684 5447 1253 5528 restitutos—restituti
1289 5474 1415 5512 vere
1454 5447 1659 5521 essent,
1708 5461 1989 5528 respondit

419 5535 479 5572 se
509 5520 726 5598 quidem
751 5523 1189 5580 Commentarios
1211 5525 1423 5598 Grynaai
1449 5528 1502 5581 in
1534 5530 1626 5582 lib.
1648 5520 1738 5582 De
1757 5520 1983 5598 prwpar.

414 5591 646 5668 euangel.
680 5607 943 5662 purgasse
972 5609 1036 5647 ac
1076 5591 1390 5664 praecidisse
1431 5600 1692 5652 nonnulla
1738 5591 1987 5668 qute'Ca-

415 5660 740 5715 tholicorum
793 5660 955 5718 aures
1000 5660 1222 5732 possent
1257 5668 1557 5732 offendere;
1609 5660 1804 5724 caetera
1857 5687 1986 5726 vero

414 5745 521 5785 non
557 5733 824 5802 attigisse,
859 5733 952 5787 sed
995 5738 1330 5807 lypographo
1357 5754 1480 5795 esse
1513 5740 1818 5797 tribuenda.
1854 5740 1988 5795 Pon-

413 5809 568 5860 lacus
599 5819 726 5858 vero
761 5808 813 5858 in
853 5810 1150 5875 Apparalu,
1182 5817 1310 5874 etc.,
1346 5825 1470 5882 pag.
1525 5809 1618 5878 22,
1651 5825 1709 5867 se
1760 5810 1988 5869 allirmat

2098 3327 2152 3380 p.
2187 3312 2252 3365 75
2279 3327 2416 3380 seq.,
2439 3319 2492 3366 et
2525 3328 2648 3381 pag.
2678 3311 2747 3366 80
2785 3328 2900 3381 seq.
2936 3311 3078 3365 Idem
3113 3312 3270 3377 ibid.,
3299 3328 3354 3382 p.
3387 3312 3456 3366 50
3484 3327 3668 3366 emen-

2098 3404 2188 3456 dat
2221 3404 2565 3473 illustratque
2593 3404 2770 3458 locum
2810 3403 3048 3471 Prwpar.
3079 3405 3310 3473 evangel.
3344 3404 3439 3458 lib.
3463 3421 3516 3468 v,
3542 3419 3663 3473 cap.

2097 3496 2167 3548 27
2199 3504 2252 3551 et
2283 3495 2372 3549 28.
2401 3527 2471 3536 -
2509 3496 2728 3552 Eusebii
2762 3497 3136 3552 testimonium
3161 3497 3228 3553 de
3253 3496 3564 3552 discrimine
3597 3497 3668 3551 Ic-

2099 3589 2181 3658 gis
2220 3597 2274 3642 ct
2302 3596 2694 3657 praeceptorum
2731 3589 2784 3642 in
2832 3589 2953 3644 cod.
2989 3589 3217 3659 August.
3268 3587 3504 3652 Vindel.,
3530 3596 3667 3644 teste.

2099 3679 2326 3735 lleisero
2348 3681 2402 3734 in
2430 3681 2572 3744 Cat.,
2595 3698 2646 3750 p.
2675 3681 2764 3735 59.
2792 3711 2861 3721 ——
2887 3680 3083 3735 Oxonii
3107 3684 3162 3734 in
3193 3680 3386 3750 colleg.
3409 3679 3666 3750 Corporis

2097 3772 2320 3840 Christi,
2349 3789 2399 3827 c.
2441 3773 2744 3837 MDCCXX,
2785 3773 3037 3842 fragmm.
3069 3771 3288 3827 Eusebii
3315 3771 3393 3826 De
3434 3787 3666 3841 prwpar.

2095 3882 2268 3929 evan.,
2299 3864 2508 3919 Latine.
2543 3897 2610 3906 -—
2639 3865 2715 3920 Ib.
2750 3867 2806 3919 in
2847 3866 2971 3920 coll.
3025 3864 3224 3920 Joann.
3259 3864 3512 3935 Baptistae
3538 3864 3667 3919 cod.

2097 3956 2519 4012 MDCCLXXXII
2565 3959 2638 4012 De
2685 3974 2913 4027 purpur.
2949 3975 3153 4028 evang.,
3187 3956 3392 4013 Graace.
3423 3988 3492 3996 —
3523 3955 3672 4010 Inter.

2097 4051 2257 4105 codd.
2307 4050 2561 4106 Vossian.
2625 4068 2679 4105 η.
2735 4050 3014 4106 MMCCLII
3045 4052 3184 4119 (Cat.
3217 4049 3378 4104 codd.
3419 4049 3680 4120 Anglia..-

2051 4198 2061 4208 ,
2097 4150 2227 4197 tom.
2264 4142 2330 4206 Il,
2365 4159 2416 4214 p.
2455 4144 2544 4207 61,
2575 4152 2629 4199 et
2658 4152 2766 4198 cat.
2798 4144 2928 4198 bibl.
2966 4142 3152 4208 Leid.,
3197 4159 3250 4211 p.
3288 4143 3421 4207 598,
3470 4159 3525 4195 ιι.
3574 4143 3684 4211 55)α

2095 4246 2348 4306 excerpta
2385 4254 2447 4292 ex
2500 4236 2718 4293 Eusebii
2749 4236 3048 4304 Praeparat.
3087 4251 3266 4305 evang.
3296 4264 3365 4274 -——
3395 4234 3577 4288 Romae
3611 4234 3663 4287 in

2095 4327 2225 4382 bibl.
2259 4327 2512 4382 Ottobon.
2552 4328 2637 4383 bis
2666 4327 2740 4381 De
2790 4343 2951 4396 prwp.
2984 4328 3212 4398 evangel.
3243 4326 3662 4396 (Montfaucon,

2095 4416 2235 4471 Bibl.
2273 4417 2630 4472 bibliothecar.
2666 4433 2799 4472 mss.
2842 4419 2882 4480 l,
2921 4433 2973 4486 p.
3006 4418 3108 4472 184
3133 4417 3223 4484 A.)
3253 4447 3321 4454 —
3354 4416 3577 4486 Neapoli
3609 4416 3666 4468 in

2023 4544 2071 4603 υ
2096 4509 2228 4567 bibl.
2257 4508 2470 4564 Domini
2521 4508 2747 4564 Valcttaa
2800 4509 2895 4580 (id.
2945 4510 3042 4574 ib.,
3078 4525 3132 4578 p.
3163 4508 3262 4562 251
3295 4507 3384 4576 Α.)
3423 4537 3492 4546 ——
3524 4505 3661 4563 Ibid.

2093 4599 2152 4654 in
2182 4600 2312 4656 bibl.
2370 4607 2604 4656 monast.
2643 4598 2700 4654 S.
2742 4598 3007 4661 Severini,
3042 4601 3143 4655 bis.
3182 4600 3278 4671 (id.
3329 4599 3428 4663 ib.,
3456 4615 3512 4668 p.
3535 4598 3663 4653 255.

2093 4693 2156 4748 A.
2194 4693 2257 4748 D.
2291 4724 2360 4732 —
2393 4691 2676 4748 Florentia:
2706 4694 2760 4747 in
2795 4695 2926 4749 bibl.
2962 4693 3302 4747 Dominican.
3333 4694 3514 4747 versio
3539 4691 3659 4747 Lat.

2092 4783 2157 4838 G.
2187 4783 2556 4856 Trapezuntii.
2589 4788 2684 4856 (id.
2743 4786 2858 4850 ib.,
2920 4801 2975 4857 p.
3017 4785 3116 4838 421
3163 4784 3251 4857 C.)
3295 4815 3365 4824 —
3408 4783 3666 4838 Bononiae

2093 4879 2148 4932 in
2180 4878 2314 4933 bibl.
2345 4878 2553 4934 Canon.
2587 4878 2842 4950 Regular.
2877 4878 2973 4948 (id.
3023 4879 3125 4940 ib.,
3159 4894 3214 4948 p.
3237 4875 3342 4930 452
3365 4877 3532 4947 A.)—-
3562 4876 3666 4934 Ce-.

2093 4986 2236 5025 sense
2265 4971 2320 5025 in
2346 4971 2478 5028 bibl.
2513 4971 2764 5026 Fratrum
2793 4971 2922 5026 Min.
2955 4971 3050 5042 (id.
3114 4971 3212 5034 ib.,
3240 4987 3295 5040 p.
3324 4969 3430 5022 455
3459 4969 3548 5039 C.)
3596 5000 3656 5010 -—-

2091 5109 2414 5179 cognovisse
2469 5112 2820 5173 mutationes,
2864 5125 2984 5180 qua:
3022 5109 3370 5178 reperiuntur
3419 5108 3484 5162 in.
3530 5110 3671 5167 edit.

2095 5177 2391 5235 Sonniana.
2427 5196 2493 5235 ex
2530 5182 2654 5235 cod.
2694 5181 3010 5235 monasterii
3057 5179 3114 5234 S.
3155 5177 3414 5235 Victoris.
3445 5179 3500 5233 in
3532 5181 3666 5234 sub-.

2093 5251 2263 5304 urbiis
2295 5223 2471 5304 Pai'is.
2519 5258 2581 5304 ut
2624 5252 2920 5320 plurimum
2946 5249 3289 5320 desumptas
3330 5219 3484 5310 esse,
3537 5249 3666 5303 licet

2089 5335 2199 5374 non
2234 5323 2369 5376 satis
2404 5318 2638 5375 feliciter
2655 5321 2868 5388 ubique.
2905 5318 3048 5374 Idem
3090 5318 3340 5384 Pontac.,
3374 5336 3427 5388 p.
3452 5319 3542 5384 21,
3566 5321 3662 5374 ob-

2091 5400 2270 5460 servat
2293 5390 2380 5444 ed.
2413 5390 2576 5460 Basil.
2638 5391 2772 5444 1549
2806 5391 2862 5444 in
2909 5389 3164 5444 omnibus
3194 5389 3307 5445 fere
3333 5391 3664 5460 respondere

2089 5459 2218 5514 edit.
2251 5476 2300 5512 a.
2335 5459 2493 5514 1529.
2536 5461 2707 5514 Haut.

2163 5530 2236 5600 (ὁ)
2274 5529 2332 5582 In
2365 5530 2493 5602 bibl.
2531 5531 2903 5602 Leidensiest
2936 5532 3212 5602 egemplar
3243 5531 3310 5586 ad
3346 5530 3503 5598 cujus
3527 5543 3662 5582 mar-

2090 5599 2268 5669 ginem
2301 5599 2548 5667 quaedam
2584 5601 2835 5668 ascripsit
2868 5604 2936 5656 Is.
2971 5599 3131 5656 Voss.
3170 5603 3242 5656 lo.

2162 5669 2346 5741 (ελ-06
2382 5669 2562 5741 11οῇῖί
2603 5679 2656 5725 et
2701 5669 2851 5741 Galei
2885 5671 3044 5726 codd.
3081 5688 3135 5726 v.
3171 5672 3293 5727 Cat.
3343 5669 3526 5741 codd_._
3552 5669 3660 5720 An.

2090 5729 2684 5811 μιίξιθξ-11,ρρςξ62,-η.
2711 5740 3102 5810 MMCCCVIII,
3144 5758 3198 5798 (ει
3247 5757 3368 5811 pag.
3435 5738 3572 5805 191,
3605 5754 3662 5794 n.

2091 5809 2627 5868 MMMMMMCXXV.
2671 5810 2744 5868 ID.
