4126 6444
360 325 427 383 25
1832 324 2133 382 NOTlTlA.

3554 360 3625 417 26

360 442 771 545 experientiam.
805 454 1090 545 provocat,
1126 441 1383 501 Historiis
1399 445 1938 545 autent-ecclesiastiw
1966 451 2011 506 Α
2040 446 2090 501 J.
2152 445 2364 506 Fabric.
2416 455 2470 510 in
2535 456 2741 515 Hister.
2801 462 2927 519 bibl.
2988 466 3345 535 Fabriciame,
3384 472 3428 538 Ι,
3468 490 3522 545 εξ.
3554 477 3619 534 at

297 581 319 607 ,
361 552 454 597 σω,
492 551 524 590 a
553 552 612 592 se
638 538 879 606 scriptae,
905 534 1225 604 neutiquam
1261 539 1530 594 meminit.
1559 537 1739 594 Verba
1774 546 1935 593 sunt:

363 627 422 680 Ei
453 626 584 697 γοῦν
616 645 670 681 τι
703 628 924 682 δύναται
946 629 1039 683 καὶ
1060 631 1095 701 ή
1120 629 1363 701 ἡμετέρα
1386 630 1617 703 ἱστορία,
1643 629 1766 685 καθ’
1793 633 1941 702 ἡμᾶς

360 721 561 784 αὐτοὺς
594 721 695 793 τὴν
740 721 907 775 πάλαι
934 721 1215 793 βοωμένην
1263 722 1401 778 Σιὼν
1427 722 1647 794 ζεύγεσι
1669 723 1805 796 βοῶν
1836 724 1941 777 ὑπὸ

375 811 662 884 Ῥωμαίων
712 813 922 885 ἀνδρῶν
961 815 1269 886 ἀρουμένην
1320 814 1618 887 ὀφθαλμοῖς
1680 816 1942 889 παρειλή-

365 919 568 975 φαμεν.
591 901 911 959 Uberiorem
948 903 1194 972 ἐξέτασιν
1255 905 1489 960 locorum
1520 907 1942 977 propheticorum

364 993 430 1048 de
461 995 727 1049 vocatione
777 997 1011 1068 gentium
1059 994 1336 1052 facturum
1380 1014 1440 1054 se
1470 999 1739 1069 promittit
1770 999 1865 1054 lib.
1899 1013 1940 1052 ιι

367 1086 780 1162 Demonstrat.“
808 1105 864 1160 p.
919 1090 1009 1155 55,
1066 1105 1190 1161 quae
1218 1090 1273 1145 in
1304 1092 1559 1161 prmsenti
1594 1090 1718 1147 οὕτε
1746 1090 1941 1145 ἀναλέ-

367 1195 480 1248 γειν
516 1178 640 1233 οὔτε
691 1181 1021 1252 ἑρμηνεύειν
1072 1184 1283 1257 καιρός,
1338 1200 1462 1255 pag.
1501 1183 1594 1239 48.
1628 1183 1727 1239 llla
1753 1183 1941 1248 ἐξέτα-

370 1286 471 1337 σις,
502 1270 728 1342 perinde
752 1280 810 1326 ut
839 1272 1025 1329 decem
1071 1276 1249 1330 ultimi
1285 1276 1763 1331 Demonstrationis
1816 1275 1942 1331 libri

366 1361 712 1419 intercidere.
745 1363 813 1418 Et
840 1365 1032 1423 dubito
1089 1382 1158 1421 an
1189 1368 1392 1424 diversi
1422 1369 1491 1423 ab
1531 1368 1694 1425 editis
1726 1376 1943 1424 exstent

365 1452 423 1507 in
455 1453 586 1509 bibl.
619 1454 906 1520 Vaticana,
936 1459 1065 1514 licet
1099 1459 1154 1514 in
1186 1458 1556 1530 Scaligeranis
1602 1460 1750 1531 legas
1785 1479 1808 1514 δ
1830 1459 1885 1514 Il
1908 1476 1943 1531 ν

366 1564 400 1601 a
451 1564 522 1601 au
571 1550 801 1604 Vatican
836 1551 909 1606 les
970 1551 1065 1605 dia:
1093 1552 1327 1608 derniers
1387 1554 1541 1608 livres
1594 1553 1943 1620 Ἀποδείξεων

363 1638 641 1706 d’Eusébe,
674 1643 811 1696 mais
857 1643 934 1699 les
977 1643 1203 1699 Italiens
1225 1654 1344 1699 sont
1382 1645 1431 1700 si
1464 1644 1680 1715 jaloux,
1704 1646 1859 1718 qu‘ils
1880 1662 1944 1701 ne

364 1730 438 1785 les
466 1731 774 1787 voudraient
801 1750 898 1803 pas
922 1735 1117 1803 preter.

438 1823 635 1881 Latine
667 1827 832 1883 vertit
856 1827 1230 1883 Bernardinus
1265 1827 1532 1895 Donatus,
1580 1827 1939 1897 Veronensis,

365 1916 678 1989 dicavitque
747 1920 1252 1991 interpretationem
1315 1940 1471 1980 suam
1529 1921 1699 1979 Paulo
1756 1926 1941 1991 tertio,

363 2010 633 2081 pontiﬁci.
660 2010 870 2066 Prodiit
893 2014 1015 2083 ejus
1053 2015 1233 2071 versio
1281 2015 1529 2074 Venetiis
1560 2017 1638 2089 (a)
1682 2018 1943 2089 primum,

365 2100 495 2156 hinc
522 2100 715 2157 Colon.
757 2104 915 2170 1542,
949 2105 1067 2173 l'ol.,
1100 2115 1300 2162 etcum
1348 2109 1473 2165 aliis
1510 2109 1732 2166 Eusebii
1760 2108 1948 2181 Operi-

365 2194 469 2249 bus
504 2194 665 2251 Basil.
702 2196 860 2265 1542,
894 2197 1053 2265 1549,
1097 2199 1236 2256 1559
1257 2209 1311 2257 et
1352 2201 1511 2268 i570,
1576 2201 1695 2265 ἴοι..
1742 2203 1944 2259 additis

366 2292 587 2347 scholiis
642 2291 692 2349 J.
734 2293 851 2350 Jac.
894 2293 1146 2367 Grynaei;
1186 2302 1240 2351 et
1293 2294 1471 2351 Paris.
1505 2295 1662 2360 1587,
1709 2294 1803 2351 fol.
1844 2295 1941 2367 (b).

365 2378 638 2436 Nonnulla
682 2382 738 2437 in
786 2383 908 2453 ejus
935 2386 1191 2439 versione
1226 2383 1461 2455 castigat
1481 2383 1721 2440 Jacobus
1752 2383 1943 2438 Billius

364 2473 420 2529 in
455 2471 917 2530 Observationibus
939 2475 1059 2531 suis
1081 2476 1286 2538 sacris;
1308 2482 1361 2531 et
1385 2474 1651 2545 Georgius
1674 2474 1942 2541 Calixtus,

366 2563 397 2637 ᾗ
426 2565 496 2620 54
528 2565 677 2622 Diss.
710 2565 849 2637 quod
866 2566 1035 2622 Filius
1092 2566 1211 2631 Dei,
1242 2566 1499 2623 Patribus
1546 2568 1602 2621 V.
1648 2567 1710 2623 T.
1737 2568 1793 2622 in
1820 2585 1946 2639 pro-

363 2660 481 2727 pria
507 2659 779 2729 hypostasi
802 2677 907 2715 non
930 2662 1256 2729 apparuerit,
1319 2668 1473 2715 notat
1524 2660 1792 2716 Donatum
1828 2661 1947 2731 ple-

364 2766 535 2822 raque
581 2751 650 2807 de
704 2752 925 2808 Christo
957 2752 1152 2810 durius
1205 2761 1260 2808 et
1290 2753 1545 2810 licentius
1603 2754 1672 2808 ab
1709 2752 1946 2808 Eusebio

364 2842 533 2906 dicta,
564 2844 645 2899 sic
676 2859 797 2899 esse
847 2845 1289 2916 interpretatum,
1335 2853 1397 2900 ut
1433 2846 1724 2902 emolliret.
1765 2844 1946 2917 Atque

365 2935 436 2990 ob
462 2935 698 2991 similem
739 2952 963 2991 causam
994 2938 1251 2995 omisisse
1281 2939 1555 3010 quaedam,
1596 2947 1783 2995 monet
1810 2938 1948 2995 Pos-

365 3028 590 3083 sevinus
619 3029 674 3082 in
708 3030 981 3099 Apparatu
1012 3048 1190 3086 sacro.

2042 558 2162 614 sqq.
2197 544 2370 603 llam.
2401 548 2480 604 Ex
2507 550 2687 623 Pra'p.
2728 574 2911 629 evang.
2948 568 3002 615 et
3034 578 3104 617 ex
3134 563 3287 618 Dem.
3322 583 3503 640 evang.
3530 587 3627 627 ex-

2040 646 2197 706 cepta
2224 644 2521 697 vernaculo
2563 660 2820 704 sermone
2842 650 3019 705 edidit
3066 663 3121 708 et
3153 657 3300 713 notis
3330 659 3626 718 illustravit

2040 727 2527 801 Roesslerusﬁibl.
2556 736 2672 793 PP.
2708 746 2747 793 t.
2780 739 2847 805 V,
2878 757 2932 811 p.
2971 743 3073 797 205
3119 762 3203 816 sq.

2111 820 2201 875 ΙΙΙ.
2247 817 2699 903 Ἑκκλησιαστικὴ
2740 832 2992 905 Ἰστορία.
3021 836 3278 895 Historia:
3303 843 3626 899 ecclesiasti-

2041 916 2273 1011 cwglibri
2307 934 2342 972 ι
2373 917 2442 990 (c)
2477 936 2507 975 e
2537 924 2737 992 quibus
2770 927 3021 983 ultimum
3055 931 3256 987 dicavit
3283 932 3515 990 Paulino
3538 937 3620 1011 (ά)

2041 1009 2139 1079 qui
2172 1008 2300 1081 Tyri
2332 1019 2497 1082 atque
2521 1014 2645 1071 inde
2670 1034 2765 1086 per
2796 1037 2889 1076 sex
2927 1038 3146 1080 menses
3168 1025 3476 1083 Antiochiae
3500 1008 3624 1101 post

2041 1103 2351 1173 depositum
2407 1105 2752 1165 Eustathium
2789 1114 3082 1186 episcopus
3136 1117 3260 1175 fuit.
3296 1120 3621 1177 Absolutum

2041 1207 2181 1263 opus
2208 1194 2403 1266 Crispo
2431 1198 2498 1267 (ε)
2538 1200 2717 1255 adhuc
2768 1207 3093 1274 superstite,
3136 1225 3297 1280 quem
3329 1228 3384 1276 χ,
3427 1212 3481 1281 9,
3527 1214 3623 1286 βα-

2044 1290 2197 1344 σιλέα
2234 1292 2770 1364 φιλανθρωπότατον,
2820 1307 2871 1353 et
2919 1316 3043 1356 mox
3080 1302 3494 1373 θεοφιλέστατον
3529 1310 3620 1362 καὶ

2042 1384 2184 1437 κατὰ
2212 1385 2390 1439 πάντα
2422 1386 2514 1439 τοῦ
2545 1388 2751 1460 πατρὸς
2792 1390 2975 1460 ὅμοιον
2994 1396 3248 1464 appellat.
3295 1397 3621 1470 Quanquam

2040 1491 2170 1530 vero
2200 1472 2539 1547 Hegesippus
2579 1487 2633 1533 et
2680 1479 2974 1539 Africanus
3004 1487 3238 1555 quodam
3268 1489 3428 1547 modo
3460 1491 3624 1548 Euse-

2042 1569 2134 1624 bio
2172 1570 2528 1640 praeiverant,
2563 1571 2762 1643 Papias
2790 1591 3010 1645 quoque
3064 1587 3117 1633 et
3169 1578 3425 1638 Justinus
3456 1591 3623 1655 atque

2042 1661 2298 1719 Clemens
2352 1663 2780 1730 Alexandrinus,
2837 1668 3071 1727 Irenaeus
3131 1673 3334 1744 aliique
3381 1675 3534 1729 varia
3564 1676 3620 1731 in

1973 1795 2018 1855 Β
2048 1752 2271 1823 scriptis
2310 1753 2427 1809 suis
2454 1754 2870 1823 adnotaverant,
2911 1773 3032 1830 quae
3065 1762 3134 1817 ad
3192 1763 3478 1819 historiam
3525 1765 3623 1821 Ec-

2046 1844 2230 1900 clesia:
2268 1855 2323 1900 et
2347 1846 2637 1903 haeresium
2668 1848 2930 1917 facerent,
2963 1853 3173 1923 justum
3232 1864 3412 1913 tamen
3444 1859 3623 1914 eccle-

2047 1937 2285 1994 siastica:
2322 1938 2566 1997 historia-'2
2594 1959 2796 2014 corpus
2827 1960 2989 2003 nemo
3012 1956 3138 2004 ante
3169 1948 3463 2006 Eusebium
3489 1968 3624 2008 con-

2045 2025 2185 2085 didit
2210 2049 2226 2099 ;
2265 2031 2410 2089 unde
2437 2036 2633 2113 merito
2662 2037 2738 2090 ait
2774 2053 2835 2094 se
2889 2039 3105 2112 πρῶτον
3129 2043 3195 2113 τῇ
3226 2042 3478 2098 ὑποθέσει
3504 2046 3624 2098 ἐπι-

2043 2122 2234 2195 δῆσαι,
2285 2127 2513 2194 primum
2569 2146 2871 2200 aggressum
2928 2149 3040 2187 esse
3088 2133 3183 2187 hoc
3235 2144 3619 2206 argumentum.

2044 2215 2278 2272 Deduxit
2329 2226 2513 2276 autem
2569 2221 2703 2278 illud
2763 2240 2792 2279 a
2842 2225 3251 2284 Christianismi
3307 2228 3622 2299 primordiis

2047 2324 2222 2381 usque
2282 2312 2349 2366 ad
2396 2311 2688 2379 Licinium,
2722 2331 2753 2372 a
2785 2315 3147 2375 Constantino
3200 2319 3271 2377 Μ.
3306 2330 3622 2392 superatum

2044 2402 2509 2475 exstinctumque,
2547 2416 2601 2461 et
2632 2422 2819 2477 pacem
2866 2408 3127 2466 Ecclesia:
3168 2411 3437 2467 redditam
3466 2412 3531 2467 A.
3554 2412 3617 2469 C.

2045 2494 2174 2550 324.
2202 2494 2414 2554 Indices
2452 2500 2693 2568 capitum
2720 2501 2788 2555 ab
2811 2502 2931 2572 ipso
2959 2502 3198 2559 Eusebio
3246 2504 3497 2575 praeﬁxos
3527 2507 3625 2563 do-

2044 2594 2133 2642 cet
2159 2585 2428 2644 Valesius.
2457 2589 2568 2662 Τὴν
2607 2591 2832 2647 καθόλου
2887 2594 3147 2666 ἱστορίαν,
3197 2596 3474 2652 historiam
3504 2600 3625 2654 uui-

2044 2679 2297 2734 versalem
2330 2681 2759 2739 ecclesiasticam
2797 2695 2952 2741 vocat
2980 2701 3119 2759 opus
3166 2705 3325 2744 suum
3358 2689 3623 2749 Eusebius

2046 2774 2145 2830 lib.
2175 2793 2297 2839 vm,
2331 2792 2451 2846 cap.
2487 2776 2543 2842 2,
2576 2792 2702 2848 pag.
2731 2778 2860 2833 294.

2118 2865 2311 2923 Latine
2340 2874 2556 2923 vertere
2600 2868 2771 2923 voluit
2810 2867 3176 2943 Hieronymus
3210 2871 3276 2944 (θ
3315 2874 3621 2945 scripturus

2046 2956 2333 3014 historiam
2354 2961 2807 3027 ecclesiasticam,
2825 2959 2920 3031 qui
2942 2962 3105 3018 etiam
3127 2960 3271 3018 libro
3297 2966 3371 3022 De
3391 2967 3623 3035 scripto-

2047 3048 2193 3104 ribus
2224 3050 2598 3106 ecclesiasticis
2631 3052 2892 3122 pleraque
2947 3053 3133 3108 omnia
3171 3055 3386 3126 repetiit
3422 3073 3490 3114 ex
3517 3058 3625 3112 Eu-

437 3117 625 3173 Grzece
651 3123 795 3191 typis
853 3122 1046 3177 nitidis
1082 3123 1251 3193 regiis
1280 3139 1311 3180 e
1373 3124 1561 3180 codice
1594 3124 1747 3196 regio
1775 3122 1943 3178 edidit

2050 3141 2225 3206 sebio,
2266 3142 2396 3197 licet
2418 3117 2686 3197 translata
2717 3117 2944 3199 libierius
2983 3160 3085 3199 nec
3110 3117 3326 3216 semper
3362 3147 3498 3205 satis
3531 3163 3625 3204 ac-
3708 3214 3713 3219 ,

369 3209 582 3280 primus
612 3210 749 3267 Rob.
784 3211 1112 3282 Stephanus.
1147 3214 1323 3270 Paris;
1355 3215 1515 3277 1545,
1552 3215 1645 3270 fol.

439 3301 628 3358 Greece
656 3312 711 3358 et
740 3304 931 3360 Latine
977 3321 1101 3360 cum
1156 3305 1355 3361 Donati
1393 3308 1664 3375 versione,
1693 3315 1746 3363 et
1777 3308 1947 3364 variis

369 3395 696 3451 lectionibus
756 3405 812 3451 et
894 3399 1349 3468 castigationibus
1413 3399 1715 3465 brevibus,
1766 3399 1944 3458 Paris.

369 3487 529 3551 1628,
560 3486 681 3551 fol.,
704 3488 907 3544 additis
942 3490 1087 3545 libro
1118 3489 1342 3546 Eusebii
1390 3500 1577 3545 contra
1626 3491 1946 3559 Hieroclem,

368 3578 584 3636 duobus
616 3590 802 3634 contra
833 3580 1149 3636 Marcellum
1172 3583 1538 3653 Ancyranum,
1569 3591 1625 3638 et
1658 3586 1836 3641 tribus
1872 3585 1951 3640 De

370 3674 723 3728 ecclesiastica
785 3673 1065 3744 theologia.
1100 3673 1225 3729 Haec
1252 3675 1421 3730 editio
1469 3677 1696 3746 repetita
1726 3688 1811 3732 cst
1844 3677 1951 3733 Co-

371 3765 531 3821 lonia:
576 3764 715 3835 (sive
762 3763 962 3835 Lipsiae
1014 3766 1219 3835 potius)
1256 3766 1418 3829 1688,
1457 3765 1554 3822 fol.
1622 3765 1700 3821 De
1744 3766 1951 3824 Grmcis

371 3858 672 3913 Demonstr.
727 3857 959 3929 evangel.
990 3858 1123 3913 edit.
1182 3875 1235 3913 v.
1283 3857 1491 3913 Gnetzii
1549 3857 1774 3916 Memor.
1822 3860 1950 3914 bibl.

373 3949 591 4016 Dresd.,
622 3948 686 4014 ll,
716 3966 771 4021 p.
803 3950 910 4005 284
969 3966 1091 4021 sqq.
1126 3950 1243 4022 (ubi
1274 3966 1491 4023 quoque
1516 3951 1581 4006 de
1622 3950 1834 4008 Donato
1854 3951 1955 4009 Ve-

374 4042 596 4099 ronensi
626 4042 864 4113 agitur);
888 4043 1178 4108 Clement.,
1212 4044 1250 4099 l.
1284 4058 1335 4108 c,
1370 4060 1425 4115 p.
1464 4043 1561 4099 191
1597 4059 1707 4115 sq.,
1733 4053 1871 4114 not.,
1898 4052 1955 4099 et

450 4265 528 4338 (a)
559 4264 777 4338 Fabric.
793 4266 859 4338 in
882 4265 1101 4335 Syllaba
1123 4268 1303 4336 script.
1329 4283 1423 4337 pro
1453 4267 1516 4322 V.
1541 4267 1764 4330 Christ.,
1789 4284 1842 4338 p.
1865 4269 1953 4335 76,

376 4336 616 4411 primam
630 4336 762 4411 edit.
792 4336 1233 4411 Venetiis_1498,
1260 4336 1377 4403 l‘ol.,
1410 4338 1681 4411 prodiisse
1721 4336 1953 4411 scjibit;

378 4407 871 4479 contra_Maittaire
907 4411 975 4463 Α.
1024 4407 1086 4462 Τ.
1147 4409 1314 4463 indic.
1348 4407 1543 4479 p.586
1591 4416 1746 4463 notat
1775 4409 1957 4465 Roma:

381 4477 539 4551 ηοξ.
568 4477 743 4551 Penes
769 4479 936 4551 igitur
966 4485 1245 4551 auctorem
1269 4477 1495 4551 sit’lides
1522 4498 1535 4551 ς
1567 4480 1714 4551 illius
1734 4481 1954 4549 quidem

380 4547 638 4616 editionis
685 4534 933 4605 meminit
972 4564 1076 4604 nec
1128 4550 1230 4605 cel.
1280 4549 1492 4604 Panzer
1522 4534 1576 4603 in
1608 4534 1956 4616 A.'1".,_n'ec
1982 4534 2034 4593 Ῑ)

381 4615 727 4687 Audillredus
748 4620 805 4674 in
832 4618 877 4674 ll
926 4621 1042 4675 suis
1071 4616 1474 4687 Speciminibus.
1500 4618 1674 4676 Hann.

478 4687 529 4762 ὁ)
559 4685 706 4762 Vide
726 4705 889 4762 slipra
918 4691 983 4762 ad
1020 4690 1048 4762 ᾗ
1078 4685 1119 4743 2
1140 4691 1208 4746 de
1235 4692 1359 4746 edd.
1384 4698 1586 4762 notata.
1620 4691 1698 4744 In.

478 4758 525 4829 c)
552 4759 709 4833 Apud
734 4758 1150 4833 Theophanem,
1197 4778 1254 4832 p.
1278 4762 1329 4823 5.
1363 4777 1461 4833 pro
1490 4760 1586 4832 τὴν
1618 4761 1957 4833 ρκτάὸιϐλον,

381 4829 673 4900 legendum
694 4829 792 4900 τὴν
829 4831 1022 4902 ὀγδόην
1049 4829 1252 4902 βίϐλον,
1310 4829 1378 4886 ut
1398 4829 1763 4888 Combelisius
1794 4829 1957 4887 etiam

383 4902 441 4956 in
472 4903 621 4955 notis
646 4901 1058 4971 animadvertit.
1110 4904 1266 4957 Adde
1301 4902 1604 4957 llanckium
1633 4919 1687 4971 p.
1732 4904 1835 4958 100
1881 4903 1962 4957 De

382 4969 729 5043 scriptqibus
759 4970 891 5043 Bgs.
924 4970 1156 5027 Fallitur
1174 4974 1316 5028 enim
1338 4972 1576 5028 Jacobus
1599 4969 1834 5037 Goarus,
1866 4975 1961 5043 qui

383 5049 540 5111 putat
565 5042 1055 5114 Theophanemiad
1107 5059 1249 5113 opus
1296 5043 1538 5106 Eusebii,
1569 5059 1679 5114 quo
1716 5042 1960 5099 veterum

388 5120 835 5186 tuartyrumacta
880 5113 1197 5184 collegerat,
1237 5116 1510 5186 respicere
1535 5113 1700 5185 idq'ue
1747 5124 1873 5169 octo
1903 5115 1963 5167 li-

388 5180 504 5237 bris
530 5180 864 5237 constitisse.

463 5251 541 5322 (ιι)
567 5253 723 5337 Hn_nc
738 5251 1031 5337 Paulinum
1065 5252 1355 5337 ἱερῴτατον
1377 5262 1539 5337 vocat
1563 5253 1835 5337 Eusebius
1863 5254 1958 5337 lib.

389 5338 446 5403 ξ,
474 5320 608 5392 ων.
640 5323 689 5405 1..
738 5320 940 5404 Senem
960 5323 1074 5393 jam
1117 5320 1286 5379 fuisse
1309 5331 1454 5394 patet
1491 5340 1557 5380 ex
1578 5341 1635 5395 p.
1667 5324 1772 5407 51.7
1795 5326 1851 5380 d.
1888 5325 1962 5380 De

392 5393 487 5474 pilo
512 5394 706 5474 multis
735 5392 1013 5474 Hancluus
1046 5410 1101 5474 p.
1138 5395 1402 5474 1067-113,
1426 5396 1777 5474 contendens
1797 5436 1811 5459 ,
1835 5403 1964 5451 ante

392 5460 748 5537 Eustachium
788 5464 1001 5537 sedisse
1031 5460 1363 5537 Antiochiaa_
1386 5472 1441 5537 et
1462 5468 1629 5537 paulo
1653 5474 1800 5527 .ante
1830 5483 1964 5521 con-

391 5533 578 5587 cilium
600 5532 881 5605 Niczenum
907 5535 1057 5605 diem
1074 5537 1300 5592 obiisse.
1332 5534 1439 5589 Sed
1464 5532 1684 5605 'veriora
1711 5537 1965 5592 videntur

393 5619 524 5677 qua;
547 5605 708 5677 habet
732 5604 1004 5677 Antonius
1032 5600 1163 5677 Pagi
1187 5608 1252 5661 ad
1270 5605 1334 5660 A.
1360 5605 1424 5659 C.
1452 5600 1592 5677 510,,
1618 5621 1774 5661 num.
1799 5607 1889 5662 2i.

404 5673 422 5733 ὁ
465 5674 535 5745 (e)
565 5673 1038 5748 ld‘emAHanc-Lkius,
1070 5673 1138 5748 ρῖ
1164 5677 1267 5748 105
1300 5692 1441 5746 seq.,
1478 5686 1531 5734 et
1558 5676 1964 5748 Papebrocbius

572 5739 673 5821 μί.
693 5746 839 5821 Act;_
856 5739 1114 5821 Sancto}.
1168 5739 1395 5816 Apriln'
1426 5739 1479 5817 p.
1544 5739 1670 5805 108'.
1711 5745 1842 5821 Pagi
1897 5747 1965 5802 ad

393 5816 460 5872 Α.
484 5816 547 5872 C.
571 5816 697 5874 326.
727 5833 782 5873 n.
819 5816 1016 5881 £8,19.

2052 3242 2259 3290 curate.
2295 3233 2473 3290 Vertit
2515 3234 2735 3289 Eusebii
2776 3236 3075 3291 Historiam
3125 3237 3375 3306 Ruﬁnus,
3406 3239 3502 3296 sed
3547 3241 3625 3297 ita

2051 3332 2112 3379 ut
2150 3326 2300 3380 varia
2324 3327 2528 3396 passim
2564 3327 2874 3397 librumque
2899 3328 3172 3383 decimum
3235 3331 3311 3399 (g)
3351 3331 3624 3401 integrum

2050 3418 2443 3487 propemodum
2500 3417 2798 3482 omitteret,
2836 3418 2939 3472 alia
2996 3418 3216 3474 adderet
3250 3427 3412 3490 atque
3457 3422 3619 3476 inter-

2051 3507 2281 3577 polaret,
2316 3514 2373 3562 et
2406 3507 2524 3577 ipse
2552 3507 2722 3564 libros
2750 3508 2889 3565 duos
2925 3525 3097 3565 novos
3147 3510 3502 3582 subjungeret
3526 3511 3623 3583 (h),

2052 3601 2416 3670 producentes
2472 3601 2718 3657 historiae
2750 3602 2912 3657 telam
2948 3602 3016 3657 ad
3067 3602 3364 3659 Theodosii
3399 3603 3469 3661 M.
3507 3605 3628 3660 obi-

2051 3702 2169 3749 tum
2195 3709 2388 3764 usque,
2424 3696 2519 3751 sed
2552 3696 2794 3759 incertis,
2827 3697 3028 3766 quibus
3059 3705 3291 3762 scatent,
3341 3705 3395 3753 et
3436 3713 3628 3768 parum

2054 3786 2410 3842 credibilibus
2449 3787 2862 3843 narrationibus
2882 3788 3093 3858 judicio
3126 3795 3181 3842 et
3227 3787 3351 3843 lidei
3408 3788 3627 3843 Eusebii

2054 3878 2374 3958 neutiquam
2410 3878 2822 3949 respondentes.
2846 3877 3029 3935 Rufini
3061 3879 3240 3935 versio
3262 3880 3444 3934 dicata
3465 3879 3630 3936 Chro-

2054 3971 2246 4035 matio,
2281 3970 2926 4042 Aquileiensi'episcopo,
2957 3980 3012 4028 et
3051 3973 3164 4041 jam
3197 3971 3502 4043 Augustino
3529 3971 3625 4028 lib.

2055 4066 2134 4121 De
2165 4083 2295 4121 cura
2332 4080 2429 4135 pro
2457 4066 2706 4131 mortuis,
2742 4082 2791 4122 c.
2821 4066 2876 4133 6,
2918 4066 3160 4132 laudata,
3184 4080 3305 4137 quae
3337 4066 3513 4121 lucem
3546 4065 3629 4120 vi-

2132 4263 2200 4335 (Ῑ)
2234 4262 2457 4318 Hieron.
2502 4261 2557 4315 in
2612 4261 2736 4315 Vita
2791 4258 2850 4316 S.
2892 4259 3104 4335 _Malchi
3128 4277 3147 4314 :
3179 4258 3342 4335 Prius
3400 4261 3629 4335 ρεςεξτεγί

2058 4331 2210 4405 cupio
2231 4336 2284 4387 in
2325 4349 2486 4405 parvo
2522 4349 2692 4402 opere,
2740 4341 2789 4385 et
2825 4331 2983 4405 veluti
3015 4331 3631 4405 quamdam_rubiginem

2061 4399 2253 4475 linguae
2307 4399 2623 4475 abstergere,
2673 4411 2732 4456 ut
2763 4402 2954 4475 ivenire
3008 4399 3219 4475 possint
3258 4399 3326 4452 ad
3385 4400 3631 4475 latiorem

2059 4470 2361 4530 historiam.
2413 4470 2654 4529 Scribere
2688 4474 2827 4527 enim
2864 4472 3099 4539 disposui
3150 4471 3219 4535 (si
3249 4479 3419 4523 tamen
3469 4470 3633 4523 vitam

2061 4546 2201 4602 Deus
2220 4543 2443 4609 dederit,
2470 4553 2520 4599 et
2552 4546 2600 4598 si
2620 4545 2993 4611 vituperatores
3016 4542 3117 4596 mei
3143 4541 3330 4595 saltem
3351 4540 3633 4611 fugientem

2061 4634 2144 4671 me
2167 4626 2216 4671 et
2239 4608 2477 4670 clausum
2507 4608 2743 4683 persequi
2791 4612 3082 4683 desierint),
3114 4612 3188 4683 ab
3238 4608 3419 4683 eventu
3444 4608 3632 4683 Salva-

2064 4689 2193 4742 toris
2236 4702 2400 4748 usque
2435 4679 2767 4739 ad'nostram
2805 4679 3048 4744 aetatem,
3067 4681 3123 4736 id
3147 4688 3247 4743 est,
3282 4679 3347 4734 ab
3377 4680 3629 4748 apostolis

2061 4749 2513 4831 usquead‘hujus
2543 4755 2787 4831 temporis
2853 4753 3063 4831 faciem,
3119 4749 3377 4831 quomodo
3435 4759 3485 4803 et
3539 4766 3667 4831 per!

2061 4822 2189 4899 quos
2216 4822 2432 4882 Christi
2446 4825 2682 4881 Ecclesia
2729 4834 2857 4899 nata
2887 4826 2957 4877 sit
2985 4833 3035 4877 et
3060 4822 3266 4899 adulta,
3321 4823 3633 4888 persecutio-

2061 4895 2215 4954 nibus
2249 4899 2486 4960 creverit,
2515 4897 2787 4966 martyriis
2824 4901 3076 4948 coronata
3117 4895 3207 4953 sit,
3255 4900 3304 4966 et
3354 4899 3630 4966 postquam

2064 4969 2131 5044 ad
2153 4968 2484 5044 Christianos
2513 4960 2770 5044 principes
2819 4966 3054 5044 venerit,‘
3084 4963 3313 5044 potentia
3339 4960 3544 5031 quidem
3581 4969 3633 5013 et

2062 5040 2262 5095 divitiis
2302 5040 2496 5103 maior,
2514 5034 2804 5093 uirtutibus
2831 5036 3004 5089 minor
3029 5034 3173 5101 facta
3202 5034 3289 5103 sit.

2137 5111 2211 5181 (g)
2256 5099 2728 5181 Bulinushepist.
2754 5106 2832 5181 _ad
2866 5099 3191 5181 Chromatz‘:
3226 5099 3504 5155 Sciendum
3530 5110 3632 5181 _cst

2062 5170 2205 5251 quod
2240 5179 2473 5254 decimus
2497 5170 2636 5254 liber
2672 5177 2829 5254 hujus
2857 5176 3029 5254 operis
3061 5175 3114 5226 in
3148 5170 3351 5254 GTKECO,
3382 5172 3629 5254 quoniam

2062 5243 2344 5320 perperam
2368 5250 2521 5304 habet
2546 5250 2602 5301 in
2643 5243 2796 5320 rebus
2828 5243 3007 5316 gestis,
3030 5259 3121 5320 per
3149 5243 3354 5320 reliqua
3377 5244 3558 5320 omnia
3574 5244 3629 5295 in

2062 5309 2425 5391 episcoporum
2472 5309 2801 5389 panegyricis
2828 5309 3173 5391 tractatibus
3199 5309 3333 5391 nihil
3374 5312 3443 5366 ad
3473 5314 3635 5366 scien-

2064 5382 2197 5446 tiam
2219 5382 2392 5445 rerum
2424 5382 2725 5463 occupdtits,
2753 5388 2959 5463 omissis
2987 5401 3103 5455 qua:
3124 5382 3434 5463 videbantur
3449 5397 3630 5463 super-

2062 5463 2196 5531 ﬂua,
2230 5461 2486 5526 historiae,
2520 5452 2584 5531 si_
2598 5458 2728 5531 quid
2744 5457 2954 5531 habuit,
2981 5452 3134 5531 nono
3162 5454 3532 5531 conjunxiiitits
3565 5452 3633 5505 li-

2065 5522 2193 5604 bro,
2210 5541 2260 5586 et
2288 5533 2344 5586 in
2393 5522 2505 5600 ipso
2539 5522 2759 5604 Eusebii
2784 5526 3107 5604 narrationis
3161 5522 3400 5578 dedimus
3444 5522 3631 5604 ﬂuent.

2066 5603 2340 5657 Decimum
2357 5596 2478 5656 vero
2498 5606 2549 5654 et
2572 5597 2907 5653 undecimum
2955 5596 3148 5650 librum
3177 5611 3272 5650 nos
3319 5596 3632 5661 conscripsi-

2066 5689 2215 5825 m7?)
2235 5683 2342 5797 ob?
2368 5741 2574 5825 horum.
2628 5738 2858 5825 diior‘ntn
2896 5735 3091 5825 {latini
3143 5734 3403 5790 librorum
3448 5731 3645 5784 Grzeca

2040 5808 2319 5872 .vcrsione
2351 5812 2462 5870 dixi
2488 5808 2631 5866 intra
2660 5809 2715 5865 in
2757 5809 3000 5865 Socrate.
