4126 6440
313 308 381 366 29
1790 307 2088 365 NOTITIA.
3513 316 3582 371 50

314 432 498 496 partes
518 424 897 491 distributum,
930 439 1165 497 quarum
1212 425 1386 483 altera
1421 425 1641 485 Eusebii
1675 468 1690 494 ,
1717 428 1888 484 altera
1916 432 1964 490 Α
1990 426 2328 482 Constantini
2385 426 2713 500 Panegyrico
2760 427 3032 501 insignem
3077 431 3291 502 accepit
3339 430 3515 486 lucem
3549 451 3577 485 ει

315 517 499 572 Rufini
554 518 724 573 libros
767 516 1033 585 continet,
1076 518 1145 573 ad
1176 515 1475 575 Vaticanos
1530 536 1667 577 mss.
1720 519 1883 576 codd.

312 618 532 665 exactos
560 609 815 680 uotisque
840 608 1163 674 illustratus,
1194 609 1377 666 studio
1398 609 1459 664 F.
1493 609 1640 666 Petri
1668 610 1890 667 Thomas

313 699 562 756 Caeciari
592 700 811 756 —Aec.
845 708 1138 772 postremae
1173 702 1314 773 parti
1343 701 1590 773 ejusdem
1623 701 1769 760 Diss.
1805 703 1884 758 De

315 794 443 857 vita,
505 791 611 862 ﬁde
651 808 716 846 ac
759 790 1063 846 Eusebiana
1115 792 1233 862 ipsa
1277 792 1460 862 Ruﬁni
1514 794 1884 849 translatione.

314 883 525 948 Romae,
558 899 685 953 pars
725 898 764 947 ι,
798 880 972 951 1710;
996 899 1052 955 p.
1089 884 1338 953 11,1741,
1371 886 1428 951 4,
1464 885 1532 942 de
1578 903 1687 958 quo
1722 902 1889 957 opere

316 975 540 1045 copiose
597 973 817 1030 disserit
874 973 1312 1031 Schoenemann.
1364 977 1401 1034 1.
1435 993 1509 1041 c.,
1542 994 1597 1049 p.
1629 978 1733 1033 594
1763 994 1882 1049 sqq.

316 1065 564 1121 Caceiar.
594 1072 801 1120 textum
840 1066 907 1120 ad
946 1069 1187 1138 quinque
1217 1068 1377 1124 codd.
1411 1067 1724 1137 Vaticanos,
1748 1085 1887 1140 quos

318 1162 461 1215 idem
516 1156 836 1215 Schoenem.
870 1160 1096 1217 uberius
1146 1168 1414 1227 recenset,
1451 1163 1682 1218 contulit
1723 1171 1888 1233 atque

316 1251 641 1315 emendavit,
679 1250 747 1307 de
796 1253 1171 1323 superioribus
1198 1254 1466 1324 judicavit
1512 1254 1883 1319 versionibus,

314 1350 369 1399 et
391 1340 607 1397 Graecos
629 1341 849 1399 Eusebii
870 1344 1031 1399 codd.
1060 1343 1128 1399 ad
1158 1359 1328 1399 unum
1372 1360 1564 1401 omnes
1592 1359 1691 1414 pro
1714 1344 1888 1399 inter-

310 1432 510 1502 polatis
541 1442 704 1503 atque
748 1434 1025 1506 corruptis
1072 1435 1267 1502 habet;
1302 1444 1493 1491 contra
1526 1442 1680 1504 putat
1730 1434 1887 1489 Rull-

310 1537 463 1586 num,
489 1520 709 1579 Eusebii
746 1525 1084 1595 temporibus
1111 1536 1220 1579 tam
1262 1525 1650 1595 propinquum,
1675 1540 1742 1581 ex
1768 1525 1887 1579 fon-

308 1616 455 1671 tibus
484 1614 735 1672 hausisse
768 1617 1189 1687 limpidioribus.
1241 1617 1485 1672 Caceiar.
1533 1616 1676 1688 quod
1700 1616 1884 1671 Ruﬁni

307 1707 616 1764 versionem
668 1709 827 1779 longe
857 1719 1116 1780 praestare
1148 1707 1458 1764 Valesianze
1500 1710 1881 1774 contenderat,

1988 519 2250 590 praeclara
2282 518 2549 575 industria
2606 518 2964 575 eruditissimi
2992 521 3117 585 viri,
3153 520 3377 577 ilenrici
3412 519 3576 577 Vale-

1989 610 2081 677 sii,
2118 609 2210 680 qui
2239 607 2425 664 Graeca
2454 609 2735 665 recensuit
2764 609 2833 663 ad
2867 624 2999 665 mss.
3039 611 3199 667 binos
3238 612 3405 681 regiae
3438 610 3573 665 bibl.

1989 701 2190 772 quibus
2238 699 2378 756 Bob.
2416 699 2727 771 Stephanus
2781 718 2918 758 usus
2978 702 3188 769 fuerat,
3239 703 3577 772 tertiumque

1987 792 2254 862 optimum
2285 791 2733 858 Mazarinianum,
2767 793 2992 849 scholiis
3014 794 3178 849 etiam
3212 793 3418 849 Griecis
3446 793 3577 848 hinc

1986 882 2114 938 inde
2148 882 2477 937 illustratum
2497 921 2512 947 ,
2543 898 2664 953 qua:
2692 883 2838 939 notis
2866 883 2983 939 suis
3023 884 3285 955 pleraque
3319 883 3574 940 Valesius

1986 974 2239 1037 inseruit,
2271 980 2325 1029 et
2346 981 2602 1043 quartum
2635 973 2752 1029 Nic.
2786 974 3052 1042 Fucketii,
3086 985 3198 1031 tum
3226 977 3411 1033 varias
3441 978 3569 1033 lect.

1987 1081 2018 1121 e
2057 1064 2320 1128 Turnebi,
2355 1061 2605 1119 Vulcobii
2639 1073 2694 1120 et
2736 1065 2923 1120 Savilii
2956 1066 3241 1123 codicibus
3275 1086 3287 1121 :
3324 1077 3437 1122 tum
3469 1084 3571 1122 no-

1986 1173 2108 1214 vam
2137 1168 2193 1213 et
2228 1158 2626 1212 accuratiorem
2667 1158 2744 1231 (a)
2809 1161 3116 1215 versionem
3177 1171 3445 1232 notasque
3478 1161 3573 1217 do-

1988 1256 2105 1305 ctas
2140 1256 2302 1320 atque
2332 1250 2588 1304 omnibus
2608 1248 2850 1303 historia:
2873 1252 3072 1306 eccles.
3096 1251 3360 1307 studiosis
3387 1252 3572 1322 legen-

1987 1341 2086 1396 das
2115 1340 2362 1395 addidit:
2398 1340 2640 1411 denique
2670 1348 2866 1410 prater
2903 1340 3045 1397 Diss.
3080 1343 3147 1397 de
3182 1341 3301 1397 Vita
3347 1342 3571 1399 Eusebii

1986 1441 2041 1489 et
2071 1434 2312 1503 scriptis,
2337 1441 2392 1488 et
2422 1442 2663 1488 veterum
2688 1435 2755 1489 de
2781 1434 3016 1490 Eusebio
3049 1437 3103 1490 in
3140 1444 3427 1507 utramque
3451 1453 3573 1507 par-

1986 1537 2095 1586 tem
2128 1530 2464 1595 testimonia,
2496 1529 2758 1599 praemisit
2787 1528 2930 1584 Petri
2972 1529 3040 1585 de
3066 1528 3249 1584 Marca
3282 1532 3574 1601 epistolam

1987 1630 2053 1684 ad
2082 1645 2141 1686 se
2174 1631 2435 1701 scriptam
2465 1630 2530 1685 de
2561 1631 2863 1701 originibus
2905 1629 3313 1687 Christianismi
3358 1633 3412 1686 in
3442 1632 3571 1686 Gal-

1987 1723 2081 1787 lia,
2118 1738 2227 1793 quo
2256 1722 2324 1777 de
2374 1731 2697 1793 argumento
2727 1723 2965 1778 conferri
3000 1724 3165 1778 etiam
3197 1731 3428 1794 possunt
3454 1723 3569 1778 An-

307 1800 650 1858 Tartarottus
708 1803 765 1857 in
810 1802 1075 1873 singulari
1106 1801 1275 1872 disp.,
1330 1801 1575 1874 Tridenti
1620 1804 1779 1869 1718,
1814 1803 1883 1860 de
1913 1783 1956 1837 Β
1985 1783 2152 1870 areas.
2192 1783 2479 1869 δεηθεῖευὲ
2530 1814 2605 1869 De
2657 1817 2894 1886 mysticis
2951 1816 3144 1871 Gallice
3180 1783 3573 1887 scriptoribus,

305 1893 559 1949 versione
589 1892 882 1949 Rufiniana
928 1894 1002 1950 Η.
1051 1893 1117 1948 Ε.
1160 1893 1403 1956 Eusebii.
1462 1896 1781 1965 dignitatem
1829 1904 1884 1951 et

306 1985 679 2055 praestantiam
720 1984 1024 2041 Valesianae
1061 1987 1526 2057 interpretationis
1558 1987 1877 2042 vindicavit.

307 2104 376 2115 —
406 2074 585 2147 Atque
629 2074 832 2131 Valesii
873 2076 1054 2132 versio
1102 2076 1323 2132 Eusebii
1357 2075 1429 2133 Η.
1474 2075 1538 2130 Ε.
1563 2087 1616 2133 et
1656 2077 1733 2133 De
1775 2080 1881 2133 vita

307 2167 643 2234 imperatoris
681 2167 1019 2223 Constantini
1048 2168 1173 2224 libr.
1209 2184 1282 2232 Iv,
1322 2184 1445 2224 cum
1476 2171 1715 2225 oratione
1738 2171 1880 2227 Con-

306 2260 531 2313 stantini
566 2258 636 2313 ad
688 2267 903 2314 sanctos
957 2267 1013 2315 et
1073 2276 1197 2315 cum
1246 2259 1578 2333 Panegyrico
1634 2262 1878 2330 Eusebii,

304 2362 430 2403 cum
484 2349 627 2406 notis
673 2348 877 2405 Valesii
921 2360 975 2405 et
1024 2352 1301 2408 variorum
1332 2368 1398 2407 ex
1431 2354 1716 2425 lieadingii
1745 2356 1878 2411 edit.

303 2457 499 2499 recusa
526 2449 612 2498 est
663 2442 783 2499 sine
819 2449 968 2499 textu
994 2447 1208 2510 Graeco,
1240 2444 1485 2502 Venetiis
1506 2490 1520 2513 ,
1574 2449 1716 2519 typis
1768 2449 1881 2504 An-

303 2537 436 2591 tonii
476 2534 632 2591 Zatta
680 2536 848 2602 1765,
898 2537 1030 2593 tomi
1070 2539 1211 2602 duo,
1280 2539 1333 2594 in
1402 2540 1578 2596 tribus
1608 2542 1735 2597 vol'l.
1808 2543 1877 2612 4,

302 2630 371 2683 de
402 2643 510 2698 qua
543 2628 678 2683 edit.
710 2628 836 2682 vide
880 2630 952 2683 cl.
991 2627 1220 2693 Morelli,
1245 2630 1406 2700 epist.
1454 2630 1521 2685 ad
1558 2647 1642 2685 me
1671 2631 1878 2699 datam,

298 2727 355 2774 et
388 2719 696 2790 evulgatam
733 2734 763 2772 a
786 2735 873 2775 me
932 2720 990 2774 in
1039 2719 1248 2775 Introd.
1280 2722 1335 2774 in
1358 2721 1482 2775 liist.
1508 2720 1573 2776 L.
1594 2719 1686 2777 Gr.
1722 2723 1789 2787 ll,
1821 2723 1878 2791 2,

300 2825 424 2880 pag.
456 2810 564 2865 559
590 2826 674 2880 sq.
707 2839 775 2849 —
806 2809 881 2866 De
904 2811 1239 2868 editionibus
1282 2810 1492 2869 Latinis
1520 2821 1683 2884 atque
1711 2815 1881 2870 inter-

300 2900 549 2970 pretibus
576 2898 695 2956 Lat.
729 2917 782 2956 v.
821 2916 1039 2972 quoque
1074 2899 1284 2956 Stroth.
1330 2904 1387 2959 in
1441 2904 1594 2974 praef.
1629 2905 1694 2959 ad
1723 2920 1878 2961 suam

299 2991 520 3047 Eusebii
558 2991 628 3047 Η.
660 2991 728 3049 Ε.
762 2993 917 3057 edit.,
942 3010 1067 3065 pag.
1109 3011 1301 3060 xxviii,
1330 3012 1452 3067 sqq.
1489 2995 1664 3051 HARL.

369 3082 554 3137 Graece
595 3084 836 3150 Eusebii,
873 3083 1141 3150 Socratis,
1173 3086 1525 3151 Theodoriti,

299 3182 355 3229 et
386 3173 603 3245 Evagrii
633 3173 934 3230 Historiam
984 3177 1395 3232 ecclesiasticam
1450 3181 1876 3251 elegantissimis

301 3267 447 3339 typis
474 3281 542 3322 ex
571 3266 735 3322 codd.
772 3268 935 3337 regiis
973 3267 1145 3323 edidit
1179 3267 1318 3325 Rob.
1355 3268 1664 3340 Stephanus
1702 3273 1873 3329 Paris.

300 3358 578 3424 1541,101.
620 3358 820 3414 Confer
867 3360 1069 3414 laudati
1104 3359 1269 3431 lttigii
1306 3361 1509 3416 librum
1546 3362 1620 3417 De
1653 3363 1878 3419 Patrum

298 3449 639 3505 Bibliotheeis
666 3490 681 3515 ,
729 3466 785 3521 p.
831 3450 931 3504 727
978 3467 1061 3522 sq.
1099 3450 1267 3507 Fann.
1316 3453 1455 3510 Add.
1501 3453 1878 3513 Literarisches

297 3542 686 3606 Wochenblatt,
721 3550 856 3598 tom.
902 3541 956 3608 l,
990 3543 1277 3616 Noriberg.
1329 3546 1489 3611 1770,
1525 3548 1558 3602 8
1579 3588 1594 3614 ,
1633 3556 1776 3618 part.
1807 3566 1837 3603 ι
1859 3589 1875 3614 ,

300 3652 422 3708 pag.
455 3637 556 3691 157
587 3651 671 3706 sq.
709 3665 779 3675 —
817 3635 895 3691 De
932 3636 1228 3707 Stephani,
1284 3636 1487 3695 Valesii
1544 3648 1599 3696 et
1633 3640 1878 3714 Reading

296 3728 422 3784 edd.
448 3727 542 3783 Gr.
575 3729 779 3783 multus
812 3737 895 3784 est
914 3728 1187 3785 Clement.
1217 3728 1349 3797 VIll,
1374 3746 1497 3803 pag.
1538 3731 1641 3787 187
1666 3747 1788 3802 sqq.
1821 3734 1876 3787 In

296 3819 437 3875 Bibl.
468 3818 719 3875 Leidensi
757 3828 842 3874 est
870 3820 1169 3891 exemplar,
1203 3835 1370 3875 manu
1403 3820 1665 3892 Scaligeri
1698 3822 1879 3877 inﬁni-

297 3916 369 3969 tis
397 3912 534 3968 locis
570 3913 942 3983 conscriptum
976 3922 1031 3967 et
1062 3913 1413 3969 emendatum
1451 3930 1519 3971 ex
1537 3914 1604 3970 V.
1628 3915 1753 3971 cod.
1805 3914 1871 3972 V.

294 4003 497 4070 Catal.,
523 4018 647 4074 pag.
696 4002 800 4069 19,
838 4012 894 4059 et
925 4004 1059 4060 ibid.
1106 4005 1256 4060 aliud
1288 4021 1412 4061 cum
1463 4006 1730 4063 adnotatt.
1770 4008 1874 4064 viri

295 4096 464 4150 docti-
506 4094 680 4152 Hane.

366 4184 556 4242 Graece
590 4194 645 4241 et
671 4186 863 4243 Latine
888 4188 1108 4244 eosdem
1138 4188 1435 4259 scriptores
1459 4191 1750 4261 vulgarunt
1768 4190 1874 4248 Ge-

297 4292 596 4342 nevenses,
642 4278 828 4333 addita
882 4277 935 4335 J.
990 4278 1475 4349 Christophorsoni
1524 4283 1777 4338 versione
1818 4291 1872 4338 et

300 4368 516 4425 Sull'ridi
566 4369 711 4426 Petri
742 4370 1217 4436 adnotationibus,
1247 4386 1392 4427 anno
1414 4374 1582 4442 1612,
1610 4376 1725 4441 fol.,
1753 4392 1873 4446 quae

296 4553 548 4625 gitiosius
575 4554 844 4624 prodiisse
880 4556 957 4609 ait
1000 4555 1370 4613 Montacutius
1398 4574 1454 4628 p.
1483 4557 1585 4612 187
1629 4557 1872 4628 Appara-

296 4654 382 4698 tus
415 4642 486 4697 ad
514 4645 739 4714 origines
766 4647 1173 4703 ecclesiasticas.
1236 4648 1379 4721 [Sed
1433 4651 1488 4705 in
1528 4666 1702 4723 marg.
1743 4661 1872 4707 sunt

292 4735 357 4795 V.
397 4735 460 4792 L.
510 4753 542 4793 e
573 4736 767 4810 codd.]

360 4830 445 4885 Ab
477 4845 544 4885 eo
586 4839 829 4900 tempore
857 4830 1081 4888 Eusebii
1113 4831 1393 4896 Historia,
1444 4834 1582 4889 liber
1622 4834 1698 4889 De
1728 4852 1872 4889 mar-

291 4921 493 4993 tyribus
541 4920 889 4989 Palaestinae,
923 4925 1047 4980 libri
1096 4940 1150 4980 Iv
1206 4924 1282 4980 De
1323 4925 1446 4979 Vita
1496 4926 1865 4991 Constantini,

288 5029 413 5068 cum
444 5012 787 5069 Constantini
830 5017 1071 5071 oratione
1122 5018 1192 5072 ad
1236 5028 1450 5073 sanctos
1477 5026 1531 5074 et
1557 5018 1777 5076 Eusebii
1809 5023 1863 5075 in

293 5127 571 5207 prodiisse
599 5130 818 5207 videtur
844 5129 1101 5207 Strothio“
1141 5148 1193 5188 a.
1231 5133 1422 5207 1559,
1458 5137 1551 5207 qui
1598 5151 1779 5207 annus
1810 5137 1865 5193 in

291 5199 398 5275 ﬁne
447 5199 814 5275 dedicationis
865 5199 1121 5275 Godsalfii
1161 5199 1507 5275 subscriptus
1555 5215 1660 5262 est.
1720 5206 1865 5261 Idem

292 5265 569 5345 strothius
620 5286 687 5345 ex
739 5271 844 5325 alia
893 5270 1130 5345 Godsialfi
1182 5275 1333 5345 pmf.
1372 5265 1679 5342 concludit,
1745 5293 1863 5331 eam

288 5338 421 5418 edit.
452 5339 1135 5418 etiam_Ant\_verpiae‘1568
1182 5338 1335 5416 prelo
1362 5347 1593 5414 exiisse;
1627 5338 1865 5418 denique

286 5407 479 5464 Colon.
512 5407 928 5479 Apripp.1612,
966 5413 1063 5470 fol.
1103 5412 1177 5468 In.

358 5478 613 5555 (αὶ-Νοιι⁸
641 5478 838 5555 desunt
884 5484 1103 5555 quidem
1155 5486 1208 5539 in
1252 5485 1353 5540 hac
1400 5488 1564 5543 etiam
1612 5488 1864 5544 versione

286 5549 372 5628 sui
420 5550 547 5604 hinc
600 5551 726 5628 inde
757 5549 925 5628 nzevi',
969 5569 1000 5608 a
1036 5556 1169 5609 viris
1200 5556 1381 5612 doctis
1440 5566 1646 5628 partem
1682 5559 1752 5612 ab
1798 5574 1863 5612 eo

285 5627 529 5699 tempore
558 5626 769 5699 notati,_
780 5625 882 5699 sed
905 5636 1147 5699 propter
1198 5625 1459 5696 plurima,
1488 5645 1627 5699 qua:
1669 5629 1858 5684 rectis-

284 5690 424 5770 sime
444 5699 607 5770 atque
637 5690 1115 5770 eruditissime—vir
1136 5690 1382 5770 summus
1410 5690 1543 5753 vidii
1558 5707 1611 5755 et
1633 5714 1857 5770 expres-

283 5762 375 5827 sit,
412 5762 859 5836 laudemsemper
890 5766 1182 5821 maximam
1208 5767 1339 5825 feret
1363 5770 1431 5825 ab
1457 5770 1628 5839 aequis
1665 5762 1723 5828 cf
1739 5784 1862 5829 cor-
1889 5837 1900 5846 .

1984 1923 2038 1978 p.
2071 1908 2178 1962 279
2204 1925 2293 1981 sq.
2323 1917 2377 1966 et
2402 1909 2509 1964 500
2544 1924 2653 1979 sq.,
2687 1917 2739 1963 et
2762 1917 2952 1964 auctor
2979 1926 3134 1965 novae
3165 1910 3572 1966 dissertationis

1984 2001 2063 2055 De
2097 2011 2324 2071 tempore
2354 2000 2669 2056 introducta:
2700 2003 2757 2056 in
2798 2000 3031 2056 Galliam
3064 2002 3388 2059 Christiana:
3439 2005 3568 2058 reli-

1981 2095 2151 2165 gionis
2198 2095 2284 2166 (de
2335 2109 2442 2165 qua
2486 2093 2854 2164 Ephemerides
2907 2095 3236 2151 Parisienses
3287 2114 3338 2152 a.
3394 2098 3564 2163 1705,

1980 2201 2037 2256 p.
2077 2186 2265 2256 1071),
2314 2186 2587 2256 praecipue
2618 2184 2857 2241 Joannes
2895 2183 3175 2241 Launoius
3210 2186 3264 2240 in
3323 2187 3571 2256 epistolae.

1980 2274 2127 2331 Petri
2172 2276 2240 2331 de
2278 2276 2458 2331 Marca
2506 2277 2909 2347 dispunctione.
2956 2276 3568 2334 DissertationesVale-

1982 2366 2098 2423 sius
2154 2358 2304 2425 notis
2367 2370 2483 2424 suis
2548 2368 2834 2439 subjunxit
2888 2369 2986 2424 has
3042 2376 3323 2439 quatuor:
3374 2371 3427 2425 1.
3494 2370 3568 2424 De

1980 2460 2261 2515 schismate
2292 2461 2697 2516 Donatistarum
2723 2480 2883 2533 usque
2921 2462 2989 2515 ad
3038 2459 3100 2514 Α.
3134 2460 3194 2517 C.
3232 2461 3373 2529 525;,
3398 2462 3451 2516 2.
3488 2462 3567 2517 Dc

1982 2567 2085 2606 uno
2110 2562 2334 2617 tantum,
2369 2570 2471 2607 non
2518 2552 2721 2607 duobus
2757 2552 2963 2621 templis
2989 2568 3021 2605 a
3047 2551 3398 2607 Constantino
3431 2551 3565 2607 Ilie-

1980 2644 2264 2715 rosolymw
2287 2644 2549 2708 conditis;
2583 2645 2635 2699 5.
2668 2643 2751 2697 Ad
2791 2642 2913 2699 Jac.
2953 2642 3256 2707 Usserium,
3313 2643 3566 2700 adversus

1981 2734 2128 2789 illius
2154 2736 2467 2789 sententiam
2494 2736 2558 2789 de
2583 2733 2788 2803 perdita
2827 2736 3060 2789 versione
3085 2733 3241 2789 LXX
3299 2732 3326 2788 Ι
3334 2744 3565 2803 nterpre-

1980 2844 2090 2889 tum
2122 2843 2171 2889 et
2201 2833 2458 2904 Ilexaplis
2480 2833 2721 2905 Origenis
2738 2850 2757 2899 ;
2786 2834 2839 2890 4.
2874 2833 2951 2889 De
2979 2829 3384 2906 Martyrologio,
3424 2835 3563 2906 quod

1978 2933 2282 2990 Rosweidus
2326 2933 2532 2999 edidit,
2576 2943 2627 2987 et
2674 2949 2946 3003 perperam
2997 2948 3091 3002 pro
3131 2937 3288 2989 veteri
3336 2934 3573 3005 genuino

1982 3025 2219 3080 Romano
2247 3024 2632 3095 Martyrologio
2664 3024 2912 3094 jactavit.
2964 3024 3171 3081 Prodiit
3199 3024 3422 3083 Eusebii
3454 3024 3556 3081 Va-

1586 3089 1876 3191 Sofo'f‘e'fi
1904 3123 1947 3180 C
1980 3118 2100 3175 lesii
2121 3119 2313 3174 Graece
2336 3089 2610 3191 etvLatine
2636 3089 2812 3172 Paris.
2833 3133 3094 3188 perquam
3124 3119 3295 3173 nitide
3323 3134 3377 3175 a.
3399 3118 3562 3184 1659,

1980 3211 2101 3277 fol.,
2130 3210 2274 3281 apud
2301 3208 2597 3263 Antonium
2629 3207 2815 3272 Vitre,
2850 3219 2905 3265 et
2940 3226 3007 3265 ex
3049 3208 3255 3265 Valesii
3283 3211 3565 3281 chirogra-

1981 3303 2091 3372 pho
2114 3342 2130 3367 ,
2179 3301 2371 3372 paucis
2419 3299 2745 3371 quibusdam
2778 3300 2835 3355 in
2866 3302 3119 3357 versione
3149 3303 3371 3358 mutatis
3397 3311 3563 3374 atque

1980 3393 2228 3465 pluribus
2250 3392 2473 3456 additis,
2505 3406 2627 3462 quas
2661 3392 2881 3447 uncinis
2909 3392 3122 3447 inclusa
3150 3400 3280 3449 sunt
3314 3394 3369 3448 in
3393 3395 3566 3449 anim-

1981 3486 2399 3542 adversionibus
2448 3500 2513 3541 ex
2562 3485 2820 3540 secundis
2902 3484 3108 3541 Valesii
3158 3487 3353 3554 curis,
3415 3488 3560 3558 apud

1979 3576 2199 3633 Petrum
2229 3578 2278 3632 1e
2316 3576 2479 3645 Petit,
2511 3575 2687 3633 Paris.
2727 3577 2892 3641 1677,
2935 3578 3030 3633 fol.
3066 3577 3277 3634 Exinde
3309 3579 3377 3635 ad
3402 3595 3558 3651 prio-

1978 3694 2095 3736 rem
2123 3678 2210 3734 ed.
2242 3693 2471 3734 recusus
2500 3676 2824 3748 Moguntina,
2863 3686 2922 3732 ut
2965 3677 3131 3733 habet
3169 3678 3393 3743 titulus,
3443 3680 3561 3734 sive

1976 3769 2327 3826 Francofurti
2360 3770 2543 3840 potius
2583 3769 2757 3836 1672,
2822 3770 2941 3831 101.,
2973 3780 3027 3824 et
3080 3769 3149 3823 ad
3198 3771 3557 3840 posteriorem

1977 3861 2273 3917 editionem
2298 3861 2664 3917 Parisiensem
2688 3901 2703 3925 ,
2734 3860 3009 3916 Amsterd.
3044 3859 3184 3915 1695
3203 3898 3218 3926 ,
3264 3857 3385 3924 fol.,
3414 3861 3559 3931 typis

1975 3952 2535 4009 Francofurtensibus
2611 3951 2938 4008 Wustianis.
3014 3951 3231 4023 Paginae
3296 3951 3555 4016 Eusebii,

1976 4056 2122 4128 quod
2153 4055 2501 4112 vehementer
2529 4054 2854 4121 dolendum,
2890 4057 2947 4108 in
2980 4053 3082 4108 hac
3115 4062 3391 4123 postrema
3409 4052 3557 4107 haud

1975 4147 2310 4220 respondent
2339 4145 2435 4220 (b).
2493 4145 2641 4203 Obiit
2670 4145 2921 4202 Valesius
2949 4144 3199 4211 Parisiis,
3228 4144 3398 4200 Nonis
3428 4144 3556 4199 Maii

1975 4255 2028 4295 a.
2060 4238 2224 4304 1676,
2252 4239 2469 4309 vitaque
2498 4239 2639 4309 ejus,
2670 4253 2701 4293 a
2740 4237 2907 4294 fratre
2941 4237 3186 4293 Adriano
3224 4237 3450 4307 scripta,
3486 4237 3557 4292 ad

1975 4329 2315 4385 Ludovicum
2342 4328 2625 4384 Nublaaum
2650 4369 2666 4394 ,
2709 4337 2834 4399 post
2859 4328 3226 4384 Parisiensem
3256 4327 3554 4382 editionem

1976 4435 2169 4477 recusa
2210 4418 2408 4491 Lipsiae
2439 4419 2601 4485 1680,
2633 4419 2697 4485 8,
2745 4436 2877 4475 cura
2907 4421 3233 4476 nobilissimi
3257 4420 3360 4474 viri
3399 4417 3553 4474 Frid.

1972 4608 2229 4673 virorum,
2255 4622 2287 4661 a
2305 4605 2448 4661 Guil.
2486 4604 2706 4661 Batesio
2733 4605 2976 4661 collectis
3000 4613 3054 4659 et
3083 4602 3315 4659 Londini
3341 4618 3392 4656 a.
3413 4592 3548 4656 1681

1972 4705 2028 4753 et
2056 4697 2218 4763 1704,
2249 4698 2306 4765 4,
2328 4697 2493 4753 editis
2515 4711 2571 4768 p.
2599 4697 2723 4761 719,
2746 4703 2802 4752 et
2829 4704 2957 4752 ante
2995 4695 3291 4752 Eusebium
3343 4692 3552 4749 Valesii

1972 4787 2103 4844 edit.
2127 4787 2304 4844 Amst.
2335 4787 2495 4855 1695,
2518 4788 2616 4843 fol.
2656 4785 2825 4843 FABR.

2040 4908 2257 4979 Integra
2287 4905 2492 4964 Valesii
2523 4905 2693 4963 editio
2740 4905 3106 4977 Cantabrigiae
3145 4913 3299 4959 tanta
3335 4918 3467 4959 cura
3495 4911 3552 4959 et

1970 5013 2076 5069 ﬁde
2120 5028 2316 5071 recusa
2347 5022 2468 5082 est,
2510 5021 2571 5069 ut
2622 5013 2788 5069 etiam
2837 5020 3061 5085 peccata
3101 5011 3504 5082 typotbetarum
3530 5049 3547 5077 ,

1967 5128 2109 5185 datis
2137 5128 2456 5194 lectoribus,
2476 5129 2672 5186 nedum
2707 5130 2917 5185 veniam
2941 5128 3012 5184 ob
3036 5128 3549 5199 quantulascunque

1966 5201 2442 5255 hallucinationes.

2046 5269 2122 5339 (b)
2162 5270 2321 5324 Conf.
2372 5269 2688 5339 uberiorem
2737 5269 3108 5324 recensionem
3142 5266 3192 5323 Ι.
3239 5265 3456 5323 Fabric.
3485 5271 3543 5324 in

1966 5338 2111 5395 Bibi.
2145 5339 2388 5404 Fabric.,
2412 5348 2544 5393 tom.
2576 5338 2638 5405 ll,
2666 5356 2721 5410 p.
2756 5341 2861 5395 596
2893 5355 3036 5409 sqq.,
3064 5341 3159 5409 qui
3198 5341 3546 5395 animadver-

1965 5416 2051 5475 tit,
2083 5411 2216 5467 edit.
2248 5412 2396 5464 illam
2421 5425 2531 5464 non
2552 5425 2674 5465 esse
2703 5426 2949 5465 recusant
2977 5411 3205 5466 Amstel.
3237 5411 3377 5465 1695
3396 5452 3411 5476 ,
3444 5413 3540 5465 sed

1965 5499 2062 5554 per
2094 5481 2339 5554 fraudem
2364 5480 2564 5554 factum
2592 5497 2714 5554 esse
2749 5482 3162 5554 illuiutituluni,
3187 5497 3310 5535 cum
3362 5484 3433 5536 sit
3466 5483 3543 5549 ip-

1966 5549 2184 5610 sissima
2234 5550 2322 5607 ed.
2382 5549 2812 5605 Franeofurtana
2841 5592 2854 5613 ,
2905 5552 3156 5621 idemque
3193 5554 3541 5621 aliorumude

1964 5624 2203 5680 Eusebio
2231 5621 2461 5691 ejusque
2501 5623 2721 5693 scriptis
2768 5618 3085 5693 Valesiique
3113 5624 3349 5677 editione
3380 5618 3539 5693 affer:

1958 5695 2185 5762 judicia.
2244 5688 2455 5747 Recusa
2505 5688 2628 5759 est,
2661 5701 2753 5749 aut
2806 5688 3005 5749 novuni
3059 5694 3279 5749 titulum
3304 5688 3543 5763 accepit.

1964 5768 2138 5824 Paris.
2172 5765 2328 5823 1746.
2369 5763 2535 5819 Hann.
