4126 6470
551 335 611 389 31
1557 342 1902 403 EUSEBIUS
1937 345 2420 404 CIESARIENSIS
2460 347 2856 406 EPISCOPUS.
3745 357 3816 411 52

548 455 748 518 praeter
782 449 874 506 illa
913 467 1037 522 quae
1079 453 1194 524 ipse
1226 453 1482 514 Valesius
1508 457 1800 530 indicarat,
1833 463 2136 518 retineren-
2163 469 2210 525 Α
2236 459 2362 528 Gr.,
2395 479 2450 534 p.
2483 461 2553 517 46
2573 471 2629 519 et
2658 464 2748 519 65.
2778 495 2849 504 —
2877 462 2934 518 In
2964 463 3088 519 cod.
3123 463 3350 520 Coislin.
3388 465 3516 531 505,
3545 465 3637 524 fol.
3688 470 3812 540 H9,

422 539 430 548 ’
549 547 658 594 tur.
696 539 775 595 En
811 543 1226 614 inscriptionem
1255 565 1270 600 :

2235 564 2320 610 est
2373 554 2528 610 locus
2585 554 2806 611 Eusebii
2848 553 2925 610 De
2961 553 3324 625 Therapeutis,
3373 568 3581 648 septem
3621 570 3815 619 octove

622 631 840 686 Eusebii
898 633 1188 705 Pamphili,
1227 638 1472 698 Socratis
1524 643 1860 710 scholastici,
1902 645 2101 702 Hermi:

2231 644 2574 713 paginarum.
2623 644 2942 717 (Montfauc.
2979 645 3120 702 Bibl.
3155 645 3321 704 Coist.
3345 691 3360 716 ,
3395 666 3450 721 p.
3482 631 3631 723 ιιέι).
3662 654 3813 711 -Ιιι

550 721 853 789 Sozomeni,
885 723 1194 783 Theodoriti
1227 740 1277 784 et
1306 730 1541 803 Evagrii,
1566 735 1687 789 item
1711 735 2060 810 Philostorgii
2081 750 2131 794 at

550 816 811 873 Theodori
841 819 1078 878 Lectoris
1122 843 1241 895 quia
1271 838 1520 894 exstant,
1579 828 1839 887 Historiae
1879 835 2130 889 ecclesia-

544 911 692 962 stica:
735 911 912 967 Graece
961 925 1012 968 et
1063 913 1254 972 Latine
1310 919 1366 972 in
1425 929 1528 974 tres
1585 931 1753 976 tomos
1803 924 2124 982 distributa'.

545 1001 713 1057 Henr.
778 1005 1025 1062 Valesius
1083 1008 1326 1064 Grati-mn
1393 1021 1593 1066 textum
1649 1032 1716 1070 ea:
1782 1035 1913 1074 mss.
1969 1021 2124 1076 codd.

541 1096 872 1163 emendavit,
923 1101 1113 1157 Latine
1155 1107 1342 1171 vertit,
1407 1117 1456 1161 et
1490 1106 1754 1162 adnotatt.
1811 1112 2124 1171 illustravit.

543 1184 791 1246 Gulielm.
855 1191 1090 1266 Ileading
1137 1214 1296 1252 novas
1346 1199 1762 1268 elucidationes,
1830 1208 2124 1273 pra'sertim

541 1280 972 1354 chronologicas,
1007 1290 1062 1342 in
1091 1288 1190 1342 hac
1219 1291 1446 1347 editione
1484 1295 1701 1364 adjecit.
1737 1297 2121 1370 Cantabrigiw,

541 1375 679 1444 typis
703 1378 939 1434 academ.
976 1379 1144 1444 1720,
1197 1383 1316 1452 fol.,
1345 1383 1413 1440 III
1448 1396 1577 1444 tom.
1618 1387 1676 1444 In
1728 1393 1906 1462 primo
1938 1405 2119 1460 tomo,

538 1467 632 1537 qui
681 1471 1004 1536 peculiarem
1055 1473 1218 1529 habet
1265 1477 1719 1550 inscriptionem,
1768 1487 2124 1542 continentur

537 1556 758 1614 Eusebii
796 1591 862 1600 —
895 1561 962 1618 E.
1001 1563 1074 1621 Η.
1111 1567 1235 1622 libri
1287 1569 1483 1628 decem.
1537 1573 1744 1640 Quibus
1783 1579 2122 1649 subjungitur

535 1652 708 1706 oratio
733 1651 1072 1710 Constantini
1101 1658 1168 1712 ad
1201 1672 1414 1717 sanctos
1455 1673 1506 1718 et
1556 1664 1913 1738 Panegyricus
1947 1670 2117 1726 Euse-

534 1744 626 1800 bii.
663 1743 734 1800 Π.
803 1747 976 1805 Vales.
1034 1751 1126 1807 Gr.
1191 1762 1390 1809 textum
1439 1757 1650 1813 collatis
1692 1777 1744 1814 iv
1793 1780 1921 1819 mss.
1960 1765 2114 1822 codd.

2237 735 2309 790 Μ.
2349 736 2651 804 Britannia,
2686 738 2989 794 secundum
3014 737 3191 796 Catal.
3223 739 3409 807 codd.,
3442 745 3496 798 in
3526 746 3650 802 cod.
3680 745 3813 809 Bar-

2231 845 2348 886 roc.
2379 847 2435 885 η.
2466 830 2643 897 CIIIC,
2685 831 2882 903 fragm.
2916 849 2982 887 ex
3019 831 3092 888 ιι.
3149 833 3217 888 Ε.
3257 843 3309 888 et
3337 833 3555 891 Eusvbii
3589 849 3814 893 senten-

2229 924 2339 987 tiae,
2357 923 2498 977 inter
2513 921 2637 978 cod.
2656 923 2786 978 bibl.
2806 923 3086 978 Bodleian.
3105 923 3398 980 DCCLXIII
3414 939 3466 983 et
3481 929 3810 998 MCCCXIX,

2227 1015 2370 1070 inter
2411 1014 2573 1070 codd.
2632 1013 2828 1071 Laudi.
2887 1015 2959 1072 ll.
2995 1016 3057 1070 E.
3107 1034 3174 1073 ex
3225 1022 3471 1076 versione
3505 1021 3710 1080 Bufini.
3739 1055 3811 1066 ——

2226 1106 2294 1160 Ν.
2339 1105 2817 1174 MMCCLXXVIII,
2854 1107 2926 1164 Π.
2982 1109 3048 1164 Ε.
3107 1111 3201 1166 Cr.
3253 1143 3324 1154 —
3371 1114 3436 1172 Ν.
3471 1116 3808 1188 MMCDVIll,

2226 1201 2480 1272 synopsis
2519 1200 2588 1256 II.
2622 1199 2688 1257 E.
2709 1233 2776 1242 —
2795 1201 2860 1257 N.
2883 1201 3416 1273 MSIMMMMCDXV,
3448 1209 3571 1265 libri
3591 1227 3646 1265 ιι
3668 1209 3804 1284 (sic).

2230 1291 2299 1346 ΙΙ.
2335 1291 2402 1348 Ε.
2455 1295 2548 1350 sed
2585 1293 2798 1356 Latine.
2836 1295 3021 1352 credo.
3055 1298 3320 1354 —Oxou.
3374 1301 3427 1355 in
3481 1304 3612 1358 bibl.
3678 1305 3804 1361 coll.

2223 1387 2546 1453 Baliolens.,
2578 1388 2646 1445 N.
2675 1389 2875 1455 CCVC,
2903 1391 3021 1448 Lat.
3050 1423 3121 1434 —
3145 1395 3204 1450 In
3239 1395 3372 1451 bibl.
3407 1399 3535 1454 coll.
3596 1399 3808 1459 κει-ιοη

2221 1476 2545 1546 N.DXCIV,
2597 1481 2670 1536 ll.
2733 1483 2797 1538 Ε.
2837 1485 2932 1538 lib.
2983 1501 3062 1550 ιι,
3118 1485 3236 1542 Lat.
3271 1491 3418 1546 —In
3481 1490 3615 1545 bibl.
3676 1495 3802 1552 coll.

2220 1570 2488 1630 Orielcns.
2526 1573 2600 1629 11.
2646 1573 2712 1629 Ε.
2775 1574 2896 1632 Lat.
2954 1593 3081 1632 cum
3115 1579 3501 1636 additameutis
3541 1581 3720 1638 Rufini
3752 1596 3806 1640 et

2221 1680 2343 1718 cum
2391 1667 2755 1722 translatione
2812 1667 3082 1737 ejusdem.
3107 1673 3251 1727 —ln
3287 1673 3417 1726 bibl.
3451 1676 3580 1730 coll.
3623 1675 3805 1732 Mariae

2222 1754 2400 1826 Magd.
2438 1756 2764 1822 MMCCCLI,
2794 1758 2910 1814 Lat.
2943 1792 3010 1801 —
3041 1761 3302 1818 Cantabr.
3325 1763 3389 1817 N.
3423 1763 3800 1834 MCCLXXIX,

531 1838 856 1905 emendavit,
887 1839 1010 1898 Lat.
1040 1846 1192 1900 vertit
1225 1857 1274 1901 et
1311 1849 1578 1906 adnotatt.
1612 1851 1924 1911 illustravit.
1958 1857 2114 1912 Hanc
2147 1827 2189 1882 Β
2221 1844 2295 1902 ιι.
2335 1845 2400 1902 Ε.
2438 1847 2530 1902 I’r-
2571 1848 2870 1904 Ρενὶιυτιιηι
2906 1851 3110 1906 dicunt
3161 1856 3308 1910 -Ιη
3351 1859 3481 1912 εοιιο
3532 1858 3592 1916 S-
3625 1859 3802 1916 Bene-

528 1928 656 1986 edit.
691 1934 890 1989 criticis
921 1937 1160 2006 plurium
1195 1940 1527 1995 eruditorum
1560 1944 1640 2016 (n.
1680 1943 1844 2002 Wilh.
1878 1947 2110 2006 LOWlIIII

529 2025 826 2082 emendatt.
858 2030 1116 2101 notisque
1142 2031 1272 2087 hist.
1301 2040 1356 2087 et
1383 2032 1446 2088 ν.
1483 2033 1544 2089 L.
1581 2053 1612 2091 a
1638 2035 1841 2094 Merico
1869 2039 2108 2099 Casaub.

528 2115 764 2185 margini
811 2121 1046 2192 exempl.
1114 2121 1301 2193 Steph.
1361 2127 1637 2202 ascriptis)
1661 2128 2110 2189 observationibus

528 2203 862 2274 locupletavit
895 2211 958 2268 ϐ.
1004 2212 1261 2287 Reading,
1287 2217 1418 2274 cleri
1445 2218 1780 2280 Londinens.
1813 2225 2108 2284 bibliothe-

527 2308 668 2360 car.,
693 2297 954 2358 Cantabr.
999 2304 1158 2362 I720.
1191 2305 1436 2381 Beading
1461 2327 1702 2382 quoque,
1731 2316 1996 2388 quidquid
2043 2337 2108 2374 ex

527 2383 658 2459 Pagi
689 2391 900 2458 critica,
929 2393 1211 2454 Pearsonii
1240 2400 1538 2458 Annalibus
1560 2383 1914 2476 Cyprianicis,
1944 2410 2107 2468 Cavei

529 2477 676 2536 Hist.
725 2483 854 2549 litt.,
889 2485 1164 2545 Dodwello
1197 2491 1428 2563 aliisque
1459 2495 1566 2551 huc
1620 2500 1949 2568 pertineret,
1985 2503 2110 2558 dili-

526 2578 720 2640 genter
771 2578 1080 2648 congessit,
1136 2589 1191 2636 et
1244 2592 1406 2640 notas
1436 2583 1640 2642 Valesii
1671 2589 2013 2664 aliorumque
2055 2601 2109 2648 et

527 2679 658 2721 suas
698 2669 866 2723 textui
911 2671 1144 2742 subjecit
1171 2677 1534 2736 commodius.
1569 2679 1684 2736 Sub
1717 2682 1878 2740 finem
1921 2701 1975 2756 p.
2007 2687 2108 2743 795

526 2771 612 2828 sq.
637 2760 822 2828 posuit
850 2759 916 2817 ν.
948 2761 1010 2818 L.
1047 2766 1256 2823 codicis
1281 2769 1577 2827 Castellani
1603 2782 1658 2829 et
1691 2791 1786 2831 eas
1810 2793 1946 2847 quas
1970 2778 2102 2835 Mer.

524 2849 835 2909 Casaubon.
867 2859 1102 2928 exempl.
1139 2859 1328 2934 Steph.
1358 2879 1521 2920 manu
1555 2867 1906 2937 ascripserat.
1943 2871 2103 2927 Conf.

523 2941 723 3000 Clerici
757 2946 900 3004 Bibl.
934 2953 1184 3007 ancienne
1211 2965 1260 3007 et
1291 2955 1456 3020 mod.,
1488 2968 1621 3014 tom.
1648 2956 1790 3027 XVI,
1811 2979 1866 3034 p.
1889 2963 2101 3034 75456;

523 3035 681 3092 Acta.
713 3037 929 3106 erudit.,
965 3041 1114 3113 Lips.
1153 3045 1310 3113 1721,
1361 3065 1415 3119 p.
1469 3049 1576 3118 97;
1607 3062 1680 3108 -et
1709 3053 2098 3130 Baumgarten,

2213 1937 2369 2004 dicti,
2398 1938 2464 1995 N.
2501 1939 2896 2008 MDCXXVIII,
2931 1945 3052 1998 libri
3103 1961 3158 1999 ιι
3246 1946 3448 2004 Euseb.
3487 1949 3559 2005 11.
3595 1951 3660 2005 Ε.
3687 1952 3800 2010 Tit.

2213 2031 2269 2085 in
2302 2039 2410 2086 vet.
2474 2035 2702 2104 scripto,
2740 2033 3120 2091 Ecclesiastica
3153 2039 3277 2094 hist.
3309 2056 3401 2108 per
3451 2041 3566 2097 llic.
3609 2045 3801 2101 Mom-

2211 2121 2558 2178 chum.—N.
2584 2127 2976 2195 MMCDXXXI,
3007 2127 3079 2183 11.
3111 2128 3176 2183 Ε.
3210 2129 3328 2186 Lat.
3363 2163 3430 2173 —
3477 2134 3534 2190 lu
3568 2144 3701 2193 tom.
3732 2137 3797 2206 II,

2209 2213 2383 2269 Catal.
2417 2215 2474 2270 in
2532 2217 2662 2271 bibl.
2703 2225 2841 2274 ecel.
2891 2217 3319 2290 Wigornieusis,
3371 2225 3590 2282 Ειιειιιιίἰ
3629 2229 3700 2282 Il.

2211 2304 2334 2358 libri
2365 2321 2439 2368 Ix,
2475 2321 2506 2360 a
2531 2305 2728 2363 Ruﬁno
2751 2310 2920 2375 versi,
2955 2327 3060 2364 una
3092 2329 3218 2367 cum
3251 2331 3288 2368 ιι
3327 2317 3480 2373 libris
3518 2335 3613 2389 per
3643 2337 3798 2376 eum-

2209 2394 2331 2450 dem
2367 2396 2586 2454 additis.
2610 2430 2680 2440 —
2702 2403 2762 2458 In
2785 2403 2915 2459 bibl.
2945 2405 3142 2460 eccles.
3172 2406 3572 2468 Sarisburicns.
3607 2429 3663 2468 n.
3697 2412 3793 2481 bII,

2213 2486 2285 2544 II.
2321 2487 2385 2542 E.
2419 2491 2601 2546 versio
2632 2489 2835 2557 Rufini,
2871 2495 3059 2548 eadem
3093 2496 3280 2553 forsan
3331 2518 3388 2556 ιι.
3487 2502 3702 2558 MXXII.
3725 2534 3796 2546 —

2204 2579 2266 2634 In
2295 2580 2428 2637 bibl.
2467 2582 2709 2638 Norfolk.
2741 2584 2806 2638 N.
2851 2586 3194 2644 MMMCDYL
3225 2632 3239 2653 ,
3277 2590 3350 2647 Η.
3386 2591 3448 2647 Ε.
3484 2593 3689 2651 Grmce.
3721 2626 3793 2639 -

2207 2667 2351 2725 Inter
2382 2674 2539 2727 codd.
2572 2675 2699 2731 Car.
2741 2675 2993 2749 Theyeri,
3027 2680 3092 2736 N.
3135 2682 3790 2758 MMMMMMDLXKXIX,

2208 2763 2355 2818 Hist.
2392 2767 2488 2819 lib.
2523 2783 2599 2832 ΣΙ,
2633 2767 2749 2824 Lat.
2778 2803 2848 2810 —
2880 2770 2938 2826 In
2971 2773 3396 2841 bileaeobzca,
3431 2796 3483 2834 ιι.
3525 2781 3788 2838 5111511131

2207 2855 2595 2914 MMDCDXVII
2631 2857 2750 2915 Lat.
2781 2892 2854 2902 —
2881 2863 2941 2917 In
2991 2864 3124 2922 bibl.
3179 2869 3327 2938 regia
3371 2869 3672 2928 Matritensi
3706 2883 3791 2930 cst

2204 2947 2330 3004 cod.
2363 2964 2392 3003 a
2423 2947 2711 3006 Vincentio
2734 2952 2988 3009 Marincr.
3028 2954 3338 3026 Valentino,
3373 2977 3440 3014 ex
3469 2968 3591 3017 cod.
3617 2963 3788 3020 Esce-

2204 3041 2327 3095 rial.
2361 3043 2652 3114 antiquiss.
2682 3045 2774 3116 qui
2801 3047 3055 3102 incendio
3083 3048 3264 3104 forsan
3301 3052 3646 3125 absumptus,
3677 3075 3785 3114 non

525 3125 838 3188 Nachricht.
870 3150 967 3188 von
1003 3136 1413 3212 merku'iirdigen
1443 3142 1706 3201 Buchern.
1723 3186 1742 3215 ,
1783 3125 1918 3204 tom'.
1941 3148 2010 3216 X,
2040 3167 2097 3222 p.

2204 3129 2440 3198 amplius
2469 3139 2669 3197 exstat,
2727 3134 3058 3207 descriptus,
3085 3139 3140 3192 in
3188 3157 3298 3210 quo
3330 3152 3458 3198 sunt
3505 3146 3615 3202 duo
3651 3147 3788 3203 iusi-

521 3219 776 3278 3l0-3l8.

593 3310 718 3368 Haec
748 3312 1034 3390 Readingii
1063 3318 1153 3376 ed.
1188 3335 1386 3378 recusa
1432 3330 1518 3380 est
1570 3323 1760 3382 Turini
1796 3328 1932 3386 1748
1976 3328 2096 3397 fol.,

519 3400 590 3456 III
627 3405 755 3460 voll.
1072 3417 1079 3434 ‘

591 3493 876 3570 Readingii
929 3501 1147 3567 merita,
1182 3519 1304 3574 quae
1351 3505 1407 3560 in
1451 3507 1642 3562 critica
1681 3510 1898 3579 quidem
1943 3523 2101 3583 parte

520 3587 666 3641 haud
717 3589 854 3644 adeo
904 3590 1140 3662 insignia
1202 3596 1445 3663 fuerunt,
1503 3597 1784 3656 Strothius
1839 3619 2100 3674 superare

520 3677 785 3733 sustinuit
813 3680 867 3734 in
893 3697 1033 3738 nova
1060 3685 1194 3739 edit.
1235 3703 1302 3743 ac
1347 3691 1700 3756 recensione,
1733 3695 1892 3765 cujus
1915 3703 2097 3753 tamen

519 3769 754 3839 primum
777 3777 987 3828 tantum
1020 3776 1273 3832 volumen
1307 3779 1482 3836 lucem
1511 3783 1759 3852 aspexit:

592 3859 809 3915 Eusebii
853 3861 1120 3934 Pamphili
1167 3866 1422 3923 Historia:
1471 3873 1846 3928 ecclesiasticae
1884 3874 2010 3930 libri
2039 3893 2093 3931 χ.

523 3948 773 4020 Ejusdem
807 3952 916 4008 -De
954 3954 1076 4010 Vita
1109 3955 1452 4015 Constantini
1509 3961 1631 4017 libri
1662 3981 1734 4020 Iv.
1772 3965 1995 4021 Textum
2025 3969 2096 4022 ad

518 4041 676 4111 ﬁdem
709 4043 863 4102 codd.
901 4064 1028 4105 mss.
1053 4059 1102 4106 et
1133 4051 1253 4106 edd.
1298 4056 1591 4121 recensuit,
1622 4069 1876 4128 notasque
1922 4061 2097 4114 maxi-

519 4150 660 4188 mam
685 4147 886 4205 partem
916 4142 1129 4198 criticas
1163 4143 1356 4210 adiecit
1390 4144 1440 4197 F
1442 4147 1546 4201 rid.
1583 4149 1753 4202 Andr.
1789 4149 2097 4206 Stroth..—

518 4225 642 4285 Vol.
691 4230 732 4286 I.
786 4231 935 4290 Halm
967 4235 1033 4292 ad
1067 4236 1273 4304 Salam,
1321 4239 1482 4308 I779,
1533 4240 1586 4306 8,
1635 4241 1842 4299 Graece.
1901 4243 2095 4302 Varias

515 4319 672 4376 editt.
731 4331 840 4378 tam
873 4324 970 4381 Gr.
1003 4343 1166 4397 quam
1201 4329 1322 4385 Lat.
1377 4333 1630 4400 contulit,
1667 4343 1833 4404 atque
1861 4350 1925 4390 ea
1972 4353 2094 4407 qua:

514 4421 673 4468 antea
701 4413 926 4472 fuerunt
972 4420 1246 4490 dispersa,
1290 4423 1530 4496 collegit,
1576 4425 1632 4480 in
1673 4428 2093 4500 subsidiumque

2203 3218 2327 3290 gnia
2358 3219 2659 3292 fragmenta
2707 3241 2772 3279 ex
2819 3225 3039 3282 Eusebii
3091 3230 3162 3285 Η.
3203 3231 3293 3298 Ε.,
3325 3235 3478 3304 prius
3510 3238 3645 3309 Περὶ
3678 3240 3786 3294 τῶν

2202 3311 2494 3384 μαρτύρων
2521 3315 2630 3370 τῶν
2661 3319 2720 3370 ἐν
2750 3321 3079 3392 Καισαρείᾳ,
3119 3324 3223 3378 ὑπὸ
3250 3327 3344 3378 τοῦ
3400 3329 3785 3400 Διοκλητιανοῦ

2197 3406 2293 3459 καὶ
2338 3406 2644 3480 Μαξιμίνου
2697 3415 3182 3486 μαρτυρησάντων,
3207 3419 3351 3490 quod
3377 3419 3490 3488 jam
3513 3432 3597 3476 est
3621 3440 3785 3478 excu—

2198 3510 2320 3550 sum
2349 3497 2403 3551 in
2421 3499 2507 3553 ed.
2540 3499 2794 3569 Eusebii;
2829 3505 3098 3572 posterius
3130 3509 3266 3580 Περὶ
3290 3508 3399 3562 τῶν
3427 3511 3566 3564 κατᾶ
3599 3513 3786 3584 διαφό-

2201 3605 2330 3659 ρους
2353 3592 2577 3664 καιροὺς
2599 3596 2658 3648 ἐν
2685 3595 2967 3667 διαφόροις
2993 3598 3178 3653 πόλεσι
3228 3601 3580 3675 ἁῢλησὰντων
3614 3607 3784 3676 ἁγίων

2202 3682 2516 3754 μαρτύρων,
2549 3687 2716 3756 quod.
2752 3692 2879 3760 quia
2913 3693 3153 3746 nondum
3185 3695 3390 3749 editum
3436 3709 3542 3760 est,
3589 3699 3782 3754 Iriarte

2199 3773 2254 3826 in
2281 3773 2456 3830 Catal.
2512 3778 2664 3835 codd.
2704 3779 2798 3837 Gr.
2859 3782 3104 3850 Matrit.,
3159 3802 3213 3857 p.
3257 3787 3534 3856 ὅσω-552,
3571 3792 3782 3862 primus

2196 3866 2783 3936 evulgavitGrzece.—
2814 3874 2871 3929 In
2907 3876 3036 3932 bibl.
3067 3877 3320 3936 Leidensi
3355 3880 3429 3938 II.
3587 3883 3779 3939 Latine

2200 3954 2264 4014 ν.
2290 3958 2490 4021 Catal..
2534 3979 2587 4034 p.
2639 3965 2763 4031 559,
2819 3985 2874 4023 ιι.
2909 3969 2960 4028 1.
2991 4001 3062 4011 -
3097 3970 3346 4039 Taurini,
3380 3976 3435 4029 in
3462 3976 3594 4030 bibl.
3629 3977 3776 4049 regia

2195 4049 2339 4105 inter
2371 4052 2529 4110 codd.
2566 4053 2682 4110 Lat.
2709 4056 2888 4112 Rufini
2923 4062 3103 4117 versio
3139 4064 3190 4118 in
3219 4065 3380 4120 codd.
3415 4065 3597 4130 DLIX,
3636 4069 3772 4126 DLX

2193 4153 2248 4200 et
2287 4143 2546 4202 DLXXV.
2595 4180 2665 4188 --
2710 4149 3000 4207 Florentiae
3045 4155 3098 4208 in
3149 4155 3281 4211 bibl.
3327 4156 3494 4213 Laur.
3538 4159 3777 4217 Medicea

2195 4235 2315 4291 cod.
2353 4247 2554 4295 vetust.
2589 4239 2701 4306 VII,
2737 4244 2876 4314 plut.
2914 4246 3001 4314 70,
3029 4247 3095 4302 de
3128 4263 3239 4317 quo
3273 4252 3517 4304 nondum
3541 4268 3779 4309 excusso

2195 4331 2402 4387 multus
2440 4340 2525 4388 est
2555 4331 2786 4391 Bandin.
2815 4338 2869 4392 in
2901 4339 3022 4394 Cat.
3055 4340 3215 4396 codd.
3252 4340 3347 4396 Gr.
3378 4341 3441 4406 II,
3469 4360 3521 4414 p.
3555 4346 3660 4400 666
3689 4363 3772 4418 sq.

2193 4453 2263 4463 —
2293 4422 2429 4479 Ibid.
2466 4425 2590 4480 cod.
2628 4425 2769 4493 XXI,
2801 4446 2857 4484 ιι.
2891 4431 2946 4494 1,
2977 4433 3114 4504 plut.
3153 4435 3241 4498 70,
3274 4435 3341 4490 de
3366 4451 3475 4506 quo
3509 4438 3634 4492 cod.
3661 4455 3777 4494 me-

518 4507 736 4560 vocavit
766 4507 1025 4565 Ruﬁnum
1071 4528 1136 4570 ac
1163 4513 1530 4586 Nicephorum
1561 4518 1829 4589 aliosque.
1859 4521 1976 4586 Qua
2003 4523 2088 4576 di-
2119 4521 2166 4578 D
2196 4515 2470 4581 ωοηὼηί,
2505 4517 2595 4587 qui
2634 4529 2840 4589 Partem
2866 4522 2993 4576 libri
3040 4523 3119 4577 De
3148 4527 3472 4595 martyribus
3509 4528 3560 4580 ίη
3594 4528 3773 4584 P01“!-

511 4594 732 4666 Iigentia
754 4599 954 4666 effecit,
990 4611 1047 4656 ut
1088 4605 1370 4660 meliorem
1405 4614 1697 4664 contextus
1725 4607 1956 4664 formam
2002 4619 2087 4664 at-

509 4702 616 4754 que
658 4691 1104 4750 constitutionem
1154 4695 1451 4769 efﬁngeret.
1485 4695 1544 4752 In
1561 4699 1735 4772 longa
1768 4701 2086 4770 praefatione

509 4777 795 4835 historiam
823 4785 1070 4840 criticam
1107 4795 1217 4842 tam
1260 4790 1510 4846 codicum
1543 4801 1599 4846 et
1628 4791 1843 4849 Eusebii
1875 4801 1929 4850 et
1969 4795 2085 4849 Ru-

507 4869 599 4922 fini
627 4871 1013 4943 plurimorum,
1047 4879 1388 4952 aliorumque
1445 4881 1816 4939 subsidiorum
1850 4886 2085 4957 scripto-

506 4977 648 5027 rum,
681 4981 844 5036 quam
899 4969 1203 5026 editionum
1263 4972 1518 5030 confecit.
1563 4975 1744 5042 Quare
1805 4977 1872 5034 de
1917 4979 2078 5034 codd.

506 5068 642 5109 mss.
677 5058 952 5129 praecipue
978 5057 1160 5116 Rufini
1190 5061 1423 5128 Latinis,
1455 5064 1639 5120 liei-bit
1671 5067 1830 5124 nobis
1858 5084 1980 5125 esse
2016 5085 2083 5125 eo

505 5145 870 5206 brevioribus.
921 5183 992 5192 —
1024 5152 1084 5208 In
1119 5155 1248 5209 bibl.
1281 5157 1496 5227 publica
1525 5158 1704 5214 Paris.
1738 5171 1821 5216 est
1867 5161 1922 5216 in
1955 5163 2080 5217 cod.

504 5232 714 5288 CDXIV
783 5239 924 5294 liber
983 5257 1037 5310 I;
1098 5272 1170 5283 —
1225 5245 1277 5299 in
1345 5255 1470 5303 octo
1525 5248 1686 5304 codd.
1757 5250 2083 5306 MCDXXX-

505 5325 895 5384 MCDXXXVII
928 5333 1115 5389 decem
1141 5336 1268 5391 libri
1307 5348 1476 5404 sunt,
1506 5339 1781 5397 interdum
1817 5343 1958 5397 haud
2000 5345 2085 5398 iu-

503 5421 674 5488 tegri;
725 5423 1008 5479 confector
1051 5443 1178 5484 vero
1208 5429 1476 5498 Catalogi.
1529 5441 1662 5487 tom.
1690 5432 1751 5499 lI,
1790 5451 1912 5506 pag.
1954 5437 2080 5506 517,

504 5511 908 5579 animadvertit,
938 5520 1140 5577 codicis
1163 5515 1478 5578 MCDXXXI
1507 5540 1630 5596 Ope,
1656 5542 1757 5582 nec
1790 5545 1819 5582 a
1843 5526 2081 5596 Valesio,

505 5615 663 5656 neca
698 5607 908 5662 caneris
959 5610 1081 5676 visi,
1138 5615 1323 5683 operis
1361 5615 1508 5672 illius
1565 5616 1858 5673 editionem
1921 5635 2084 5688 posse

509 5693 682 5748 multo
713 5697 1139 5756 emendatiorem
1175 5707 1434 5775 prodire;
1470 5708 1592 5762 libri
1616 5718 1798 5764 autem
1861 5713 2079 5781 septimi

507 5792 665 5851 capp.
692 5782 761 5836 I5
786 5792 839 5840 ct
867 5788 930 5844 l6
957 5791 1279 5850 desiderari.
1309 5796 1459 5854 Adde
1478 5798 1776 5858 Montfauc.
1813 5802 2078 5875 Palwogr.

2188 4603 2329 4657 stina
2360 4606 2534 4674 passis
2567 4607 2706 4662 libro
2736 4625 2834 4663 vui
2869 4608 2934 4666 E.
2974 4610 3072 4676 IL,
3098 4621 3304 4683 partem
3340 4625 3516 4671 autem
3568 4619 3708 4674 libro
3740 4637 3772 4674 χ

2188 4695 2490 4766 subjectam
2520 4705 2574 4753 et
2601 4700 2707 4754 alia
2751 4701 2934 4767 habet,
2957 4719 3009 4757 v.
3031 4703 3262 4761 Bandin.
3305 4707 3343 4763 I.
3378 4723 3454 4774 c.,
3483 4726 3534 4781 p.
3571 4713 3776 4765 681.—

2191 4786 2433 4844 Venetiis
2471 4791 2524 4844 in
2548 4792 2679 4847 bibl.
2709 4793 2772 4851 D.
2811 4794 2976 4850 Marci
3007 4795 3079 4852 II.
3115 4798 3180 4854 E.
3215 4802 3307 4857 lib.
3344 4818 3400 4868 Χ,
3431 4801 3552 4868 Gr.,
3583 4805 3637 4860 in
3667 4807 3772 4860 tri-

2186 4879 2290 4936 bus
2317 4879 2480 4936 codd.
2513 4882 3304 4960 CCCXXXVII-CCCXXXIX;
3341 4913 3394 4950 v.
3453 4895 3574 4952 Cat.
3609 4899 3768 4956 codd.

2187 4970 2306 5038 Gr.,
2337 4987 2390 5042 p.
2425 4972 2529 5027 156
2561 4991 2670 5046 sq.,
2704 4985 2758 5032 et
2799 4979 2853 5032 in
2895 4981 3070 5037 tribus
3111 4985 3272 5041 codd.
3319 4987 3418 5041 lat.
3461 4987 3770 5044 CCCXLV-

2185 5063 2512 5121 CCCXLVII
2560 5066 2632 5124 Η.
2678 5069 2742 5126 Ε.
2780 5087 2810 5125 a
2853 5071 3051 5129 Rufino
3095 5094 3283 5145 versa;
3331 5099 3381 5135 γ.
3435 5080 3558 5136 Cat.
3611 5085 3767 5140 codd.

2187 5156 2334 5223 Lat.,
2365 5175 2488 5230 pag.
2517 5161 2618 5216 146
2643 5179 2726 5235 sq.
2751 5195 2820 5204 —
2844 5164 2978 5222 Ibid.
3013 5169 3066 5223 in
3091 5171 3214 5224 cod.
3244 5171 3470 5228 Macarii
3508 5175 3765 5248 Ῥοδωνιᾷ

2187 5261 2316 5307 sunt
2362 5264 2616 5326 excerpta
2669 5274 2732 5313 ex
2775 5258 2998 5316 Eusebii
3050 5263 3122 5318 Il.
3161 5264 3254 5330 Ε.,
3288 5275 3427 5322 teste
3474 5266 3765 5326 Villoiswn.

2188 5344 2244 5398 in
2268 5345 2465 5402 Anecd.
2502 5346 2624 5413 Gr.,
2664 5359 2797 5406 tom.
2840 5352 2904 5420 II,
2947 5369 3070 5426 pag.
3099 5357 3186 5412 71.
3216 5388 3285 5398 -
3319 5357 3676 5427 Vindobomc,
3714 5365 3765 5416 iu

2187 5436 2319 5492 bibl.
2351 5437 2582 5505 CIBSIII'.,
2618 5445 2741 5498 cod.
2769 5445 2906 5501 XLII
2940 5448 2996 5502 in
3030 5456 3222 5503 catena
3267 5451 3322 5504 iu
3357 5450 3412 5506 S.
3447 5450 3650 5506 Lucam
3683 5465 3764 5507 est

2187 5531 2381 5604 longus
2411 5533 2564 5591 locus
2601 5536 2668 5592 de
2697 5541 2976 5596 nativitate
3017 5542 3220 5598 Christi
3254 5561 3318 5599 ex
3349 5543 3566 5599 Eusebii
3597 5546 3666 5600 Il.
3698 5547 3763 5600 Ε.

2186 5621 2308 5678 libr.
2339 5641 2376 5692 ι,
2405 5642 2526 5698 cap.
2558 5627 2591 5682 6
2615 5637 2668 5683 et
2698 5629 2747 5694 7,
2773 5633 2932 5701 cujus
2957 5633 3164 5688 codicis
3179 5635 3465 5690 lectionem
3481 5637 3638 5691 valde
3667 5640 3764 5692 dif-

2185 5713 2329 5771 ferre
2355 5719 2423 5772 ab
2451 5718 2634 5784 editis,
2660 5722 2971 5777 observavit
3000 5722 3326 5782 Lambecius
3355 5726 3647 5780 Comment.
3677 5746 3762 5794 ιιι,

2185 5825 2236 5880 p.
2280 5811 2379 5867 165
2414 5829 2528 5886 seq.
2561 5843 2632 5856 -
2664 5813 2928 5883 Escerpta
2961 5817 3209 5882 quiedam
3252 5837 3316 5874 ex
3347 5820 3415 5874 11.
3455 5819 3518 5876 Ε.
3557 5821 3611 5876 in
3637 5825 3758 5879 eocL
