4126 6442
323 402 395 458 35
1800 389 2103 446 NOTITIA.
3521 401 3587 457 5t

323 514 674 579 CCCXXX“,
707 531 764 569 n.
813 514 901 582 12,
936 511 1189 567 Lambec.
1225 509 1294 576 V,
1326 527 1380 581 p.
1417 510 1519 565 614
1552 524 1636 578 sq.
1659 538 1731 547 ——
1761 507 1909 563 Mos-
1938 514 1985 571 Α
2014 507 2394 578 Bruggemann
2443 506 2603 577 View,
2632 517 2765 573 etc.,
2814 525 2868 581 p.
2902 510 3009 567 595
3042 527 3164 583 sqq.
3197 544 3267 554 —
3289 514 3586 587 Epistolam

323 625 444 679 quae
475 616 600 663 sunt
630 606 671 660 Il
716 606 879 661 codd.
911 636 980 645 —-
1014 603 1388 659 Montfaucon.
1436 603 1491 657 iu
1526 601 1669 656 Bibl.
1713 600 1901 653 biblio-

328 700 527 752 thecar.
566 714 695 751 mss.
732 696 1001 751 inlinitam
1041 710 1178 764 pene
1223 694 1436 763 copiam
1470 708 1603 749 mss.
1647 707 1772 746 cum
1801 691 1899 748 Gr.

326 796 441 842 tum
489 788 726 841 maxime
774 785 1119 852 Latinorum,
1165 785 1219 839 in
1266 785 1396 839 bibl.
1452 782 1627 837 Vatic.
1671 784 1903 854 aliisque

329 884 634 950 obviorum,
677 882 963 952 producit;
1011 879 1158 951 quod
1212 880 1432 949 quidem
1480 877 1786 944 indicasse,
1834 894 1904 934 ne

330 976 497 1031 nimis
531 975 795 1029 verbosus
828 973 979 1036 ﬁam,
1016 972 1268 1027 sumi-ist.
1303 970 1474 1025 Hann.

401 1066 745 1129 Germanice,
774 1065 994 1120 Eusebii
1032 1072 1087 1119 et
1140 1062 1320 1118 Ruﬁni
1354 1071 1516 1133 atque
1552 1062 1903 1131 Tripartitam

336 1159 633 1215 Historiam
668 1175 792 1213 cum
832 1157 1245 1213 continuatione
1274 1173 1448 1227 usque
1474 1156 1542 1211 ad
1575 1157 1637 1211 A.
1667 1156 1730 1210 C.
1765 1156 1904 1212 1545

330 1252 498 1307 edidit
525 1250 586 1307 D.
620 1250 830 1322 Gaspar
857 1250 1475 1321 Hedion.Argentorati,
1506 1250 1650 1320 apud
1682 1248 1731 1305 J.
1768 1248 1903 1304 lier-

329 1341 583 1411 wagium,
626 1340 778 1403 (515,
811 1338 906 1394 fol.
940 1338 1105 1393 Faun.
1141 1369 1210 1378 —
1249 1336 1311 1392 It.
1354 1337 1611 1393 Francol‘.
1650 1339 1715 1392 ad
1764 1338 1902 1393 Mte-

327 1450 478 1488 num.
510 1433 670 1488 1582.
699 1432 791 1486 l'ol.
824 1464 893 1472 -—-
922 1432 1151 1486 Auctior
1181 1438 1333 1501 parte
1360 1446 1414 1484 tv
1448 1446 1572 1484 cum
1610 1432 1904 1485 continua-

326 1529 474 1582 tione
506 1527 575 1580 ab
605 1542 656 1580 a.
701 1525 860 1583 1545,
890 1540 1066 1596 usque
1095 1525 1161 1579 ad
1188 1541 1238 1577 a.
1267 1524 1426 1585 1607,
1449 1523 1640 1590 BasiI.,
1682 1540 1771 1595 ap.
1807 1522 1907 1579 Se-

326 1619 468 1672 bast.
506 1616 724 1671 llenric.
758 1616 927 1680 Petri,
953 1615 1135 1671 fol.—
1156 1613 1376 1669 Eusebii
1406 1612 1903 1686 Kirchengeschich-

329 1716 411 1769 te,
467 1723 565 1761 aus
606 1706 721 1760 dem
777 1706 985 1761 Griech.
1040 1734 1113 1746 -—
1177 1704 1293 1758 Und
1352 1707 1444 1758 mit
1503 1706 1902 1779 Anmerkungen

330 1799 582 1853 erltiutert
612 1816 706 1852 von
754 1796 908 1851 Frid.
943 1797 1115 1851 Andr.
1146 1795 1373 1860 Strat/1.,
1411 1797 1702 1865 Quedlinb.
1740 1802 1899 1868 1777,

326 1890 381 1954 8,
415 1889 459 1945 ll
487 1898 621 1945 tom.
664 1889 838 1943 ΒΑΜ..
878 1888 1150 1959 Excerpta
1187 1890 1242 1944 in
1272 1889 1546 1946 Roessleri
1574 1891 1717 1947 Bibl.
1757 1893 1899 1963 PP.,
1935 1874 1976 1928 Β

325 1990 459 2040 ῑοηι.
496 1982 586 2048 IV,
626 1999 681 2053 p.
714 1985 739 2037 1
778 1999 898 2054 sqq.

395 2074 610 2145 Belgice
652 2075 854 2146 prodiit
894 2073 1157 2129 Dordraci
1203 2074 1365 2138 1615,
1408 2075 1502 2131 fol.
1556 2076 1722 2132 ann.
1758 2110 1829 2119 -—
1858 2079 1901 2134 E

329 2164 518 2221 Graaco
554 2182 802 2222 sermone
837 2167 890 2222 in
919 2166 1194 2238 Belgicum
1230 2170 1510 2224 transtulit
1545 2179 1598 2225 et
1628 2173 1897 2229 adnotatt.

330 2259 642 2313 illustravit.
692 2259 823 2312 Abr.
878 2260 1050 2313 Arent
1109 2276 1210 2313 van
1250 2260 1317 2316 de
1355 2259 1626 2325 Meersch,
1664 2267 1897 2321 Amstel.

330 2349 488 2413 1749,
519 2349 572 2402 4.
617 2347 680 2405 γ.
723 2349 931 2405 Krohn.
964 2348 1142 2405 Catal.
1186 2350 1309 2405 bibl.
1344 2369 1475 2418 sum,
1512 2371 1562 2425 p.
1599 2355 1690 2411 90.
1722 2355 1896 2411 "ARL.

396 2442 642 2514 Anglice,
680 2458 775 2512 per
829 2441 1137 2498 Samuelem
1184 2442 1487 2501 Parkerum
1525 2464 1716 2505 versos
1746 2458 1799 2504 et
1844 2452 1901 2506 in

326 2537 602 2607 epitomeu
635 2537 888 2592 redactos
921 2535 1140 2591 Eusebii
1171 2538 1345 2594 libros
1380 2556 1413 2594 ι
1445 2539 1705 2597 Historia:
1738 2545 1902 2598 eccle-

325 2631 580 2691 siastictc,
610 2629 775 2683 didici
801 2645 865 2684 ex
890 2628 1126 2683 Novellis
1162 2628 1306 2699 Reip.
1342 2632 1621 2689 litterariis
1647 2650 1699 2690 a.
1738 2636 1898 2702 1705,

326 2738 515 2777 mense
544 2724 809 2792 Augusto,
842 2737 962 2792 pag.
994 2721 1121 2777 229.
1149 2720 1316 2779 Fssa.
1343 2756 1413 2765 ——
1436 2725 1676 2790 Eusebii,
1711 2725 1903 2783 Socra-

328 2813 399 2871 tis
425 2822 479 2869 et
514 2813 729 2886 Evagrii
765 2812 837 2867 H.
869 2812 937 2869 E.
969 2828 1092 2869 cum
1120 2811 1392 2871 Dorotheo
1424 2816 1502 2872 De
1529 2819 1649 2873 vitis
1678 2819 1900 2888 prophe-

329 2913 528 2968 tarum,
582 2907 942 2974 apostolorum
986 2914 1035 2959 et
1082 2902 1236 2958 LXX
1275 2908 1656 2979 discipulorum
1706 2912 1760 2967 in
1799 2913 1903 2967 lin-

328 3012 492 3068 gnam
523 2998 802 3068 Anglicam
842 3001 1111 3055 convertit
1155 3001 1413 3056 Meredith
1451 3002 1727 3067 Hammer,
1761 3003 1904 3060 Lon-

333 3089 451 3143 dini
481 3090 639 3155 1577,
673 3092 833 3158 1585,
868 3093 1031 3160 1607,
1068 3094 1228 3159 1656,
1254 3104 1329 3156 et,
1364 3096 1548 3150 addita
1604 3096 1727 3151 νῆά
1762 3095 1903 3152 Con-

334 3180 560 3232 stantini
598 3181 676 3236 Μ.
715 3197 781 3237 ex
825 3181 1012 3238 Grazco
1051 3184 1268 3241 Eusebii
1315 3184 1542 3257 Anglice
1585 3202 1761 3250 versa.
1806 3204 1904 3259 per

335 3271 474 3343 Wye
501 3271 854 3338 Saltonl‘tall.,
885 3274 1059 3330 Lond.
1094 3277 1252 3341 1650,
1283 3276 1367 3343 F.,
1401 3295 1512 3333 rec.
1552 3294 1674 3333 cum
1702 3278 1904 3335 Valesii

333 3368 603 3421 adnotatt.
664 3367 927 3424 Cantabr.
984 3369 1144 3434 1685,
1196 3371 1353 3439 1692,
1397 3371 1556 3433 1696,
1605 3372 1766 3439 1709,
1809 3372 1903 3429 fol.

331 3490 402 3499 —
423 3458 642 3515 Eusebii
668 3459 739 3516 H.
776 3460 841 3514 E.
874 3462 1047 3518 libros
1080 3480 1113 3517 x
1135 3463 1360 3535 Anglice
1392 3467 1552 3519 vertit
1576 3475 1630 3522 et
1651 3480 1907 3534 compen-

331 3552 517 3608 dil'ecit
549 3552 696 3607 Sam.
724 3552 946 3617 Parker,
973 3554 1192 3626 praeﬁxa
1229 3557 1369 3612 diss.
1393 3556 1472 3611 De
1494 3573 1593 3611 usu
1618 3566 1776 3629 atque
1805 3574 1898 3610 au-

329 3646 573 3701 ctoritate
608 3644 681 3698 H.
720 3643 784 3698 E.
816 3656 866 3699 et
898 3647 1004 3700 vita
1036 3646 1267 3710 Eusebii,
1303 3657 1408 3703 etc.
1450 3646 1706 3712 Londini,
1743 3648 1901 3712 1705,

330 3737 499 3803 8;et,
534 3736 719 3791 addito
757 3743 904 3792 tomo
931 3736 995 3802 ll,
1043 3754 1091 3794 s.
1132 3739 1369 3808 epitome
1403 3738 1477 3793 Il.
1526 3737 1591 3792 E.
1636 3736 1902 3802 Socratis,

333 3827 619 3885 Sozomeni
646 3839 700 3885 et
720 3827 1057 3893 Theodoriti,
1081 3846 1178 3901 per
1202 3831 1453 3886 eumdem
1480 3829 1706 3887 Parker.
1728 3830 1903 3886 Lond.

333 3919 491 3983 1729,
521 3921 574 3976 4.
600 3953 672 3962 -
695 3921 838 3976 Loca
862 3924 1109 3994 quiasdam
1134 3923 1351 3978 Eusebii
1381 3934 1435 3979 et
1472 3922 1719 3980 Socratis
1747 3939 1905 3979 versa

333 4013 389 4066 in
418 4010 675 4068 Wbiston
712 4013 1000 4069 Collection
1043 4015 1104 4084 of
1126 4016 1331 4069 ancient
1380 4025 1731 4069 monuments.
1763 4013 1898 4068 rela-

333 4106 441 4175 ting
489 4115 541 4159 to
582 4104 915 4177 theiTrinity
951 4109 1056 4162 and
1102 4107 1472 4172 Incarnation,
1513 4114 1619 4163 etc.
1663 4105 1904 4161 Londin.

332 4197 488 4261 1715,
532 4197 587 4262 8,
630 4199 834 4268 passim
866 4228 940 4239 —
980 4199 1228 4269 Epitome
1263 4220 1275 4254 :
1321 4198 1406 4253 An
1447 4198 1820 4270 Abridgement
1851 4198 1915 4269 of

332 4287 588 4344 Eusebius
633 4289 943 4360 Pamphilus
983 4289 1381 4347 Ecclesiastical
1411 4290 1664 4361 History,
1702 4292 1759 4346 in
1806 4300 1904 4345 two

333 4388 501 4445 parts.
535 4377 666 4434 Part
689 4395 728 4445 ι,
758 4379 797 4433 Α
835 4380 1204 4449 compendious
1238 4382 1705 4435 commemoration
1736 4380 1799 4450 of
1821 4381 1906 4436 the

336 4468 708 4525 remarkablest
751 4468 1125 4541 Chronologies
1174 4471 1340 4525 which
1380 4487 1472 4525 are
1523 4470 1802 4525 contained
1848 4472 1903 4525 in

2004 597 2263 655 Ecclesia:
2289 598 2687 671 Smyrnaeensis
2716 600 2783 657 de
2813 606 3077 675 martyrio
3102 603 3387 679 Polycarpi
3407 609 3589 683 (cujus

2003 705 2199 760 magna
2223 705 2353 760 pars
2370 700 2453 748 est
2478 693 2533 746 in
2564 691 2785 749 Eusebii
2817 692 2891 746 Η.
2931 694 2994 749 Ε.
3025 712 3099 760 iv,
3128 697 3217 763 15,
3240 708 3295 754 et
3320 700 3390 756 ab
3426 700 3588 759 Usse-

2005 779 2088 832 rio
2111 779 2408 849 separatim
2438 781 2608 849 edita)
2642 788 2804 853 atque
2832 785 3118 854 epistolam
3148 787 3587 847 Christianorum

2005 871 2458 943 Lugdunensium
2487 891 2552 931 ac
2576 874 2972 936 Viennensium
3001 881 3226 952 Anglice
3248 885 3408 939 vertit
3427 895 3589 957 atque

2003 966 2263 1036 explicuit
2302 965 2366 1021 D.
2421 966 2733 1041 Dalrymple
2774 972 2841 1027 de
2884 972 3067 1030 Hailcs
3108 975 3164 1029 in
3202 994 3215 1030 :
3254 974 3492 1032 Account
3533 978 3590 1048 of

2006 1059 2090 1114 the
2115 1072 2350 1133 martyrs
2379 1073 2436 1116 at
2466 1061 2695 1135 Smyrna
2716 1066 2821 1120 and
2849 1065 2997 1137 Lyon
3028 1069 3081 1122 in
3119 1069 3202 1123 the
3230 1070 3423 1125 second
3469 1089 3589 1127 cen-

2006 1161 2147 1222 tury,
2183 1153 2306 1207 with
2344 1155 2691 1226 explanatory
2729 1165 2895 1213 notes.
2941 1156 3285 1230 Edimburg.,
3324 1160 3489 1226 1776,
3531 1162 3585 1216 8.

2005 1241 2073 1297 ν.
2107 1260 2229 1316 qua:
2271 1249 2456 1302 notavi
2491 1248 2550 1302 in
2604 1246 2816 1303 Introd.
2860 1250 2917 1303 in
2970 1249 3097 1307 hist.
3143 1250 3208 1308 L.
3249 1252 3367 1319 (in,
3396 1253 3489 1320 .lI,
3529 1255 3587 1321 2,

2004 1352 2060 1407 p.
2094 1337 2222 1394 222.

2076 1427 2134 1483 In
2167 1431 2409 1503 linguam
2437 1428 2677 1485 Italicam
2722 1446 2789 1485 ex
2828 1430 2947 1486 Lat.
2986 1435 3236 1489 versione
3279 1443 3363 1491 est
3408 1445 3588 1491 trans-

2008 1523 2114 1577 lata
2150 1522 2221 1577 Il.
2274 1522 2337 1579 E.
2372 1522 2564 1581 Venet.
2615 1525 2772 1589 1547,
2803 1525 2856 1580 8.
2893 1509 2957 1582 Ῠ.
3008 1526 3224 1582 Paitoni
3258 1529 3400 1583 Bibl.
3449 1531 3587 1601 dein

2006 1615 2585 1685 autori-volgariszati,
2634 1625 2768 1670 tom.
2821 1615 2885 1681 II,
2926 1633 2979 1687 p.
3024 1617 3207 1673 59.—
3254 1619 3327 1674 De
3373 1621 3589 1678 Canonc

2004 1707 2268 1762 librorum
2300 1707 2365 1762 N.
2396 1706 2459 1762 T.
2493 1708 2792 1764 secundum
2836 1708 3130 1765 Eusebium
3161 1713 3283 1768 vide
3330 1730 3495 1783 supra
3532 1717 3588 1771 in

2006 1800 2112 1853 vol.
2152 1798 2240 1864 IV,
2276 1815 2398 1872 pag.
2436 1800 2533 1855 851
2591 1816 2731 1871 seq.,
2761 1802 2961 1872 quibus
2984 1804 3152 1861 addes
3183 1806 3452 1862 vindicias
3477 1807 3588 1862 Eu-

2006 1892 2142 1947 sebii
2175 1908 2206 1945 a
2234 1890 2283 1947 J.
2322 1892 2453 1948 Ern.
2502 1893 2818 1949 Christiano
2860 1894 3107 1952 Schmidt
3151 1899 3408 1969 scriptas,
3454 1900 3583 1955 uber

2006 1985 2107 2039 den
2152 1983 2347 2040 Kanon
2378 1986 2467 2040 des
2515 1986 2775 2043 Eusebius
2822 1989 2878 2043 in
2914 1988 3141 2045 Henckii
3191 1990 3442 2063 Magazin
3495 1995 3585 2063 fur

2008 2074 2617 2146 Religionsphilosophie,
2641 2078 2869 2149 Exegese
2896 2079 3009 2136 und
3040 2078 3581 2153 Kirchengeschichte,

2008 2177 2139 2221 tom.
2169 2166 2234 2231 V,
2264 2177 2405 2237 part.
2438 2182 2523 2232 In,
2557 2185 2613 2223 n.
2648 2169 2737 2235 16,
2782 2170 2937 2236 1796,
2970 2172 3023 2227 8.
3058 2171 3352 2229 Eusebium
3394 2176 3586 2233 defen-

2007 2260 2086 2313 dit
2125 2267 2317 2314 contra
2352 2259 2421 2313 Μ.
2459 2259 2660 2316 Weber
2709 2262 2766 2316 in
2829 2262 3122 2335 Beytriigen
3152 2282 3250 2319 zur
3288 2266 3588 2325 Grschichtc

2006 2350 2095 2404 des
2149 2353 2702 2409 neutestamentlichen
2758 2353 3002 2421 Kanons,
3062 2374 3113 2428 p.
3169 2359 3269 2414 142
3317 2376 3494 2432 seqq.,
3532 2370 3587 2418 et

2007 2443 2267 2512 ostendit,
2301 2444 2592 2501 Eusebium
2619 2448 2956 2520 distinguere
2988 2466 3039 2505 ιν
3061 2450 3267 2508 classes
3293 2452 3583 2511 librorum.

2007 2533 2178 2589 Hann.

2077 2625 2305 2693 Gallice,
2356 2628 2586 2685 Claudio
2636 2629 2930 2703 Seysselio,
2981 2633 3399 2707 archiepiscopo
3438 2637 3585 2694 Tau-

2010 2716 2217 2772 rinensi
2247 2717 2563 2789 interprete,
2601 2735 2722 2789 qua:
2751 2722 2935 2776 versio
2964 2721 3220 2778 laudatur
3264 2726 3319 2780 in
3351 2724 3587 2785 Morlerii

2007 2806 2393 2879 Speciminibus
2417 2810 2691 2866 litterariis
2711 2812 2914 2881 (Essais
2932 2813 2998 2868 de
3021 2814 3343 2880 Iittérature,
3367 2826 3497 2873 tom.
3538 2820 3580 2886 Ι,

2007 2917 2129 2972 pag.
2171 2903 2261 2974 55)
2295 2922 2308 2958 :
2349 2919 2416 2958 ex
2460 2904 2909 2975 interpretatione
2944 2905 3079 2961 Lud.
3114 2906 3363 2965 COUSilIi.‘
3409 2909 3583 2966 Paris.

2009 2994 2148 3049 1675
2181 3011 2296 3066 seq.
2327 2995 2383 3051 4.
2413 2993 2481 3048 IV
2513 3005 2641 3051 tom.
2685 2996 2841 3051 Hunc
2895 2996 3137 3064 Eusebii,
3176 2998 3442 3065 Socratis,
3484 3001 3588 3057 So-

2010 3087 2221 3140 zomeni
2275 3102 2339 3142 ac
2373 3085 2699 3142 Theodoreti
2757 3089 2909 3142 locos
2955 3090 3161 3159 aliquot
3206 3091 3449 3147 sublesta
3481 3093 3585 3149 ﬁde

2008 3179 2256 3243 vertisse,
2302 3180 2482 3250 arguit
2529 3178 2732 3234 Paulus
2780 3179 3122 3238 Colomesius
3188 3183 3242 3237 in
3283 3181 3581 3261 Observatt.

2007 3270 2196 3330 sacris,
2232 3284 2282 3337 p.
2325 3269 2414 3322 61.

2077 3359 2297 3416 Eusebii
2325 3361 2620 3416 Historiam
2644 3363 2909 3434 integram
2936 3364 3325 3434 prapemodum
3345 3366 3398 3421 in
3424 3384 3585 3424 suum

2006 3466 2145 3522 Opus
2175 3455 2523 3525 transcripsit
2551 3454 2894 3526 Nicephorus
2923 3455 3216 3525 Callistus;
3245 3459 3387 3515 unde
3428 3459 3586 3517 Vale-

2006 3547 2122 3602 sius
2167 3546 2235 3601 ad
2269 3546 2488 3602 Eusebii
2520 3548 2698 3619 capita
2752 3563 3012 3604 numeros
3058 3548 3488 3619 Nicephorianos
3532 3553 3588 3608 in

2005 3638 2249 3709 margine
2278 3639 2575 3693 adnotavit.
2596 3639 2791 3693 Totum
2825 3656 3064 3712 quoque,
3100 3642 3289 3711 utjam
3317 3642 3452 3709 dixi,
3484 3644 3589 3700 Ca-

2005 3730 2247 3800 talogum
2278 3746 2439 3785 suum
2479 3733 2809 3802 scriptorum
2839 3733 3363 3801 ecclrsiasticorum,
3394 3739 3587 3807 paucis

2004 3823 2266 3891 exceptis,
2313 3839 2380 3878 ex
2416 3822 2635 3879 Eusebii
2668 3824 2915 3879 Historia
2957 3825 3308 3882 concinnavit
3342 3837 3589 3885 transtu-

2004 3915 2174 3985 litque
2200 3915 2597 3989 Hieronymus;
2621 3934 2795 3989 neque
2827 3919 2973 3974 enim
3000 3920 3204 3989 alioqui
3232 3931 3365 3990 puto
3392 3922 3461 3975 ab
3492 3922 3587 3978 illo

2007 4007 2305 4063 Historiam
2346 4012 2521 4080 ipsam
2556 4009 2777 4065 Eusebii
2822 4011 3087 4081 integram
3128 4008 3321 4067 Latine
3347 4014 3586 4068 transla-

2006 4110 2139 4166 tam,
2185 4103 2312 4158 licet
2346 4102 2451 4158 hoc
2485 4103 2684 4173 aliquis
2731 4104 2998 4174 suspicari
3032 4104 3205 4174 possit
3242 4120 3309 4159 ex
3352 4103 3439 4159 his
3467 4105 3587 4176 ejus

2004 4194 2316 4250 verbislib.
2349 4211 2367 4249 1
2397 4197 2452 4249 in
2478 4194 2659 4265 Ruﬁn.
2688 4212 2705 4249 :
2735 4195 2973 4250 Laudari
3001 4194 3287 4250 Eusebium
3320 4197 3373 4251 in
3409 4198 3587 4253 eccle-

2005 4286 2229 4342 siastica
2258 4286 2515 4355 Historia,
2547 4289 2602 4342 in
2646 4288 2935 4359 digestione
2966 4297 3276 4357 temporum,
3306 4290 3360 4343 in
3386 4289 3586 4345 descri-

2010 4387 2188 4451 ptione
2210 4390 2409 4435 sancta:
2430 4390 2602 4444 terrm,
2626 4390 2675 4436 et
2707 4382 2818 4437 ha'c
2838 4384 2952 4453 ipsa
2978 4384 3227 4455 opuscula
3254 4385 3309 4438 in
3339 4384 3593 4441 Latinum

2012 4480 2210 4524 vertens
2232 4486 2359 4525 mea:
2378 4470 2572 4540 lingua:
2590 4471 2885 4527 hominibus
2904 4473 3046 4527 dedi.
3068 4473 3239 4528 Etiam
3266 4472 3461 4529 Hieron
3470 4493 3595 4546 ymo

334 4558 447 4611 that
488 4560 694 4629 famous
732 4561 973 4633 History.
1017 4562 1146 4617 Part
1179 4579 1242 4627 ιι,
1285 4563 1329 4616 Α
1371 4579 1644 4633 summary
1681 4580 1743 4616 or
1772 4562 1912 4632 brief
1930 4561 2316 4639 Dversionem
2361 4560 2683 4617 Eusebianze
2726 4561 2982 4619 Historia:
3026 4566 3217 4621 tribuit
3257 4565 3595 4623 Bridelerlus

330 4650 446 4704 hint
472 4651 533 4719 of
556 4651 638 4706 the
676 4654 864 4709 twelwe
901 4656 1255 4724 persecutions
1288 4653 1562 4710 sustained
1602 4655 1666 4725 by
1698 4653 1781 4708 the
1806 4670 1906 4708 an-

332 4743 468 4796 cient
512 4741 856 4799 Christtans..
923 4746 996 4817 by
1039 4745 1285 4801 William
1321 4744 1516 4804 Caton.
1558 4774 1632 4786 --
1668 4743 1906 4801 Londini

332 4837 492 4903 1756,
534 4839 587 4894 8.
627 4867 700 4880 --
735 4837 926 4894 \‘ersio
965 4838 1104 4896 Dav.
1138 4839 1448 4911 Dalrymple
1473 4838 1541 4895 de
1579 4838 1764 4893 Hailes
1793 4837 1903 4892 An-

330 4933 471 5002 glica
505 4930 578 4992 H.
621 4931 687 4985 E.
713 4948 788 4995 vi,
817 4932 905 4996 41,
928 4941 981 4987 et
1006 4934 1073 4989 de
1096 4933 1327 5004 epistola
1357 4931 1625 5003 Dionysii,
1661 4930 1906 5001 episcopi

334 5024 708 5088 Alexandrini,
757 5024 827 5078 ad
892 5023 1142 5093 Fabium,
1195 5026 1373 5096 episc.
1425 5026 1792 5089 Antiochen.,
1839 5023 1907 5079 de

335 5118 711 5186 persecutione
761 5115 1194 5172 Christianorum
1233 5120 1290 5175 in
1324 5117 1560 5191 IEgypto
1607 5134 1697 5172 an.
1729 5115 1907 5187 primo

337 5208 482 5262 Decii
522 5210 809 5281 imper.,et
833 5209 1092 5279 explicat.
1115 5210 1361 5266 historia:
1392 5217 1695 5282 martyrum
1719 5209 1775 5262 in
1800 5206 1909 5261 Pa-

336 5302 545 5357 laestina
580 5304 683 5357 sub
715 5302 946 5357 Dioclet.
996 5302 1062 5356 ad
1098 5318 1254 5366 Lvm,
1299 5304 1353 5358 in
1398 5301 1647 5357 Remains
1680 5301 1741 5370 of
1775 5299 1911 5353 chri-

332 5398 475 5451 stian
505 5396 799 5466 Antiquity,
835 5396 957 5451 with
982 5397 1331 5467 explanatory
1370 5408 1540 5451 notes.
1572 5395 1904 5465 Edinburg.,

335 5488 667 5551 1778-1780,
691 5489 745 5550 8,
775 5489 816 5542 II
844 5498 973 5545 tom.
995 5520 1066 5530 —
1098 5489 1203 5544 The
1242 5490 1458 5559 llislory
1487 5488 1548 5558 of
1561 5493 1767 5542 ancient
1800 5487 1910 5541 Pa-

333 5582 561 5651 ganism,
597 5598 655 5635 as
690 5579 947 5634 delivered
977 5580 1040 5652 by
1082 5581 1361 5646 Eusebius,
1387 5589 1519 5645 etc.,
1542 5580 1663 5634 with
1700 5579 1910 5633 critical

334 5674 441 5731 and
488 5674 764 5728 historical
810 5684 975 5728 noles.
1030 5675 1149 5730 And
1184 5674 1463 5743 secondly,
1511 5691 1544 5728 a
1595 5673 1909 5727 Phwnician

334 5764 440 5818 and
479 5762 738 5834 Egyptian
771 5762 1125 5836 Chronology,
1162 5765 1297 5833 from
1320 5763 1403 5818 the
1421 5765 1543 5831 ﬁrst
1565 5761 1718 5827 Man,
1755 5761 1907 5816 down

336 5861 389 5907 to
436 5854 518 5909 the
566 5854 686 5925 ﬁrst
734 5856 1028 5926 olympiad,
1083 5864 1192 5914 etc.
1240 5854 1474 5911 Loudini
1526 5854 1685 5923 1645,
1739 5854 1791 5909 8.
1838 5852 1904 5910 ν.

2006 4654 2380 4711 Ramesieusis
2409 4656 2464 4710 in
2498 4656 2695 4726 glossis
2725 4656 2791 4709 ad
2836 4654 3033 4709 Bedam
3066 4653 3144 4709 De
3175 4665 3461 4722 temporum
3492 4671 3584 4708 ra-

2008 4751 2166 4814 tione,
2199 4763 2319 4819 cap.
2349 4746 2438 4803 28.
2484 4744 2590 4801 Sed
2636 4746 2782 4800 illam
2815 4744 3000 4799 Ruﬁni
3028 4761 3151 4801 esse
3187 4751 3425 4799 constat.
3464 4740 3584 4809 Quo

2006 4854 2170 4897 sensu
2202 4847 2383 4894 autem
2417 4837 2746 4910 apocrypbis
2795 4844 3154 4893 accenseatur
3198 4834 3441 4891 Historia
3476 4831 3583 4886 Eu-

2007 4932 2141 4988 sebii
2169 4933 2221 4985 in
2247 4931 2538 4987 Gelasiano
2565 4932 2806 4993 decreto,
2829 4930 3111 5000 disputant
3135 4926 3183 4982 J.
3211 4925 3581 4981 Pearsoniusr

2019 5023 2225 5078 Vindic.
2262 5020 2480 5093 Ignatii,
2513 5038 2563 5090 p.
2592 5021 2683 5085 48,
2716 5030 2769 5075 et
2794 5019 3079 5076 Matthasus
3104 5018 3496 5087 Larroquanus
3527 5019 3582 5074 in

2008 5111 2494 5169 Observatiouibus
2542 5112 2608 5165 ad
2651 5110 3051 5166 Pearsonianas
3115 5107 3402 5170 Vindicius,
3453 5123 3577 5179 pag.

2009 5208 2080 5262 55
2108 5223 2223 5277 seq.
2252 5206 2387 5262 Vide
2407 5217 2459 5260 et
2486 5204 2767 5258 Baluzium
2807 5204 2873 5257 ad
2895 5202 3191 5256 Antonium
3220 5201 3585 5271 Augustinum

2012 5300 2087 5354 De
2124 5298 2486 5354 emendatione
2523 5294 2790 5359 Gratiani,
2835 5310 2957 5364 pag.
2987 5291 3091 5346 446
3122 5292 3270 5362 (717.
3307 5307 3422 5361 seq.
3451 5291 3585 5345 edit.

1976 5382 2474 5459 'Mastrichtiauac),
2518 5390 2610 5443 ubi
2650 5387 2895 5443 conlutat
2949 5385 3205 5439 Carolum
3254 5383 3585 5446 Molinteum,

2010 5486 2104 5556 qui
2138 5484 2205 5538 de
2233 5482 2404 5536 altero
2446 5481 2681 5535 Eusebio
2713 5476 2980 5547 Pamphili
3029 5483 3083 5530 et
3132 5476 3300 5531 altera
3356 5473 3587 5529 historia

2009 5576 2206 5631 eccles.
2241 5573 2518 5643 cogitavit.
2571 5567 2715 5625 Sane
2762 5586 2827 5625 ex
2863 5569 3051 5625 multis
3097 5567 3364 5638 exemplis
3414 5573 3584 5635 patet,

2012 5670 2066 5723 in
2093 5667 2186 5720 illo
2218 5664 2437 5720 decreto
2468 5663 2775 5733 apocrypha
2823 5661 3008 5715 vocari
3051 5675 3159 5714 non
3192 5657 3352 5713 modo
3379 5659 3586 5725 scripta

2011 5759 2292 5831 supposita
2338 5754 2656 5811 auctoribus
2707 5770 2803 5824 per
2849 5753 3133 5808 Inercticos
3174 5758 3229 5805 et
3273 5748 3432 5809 falsa,
3489 5746 3586 5801 sed

2010 5854 2174 5909 etiam
2220 5865 2349 5907 vera
2391 5857 2447 5904 et
2481 5847 2791 5903 certissima
2834 5862 2944 5901 non
2998 5840 3376 5897 haereticorum
3423 5835 3586 5890 modo
