  <div class='ocr_page' id='page_1' title='image "/cluster/home/n/w/nwhite01/storage/ocr_20150623/19:no.1/coo.31924054872993/036.png"; bbox 0 0 4126 6440; ppageno 0'>
   <div class='ocr_carea' id='block_1_1' title="bbox 315 370 3587 450">
    <p class='ocr_par' dir='ltr' id='par_1_1' title="bbox 315 370 3587 450">
     <span class='ocr_line' id='line_1_1' title="bbox 315 370 3587 450; baseline -0.016 -1"><span class='ocrx_word' id='word_1_1' title='bbox 315 392 389 450; x_wconf 74' lang='lat'><strong>&#39;51</strong></span> <span class='ocrx_word' id='word_1_2' title='bbox 1800 370 2102 428; x_wconf 63' lang='lat' dir='ltr'><strong>norma.</strong></span> <span class='ocrx_word' id='word_1_3' title='bbox 3515 373 3587 429; x_wconf 66' lang='lat'><strong>58</strong></span> 
     </span>
    </p>
   </div>
   <div class='ocr_carea' id='block_1_2' title="bbox 318 486 3588 578">
    <p class='ocr_par' dir='ltr' id='par_1_2' title="bbox 318 486 3588 578">
     <span class='ocr_line' id='line_1_2' title="bbox 318 486 3588 578; baseline -0.007 -9"><span class='ocrx_word' id='word_1_4' title='bbox 318 513 662 575; x_wconf 83' lang='lat' dir='ltr'><strong>Narcissum,</strong></span> <span class='ocrx_word' id='word_1_5' title='bbox 712 508 1044 567; x_wconf 87' lang='lat' dir='ltr'><strong>Neroniadis</strong></span> <span class='ocrx_word' id='word_1_6' title='bbox 1083 506 1401 578; x_wconf 82' lang='lat' dir='ltr'><strong>episcopum</strong></span> <span class='ocrx_word' id='word_1_7' title='bbox 1431 510 1486 558; x_wconf 89' lang='lat' dir='ltr'><strong>et</strong></span> <span class='ocrx_word' id='word_1_8' title='bbox 1522 502 1754 557; x_wconf 87' lang='lat' dir='ltr'><strong>alterum</strong></span> <span class='ocrx_word' id='word_1_9' title='bbox 1793 496 1902 550; x_wconf 87' lang='lat' dir='ltr'><strong>Eu-</strong></span> <span class='ocrx_word' id='word_1_10' title='bbox 1929 501 1979 556; x_wconf 75' lang='grc' dir='ltr'><strong>Α</strong></span> <span class='ocrx_word' id='word_1_11' title='bbox 2009 492 2166 557; x_wconf 82' lang='lat' dir='ltr'><strong>caeni,</strong></span> <span class='ocrx_word' id='word_1_12' title='bbox 2202 507 2265 556; x_wconf 84' lang='grc' dir='ltr'><strong>ιι,</strong></span> <span class='ocrx_word' id='word_1_13' title='bbox 2307 490 2377 545; x_wconf 76' lang='lat'><strong>35</strong></span> <span class='ocrx_word' id='word_1_14' title='bbox 2425 504 2535 559; x_wconf 89' lang='lat' dir='ltr'><strong>sq.,</strong></span> <span class='ocrx_word' id='word_1_15' title='bbox 2579 504 2635 559; x_wconf 94' lang='lat' dir='ltr'><strong>p.</strong></span> <span class='ocrx_word' id='word_1_16' title='bbox 2677 488 2747 544; x_wconf 79' lang='lat'><strong>50</strong></span> <span class='ocrx_word' id='word_1_17' title='bbox 2784 487 2885 560; x_wconf 91' lang='lat' dir='ltr'><strong>(b),</strong></span> <span class='ocrx_word' id='word_1_18' title='bbox 2918 486 3209 558; x_wconf 75' lang='lat' dir='ltr'><strong>epistolam</strong></span> <span class='ocrx_word' id='word_1_19' title='bbox 3253 488 3588 559; x_wconf 78' lang='lat' dir='ltr'><strong>encyclicam</strong></span> 
     </span>
    </p>
   </div>
   <div class='ocr_carea' id='block_1_3' title="bbox 319 593 1899 669">
    <p class='ocr_par' dir='ltr' id='par_1_3' title="bbox 319 593 1899 669">
     <span class='ocr_line' id='line_1_3' title="bbox 319 593 1899 669; baseline -0.01 -8"><span class='ocrx_word' id='word_1_20' title='bbox 319 604 555 669; x_wconf 88' lang='lat' dir='ltr'><strong>sebium,</strong></span> <span class='ocrx_word' id='word_1_21' title='bbox 607 602 872 658; x_wconf 68' lang='lat' dir='ltr'><strong>Caesarea:</strong></span> <span class='ocrx_word' id='word_1_22' title='bbox 905 599 1224 656; x_wconf 59' lang='lat' dir='ltr'><strong>Palaestina.</strong></span> <span class='ocrx_word' id='word_1_23' title='bbox 1271 596 1555 652; x_wconf 75' lang='lat' dir='ltr'><strong>Damnavit</strong></span> <span class='ocrx_word' id='word_1_24' title='bbox 1585 593 1899 647; x_wconf 85' lang='lat' dir='ltr'><strong>Marcellum</strong></span> 
     </span>
    </p>
   </div>
   <div class='ocr_carea' id='block_1_4' title="bbox 318 685 1900 771">
    <p class='ocr_par' dir='ltr' id='par_1_4' title="bbox 318 685 1900 771">
     <span class='ocr_line' id='line_1_4' title="bbox 318 685 1900 771; baseline -0.009 -17"><span class='ocrx_word' id='word_1_25' title='bbox 318 699 562 771; x_wconf 78' lang='lat' dir='ltr'><strong>synodus</strong></span> <span class='ocrx_word' id='word_1_26' title='bbox 591 713 659 753; x_wconf 84' lang='lat' dir='ltr'><strong>ex</strong></span> <span class='ocrx_word' id='word_1_27' title='bbox 701 697 894 760; x_wconf 85' lang='lat' dir='ltr'><strong>Ponto,</strong></span> <span class='ocrx_word' id='word_1_28' title='bbox 933 693 1302 765; x_wconf 81' lang='lat' dir='ltr'><strong>Cappadocia,</strong></span> <span class='ocrx_word' id='word_1_29' title='bbox 1335 689 1488 754; x_wconf 92' lang='lat' dir='ltr'><strong>Asia,</strong></span> <span class='ocrx_word' id='word_1_30' title='bbox 1522 687 1778 759; x_wconf 80' lang='lat' dir='ltr'><strong>Phrygia,</strong></span> <span class='ocrx_word' id='word_1_31' title='bbox 1810 685 1900 740; x_wconf 87' lang='lat' dir='ltr'><strong>Bi-</strong></span> 
     </span>
    </p>
   </div>
   <div class='ocr_carea' id='block_1_5' title="bbox 321 780 1899 863">
    <p class='ocr_par' dir='ltr' id='par_1_5' title="bbox 321 780 1899 863">
     <span class='ocr_line' id='line_1_5' title="bbox 321 780 1899 863; baseline -0.01 -18"><span class='ocrx_word' id='word_1_32' title='bbox 321 792 531 863; x_wconf 76' lang='lat' dir='ltr'><strong>thynia,</strong></span> <span class='ocrx_word' id='word_1_33' title='bbox 565 789 799 844; x_wconf 86' lang='lat' dir='ltr'><strong>Thracia</strong></span> <span class='ocrx_word' id='word_1_34' title='bbox 832 795 885 842; x_wconf 92' lang='lat' dir='ltr'><strong>et</strong></span> <span class='ocrx_word' id='word_1_35' title='bbox 927 785 1278 841; x_wconf 85' lang='lat' dir='ltr'><strong>ulterioribus</strong></span> <span class='ocrx_word' id='word_1_36' title='bbox 1323 780 1643 853; x_wconf 79' lang='lat' dir='ltr'><strong>regionibus</strong></span> <span class='ocrx_word' id='word_1_37' title='bbox 1669 792 1899 848; x_wconf 85' lang='lat' dir='ltr'><strong>congre-</strong></span> 
     </span>
    </p>
   </div>
   <div class='ocr_carea' id='block_1_6' title="bbox 324 870 1899 955">
    <p class='ocr_par' dir='ltr' id='par_1_6' title="bbox 324 870 1899 955">
     <span class='ocr_line' id='line_1_6' title="bbox 324 870 1899 955; baseline -0.01 -17"><span class='ocrx_word' id='word_1_38' title='bbox 324 891 448 955; x_wconf 81' lang='lat' dir='ltr'><strong>gata</strong></span> <span class='ocrx_word' id='word_1_39' title='bbox 480 881 643 937; x_wconf 86' lang='lat' dir='ltr'><strong>CPoli</strong></span> <span class='ocrx_word' id='word_1_40' title='bbox 667 880 733 936; x_wconf 83' lang='lat' dir='ltr'><strong>A.</strong></span> <span class='ocrx_word' id='word_1_41' title='bbox 767 881 829 935; x_wconf 88' lang='lat' dir='ltr'><strong>C.</strong></span> <span class='ocrx_word' id='word_1_42' title='bbox 854 878 979 943; x_wconf 77' lang='grc'>556,</span> <span class='ocrx_word' id='word_1_43' title='bbox 1022 887 1077 933; x_wconf 93' lang='lat' dir='ltr'><strong>et</strong></span> <span class='ocrx_word' id='word_1_44' title='bbox 1106 876 1364 939; x_wconf 77' lang='lat' dir='ltr'><strong>Eusebio,</strong></span> <span class='ocrx_word' id='word_1_45' title='bbox 1404 882 1465 927; x_wconf 89' lang='lat' dir='ltr'><strong>ut</strong></span> <span class='ocrx_word' id='word_1_46' title='bbox 1508 873 1660 926; x_wconf 87' lang='lat' dir='ltr'><strong>illum</strong></span> <span class='ocrx_word' id='word_1_47' title='bbox 1704 870 1899 924; x_wconf 89' lang='lat' dir='ltr'><strong>confu-</strong></span> 
     </span>
    </p>
   </div>
   <div class='ocr_carea' id='block_1_7' title="bbox 323 969 1899 1039">
    <p class='ocr_par' dir='ltr' id='par_1_7' title="bbox 323 969 1899 1039">
     <span class='ocr_line' id='line_1_7' title="bbox 323 969 1899 1039; baseline -0.009 -9"><span class='ocrx_word' id='word_1_48' title='bbox 323 984 484 1038; x_wconf 84' lang='lat' dir='ltr'><strong>taret,</strong></span> <span class='ocrx_word' id='word_1_49' title='bbox 516 975 574 1029; x_wconf 88' lang='lat' dir='ltr'><strong>in</strong></span> <span class='ocrx_word' id='word_1_50' title='bbox 618 972 889 1027; x_wconf 80' lang='lat' dir='ltr'><strong>mandatis</strong></span> <span class='ocrx_word' id='word_1_51' title='bbox 929 969 1101 1031; x_wconf 90' lang='lat' dir='ltr'><strong>dedit,</strong></span> <span class='ocrx_word' id='word_1_52' title='bbox 1149 979 1208 1023; x_wconf 90' lang='lat' dir='ltr'><strong>ut</strong></span> <span class='ocrx_word' id='word_1_53' title='bbox 1256 970 1373 1039; x_wconf 92' lang='lat' dir='ltr'><strong>ipse</strong></span> <span class='ocrx_word' id='word_1_54' title='bbox 1420 972 1612 1021; x_wconf 87' lang='lat' dir='ltr'><strong>narrat</strong></span> <span class='ocrx_word' id='word_1_55' title='bbox 1654 970 1899 1019; x_wconf 81' lang='lat' dir='ltr'><strong>extremo</strong></span> 
     </span>
    </p>
   </div>
   <div class='ocr_carea' id='block_1_8' title="bbox 322 1058 1895 1138">
    <p class='ocr_par' dir='ltr' id='par_1_8' title="bbox 322 1058 1895 1138">
     <span class='ocr_line' id='line_1_8' title="bbox 322 1058 1895 1138; baseline -0.009 -16"><span class='ocrx_word' id='word_1_56' title='bbox 322 1068 449 1124; x_wconf 91' lang='lat' dir='ltr'><strong>libri</strong></span> <span class='ocrx_word' id='word_1_57' title='bbox 488 1065 826 1138; x_wconf 86' lang='lat' dir='ltr'><strong>posterioris.</strong></span> <span class='ocrx_word' id='word_1_58' title='bbox 865 1062 977 1119; x_wconf 91' lang='lat' dir='ltr'><strong>Hos</strong></span> <span class='ocrx_word' id='word_1_59' title='bbox 1013 1061 1207 1125; x_wconf 90' lang='lat' dir='ltr'><strong>libros,</strong></span> <span class='ocrx_word' id='word_1_60' title='bbox 1249 1068 1545 1129; x_wconf 82' lang='lat' dir='ltr'><strong>antequam</strong></span> <span class='ocrx_word' id='word_1_61' title='bbox 1581 1058 1895 1118; x_wconf 86' lang='lat' dir='ltr'><strong>ederentur,</strong></span> 
     </span>
    </p>
   </div>
   <div class='ocr_carea' id='block_1_9' title="bbox 321 1147 1899 1225">
    <p class='ocr_par' dir='ltr' id='par_1_9' title="bbox 321 1147 1899 1225">
     <span class='ocr_line' id='line_1_9' title="bbox 321 1147 1899 1225; baseline -0.008 -13"><span class='ocrx_word' id='word_1_62' title='bbox 321 1159 495 1214; x_wconf 90' lang='lat' dir='ltr'><strong>lectos</strong></span> <span class='ocrx_word' id='word_1_63' title='bbox 534 1156 825 1219; x_wconf 90' lang='lat' dir='ltr'><strong>Turriano,</strong></span> <span class='ocrx_word' id='word_1_64' title='bbox 880 1154 1092 1225; x_wconf 91' lang='lat' dir='ltr'><strong>primus</strong></span> <span class='ocrx_word' id='word_1_65' title='bbox 1122 1167 1153 1207; x_wconf 90' lang='lat' dir='ltr'><strong>e</strong></span> <span class='ocrx_word' id='word_1_66' title='bbox 1179 1168 1283 1207; x_wconf 91' lang='lat' dir='ltr'><strong>ms.</strong></span> <span class='ocrx_word' id='word_1_67' title='bbox 1319 1151 1509 1205; x_wconf 90' lang='lat' dir='ltr'><strong>codice</strong></span> <span class='ocrx_word' id='word_1_68' title='bbox 1539 1147 1817 1203; x_wconf 88' lang='lat' dir='ltr'><strong>recensuit</strong></span> <span class='ocrx_word' id='word_1_69' title='bbox 1844 1153 1899 1201; x_wconf 89' lang='lat' dir='ltr'><strong>et</strong></span> 
     </span>
    </p>
   </div>
   <div class='ocr_carea' id='block_1_10' title="bbox 322 1238 1899 1305">
    <p class='ocr_par' dir='ltr' id='par_1_10' title="bbox 322 1238 1899 1305">
     <span class='ocr_line' id='line_1_10' title="bbox 322 1238 1899 1305; baseline -0.008 -1"><span class='ocrx_word' id='word_1_70' title='bbox 322 1251 513 1305; x_wconf 86' lang='lat' dir='ltr'><strong>Latina</strong></span> <span class='ocrx_word' id='word_1_71' title='bbox 544 1249 797 1304; x_wconf 88' lang='lat' dir='ltr'><strong>versione</strong></span> <span class='ocrx_word' id='word_1_72' title='bbox 850 1263 914 1302; x_wconf 91' lang='lat' dir='ltr'><strong>ac</strong></span> <span class='ocrx_word' id='word_1_73' title='bbox 966 1247 1113 1302; x_wconf 86' lang='lat' dir='ltr'><strong>notis</strong></span> <span class='ocrx_word' id='word_1_74' title='bbox 1148 1242 1445 1300; x_wconf 88' lang='lat' dir='ltr'><strong>illustravit</strong></span> <span class='ocrx_word' id='word_1_75' title='bbox 1493 1240 1651 1295; x_wconf 82' lang='lat' dir='ltr'><strong>Rich.</strong></span> <span class='ocrx_word' id='word_1_76' title='bbox 1687 1238 1899 1293; x_wconf 88' lang='lat' dir='ltr'><strong>Monta-</strong></span> 
     </span>
    </p>
   </div>
   <div class='ocr_carea' id='block_1_11' title="bbox 322 1335 1896 1406">
    <p class='ocr_par' dir='ltr' id='par_1_11' title="bbox 322 1335 1896 1406">
     <span class='ocr_line' id='line_1_11' title="bbox 322 1335 1896 1406; baseline -0.008 -9"><span class='ocrx_word' id='word_1_77' title='bbox 322 1344 522 1406; x_wconf 89' lang='lat' dir='ltr'><strong>cutius,</strong></span> <span class='ocrx_word' id='word_1_78' title='bbox 555 1343 732 1398; x_wconf 89' lang='lat' dir='ltr'><strong>editos</strong></span> <span class='ocrx_word' id='word_1_79' title='bbox 778 1343 844 1397; x_wconf 89' lang='lat' dir='ltr'><strong>ad</strong></span> <span class='ocrx_word' id='word_1_80' title='bbox 891 1342 1097 1396; x_wconf 84' lang='lat' dir='ltr'><strong>calcem</strong></span> <span class='ocrx_word' id='word_1_81' title='bbox 1153 1340 1417 1395; x_wconf 88' lang='lat' dir='ltr'><strong>librorum</strong></span> <span class='ocrx_word' id='word_1_82' title='bbox 1451 1338 1528 1391; x_wconf 90' lang='lat' dir='ltr'><strong>De</strong></span> <span class='ocrx_word' id='word_1_83' title='bbox 1561 1335 1896 1390; x_wconf 81' lang='lat' dir='ltr'><strong>demonstra-</strong></span> 
     </span>
    </p>
   </div>
   <div class='ocr_carea' id='block_1_12' title="bbox 324 1425 1895 1506">
    <p class='ocr_par' dir='ltr' id='par_1_12' title="bbox 324 1425 1895 1506">
     <span class='ocr_line' id='line_1_12' title="bbox 324 1425 1895 1506; baseline -0.004 -19"><span class='ocrx_word' id='word_1_84' title='bbox 324 1436 460 1490; x_wconf 80' lang='lat' dir='ltr'><strong>tione</strong></span> <span class='ocrx_word' id='word_1_85' title='bbox 502 1435 758 1506; x_wconf 84' lang='lat' dir='ltr'><strong>evangel.,</strong></span> <span class='ocrx_word' id='word_1_86' title='bbox 808 1434 987 1490; x_wconf 85' lang='lat' dir='ltr'><strong>Paris.</strong></span> <span class='ocrx_word' id='word_1_87' title='bbox 1038 1433 1200 1498; x_wconf 86' lang='lat'><strong>1628,</strong></span> <span class='ocrx_word' id='word_1_88' title='bbox 1250 1432 1370 1494; x_wconf 89' lang='lat' dir='ltr'><strong>fol.,</strong></span> <span class='ocrx_word' id='word_1_89' title='bbox 1416 1430 1565 1499; x_wconf 82' lang='lat' dir='ltr'><strong>Lips.</strong></span> <span class='ocrx_word' id='word_1_90' title='bbox 1608 1428 1770 1493; x_wconf 83' lang='lat'><strong>1688,</strong></span> <span class='ocrx_word' id='word_1_91' title='bbox 1800 1425 1895 1480; x_wconf 91' lang='lat' dir='ltr'><strong>fol.</strong></span> 
     </span>
    </p>
   </div>
   <div class='ocr_carea' id='block_1_13' title="bbox 321 1521 1900 1582">
    <p class='ocr_par' dir='ltr' id='par_1_13' title="bbox 321 1521 1900 1582">
     <span class='ocr_line' id='line_1_13' title="bbox 321 1521 1900 1582; baseline -0.001 -3"><span class='ocrx_word' id='word_1_92' title='bbox 321 1525 420 1582; x_wconf 81' lang='lat' dir='ltr'><strong>Ms.</strong></span> <span class='ocrx_word' id='word_1_93' title='bbox 478 1528 721 1582; x_wconf 74' lang='lat' dir='ltr'><strong>codicem</strong></span> <span class='ocrx_word' id='word_1_94' title='bbox 764 1527 955 1582; x_wconf 86' lang='lat' dir='ltr'><strong>habuit</strong></span> <span class='ocrx_word' id='word_1_95' title='bbox 1013 1526 1251 1581; x_wconf 82' lang='lat' dir='ltr'><strong>Thomas</strong></span> <span class='ocrx_word' id='word_1_96' title='bbox 1317 1523 1538 1580; x_wconf 86' lang='lat' dir='ltr'><strong>Galeus.</strong></span> <span class='ocrx_word' id='word_1_97' title='bbox 1604 1521 1771 1578; x_wconf 75' lang='lat' dir='ltr'><strong>FABB.</strong></span> <span class='ocrx_word' id='word_1_98' title='bbox 1828 1550 1900 1561; x_wconf 90' lang='lat'><strong>-—</strong></span> 
     </span>
    </p>
   </div>
   <div class='ocr_carea' id='block_1_14' title="bbox 322 1609 1895 1686">
    <p class='ocr_par' dir='ltr' id='par_1_14' title="bbox 322 1609 1895 1686">
     <span class='ocr_line' id='line_1_14' title="bbox 322 1609 1895 1686; baseline 0.001 -22"><span class='ocrx_word' id='word_1_99' title='bbox 322 1609 385 1665; x_wconf 86' lang='lat' dir='ltr'><strong>V.</strong></span> <span class='ocrx_word' id='word_1_100' title='bbox 418 1615 593 1669; x_wconf 84' lang='lat' dir='ltr'><strong>Catal.</strong></span> <span class='ocrx_word' id='word_1_101' title='bbox 649 1616 810 1670; x_wconf 86' lang='lat' dir='ltr'><strong>codd.</strong></span> <span class='ocrx_word' id='word_1_102' title='bbox 866 1615 1029 1686; x_wconf 81' lang='lat' dir='ltr'><strong>Angl.</strong></span> <span class='ocrx_word' id='word_1_103' title='bbox 1082 1622 1137 1671; x_wconf 92' lang='lat' dir='ltr'><strong>et</strong></span> <span class='ocrx_word' id='word_1_104' title='bbox 1191 1616 1417 1671; x_wconf 87' lang='lat' dir='ltr'><strong>llihern.</strong></span> <span class='ocrx_word' id='word_1_105' title='bbox 1469 1613 1554 1679; x_wconf 88' lang='lat' dir='ltr'><strong>ll,</strong></span> <span class='ocrx_word' id='word_1_106' title='bbox 1600 1629 1724 1684; x_wconf 87' lang='lat' dir='ltr'><strong>pag.</strong></span> <span class='ocrx_word' id='word_1_107' title='bbox 1771 1611 1895 1677; x_wconf 87' lang='lat'><strong>186,</strong></span> 
     </span>
    </p>
   </div>
   <div class='ocr_carea' id='block_1_15' title="bbox 318 1703 1894 1769">
    <p class='ocr_par' dir='ltr' id='par_1_15' title="bbox 318 1703 1894 1769">
     <span class='ocr_line' id='line_1_15' title="bbox 318 1703 1894 1769; baseline -0.001 -9"><span class='ocrx_word' id='word_1_108' title='bbox 318 1723 377 1761; x_wconf 82' lang='grc' dir='ltr'>η.</span> <span class='ocrx_word' id='word_1_109' title='bbox 431 1704 1168 1769; x_wconf 73' lang='lat' dir='ltr'><strong>MMMMMCCCLXXXVIII,</strong></span> <span class='ocrx_word' id='word_1_110' title='bbox 1232 1714 1287 1760; x_wconf 93' lang='lat' dir='ltr'><strong>et</strong></span> <span class='ocrx_word' id='word_1_111' title='bbox 1340 1707 1395 1760; x_wconf 88' lang='lat' dir='ltr'><strong>in</strong></span> <span class='ocrx_word' id='word_1_112' title='bbox 1457 1704 1621 1760; x_wconf 90' lang='lat' dir='ltr'><strong>codd.</strong></span> <span class='ocrx_word' id='word_1_113' title='bbox 1689 1703 1894 1758; x_wconf 90' lang='lat' dir='ltr'><strong>Bodlei.</strong></span> 
     </span>
    </p>
   </div>
   <div class='ocr_carea' id='block_1_16' title="bbox 321 1794 1893 1854">
    <p class='ocr_par' dir='ltr' id='par_1_16' title="bbox 321 1794 1893 1854">
     <span class='ocr_line' id='line_1_16' title="bbox 321 1794 1893 1854; baseline -0.001 -3"><span class='ocrx_word' id='word_1_114' title='bbox 321 1797 522 1851; x_wconf 82' lang='lat' dir='ltr'><strong>MMXL</strong></span> <span class='ocrx_word' id='word_1_115' title='bbox 570 1799 656 1854; x_wconf 89' lang='lat' dir='ltr'><strong>bis</strong></span> <span class='ocrx_word' id='word_1_116' title='bbox 688 1807 743 1853; x_wconf 90' lang='lat' dir='ltr'><strong>et</strong></span> <span class='ocrx_word' id='word_1_117' title='bbox 779 1795 1213 1853; x_wconf 71' lang='lat' dir='ltr'><strong>MMCCLXXVI.</strong></span> <span class='ocrx_word' id='word_1_118' title='bbox 1241 1828 1312 1838; x_wconf 87' lang='lat'>—</span> <span class='ocrx_word' id='word_1_119' title='bbox 1342 1796 1401 1851; x_wconf 89' lang='lat' dir='ltr'><strong>lu</strong></span> <span class='ocrx_word' id='word_1_120' title='bbox 1436 1797 1559 1851; x_wconf 85' lang='lat' dir='ltr'><strong>cod.</strong></span> <span class='ocrx_word' id='word_1_121' title='bbox 1589 1794 1801 1850; x_wconf 83' lang='lat' dir='ltr'><strong>Veneto</strong></span> <span class='ocrx_word' id='word_1_122' title='bbox 1833 1794 1893 1850; x_wconf 85' lang='grc' dir='ltr'><strong>Ι).</strong></span> 
     </span>
    </p>
   </div>
   <div class='ocr_carea' id='block_1_17' title="bbox 2006 579 3588 654">
    <p class='ocr_par' dir='ltr' id='par_1_17' title="bbox 2006 579 3588 654">
     <span class='ocr_line' id='line_1_17' title="bbox 2006 579 3588 654; baseline -0.001 -18"><span class='ocrx_word' id='word_1_123' title='bbox 2006 583 2306 654; x_wconf 81' lang='lat' dir='ltr'><strong>appellans,</strong></span> <span class='ocrx_word' id='word_1_124' title='bbox 2341 589 2394 635; x_wconf 87' lang='lat' dir='ltr'><strong>et</strong></span> <span class='ocrx_word' id='word_1_125' title='bbox 2440 579 2698 637; x_wconf 89' lang='lat' dir='ltr'><strong>Socrates</strong></span> <span class='ocrx_word' id='word_1_126' title='bbox 2745 580 2841 636; x_wconf 88' lang='lat' dir='ltr'><strong>lib.</strong></span> <span class='ocrx_word' id='word_1_127' title='bbox 2876 596 2917 647; x_wconf 82' lang='grc' dir='ltr'>ι,</span> <span class='ocrx_word' id='word_1_128' title='bbox 2947 596 3067 650; x_wconf 86' lang='lat' dir='ltr'><strong>cap.</strong></span> <span class='ocrx_word' id='word_1_129' title='bbox 3100 580 3154 643; x_wconf 90' lang='lat'><strong>8,</strong></span> <span class='ocrx_word' id='word_1_130' title='bbox 3188 595 3311 651; x_wconf 91' lang='lat' dir='ltr'><strong>pag.</strong></span> <span class='ocrx_word' id='word_1_131' title='bbox 3344 579 3415 635; x_wconf 82' lang='lat'><strong>25</strong></span> <span class='ocrx_word' id='word_1_132' title='bbox 3448 596 3588 650; x_wconf 90' lang='lat' dir='ltr'><strong>seq.,</strong></span> 
     </span>
    </p>
   </div>
   <div class='ocr_carea' id='block_1_18' title="bbox 2007 671 3593 745">
    <p class='ocr_par' dir='ltr' id='par_1_18' title="bbox 2007 671 3593 745">
     <span class='ocr_line' id='line_1_18' title="bbox 2007 671 3593 745; baseline 0 -17"><span class='ocrx_word' id='word_1_133' title='bbox 2007 681 2172 745; x_wconf 87' lang='lat' dir='ltr'><strong>atque</strong></span> <span class='ocrx_word' id='word_1_134' title='bbox 2206 672 2574 727; x_wconf 87' lang='lat' dir='ltr'><strong>Thcodoritus</strong></span> <span class='ocrx_word' id='word_1_135' title='bbox 2603 672 2698 725; x_wconf 92' lang='lat' dir='ltr'><strong>lib.</strong></span> <span class='ocrx_word' id='word_1_136' title='bbox 2731 688 2749 726; x_wconf 82' lang='lat'>1</span> <span class='ocrx_word' id='word_1_137' title='bbox 2784 671 2956 735; x_wconf 86' lang='lat' dir='ltr'><strong>Hist.,</strong></span> <span class='ocrx_word' id='word_1_138' title='bbox 2986 686 3107 742; x_wconf 78' lang='lat' dir='ltr'><strong>cap.</strong></span> <span class='ocrx_word' id='word_1_139' title='bbox 3143 672 3232 733; x_wconf 85' lang='lat'><strong>12,</strong></span> <span class='ocrx_word' id='word_1_140' title='bbox 3262 673 3408 729; x_wconf 89' lang='lat' dir='ltr'><strong>unde</strong></span> <span class='ocrx_word' id='word_1_141' title='bbox 3433 688 3593 742; x_wconf 91' lang='lat' dir='ltr'><strong>repe-</strong></span> 
     </span>
    </p>
   </div>
   <div class='ocr_carea' id='block_1_19' title="bbox 2007 763 3589 837">
    <p class='ocr_par' dir='ltr' id='par_1_19' title="bbox 2007 763 3589 837">
     <span class='ocr_line' id='line_1_19' title="bbox 2007 763 3589 837; baseline 0 -17"><span class='ocrx_word' id='word_1_142' title='bbox 2007 775 2130 821; x_wconf 90' lang='lat' dir='ltr'><strong>tunt</strong></span> <span class='ocrx_word' id='word_1_143' title='bbox 2164 764 2461 834; x_wconf 83' lang='lat' dir='ltr'><strong>Tripartita</strong></span> <span class='ocrx_word' id='word_1_144' title='bbox 2491 764 2589 820; x_wconf 88' lang='lat' dir='ltr'><strong>lib.</strong></span> <span class='ocrx_word' id='word_1_145' title='bbox 2626 780 2689 828; x_wconf 86' lang='lat' dir='ltr'><strong>ll,</strong></span> <span class='ocrx_word' id='word_1_146' title='bbox 2720 779 2840 834; x_wconf 86' lang='lat' dir='ltr'><strong>cap.</strong></span> <span class='ocrx_word' id='word_1_147' title='bbox 2879 763 2968 827; x_wconf 89' lang='lat'><strong>11,</strong></span> <span class='ocrx_word' id='word_1_148' title='bbox 3010 772 3064 819; x_wconf 91' lang='lat' dir='ltr'><strong>et</strong></span> <span class='ocrx_word' id='word_1_149' title='bbox 3096 763 3439 837; x_wconf 87' lang='lat' dir='ltr'><strong>Nicephorus</strong></span> <span class='ocrx_word' id='word_1_150' title='bbox 3468 782 3589 831; x_wconf 86' lang='lat' dir='ltr'><strong>vm,</strong></span> 
     </span>
    </p>
   </div>
   <div class='ocr_carea' id='block_1_20' title="bbox 2005 855 3591 927">
    <p class='ocr_par' dir='ltr' id='par_1_20' title="bbox 2005 855 3591 927">
     <span class='ocr_line' id='line_1_20' title="bbox 2005 855 3591 927; baseline 0.001 -16"><span class='ocrx_word' id='word_1_151' title='bbox 2005 858 2095 913; x_wconf 89' lang='lat'><strong>22.</strong></span> <span class='ocrx_word' id='word_1_152' title='bbox 2130 856 2245 912; x_wconf 90' lang='lat' dir='ltr'><strong>Hoc</strong></span> <span class='ocrx_word' id='word_1_153' title='bbox 2275 864 2357 912; x_wconf 89' lang='lat' dir='ltr'><strong>est</strong></span> <span class='ocrx_word' id='word_1_154' title='bbox 2388 855 2808 927; x_wconf 79' lang='grc' dir='ltr'>ἀπολογητικόν,</span> <span class='ocrx_word' id='word_1_155' title='bbox 2852 856 3030 911; x_wconf 90' lang='lat' dir='ltr'><strong>eidem</strong></span> <span class='ocrx_word' id='word_1_156' title='bbox 3065 855 3287 913; x_wconf 82' lang='lat' dir='ltr'><strong>Gelasio</strong></span> <span class='ocrx_word' id='word_1_157' title='bbox 3314 875 3591 914; x_wconf 89' lang='lat' dir='ltr'><strong>memora-</strong></span> 
     </span>
    </p>
   </div>
   <div class='ocr_carea' id='block_1_21' title="bbox 2004 948 3590 1020">
    <p class='ocr_par' dir='ltr' id='par_1_21' title="bbox 2004 948 3590 1020">
     <span class='ocr_line' id='line_1_21' title="bbox 2004 948 3590 1020; baseline 0.001 -17"><span class='ocrx_word' id='word_1_158' title='bbox 2004 959 2122 1004; x_wconf 89' lang='lat' dir='ltr'><strong>tum</strong></span> <span class='ocrx_word' id='word_1_159' title='bbox 2163 949 2257 1004; x_wconf 89' lang='lat' dir='ltr'><strong>lib.</strong></span> <span class='ocrx_word' id='word_1_160' title='bbox 2303 964 2366 1014; x_wconf 87' lang='grc' dir='ltr'><strong>ιι,</strong></span> <span class='ocrx_word' id='word_1_161' title='bbox 2415 964 2537 1019; x_wconf 90' lang='lat' dir='ltr'><strong>cap.</strong></span> <span class='ocrx_word' id='word_1_162' title='bbox 2573 951 2625 1013; x_wconf 88' lang='grc'><strong>1,</strong></span> <span class='ocrx_word' id='word_1_163' title='bbox 2665 949 2811 1020; x_wconf 92' lang='lat' dir='ltr'><strong>quod</strong></span> <span class='ocrx_word' id='word_1_164' title='bbox 2856 948 2924 1003; x_wconf 83' lang='lat' dir='ltr'><strong>ad</strong></span> <span class='ocrx_word' id='word_1_165' title='bbox 2967 949 3351 1020; x_wconf 87' lang='lat' dir='ltr'><strong>episcoporum</strong></span> <span class='ocrx_word' id='word_1_166' title='bbox 3398 951 3590 1005; x_wconf 87' lang='lat' dir='ltr'><strong>ortho-</strong></span> 
     </span>
    </p>
   </div>
   <div class='ocr_carea' id='block_1_22' title="bbox 2005 1040 3591 1114">
    <p class='ocr_par' dir='ltr' id='par_1_22' title="bbox 2005 1040 3591 1114">
     <span class='ocr_line' id='line_1_22' title="bbox 2005 1040 3591 1114; baseline 0 -16"><span class='ocrx_word' id='word_1_167' title='bbox 2005 1043 2272 1098; x_wconf 82' lang='lat' dir='ltr'><strong>doxorum</strong></span> <span class='ocrx_word' id='word_1_168' title='bbox 2320 1041 2499 1095; x_wconf 84' lang='grc' dir='ltr'>κοινόν</span> <span class='ocrx_word' id='word_1_169' title='bbox 2528 1041 2759 1098; x_wconf 91' lang='lat' dir='ltr'><strong>missum</strong></span> <span class='ocrx_word' id='word_1_170' title='bbox 2787 1041 3041 1098; x_wconf 82' lang='lat' dir='ltr'><strong>aﬂirmat.</strong></span> <span class='ocrx_word' id='word_1_171' title='bbox 3093 1040 3169 1096; x_wconf 77' lang='lat' dir='ltr'><strong>Ex</strong></span> <span class='ocrx_word' id='word_1_172' title='bbox 3231 1042 3333 1098; x_wconf 83' lang='lat' dir='ltr'><strong>hac</strong></span> <span class='ocrx_word' id='word_1_173' title='bbox 3358 1044 3591 1114; x_wconf 69' lang='lat' dir='ltr'><strong>cpistola</strong></span> 
     </span>
    </p>
   </div>
   <div class='ocr_carea' id='block_1_23' title="bbox 2004 1131 3588 1205">
    <p class='ocr_par' dir='ltr' id='par_1_23' title="bbox 2004 1131 3588 1205">
     <span class='ocr_line' id='line_1_23' title="bbox 2004 1131 3588 1205; baseline 0.003 -16"><span class='ocrx_word' id='word_1_174' title='bbox 2004 1135 2256 1191; x_wconf 89' lang='lat' dir='ltr'><strong>nonnihil</strong></span> <span class='ocrx_word' id='word_1_175' title='bbox 2284 1133 2537 1205; x_wconf 88' lang='lat' dir='ltr'><strong>producit</strong></span> <span class='ocrx_word' id='word_1_176' title='bbox 2566 1131 2624 1187; x_wconf 92' lang='lat' dir='ltr'><strong>S.</strong></span> <span class='ocrx_word' id='word_1_177' title='bbox 2656 1133 2990 1188; x_wconf 84' lang='lat' dir='ltr'><strong>Athanasius</strong></span> <span class='ocrx_word' id='word_1_178' title='bbox 3019 1135 3180 1205; x_wconf 86' lang='lat' dir='ltr'><strong>epist.</strong></span> <span class='ocrx_word' id='word_1_179' title='bbox 3207 1135 3275 1189; x_wconf 91' lang='lat' dir='ltr'><strong>ad</strong></span> <span class='ocrx_word' id='word_1_180' title='bbox 3295 1135 3588 1194; x_wconf 84' lang='lat' dir='ltr'><strong>Africanos</strong></span> 
     </span>
    </p>
   </div>
   <div class='ocr_carea' id='block_1_24' title="bbox 2011 1222 3590 1298">
    <p class='ocr_par' dir='ltr' id='par_1_24' title="bbox 2011 1222 3590 1298">
     <span class='ocr_line' id='line_1_24' title="bbox 2011 1222 3590 1298; baseline 0.003 -16"><span class='ocrx_word' id='word_1_181' title='bbox 2011 1228 2304 1298; x_wconf 84' lang='lat' dir='ltr'><strong>episcopos</strong></span> <span class='ocrx_word' id='word_1_182' title='bbox 2342 1233 2475 1280; x_wconf 91' lang='lat' dir='ltr'><strong>tom.</strong></span> <span class='ocrx_word' id='word_1_183' title='bbox 2513 1222 2555 1289; x_wconf 89' lang='grc' dir='ltr'>Ι,</span> <span class='ocrx_word' id='word_1_184' title='bbox 2600 1240 2656 1295; x_wconf 92' lang='lat' dir='ltr'><strong>p.</strong></span> <span class='ocrx_word' id='word_1_185' title='bbox 2697 1224 2836 1291; x_wconf 78' lang='lat'><strong>957;</strong></span> <span class='ocrx_word' id='word_1_186' title='bbox 2871 1235 2925 1280; x_wconf 92' lang='lat' dir='ltr'><strong>et</strong></span> <span class='ocrx_word' id='word_1_187' title='bbox 2959 1226 3026 1281; x_wconf 90' lang='lat' dir='ltr'><strong>ad</strong></span> <span class='ocrx_word' id='word_1_188' title='bbox 3077 1227 3284 1282; x_wconf 87' lang='lat' dir='ltr'><strong>calcem</strong></span> <span class='ocrx_word' id='word_1_189' title='bbox 3325 1229 3483 1298; x_wconf 85' lang='lat' dir='ltr'><strong>epist.</strong></span> <span class='ocrx_word' id='word_1_190' title='bbox 3521 1230 3590 1286; x_wconf 91' lang='lat' dir='ltr'><strong>de</strong></span> 
     </span>
    </p>
   </div>
   <div class='ocr_carea' id='block_1_25' title="bbox 2006 1317 3584 1391">
    <p class='ocr_par' dir='ltr' id='par_1_25' title="bbox 2006 1317 3584 1391">
     <span class='ocr_line' id='line_1_25' title="bbox 2006 1317 3584 1391; baseline 0.004 -17"><span class='ocrx_word' id='word_1_191' title='bbox 2006 1317 2203 1391; x_wconf 88' lang='lat' dir='ltr'><strong>synodi</strong></span> <span class='ocrx_word' id='word_1_192' title='bbox 2254 1317 2490 1373; x_wconf 66' lang='lat' dir='ltr'><strong>Nicaeme</strong></span> <span class='ocrx_word' id='word_1_193' title='bbox 2541 1317 2801 1374; x_wconf 86' lang='lat' dir='ltr'><strong>decretis.</strong></span> <span class='ocrx_word' id='word_1_194' title='bbox 2864 1318 2966 1374; x_wconf 86' lang='lat' dir='ltr'><strong>Ms.</strong></span> <span class='ocrx_word' id='word_1_195' title='bbox 3000 1335 3291 1377; x_wconf 88' lang='lat' dir='ltr'><strong>occurrere</strong></span> <span class='ocrx_word' id='word_1_196' title='bbox 3346 1323 3401 1378; x_wconf 92' lang='lat' dir='ltr'><strong>in</strong></span> <span class='ocrx_word' id='word_1_197' title='bbox 3452 1325 3584 1380; x_wconf 89' lang='lat' dir='ltr'><strong>bibl.</strong></span> 
     </span>
    </p>
   </div>
   <div class='ocr_carea' id='block_1_26' title="bbox 2008 1409 3588 1488">
    <p class='ocr_par' dir='ltr' id='par_1_26' title="bbox 2008 1409 3588 1488">
     <span class='ocr_line' id='line_1_26' title="bbox 2008 1409 3588 1488; baseline 0 -28"><span class='ocrx_word' id='word_1_198' title='bbox 2008 1410 2443 1475; x_wconf 86' lang='lat' dir='ltr'><strong>Vindobonensi,</strong></span> <span class='ocrx_word' id='word_1_199' title='bbox 2475 1416 2631 1464; x_wconf 87' lang='lat' dir='ltr'><strong>notat</strong></span> <span class='ocrx_word' id='word_1_200' title='bbox 2669 1409 2995 1465; x_wconf 84' lang='lat' dir='ltr'><strong>Lambecius</strong></span> <span class='ocrx_word' id='word_1_201' title='bbox 3017 1411 3106 1476; x_wconf 89' lang='lat' dir='ltr'><strong>Ill,</strong></span> <span class='ocrx_word' id='word_1_202' title='bbox 3136 1430 3190 1484; x_wconf 92' lang='lat' dir='ltr'><strong>p.</strong></span> <span class='ocrx_word' id='word_1_203' title='bbox 3222 1414 3291 1469; x_wconf 87' lang='grc'><strong>86</strong></span> <span class='ocrx_word' id='word_1_204' title='bbox 3321 1415 3416 1488; x_wconf 80' lang='lat' dir='ltr'><strong>(c).</strong></span> <span class='ocrx_word' id='word_1_205' title='bbox 3449 1415 3588 1473; x_wconf 67' lang='lat' dir='ltr'><strong>Ver-</strong></span> 
     </span>
    </p>
   </div>
   <div class='ocr_carea' id='block_1_27' title="bbox 2005 1501 3588 1574">
    <p class='ocr_par' dir='ltr' id='par_1_27' title="bbox 2005 1501 3588 1574">
     <span class='ocr_line' id='line_1_27' title="bbox 2005 1501 3588 1574; baseline 0.003 -16"><span class='ocrx_word' id='word_1_206' title='bbox 2005 1504 2075 1559; x_wconf 90' lang='lat' dir='ltr'><strong>ba</strong></span> <span class='ocrx_word' id='word_1_207' title='bbox 2113 1518 2236 1574; x_wconf 83' lang='lat' dir='ltr'><strong>quae</strong></span> <span class='ocrx_word' id='word_1_208' title='bbox 2281 1501 2669 1565; x_wconf 88' lang='lat' dir='ltr'><strong>Theodoritus,</strong></span> <span class='ocrx_word' id='word_1_209' title='bbox 2717 1517 2843 1572; x_wconf 84' lang='lat' dir='ltr'><strong>pag.</strong></span> <span class='ocrx_word' id='word_1_210' title='bbox 2882 1502 2973 1568; x_wconf 73' lang='grc'>40,</span> <span class='ocrx_word' id='word_1_211' title='bbox 3015 1504 3216 1574; x_wconf 90' lang='lat' dir='ltr'><strong>aliique</strong></span> <span class='ocrx_word' id='word_1_212' title='bbox 3252 1505 3475 1571; x_wconf 91' lang='lat' dir='ltr'><strong>habent,</strong></span> <span class='ocrx_word' id='word_1_213' title='bbox 3531 1516 3588 1562; x_wconf 85' lang='lat' dir='ltr'><strong>et</strong></span> 
     </span>
    </p>
   </div>
   <div class='ocr_carea' id='block_1_28' title="bbox 2008 1594 3579 1666">
    <p class='ocr_par' dir='ltr' id='par_1_28' title="bbox 2008 1594 3579 1666">
     <span class='ocr_line' id='line_1_28' title="bbox 2008 1594 3579 1666; baseline 0.003 -15"><span class='ocrx_word' id='word_1_214' title='bbox 2008 1594 2286 1660; x_wconf 83' lang='lat' dir='ltr'><strong>Socrates,</strong></span> <span class='ocrx_word' id='word_1_215' title='bbox 2339 1610 2395 1666; x_wconf 91' lang='lat' dir='ltr'><strong>p.</strong></span> <span class='ocrx_word' id='word_1_216' title='bbox 2439 1595 2532 1653; x_wconf 89' lang='lat'><strong>27.</strong></span> <span class='ocrx_word' id='word_1_217' title='bbox 2561 1602 2725 1665; x_wconf 89' lang='lat' dir='ltr'><strong>atque</strong></span> <span class='ocrx_word' id='word_1_218' title='bbox 2755 1594 3045 1663; x_wconf 83' lang='lat' dir='ltr'><strong>Tripartita</strong></span> <span class='ocrx_word' id='word_1_219' title='bbox 3086 1597 3311 1663; x_wconf 89' lang='lat' dir='ltr'><strong>omittit,</strong></span> <span class='ocrx_word' id='word_1_220' title='bbox 3355 1600 3451 1653; x_wconf 86' lang='lat' dir='ltr'><strong>illa</strong></span> <span class='ocrx_word' id='word_1_221' title='bbox 3480 1599 3579 1655; x_wconf 85' lang='lat' dir='ltr'><strong>Ca-</strong></span> 
     </span>
    </p>
   </div>
   <div class='ocr_carea' id='block_1_29' title="bbox 2004 1685 3583 1762">
    <p class='ocr_par' dir='ltr' id='par_1_29' title="bbox 2004 1685 3583 1762">
     <span class='ocr_line' id='line_1_29' title="bbox 2004 1685 3583 1762; baseline 0.004 -20"><span class='ocrx_word' id='word_1_222' title='bbox 2004 1703 2139 1742; x_wconf 87' lang='lat' dir='ltr'><strong>veus</strong></span> <span class='ocrx_word' id='word_1_223' title='bbox 2191 1687 2247 1741; x_wconf 91' lang='lat' dir='ltr'><strong>in</strong></span> <span class='ocrx_word' id='word_1_224' title='bbox 2295 1686 2556 1757; x_wconf 79' lang='lat' dir='ltr'><strong>Apologia</strong></span> <span class='ocrx_word' id='word_1_225' title='bbox 2606 1685 2855 1741; x_wconf 83' lang='lat' dir='ltr'><strong>adversus</strong></span> <span class='ocrx_word' id='word_1_226' title='bbox 2902 1686 2960 1742; x_wconf 82' lang='lat' dir='ltr'><strong>J.</strong></span> <span class='ocrx_word' id='word_1_227' title='bbox 3007 1686 3291 1755; x_wconf 85' lang='lat' dir='ltr'><strong>Clericum,</strong></span> <span class='ocrx_word' id='word_1_228' title='bbox 3342 1707 3470 1762; x_wconf 85' lang='lat' dir='ltr'><strong>pag.</strong></span> <span class='ocrx_word' id='word_1_229' title='bbox 3491 1691 3583 1756; x_wconf 81' lang='lat'><strong>89,</strong></span> 
     </span>
    </p>
   </div>
   <div class='ocr_carea' id='block_1_30' title="bbox 2005 1777 3584 1848">
    <p class='ocr_par' dir='ltr' id='par_1_30' title="bbox 2005 1777 3584 1848">
     <span class='ocr_line' id='line_1_30' title="bbox 2005 1777 3584 1848; baseline 0.001 -13"><span class='ocrx_word' id='word_1_230' title='bbox 2005 1779 2308 1848; x_wconf 91' lang='lat' dir='ltr'><strong>contendit,</strong></span> <span class='ocrx_word' id='word_1_231' title='bbox 2359 1794 2484 1834; x_wconf 90' lang='lat' dir='ltr'><strong>cum</strong></span> <span class='ocrx_word' id='word_1_232' title='bbox 2535 1777 2757 1833; x_wconf 86' lang='lat' dir='ltr'><strong>Eusebii</strong></span> <span class='ocrx_word' id='word_1_233' title='bbox 2803 1779 3054 1835; x_wconf 89' lang='lat' dir='ltr'><strong>doctrina</strong></span> <span class='ocrx_word' id='word_1_234' title='bbox 3100 1780 3169 1836; x_wconf 92' lang='lat' dir='ltr'><strong>de</strong></span> <span class='ocrx_word' id='word_1_235' title='bbox 3214 1789 3417 1838; x_wconf 68' lang='lat' dir='ltr'><strong>aeterna</strong></span> <span class='ocrx_word' id='word_1_236' title='bbox 3461 1782 3584 1839; x_wconf 72' lang='lat' dir='ltr'><strong>Filii</strong></span> 
     </span>
    </p>
   </div>
   <div class='ocr_carea' id='block_1_31' title="bbox 321 1864 3587 1959">
    <p class='ocr_par' dir='ltr' id='par_1_31' title="bbox 321 1864 3587 1959">
     <span class='ocr_line' id='line_1_31' title="bbox 321 1864 3587 1959; baseline -0.002 -14"><span class='ocrx_word' id='word_1_237' title='bbox 321 1891 511 1957; x_wconf 88' lang='lat' dir='ltr'><strong>Marci,</strong></span> <span class='ocrx_word' id='word_1_238' title='bbox 548 1887 913 1951; x_wconf 78' lang='lat' dir='ltr'><strong>CCCCXCVI,</strong></span> <span class='ocrx_word' id='word_1_239' title='bbox 938 1886 1519 1959; x_wconf 85' lang='lat' dir='ltr'><strong>uterquelibercontra</strong></span> <span class='ocrx_word' id='word_1_240' title='bbox 1534 1885 1895 1954; x_wconf 84' lang='lat' dir='ltr'><strong>Marcellum.;</strong></span> <span class='ocrx_word' id='word_1_241' title='bbox 1930 1864 1973 1920; x_wconf 75' lang='grc' dir='ltr'><strong>Β</strong></span> <span class='ocrx_word' id='word_1_242' title='bbox 2002 1874 2288 1947; x_wconf 68' lang='grc' dir='ltr'><strong>ὶιγροειεεῖ</strong></span> <span class='ocrx_word' id='word_1_243' title='bbox 2318 1890 2349 1930; x_wconf 76' lang='grc' dir='ltr'><strong>θ</strong></span> <span class='ocrx_word' id='word_1_244' title='bbox 2391 1874 2661 1929; x_wconf 57' lang='lat' dir='ltr'><strong>diametro</strong></span> <span class='ocrx_word' id='word_1_245' title='bbox 2705 1887 2970 1943; x_wconf 69' lang='grc' dir='ltr'><strong>ρυεηετθν</strong></span> <span class='ocrx_word' id='word_1_246' title='bbox 3020 1872 3420 1942; x_wconf 65' lang='grc' dir='ltr'><strong>θάεοριιθ.ηοη</strong></span> <span class='ocrx_word' id='word_1_247' title='bbox 3461 1889 3587 1930; x_wconf 73' lang='lat'><strong>€398</strong></span> 
     </span>
    </p>
   </div>
   <div class='ocr_carea' id='block_1_32' title="bbox 320 1977 1899 2050">
    <p class='ocr_par' dir='ltr' id='par_1_32' title="bbox 320 1977 1899 2050">
     <span class='ocr_line' id='line_1_32' title="bbox 320 1977 1899 2050; baseline -0.003 -14"><span class='ocrx_word' id='word_1_248' title='bbox 320 2010 391 2021; x_wconf 92' lang='lat'>—</span> <span class='ocrx_word' id='word_1_249' title='bbox 424 1983 482 2036; x_wconf 91' lang='lat' dir='ltr'><strong>in</strong></span> <span class='ocrx_word' id='word_1_250' title='bbox 520 1983 643 2037; x_wconf 91' lang='lat' dir='ltr'><strong>cod.</strong></span> <span class='ocrx_word' id='word_1_251' title='bbox 696 1978 985 2047; x_wconf 78' lang='lat' dir='ltr'><strong>CMXLIX,</strong></span> <span class='ocrx_word' id='word_1_252' title='bbox 1029 1996 1086 2035; x_wconf 93' lang='lat' dir='ltr'><strong>n.</strong></span> <span class='ocrx_word' id='word_1_253' title='bbox 1126 1980 1152 2034; x_wconf 89' lang='lat'><strong>1</strong></span> <span class='ocrx_word' id='word_1_254' title='bbox 1187 1980 1318 2036; x_wconf 89' lang='lat' dir='ltr'><strong>bibl.</strong></span> <span class='ocrx_word' id='word_1_255' title='bbox 1353 1979 1503 2050; x_wconf 90' lang='lat' dir='ltr'><strong>publ.</strong></span> <span class='ocrx_word' id='word_1_256' title='bbox 1535 1977 1740 2041; x_wconf 88' lang='lat' dir='ltr'><strong>Paris.,</strong></span> <span class='ocrx_word' id='word_1_257' title='bbox 1788 1977 1899 2032; x_wconf 93' lang='lat' dir='ltr'><strong>duo</strong></span> 
     </span>
    </p>
   </div>
   <div class='ocr_carea' id='block_1_33' title="bbox 323 2068 1899 2144">
    <p class='ocr_par' dir='ltr' id='par_1_33' title="bbox 323 2068 1899 2144">
     <span class='ocr_line' id='line_1_33' title="bbox 323 2068 1899 2144; baseline -0.002 -18"><span class='ocrx_word' id='word_1_258' title='bbox 323 2073 470 2128; x_wconf 85' lang='lat' dir='ltr'><strong>libri.</strong></span> <span class='ocrx_word' id='word_1_259' title='bbox 501 2104 569 2113; x_wconf 97' lang='lat'><strong>—</strong></span> <span class='ocrx_word' id='word_1_260' title='bbox 589 2070 670 2130; x_wconf 90' lang='lat' dir='ltr'><strong>Cl.</strong></span> <span class='ocrx_word' id='word_1_261' title='bbox 699 2071 982 2144; x_wconf 83' lang='lat' dir='ltr'><strong>Rettberg,</strong></span> <span class='ocrx_word' id='word_1_262' title='bbox 1019 2080 1199 2127; x_wconf 89' lang='lat' dir='ltr'><strong>rector</strong></span> <span class='ocrx_word' id='word_1_263' title='bbox 1229 2072 1430 2128; x_wconf 61' lang='lat' dir='ltr'><strong>schola</strong></span> <span class='ocrx_word' id='word_1_264' title='bbox 1447 2070 1754 2126; x_wconf 89' lang='lat' dir='ltr'><strong>Clausthal.</strong></span> <span class='ocrx_word' id='word_1_265' title='bbox 1783 2068 1899 2125; x_wconf 90' lang='lat' dir='ltr'><strong>edi-</strong></span> 
     </span>
    </p>
   </div>
   <div class='ocr_carea' id='block_1_34' title="bbox 321 2161 1901 2220">
    <p class='ocr_par' dir='ltr' id='par_1_34' title="bbox 321 2161 1901 2220">
     <span class='ocr_line' id='line_1_34' title="bbox 321 2161 1901 2220; baseline -0.002 -2"><span class='ocrx_word' id='word_1_266' title='bbox 321 2164 403 2219; x_wconf 87' lang='lat' dir='ltr'><strong>dit</strong></span> <span class='ocrx_word' id='word_1_267' title='bbox 438 2184 451 2219; x_wconf 95' lang='lat'><strong>:</strong></span> <span class='ocrx_word' id='word_1_268' title='bbox 476 2167 532 2219; x_wconf 89' lang='lat' dir='ltr'><strong>in</strong></span> <span class='ocrx_word' id='word_1_269' title='bbox 561 2164 781 2220; x_wconf 87' lang='lat' dir='ltr'><strong>Eusebii</strong></span> <span class='ocrx_word' id='word_1_270' title='bbox 812 2175 997 2218; x_wconf 87' lang='lat' dir='ltr'><strong>contra</strong></span> <span class='ocrx_word' id='word_1_271' title='bbox 1031 2161 1346 2217; x_wconf 81' lang='lat' dir='ltr'><strong>Marcellum</strong></span> <span class='ocrx_word' id='word_1_272' title='bbox 1377 2162 1546 2217; x_wconf 82' lang='lat' dir='ltr'><strong>libros</strong></span> <span class='ocrx_word' id='word_1_273' title='bbox 1574 2162 1792 2216; x_wconf 87' lang='lat' dir='ltr'><strong>observ.</strong></span> <span class='ocrx_word' id='word_1_274' title='bbox 1818 2175 1901 2215; x_wconf 85' lang='lat' dir='ltr'><strong>sc-</strong></span> 
     </span>
    </p>
   </div>
   <div class='ocr_carea' id='block_1_35' title="bbox 324 2252 1895 2323">
    <p class='ocr_par' dir='ltr' id='par_1_35' title="bbox 324 2252 1895 2323">
     <span class='ocr_line' id='line_1_35' title="bbox 324 2252 1895 2323; baseline -0.003 -12"><span class='ocrx_word' id='word_1_275' title='bbox 324 2260 513 2323; x_wconf 89' lang='lat' dir='ltr'><strong>lectas,</strong></span> <span class='ocrx_word' id='word_1_276' title='bbox 564 2259 621 2312; x_wconf 91' lang='lat' dir='ltr'><strong>in</strong></span> <span class='ocrx_word' id='word_1_277' title='bbox 669 2258 866 2312; x_wconf 87' lang='lat' dir='ltr'><strong>Annal.</strong></span> <span class='ocrx_word' id='word_1_278' title='bbox 905 2257 1067 2311; x_wconf 85' lang='lat' dir='ltr'><strong>litter.</strong></span> <span class='ocrx_word' id='word_1_279' title='bbox 1102 2255 1360 2321; x_wconf 84' lang='lat' dir='ltr'><strong>IIelmst.,</strong></span> <span class='ocrx_word' id='word_1_280' title='bbox 1392 2270 1467 2309; x_wconf 91' lang='lat' dir='ltr'><strong>m.</strong></span> <span class='ocrx_word' id='word_1_281' title='bbox 1504 2253 1648 2309; x_wconf 82' lang='lat' dir='ltr'><strong>Maio</strong></span> <span class='ocrx_word' id='word_1_282' title='bbox 1677 2261 1733 2309; x_wconf 89' lang='lat' dir='ltr'><strong>et</strong></span> <span class='ocrx_word' id='word_1_283' title='bbox 1765 2252 1895 2307; x_wconf 83' lang='lat' dir='ltr'><strong>Jun.</strong></span> 
     </span>
    </p>
   </div>
   <div class='ocr_carea' id='block_1_36' title="bbox 321 2336 1899 2420">
    <p class='ocr_par' dir='ltr' id='par_1_36' title="bbox 321 2336 1899 2420">
     <span class='ocr_line' id='line_1_36' title="bbox 321 2336 1899 2420; baseline -0.004 -15"><span class='ocrx_word' id='word_1_284' title='bbox 321 2348 480 2416; x_wconf 84' lang='lat'><strong>1787,</strong></span> <span class='ocrx_word' id='word_1_285' title='bbox 512 2357 566 2405; x_wconf 83' lang='lat' dir='ltr'><strong>et</strong></span> <span class='ocrx_word' id='word_1_286' title='bbox 590 2352 880 2420; x_wconf 89' lang='lat' dir='ltr'><strong>separatim</strong></span> <span class='ocrx_word' id='word_1_287' title='bbox 928 2350 1080 2419; x_wconf 88' lang='lat' dir='ltr'><strong>Lips.</strong></span> <span class='ocrx_word' id='word_1_288' title='bbox 1125 2349 1287 2415; x_wconf 86' lang='lat'><strong>1787,</strong></span> <span class='ocrx_word' id='word_1_289' title='bbox 1320 2348 1385 2414; x_wconf 91' lang='lat'><strong>8;</strong></span> <span class='ocrx_word' id='word_1_290' title='bbox 1415 2376 1484 2388; x_wconf 91' lang='lat'><strong>-—-</strong></span> <span class='ocrx_word' id='word_1_291' title='bbox 1512 2355 1628 2401; x_wconf 90' lang='lat' dir='ltr'><strong>tum</strong></span> <span class='ocrx_word' id='word_1_292' title='bbox 1666 2336 1899 2399; x_wconf 77' lang='lat' dir='ltr'><strong>Marcel-</strong></span> 
     </span>
    </p>
   </div>
   <div class='ocr_carea' id='block_1_37' title="bbox 321 2438 1900 2506">
    <p class='ocr_par' dir='ltr' id='par_1_37' title="bbox 321 2438 1900 2506">
     <span class='ocr_line' id='line_1_37' title="bbox 321 2438 1900 2506; baseline -0.005 -7"><span class='ocrx_word' id='word_1_293' title='bbox 321 2445 488 2499; x_wconf 89' lang='lat' dir='ltr'><strong>liana.</strong></span> <span class='ocrx_word' id='word_1_294' title='bbox 524 2444 748 2499; x_wconf 84' lang='lat' dir='ltr'><strong>Accedit</strong></span> <span class='ocrx_word' id='word_1_295' title='bbox 799 2444 1053 2498; x_wconf 84' lang='lat' dir='ltr'><strong>Eunomii</strong></span> <span class='ocrx_word' id='word_1_296' title='bbox 1103 2443 1318 2506; x_wconf 79' lang='grc' dir='ltr'><strong>ἔκθεσις</strong></span> <span class='ocrx_word' id='word_1_297' title='bbox 1364 2441 1599 2504; x_wconf 83' lang='grc' dir='ltr'>πίστεως</span> <span class='ocrx_word' id='word_1_298' title='bbox 1639 2438 1900 2495; x_wconf 90' lang='lat' dir='ltr'><strong>emenda-</strong></span> 
     </span>
    </p>
   </div>
   <div class='ocr_carea' id='block_1_38' title="bbox 318 2530 1894 2592">
    <p class='ocr_par' dir='ltr' id='par_1_38' title="bbox 318 2530 1894 2592">
     <span class='ocr_line' id='line_1_38' title="bbox 318 2530 1894 2592; baseline -0.003 -1"><span class='ocrx_word' id='word_1_299' title='bbox 318 2536 446 2592; x_wconf 90' lang='lat' dir='ltr'><strong>tior.</strong></span> <span class='ocrx_word' id='word_1_300' title='bbox 471 2535 653 2591; x_wconf 89' lang='lat' dir='ltr'><strong>Edidit</strong></span> <span class='ocrx_word' id='word_1_301' title='bbox 673 2545 726 2591; x_wconf 90' lang='lat' dir='ltr'><strong>et</strong></span> <span class='ocrx_word' id='word_1_302' title='bbox 748 2537 1112 2592; x_wconf 85' lang='lat' dir='ltr'><strong>animadvers.</strong></span> <span class='ocrx_word' id='word_1_303' title='bbox 1137 2535 1398 2590; x_wconf 80' lang='lat' dir='ltr'><strong>instruxit</strong></span> <span class='ocrx_word' id='word_1_304' title='bbox 1421 2532 1699 2588; x_wconf 85' lang='lat' dir='ltr'><strong>Christian</strong></span> <span class='ocrx_word' id='word_1_305' title='bbox 1728 2530 1894 2587; x_wconf 89' lang='lat' dir='ltr'><strong>Henr.</strong></span> 
     </span>
    </p>
   </div>
   <div class='ocr_carea' id='block_1_39' title="bbox 318 2623 1899 2701">
    <p class='ocr_par' dir='ltr' id='par_1_39' title="bbox 318 2623 1899 2701">
     <span class='ocr_line' id='line_1_39' title="bbox 318 2623 1899 2701; baseline -0.006 -16"><span class='ocrx_word' id='word_1_306' title='bbox 318 2628 516 2701; x_wconf 80' lang='lat' dir='ltr'><strong>Georg.</strong></span> <span class='ocrx_word' id='word_1_307' title='bbox 553 2627 832 2698; x_wconf 81' lang='lat' dir='ltr'><strong>Rettberg.</strong></span> <span class='ocrx_word' id='word_1_308' title='bbox 866 2626 1136 2698; x_wconf 74' lang='lat' dir='ltr'><strong>Gottingae</strong></span> <span class='ocrx_word' id='word_1_309' title='bbox 1170 2626 1328 2692; x_wconf 71' lang='grc'>1794,</span> <span class='ocrx_word' id='word_1_310' title='bbox 1362 2625 1438 2692; x_wconf 87' lang='grc'>8;</span> <span class='ocrx_word' id='word_1_311' title='bbox 1470 2623 1709 2679; x_wconf 85' lang='lat' dir='ltr'><strong>Marcelli</strong></span> <span class='ocrx_word' id='word_1_312' title='bbox 1767 2637 1899 2677; x_wconf 84' lang='lat' dir='ltr'><strong>vero</strong></span> 
     </span>
    </p>
   </div>
   <div class='ocr_carea' id='block_1_40' title="bbox 317 2716 1900 2794">
    <p class='ocr_par' dir='ltr' id='par_1_40' title="bbox 317 2716 1900 2794">
     <span class='ocr_line' id='line_1_40' title="bbox 317 2716 1900 2794; baseline -0.003 -18"><span class='ocrx_word' id='word_1_313' title='bbox 317 2722 513 2794; x_wconf 85' lang='lat' dir='ltr'><strong>fragm.</strong></span> <span class='ocrx_word' id='word_1_314' title='bbox 543 2722 686 2793; x_wconf 89' lang='lat' dir='ltr'><strong>apud</strong></span> <span class='ocrx_word' id='word_1_315' title='bbox 714 2720 1009 2776; x_wconf 82' lang='lat' dir='ltr'><strong>Eusebium</strong></span> <span class='ocrx_word' id='word_1_316' title='bbox 1044 2718 1275 2774; x_wconf 78' lang='lat' dir='ltr'><strong>confuse</strong></span> <span class='ocrx_word' id='word_1_317' title='bbox 1301 2717 1502 2789; x_wconf 90' lang='lat' dir='ltr'><strong>posita,</strong></span> <span class='ocrx_word' id='word_1_318' title='bbox 1534 2732 1635 2772; x_wconf 84' lang='lat' dir='ltr'><strong>nec</strong></span> <span class='ocrx_word' id='word_1_319' title='bbox 1664 2716 1900 2787; x_wconf 81' lang='lat' dir='ltr'><strong>diligen-</strong></span> 
     </span>
    </p>
   </div>
   <div class='ocr_carea' id='block_1_41' title="bbox 317 2810 1898 2885">
    <p class='ocr_par' dir='ltr' id='par_1_41' title="bbox 317 2810 1898 2885">
     <span class='ocr_line' id='line_1_41' title="bbox 317 2810 1898 2885; baseline -0.004 -14"><span class='ocrx_word' id='word_1_320' title='bbox 317 2825 399 2871; x_wconf 89' lang='lat' dir='ltr'><strong>ter</strong></span> <span class='ocrx_word' id='word_1_321' title='bbox 446 2822 790 2880; x_wconf 88' lang='lat' dir='ltr'><strong>conservata,</strong></span> <span class='ocrx_word' id='word_1_322' title='bbox 841 2814 1082 2885; x_wconf 76' lang='lat' dir='ltr'><strong>collegit,</strong></span> <span class='ocrx_word' id='word_1_323' title='bbox 1131 2811 1427 2872; x_wconf 84' lang='lat' dir='ltr'><strong>ordinavit,</strong></span> <span class='ocrx_word' id='word_1_324' title='bbox 1480 2810 1794 2866; x_wconf 87' lang='lat' dir='ltr'><strong>emendavit</strong></span> <span class='ocrx_word' id='word_1_325' title='bbox 1842 2819 1898 2866; x_wconf 90' lang='lat' dir='ltr'><strong>et</strong></span> 
     </span>
    </p>
   </div>
   <div class='ocr_carea' id='block_1_42' title="bbox 319 2901 1897 2980">
    <p class='ocr_par' dir='ltr' id='par_1_42' title="bbox 319 2901 1897 2980">
     <span class='ocr_line' id='line_1_42' title="bbox 319 2901 1897 2980; baseline -0.004 -16"><span class='ocrx_word' id='word_1_326' title='bbox 319 2909 604 2980; x_wconf 84' lang='lat' dir='ltr'><strong>explicuit,</strong></span> <span class='ocrx_word' id='word_1_327' title='bbox 653 2908 978 2978; x_wconf 91' lang='lat' dir='ltr'><strong>laudemque</strong></span> <span class='ocrx_word' id='word_1_328' title='bbox 1021 2906 1319 2977; x_wconf 61' lang='lat' dir='ltr'><strong>diligentiae</strong></span> <span class='ocrx_word' id='word_1_329' title='bbox 1370 2903 1496 2957; x_wconf 89' lang='lat' dir='ltr'><strong>tulit</strong></span> <span class='ocrx_word' id='word_1_330' title='bbox 1530 2902 1585 2956; x_wconf 92' lang='lat' dir='ltr'><strong>in</strong></span> <span class='ocrx_word' id='word_1_331' title='bbox 1617 2901 1897 2979; x_wconf 83' lang='lat' dir='ltr'><strong>Ephemer.</strong></span> 
     </span>
    </p>
   </div>
   <div class='ocr_carea' id='block_1_43' title="bbox 320 2982 1669 3068">
    <p class='ocr_par' dir='ltr' id='par_1_43' title="bbox 320 2982 1669 3068">
     <span class='ocr_line' id='line_1_43' title="bbox 320 2982 1669 3068; baseline -0.004 -18"><span class='ocrx_word' id='word_1_332' title='bbox 320 2999 547 3052; x_wconf 81' lang='lat' dir='ltr'><strong>litterar.</strong></span> <span class='ocrx_word' id='word_1_333' title='bbox 581 2998 839 3068; x_wconf 82' lang='lat' dir='ltr'><strong>Gotting.,</strong></span> <span class='ocrx_word' id='word_1_334' title='bbox 874 2995 1032 3061; x_wconf 72' lang='grc'>1794,</span> <span class='ocrx_word' id='word_1_335' title='bbox 1066 3012 1121 3050; x_wconf 91' lang='lat' dir='ltr'><strong>n.</strong></span> <span class='ocrx_word' id='word_1_336' title='bbox 1154 2989 1281 3049; x_wconf 76' lang='lat'><strong>203.</strong></span> <span class='ocrx_word' id='word_1_337' title='bbox 1313 2991 1484 3046; x_wconf 76' lang='lat' dir='ltr'><strong>&quot;ARL.</strong></span> <span class='ocrx_word' id='word_1_338' title='bbox 1666 2982 1669 2987; x_wconf 69' lang='grc'><em>’</em></span> 
     </span>
    </p>
   </div>
   <div class='ocr_carea' id='block_1_44' title="bbox 386 3082 1899 3162">
    <p class='ocr_par' dir='ltr' id='par_1_44' title="bbox 386 3082 1899 3162">
     <span class='ocr_line' id='line_1_44' title="bbox 386 3082 1899 3162; baseline -0.006 -19"><span class='ocrx_word' id='word_1_339' title='bbox 386 3089 504 3161; x_wconf 61' lang='lat' dir='ltr'><strong>NH.</strong></span> <span class='ocrx_word' id='word_1_340' title='bbox 538 3093 672 3162; x_wconf 73' lang='grc' dir='ltr'><strong>Περὶ</strong></span> <span class='ocrx_word' id='word_1_341' title='bbox 692 3091 791 3160; x_wconf 83' lang='grc' dir='ltr'><strong>τῆς</strong></span> <span class='ocrx_word' id='word_1_342' title='bbox 815 3088 1275 3159; x_wconf 82' lang='grc' dir='ltr'><strong>ὲκκλησιαστικῆς</strong></span> <span class='ocrx_word' id='word_1_343' title='bbox 1307 3085 1604 3154; x_wconf 81' lang='grc' dir='ltr'>Θεολογίας,</span> <span class='ocrx_word' id='word_1_344' title='bbox 1626 3082 1734 3136; x_wconf 84' lang='grc' dir='ltr'>τῶν</span> <span class='ocrx_word' id='word_1_345' title='bbox 1761 3082 1899 3154; x_wconf 85' lang='grc' dir='ltr'><strong>πρὸς</strong></span> 
     </span>
    </p>
   </div>
   <div class='ocr_carea' id='block_1_45' title="bbox 318 3174 1896 3253">
    <p class='ocr_par' dir='ltr' id='par_1_45' title="bbox 318 3174 1896 3253">
     <span class='ocr_line' id='line_1_45' title="bbox 318 3174 1896 3253; baseline -0.006 -17"><span class='ocrx_word' id='word_1_346' title='bbox 318 3182 636 3253; x_wconf 83' lang='grc' dir='ltr'><strong>Μάρκελλον</strong></span> <span class='ocrx_word' id='word_1_347' title='bbox 677 3179 913 3250; x_wconf 75' lang='grc' dir='ltr'><strong>ἐλέγχων</strong></span> <span class='ocrx_word' id='word_1_348' title='bbox 958 3179 1136 3248; x_wconf 80' lang='grc' dir='ltr'><strong>βιϐλία</strong></span> <span class='ocrx_word' id='word_1_349' title='bbox 1160 3185 1229 3246; x_wconf 86' lang='grc' dir='ltr'>γ’.</span> <span class='ocrx_word' id='word_1_350' title='bbox 1259 3179 1335 3232; x_wconf 87' lang='lat' dir='ltr'><strong>De</strong></span> <span class='ocrx_word' id='word_1_351' title='bbox 1362 3175 1721 3232; x_wconf 84' lang='lat' dir='ltr'><strong>ecclesiastica</strong></span> <span class='ocrx_word' id='word_1_352' title='bbox 1753 3174 1896 3229; x_wconf 84' lang='lat' dir='ltr'><strong>theo-</strong></span> 
     </span>
    </p>
   </div>
   <div class='ocr_carea' id='block_1_46' title="bbox 322 3265 1895 3345">
    <p class='ocr_par' dir='ltr' id='par_1_46' title="bbox 322 3265 1895 3345">
     <span class='ocr_line' id='line_1_46' title="bbox 322 3265 1895 3345; baseline -0.007 -17"><span class='ocrx_word' id='word_1_353' title='bbox 322 3276 463 3345; x_wconf 78' lang='lat' dir='ltr'><strong>logia</strong></span> <span class='ocrx_word' id='word_1_354' title='bbox 505 3273 756 3327; x_wconf 78' lang='lat' dir='ltr'><strong>adversus</strong></span> <span class='ocrx_word' id='word_1_355' title='bbox 814 3270 1051 3325; x_wconf 87' lang='lat' dir='ltr'><strong>eumdem</strong></span> <span class='ocrx_word' id='word_1_356' title='bbox 1104 3268 1421 3322; x_wconf 82' lang='lat' dir='ltr'><strong>Marcellum</strong></span> <span class='ocrx_word' id='word_1_357' title='bbox 1471 3265 1895 3333; x_wconf 73' lang='lat' dir='ltr'><strong>confutationum</strong></span> 
     </span>
    </p>
   </div>
   <div class='ocr_carea' id='block_1_47' title="bbox 318 3355 1894 3434">
    <p class='ocr_par' dir='ltr' id='par_1_47' title="bbox 318 3355 1894 3434">
     <span class='ocr_line' id='line_1_47' title="bbox 318 3355 1894 3434; baseline -0.006 -12"><span class='ocrx_word' id='word_1_358' title='bbox 318 3367 444 3423; x_wconf 86' lang='lat' dir='ltr'><strong>libri</strong></span> <span class='ocrx_word' id='word_1_359' title='bbox 476 3382 559 3431; x_wconf 82' lang='grc' dir='ltr'><strong>ιιι,</strong></span> <span class='ocrx_word' id='word_1_360' title='bbox 587 3365 833 3434; x_wconf 88' lang='lat' dir='ltr'><strong>inscripti</strong></span> <span class='ocrx_word' id='word_1_361' title='bbox 877 3361 1158 3425; x_wconf 78' lang='lat' dir='ltr'><strong>Flaccilla,</strong></span> <span class='ocrx_word' id='word_1_362' title='bbox 1183 3355 1485 3415; x_wconf 71' lang='lat' dir='ltr'><strong>Antiochiae</strong></span> <span class='ocrx_word' id='word_1_363' title='bbox 1515 3356 1584 3412; x_wconf 86' lang='lat' dir='ltr'><strong>ad</strong></span> <span class='ocrx_word' id='word_1_364' title='bbox 1633 3357 1894 3427; x_wconf 82' lang='lat' dir='ltr'><strong>Daphnen</strong></span> 
     </span>
    </p>
   </div>
   <div class='ocr_carea' id='block_1_48' title="bbox 317 3448 1895 3529">
    <p class='ocr_par' dir='ltr' id='par_1_48' title="bbox 317 3448 1895 3529">
     <span class='ocr_line' id='line_1_48' title="bbox 317 3448 1895 3529; baseline -0.006 -17"><span class='ocrx_word' id='word_1_365' title='bbox 317 3458 598 3529; x_wconf 84' lang='lat' dir='ltr'><strong>episcopo,</strong></span> <span class='ocrx_word' id='word_1_366' title='bbox 636 3465 693 3511; x_wconf 90' lang='lat' dir='ltr'><strong>et</strong></span> <span class='ocrx_word' id='word_1_367' title='bbox 740 3455 811 3510; x_wconf 91' lang='lat' dir='ltr'><strong>ab</strong></span> <span class='ocrx_word' id='word_1_368' title='bbox 841 3455 1034 3509; x_wconf 86' lang='lat' dir='ltr'><strong>eodem</strong></span> <span class='ocrx_word' id='word_1_369' title='bbox 1074 3450 1411 3507; x_wconf 88' lang='lat' dir='ltr'><strong>Montacutio</strong></span> <span class='ocrx_word' id='word_1_370' title='bbox 1438 3463 1562 3504; x_wconf 90' lang='lat' dir='ltr'><strong>cum</strong></span> <span class='ocrx_word' id='word_1_371' title='bbox 1597 3448 1895 3518; x_wconf 91' lang='lat' dir='ltr'><strong>superiori-</strong></span> 
     </span>
    </p>
   </div>
   <div class='ocr_carea' id='block_1_49' title="bbox 315 3539 1895 3606">
    <p class='ocr_par' dir='ltr' id='par_1_49' title="bbox 315 3539 1895 3606">
     <span class='ocr_line' id='line_1_49' title="bbox 315 3539 1895 3606; baseline -0.01 0"><span class='ocrx_word' id='word_1_372' title='bbox 315 3551 420 3606; x_wconf 88' lang='lat' dir='ltr'><strong>bus</strong></span> <span class='ocrx_word' id='word_1_373' title='bbox 450 3549 666 3604; x_wconf 88' lang='lat' dir='ltr'><strong>duobus</strong></span> <span class='ocrx_word' id='word_1_374' title='bbox 698 3547 853 3602; x_wconf 85' lang='lat' dir='ltr'><strong>libris</strong></span> <span class='ocrx_word' id='word_1_375' title='bbox 882 3544 1074 3599; x_wconf 90' lang='lat' dir='ltr'><strong>Latina</strong></span> <span class='ocrx_word' id='word_1_376' title='bbox 1102 3543 1357 3599; x_wconf 83' lang='lat' dir='ltr'><strong>versione</strong></span> <span class='ocrx_word' id='word_1_377' title='bbox 1383 3556 1447 3596; x_wconf 91' lang='lat' dir='ltr'><strong>ac</strong></span> <span class='ocrx_word' id='word_1_378' title='bbox 1475 3540 1624 3595; x_wconf 89' lang='lat' dir='ltr'><strong>notis</strong></span> <span class='ocrx_word' id='word_1_379' title='bbox 1649 3539 1895 3593; x_wconf 87' lang='lat' dir='ltr'><strong>illustra-</strong></span> 
     </span>
    </p>
   </div>
   <div class='ocr_carea' id='block_1_50' title="bbox 316 3630 1894 3705">
    <p class='ocr_par' dir='ltr' id='par_1_50' title="bbox 316 3630 1894 3705">
     <span class='ocr_line' id='line_1_50' title="bbox 316 3630 1894 3705; baseline -0.006 -9"><span class='ocrx_word' id='word_1_380' title='bbox 316 3643 381 3705; x_wconf 84' lang='lat' dir='ltr'><strong>ti,</strong></span> <span class='ocrx_word' id='word_1_381' title='bbox 409 3652 461 3697; x_wconf 90' lang='lat' dir='ltr'><strong>et</strong></span> <span class='ocrx_word' id='word_1_382' title='bbox 492 3641 560 3696; x_wconf 80' lang='lat' dir='ltr'><strong>ad</strong></span> <span class='ocrx_word' id='word_1_383' title='bbox 583 3640 784 3696; x_wconf 82' lang='lat' dir='ltr'><strong>calcem</strong></span> <span class='ocrx_word' id='word_1_384' title='bbox 820 3635 1297 3692; x_wconf 82' lang='lat' dir='ltr'><strong>Demonstrationis</strong></span> <span class='ocrx_word' id='word_1_385' title='bbox 1323 3632 1475 3688; x_wconf 88' lang='lat' dir='ltr'><strong>editi.</strong></span> <span class='ocrx_word' id='word_1_386' title='bbox 1509 3630 1620 3687; x_wconf 84' lang='lat' dir='ltr'><strong>Hos</strong></span> <span class='ocrx_word' id='word_1_387' title='bbox 1651 3632 1894 3701; x_wconf 87' lang='lat' dir='ltr'><strong>quinque</strong></span> 
     </span>
    </p>
   </div>
   <div class='ocr_carea' id='block_1_51' title="bbox 317 3722 1894 3794">
    <p class='ocr_par' dir='ltr' id='par_1_51' title="bbox 317 3722 1894 3794">
     <span class='ocr_line' id='line_1_51' title="bbox 317 3722 1894 3794; baseline -0.008 -6"><span class='ocrx_word' id='word_1_388' title='bbox 317 3734 488 3789; x_wconf 86' lang='lat' dir='ltr'><strong>libros</strong></span> <span class='ocrx_word' id='word_1_389' title='bbox 519 3732 768 3787; x_wconf 84' lang='lat' dir='ltr'><strong>adversus</strong></span> <span class='ocrx_word' id='word_1_390' title='bbox 807 3728 1126 3784; x_wconf 80' lang='lat' dir='ltr'><strong>Marcellum</strong></span> <span class='ocrx_word' id='word_1_391' title='bbox 1160 3725 1409 3781; x_wconf 90' lang='lat' dir='ltr'><strong>Labbeus</strong></span> <span class='ocrx_word' id='word_1_392' title='bbox 1446 3730 1602 3794; x_wconf 87' lang='lat' dir='ltr'><strong>putat</strong></span> <span class='ocrx_word' id='word_1_393' title='bbox 1635 3723 1789 3777; x_wconf 87' lang='lat' dir='ltr'><strong>innui</strong></span> <span class='ocrx_word' id='word_1_394' title='bbox 1825 3722 1894 3776; x_wconf 87' lang='lat' dir='ltr'><strong>ab</strong></span> 
     </span>
    </p>
   </div>
   <div class='ocr_carea' id='block_1_52' title="bbox 318 3815 1893 3899">
    <p class='ocr_par' dir='ltr' id='par_1_52' title="bbox 318 3815 1893 3899">
     <span class='ocr_line' id='line_1_52' title="bbox 318 3815 1893 3899; baseline -0.01 -17"><span class='ocrx_word' id='word_1_395' title='bbox 318 3826 646 3899; x_wconf 86' lang='lat' dir='ltr'><strong>Hieronymo</strong></span> <span class='ocrx_word' id='word_1_396' title='bbox 685 3826 741 3879; x_wconf 90' lang='lat' dir='ltr'><strong>in</strong></span> <span class='ocrx_word' id='word_1_397' title='bbox 783 3822 1060 3893; x_wconf 84' lang='lat' dir='ltr'><strong>Catalogo,</strong></span> <span class='ocrx_word' id='word_1_398' title='bbox 1088 3835 1209 3891; x_wconf 88' lang='lat' dir='ltr'><strong>cap.</strong></span> <span class='ocrx_word' id='word_1_399' title='bbox 1247 3819 1337 3882; x_wconf 88' lang='lat'><strong>81,</strong></span> <span class='ocrx_word' id='word_1_400' title='bbox 1371 3825 1426 3871; x_wconf 92' lang='lat' dir='ltr'><strong>et</strong></span> <span class='ocrx_word' id='word_1_401' title='bbox 1454 3815 1644 3881; x_wconf 91' lang='lat' dir='ltr'><strong>Suida,</strong></span> <span class='ocrx_word' id='word_1_402' title='bbox 1673 3815 1893 3886; x_wconf 86' lang='lat' dir='ltr'><strong>quando</strong></span> 
     </span>
    </p>
   </div>
   <div class='ocr_carea' id='block_1_53' title="bbox 317 3906 1894 3984">
    <p class='ocr_par' dir='ltr' id='par_1_53' title="bbox 317 3906 1894 3984">
     <span class='ocr_line' id='line_1_53' title="bbox 317 3906 1894 3984; baseline -0.008 -11"><span class='ocrx_word' id='word_1_403' title='bbox 317 3921 463 3974; x_wconf 85' lang='lat' dir='ltr'><strong>inter</strong></span> <span class='ocrx_word' id='word_1_404' title='bbox 496 3917 715 3973; x_wconf 87' lang='lat' dir='ltr'><strong>Eusebii</strong></span> <span class='ocrx_word' id='word_1_405' title='bbox 745 3916 947 3984; x_wconf 84' lang='lat' dir='ltr'><strong>scripta</strong></span> <span class='ocrx_word' id='word_1_406' title='bbox 973 3923 1237 3969; x_wconf 81' lang='lat' dir='ltr'><strong>memorat</strong></span> <span class='ocrx_word' id='word_1_407' title='bbox 1279 3910 1448 3964; x_wconf 89' lang='lat' dir='ltr'><strong>libros</strong></span> <span class='ocrx_word' id='word_1_408' title='bbox 1477 3908 1719 3979; x_wconf 89' lang='lat' dir='ltr'><strong>quinque</strong></span> <span class='ocrx_word' id='word_1_409' title='bbox 1751 3906 1894 3975; x_wconf 76' lang='grc' dir='ltr'><strong>Περὶ</strong></span> 
     </span>
    </p>
   </div>
   <div class='ocr_carea' id='block_1_54' title="bbox 318 4000 1894 4081">
    <p class='ocr_par' dir='ltr' id='par_1_54' title="bbox 318 4000 1894 4081">
     <span class='ocr_line' id='line_1_54' title="bbox 318 4000 1894 4081; baseline -0.008 -13"><span class='ocrx_word' id='word_1_410' title='bbox 318 4011 678 4081; x_wconf 77' lang='grc' dir='ltr'><strong>Θεοφανείας</strong></span> <span class='ocrx_word' id='word_1_411' title='bbox 702 4007 799 4081; x_wconf 90' lang='lat' dir='ltr'><strong>(a).</strong></span> <span class='ocrx_word' id='word_1_412' title='bbox 844 4006 1075 4063; x_wconf 76' lang='lat' dir='ltr'><strong>Videtur</strong></span> <span class='ocrx_word' id='word_1_413' title='bbox 1119 4006 1265 4060; x_wconf 87' lang='lat' dir='ltr'><strong>enim</strong></span> <span class='ocrx_word' id='word_1_414' title='bbox 1320 4004 1425 4058; x_wconf 90' lang='lat' dir='ltr'><strong>hoc</strong></span> <span class='ocrx_word' id='word_1_415' title='bbox 1478 4001 1623 4056; x_wconf 88' lang='lat' dir='ltr'><strong>idem</strong></span> <span class='ocrx_word' id='word_1_416' title='bbox 1658 4000 1736 4055; x_wconf 84' lang='lat' dir='ltr'><strong>illi</strong></span> <span class='ocrx_word' id='word_1_417' title='bbox 1769 4014 1894 4056; x_wconf 85' lang='lat' dir='ltr'><strong>esse</strong></span> 
     </span>
    </p>
   </div>
   <div class='ocr_carea' id='block_1_55' title="bbox 323 4089 1888 4178">
    <p class='ocr_par' dir='ltr' id='par_1_55' title="bbox 323 4089 1888 4178">
     <span class='ocr_line' id='line_1_55' title="bbox 323 4089 1888 4178; baseline -0.01 -16"><span class='ocrx_word' id='word_1_418' title='bbox 323 4107 462 4178; x_wconf 58' lang='lat' dir='ltr'><strong>quod</strong></span> <span class='ocrx_word' id='word_1_419' title='bbox 492 4104 830 4174; x_wconf 74' lang='grc' dir='ltr'><strong>Θεολογίας.</strong></span> <span class='ocrx_word' id='word_1_420' title='bbox 865 4100 968 4157; x_wconf 90' lang='lat' dir='ltr'><strong>Sed</strong></span> <span class='ocrx_word' id='word_1_421' title='bbox 1000 4100 1053 4155; x_wconf 89' lang='lat' dir='ltr'><strong>id</strong></span> <span class='ocrx_word' id='word_1_422' title='bbox 1079 4089 1340 4169; x_wconf 83' lang='lat' dir='ltr'><strong>tanquam</strong></span> <span class='ocrx_word' id='word_1_423' title='bbox 1370 4097 1640 4151; x_wconf 87' lang='lat' dir='ltr'><strong>incertum</strong></span> <span class='ocrx_word' id='word_1_424' title='bbox 1674 4093 1888 4160; x_wconf 87' lang='lat' dir='ltr'><strong>omitto,</strong></span> 
     </span>
    </p>
   </div>
   <div class='ocr_carea' id='block_1_56' title="bbox 324 4185 1893 4266">
    <p class='ocr_par' dir='ltr' id='par_1_56' title="bbox 324 4185 1893 4266">
     <span class='ocr_line' id='line_1_56' title="bbox 324 4185 1893 4266; baseline -0.011 -10"><span class='ocrx_word' id='word_1_425' title='bbox 324 4215 440 4256; x_wconf 66' lang='lat' dir='ltr'><strong>sum</strong></span> <span class='ocrx_word' id='word_1_426' title='bbox 467 4197 654 4255; x_wconf 85' lang='lat' dir='ltr'><strong>Hebed</strong></span> <span class='ocrx_word' id='word_1_427' title='bbox 676 4196 807 4252; x_wconf 86' lang='lat' dir='ltr'><strong>Jesu</strong></span> <span class='ocrx_word' id='word_1_428' title='bbox 833 4210 1052 4266; x_wconf 89' lang='lat' dir='ltr'><strong>quoque</strong></span> <span class='ocrx_word' id='word_1_429' title='bbox 1076 4194 1130 4246; x_wconf 89' lang='lat' dir='ltr'><strong>in</strong></span> <span class='ocrx_word' id='word_1_430' title='bbox 1151 4190 1412 4260; x_wconf 87' lang='lat' dir='ltr'><strong>Catalogo</strong></span> <span class='ocrx_word' id='word_1_431' title='bbox 1442 4188 1708 4242; x_wconf 91' lang='lat' dir='ltr'><strong>librorum</strong></span> <span class='ocrx_word' id='word_1_432' title='bbox 1736 4185 1893 4241; x_wconf 89' lang='lat' dir='ltr'><strong>Chal-</strong></span> 
     </span>
    </p>
   </div>
   <div class='ocr_carea' id='block_1_57' title="bbox 315 4279 1887 4348">
    <p class='ocr_par' dir='ltr' id='par_1_57' title="bbox 315 4279 1887 4348">
     <span class='ocr_line' id='line_1_57' title="bbox 315 4279 1887 4348; baseline -0.01 0"><span class='ocrx_word' id='word_1_433' title='bbox 315 4294 597 4348; x_wconf 90' lang='lat' dir='ltr'><strong>daicorum</strong></span> <span class='ocrx_word' id='word_1_434' title='bbox 640 4296 907 4347; x_wconf 89' lang='lat' dir='ltr'><strong>memoret</strong></span> <span class='ocrx_word' id='word_1_435' title='bbox 944 4285 1167 4342; x_wconf 85' lang='lat' dir='ltr'><strong>Eusebii</strong></span> <span class='ocrx_word' id='word_1_436' title='bbox 1197 4284 1402 4338; x_wconf 88' lang='lat' dir='ltr'><strong>librum</strong></span> <span class='ocrx_word' id='word_1_437' title='bbox 1434 4280 1508 4336; x_wconf 89' lang='lat' dir='ltr'><strong>De</strong></span> <span class='ocrx_word' id='word_1_438' title='bbox 1539 4289 1658 4333; x_wconf 85' lang='lat' dir='ltr'><strong>ortu</strong></span> <span class='ocrx_word' id='word_1_439' title='bbox 1689 4279 1887 4333; x_wconf 84' lang='lat' dir='ltr'><strong>divino.</strong></span> 
     </span>
    </p>
   </div>
   <div class='ocr_carea' id='block_1_58' title="bbox 317 4368 1892 4443">
    <p class='ocr_par' dir='ltr' id='par_1_58' title="bbox 317 4368 1892 4443">
     <span class='ocr_line' id='line_1_58' title="bbox 317 4368 1892 4443; baseline -0.011 -4"><span class='ocrx_word' id='word_1_440' title='bbox 317 4385 508 4439; x_wconf 88' lang='lat' dir='ltr'><strong>Libros</strong></span> <span class='ocrx_word' id='word_1_441' title='bbox 569 4390 680 4437; x_wconf 91' lang='lat' dir='ltr'><strong>tres</strong></span> <span class='ocrx_word' id='word_1_442' title='bbox 739 4377 1132 4436; x_wconf 65' lang='lat' dir='ltr'><strong>ecclesiasticae</strong></span> <span class='ocrx_word' id='word_1_443' title='bbox 1179 4373 1464 4443; x_wconf 68' lang='lat' dir='ltr'><strong>theologia:</strong></span> <span class='ocrx_word' id='word_1_444' title='bbox 1516 4386 1652 4426; x_wconf 91' lang='lat' dir='ltr'><strong>mss.</strong></span> <span class='ocrx_word' id='word_1_445' title='bbox 1698 4368 1892 4423; x_wconf 90' lang='lat' dir='ltr'><strong>habuit</strong></span> 
     </span>
    </p>
   </div>
   <div class='ocr_carea' id='block_1_59' title="bbox 316 4461 1888 4544">
    <p class='ocr_par' dir='ltr' id='par_1_59' title="bbox 316 4461 1888 4544">
     <span class='ocr_line' id='line_1_59' title="bbox 316 4461 1888 4544; baseline -0.01 -14"><span class='ocrx_word' id='word_1_446' title='bbox 316 4475 536 4540; x_wconf 87' lang='lat' dir='ltr'><strong>Galeus,</strong></span> <span class='ocrx_word' id='word_1_447' title='bbox 565 4473 822 4544; x_wconf 88' lang='lat' dir='ltr'><strong>ascriptis</strong></span> <span class='ocrx_word' id='word_1_448' title='bbox 852 4472 1013 4528; x_wconf 88' lang='lat' dir='ltr'><strong>etiam</strong></span> <span class='ocrx_word' id='word_1_449' title='bbox 1036 4485 1101 4525; x_wconf 83' lang='lat' dir='ltr'><strong>ex</strong></span> <span class='ocrx_word' id='word_1_450' title='bbox 1136 4468 1244 4523; x_wconf 92' lang='lat' dir='ltr'><strong>alio</strong></span> <span class='ocrx_word' id='word_1_451' title='bbox 1270 4465 1460 4522; x_wconf 87' lang='lat' dir='ltr'><strong>codice</strong></span> <span class='ocrx_word' id='word_1_452' title='bbox 1485 4461 1888 4518; x_wconf 87' lang='lat' dir='ltr'><strong>emendationi-</strong></span> 
     </span>
    </p>
   </div>
   <div class='ocr_carea' id='block_1_60' title="bbox 2002 1963 3586 2036">
    <p class='ocr_par' dir='ltr' id='par_1_60' title="bbox 2002 1963 3586 2036">
     <span class='ocr_line' id='line_1_60' title="bbox 2002 1963 3586 2036; baseline 0 -15"><span class='ocrx_word' id='word_1_453' title='bbox 2002 1967 2246 2033; x_wconf 90' lang='lat' dir='ltr'><strong>Eusebii,</strong></span> <span class='ocrx_word' id='word_1_454' title='bbox 2279 1967 2374 2024; x_wconf 90' lang='lat' dir='ltr'><strong>sed</strong></span> <span class='ocrx_word' id='word_1_455' title='bbox 2414 1965 2603 2020; x_wconf 87' lang='lat' dir='ltr'><strong>Ariani</strong></span> <span class='ocrx_word' id='word_1_456' title='bbox 2632 1965 2919 2035; x_wconf 88' lang='lat' dir='ltr'><strong>cujusdam</strong></span> <span class='ocrx_word' id='word_1_457' title='bbox 2958 1963 3151 2019; x_wconf 85' lang='lat' dir='ltr'><strong>fraude</strong></span> <span class='ocrx_word' id='word_1_458' title='bbox 3179 1964 3407 2028; x_wconf 84' lang='lat' dir='ltr'><strong>inserta,</strong></span> <span class='ocrx_word' id='word_1_459' title='bbox 3437 1966 3586 2036; x_wconf 81' lang='lat' dir='ltr'><strong>quod</strong></span> 
     </span>
    </p>
   </div>
   <div class='ocr_carea' id='block_1_61' title="bbox 2001 2057 3584 2131">
    <p class='ocr_par' dir='ltr' id='par_1_61' title="bbox 2001 2057 3584 2131">
     <span class='ocr_line' id='line_1_61' title="bbox 2001 2057 3584 2131; baseline 0.001 -17"><span class='ocrx_word' id='word_1_460' title='bbox 2001 2061 2164 2115; x_wconf 86' lang='lat' dir='ltr'><strong>etiam</strong></span> <span class='ocrx_word' id='word_1_461' title='bbox 2213 2060 2577 2116; x_wconf 77' lang='lat' dir='ltr'><strong>aﬂirmaverat</strong></span> <span class='ocrx_word' id='word_1_462' title='bbox 2622 2059 2679 2113; x_wconf 88' lang='lat' dir='ltr'><strong>in</strong></span> <span class='ocrx_word' id='word_1_463' title='bbox 2732 2057 2872 2112; x_wconf 88' lang='lat' dir='ltr'><strong>Diss.</strong></span> <span class='ocrx_word' id='word_1_464' title='bbox 2929 2074 3024 2127; x_wconf 90' lang='lat' dir='ltr'><strong>pro</strong></span> <span class='ocrx_word' id='word_1_465' title='bbox 3075 2057 3303 2113; x_wconf 79' lang='lat' dir='ltr'><strong>Eusebio</strong></span> <span class='ocrx_word' id='word_1_466' title='bbox 3351 2076 3474 2131; x_wconf 83' lang='lat' dir='ltr'><strong>pag.</strong></span> <span class='ocrx_word' id='word_1_467' title='bbox 3516 2061 3584 2116; x_wconf 70' lang='grc'>47</span> 
     </span>
    </p>
   </div>
   <div class='ocr_carea' id='block_1_62' title="bbox 2000 2151 2373 2208">
    <p class='ocr_par' dir='ltr' id='par_1_62' title="bbox 2000 2151 2373 2208">
     <span class='ocr_line' id='line_1_62' title="bbox 2000 2151 2373 2208; baseline 0 -1"><span class='ocrx_word' id='word_1_468' title='bbox 2000 2152 2135 2207; x_wconf 92' lang='lat' dir='ltr'><strong>edit.</strong></span> <span class='ocrx_word' id='word_1_469' title='bbox 2170 2151 2373 2208; x_wconf 86' lang='lat' dir='ltr'><strong>Genev.</strong></span> 
     </span>
    </p>
   </div>
   <div class='ocr_carea' id='block_1_63' title="bbox 2070 2243 3583 2318">
    <p class='ocr_par' dir='ltr' id='par_1_63' title="bbox 2070 2243 3583 2318">
     <span class='ocr_line' id='line_1_63' title="bbox 2070 2243 3583 2318; baseline 0.001 -21"><span class='ocrx_word' id='word_1_470' title='bbox 2070 2243 2163 2300; x_wconf 85' lang='lat' dir='ltr'><strong>1X.</strong></span> <span class='ocrx_word' id='word_1_471' title='bbox 2198 2246 2333 2317; x_wconf 71' lang='grc' dir='ltr'><strong>Περὶ</strong></span> <span class='ocrx_word' id='word_1_472' title='bbox 2355 2244 2467 2297; x_wconf 83' lang='grc' dir='ltr'>τῶν</span> <span class='ocrx_word' id='word_1_473' title='bbox 2490 2243 2729 2298; x_wconf 86' lang='grc' dir='ltr'>τοπικῶν</span> <span class='ocrx_word' id='word_1_474' title='bbox 2748 2244 3027 2314; x_wconf 77' lang='grc' dir='ltr'><strong>ὀνομάτων</strong></span> <span class='ocrx_word' id='word_1_475' title='bbox 3053 2246 3112 2299; x_wconf 80' lang='grc' dir='ltr'>ὲν</span> <span class='ocrx_word' id='word_1_476' title='bbox 3130 2247 3197 2316; x_wconf 81' lang='grc' dir='ltr'><strong>τῇ</strong></span> <span class='ocrx_word' id='word_1_477' title='bbox 3224 2243 3347 2316; x_wconf 79' lang='grc' dir='ltr'>θείᾳ</span> <span class='ocrx_word' id='word_1_478' title='bbox 3368 2246 3583 2318; x_wconf 80' lang='grc' dir='ltr'>Γραφῇ,</span> 
     </span>
    </p>
   </div>
   <div class='ocr_carea' id='block_1_64' title="bbox 2000 2334 3587 2410">
    <p class='ocr_par' dir='ltr' id='par_1_64' title="bbox 2000 2334 3587 2410">
     <span class='ocr_line' id='line_1_64' title="bbox 2000 2334 3587 2410; baseline 0.002 -20"><span class='ocrx_word' id='word_1_479' title='bbox 2000 2336 2077 2391; x_wconf 89' lang='lat' dir='ltr'><strong>De</strong></span> <span class='ocrx_word' id='word_1_480' title='bbox 2112 2337 2242 2391; x_wconf 85' lang='lat' dir='ltr'><strong>locis</strong></span> <span class='ocrx_word' id='word_1_481' title='bbox 2282 2336 2582 2391; x_wconf 82' lang='lat' dir='ltr'><strong>Hebraicis.</strong></span> <span class='ocrx_word' id='word_1_482' title='bbox 2615 2334 2778 2391; x_wconf 91' lang='lat' dir='ltr'><strong>Liber</strong></span> <span class='ocrx_word' id='word_1_483' title='bbox 2798 2335 2890 2392; x_wconf 90' lang='lat' dir='ltr'><strong>ille</strong></span> <span class='ocrx_word' id='word_1_484' title='bbox 2917 2342 3002 2390; x_wconf 90' lang='lat' dir='ltr'><strong>est</strong></span> <span class='ocrx_word' id='word_1_485' title='bbox 3035 2337 3330 2404; x_wconf 81' lang='lat' dir='ltr'><strong>explicatio</strong></span> <span class='ocrx_word' id='word_1_486' title='bbox 3359 2353 3587 2410; x_wconf 84' lang='lat' dir='ltr'><strong>geogra-</strong></span> 
     </span>
    </p>
   </div>
   <div class='ocr_carea' id='block_1_65' title="bbox 1998 2427 3587 2500">
    <p class='ocr_par' dir='ltr' id='par_1_65' title="bbox 1998 2427 3587 2500">
     <span class='ocr_line' id='line_1_65' title="bbox 1998 2427 3587 2500; baseline 0.001 -17"><span class='ocrx_word' id='word_1_487' title='bbox 1998 2430 2158 2500; x_wconf 89' lang='lat' dir='ltr'><strong>phica</strong></span> <span class='ocrx_word' id='word_1_488' title='bbox 2193 2430 2437 2484; x_wconf 88' lang='lat' dir='ltr'><strong>omnium</strong></span> <span class='ocrx_word' id='word_1_489' title='bbox 2481 2427 2790 2498; x_wconf 86' lang='lat' dir='ltr'><strong>regionum,</strong></span> <span class='ocrx_word' id='word_1_490' title='bbox 2836 2428 3057 2482; x_wconf 89' lang='lat' dir='ltr'><strong>urbium</strong></span> <span class='ocrx_word' id='word_1_491' title='bbox 3088 2435 3143 2483; x_wconf 94' lang='lat' dir='ltr'><strong>et</strong></span> <span class='ocrx_word' id='word_1_492' title='bbox 3173 2430 3418 2484; x_wconf 89' lang='lat' dir='ltr'><strong>locorum</strong></span> <span class='ocrx_word' id='word_1_493' title='bbox 3447 2445 3587 2499; x_wconf 84' lang='lat' dir='ltr'><strong>quo-</strong></span> 
     </span>
    </p>
   </div>
   <div class='ocr_carea' id='block_1_66' title="bbox 1999 2518 3582 2586">
    <p class='ocr_par' dir='ltr' id='par_1_66' title="bbox 1999 2518 3582 2586">
     <span class='ocr_line' id='line_1_66' title="bbox 1999 2518 3582 2586; baseline 0 -12"><span class='ocrx_word' id='word_1_494' title='bbox 1999 2537 2121 2576; x_wconf 87' lang='lat' dir='ltr'><strong>rum</strong></span> <span class='ocrx_word' id='word_1_495' title='bbox 2163 2520 2370 2574; x_wconf 89' lang='lat' dir='ltr'><strong>mentio</strong></span> <span class='ocrx_word' id='word_1_496' title='bbox 2405 2519 2637 2574; x_wconf 88' lang='lat' dir='ltr'><strong>habetur</strong></span> <span class='ocrx_word' id='word_1_497' title='bbox 2679 2520 2735 2573; x_wconf 90' lang='lat' dir='ltr'><strong>in</strong></span> <span class='ocrx_word' id='word_1_498' title='bbox 2778 2518 2935 2575; x_wconf 88' lang='lat' dir='ltr'><strong>libris</strong></span> <span class='ocrx_word' id='word_1_499' title='bbox 2976 2518 3187 2575; x_wconf 82' lang='lat' dir='ltr'><strong>Veteris</strong></span> <span class='ocrx_word' id='word_1_500' title='bbox 3223 2518 3582 2586; x_wconf 84' lang='lat' dir='ltr'><strong>Testamcnti,</strong></span> 
     </span>
    </p>
   </div>
   <div class='ocr_carea' id='block_1_67' title="bbox 1999 2610 3587 2682">
    <p class='ocr_par' dir='ltr' id='par_1_67' title="bbox 1999 2610 3587 2682">
     <span class='ocr_line' id='line_1_67' title="bbox 1999 2610 3587 2682; baseline -0.001 -15"><span class='ocrx_word' id='word_1_501' title='bbox 1999 2614 2073 2667; x_wconf 90' lang='lat' dir='ltr'><strong>ita</strong></span> <span class='ocrx_word' id='word_1_502' title='bbox 2104 2620 2162 2667; x_wconf 93' lang='lat' dir='ltr'><strong>ut</strong></span> <span class='ocrx_word' id='word_1_503' title='bbox 2195 2614 2421 2668; x_wconf 88' lang='lat' dir='ltr'><strong>nomina</strong></span> <span class='ocrx_word' id='word_1_504' title='bbox 2460 2613 2704 2666; x_wconf 89' lang='lat' dir='ltr'><strong>locorum</strong></span> <span class='ocrx_word' id='word_1_505' title='bbox 2737 2626 2860 2682; x_wconf 84' lang='lat' dir='ltr'><strong>quae</strong></span> <span class='ocrx_word' id='word_1_506' title='bbox 2893 2610 3163 2667; x_wconf 70' lang='lat' dir='ltr'><strong>Hebraica</strong></span> <span class='ocrx_word' id='word_1_507' title='bbox 3203 2612 3258 2666; x_wconf 91' lang='lat' dir='ltr'><strong>in</strong></span> <span class='ocrx_word' id='word_1_508' title='bbox 3292 2612 3467 2668; x_wconf 88' lang='lat' dir='ltr'><strong>sacris</strong></span> <span class='ocrx_word' id='word_1_509' title='bbox 3497 2613 3587 2667; x_wconf 85' lang='lat' dir='ltr'><strong>lit-</strong></span> 
     </span>
    </p>
   </div>
   <div class='ocr_carea' id='block_1_68' title="bbox 2000 2703 3586 2774">
    <p class='ocr_par' dir='ltr' id='par_1_68' title="bbox 2000 2703 3586 2774">
     <span class='ocr_line' id='line_1_68' title="bbox 2000 2703 3586 2774; baseline 0 -15"><span class='ocrx_word' id='word_1_510' title='bbox 2000 2706 2133 2761; x_wconf 90' lang='lat' dir='ltr'><strong>teris</strong></span> <span class='ocrx_word' id='word_1_511' title='bbox 2165 2710 2486 2767; x_wconf 86' lang='lat' dir='ltr'><strong>occurrunt,</strong></span> <span class='ocrx_word' id='word_1_512' title='bbox 2522 2704 2717 2759; x_wconf 90' lang='lat' dir='ltr'><strong>ordine</strong></span> <span class='ocrx_word' id='word_1_513' title='bbox 2748 2703 3026 2774; x_wconf 87' lang='lat' dir='ltr'><strong>alphabeti</strong></span> <span class='ocrx_word' id='word_1_514' title='bbox 3060 2711 3387 2773; x_wconf 86' lang='lat' dir='ltr'><strong>persecutus</strong></span> <span class='ocrx_word' id='word_1_515' title='bbox 3412 2703 3586 2759; x_wconf 85' lang='lat' dir='ltr'><strong>Euse-</strong></span> 
     </span>
    </p>
   </div>
   <div class='ocr_carea' id='block_1_69' title="bbox 1998 2796 3586 2870">
    <p class='ocr_par' dir='ltr' id='par_1_69' title="bbox 1998 2796 3586 2870">
     <span class='ocr_line' id='line_1_69' title="bbox 1998 2796 3586 2870; baseline 0 -15"><span class='ocrx_word' id='word_1_516' title='bbox 1998 2800 2143 2863; x_wconf 91' lang='lat' dir='ltr'><strong>bius,</strong></span> <span class='ocrx_word' id='word_1_517' title='bbox 2201 2799 2541 2870; x_wconf 86' lang='lat' dir='ltr'><strong>singulorum</strong></span> <span class='ocrx_word' id='word_1_518' title='bbox 2599 2798 2847 2852; x_wconf 90' lang='lat' dir='ltr'><strong>locorum</strong></span> <span class='ocrx_word' id='word_1_519' title='bbox 2899 2797 3063 2851; x_wconf 88' lang='lat' dir='ltr'><strong>situm</strong></span> <span class='ocrx_word' id='word_1_520' title='bbox 3118 2796 3473 2863; x_wconf 66' lang='lat' dir='ltr'><strong>describeret,</strong></span> <span class='ocrx_word' id='word_1_521' title='bbox 3528 2807 3586 2855; x_wconf 72' lang='lat' dir='ltr'><strong>et</strong></span> 
     </span>
    </p>
   </div>
   <div class='ocr_carea' id='block_1_70' title="bbox 1998 2889 3585 2962">
    <p class='ocr_par' dir='ltr' id='par_1_70' title="bbox 1998 2889 3585 2962">
     <span class='ocr_line' id='line_1_70' title="bbox 1998 2889 3585 2962; baseline -0.001 -15"><span class='ocrx_word' id='word_1_522' title='bbox 1998 2890 2273 2962; x_wconf 87' lang='lat' dir='ltr'><strong>quomodo</strong></span> <span class='ocrx_word' id='word_1_523' title='bbox 2306 2898 2590 2947; x_wconf 72' lang='lat' dir='ltr'><strong>suaaetate</strong></span> <span class='ocrx_word' id='word_1_524' title='bbox 2622 2890 3052 2960; x_wconf 87' lang='lat' dir='ltr'><strong>appellarentur,</strong></span> <span class='ocrx_word' id='word_1_525' title='bbox 3089 2889 3383 2945; x_wconf 90' lang='lat' dir='ltr'><strong>indicaret.</strong></span> <span class='ocrx_word' id='word_1_526' title='bbox 3411 2889 3466 2945; x_wconf 93' lang='lat' dir='ltr'><strong>ln</strong></span> <span class='ocrx_word' id='word_1_527' title='bbox 3498 2909 3585 2946; x_wconf 85' lang='lat' dir='ltr'><strong>ca-</strong></span> 
     </span>
    </p>
   </div>
   <div class='ocr_carea' id='block_1_71' title="bbox 1996 2980 3588 3054">
    <p class='ocr_par' dir='ltr' id='par_1_71' title="bbox 1996 2980 3588 3054">
     <span class='ocr_line' id='line_1_71' title="bbox 1996 2980 3588 3054; baseline -0.001 -16"><span class='ocrx_word' id='word_1_528' title='bbox 1996 2985 2179 3054; x_wconf 81' lang='lat' dir='ltr'><strong>talogo</strong></span> <span class='ocrx_word' id='word_1_529' title='bbox 2206 2998 2341 3038; x_wconf 88' lang='lat' dir='ltr'><strong>mss.</strong></span> <span class='ocrx_word' id='word_1_530' title='bbox 2372 2980 2544 3036; x_wconf 89' lang='lat' dir='ltr'><strong>lsaaci</strong></span> <span class='ocrx_word' id='word_1_531' title='bbox 2576 2980 2784 3047; x_wconf 86' lang='lat' dir='ltr'><strong>Vossii,</strong></span> <span class='ocrx_word' id='word_1_532' title='bbox 2817 2997 2969 3035; x_wconf 92' lang='lat' dir='ltr'><strong>num.</strong></span> <span class='ocrx_word' id='word_1_533' title='bbox 2999 2981 3087 3045; x_wconf 89' lang='grc'><strong>10,</strong></span> <span class='ocrx_word' id='word_1_534' title='bbox 3113 2994 3447 3037; x_wconf 85' lang='lat' dir='ltr'><strong>memoratur</strong></span> <span class='ocrx_word' id='word_1_535' title='bbox 3477 2983 3588 3037; x_wconf 88' lang='lat' dir='ltr'><strong>Eu-</strong></span> 
     </span>
    </p>
   </div>
   <div class='ocr_carea' id='block_1_72' title="bbox 1996 3072 3579 3146">
    <p class='ocr_par' dir='ltr' id='par_1_72' title="bbox 1996 3072 3579 3146">
     <span class='ocr_line' id='line_1_72' title="bbox 1996 3072 3579 3146; baseline -0.003 -14"><span class='ocrx_word' id='word_1_536' title='bbox 1996 3078 2182 3131; x_wconf 81' lang='lat' dir='ltr'><strong>sebius</strong></span> <span class='ocrx_word' id='word_1_537' title='bbox 2211 3073 2290 3128; x_wconf 90' lang='lat' dir='ltr'><strong>De</strong></span> <span class='ocrx_word' id='word_1_538' title='bbox 2326 3075 2452 3126; x_wconf 86' lang='lat' dir='ltr'><strong>locis</strong></span> <span class='ocrx_word' id='word_1_539' title='bbox 2488 3074 2654 3127; x_wconf 77' lang='lat' dir='ltr'><strong>sacris</strong></span> <span class='ocrx_word' id='word_1_540' title='bbox 2690 3087 2813 3127; x_wconf 92' lang='lat' dir='ltr'><strong>cum</strong></span> <span class='ocrx_word' id='word_1_541' title='bbox 2849 3074 3198 3142; x_wconf 83' lang='lat' dir='ltr'><strong>expositione</strong></span> <span class='ocrx_word' id='word_1_542' title='bbox 3233 3072 3579 3146; x_wconf 83' lang='lat' dir='ltr'><strong>Hieronymi,</strong></span> 
     </span>
    </p>
   </div>
   <div class='ocr_carea' id='block_1_73' title="bbox 1999 3163 3586 3235">
    <p class='ocr_par' dir='ltr' id='par_1_73' title="bbox 1999 3163 3586 3235">
     <span class='ocr_line' id='line_1_73' title="bbox 1999 3163 3586 3235; baseline 0.001 -15"><span class='ocrx_word' id='word_1_543' title='bbox 1999 3173 2053 3221; x_wconf 92' lang='lat' dir='ltr'><strong>et</strong></span> <span class='ocrx_word' id='word_1_544' title='bbox 2082 3165 2319 3235; x_wconf 87' lang='lat' dir='ltr'><strong>copiosis</strong></span> <span class='ocrx_word' id='word_1_545' title='bbox 2342 3163 2487 3218; x_wconf 85' lang='lat' dir='ltr'><strong>Petri</strong></span> <span class='ocrx_word' id='word_1_546' title='bbox 2514 3165 2680 3219; x_wconf 87' lang='lat' dir='ltr'><strong>Bertii</strong></span> <span class='ocrx_word' id='word_1_547' title='bbox 2723 3164 3155 3228; x_wconf 89' lang='lat' dir='ltr'><strong>commentariis,</strong></span> <span class='ocrx_word' id='word_1_548' title='bbox 3189 3164 3455 3221; x_wconf 65' lang='lat' dir='ltr'><strong>hactenus</strong></span> <span class='ocrx_word' id='word_1_549' title='bbox 3499 3169 3586 3221; x_wconf 83' lang='lat' dir='ltr'><strong>in-</strong></span> 
     </span>
    </p>
   </div>
   <div class='ocr_carea' id='block_1_74' title="bbox 1998 3250 3582 3323">
    <p class='ocr_par' dir='ltr' id='par_1_74' title="bbox 1998 3250 3582 3323">
     <span class='ocr_line' id='line_1_74' title="bbox 1998 3250 3582 3323; baseline -0.001 -14"><span class='ocrx_word' id='word_1_550' title='bbox 1998 3255 2180 3309; x_wconf 75' lang='lat' dir='ltr'><strong>editis.</strong></span> <span class='ocrx_word' id='word_1_551' title='bbox 2224 3253 2508 3322; x_wconf 85' lang='lat' dir='ltr'><strong>Inscripsit</strong></span> <span class='ocrx_word' id='word_1_552' title='bbox 2551 3252 2696 3305; x_wconf 88' lang='lat' dir='ltr'><strong>hunc</strong></span> <span class='ocrx_word' id='word_1_553' title='bbox 2737 3250 2978 3304; x_wconf 88' lang='lat' dir='ltr'><strong>libellum</strong></span> <span class='ocrx_word' id='word_1_554' title='bbox 3022 3251 3290 3307; x_wconf 84' lang='lat' dir='ltr'><strong>Eusebius</strong></span> <span class='ocrx_word' id='word_1_555' title='bbox 3330 3251 3582 3323; x_wconf 75' lang='lat' dir='ltr'><strong>Paulino,</strong></span> 
     </span>
    </p>
   </div>
   <div class='ocr_carea' id='block_1_75' title="bbox 1998 3343 3581 3417">
    <p class='ocr_par' dir='ltr' id='par_1_75' title="bbox 1998 3343 3581 3417">
     <span class='ocr_line' id='line_1_75' title="bbox 1998 3343 3581 3417; baseline 0.002 -17"><span class='ocrx_word' id='word_1_556' title='bbox 1998 3346 2128 3417; x_wconf 89' lang='lat' dir='ltr'><strong>Tyri</strong></span> <span class='ocrx_word' id='word_1_557' title='bbox 2176 3345 2455 3416; x_wconf 88' lang='lat' dir='ltr'><strong>episcopo,</strong></span> <span class='ocrx_word' id='word_1_558' title='bbox 2492 3359 2654 3412; x_wconf 90' lang='lat' dir='ltr'><strong>quem</strong></span> <span class='ocrx_word' id='word_1_559' title='bbox 2706 3343 2848 3414; x_wconf 79' lang='grc' dir='ltr'>ἱερὸν</span> <span class='ocrx_word' id='word_1_560' title='bbox 2891 3343 3026 3397; x_wconf 80' lang='grc' dir='ltr'><strong>Θεοῦ</strong></span> <span class='ocrx_word' id='word_1_561' title='bbox 3067 3344 3354 3416; x_wconf 79' lang='grc' dir='ltr'>ἄνθρωπον</span> <span class='ocrx_word' id='word_1_562' title='bbox 3396 3359 3581 3412; x_wconf 88' lang='lat' dir='ltr'><strong>vocat,</strong></span> 
     </span>
    </p>
   </div>
   <div class='ocr_carea' id='block_1_76' title="bbox 1993 3432 3583 3505">
    <p class='ocr_par' dir='ltr' id='par_1_76' title="bbox 1993 3432 3583 3505">
     <span class='ocr_line' id='line_1_76' title="bbox 1993 3432 3583 3505; baseline 0 -13"><span class='ocrx_word' id='word_1_563' title='bbox 1993 3439 2173 3492; x_wconf 90' lang='lat' dir='ltr'><strong>eidem</strong></span> <span class='ocrx_word' id='word_1_564' title='bbox 2209 3451 2428 3505; x_wconf 80' lang='lat' dir='ltr'><strong>nempe,</strong></span> <span class='ocrx_word' id='word_1_565' title='bbox 2474 3434 2564 3489; x_wconf 91' lang='lat' dir='ltr'><strong>cui</strong></span> <span class='ocrx_word' id='word_1_566' title='bbox 2605 3433 2878 3488; x_wconf 90' lang='lat' dir='ltr'><strong>decimum</strong></span> <span class='ocrx_word' id='word_1_567' title='bbox 2917 3432 3175 3489; x_wconf 75' lang='lat' dir='ltr'><strong>Historia:</strong></span> <span class='ocrx_word' id='word_1_568' title='bbox 3211 3434 3583 3492; x_wconf 73' lang='lat' dir='ltr'><strong>ecclesiastica:</strong></span> 
     </span>
    </p>
   </div>
   <div class='ocr_carea' id='block_1_77' title="bbox 1996 3524 3575 3599">
    <p class='ocr_par' dir='ltr' id='par_1_77' title="bbox 1996 3524 3575 3599">
     <span class='ocr_line' id='line_1_77' title="bbox 1996 3524 3575 3599; baseline 0.002 -18"><span class='ocrx_word' id='word_1_569' title='bbox 1996 3530 2193 3584; x_wconf 89' lang='lat' dir='ltr'><strong>librum</strong></span> <span class='ocrx_word' id='word_1_570' title='bbox 2228 3527 2592 3583; x_wconf 89' lang='lat' dir='ltr'><strong>consecravit.</strong></span> <span class='ocrx_word' id='word_1_571' title='bbox 2624 3524 2896 3580; x_wconf 64' lang='lat' dir='ltr'><strong>Craterum</strong></span> <span class='ocrx_word' id='word_1_572' title='bbox 2916 3533 2970 3580; x_wconf 90' lang='lat' dir='ltr'><strong>et</strong></span> <span class='ocrx_word' id='word_1_573' title='bbox 3001 3524 3386 3598; x_wconf 88' lang='lat' dir='ltr'><strong>Hieronymus,</strong></span> <span class='ocrx_word' id='word_1_574' title='bbox 3414 3531 3575 3599; x_wconf 87' lang='lat' dir='ltr'><strong>cujus</strong></span> 
     </span>
    </p>
   </div>
   <div class='ocr_carea' id='block_1_78' title="bbox 1994 3612 3578 3685">
    <p class='ocr_par' dir='ltr' id='par_1_78' title="bbox 1994 3612 3578 3685">
     <span class='ocr_line' id='line_1_78' title="bbox 1994 3612 3578 3685; baseline 0.005 -17"><span class='ocrx_word' id='word_1_575' title='bbox 1994 3615 2175 3670; x_wconf 87' lang='lat' dir='ltr'><strong>adhuc</strong></span> <span class='ocrx_word' id='word_1_576' title='bbox 2205 3622 2385 3669; x_wconf 82' lang='lat' dir='ltr'><strong>exstat</strong></span> <span class='ocrx_word' id='word_1_577' title='bbox 2416 3613 2609 3667; x_wconf 82' lang='lat' dir='ltr'><strong>Latina</strong></span> <span class='ocrx_word' id='word_1_578' title='bbox 2644 3612 3045 3684; x_wconf 85' lang='lat' dir='ltr'><strong>interpretatio,</strong></span> <span class='ocrx_word' id='word_1_579' title='bbox 3088 3617 3290 3685; x_wconf 70' lang='lat' dir='ltr'><strong>sapius</strong></span> <span class='ocrx_word' id='word_1_580' title='bbox 3324 3618 3490 3672; x_wconf 89' lang='lat' dir='ltr'><strong>etiam</strong></span> <span class='ocrx_word' id='word_1_581' title='bbox 3521 3621 3578 3676; x_wconf 93' lang='lat' dir='ltr'><strong>in</strong></span> 
     </span>
    </p>
   </div>
   <div class='ocr_carea' id='block_1_79' title="bbox 1994 3704 3579 3777">
    <p class='ocr_par' dir='ltr' id='par_1_79' title="bbox 1994 3704 3579 3777">
     <span class='ocr_line' id='line_1_79' title="bbox 1994 3704 3579 3777; baseline 0.003 -16"><span class='ocrx_word' id='word_1_582' title='bbox 1994 3706 2265 3777; x_wconf 91' lang='lat' dir='ltr'><strong>Operibus</strong></span> <span class='ocrx_word' id='word_1_583' title='bbox 2287 3707 2408 3776; x_wconf 84' lang='lat' dir='ltr'><strong>ejus</strong></span> <span class='ocrx_word' id='word_1_584' title='bbox 2433 3704 2604 3767; x_wconf 86' lang='lat' dir='ltr'><strong>edita,</strong></span> <span class='ocrx_word' id='word_1_585' title='bbox 2630 3704 2877 3758; x_wconf 91' lang='lat' dir='ltr'><strong>meminit</strong></span> <span class='ocrx_word' id='word_1_586' title='bbox 2903 3705 3129 3760; x_wconf 88' lang='lat' dir='ltr'><strong>alterius</strong></span> <span class='ocrx_word' id='word_1_587' title='bbox 3160 3708 3457 3773; x_wconf 86' lang='lat' dir='ltr'><strong>versionis,</strong></span> <span class='ocrx_word' id='word_1_588' title='bbox 3482 3711 3579 3765; x_wconf 88' lang='lat' dir='ltr'><strong>sed</strong></span> 
     </span>
    </p>
   </div>
   <div class='ocr_carea' id='block_1_80' title="bbox 1992 3794 3582 3870">
    <p class='ocr_par' dir='ltr' id='par_1_80' title="bbox 1992 3794 3582 3870">
     <span class='ocr_line' id='line_1_80' title="bbox 1992 3794 3582 3870; baseline 0.002 -18"><span class='ocrx_word' id='word_1_589' title='bbox 1992 3799 2259 3870; x_wconf 69' lang='lat' dir='ltr'><strong>imperita:</strong></span> <span class='ocrx_word' id='word_1_590' title='bbox 2284 3805 2339 3852; x_wconf 91' lang='lat' dir='ltr'><strong>et</strong></span> <span class='ocrx_word' id='word_1_591' title='bbox 2366 3812 2560 3868; x_wconf 90' lang='lat' dir='ltr'><strong>parum</strong></span> <span class='ocrx_word' id='word_1_592' title='bbox 2584 3794 2812 3858; x_wconf 65' lang='lat' dir='ltr'><strong>Latinae,</strong></span> <span class='ocrx_word' id='word_1_593' title='bbox 2843 3811 3006 3866; x_wconf 90' lang='lat' dir='ltr'><strong>quam</strong></span> <span class='ocrx_word' id='word_1_594' title='bbox 3043 3804 3170 3851; x_wconf 90' lang='lat' dir='ltr'><strong>ante</strong></span> <span class='ocrx_word' id='word_1_595' title='bbox 3191 3798 3366 3869; x_wconf 90' lang='lat' dir='ltr'><strong>ipsum</strong></span> <span class='ocrx_word' id='word_1_596' title='bbox 3391 3801 3582 3855; x_wconf 89' lang='lat' dir='ltr'><strong>nescio</strong></span> 
     </span>
    </p>
   </div>
   <div class='ocr_carea' id='block_1_81' title="bbox 1994 3886 3582 3959">
    <p class='ocr_par' dir='ltr' id='par_1_81' title="bbox 1994 3886 3582 3959">
     <span class='ocr_line' id='line_1_81' title="bbox 1994 3886 3582 3959; baseline 0.002 -16"><span class='ocrx_word' id='word_1_597' title='bbox 1994 3890 2120 3959; x_wconf 90' lang='lat' dir='ltr'><strong>quis</strong></span> <span class='ocrx_word' id='word_1_598' title='bbox 2163 3903 2494 3959; x_wconf 89' lang='lat' dir='ltr'><strong>componere</strong></span> <span class='ocrx_word' id='word_1_599' title='bbox 2529 3902 2701 3943; x_wconf 88' lang='lat' dir='ltr'><strong>ausus</strong></span> <span class='ocrx_word' id='word_1_600' title='bbox 2748 3886 2947 3942; x_wconf 85' lang='lat' dir='ltr'><strong>fuerat.</strong></span> <span class='ocrx_word' id='word_1_601' title='bbox 2995 3886 3095 3942; x_wconf 84' lang='lat' dir='ltr'><strong>Ms.</strong></span> <span class='ocrx_word' id='word_1_602' title='bbox 3128 3888 3318 3944; x_wconf 90' lang='lat' dir='ltr'><strong>habuit</strong></span> <span class='ocrx_word' id='word_1_603' title='bbox 3359 3889 3582 3947; x_wconf 87' lang='lat' dir='ltr'><strong>Eusebii</strong></span> 
     </span>
    </p>
   </div>
   <div class='ocr_carea' id='block_1_82' title="bbox 1993 3977 3578 4055">
    <p class='ocr_par' dir='ltr' id='par_1_82' title="bbox 1993 3977 3578 4055">
     <span class='ocr_line' id='line_1_82' title="bbox 1993 3977 3578 4055; baseline 0.002 -20"><span class='ocrx_word' id='word_1_604' title='bbox 1993 3981 2238 4036; x_wconf 91' lang='lat' dir='ltr'><strong>libellum</strong></span> <span class='ocrx_word' id='word_1_605' title='bbox 2263 3988 2317 4036; x_wconf 92' lang='lat' dir='ltr'><strong>et</strong></span> <span class='ocrx_word' id='word_1_606' title='bbox 2346 3979 2665 4050; x_wconf 87' lang='lat' dir='ltr'><strong>Hieronymi</strong></span> <span class='ocrx_word' id='word_1_607' title='bbox 2688 3979 2997 4034; x_wconf 80' lang='lat' dir='ltr'><strong>versionem</strong></span> <span class='ocrx_word' id='word_1_608' title='bbox 3030 3978 3226 4036; x_wconf 86' lang='lat' dir='ltr'><strong>Thom.</strong></span> <span class='ocrx_word' id='word_1_609' title='bbox 3254 3977 3459 4037; x_wconf 86' lang='lat' dir='ltr'><strong>Galeus</strong></span> <span class='ocrx_word' id='word_1_610' title='bbox 3478 3981 3578 4055; x_wconf 72' lang='lat' dir='ltr'><strong>(rt).</strong></span> 
     </span>
    </p>
   </div>
   <div class='ocr_carea' id='block_1_83' title="bbox 1995 4058 3578 4139">
    <p class='ocr_par' dir='ltr' id='par_1_83' title="bbox 1995 4058 3578 4139">
     <span class='ocr_line' id='line_1_83' title="bbox 1995 4058 3578 4139; baseline -0.002 -12"><span class='ocrx_word' id='word_1_611' title='bbox 1995 4072 2331 4128; x_wconf 77' lang='lat' dir='ltr'><strong>Memoratur</strong></span> <span class='ocrx_word' id='word_1_612' title='bbox 2360 4071 2525 4127; x_wconf 89' lang='lat' dir='ltr'><strong>etiam</strong></span> <span class='ocrx_word' id='word_1_613' title='bbox 2555 4071 2610 4124; x_wconf 91' lang='lat' dir='ltr'><strong>in</strong></span> <span class='ocrx_word' id='word_1_614' title='bbox 2643 4067 2905 4137; x_wconf 85' lang='lat' dir='ltr'><strong>Catalogo</strong></span> <span class='ocrx_word' id='word_1_615' title='bbox 2937 4085 3072 4123; x_wconf 89' lang='lat' dir='ltr'><strong>mss.</strong></span> <span class='ocrx_word' id='word_1_616' title='bbox 3106 4058 3314 4139; x_wconf 71' lang='lat' dir='ltr'><strong>Anglia:</strong></span> <span class='ocrx_word' id='word_1_617' title='bbox 3339 4080 3475 4124; x_wconf 92' lang='lat' dir='ltr'><strong>tom.</strong></span> <span class='ocrx_word' id='word_1_618' title='bbox 3509 4069 3578 4137; x_wconf 85' lang='lat' dir='ltr'><strong>ll,</strong></span> 
     </span>
    </p>
   </div>
   <div class='ocr_carea' id='block_1_84' title="bbox 1994 4160 3580 4236">
    <p class='ocr_par' dir='ltr' id='par_1_84' title="bbox 1994 4160 3580 4236">
     <span class='ocr_line' id='line_1_84' title="bbox 1994 4160 3580 4236; baseline -0.001 -17"><span class='ocrx_word' id='word_1_619' title='bbox 1994 4180 2118 4236; x_wconf 88' lang='lat' dir='ltr'><strong>pag.</strong></span> <span class='ocrx_word' id='word_1_620' title='bbox 2149 4164 2277 4228; x_wconf 68' lang='lat'><strong>247,</strong></span> <span class='ocrx_word' id='word_1_621' title='bbox 2319 4164 2375 4218; x_wconf 91' lang='lat' dir='ltr'><strong>in</strong></span> <span class='ocrx_word' id='word_1_622' title='bbox 2414 4163 2624 4219; x_wconf 86' lang='lat' dir='ltr'><strong>aedibus</strong></span> <span class='ocrx_word' id='word_1_623' title='bbox 2650 4160 2917 4217; x_wconf 72' lang='lat' dir='ltr'><strong>Jacobteis</strong></span> <span class='ocrx_word' id='word_1_624' title='bbox 2946 4176 3007 4215; x_wconf 91' lang='lat' dir='ltr'><strong>n.</strong></span> <span class='ocrx_word' id='word_1_625' title='bbox 3038 4160 3165 4225; x_wconf 79' lang='grc'>850,</span> <span class='ocrx_word' id='word_1_626' title='bbox 3198 4161 3469 4218; x_wconf 85' lang='lat' dir='ltr'><strong>Eusebius</strong></span> <span class='ocrx_word' id='word_1_627' title='bbox 3502 4162 3580 4218; x_wconf 84' lang='lat' dir='ltr'><strong>De</strong></span> 
     </span>
    </p>
   </div>
   <div class='ocr_carea' id='block_1_85' title="bbox 1996 4253 3575 4312">
    <p class='ocr_par' dir='ltr' id='par_1_85' title="bbox 1996 4253 3575 4312">
     <span class='ocr_line' id='line_1_85' title="bbox 1996 4253 3575 4312; baseline -0.001 -1"><span class='ocrx_word' id='word_1_628' title='bbox 1996 4259 2126 4312; x_wconf 87' lang='lat' dir='ltr'><strong>locis</strong></span> <span class='ocrx_word' id='word_1_629' title='bbox 2161 4256 2440 4311; x_wconf 79' lang='lat' dir='ltr'><strong>Hebraicis</strong></span> <span class='ocrx_word' id='word_1_630' title='bbox 2479 4271 2607 4311; x_wconf 91' lang='lat' dir='ltr'><strong>cum</strong></span> <span class='ocrx_word' id='word_1_631' title='bbox 2652 4256 2838 4311; x_wconf 88' lang='lat' dir='ltr'><strong>multis</strong></span> <span class='ocrx_word' id='word_1_632' title='bbox 2881 4254 3380 4311; x_wconf 87' lang='lat' dir='ltr'><strong>emendationibus.</strong></span> <span class='ocrx_word' id='word_1_633' title='bbox 3426 4258 3490 4308; x_wconf 76' lang='lat' dir='ltr'><strong>Et</strong></span> <span class='ocrx_word' id='word_1_634' title='bbox 3522 4253 3575 4310; x_wconf 69' lang='grc' dir='ltr'>ι.</span> 
     </span>
    </p>
   </div>
   <div class='ocr_carea' id='block_1_86' title="bbox 1993 4342 3579 4419">
    <p class='ocr_par' dir='ltr' id='par_1_86' title="bbox 1993 4342 3579 4419">
     <span class='ocr_line' id='line_1_86' title="bbox 1993 4342 3579 4419; baseline -0.004 -16"><span class='ocrx_word' id='word_1_635' title='bbox 1993 4349 2326 4406; x_wconf 90' lang='lat' dir='ltr'><strong>Pearsonius</strong></span> <span class='ocrx_word' id='word_1_636' title='bbox 2356 4346 2571 4419; x_wconf 69' lang='lat' dir='ltr'><strong>praefat.</strong></span> <span class='ocrx_word' id='word_1_637' title='bbox 2601 4344 2815 4401; x_wconf 87' lang='lat' dir='ltr'><strong>erudita</strong></span> <span class='ocrx_word' id='word_1_638' title='bbox 2850 4346 2904 4400; x_wconf 92' lang='lat' dir='ltr'><strong>in</strong></span> <span class='ocrx_word' id='word_1_639' title='bbox 2930 4343 3073 4399; x_wconf 78' lang='lat' dir='ltr'><strong>LXX</strong></span> <span class='ocrx_word' id='word_1_640' title='bbox 3098 4342 3427 4414; x_wconf 88' lang='lat' dir='ltr'><strong>luterpretes</strong></span> <span class='ocrx_word' id='word_1_641' title='bbox 3455 4345 3579 4398; x_wconf 89' lang='lat' dir='ltr'><strong>lau-</strong></span> 
     </span>
    </p>
   </div>
   <div class='ocr_carea' id='block_1_87' title="bbox 1995 4435 3576 4499">
    <p class='ocr_par' dir='ltr' id='par_1_87' title="bbox 1995 4435 3576 4499">
     <span class='ocr_line' id='line_1_87' title="bbox 1995 4435 3576 4499; baseline -0.006 0"><span class='ocrx_word' id='word_1_642' title='bbox 1995 4445 2090 4499; x_wconf 89' lang='lat' dir='ltr'><strong>dat</strong></span> <span class='ocrx_word' id='word_1_643' title='bbox 2139 4445 2384 4499; x_wconf 92' lang='lat' dir='ltr'><strong>codicem</strong></span> <span class='ocrx_word' id='word_1_644' title='bbox 2444 4441 2808 4497; x_wconf 85' lang='lat' dir='ltr'><strong>Bonfreriano</strong></span> <span class='ocrx_word' id='word_1_645' title='bbox 2864 4439 3167 4493; x_wconf 90' lang='lat' dir='ltr'><strong>meliorem.</strong></span> <span class='ocrx_word' id='word_1_646' title='bbox 3226 4435 3576 4492; x_wconf 65' lang='lat' dir='ltr'><strong>Praemiserat</strong></span> 
     </span>
    </p>
   </div>
   <div class='ocr_carea' id='block_1_88' title="bbox 315 4527 3576 4638">
    <p class='ocr_par' dir='ltr' id='par_1_88' title="bbox 315 4527 3576 4638">
     <span class='ocr_line' id='line_1_88' title="bbox 315 4527 3576 4638; baseline -0.008 -17"><span class='ocrx_word' id='word_1_647' title='bbox 315 4527 769 4638; x_wconf 56' lang='grc' dir='ltr'><strong>ιᾷιῖέξῇὲέξεὲρῖε</strong></span> <span class='ocrx_word' id='word_1_648' title='bbox 807 4527 880 4619; x_wconf 49' lang='grc' dir='ltr'><strong>ἐξ</strong></span> <span class='ocrx_word' id='word_1_649' title='bbox 927 4563 996 4618; x_wconf 92' lang='lat' dir='ltr'><strong>iis</strong></span> <span class='ocrx_word' id='word_1_650' title='bbox 1044 4560 1099 4615; x_wconf 90' lang='lat' dir='ltr'><strong>in</strong></span> <span class='ocrx_word' id='word_1_651' title='bbox 1126 4557 1401 4616; x_wconf 83' lang='lat' dir='ltr'><strong>Roessleri</strong></span> <span class='ocrx_word' id='word_1_652' title='bbox 1427 4555 1564 4610; x_wconf 87' lang='lat' dir='ltr'><strong>Bibl.</strong></span> <span class='ocrx_word' id='word_1_653' title='bbox 1604 4554 1722 4609; x_wconf 90' lang='lat' dir='ltr'><strong>PP.</strong></span> <span class='ocrx_word' id='word_1_654' title='bbox 1752 4565 1791 4607; x_wconf 88' lang='grc' dir='ltr'>ι.</span> <span class='ocrx_word' id='word_1_655' title='bbox 1821 4552 1885 4617; x_wconf 89' lang='lat' dir='ltr'><strong>v,</strong></span> <span class='ocrx_word' id='word_1_656' title='bbox 1918 4564 1967 4624; x_wconf 80' lang='grc' dir='ltr'><strong><em>υ</em></strong></span> <span class='ocrx_word' id='word_1_657' title='bbox 1998 4539 2269 4594; x_wconf 77' lang='lat' dir='ltr'><strong>Eusebius</strong></span> <span class='ocrx_word' id='word_1_658' title='bbox 2298 4536 2428 4591; x_wconf 84' lang='lat' dir='ltr'><strong>huic</strong></span> <span class='ocrx_word' id='word_1_659' title='bbox 2458 4534 2641 4590; x_wconf 81' lang='lat' dir='ltr'><strong>libello</strong></span> <span class='ocrx_word' id='word_1_660' title='bbox 2679 4530 3078 4601; x_wconf 58' lang='lat' dir='ltr'><strong>topographia&quot;:</strong></span> <span class='ocrx_word' id='word_1_661' title='bbox 3114 4527 3499 4638; x_wconf 46' lang='lat' dir='ltr'><strong>“nefariae</strong></span> <span class='ocrx_word' id='word_1_662' title='bbox 3525 4536 3576 4582; x_wconf 73' lang='grc' dir='ltr'><strong>ει</strong></span> 
     </span>
    </p>
   </div>
   <div class='ocr_carea' id='block_1_89' title="bbox 384 4741 1888 4821">
    <p class='ocr_par' dir='ltr' id='par_1_89' title="bbox 384 4741 1888 4821">
     <span class='ocr_line' id='line_1_89' title="bbox 384 4741 1888 4821; baseline -0.01 -14"><span class='ocrx_word' id='word_1_663' title='bbox 384 4752 519 4807; x_wconf 83' lang='lat' dir='ltr'><strong>Vlll.</strong></span> <span class='ocrx_word' id='word_1_664' title='bbox 541 4749 781 4821; x_wconf 85' lang='lat' dir='ltr'><strong>Epistola</strong></span> <span class='ocrx_word' id='word_1_665' title='bbox 795 4748 857 4803; x_wconf 84' lang='lat' dir='ltr'><strong>de</strong></span> <span class='ocrx_word' id='word_1_666' title='bbox 869 4747 973 4819; x_wconf 79' lang='lat' dir='ltr'><strong>ﬁde</strong></span> <span class='ocrx_word' id='word_1_667' title='bbox 990 4745 1214 4801; x_wconf 70' lang='lat' dir='ltr'><strong>Nica&#39;na</strong></span> <span class='ocrx_word' id='word_1_668' title='bbox 1237 4743 1306 4797; x_wconf 84' lang='lat' dir='ltr'><strong>ad</strong></span> <span class='ocrx_word' id='word_1_669' title='bbox 1325 4741 1705 4803; x_wconf 66' lang='lat' dir='ltr'><strong>Caeam-censes,</strong></span> <span class='ocrx_word' id='word_1_670' title='bbox 1723 4754 1888 4811; x_wconf 88' lang='lat' dir='ltr'><strong>quam</strong></span> 
     </span>
    </p>
   </div>
   <div class='ocr_carea' id='block_1_90' title="bbox 310 4833 1888 4912">
    <p class='ocr_par' dir='ltr' id='par_1_90' title="bbox 310 4833 1888 4912">
     <span class='ocr_line' id='line_1_90' title="bbox 310 4833 1888 4912; baseline -0.01 -10"><span class='ocrx_word' id='word_1_671' title='bbox 310 4852 604 4903; x_wconf 85' lang='lat' dir='ltr'><strong>servarunt</strong></span> <span class='ocrx_word' id='word_1_672' title='bbox 637 4842 883 4897; x_wconf 86' lang='lat' dir='ltr'><strong>Gelasius</strong></span> <span class='ocrx_word' id='word_1_673' title='bbox 924 4840 1230 4912; x_wconf 85' lang='lat' dir='ltr'><strong>Cyziccnus</strong></span> <span class='ocrx_word' id='word_1_674' title='bbox 1262 4838 1316 4892; x_wconf 90' lang='lat' dir='ltr'><strong>in</strong></span> <span class='ocrx_word' id='word_1_675' title='bbox 1350 4836 1505 4892; x_wconf 81' lang='lat' dir='ltr'><strong>Actis</strong></span> <span class='ocrx_word' id='word_1_676' title='bbox 1541 4835 1762 4890; x_wconf 89' lang='lat' dir='ltr'><strong>concilii</strong></span> <span class='ocrx_word' id='word_1_677' title='bbox 1790 4833 1888 4888; x_wconf 83' lang='lat' dir='ltr'><strong>Ni-</strong></span> 
     </span>
    </p>
   </div>
   <div class='ocr_carea' id='block_1_91' title="bbox 406 4991 1587 5058">
    <p class='ocr_par' dir='ltr' id='par_1_91' title="bbox 406 4991 1587 5058">
     <span class='ocr_line' id='line_1_91' title="bbox 406 4991 1587 5058; baseline -0.011 1"><span class='ocrx_word' id='word_1_678' title='bbox 406 5004 458 5058; x_wconf 87' lang='lat' dir='ltr'><strong>al</strong></span> <span class='ocrx_word' id='word_1_679' title='bbox 486 5000 645 5058; x_wconf 90' lang='lat' dir='ltr'><strong>Conf.</strong></span> <span class='ocrx_word' id='word_1_680' title='bbox 676 4997 816 5053; x_wconf 89' lang='lat' dir='ltr'><strong>infra</strong></span> <span class='ocrx_word' id='word_1_681' title='bbox 856 4996 924 5051; x_wconf 92' lang='lat' dir='ltr'><strong>ad</strong></span> <span class='ocrx_word' id='word_1_682' title='bbox 952 5012 1102 5051; x_wconf 88' lang='lat' dir='ltr'><strong>num.</strong></span> <span class='ocrx_word' id='word_1_683' title='bbox 1125 4994 1219 5057; x_wconf 84' lang='lat'><strong>26,</strong></span> <span class='ocrx_word' id='word_1_684' title='bbox 1251 4993 1372 5049; x_wconf 83' lang='lat' dir='ltr'><strong>init.</strong></span> <span class='ocrx_word' id='word_1_685' title='bbox 1413 4991 1587 5047; x_wconf 64' lang='lat' dir='ltr'><strong>Hann.</strong></span> 
     </span>
    </p>
   </div>
   <div class='ocr_carea' id='block_1_92' title="bbox 381 5004 1886 5145">
    <p class='ocr_par' dir='ltr' id='par_1_92' title="bbox 381 5004 1886 5145">
     <span class='ocr_line' id='line_1_92' title="bbox 406 5004 1587 5058; baseline -0.011 1"><span class='ocrx_word' id='word_1_686' title='bbox 406 5021 437 5058; x_wconf 82' lang='grc' dir='ltr'><strong><em>η</em></strong></span> <span class='ocrx_word' id='word_1_687' title='bbox 486 5004 645 5058; x_wconf 85' lang='lat' dir='ltr'><strong>Conf.</strong></span> <span class='ocrx_word' id='word_1_688' title='bbox 676 5004 816 5053; x_wconf 84' lang='lat' dir='ltr'><strong>infra</strong></span> <span class='ocrx_word' id='word_1_689' title='bbox 856 5004 924 5051; x_wconf 87' lang='lat' dir='ltr'><strong>ad</strong></span> <span class='ocrx_word' id='word_1_690' title='bbox 952 5012 1102 5051; x_wconf 88' lang='lat' dir='ltr'><strong>num.</strong></span> <span class='ocrx_word' id='word_1_691' title='bbox 1125 5004 1219 5057; x_wconf 78' lang='lat'><strong>26,</strong></span> <span class='ocrx_word' id='word_1_692' title='bbox 1251 5004 1372 5049; x_wconf 73' lang='lat' dir='ltr'><strong>init.</strong></span> <span class='ocrx_word' id='word_1_693' title='bbox 1413 5004 1587 5047; x_wconf 58' lang='grc' dir='ltr'><strong>ἥλιξι..</strong></span> 
     </span>
     <span class='ocr_line' id='line_1_93' title="bbox 381 5004 1886 5145; baseline -0.006 -19"><span class='ocrx_word' id='word_1_694' title='bbox 381 5004 458 5145; x_wconf 49' lang='lat' dir='ltr'><strong>ibi</strong></span> <span class='ocrx_word' id='word_1_695' title='bbox 488 5072 597 5128; x_wconf 89' lang='lat' dir='ltr'><strong>Seu</strong></span> <span class='ocrx_word' id='word_1_696' title='bbox 632 5068 914 5145; x_wconf 44' lang='grc' dir='ltr'>μεθ-170,</span> <span class='ocrx_word' id='word_1_697' title='bbox 963 5066 1148 5137; x_wconf 91' lang='lat' dir='ltr'><strong>prouti</strong></span> <span class='ocrx_word' id='word_1_698' title='bbox 1189 5065 1450 5121; x_wconf 88' lang='lat' dir='ltr'><strong>Lambec.</strong></span> <span class='ocrx_word' id='word_1_699' title='bbox 1499 5061 1715 5125; x_wconf 90' lang='lat' dir='ltr'><strong>citavit,</strong></span> <span class='ocrx_word' id='word_1_700' title='bbox 1763 5061 1886 5117; x_wconf 91' lang='lat' dir='ltr'><strong>loco</strong></span> 
     </span>
    </p>
   </div>
   <div class='ocr_carea' id='block_1_93' title="bbox 309 5138 953 5199">
    <p class='ocr_par' dir='ltr' id='par_1_93' title="bbox 309 5138 953 5199">
     <span class='ocr_line' id='line_1_94' title="bbox 309 5138 953 5199; baseline -0.008 -1"><span class='ocrx_word' id='word_1_701' title='bbox 309 5138 451 5199; x_wconf 56' lang='lat' dir='ltr'><strong>mox&#39;</strong></span> <span class='ocrx_word' id='word_1_702' title='bbox 465 5138 841 5197; x_wconf 74' lang='lat' dir='ltr'><strong>memorando.</strong></span> <span class='ocrx_word' id='word_1_703' title='bbox 876 5138 953 5193; x_wconf 83' lang='lat' dir='ltr'><strong>In.</strong></span> 
     </span>
    </p>
   </div>
   <div class='ocr_carea' id='block_1_94' title="bbox 383 5203 1887 5285">
    <p class='ocr_par' dir='ltr' id='par_1_94' title="bbox 383 5203 1887 5285">
     <span class='ocr_line' id='line_1_95' title="bbox 383 5203 1887 5285; baseline -0.006 -19"><span class='ocrx_word' id='word_1_704' title='bbox 383 5214 450 5285; x_wconf 90' lang='lat' dir='ltr'><strong>(c)</strong></span> <span class='ocrx_word' id='word_1_705' title='bbox 478 5212 601 5285; x_wconf 83' lang='lat' dir='ltr'><strong>Sive</strong></span> <span class='ocrx_word' id='word_1_706' title='bbox 612 5227 745 5285; x_wconf 81' lang='lat' dir='ltr'><strong>pag.</strong></span> <span class='ocrx_word' id='word_1_707' title='bbox 762 5208 871 5285; x_wconf 70' lang='lat'><strong>252</strong></span> <span class='ocrx_word' id='word_1_708' title='bbox 899 5204 1440 5285; x_wconf 66' lang='lat' dir='ltr'><strong>sec._edit._li_ollarii._</strong></span> <span class='ocrx_word' id='word_1_709' title='bbox 1457 5203 1647 5285; x_wconf 76' lang='lat' dir='ltr'><strong>Exstat</strong></span> <span class='ocrx_word' id='word_1_710' title='bbox 1667 5215 1887 5285; x_wconf 79' lang='lat' dir='ltr'><strong>quoque</strong></span> 
     </span>
    </p>
   </div>
   <div class='ocr_carea' id='block_1_95' title="bbox 311 5275 1885 5350">
    <p class='ocr_par' dir='ltr' id='par_1_95' title="bbox 311 5275 1885 5350">
     <span class='ocr_line' id='line_1_96' title="bbox 311 5275 1885 5350; baseline -0.009 -12"><span class='ocrx_word' id='word_1_711' title='bbox 311 5275 401 5338; x_wconf 77' lang='lat' dir='ltr'><strong>illa</strong></span> <span class='ocrx_word' id='word_1_712' title='bbox 434 5275 661 5350; x_wconf 76' lang='lat' dir='ltr'><strong>epistola</strong></span> <span class='ocrx_word' id='word_1_713' title='bbox 690 5275 746 5335; x_wconf 65' lang='lat' dir='ltr'><strong>in</strong></span> <span class='ocrx_word' id='word_1_714' title='bbox 769 5278 885 5335; x_wconf 88' lang='lat' dir='ltr'><strong>cod.</strong></span> <span class='ocrx_word' id='word_1_715' title='bbox 909 5277 1323 5350; x_wconf 12' lang='lat' dir='ltr'><strong>AXLVVCoislip.</strong></span> <span class='ocrx_word' id='word_1_716' title='bbox 1348 5277 1448 5350; x_wconf 70' lang='lat' dir='ltr'><strong>qui</strong></span> <span class='ocrx_word' id='word_1_717' title='bbox 1473 5275 1717 5350; x_wconf 82' lang='lat' dir='ltr'><strong>continet</strong></span> <span class='ocrx_word' id='word_1_718' title='bbox 1750 5288 1885 5350; x_wconf 65' lang='lat' dir='ltr'><strong>ope-</strong></span> 
     </span>
    </p>
   </div>
   <div class='ocr_carea' id='block_1_96' title="bbox 309 5342 1880 5413">
    <p class='ocr_par' dir='ltr' id='par_1_96' title="bbox 309 5342 1880 5413">
     <span class='ocr_line' id='line_1_97' title="bbox 309 5342 1880 5413; baseline -0.008 -4"><span class='ocrx_word' id='word_1_719' title='bbox 309 5371 368 5409; x_wconf 88' lang='lat' dir='ltr'><strong>ra</strong></span> <span class='ocrx_word' id='word_1_720' title='bbox 402 5342 708 5411; x_wconf 80' lang='lat' dir='ltr'><strong>Athanasii,</strong></span> <span class='ocrx_word' id='word_1_721' title='bbox 743 5358 881 5405; x_wconf 92' lang='lat' dir='ltr'><strong>teste</strong></span> <span class='ocrx_word' id='word_1_722' title='bbox 907 5348 1200 5403; x_wconf 81' lang='lat' dir='ltr'><strong>Montl&#39;auc.</strong></span> <span class='ocrx_word' id='word_1_723' title='bbox 1235 5342 1383 5400; x_wconf 53' lang='lat' dir='ltr'><strong>Bibl:</strong></span> <span class='ocrx_word' id='word_1_724' title='bbox 1407 5345 1572 5399; x_wconf 82' lang='lat' dir='ltr'><strong>Coisl.</strong></span> <span class='ocrx_word' id='word_1_725' title='bbox 1602 5342 1880 5413; x_wconf 79' lang='lat' dir='ltr'><strong>pag.1l6,</strong></span> 
     </span>
    </p>
   </div>
   <div class='ocr_carea' id='block_1_97' title="bbox 307 5412 1881 5485">
    <p class='ocr_par' dir='ltr' id='par_1_97' title="bbox 307 5412 1881 5485">
     <span class='ocr_line' id='line_1_98' title="bbox 307 5412 1881 5485; baseline -0.008 -6"><span class='ocrx_word' id='word_1_726' title='bbox 307 5435 361 5480; x_wconf 89' lang='lat' dir='ltr'><strong>et</strong></span> <span class='ocrx_word' id='word_1_727' title='bbox 382 5426 435 5478; x_wconf 92' lang='lat' dir='ltr'><strong>in</strong></span> <span class='ocrx_word' id='word_1_728' title='bbox 461 5424 582 5477; x_wconf 90' lang='lat' dir='ltr'><strong>cod.</strong></span> <span class='ocrx_word' id='word_1_729' title='bbox 612 5418 936 5479; x_wconf 77' lang='lat' dir='ltr'><strong>CDLXXIV,</strong></span> <span class='ocrx_word' id='word_1_730' title='bbox 969 5437 1022 5472; x_wconf 83' lang='grc' dir='ltr'><strong>ιι.</strong></span> <span class='ocrx_word' id='word_1_731' title='bbox 1055 5420 1141 5474; x_wconf 86' lang='grc'>10.</span> <span class='ocrx_word' id='word_1_732' title='bbox 1167 5418 1302 5472; x_wconf 72' lang='lat' dir='ltr'><strong>bibl.</strong></span> <span class='ocrx_word' id='word_1_733' title='bbox 1332 5418 1482 5485; x_wconf 91' lang='lat' dir='ltr'><strong>publ.</strong></span> <span class='ocrx_word' id='word_1_734' title='bbox 1504 5412 1881 5485; x_wconf 42' lang='lat' dir='ltr'><strong>Parisﬁlsan.</strong></span> 
     </span>
    </p>
   </div>
   <div class='ocr_carea' id='block_1_98' title="bbox 377 5483 1877 5564">
    <p class='ocr_par' dir='ltr' id='par_1_98' title="bbox 377 5483 1877 5564">
     <span class='ocr_line' id='line_1_99' title="bbox 377 5483 1877 5564; baseline -0.009 -18"><span class='ocrx_word' id='word_1_735' title='bbox 377 5495 454 5564; x_wconf 78' lang='grc' dir='ltr'><strong>(ά)</strong></span> <span class='ocrx_word' id='word_1_736' title='bbox 512 5492 576 5546; x_wconf 82' lang='grc' dir='ltr'>Ν.</span> <span class='ocrx_word' id='word_1_737' title='bbox 622 5483 1412 5564; x_wconf 67' lang='lat' dir='ltr'><strong>numnunccgexxxwu,</strong></span> <span class='ocrx_word' id='word_1_738' title='bbox 1465 5486 1574 5564; x_wconf 62' lang='lat' dir='ltr'><strong>vol.</strong></span> <span class='ocrx_word' id='word_1_739' title='bbox 1629 5483 1877 5564; x_wconf 26' lang='lat' dir='ltr'><strong>tu“.ng</strong></span> 
     </span>
    </p>
   </div>
   <div class='ocr_carea' id='block_1_99' title="bbox 305 5551 1882 5634">
    <p class='ocr_par' dir='ltr' id='par_1_99' title="bbox 305 5551 1882 5634">
     <span class='ocr_line' id='line_1_100' title="bbox 305 5551 1882 5634; baseline -0.01 -14"><span class='ocrx_word' id='word_1_740' title='bbox 305 5551 467 5620; x_wconf 78' lang='lat' dir='ltr'><strong>codd.</strong></span> <span class='ocrx_word' id='word_1_741' title='bbox 488 5564 715 5634; x_wconf 62' lang='lat' dir='ltr'><strong>Anglizc,</strong></span> <span class='ocrx_word' id='word_1_742' title='bbox 748 5579 801 5631; x_wconf 91' lang='lat' dir='ltr'><strong>p.</strong></span> <span class='ocrx_word' id='word_1_743' title='bbox 828 5561 1133 5634; x_wconf 72' lang='lat' dir='ltr'><strong>186.—Est</strong></span> <span class='ocrx_word' id='word_1_744' title='bbox 1158 5574 1374 5634; x_wconf 66' lang='lat' dir='ltr'><strong>quoque</strong></span> <span class='ocrx_word' id='word_1_745' title='bbox 1398 5551 1452 5634; x_wconf 77' lang='lat' dir='ltr'><strong>in</strong></span> <span class='ocrx_word' id='word_1_746' title='bbox 1476 5551 1882 5634; x_wconf 37' lang='lat' dir='ltr'><strong>codzanLlnilV</strong></span> 
     </span>
    </p>
   </div>
   <div class='ocr_carea' id='block_1_100' title="bbox 303 5624 1883 5704">
    <p class='ocr_par' dir='ltr' id='par_1_100' title="bbox 303 5624 1883 5704">
     <span class='ocr_line' id='line_1_101' title="bbox 303 5624 1883 5704; baseline -0.009 -13"><span class='ocrx_word' id='word_1_747' title='bbox 303 5637 439 5691; x_wconf 87' lang='lat' dir='ltr'><strong>bibl.</strong></span> <span class='ocrx_word' id='word_1_748' title='bbox 469 5624 620 5704; x_wconf 68' lang='lat' dir='ltr'><strong>publ.</strong></span> <span class='ocrx_word' id='word_1_749' title='bbox 648 5624 846 5693; x_wconf 62' lang='lat' dir='ltr'><strong>Paris,</strong></span> <span class='ocrx_word' id='word_1_750' title='bbox 876 5633 942 5686; x_wconf 90' lang='lat' dir='ltr'><strong>de</strong></span> <span class='ocrx_word' id='word_1_751' title='bbox 963 5648 1073 5701; x_wconf 87' lang='lat' dir='ltr'><strong>quo</strong></span> <span class='ocrx_word' id='word_1_752' title='bbox 1100 5648 1152 5685; x_wconf 94' lang='lat' dir='ltr'><strong>v.</strong></span> <span class='ocrx_word' id='word_1_753' title='bbox 1176 5624 1446 5682; x_wconf 47' lang='lat' dir='ltr'><strong>&#39;Vallarsii</strong></span> <span class='ocrx_word' id='word_1_754' title='bbox 1473 5625 1625 5696; x_wconf 60' lang='lat' dir='ltr'><strong>praef.</strong></span> <span class='ocrx_word' id='word_1_755' title='bbox 1654 5624 1883 5704; x_wconf 80' lang='lat' dir='ltr'><strong>Bonlre-</strong></span> 
     </span>
    </p>
   </div>
   <div class='ocr_carea' id='block_1_101' title="bbox 301 5695 1881 5763">
    <p class='ocr_par' dir='ltr' id='par_1_101' title="bbox 301 5695 1881 5763">
     <span class='ocr_line' id='line_1_102' title="bbox 301 5695 1881 5763; baseline -0.01 -2"><span class='ocrx_word' id='word_1_756' title='bbox 301 5708 419 5763; x_wconf 90' lang='lat' dir='ltr'><strong>rius</strong></span> <span class='ocrx_word' id='word_1_757' title='bbox 463 5695 711 5760; x_wconf 69' lang='lat' dir='ltr'><strong>Graecum</strong></span> <span class='ocrx_word' id='word_1_758' title='bbox 754 5711 959 5757; x_wconf 81' lang='lat' dir='ltr'><strong>textum</strong></span> <span class='ocrx_word' id='word_1_759' title='bbox 982 5695 1126 5755; x_wconf 56' lang='lat' dir='ltr'><strong>&#39;eum</strong></span> <span class='ocrx_word' id='word_1_760' title='bbox 1175 5715 1312 5754; x_wconf 77' lang='lat' dir='ltr'><strong>nova</strong></span> <span class='ocrx_word' id='word_1_761' title='bbox 1352 5695 1602 5752; x_wconf 75' lang='lat' dir='ltr'><strong>versione</strong></span> <span class='ocrx_word' id='word_1_762' title='bbox 1645 5695 1881 5763; x_wconf 87' lang='lat' dir='ltr'><strong>primum</strong></span> 
     </span>
    </p>
   </div>
   <div class='ocr_carea' id='block_1_102' title="bbox 300 5766 1881 5845">
    <p class='ocr_par' dir='ltr' id='par_1_102' title="bbox 300 5766 1881 5845">
     <span class='ocr_line' id='line_1_103' title="bbox 300 5766 1881 5845; baseline -0.01 -15"><span class='ocrx_word' id='word_1_763' title='bbox 300 5777 530 5845; x_wconf 76' lang='lat' dir='ltr'><strong>praeﬁxit</strong></span> <span class='ocrx_word' id='word_1_764' title='bbox 585 5773 1024 5845; x_wconf 83' lang='lat' dir='ltr'><strong>commentariis_</strong></span> <span class='ocrx_word' id='word_1_765' title='bbox 1050 5773 1167 5845; x_wconf 76' lang='lat' dir='ltr'><strong>suis</strong></span> <span class='ocrx_word' id='word_1_766' title='bbox 1195 5773 1257 5845; x_wconf 20' lang='lat' dir='ltr'><strong>Ain</strong></span> <span class='ocrx_word' id='word_1_767' title='bbox 1288 5766 1797 5845; x_wconf 38' lang='lat' dir='ltr'><strong>Josuanth,_.:l‘udnic_es</strong></span> <span class='ocrx_word' id='word_1_768' title='bbox 1824 5772 1881 5844; x_wconf 72' lang='lat' dir='ltr'><strong>et</strong></span> 
     </span>
    </p>
   </div>
   <div class='ocr_carea' id='block_1_103' title="bbox 238 5834 1877 5915">
    <p class='ocr_par' dir='ltr' id='par_1_103' title="bbox 238 5834 1877 5915">
     <span class='ocr_line' id='line_1_104' title="bbox 238 5834 1877 5915; baseline -0.01 -12"><span class='ocrx_word' id='word_1_769' title='bbox 238 5858 243 5865; x_wconf 96' lang='lat'>&#39;</span> <span class='ocrx_word' id='word_1_770' title='bbox 299 5834 459 5903; x_wconf 67' lang='lat' dir='ltr'><strong>Ruth.</strong></span> <span class='ocrx_word' id='word_1_771' title='bbox 486 5846 660 5903; x_wconf 86' lang='lat' dir='ltr'><strong>Paris.</strong></span> <span class='ocrx_word' id='word_1_772' title='bbox 698 5846 828 5900; x_wconf 73' lang='lat'><strong>1631</strong></span> <span class='ocrx_word' id='word_1_773' title='bbox 862 5843 1029 5915; x_wconf 89' lang='lat' dir='ltr'><strong>(apud</strong></span> <span class='ocrx_word' id='word_1_774' title='bbox 1054 5843 1433 5912; x_wconf 82' lang='lat' dir='ltr'><strong>llamberger.,</strong></span> <span class='ocrx_word' id='word_1_775' title='bbox 1462 5836 1644 5907; x_wconf 74' lang='lat'><strong>1659),</strong></span> <span class='ocrx_word' id='word_1_776' title='bbox 1679 5835 1796 5899; x_wconf 77' lang='lat' dir='ltr'><strong>fol.,</strong></span> <span class='ocrx_word' id='word_1_777' title='bbox 1822 5834 1877 5887; x_wconf 92' lang='lat' dir='ltr'><strong>iu</strong></span> 
     </span>
    </p>
   </div>
   <div class='ocr_carea' id='block_1_104' title="bbox 1993 4620 3576 4693">
    <p class='ocr_par' dir='ltr' id='par_1_104' title="bbox 1993 4620 3576 4693">
     <span class='ocr_line' id='line_1_105' title="bbox 1993 4620 3576 4693; baseline -0.008 -8"><span class='ocrx_word' id='word_1_778' title='bbox 1993 4632 2274 4685; x_wconf 78' lang='lat' dir='ltr'><strong>distinctas</strong></span> <span class='ocrx_word' id='word_1_779' title='bbox 2307 4628 2542 4682; x_wconf 83' lang='lat' dir='ltr'><strong>tribuum</strong></span> <span class='ocrx_word' id='word_1_780' title='bbox 2569 4635 2759 4688; x_wconf 81' lang='lat' dir='ltr'><strong>sortes,</strong></span> <span class='ocrx_word' id='word_1_781' title='bbox 2801 4625 2966 4693; x_wconf 84' lang='lat' dir='ltr'><strong>ipsius</strong></span> <span class='ocrx_word' id='word_1_782' title='bbox 3000 4638 3204 4692; x_wconf 86' lang='lat' dir='ltr'><strong>quoque</strong></span> <span class='ocrx_word' id='word_1_783' title='bbox 3240 4620 3576 4675; x_wconf 78' lang='lat' dir='ltr'><strong>Hierusalem</strong></span> 
     </span>
    </p>
   </div>
   <div class='ocr_carea' id='block_1_105' title="bbox 1995 4713 3571 4793">
    <p class='ocr_par' dir='ltr' id='par_1_105' title="bbox 1995 4713 3571 4793">
     <span class='ocr_line' id='line_1_106' title="bbox 1995 4713 3571 4793; baseline -0.009 -16"><span class='ocrx_word' id='word_1_784' title='bbox 1995 4722 2272 4793; x_wconf 83' lang='lat' dir='ltr'><strong>templique</strong></span> <span class='ocrx_word' id='word_1_785' title='bbox 2293 4722 2348 4773; x_wconf 88' lang='lat' dir='ltr'><strong>in</strong></span> <span class='ocrx_word' id='word_1_786' title='bbox 2366 4735 2430 4773; x_wconf 84' lang='lat' dir='ltr'><strong>ea</strong></span> <span class='ocrx_word' id='word_1_787' title='bbox 2456 4734 2574 4772; x_wconf 88' lang='lat' dir='ltr'><strong>cum</strong></span> <span class='ocrx_word' id='word_1_788' title='bbox 2604 4715 2911 4770; x_wconf 81' lang='lat' dir='ltr'><strong>brevissima</strong></span> <span class='ocrx_word' id='word_1_789' title='bbox 2938 4714 3265 4785; x_wconf 75' lang='lat' dir='ltr'><strong>expositione</strong></span> <span class='ocrx_word' id='word_1_790' title='bbox 3284 4713 3571 4783; x_wconf 85' lang='lat' dir='ltr'><strong>picturam,</strong></span> 
     </span>
    </p>
   </div>
   <div class='ocr_carea' id='block_1_106' title="bbox 1990 4805 3573 4886">
    <p class='ocr_par' dir='ltr' id='par_1_106' title="bbox 1990 4805 3573 4886">
     <span class='ocr_line' id='line_1_107' title="bbox 1990 4805 3573 4886; baseline -0.009 -14"><span class='ocrx_word' id='word_1_791' title='bbox 1990 4828 2049 4873; x_wconf 91' lang='lat' dir='ltr'><strong>ut</strong></span> <span class='ocrx_word' id='word_1_792' title='bbox 2080 4833 2149 4874; x_wconf 74' lang='lat' dir='ltr'><strong>ex</strong></span> <span class='ocrx_word' id='word_1_793' title='bbox 2186 4812 2503 4886; x_wconf 83' lang='lat' dir='ltr'><strong>Hieronymi</strong></span> <span class='ocrx_word' id='word_1_794' title='bbox 2545 4810 2868 4882; x_wconf 71' lang='lat' dir='ltr'><strong>praefatione</strong></span> <span class='ocrx_word' id='word_1_795' title='bbox 2908 4816 3147 4874; x_wconf 88' lang='lat' dir='ltr'><strong>constat,</strong></span> <span class='ocrx_word' id='word_1_796' title='bbox 3199 4807 3294 4862; x_wconf 89' lang='lat' dir='ltr'><strong>sed</strong></span> <span class='ocrx_word' id='word_1_797' title='bbox 3332 4807 3425 4860; x_wconf 89' lang='lat' dir='ltr'><strong>illa</strong></span> <span class='ocrx_word' id='word_1_798' title='bbox 3457 4805 3573 4875; x_wconf 88' lang='lat' dir='ltr'><strong>jam</strong></span> 
     </span>
    </p>
   </div>
   <div class='ocr_carea' id='block_1_107' title="bbox 1989 4957 3572 5038">
    <p class='ocr_par' dir='ltr' id='par_1_107' title="bbox 1989 4957 3572 5038">
     <span class='ocr_line' id='line_1_108' title="bbox 1989 4957 3572 5038; baseline -0.013 -7"><span class='ocrx_word' id='word_1_799' title='bbox 1989 4976 2163 5032; x_wconf 90' lang='lat' dir='ltr'><strong>Catal.</strong></span> <span class='ocrx_word' id='word_1_800' title='bbox 2187 4973 2322 5029; x_wconf 91' lang='lat' dir='ltr'><strong>bibl.</strong></span> <span class='ocrx_word' id='word_1_801' title='bbox 2355 4968 2534 5034; x_wconf 90' lang='lat' dir='ltr'><strong>Leid.,</strong></span> <span class='ocrx_word' id='word_1_802' title='bbox 2565 4983 2688 5038; x_wconf 87' lang='lat' dir='ltr'><strong>pag.</strong></span> <span class='ocrx_word' id='word_1_803' title='bbox 2713 4967 2804 5021; x_wconf 71' lang='lat'><strong>4|.</strong></span> <span class='ocrx_word' id='word_1_804' title='bbox 2833 4996 2907 5038; x_wconf 60' lang='lat'><strong>—-:</strong></span> <span class='ocrx_word' id='word_1_805' title='bbox 2924 4962 3001 5038; x_wconf 69' lang='lat' dir='ltr'><strong>De</strong></span> <span class='ocrx_word' id='word_1_806' title='bbox 3023 4962 3147 5017; x_wconf 88' lang='lat' dir='ltr'><strong>edd.</strong></span> <span class='ocrx_word' id='word_1_807' title='bbox 3176 4958 3397 5038; x_wconf 77' lang='lat' dir='ltr'><strong>Clerici,</strong></span> <span class='ocrx_word' id='word_1_808' title='bbox 3428 4957 3572 5038; x_wconf 71' lang='lat' dir='ltr'><strong><em>Quo-</em></strong></span> 
     </span>
    </p>
   </div>
   <div class='ocr_carea' id='block_1_108' title="bbox 1989 5030 3569 5102">
    <p class='ocr_par' dir='ltr' id='par_1_108' title="bbox 1989 5030 3569 5102">
     <span class='ocr_line' id='line_1_109' title="bbox 1989 5030 3569 5102; baseline -0.011 0"><span class='ocrx_word' id='word_1_809' title='bbox 1989 5030 2250 5102; x_wconf 57' lang='lat' dir='ltr'><strong>inasticon</strong></span> <span class='ocrx_word' id='word_1_810' title='bbox 2276 5041 2488 5096; x_wconf 83' lang='lat' dir='ltr'><strong>urbium</strong></span> <span class='ocrx_word' id='word_1_811' title='bbox 2517 5030 2838 5093; x_wconf 27' lang='lat' dir='ltr'><strong>vet-locorum</strong></span> <span class='ocrx_word' id='word_1_812' title='bbox 2870 5034 2928 5089; x_wconf 88' lang='lat' dir='ltr'><strong>S.</strong></span> <span class='ocrx_word' id='word_1_813' title='bbox 2962 5031 3045 5095; x_wconf 91' lang='lat' dir='ltr'><strong>S.,</strong></span> <span class='ocrx_word' id='word_1_814' title='bbox 3079 5049 3170 5102; x_wconf 81' lang='lat' dir='ltr'><strong>seu</strong></span> <span class='ocrx_word' id='word_1_815' title='bbox 3196 5030 3328 5083; x_wconf 65' lang='lat' dir='ltr'><strong>liber</strong></span> <span class='ocrx_word' id='word_1_816' title='bbox 3351 5033 3417 5102; x_wconf 78' lang='lat' dir='ltr'><strong>de</strong></span> <span class='ocrx_word' id='word_1_817' title='bbox 3436 5030 3569 5102; x_wconf 78' lang='lat' dir='ltr'><strong>locis</strong></span> 
     </span>
    </p>
   </div>
   <div class='ocr_carea' id='block_1_109' title="bbox 1990 5100 3571 5179">
    <p class='ocr_par' dir='ltr' id='par_1_109' title="bbox 1990 5100 3571 5179">
     <span class='ocr_line' id='line_1_110' title="bbox 1990 5100 3571 5179; baseline -0.011 -7"><span class='ocrx_word' id='word_1_818' title='bbox 1990 5100 2269 5172; x_wconf 77' lang='lat' dir='ltr'><strong>Hebraicis</strong></span> <span class='ocrx_word' id='word_1_819' title='bbox 2298 5112 2477 5167; x_wconf 65' lang='lat' dir='ltr'><strong>Greece</strong></span> <span class='ocrx_word' id='word_1_820' title='bbox 2499 5110 2730 5179; x_wconf 88' lang='lat' dir='ltr'><strong>primum</strong></span> <span class='ocrx_word' id='word_1_821' title='bbox 2764 5107 2827 5160; x_wconf 89' lang='lat' dir='ltr'><strong>ab</strong></span> <span class='ocrx_word' id='word_1_822' title='bbox 2865 5102 3094 5179; x_wconf 78' lang='lat' dir='ltr'><strong>Eusebio</strong></span> <span class='ocrx_word' id='word_1_823' title='bbox 3123 5101 3351 5179; x_wconf 59' lang='lat' dir='ltr'><strong>Cassam,</strong></span> <span class='ocrx_word' id='word_1_824' title='bbox 3382 5100 3571 5179; x_wconf 56' lang='lat' dir='ltr'><strong>deinde</strong></span> 
     </span>
    </p>
   </div>
   <div class='ocr_carea' id='block_1_110' title="bbox 1988 5170 3564 5253">
    <p class='ocr_par' dir='ltr' id='par_1_110' title="bbox 1988 5170 3564 5253">
     <span class='ocr_line' id='line_1_111' title="bbox 1988 5170 3564 5253; baseline -0.013 -9"><span class='ocrx_word' id='word_1_825' title='bbox 1988 5170 2110 5243; x_wconf 59' lang='lat' dir='ltr'><strong>Lat.</strong></span> <span class='ocrx_word' id='word_1_826' title='bbox 2159 5188 2387 5253; x_wconf 76' lang='lat' dir='ltr'><strong>scriptus</strong></span> <span class='ocrx_word' id='word_1_827' title='bbox 2430 5170 3367 5253; x_wconf 52' lang='lat' dir='ltr'><strong>ab&#39;Hieronymo,__etc.AAmstelod.</strong></span> <span class='ocrx_word' id='word_1_828' title='bbox 3402 5170 3564 5253; x_wconf 79' lang='grc'>1707,</span> 
     </span>
    </p>
   </div>
   <div class='ocr_carea' id='block_1_111' title="bbox 1988 5240 3564 5322">
    <p class='ocr_par' dir='ltr' id='par_1_111' title="bbox 1988 5240 3564 5322">
     <span class='ocr_line' id='line_1_112' title="bbox 1988 5240 3564 5322; baseline -0.013 -8"><span class='ocrx_word' id='word_1_829' title='bbox 1988 5240 2107 5322; x_wconf 64' lang='lat' dir='ltr'><strong>fol.,</strong></span> <span class='ocrx_word' id='word_1_830' title='bbox 2156 5265 2211 5311; x_wconf 92' lang='lat' dir='ltr'><strong>et</strong></span> <span class='ocrx_word' id='word_1_831' title='bbox 2257 5240 2481 5308; x_wconf 78' lang='lat' dir='ltr'><strong>meliore</strong></span> <span class='ocrx_word' id='word_1_832' title='bbox 2533 5240 2784 5322; x_wconf 72' lang='lat' dir='ltr'><strong>Vallarsii</strong></span> <span class='ocrx_word' id='word_1_833' title='bbox 2838 5241 3165 5322; x_wconf 69' lang='lat' dir='ltr'><strong>edil.__9pp.</strong></span> <span class='ocrx_word' id='word_1_834' title='bbox 3223 5240 3564 5322; x_wconf 82' lang='lat' dir='ltr'><strong>Hieronymi,</strong></span> 
     </span>
    </p>
   </div>
   <div class='ocr_carea' id='block_1_112' title="bbox 1988 5312 3568 5394">
    <p class='ocr_par' dir='ltr' id='par_1_112' title="bbox 1988 5312 3568 5394">
     <span class='ocr_line' id='line_1_113' title="bbox 1988 5312 3568 5394; baseline -0.013 -10"><span class='ocrx_word' id='word_1_835' title='bbox 1988 5312 2118 5386; x_wconf 68' lang='lat' dir='ltr'><strong>toni.</strong></span> <span class='ocrx_word' id='word_1_836' title='bbox 2146 5325 2235 5388; x_wconf 92' lang='lat' dir='ltr'><strong>lll,</strong></span> <span class='ocrx_word' id='word_1_837' title='bbox 2267 5331 2408 5394; x_wconf 90' lang='lat' dir='ltr'><strong>part.</strong></span> <span class='ocrx_word' id='word_1_838' title='bbox 2439 5336 2478 5387; x_wconf 84' lang='grc' dir='ltr'>ι,</span> <span class='ocrx_word' id='word_1_839' title='bbox 2505 5335 2649 5394; x_wconf 83' lang='lat' dir='ltr'><strong>cum</strong></span> <span class='ocrx_word' id='word_1_840' title='bbox 2673 5319 2819 5394; x_wconf 65' lang='lat' dir='ltr'><strong>notis</strong></span> <span class='ocrx_word' id='word_1_841' title='bbox 2849 5314 3109 5394; x_wconf 36' lang='lat' dir='ltr'><strong>eriulitis‘,</strong></span> <span class='ocrx_word' id='word_1_842' title='bbox 3131 5312 3423 5394; x_wconf 52' lang='lat' dir='ltr'><strong>unanimam</strong></span> <span class='ocrx_word' id='word_1_843' title='bbox 3448 5327 3568 5381; x_wconf 85' lang='lat' dir='ltr'><strong>par-</strong></span> 
     </span>
    </p>
   </div>
   <div class='ocr_carea' id='block_1_113' title="bbox 1989 5382 3565 5458">
    <p class='ocr_par' dir='ltr' id='par_1_113' title="bbox 1989 5382 3565 5458">
     <span class='ocr_line' id='line_1_114' title="bbox 1989 5382 3565 5458; baseline -0.015 -2"><span class='ocrx_word' id='word_1_844' title='bbox 1989 5382 2094 5456; x_wconf 62' lang='grc' dir='ltr'><strong>ἐξείη</strong></span> <span class='ocrx_word' id='word_1_845' title='bbox 2126 5382 2355 5458; x_wconf 75' lang='lat' dir='ltr'><strong>criticis,</strong></span> <span class='ocrx_word' id='word_1_846' title='bbox 2389 5409 2439 5447; x_wconf 89' lang='lat' dir='ltr'><strong>v.</strong></span> <span class='ocrx_word' id='word_1_847' title='bbox 2465 5382 2541 5444; x_wconf 81' lang='lat' dir='ltr'><strong>ad</strong></span> <span class='ocrx_word' id='word_1_848' title='bbox 2568 5392 2673 5441; x_wconf 89' lang='lat' dir='ltr'><strong>vol.</strong></span> <span class='ocrx_word' id='word_1_849' title='bbox 2702 5387 2789 5451; x_wconf 85' lang='lat' dir='ltr'><strong>IV,</strong></span> <span class='ocrx_word' id='word_1_850' title='bbox 2823 5403 2857 5456; x_wconf 88' lang='lat' dir='ltr'><strong>p</strong></span> <span class='ocrx_word' id='word_1_851' title='bbox 2903 5384 3022 5440; x_wconf 78' lang='lat'><strong>621.</strong></span> <span class='ocrx_word' id='word_1_852' title='bbox 3052 5382 3244 5458; x_wconf 79' lang='lat' dir='ltr'><strong>Clerici</strong></span> <span class='ocrx_word' id='word_1_853' title='bbox 3275 5382 3406 5458; x_wconf 47' lang='lat' dir='ltr'><strong>edit:</strong></span> <span class='ocrx_word' id='word_1_854' title='bbox 3441 5396 3565 5458; x_wconf 75' lang='lat' dir='ltr'><strong>cum</strong></span> 
     </span>
    </p>
   </div>
   <div class='ocr_carea' id='block_1_114' title="bbox 1986 5451 3563 5528">
    <p class='ocr_par' dir='ltr' id='par_1_114' title="bbox 1986 5451 3563 5528">
     <span class='ocr_line' id='line_1_115' title="bbox 1986 5451 3563 5528; baseline -0.015 -3"><span class='ocrx_word' id='word_1_855' title='bbox 1986 5451 2146 5528; x_wconf 78' lang='lat' dir='ltr'><strong>illius</strong></span> <span class='ocrx_word' id='word_1_856' title='bbox 2173 5477 2226 5521; x_wconf 89' lang='lat' dir='ltr'><strong>et</strong></span> <span class='ocrx_word' id='word_1_857' title='bbox 2260 5451 2532 5518; x_wconf 79' lang='lat' dir='ltr'><strong>Bonfrerii</strong></span> <span class='ocrx_word' id='word_1_858' title='bbox 2574 5461 2720 5528; x_wconf 79' lang='lat' dir='ltr'><strong>notis</strong></span> <span class='ocrx_word' id='word_1_859' title='bbox 2771 5451 2998 5525; x_wconf 67' lang='lat' dir='ltr'><strong>repetita</strong></span> <span class='ocrx_word' id='word_1_860' title='bbox 3038 5462 3122 5509; x_wconf 88' lang='lat' dir='ltr'><strong>est</strong></span> <span class='ocrx_word' id='word_1_861' title='bbox 3170 5455 3228 5528; x_wconf 86' lang='lat' dir='ltr'><strong>i_n_</strong></span> <span class='ocrx_word' id='word_1_862' title='bbox 3272 5452 3322 5528; x_wconf 75' lang='lat' dir='ltr'><strong>J.</strong></span> <span class='ocrx_word' id='word_1_863' title='bbox 3374 5451 3563 5528; x_wconf 80' lang='lat' dir='ltr'><strong>Steph.</strong></span> 
     </span>
    </p>
   </div>
   <div class='ocr_carea' id='block_1_115' title="bbox 1986 5523 3564 5597">
    <p class='ocr_par' dir='ltr' id='par_1_115' title="bbox 1986 5523 3564 5597">
     <span class='ocr_line' id='line_1_116' title="bbox 1986 5523 3564 5597; baseline -0.015 0"><span class='ocrx_word' id='word_1_864' title='bbox 1986 5523 2253 5597; x_wconf 66' lang='lat' dir='ltr'><strong>blenochii</strong></span> <span class='ocrx_word' id='word_1_865' title='bbox 2300 5535 2592 5588; x_wconf 83' lang='lat' dir='ltr'><strong>Comment.</strong></span> <span class='ocrx_word' id='word_1_866' title='bbox 2633 5527 2691 5583; x_wconf 88' lang='lat' dir='ltr'><strong>S.</strong></span> <span class='ocrx_word' id='word_1_867' title='bbox 2739 5523 2959 5595; x_wconf 76' lang='lat' dir='ltr'><strong>Script.,</strong></span> <span class='ocrx_word' id='word_1_868' title='bbox 2996 5534 3140 5597; x_wconf 74' lang='lat' dir='ltr'><strong>tom.</strong></span> <span class='ocrx_word' id='word_1_869' title='bbox 3185 5523 3261 5597; x_wconf 30' lang='lat' dir='ltr'><strong>l_l_,.</strong></span> <span class='ocrx_word' id='word_1_870' title='bbox 3292 5523 3564 5597; x_wconf 46' lang='lat' dir='ltr'><strong>Appellit,</strong></span> 
     </span>
    </p>
   </div>
   <div class='ocr_carea' id='block_1_116' title="bbox 1985 5591 3565 5683">
    <p class='ocr_par' dir='ltr' id='par_1_116' title="bbox 1985 5591 3565 5683">
     <span class='ocr_line' id='line_1_117' title="bbox 1985 5591 3565 5683; baseline -0.018 -15"><span class='ocrx_word' id='word_1_871' title='bbox 1985 5591 2430 5683; x_wconf 14' lang='lat' dir='ltr'><strong>.WVAeuet.</strong></span> <span class='ocrx_word' id='word_1_872' title='bbox 2469 5599 2628 5657; x_wconf 78' lang='lat'><strong>1722.</strong></span> <span class='ocrx_word' id='word_1_873' title='bbox 2675 5599 2793 5663; x_wconf 89' lang='lat' dir='ltr'><strong>fol.,</strong></span> <span class='ocrx_word' id='word_1_874' title='bbox 2830 5591 2882 5651; x_wconf 79' lang='lat' dir='ltr'><strong>et</strong></span> <span class='ocrx_word' id='word_1_875' title='bbox 2912 5595 3160 5683; x_wconf 40' lang='grc' dir='ltr'><strong>1213ὶῇιὲῘὶ</strong></span> <span class='ocrx_word' id='word_1_876' title='bbox 3191 5593 3408 5683; x_wconf 42' lang='lat' dir='ltr'><strong>‘Ug-oli‘ui</strong></span> <span class='ocrx_word' id='word_1_877' title='bbox 3439 5591 3565 5683; x_wconf 56' lang='grc' dir='ltr'><strong>ηις-</strong></span> 
     </span>
    </p>
   </div>
   <div class='ocr_carea' id='block_1_117' title="bbox 1984 5659 3561 5748">
    <p class='ocr_par' dir='ltr' id='par_1_117' title="bbox 1984 5659 3561 5748">
     <span class='ocr_line' id='line_1_118' title="bbox 1984 5659 3561 5748; baseline -0.014 -10"><span class='ocrx_word' id='word_1_878' title='bbox 1984 5659 2371 5748; x_wconf 41' lang='lat' dir='ltr'><strong>adfinia”.</strong></span> <span class='ocrx_word' id='word_1_879' title='bbox 2433 5659 2904 5748; x_wconf 62' lang='lat' dir='ltr'><strong>sacrarum,_iom.</strong></span> <span class='ocrx_word' id='word_1_880' title='bbox 2938 5666 3001 5748; x_wconf 57' lang='grc' dir='ltr'>γ,</span> <span class='ocrx_word' id='word_1_881' title='bbox 3037 5659 3287 5748; x_wconf 49' lang='grc' dir='ltr'><strong>Υοιιει.,”1</strong></span> <span class='ocrx_word' id='word_1_882' title='bbox 3302 5664 3448 5748; x_wconf 59' lang='grc' dir='ltr'><strong>746,ι</strong></span> <span class='ocrx_word' id='word_1_883' title='bbox 3464 5659 3561 5716; x_wconf 93' lang='lat' dir='ltr'><strong>fol.</strong></span> 
     </span>
    </p>
   </div>
   <div class='ocr_carea' id='block_1_118' title="bbox 1983 5730 3560 5809">
    <p class='ocr_par' dir='ltr' id='par_1_118' title="bbox 1983 5730 3560 5809">
     <span class='ocr_line' id='line_1_119' title="bbox 1983 5730 3560 5809; baseline -0.018 1"><span class='ocrx_word' id='word_1_884' title='bbox 1983 5730 2437 5809; x_wconf 32' lang='lat' dir='ltr'><strong>:wCon‘f.Hdélillo</strong></span> <span class='ocrx_word' id='word_1_885' title='bbox 2459 5741 2678 5795; x_wconf 84' lang='lat' dir='ltr'><strong>Eusebii</strong></span> <span class='ocrx_word' id='word_1_886' title='bbox 2705 5730 2841 5795; x_wconf 85' lang='lat' dir='ltr'><strong>libro</strong></span> <span class='ocrx_word' id='word_1_887' title='bbox 2868 5730 3118 5803; x_wconf 71' lang='lat' dir='ltr'><strong>ltelaud.,</strong></span> <span class='ocrx_word' id='word_1_888' title='bbox 3144 5730 3560 5795; x_wconf 82' lang='lat' dir='ltr'><strong>Palwst.lib.u,</strong></span> 
     </span>
    </p>
   </div>
   <div class='ocr_carea' id='block_1_119' title="bbox 1983 5810 2723 5907">
    <p class='ocr_par' dir='ltr' id='par_1_119' title="bbox 1983 5810 2723 5907">
     <span class='ocr_line' id='line_1_120' title="bbox 1983 5810 2723 5907; baseline -0.027 -23"><span class='ocrx_word' id='word_1_889' title='bbox 1983 5842 2105 5898; x_wconf 91' lang='lat' dir='ltr'><strong>cap.</strong></span> <span class='ocrx_word' id='word_1_890' title='bbox 2137 5825 2224 5891; x_wconf 84' lang='grc'><strong>11,</strong></span> <span class='ocrx_word' id='word_1_891' title='bbox 2254 5820 2320 5875; x_wconf 84' lang='lat'><strong>12</strong></span> <span class='ocrx_word' id='word_1_892' title='bbox 2348 5815 2514 5907; x_wconf 56' lang='lat' dir='ltr'><strong>etii.</strong></span> <span class='ocrx_word' id='word_1_893' title='bbox 2552 5810 2723 5867; x_wconf 64' lang='grc' dir='ltr'>ΒΑΜ..</span> 
     </span>
    </p>
   </div>
   <div class='ocr_carea' id='block_1_120' title="bbox 1948 6394 2275 6401">
    <p class='ocr_par' dir='ltr' id='par_1_120' title="bbox 1948 6394 2275 6401">
     <span class='ocr_line' id='line_1_121' title="bbox 1948 6394 2275 6401; baseline 0 -2"><span class='ocrx_word' id='word_1_894' title='bbox 1948 6394 2275 6401; x_wconf 34' lang='grc' dir='ltr'><strong>ήκψῂμψω</strong></span> 
     </span>
    </p>
   </div>
  </div>
