4126 6454
324 369 392 424 ιδ
1791 356 1890 411 NO'

1987 355 2092 411 71A.
3481 354 3550 410 ιο

318 495 616 547 occurrunt
648 484 944 555 fragmenta
978 484 1031 537 in
1054 481 1326 537 Anastasii
1357 479 1578 535 Sina-tte
1606 485 1797 549 quiest.
1838 494 1889 532 Ix
1921 485 1964 538 Α
1993 490 2113 544 cap.
2148 474 2220 540 7),
2253 471 2542 528 Eusebium
2577 474 2648 528 ab
2692 487 2880 529 errore
2930 472 3390 531 Semiarianorum
3441 478 3560 530 vin-

319 590 376 635 et
402 593 624 642 CXLVIII,
675 577 768 631 sed
817 577 909 629 illa
964 575 1186 630 alterius
1245 588 1372 628 sunt
1425 571 1724 641 argumenti
1782 572 1883 639 (a).

319 673 528 729 Caveus
559 677 823 723 memorat
856 666 1149 721 Eusebium
1191 664 1266 717 De
1307 663 1711 730 Evangeliorum
1762 661 1888 716 dis—

319 763 570 818 sonantia
605 759 673 814 ad
713 758 1051 828 Stephanum.
1104 757 1234 823 Quae
1271 770 1400 810 vero
1451 755 1527 808 De
1583 754 1888 824 symphonia

318 856 436 910 sive
469 851 750 908 concordia
806 849 1205 921 anngcliorum
1249 850 1300 901 in
1335 846 1638 918 genealogia
1693 845 1890 901 Christi

327 945 624 1009 Eusebius,
677 942 990 998 Africanum
1052 949 1310 1007 secutus,
1371 940 1612 1008 scripsit,
1677 948 1891 992 exstant

319 1035 418 1090 li'b.
458 1053 472 1090 ι
503 1038 644 1090 Hist.
674 1035 880 1103 ποίει,
904 1049 1022 1106 cap.
1055 1034 1110 1098 7,
1138 1035 1314 1103 iisque
1342 1047 1473 1088 usus
1494 1031 1812 1086 Ambrosius
1831 1033 1886 1084 in

320 1140 382 1182 ιιι
399 1125 576 1181 Lucae.

391 1215 532 1269 XVI.
551 1218 734 1285 Λόγος
743 1214 1346 1284 τριακονταετηρικός,
1365 1213 1550 1268 Oratio
1566 1211 1628 1267 de
1642 1213 1897 1268 Constan-

323 1309 423 1362 tini
463 1307 540 1363 Μ.
583 1307 848 1374 laudibus,
905 1307 963 1361 in
1017 1307 1139 1376 ejus
1194 1305 1590 1361 tricennalibus
1635 1305 1780 1360 dicta
1827 1307 1890 1359 A.

250 1439 260 1448 .
319 1399 380 1455 (Ζ.
409 1400 531 1463 555,
563 1399 747 1464 CPoli,
775 1405 835 1453 ut
876 1397 1146 1454 Eusebius
1183 1400 1301 1470 ipse
1350 1404 1580 1453 testatur
1609 1412 1683 1462 tv,
1731 1396 1802 1450 55
1841 1404 1896 1450 et

316 1490 424 1555 46,
471 1489 547 1545 Dc
569 1492 676 1544 vita
723 1489 1076 1545 Constantini.
1136 1488 1380 1544 Meminit
1419 1495 1473 1543 et
1538 1489 1594 1542 in
1633 1488 1898 1559 procemio

319 1583 442 1637 libri
469 1597 508 1646 ι,
542 1582 632 1638 ubi
662 1582 833 1648 addit,
867 1599 925 1639 se
944 1581 1110 1638 etiam
1133 1581 1190 1636 in
1219 1579 1596 1636 vicennalibus
1626 1581 1896 1636 Constan-

316 1673 419 1728 tini
452 1674 640 1730 laudes
671 1675 792 1744 ejus
819 1674 875 1728 in
897 1673 1115 1728 Nicaana
1145 1670 1374 1742 synodo,
1414 1680 1474 1725 ut
1503 1670 1598 1726 lib.
1630 1687 1710 1733 ιιι,
1733 1686 1784 1725 c.
1808 1672 1896 1735 11,

316 1765 482 1816 etiam
512 1762 688 1828 docet,
723 1764 1158 1819 concelebrasse.
1192 1760 1297 1816 Sed
1347 1760 1436 1816 ille
1487 1759 1703 1830 quidem
1749 1763 1893 1815 εἰκο-

1986 566 2171 621 dicare
2195 565 2399 619 studuit
2433 564 2619 621 Bullus
2648 567 2701 618 in
2729 564 2851 634 Def.
2884 565 2979 634 ﬁd.
3028 565 3177 629 Nic.,
3200 583 3324 638 pag.
3347 568 3471 632 251,
3506 577 3563 623 et

1989 660 2245 713 refutat-it
2278 657 2548 712 Valesium
2603 657 2670 712 ad
2717 672 2767 710 c.
2825 658 2884 711 11
2944 657 3389 726 contendentem,
3438 661 3564 715 illas

1989 750 2204 806 Eusebii
2228 748 2295 805 de
2320 749 2500 803 divina
2521 749 2740 819 quidem
2769 748 2891 803 Filii
2926 750 3186 820 potentia,
3229 750 3324 806 sed
3356 751 3560 816 media,

1989 842 2270 910 opiniones
2320 840 2523 910 optime
2556 838 2783 893 refutari
2824 840 2892 894 ab
2933 839 3232 894 Athanasio
3283 855 3364 894 or.
3402 843 3562 895 tertia

1990 940 2175 985 contra
2217 931 2468 993 Arianos,
2524 945 2642 1000 pag.
2688 930 2812 984 597.
2853 929 3095 1001 Reading
3132 915 3179 985 ’1.
3240 945 3292 986 c.
3345 948 3562 1002 quoque

1992 1021 2178 1076 laudat
2234 1020 2491 1076 Pearson.
2553 1020 2756 1074 Vindic.
2820 1023 2970 1090 epist.
3033 1021 3237 1092 Ignat.,
3306 1033 3446 1092 part.
3499 1038 3560 1087 ιι,

1993 1128 2115 1183 pag.
2138 1113 2226 1168 56.
2253 1113 2422 1168 ΗΑιιι..

2063 1204 2225 1261 XVII.
2260 1205 2336 1260 De
2372 1206 2491 1260 Vita
2533 1203 2866 1260 Constantini
2910 1204 2988 1258 Μ.
3043 1206 3156 1277 jam
3203 1207 3266 1261 A.
3327 1206 3389 1262 C.
3457 1207 3563 1262 557

1995 1295 2256 1364 defuncti,
2318 1296 2441 1350 libri
2483 1295 2566 1350 1V
2596 1295 2692 1368 (ὁ),
2756 1298 2807 1350 in
2867 1298 3083 1366 quibus,
3113 1298 3207 1364 ait,
3248 1313 3306 1352 se
3365 1302 3432 1353 de
3479 1301 3563 1353 in-

1995 1386 2203 1443 dustria
2241 1391 2491 1444 omittere
2543 1391 2828 1444 conllictus
2860 1396 2914 1443 et
2964 1390 3179 1459 praelia,
3215 1406 3301 1446 res
3351 1390 3563 1446 fortiter

1996 1489 2196 1550 gestas,
2221 1488 2421 1550 tropaea
2441 1495 2504 1536 ac
2527 1481 2850 1550 triumphos,
2878 1480 3022 1550 leges
3046 1488 3098 1536 et
3127 1483 3380 1550 przeclara
3405 1485 3565 1538 insti-

1995 1578 2133 1630 tuta.
2174 1578 2228 1624 et
2272 1579 2478 1625 tantum
2516 1571 2731 1626 tradere
2761 1571 2894 1640 μόνα.
2939 1569 3009 1622 τὰ
3043 1571 3176 1640 πρὸς
3210 1571 3300 1625 τὸν
3343 1571 3562 1642 θεοφιλῆ

2000 1663 2334 1715 συντείνοντα
2380 1663 2511 1734 βίον,
2540 1679 2766 1734 quaeque
2795 1663 2862 1717 ad
2890 1662 2985 1718 Dei
3034 1665 3237 1718 cultum
3267 1666 3560 1732 pertinent,

1999 1753 2092 1808 lib.
2129 1769 2164 1817 I,
2196 1769 2314 1823 cap.
2342 1755 2428 1818 11,
2461 1755 2603 1810 unde
2630 1755 2846 1808 titulum
2890 1759 3071 1825 operis
3120 1753 3247 1810 fecit
3284 1757 3419 1825 Περὶ
3455 1758 3562 1812 τοῦ

319 1854 640 1925 σαετηρικδς
684 1855 850 1926 ὕμνος
905 1855 1020 1908 sive
1075 1852 1434 1923 panegyricus
1483 1827 1774 1908 intercidit.
1834 1853 1888 1906 In

1992 1848 2140 1900 κατὰ
2172 1849 2318 1902 Θεὸν
2351 1849 2494 1913 ,ϐίου
2520 1849 2626 1903 τοῦ
2658 1849 2955 1918 μακαρίου
2979 1851 3431 1903 Κωνσταντινου
3455 1849 3564 1906 τοῦ

319 1945 511 2000 codice
569 1961 674 2000 ms.
719 1944 932 2014 collegii
979 1942 1132 1998 Trin.
1179 1943 1492 2014 Cantabrig.
1549 1942 1724 1998 oratio
1781 1943 1892 2006 illa,

321 2036 500 2091 Caveo
553 2043 714 2100 teste,
766 2037 822 2090 in
869 2036 1004 2090 duas
1049 2043 1232 2105 partes
1284 2034 1634 2104 dispescitur,
1665 2050 1896 2104 quarum

321 2129 593 2198 posterior
638 2128 827 2199 incipit
864 2143 894 2182 a
926 2127 1102 2198 capite
1142 2127 1193 2182 9.
1239 2127 1392 2182 Hanc
1437 2128 1738 2182 orationem
1770 2143 1894 2182 cum

320 2218 685 2288 descriptione
735 2218 1000 2289 martyrii,
1028 2218 1141 2273 sive
1180 2217 1365 2286 templi
1393 2215 1891 2287 Hierosolymitani.

318 2323 348 2359 a
401 2306 758 2362 Constantino
811 2305 1048 2369 conditi,
1104 2305 1568 2377 donariorumque
1607 2307 1748 2376 ejus,
1799 2307 1894 2363 sed

319 2415 440 2469 qua:
479 2408 780 2469 temporum
828 2399 1028 2468 injuria
1087 2399 1391 2465 intercidit,
1443 2406 1499 2454 et
1544 2397 1890 2454 Constantini

317 2491 561 2545 oratione
594 2491 659 2543 ad
720 2497 1035 2546 sanctorum
1094 2497 1319 2554 cretum,
1357 2505 1424 2545 ex
1466 2489 1661 2544 Latino
1708 2488 1893 2545 Graece

317 2581 596 2645 translata,
621 2581 906 2646 Eusebius,
939 2589 999 2636 ut
1031 2581 1124 2638 lib.
1159 2599 1230 2647 Iv,
1259 2597 1380 2652 cap.
1402 2581 1500 2647 46,
1542 2588 1796 2644 testatur,
1828 2581 1894 2635 li-

315 2673 431 2729 bris
481 2674 554 2729 De
613 2676 719 2729 vita
755 2674 1090 2729 Constantini
1130 2674 1434 2745 subjunxit.
1486 2672 1702 2730 Primus
1748 2672 1886 2728 Rob.

317 2765 626 2837 Stephanus
683 2783 805 2822 cum
863 2767 972 2823 illis
1001 2766 1168 2823 edidit
1227 2765 1432 2831 Grtece,
1483 2765 1672 2822 Latine
1727 2767 1890 2822 vertit

313 2856 849 2929 Cbristopborsonus
874 2866 928 2914 et
961 2859 1238 2915 Musculus
1271 2867 1432 2929 atque
1462 2859 1588 2916 inde
1613 2859 1886 2920 Valesius,

317 2950 410 3018 qui
439 2951 584 3029 notis
607 2951 770 3006 etiam
800 2952 1094 3007 illustravit
1143 2951 1213 3023 [is
1241 2950 1427 3006 laudat
1454 2949 1612 3006 codd.
1655 2949 1885 3015 Fuketii,

316 3038 556 3096 Turnebi
588 3057 650 3096 ac
675 3042 860 3098 Savilii
881 3051 934 3098 et
965 3043 1193 3100 schedas
1214 3043 1343 3098 bibl.
1376 3043 1555 3113 regiae,
1584 3042 1883 3106 etc.,deni—

317 3145 425 3200 que
475 3130 718 3202 Reading
749 3149 871 3187 cum
895 3136 1039 3190 notis
1068 3133 1269 3190 Valesii
1309 3140 1364 3189 et
1393 3132 1694 3205 variorum]
1718 3131 1880 3186 FABR.

318 3185 392 3266 .'_.
413 3220 470 3276 In
505 3185 877 3278 imissa;
895 3185 1417 3286 “asinariam;
1434 3185 1812 3278 accisas
1837 3185 1892 3277 ει
1916 3185 1960 3242 (³

316 3313 566 3374 CCCXL,
590 3314 787 3371 Euseb.
822 3314 899 3370 De
927 3315 1170 3369 laudibus
1201 3314 1556 3380 Constantini,
1580 3321 1635 3370 et
1656 3313 1732 3369 De
1771 3314 1894 3368 Vita

315 3404 655 3461 Constantini
705 3405 828 3460 libri
870 3421 927 3471 v;
963 3421 1061 3476 pro
1098 3405 1236 3460 libro
1272 3422 1305 3461 v
1352 3411 1672 3460 numeratur
1721 3407 1892 3459 oratio

315 3496 654 3552 Constantini
683 3496 752 3549 ad
773 3506 1076 3551 sanctorum
1103 3507 1286 3552 catum
1320 3498 1392 3568 (ν.
1426 3496 1547 3552 Cat.
1578 3496 1737 3552 codd.
1771 3496 1888 3556 Cr..

316 3603 440 3659 pag.
476 3588 574 3642 156
593 3599 646 3643 et
669 3588 814 3660 157).
834 3588 1094 3645 —Leidae
1122 3590 1176 3643 in
1206 3589 1340 3645 bibl.
1373 3589 1529 3644 acad.
1562 3589 1702 3644 inter
1728 3588 1888 3646 codd.

311 3678 610 3734 Bonavent.
635 3678 905 3743 Vulcanii,
941 3681 1526 3750 Τριακονταετηρικός
1545 3696 1600 3733 ιη
1625 3678 1887 3735 Constan-

315 3771 483 3823 tinum
528 3772 682 3840 imp.,
707 3771 802 3825 Gr.
835 3771 1030 3842 (Catal.
1066 3771 1223 3836 bibl.,
1255 3787 1377 3843 pag.
1399 3773 1524 3837 545,
1559 3788 1614 3826 ιι.
1648 3771 1886 3840 XXXV.)

312 3860 576 3919 —Paris.
603 3863 658 3916 in
685 3863 817 3918 bibl.
857 3864 1034 3933 publ.,
1062 3879 1141 3918 or.
1172 3863 1237 3918 de
1286 3863 1530 3919 laudibus
1553 3864 1888 3918 Constantini

313 3947 395 4005 Π.
429 3951 483 4005 in
505 3952 666 4010 codd.
706 3952 1044 4018 MCDXXXI,
1091 3953 1429 4008 MCDXXXII
1459 3956 1569 4026 (qui
1600 3957 1721 4011 cod.
1749 3972 1887 4010 non-

313 4040 442 4096 dum
470 4043 698 4099 collatus
724 4059 846 4099 esse
866 4044 1068 4100 dicitur
1089 4045 1142 4098 in
1159 4045 1359 4111 Catal.,
1377 4045 1498 4101 cod.
1522 4043 1716 4116 Il.pag.
1737 4046 1882 4115 518).

312 4134 371 4187 1η
389 4130 548 4187 codd.
569 4132 976 4200 MCDXXXVII,
994 4129 1405 4189 MCDXXXVIII
1425 4144 1479 4190 et
1496 4134 1882 4202 MCDXXXIX,

310 4221 533 4279 Eusebii
566 4224 721 4281 libris
752 4225 832 4279 De
878 4226 984 4280 vita
1028 4223 1364 4281 Constantini
1411 4225 1493 4284 Μ.
1539 4228 1887 4297 subjungitur

311 4313 652 4370 Constantini
688 4316 753 4371 ad
784 4325 1096 4372 sanctorum
1122 4325 1324 4373 ctutum
1351 4317 1547 4374 oratio.
1573 4349 1644 4362 -—
1670 4318 1728 4374 ln
1760 4320 1881 4374 cod.

312 4404 718 4461 MCDXXXVIII
767 4417 906 4464 orat.
951 4407 1030 4463 De
1103 4410 1350 4465 laudibus
1408 4409 1744 4468 Constantini
1807 4412 1880 4466 Μ.

309 4497 565 4588 praeditus
587 4505 670 4552 est
698 4506 972 4570 prologus.
1006 4499 1084 4554 Ex
1117 4516 1237 4570 cap.
1295 4502 1359 4556 11
1401 4501 1620 4559 Eusebii
1655 4503 1720 4558 de
1751 4504 1883 4557 lau-
1913 4531 1958 4588 υ

307 4585 467 4641 dibus
515 4584 868 4657 Constantini,
923 4605 1046 4661 pag.
1099 4591 1222 4655 747,
1271 4592 1358 4648 ed.
1388 4592 1630 4666 [leading
1661 4594 1880 4666 (collato

381 4744 460 4819 (a)
494 4743 824 4821 Vi_ndobo_nte
849 4748 903 4803 in
939 4749 1068 4821 bibl.
1097 4748 1298 4821 Caesar.
1329 4752 1451 4807 cod.
1481 4751 1705 4819 CLXVI,
1740 4771 1793 4809 n.
1839 4759 1877 4821 ι,

309 4814 754 4892 fragm.‘Eusebii
807 4819 870 4871 ἐκ
915 4818 1008 4871 τοῦ
1053 4819 1188 4892 τερος
1240 4820 1492 4892 Μαρῖνον,
1526 4831 1664 4878 teste
1695 4814 1879 4879 Lam-'-

310 4885 466 4961 [ιοῶο
513 4885 1032 4961 Cominentar._tom.
1079 4885 1186 4961 IV,
1213 4885 1344 4961 pag.‘
1375 4885 1501 4957 887⁷,
1545 4908 1598 4948 et
1646 4895 1702 4948 in
1753 4895 1876 4952 cod.

309 4957 534 5013 Barocc.
567 4974 621 5010 ιι.
655 4956 834 5019 ClllC,
883 4958 936 5011 in
971 4973 1080 5026 quo
1124 4956 1305 5013 etiam'
1337 4969 1465 5016 sunt
1489 4956 1717 5018 Eusebii
1754 4981 1877 5020 sen-

309 5026 837 5150 genatilaenﬂtwpeksiq,
887 5027 1186 5083 secundum
1240 5029 1360 5087 Cat.
1414 5033 1572 5087 codd.
1621 5032 1781 5106 Angl.
1824 5036 1875 5099 1,

351 5135 366 5148 .
467 5135 480 5148 .
553 5113 676 5150 Αιιι..

312 5111 366 5165 p.
391 5111 480 5150 2t.
505 5111 676 5152 mu.

385 5187 462 5257 (b)
491 5187 626 5243 Male
659 5188 782 5243 libri
819 5189 896 5244 VI
924 5205 1184 5248 excusum
1215 5191 1272 5248 in
1318 5189 1402 5248 Jo.
1434 5191 1639 5250 Molleri
1680 5194 1879 5252 Homo-

313 5261 672 5326 nymoscopia,
695 5276 750 5330 p.
778 5259 902 5315 461.

388 5348 459 5418 (c)
493 5347 704 5407 Nimius
737 5360 821 5408 est
850 5352 1191 5410 Constantini
1228 5356 1495 5411 laudator.
1530 5355 1594 5410 V.
1644 5356 1877 5410 Thoma-

310 5419 486 5544 ﬁlia:
511 5419 589 5475 Du
626 5420 746 5488 Pin,
774 5423 1017 5494 aliosque
1044 5439 1076 5478 a
1099 5423 1292 5481 Stollio
1310 5443 1432 5500 pag.
1457 5427 1562 5481 227
1592 5431 1876 5483 excitatos.

383 5579 462 5650 (ά)
517 5579 633 5637 Jac.
663 5579 968 5639 Godot‘redo
1026 5597 1285 5642 assensus
1343 5586 1404 5642 B.
1459 5586 1768 5644 Dorscbeus
1822 5587 1878 5640 in

312 5647 594 5730 Diatyposi
627 5655 854 5730 concilii
873 5652 1080 5730 ἔδειιὶ
1108 5656 1172 5710 de
1205 5656 1552 5730 S._Ctz;na,ﬂp.
1579 5659 1633 5714 5.

313 5723 451 5841 ΗΑ(ξὶ
497 5721 596 5778 Ubi
649 5725 703 5778 in
757 5723 916 5780 codd.
979 5724 1173 5783 Venet.
1222 5727 1290 5782 ad
1353 5727 1381 5800 ἦ
1430 5721 1516 5783 17'
1541 5728 1876 5784 memoratis.

1991 1939 2312 2006 βασιλέως,
2343 1948 2400 1993 ιιι
2421 1947 2574 1995 notat
2602 1939 2866 2006 Valesius,
2890 1956 3011 2012 pag.
3042 1941 3147 1995 256
3173 1945 3264 2010 (c).
3293 1939 3560 1998 Caeterum

2000 2027 2108 2080 falli
2136 2026 2251 2081 Jac.
2284 2027 2670 2084 Gothofredum
2705 2029 2805 2102 (ά),
2849 2031 2941 2100 qui
2991 2034 3087 2086 hos
3123 2033 3289 2087 libros
3345 2033 3414 2089 ab
3456 2033 3565 2088 Eu-

1995 2121 2148 2177 sebio
2181 2123 2414 2192 scriptos
2448 2138 2570 2178 esse
2595 2124 2808 2194 negavit
2837 2139 2956 2195 pag.
2971 2125 3095 2189 275,
3118 2125 3184 2180 ad
3207 2125 3561 2198 Philostorg..

1994 2221 2048 2267 et
2075 2217 2128 2267 in
2151 2215 2308 2283 epist.
2338 2215 2402 2270 ad
2427 2214 2694 2271 Andream
2721 2215 2970 2272 Rivetum
3005 2219 3107 2274 sub
3127 2219 3347 2276 nomine
3373 2218 3563 2278 Jacobi

1993 2302 2196 2358 Pacidii
2227 2305 2393 2369 edita,
2421 2305 2577 2361 facile
2596 2320 2664 2361 ex
2693 2307 2812 2377 ipso
2839 2323 3002 2378 opere
3031 2316 3083 2365 et
3109 2309 3370 2376 Socratis,
3397 2311 3564 2367 Sozo-

1993 2397 2156 2461 meni,
2183 2394 2383 2461 Pbotii,
2415 2396 2614 2453 Gelasii
2665 2399 3006 2472 aliorumque
3033 2409 3276 2457 veterum
3313 2401 3556 2460 testimo-

1991 2485 2098 2539 niis
2117 2485 2559 2543 demonstrarunt
2586 2487 2848 2546 Martinus
2871 2489 3145 2547 Hanckius
3179 2492 3254 2548 De
3287 2494 3560 2563 scriptori‘

1992 2575 2085 2631 bus
2109 2576 2268 2648 Byz.,
2296 2594 2418 2649 pag.
2443 2580 2504 2633 81
2540 2596 2681 2652 seq.,
2707 2580 2757 2637 J.
2789 2580 3034 2639 Andreas
3077 2583 3272 2640 Bosius
3300 2585 3377 2639 De
3417 2603 3562 2657 pon-

1992 2671 2197 2740 tiﬁcatu
2218 2673 2448 2727 maximo
2479 2673 2847 2742 imperatorum
2895 2673 3069 2740 Rom.,
3100 2691 3220 2747 pag.
3252 2675 3321 2732 65
3343 2694 3482 2749 seq.,
3506 2685 3565 2734 et

1991 2759 2263 2826 Valesius,
2297 2775 2418 2832 pag.
2445 2761 2572 2817 216.
2597 2761 2754 2818 Omni
2778 2764 2942 2818 etiam
2971 2764 3228 2819 destituta
3255 2773 3339 2821 est
3382 2767 3565 2821 verisi-

1987 2855 2290 2910 militudine
2333 2854 2518 2911 Sandii
2541 2855 2876 2926 conjectura,
2901 2857 2994 2928 qui
3019 2857 3072 2911 in
3103 2855 3304 2913 Νασιεο
3328 2858 3564 2914 historica

1986 2950 2193 3014 eccles.,
2243 2963 2369 3020 pag.
2415 2949 2506 3014 48,
2557 2948 2778 3004 Macarii
2817 2947 3290 3023 Hierosolymitani
3318 2967 3440 3008 esse
3467 2953 3564 3006 ba-

1985 3041 2230 3096 riolatur.
2280 3042 2629 3113 Πανηγυρικῇ
2697 3040 2968 3114 ὑψηγορίᾳ
3031 3058 3189 3096 usum
3241 3041 3560 3107 Eusebium,

1989 3131 2146 3184 multi
2177 3129 2543 3198 adnotarunt;
2585 3147 2760 3202 neque
2788 3140 2970 3187 tamen
2999 3131 3134 3189 ﬁdes
3181 3135 3440 3190 historica
3483 3135 3560 3189 illi

1995 3230 2276 3292 propterea
2309 3222 2364 3276 in
2397 3236 2578 3276 rerum
2621 3235 2832 3276 summa
2855 3221 3188 3291 deneganda.
3217 3218 3433 3280 Primus
3462 3226 3562 3281 bos

1991 3315 2162 3368 libros
2188 3312 2372 3367 Graece
2412 3329 2536 3368 cum
2575 3311 2819 3367 Historia
2850 3313 3031 3367 eccles.
3063 3313 3230 3369 edidit
3258 3313 3396 3370 Rob.
3439 3315 3562 3372 Ste-

1993 3405 2225 3475 phanus,
2259 3403 2431 3458 Paris.
2467 3404 2626 3469 t544,
2658 3401 2776 3470 fol.,
2810 3419 2910 3474 pro
2959 3403 3148 3473 quinto
3203 3405 3341 3462 libro
3371 3424 3564 3464 nume-

1992 3511 2121 3551 rans
2166 3497 2468 3551 orationem
2523 3495 2592 3550 ad
2643 3501 2955 3550 sanctorum
3011 3502 3210 3550 cretum
3274 3501 3382 3570 (ε),
3443 3515 3564 3570 quae

1990 3587 2332 3643 Constantini
2373 3586 2444 3641 M.
2495 3592 2600 3653 est,
2654 3600 2767 3641 non
2827 3583 3069 3640 Eusebii.
3112 3585 3300 3643 Latine
3350 3590 3564 3661 primus

1988 3684 2224 3745 quatuor
2254 3675 2425 3754 libros
2443 3675 2572 3745 (non
2595 3680 2708 3730 tres
2734 3673 3000 3745 primores
3025 3673 3256 3742 tantum,
3292 3687 3350 3733 ut
3373 3682 3564 3738 scribit

1991 3767 2264 3822 Hanekius
2324 3782 2446 3838 pag.
2481 3765 2550 3822 86
2583 3765 2661 3820 De
2711 3766 3055 3836 scriptoribus
3110 3766 3266 3841 Byz.)
3322 3769 3563 3829 Joannes

1986 3855 2268 3913 Portesius
2293 3858 2476 3915 vertit.
2539 3856 2678 3912 Hinc
2705 3852 3066 3931 Wolfgangus
3117 3858 3429 3928 Masculus,
3461 3880 3562 3919 nec

1987 3949 2167 4004 minus
2187 3947 2237 4002 J.
2270 3947 2819 4019 Cbristopborsonus,
2849 3948 2941 4020 qui
2987 3947 3216 4006 Portesii
3254 3952 3560 4009 versionem

1987 4056 2096 4095 non
2148 4041 2377 4106 viderat,
2425 4047 2645 4095 notante
2677 4037 2895 4097 Valesio
2935 4057 3058 4113 pag.
3110 4040 3215 4097 216
3265 4059 3348 4114 sq.
3384 4041 3560 4118 Hujus

1985 4134 2584 4204 Cbristopborsonianae
2603 4135 2866 4192 versionis
2890 4150 3012 4190 cum
3036 4135 3411 4207 liberquartus
3427 4154 3560 4196 casu

1984 4226 2220 4298 quodam
2254 4226 2491 4283 amissus
2523 4236 2700 4295 esset,
2749 4236 3003 4299 quartum
3051 4227 3310 4286 Nicolaus
3354 4231 3560 4290 Carrus

1985 4317 2272 4388 supplevit.
2303 4316 2546 4388 Denique
2597 4318 2739 4373 idem
2769 4317 3038 4375 Henricus
3066 4317 3319 4377 Valesius
3372 4321 3560 4378 Graeca

1985 4411 2049 4465 ad
2097 4409 2312 4466 codices
2371 4425 2503 4466 mss.
2555 4412 2873 4481 castigavit,
2921 4411 3228 4467 versionem
3277 4414 3558 4470 meliorem

1987 4507 2250 4569 notasque
2277 4500 2622 4556 doctissimas
2655 4501 2900 4570 adjunxit
2921 4500 3007 4572 (Γ).
3033 4500 3312 4558 Editiones
3337 4501 3557 4560 Latinas

1981 4599 2036 4646 et
2085 4588 2555 4656 Caeco—Latinas,
2609 4589 2734 4662 quia
2778 4592 3034 4648 Historia:
3089 4593 3456 4653 ecclesiastica:
3499 4597 3555 4650 bi

2049 4745 2116 4828 (ο
2132 4744 2406 4828 "Valesius
2444 4747 2785 4828 laudat-cod:
2839 4747 3049 4828 Fuketi,
3075 4749 3253 4828 lectt._
3289 4749 3359 4803 ad
3393 4764 3552 4828 oram

1978 4815 2104 4871 libri
2132 4815 2412 4880 Saviliani,
2444 4815 2774 4872 Turnebiaui
2805 4827 2860 4872 et
2905 4819 3028 4874 cod.
3075 4818 3276 4882 Morai,
3308 4819 3550 4874 cod'meiu

1981 4886 2314 4955 schedasque
2353 4887 2481 4941 bibl.
2537 4887 2714 4941 Paris.
2747 4885 2875 4942 Rec.
2926 4895 3012 4943 est
3063 4889 3150 4943 ed.
3192 4887 3394 4943 Valesii
3425 4904 3548 4942 cum

1979 4957 2143 5024 hujus
2176 4956 2560 5027 variorumque
2594 4960 2860 5027 adnotatt.
2889 4957 2942 5011 in
2985 4957 3068 5012 ed.
3097 4957 3361 5027 Reading.
3389 4986 3462 4997 —
3491 4957 3552 5012 In

1980 5021 2076 5082 sei
2122 5021 2488 5096 codd._bibl.'
2517 5021 2698 5080 Paris.
2741 5027 2890 5096 publ.
2939 5029 3248 5081 continetur
3277 5021 3550 5082 Eusebius

1978 5096 2057 5150 De
2118 5097 2226 5150 vita
2280 5093 2635 5150 Constantini.
2675 5093 2757 5135 —'
2792 5096 2847 5151 ln
2903 5097 3023 5150 cod.
3059 5096 3346 5160 Escorial.,
3407 5104 3550 5154 teSte

1983 5165 2174 5220 Plucro
2221 5165 2277 5218 in
2320 5163 2452 5218 Itin.
2502 5181 2594 5234 per
2640 5165 2892 5233 Hispan.,
2949 5181 3000 5234 p.
3069 5167 3192 5221 168.
3239 5165 3386 5220 -Ῑιι
3419 5167 3544 5223 cod.

1979 5235 2310 5305 Mosquensi,
2335 5241 2474 5305 teste
2503 5233 2745 5305 Strothiio
2773 5235 2828 5290 in
2863 5233 3010 5305 praef.
3044 5234 3110 5288 ad
3153 5236 3282 5290 Eus.
3340 5235 3412 5290 Η.
3453 5236 3542 5302 E.,

1979 5302 2266 5386 pagfxxn.
2295 5303 2452 5386 -τ-λιι
2477 5305 2620 5386 ξοδ.
2649 5302 3187 5386 _Mﬂedicéq-Florent.
3227 5305 3347 5374 XX,
3391 5305 3546 5386 ιιι-4,

1978 5372 2073 5445 qui
2093 5375 2334 5429 continet
2367 5373 2437 5429 Η.
2469 5372 2556 5435 E.,
2579 5375 2682 5429 sub
2714 5374 2872 5428 ﬁnem
2910 5375 3170 5430 insertum
3209 5385 3292 5433 est
3323 5372 3388 5432 ex
3437 5372 3545 5430 Eu;

1980 5446 2115 5500 scbii
2153 5443 2656 5516 YitaLConstantini,
2707 5458 2737 5516 a
2769 5458 2890 5513 cap.
2917 5445 3007 5510 24,
3052 5461 3224 5516 usque
3266 5448 3333 5502 ad
3371 5457 3544 5500 totum

1979 5530 2100 5585 cap.
2155 5514 2224 5585 42
2276 5513 2394 5566 libri
2447 5513 2486 5585 l_l
2542 5514 2826 5585 inclusive,
2857 5513 3203 5585 excerptum,
3255 5517 3543 5572 continens

1981 5583 2128 5638 illius
2153 5583 2992 5656 imperatorisconstitutionem,
3019 5583 3210 5656 quam,
3249 5587 3543 5642 destructis

1981 5655 2249 5726 tyrannis,
2278 5655 2460 5726 Graeca
2496 5654 2674 5726 lingua
2694 5654 3097 5726 _conscr_iptam,
3129 5658 3380 5726 gentibus
3411 5657 3542 5726 sub-

1981 5721 2298 5795 ditisiniisit.
2331 5722 2394 5775 V.
2415 5721 2647 5795 Bandin.
2679 5721 2799 5778 Cat.
2824 5721 2976 5780 codd.
3029 5721 3228 5791 Gr.,'l|,
3262 5725 3534 5795 pag._b'8i.

1981 5822 2052 5837 --
2111 5793 2237 5847 lluo-
2291 5794 2557 5856 pertinent
2629 5804 2999 5851 commentatt.
3067 5796 3132 5852 D.
3195 5791 3356 5851 Er'nf
3385 5791 3535 5850 Frid.
