4126 6486
521 363 590 418 47
1478 365 1836 422 "EUSEBIUS
1873 363 2361 423 CAESARIENSIS
2399 365 2730 425 EPISCOPl'
2743 369 2779 422 S
3711 372 3780 430 43

513 481 644 538 :Iibri
673 480 938 554 subiungi
961 480 1154 543 solent,
1171 493 1337 550 supra
1361 495 1511 534 num.
1543 481 1579 535 '5
1604 481 1889 536 adnotatas
1917 479 2082 534 videri

2215 479 2272 532 Ὀ
2325 479 2590 550 ἡμέτερος
2652 481 3058 552 ἱστοριογράφος
3119 480 3416 548 Εὐσέϐιος,
3464 483 3625 556 ἡνίκα
3683 489 3782 557 τήν

517 577 663 630 licet.
693 573 924 630 Tantum
975 575 1229 637 monebo,
1280 573 1337 626 in
1391 573 1722 628 editionlbus
1773 569 2098 642 quibusdam

507 668 727 726 Latinis
775 667 961 723 brevia
1023 665 1074 721 J.
1137 663 1255 722 Jac.
1313 663 1528 737 Grynei
1578 673 1631 720 et
1679 663 1898 719 Suil‘ridi
1955 663 2100 720 Petri

515 761 728 817 scholia
762 759 1020 830 adjuncta
1061 773 1204 814 esse.
1263 756 1482 812 Gallica:
1531 771 1746 827 quoque
1777 757 2100 828 interpreta-

513 853 683 907 tionis
719 851 896 908 instar
920 857 1023 914 est,
1061 850 1207 922 quod
1234 861 1456 906 auctore
1492 846 1698 904 Joanne
1730 849 1939 904 Morino
1969 865 2098 921 pro-

511 945 612 998 diit
641 959 780 1013 opus
829 963 840 997 :
895 941 1132 998 Histoire
1189 941 1252 996 de
1313 943 1366 996 la
1417 941 1714 996 delivrance
1773 943 1838 998 de
1881 943 2098 1015 l’Eglise

505 1037 830 1102 chrétienne,
869 1051 970 1103 par
1007 1035 1314 1104 l‘empereur
1347 1032 1680 1090 Constantia.
1721 1033 1898 1092 Paris.
1937 1037 2094 1104 1650,

509 1127 608 1180 fol.

579 1217 768 1274 XVIII.
796 1219 872 1274 De
899 1219 1020 1274 Vita
1038 1218 1096 1274 S.
1119 1217 1406 1286 Pamphilii
1433 1218 1707 1288 martyris,
1731 1219 2018 1289 scripsisse
2035 1237 2095 1277 se

503 1319 748 1367 testatur
783 1313 878 1368 lib.
919 1327 972 1367 γι
1007 1311 1106 1382 (a),
1147 1325 1268 1382 cap.
1319 1309 1411 1374 52,
1447 1309 1739 1374 Eusebius,
1791 1319 1844 1366 et
1879 1313 1970 1367 lib.
2017 1327 2094 1368 vn

511 1404 660 1458 Hist.
691 1404 896 1468 eccles.,
948 1419 1067 1474 cap.
1105 1403 1195 1467 52,
1231 1417 1353 1474 pag.
1384 1402 1514 1470 288,
1575 1411 1630 1460 et
1668 1403 1740 1458 De
1769 1405 2094 1474 martyribus

429 1541 432 1544 λ
509 1495 841 1560 Paltestimr,
876 1509 996 1566 cap.
1059 1495 1145 1559 11,
1183 1495 1272 1549 ubi
1332 1496 1496 1549 tribus
1533 1495 1680 1550 libris
1714 1497 2032 1552 distinctum
2061 1513 2094 1554 a

512 1604 572 1642 se
622 1603 758 1659 opus
806 1586 938 1641 illud
995 1585 1166 1642 fuisse
1195 1585 1382 1654 refert,
1417 1589 1562 1658 quod
1594 1587 1880 1644 conﬁrmat
1927 1590 2090 1645 etiam

505 1678 872 1750 Hieronymus
903 1679 958 1734 in
989 1677 1268 1749 Catalogo,
1287 1695 1406 1750 cap.
1429 1681 1589 1744 8I,et
1606 1680 1852 1736 adversus
1883 1681 2088 1752 Ruﬁn.,

505 1787 634 1844 :pag.
661 1771 782 1837 155,
819 1772 912 1827 ubi
943 1771 1112 1828 libros
1133 1771 1574 1842 elegantissimos
1605 1773 1858 1843 appellat.
1891 1773 2084 1843 Hujus,

2173 571 2720 640 Ἐκκλησιαστικὴν
2765 572 3000 642 ἔγραφεν
3051 575 3352 642 ἱστορίαν,
3385 575 3786 647 παραλέλοιπεν

2199 663 2402 724 ἐκεῖνα,
2429 657 2504 717 ὧν
2535 665 2758 736 μνήμην
2785 666 3076 734 ἐποιήσατο
3105 669 3162 718 ὲν
3191 666 3400 736 ἑτέροις
3423 666 3590 720 αὑτοῦ
3619 669 3782 738 πνοιή-

2201 769 2355 824 μασι.
2391 755 2502 808 Καὶ
2529 752 2639 824 γὰρ
2677 755 2736 806 ἓν
2779 754 2976 808 εἴκοσι
3005 755 3228 824 λόγοις,
3269 756 3544 810 τουτέστιν
3571 757 3630 810 ιν
3661 755 3784 810 δυο-

2197 845 2404 910 δεκάσι,
2433 846 2618 916 σχεδὸν
2641 847 2750 900 τῶν
2773 847 2832 899 ὲν
2867 849 3104 912 ἁπάσαις
3133 850 3424 920 ἐπαρχίαις
3453 849 3780 922 μαρτύρων,

2197 937 2508 990 ἐπισκόταυν
2531 977 2546 1002 ,
2597 938 2944 1010 ὁμολογητῶν
2992 941 3085 994 καὶ
3132 941 3306 1010 ἁγίων
3357 943 3634 1010 γυναικῶν
3682 943 3782 996 καὶ

2199 1028 2499 1100 παρθένων,
2527 1029 2909 1101 παρεσκεύασε
2951 1031 3020 1084 τὰ
3063 1030 3211 1102 πάθη
3266 1031 3541 1104 φέρεσθαι.
3589 1029 3780 1094 Miror,

2195 1121 2432 1176 Caveum
2475 1121 2602 1176 huic
2629 1123 2784 1193 aperi
2827 1123 3068 1179 tribuere
3109 1124 3278 1180 libros
3307 1139 3416 1178 non
3445 1125 3650 1194 viginti,
3683 1121 3780 1180 sed

2195 1214 2458 1276 undecim,
2515 1213 2744 1284 ejusque
2781 1215 2858 1272 rei
2897 1222 3176 1272 auctorem
3231 1217 3454 1272 laudare
3505 1215 3639 1270 Acta
3669 1212 3780 1269 Sil-

2195 1307 2371 1370 uestri,
2411 1321 2438 1360 a
2473 1305 2802 1364 Combelisio
2831 1307 2997 1364 edita.
3023 1307 3254 1380 [Forsan
3278 1309 3408 1366 illud
3435 1309 3498 1364 de
3525 1309 3780 1382 martyri-

2195 1400 2290 1452 bus
2343 1399 2672 1465 Patauium,
2705 1401 2850 1472 quod
2901 1402 2956 1455 in
2999 1401 3154 1456 cditt.
3209 1399 3284 1457 Η.
3329 1401 3395 1458 Ε.
3429 1403 3669 1460 adbaret
3711 1405 3782 1458 Ii-

2196 1492 2294 1547 bro
2323 1507 2442 1556 νηί,
2471 1501 2526 1548 et
2565 1493 2634 1549 de
2667 1509 2780 1564 quo
2807 1509 2858 1546 v.
2885 1491 3046 1546 Fabr.
3081 1493 3146 1549 Β.
3181 1491 3274 1548 Gr.
3305 1495 3414 1550 vol.
3447 1493 3538 1558 IX,
3565 1510 3687 1566 pag.
3707 1495 3780 1552 35

2194 1599 2254 1654 sq
2311 1585 2399 1640 ed.
2429 1593 2560 1650 vet.,
2591 1601 2718 1656 pars
2751 1585 2852 1640 fuit
2883 1587 3048 1656 hujus
3079 1586 3418 1642 collectioni:
3459 1591 3772 1658 martyrior.

2193 1677 2610 1750 antiquiorum]
2653 1677 2857 1734 Confer
2905 1678 2974 1734 de
3035 1679 3224 1734 eodem
3263 1693 3426 1749 opere
3467 1677 3776 1736 Eusebiano

2195 1768 2512 1826 Bollandum
2553 1771 2706 1842 prati.
2765 1771 2834 1826 ad
2885 1779 2930 1826 t.
2987 1769 3008 1824 Ι
3061 1771 3182 1828 Act.
3241 1783 3472 1826 sanctor.
3519 1770 3772 1836 Ionian,

509 1875 570 1920 ut
601 1871 775 1936 putat,
808 1863 991 1936 operis
1021 1865 1318 1936 genuinum
1342 1865 1793 1936 ἀποσπασμάτιον
1828 1867 1896 1921 de
1927 1865 2088 1920 Pam-
2119 1852 2159 1906 Β
2187 1877 2308 1932 pag.
2362 1877 2452 1916 xvr
2508 1869 2562 1916 et
2609 1879 2736 1926 xu,
2791 1869 2846 1918 et
2897 1859 3304 1920 Henscbenium
3367 1873 3406 1916 t.
3459 1861 3498 1916 II
3555 1863 3772 1931 Aprilis,

509 1957 642 2028 phili
693 1957 958 2028 martyrio
986 1955 1174 2012 Graece
1223 1973 1286 2010 ex
1333 1972 1438 2012 ms.
1468 1959 1654 2014 codice
1682 1957 1916 2013 Mediceo
1945 1961 2090 2030 regis

501 2049 968 2106 Christianissimi
1025 2049 1363 2118 descriptum
1407 2049 1624 2105 exhibet
1683 2049 2089 2120 Papebrochius

501 2149 552 2198 ι.
587 2141 752 2196 IAct.
781 2139 1098 2198 Sanctorum
1149 2138 1318 2202 Junii,
1345 2155 1468 2210 pag.
1493 2140 1676 2202 64-74,
1723 2157 1846 2195 eum
1899 2139 2089 2194 Latina

507 2232 782 2288 versione.
820 2229 1006 2302 [Fabr.
1041 2229 1095 2284 in
1137 2243 1235 2283 sua
1283 2227 1556 2300 Hippolyti
1585 2227 1722 2302 Opp.
1749 2231 1908 2294 edit.,
1944 2239 1982 2284 t.
2021 2229 2086 2292 ll,

513 2339 635 2395 pag.
661 2318 818 2390 217.]
866 2319 1061 2376 Latina
1111 2321 1200 2374 illa
1257 2335 1322 2374 ex
1361 2319 1594 2376 Eusebio
1627 2337 1690 2374 ac
1727 2321 2090 2392 Metaphraste

505 2417 778 2473 dederant
809 2414 1182 2487 Lipomannus
1212 2421 1265 2469 et
1293 2411 1490 2470 Surius
1520 2413 1546 2467 1
1569 2411 1738 2478 Junii,
1763 2423 1818 2470 et
1839 2412 2088 2471 Valesius

505 2528 633 2584 pag.
666 2509 791 2576 178,
808 2509 873 2566 ad
903 2508 1103 2565 Euseb.

579 2599 721 2656 XIX.
751 2601 874 2656 Τῶν
901 2601 1164 2676 ἀρχαίων
1180 2601 1520 2668 μαρτυρίων
1541 2597 1916 2668 συναγωγήν,
1951 2601 2090 2650 anti-

499 2707 729 2763 quorum
787 2689 1166 2760 martyriorum
1227 2688 1618 2752 collectionem,
1681 2687 1968 2756 scripsisse
2030 2703 2090 2744 se

507 2782 778 2838 Eusebius
811 2788 1042 2836 testatur
1073 2778 1130 2832 in
1161 2775 1308 2832 Hist.
1349 2778 1534 2832 eccles.
1587 2777 1684 2832 lib.
1713 2791 1788 2840 ιν,
1817 2791 1938 2846 cap.
1996 2777 2085 2841 15,

507 2889 632 2944 pag.
660 2871 783 2938 156,
815 2877 868 2924 et
915 2869 1011 2924 lib.
1049 2885 1099 2934 ν,
1149 2882 1406 2937 promm.,
1442 2881 1566 2940 pag.
1601 2867 1724 2930 155,
1755 2875 1812 2922 et
1837 2879 1958 2936 cap.
1993 2865 2084 2930 21,

505 2981 633 3040 pag.
668 2963 790 3019 189.
821 2961 900 3018 Ex
925 2963 1026 3016 hoc
1051 2976 1218 3032 opere
1247 2959 1529 3029 praeclaro,
1561 2965 1615 3014 et
1635 2957 1781 3029 quod
1819 2958 2088 3029 integrum

503 3058 574 3114 ad
596 3073 697 3112 nos
722 3053 870 3110 haud
895 3054 1210 3126 pervenisse
1238 3050 1527 3107 dolendum
1563 3057 1668 3115 est,
1699 3051 1870 3104 multa
1899 3063 2089 3120 super-

499 3165 627 3205 esse
665 3146 938 3214 videntur,
987 3145 1041 3199 in
1091 3144 1226 3198 Vitis
1259 3143 1488 3197 Patrum
1519 3142 1710 3198 Latine
1745 3142 1848 3197 sub
1893 3139 2086 3196 Hiero-

503 3241 653 3315 nymi
705 3240 925 3295 nomine
969 3237 1152 3304 editis,
1184 3245 1237 3292 et
1283 3237 1340 3291 in
1389 3235 1640 3292 Simeone
1697 3233 2080 3304 Metaphraste,

501 3335 592 3406 qui
619 3333 804 3390 Graeco
835 3333 978 3404 stylo
1027 3339 1340 3386 sanctorum
1367 3327 1522 3382 Vitas
1563 3335 1616 3382 et
1657 3328 1918 3399 martyria
1951 3341 2084 3382 con-

502 3428 658 3481 didit.
691 3423 1075 3495 Fragmentum
1105 3439 1173 3478 ex
1195 3421 1304 3476 hoc
1331 3435 1494 3492 opere
1523 3419 1834 3476 Eusebiano
1863 3419 1992 3474 dare
2023 3433 2084 3474 se

501 3519 734 3575 credidit
770 3515 1175 3587 Papebroebius
1207 3511 1584 3567 Narrationem
1613 3509 1678 3566 de
1715 3511 1890 3566 decem
1923 3507 2084 3564 mar-

505 3612 706 3683 tyribus
758 3607 997 3680 Egypti,
1029 3605 1216 3662 Griece
1270 3621 1302 3661 e
1347 3621 1452 3660 ms.
1479 3603 1742 3659 Vaticano
1777 3620 1902 3659 cum
1936 3603 2080 3658 Guil.

506 3702 692 3758 Sir-leti
720 3702 969 3758 versione
999 3705 1040 3754 t.
1076 3699 1098 3752 1
1168 3698 1288 3752 Act.
1330 3707 1562 3751 sanctor.
1604 3696 1773 3759 Junii,
1823 3711 1946 3766 pag.
1979 3697 2084 3752 420

504 3811 621 3866 seq.
659 3791 750 3848 Sic
793 3793 924 3846 Acta
979 3791 1226 3862 martyrii
1259 3789 1314 3844 S.
1345 3787 1568 3844 Luciani
1595 3787 1736 3858 apud
1769 3787 1989 3842 Surium
2029 3795 2084 3843 et

503 3885 824 3942 Bollandum
876 3883 944 3937 ad
995 3883 1028 3936 7
1080 3881 1304 3937 Januar.
1353 3879 1546 3933 Latine
1597 3879 1773 3944 edita,
1827 3877 2082 3934 Usserius

501 3979 646 4050 apud
681 3977 918 4032 Caveum
945 3974 1259 4046 suspicatus
1287 3981 1371 4026 est
1403 3969 1818 4040 Metaphrastem
1861 3971 2082 4040 petiisse

503 4089 570 4130 ex
601 4070 856 4126 Eusebio.
915 4069 1188 4138 Integram
1236 4065 1353 4135 ejus
1400 4063 1714 4136 μαρτυρίων
1759 4063 2080 4134 ἀναγραφήν

501 4165 560 4217 in
597 4162 730 4218 bibl.
767 4157 1098 4215 Scorialensi
1133 4155 1470 4228 superfuisse
1495 4154 1722 4208 afﬁrmat
1749 4151 2078 4209 Franciscus

501 4251 754 4310 Bivarius
786 4251 853 4307 ad
877 4250 1092 4306 Pseudo
1115 4247 1303 4302 Dextri
1327 4247 1641 4314 Chronicon,
1675 4245 1742 4301 ad
1767 4249 1830 4300 Α.
1863 4243 1926 4300 C.
1950 4245 2076 4301 508.

501 4345 680 4416 Atque
717 4342 881 4397 libros
935 4352 1038 4395 tres
1085 4347 1388 4412 martyrum
1435 4337 1656 4392 Eusebii
1713 4338 1956 4392 nondum
2007 4335 2076 4393 de

501 4433 692 4489 Graeco
721 4447 910 4488 versos
939 4432 1014 4487 ibi
1061 4431 1360 4493 exstitisse,
1390 4443 1458 4483 ex
1490 4429 1670 4482 indice
1695 4428 1936 4498 ejusdem
1977 4429 2076 4483 bi-

2191 1968 2312 2023 pag.
2374 1951 2512 2020 559;
2544 1953 2836 2010 Baronium
2901 1953 3044 2010 Diss.
3103 1951 3486 2024 Martyrologio
3537 1951 3776 2010 Romano

2191 2045 2489 2114 praemissa,
2525 2059 2646 2115 cap.
2677 2045 2795 2108 5-7,
2827 2051 2880 2098 et
2915 2043 3191 2100 Matthiam
3229 2043 3378 2100 Frid.
3403 2043 3660 2100 Beckium
3705 2045 3774 2100 ad

2190 2135 2634 2206 Martyrologium
2691 2135 2944 2190 Ecclesia:
3003 2133 3347 2202 Germanice,
3399 2151 3522 2208 pag.
3573 2136 3606 2190 5
3653 2151 3770 2208 seq.

2189 2227 2352 2282 FABR.
2381 2228 2436 2282 In
2467 2227 2588 2283 eod.
2619 2225 2852 2282 MCDLII
2891 2227 3020 2282 bibl.
3053 2227 3205 2298 publ.
3239 2225 3418 2283 Paris.
3447 2235 3534 2284 est
3561 2243 3618 2282 ιι.
3649 2225 3772 2283 XXI

2189 2321 2452 2385 Onesimi,
2485 2320 2578 2389 qui
2607 2318 2760 2374 Pauli
2815 2319 3120 2390 discipulus
3167 2319 3294 2388 fuit,
3325 2321 3666 2388 martyrium,
3719 2329 3776 2376 et

2187 2429 2243 2468 ιι.
2279 2411 2440 2475 XXII,
2467 2411 2758 2481 Pamphili,
2797 2410 3069 2476 Valentis,
3120 2409 3298 2476 Pauli,
3351 2409 3600 2478 Seleuci,
3641 2409 3776 2466 Por-

2190 2505 2388 2574 phyrii,
2441 2503 2708 2558 Theoduli
2771 2513 2828 2558 et
2867 2502 3073 2558 Iuliani
3131 2503 3492 2574 martyrium,
3551 2511 3774 2560 auctore

2189 2595 2445 2650 Eusebio.
2465 2594 2638 2650 ﬂans.

2260 2683 2380 2740 XX.
2410 2684 2652 2754 Epistola
2709 2686 2778 2740 ad
2813 2685 3184 2741 Constantiam
3235 2685 3548 2758 Augustam,
3577 2685 3774 2741 Licinii

2189 2797 2439 2847 lusorem,
2471 2781 2688 2836 laudata
2747 2783 2816 2838 ab
2863 2779 3242 2837 Iconomachis
3287 2783 3346 2836 in
3383 2783 3538 2837 Actis
3579 2779 3776 2852 synodi

2189 2870 2418 2926 Nicaenze
2443 2871 2716 2936 secundae,
2747 2883 2856 2928 act.
2887 2889 2943 2941 v,
2977 2888 3102 2945 pag.
3127 2873 3252 2940 608,
3273 2881 3330 2930 et
3349 2889 3427 2940 vt,
3471 2887 3595 2945 pag.
3643 2871 3772 2938 661,

2189 2973 2230 3018 t.
2285 2965 2366 3020 III.
2401 2965 2544 3020 Binii
2573 2965 2802 3038 (Labbei
2831 2975 2875 3021 t.
2913 2965 3044 3038 VII),
3073 2974 3130 3022 et
3173 2981 3204 3021 a
3251 2967 3596 3039 Nicephoro,
3627 2967 3774 3022 Con-

2189 3059 2541 3131 stantiuopol.
2569 3059 2900 3130 patriarcha,
2957 3061 3291 3133 impugnata.
3341 3061 3418 3116 Ex
3451 3061 3638 3118 eadem
3675 3061 3768 3116 Ni-

2187 3151 2458 3221 cephorus
2491 3151 2758 3225 Gregoras
2783 3167 2899 3218 six,
2929 3153 2984 3218 5,
3013 3152 3179 3219 Hist.,
3222 3155 3312 3208 ubi
3343 3153 3632 3210 Eusebium
3660 3153 3774 3210 τῶν

2185 3243 2304 3296 τότε
2349 3243 2542 3314 λογίων
2591 3245 2686 3297 τὸν
2731 3244 2948 3316 πρῶτον
3001 3244 3268 3314 appellat,
3321 3261 3444 3316 pag.
3485 3243 3769 3300 59I.Eam

2183 3337 2479 3405 pleniorem
2513 3335 2696 3392 Graice
2730 3351 2762 3392 e
2809 3351 2911 3392 ms.
2941 3335 3092 3408 regio
3117 3337 3286 3392 edidit
3323 3335 3374 3392 J.
3403 3337 3684 3394 Boivinius
3713 3337 3770 3393 in

2181 3427 2328 3482 notis
2383 3426 2614 3484 eruditis
2669 3425 2736 3480 ad
2795 3425 3023 3496 Niceph.
3079 3425 3412 3498 Gregoram,
3463 3445 3588 3500 pag.
3640 3429 3768 3484 795.

2185 3515 2438 3586 Spuriam
2487 3523 2544 3571 et
2602 3515 2840 3572 Eusebio
2875 3517 3214 3586 suppositam
3257 3533 3382 3574 esse
3409 3535 3518 3574 non
3555 3521 3770 3578 dubitat

2181 3607 2435 3664 Petavius
2481 3623 2594 3674 ιιν,
2625 3607 2680 3674 9,
2719 3609 2905 3680 Dogm.
2945 3611 3098 3664 theol.
3131 3609 3194 3665 de
3229 3609 3622 3669 lucos-natione.
3657 3613 3764 3669 Ser'

2183 3698 2419 3754 Eusebio
2477 3709 2626 3754 recte
2675 3715 2708 3754 a
2757 3701 2978 3757 laudato
3027 3701 3256 3757 Boivino
3311 3703 3640 3760 vindicatur.
3705 3703 3752 3760 It

2181 3791 2376 3846 iisdem
2407 3791 2560 3847 Actis
2587 3789 2820 3847 Nicmnze
2853 3791 3046 3864 synodi
3077 3793 3300 3848 aﬂ'ertur
3333 3797 3496 3850 etiam
3535 3797 3754 3868 aliquid.

2181 3898 2304 3953 pag.
2329 3883 2434 3938 608
2460 3891 2514 3938 et
2539 3881 2668 3948 662,
2695 3899 2758 3939 ex
2797 3885 3030 3955 epistola
3071 3885 3286 3942 Eusebii
3337 3889 3416 3960 ad,
3437 3889 3762 3960 Euphratio-

2181 3989 2305 4028 nem
2353 3977 2468 4032 sive
2497 3974 2930 4047 Euphrasionem
2969 3987 3023 4032 et
3046 3977 3112 4034 ad
3133 3949 3500 4036 Alexandriam
3525 3981 3760 4038 Alexan-

2179 4065 2418 4123 drinum.

2592 4161 2784 4217 Latine
2823 4171 3027 4216 tantum
3073 4173 3286 4218 exstant
3319 4179 3340 4218 :

2245 4247 2387 4304 XXI.
2414 4251 2684 4324 Apologia:
2713 4269 2807 4322 pro
2837 4253 3057 4324 Origene
3085 4253 3214 4308 liber
3244 4257 3468 4324 primus,
3489 4269 3556 4310 ex
3575 4251 3756 4310 Ruﬁni

2177 4341 2446 4405 versione,
2503 4341 2648 4398 inter
2691 4341 2941 4414 Origenis
2993 4351 3156 4415 atque
3217 4343 3530 4416 Hieronymi
3583 4345 3757 4416 Opera

2177 4433 2373 4501 saepius
2399 4433 2500 4488 sub
2539 4432 2804 4504 Pamphili
2833 4437 3053 4492 nomine
3079 4437 3278 4493 editus.
3313 4437 3377 4492 Et
3413 4453 3544 4494 sane
3573 4453 3640 4493 ex
3663 4455 3758 4493 vo-

503 4529 789 4584 bliothecae
839 4543 894 4585 a.
932 4525 1066 4582 1579
1097 4525 1289 4582 didicit
1335 4533 1391 4579 ct
1427 4523 1496 4578 ad
1533 4523 1826 4578 Baronium
1856 4523 2078 4594 scripsit
2106 4541 2152 4598 ι)
2182 4525 2480 4582 luminibus
2521 4543 2616 4583 sex
2663 4529 2762 4600 (tot
2806 4531 2950 4585 enim
2995 4531 3252 4601 Apologia
3285 4531 3376 4584 illa
3413 4530 3584 4586 libros
3609 4545 3758 4586 com-

505 4621 828 4687 Lindanus,
891 4628 952 4674 ut
1015 4626 1205 4674 narrat
1269 4615 1536 4672 Baronius
1599 4615 1668 4670 ad
1728 4614 2074 4687 Martyrolog.

496 4717 566 4772 23
599 4713 750 4784 Sept.
801 4713 1020 4770 Duabus
1069 4712 1331 4765 librorum
1387 4707 1683 4765 decadibus
1732 4709 1846 4763 sive
1898 4709 2080 4780 uiginti

497 4809 648 4861 tibris
675 4805 990 4862 constitisse
1017 4805 1146 4857 illud
1179 4819 1337 4872 opus,
1373 4803 1536 4856 tradit
1566 4802 1800 4872 scriptor
1827 4801 2078 4856 Actorum

495 4897 554 4952 S.
602 4895 870 4960 Silvestri,
895 4893 1038 4966 apud
1067 4892 1414 4947 Lambecium
1433 4899 1476 4946 t.
1506 4890 1642 4956 VIII,
1673 4905 1728 4960 p.
1761 4891 1856 4945 521
1879 4890 1954 4963 [p.
1970 4891 2076 4946 685

497 5007 580 5060 sq.
637 4989 726 5048 ed.
791 4985 1046 5060 Kollar.].
1089 4984 1266 5044 Verba
1328 4985 1618 5058 scriptoris
1681 4984 1829 5040 illius
1889 4991 2070 5040 sunt:

499 5179 990 5255 Wernsdorﬁi_De
1026 5181 1493 5255 Cuns_tantini_IiI.
1535 5183 1802 5255 religione
1827 5183 2070 5255 paschali

503 5253 587 5326 ad
629 5253 1331 5326 Euseb.Deivita__Co_nst.
1385 5251 1462 5326 tif.
1495 5251 1757 5326 _libr.'tv,
1811 5251 1930 5326 cap.
1977 5255 2068 5322 22,

500 5319 726 5380 Witteb.
760 5325 918 5390 1758,
942 5325 995 5390 4,
1023 5333 1077 5380 et
1112 5323 1170 5378 D.
1209 5319 1436 5378 Erhard.
1481 5323 1678 5380 Anton.
1721 5319 2068 5380 Frominanni

499 5393 582 5448 De
601 5393 972 5464 coddLsacris,
985 5395 1144 5464 jussu
1166 5393 1502 5464 Constantini
1545 5395 1608 5448 ab
1645 5394 1873 5452 Eusebio
1915 5413 2072 5450 cura-

504 5467 592 5526 tis,
627 5463 695 5519 ad
749 5463 944 5521 Euseb.
989 5463 1165 5520 Vitam
1211 5463 1395 5520 Const.
1431 5465 1554 5520 libr.
1605 5483 1680 5532 ιν,
1725 5483 1777 5522 c.
1833 5465 1920 5522 56.
1965 5466 2069 5522 Co-

501 5535 660 5605 burg.
689 5535 846 5608 1761,
872 5535 950 5608 ,4,
983 5551 1161 5592 recus.
1193 5536 1251 5590 in
1281 5537 1396 5608 ejus
1425 5539 1704 5608 opusculis
1755 5537 2068 5608 philologici

502 5613 660 5673 atque
693 5605 961 5678 historici
985 5605 1321 5678 argumenti,
1340 5605 1575 5678 Coburgi
1609 5605 1772 5673 177οξ
1799 5609 1854 5673 8,
1885 5623 1936 5678 ρ.
1964 5609 2068 5664 505

501 5691 622 5744 sqq.
679 5705 769 5748 -_-7
801 5675 1102 5748 Eusebius}
1147 5675 1285 5748 Life,
1317 5678 1376 5748 of
1417 5675 1764 5742 Constantin,
1815 5675 1938 5732 wiih
1999 5697 2066 5733 an

500 5743 710 5818 ora’ison
753 5747 805 5798 in
837 5747 916 5798 his
949 5743 1151 5818 Praise,
1185 5743 1286 5798 a’nd
1321 5743 1401 5800 Itis
1443 5749 1648 5801 oration
1680 5759 1732 5800 to
1757 5749 1838 5801 the
1871 5749 2061 5818 clergy.

495 5815 666 5874 Loud.
731 5819 880 5872 ιϋδτ.
927 5844 996 5855 --
1051 5817 1354 5872 Saltonftall
1419 5821 1595 5874 vcrsio
1653 5819 1916 5891 Anglico,
1969 5815 2063 5874 ad-

2181 4619 2340 4688 plcxa
2393 4621 2500 4689 est)
2554 4619 2894 4692 Pamphilum
2947 4639 3056 4676 una
3111 4639 3236 4678 cum
3289 4621 3524 4678 Eusebio
3573 4625 3754 4694 priora

2181 4714 2418 4784 quinque
2447 4717 2841 4786 composuisse,
2895 4725 3110 4772 sextum
3140 4717 3210 4772 ab
3243 4715 3478 4772 Eusebio
3511 4719 3752 4772 additum

2177 4819 2318 4872 esse,
2350 4813 2578 4861 testatur
2629 4805 2858 4862 Pbotius
2901 4807 3024 4862 cod.
3059 4823 3228 4862 cxvm
3281 4807 3378 4880 (ὁ).
3409 4807 3610 4864 Confer
3639 4807 3750 4864 Eu-

2177 4899 2387 4956 sebium
2417 4902 2594 4972 ipsum
2627 4917 2704 4966 γι,
2734 4903 2822 4966 55,
2881 4901 3048 4964 Hist.,
3079 4909 3132 4955 et
3177 4917 3296 4971 quae
3339 4902 3408 4958 de
3449 4901 3552 4958 hoc
3590 4917 3752 4973 opere

2177 4989 2552 5050 Tillemontius
2579 5003 2622 5050 t.
2645 4993 2690 5050 V
2726 4993 2948 5050 Mentor.
3003 4995 3208 5060 eccles.,
3233 5003 3386 5066 parte
3421 5011 3504 5060 in,
3527 5011 3646 5066 pag.
3683 4995 3754 5048 60

2172 5187 2402 5313 gitzlest
2427 5193 2666 5250 versioni
2701 5191 2774 5249 Η.
2815 5193 2882 5250 Ε.
2913 5195 2980 5252 de
3007 5211 3114 5267 qua
3145 5210 3310 5266 supra
3347 5194 3462 5266 jam
3515 5195 3750 5268 egimus.

2223 5283 2250 5313 Α
2331 5302 2344 5313 .

2223 5277 2526 5402 Agitabat-et
2553 5333 2626 5390 ibi
2649 5333 3044 5402 Eusebius,illo
3067 5351 3126 5394 se
3165 5335 3218 5390 in
3253 5351 3416 5402 opere
3437 5337 3750 5392 exhibuisse

2171 5401 2402 5478 stivam;
2433 5403 2548 5478 sive
2579 5405 2787 5461 indices
2835 5401 3096 5462 librorum
3149 5415 3262 5461 tum
3294 5401 3583 5478 ’Origenis.
3632 5415 3750 5478 tum

2171 5473 2400 5547 aliorum
2429 5476 2754 5544 scriptorum
2783 5479 3302 5542 ecclesiasticarum,
3334 5473 3470 5547 quos
3491 5477 3748 5547 Pamphi-

2169 5543 2256 5665 lus
2293 5559 2506 5600 summo
2542 5543 2723 5602 Studio
2755 5547 3096 5604 bibliothecae
3135 5563 3244 5602 suae
3273 5543 3603 5604 adornanda:
3627 5543 3747 5602 col-

2189 5623 2390 5666 egerat.

2219 5629 2472 5752 gé’gmiist
2523 5687 2664 5744 inter
2723 5689 2878 5742 codd.
2945 5687 3166 5743 Latinos
3227 5689 3354 5742 bibl.
3415 5687 3630 5742 Venetae
3675 5686 3738 5742 D.

2167 5751 2356 5876 ﬁniti,
2389 5754 2508 5810 cod.
2539 5755 2824 5815 XXXVIII.
2861 5759 2914 5814 V.
2951 5759 3072 5816 Cat.
3115 5759 3266 5814 codd.
3303 5757 3448 5824 Lat.,
3487 5775 3608 5830 pag.
3651 5757 3740 5816 17.

2219 5841 2339 5878 ABL.
