4126 6474
561 435 620 490 ει
1547 438 1882 496 EUSELIUS
1920 437 2394 498 cmsamsnsns
2433 437 2829 498 EPISCOPUS.
3721 425 3790 479 δί

562 553 808 610 'l'enzelii
833 552 976 608 Diss.
1009 554 1258 620 selectas,
1292 571 1346 630 p.
1378 555 1482 610 504
1518 571 1636 624 seq.
1685 553 1911 610 Exstant
1933 552 2087 608 Latin

2185 588 2198 616 ι
2303 555 2370 610 Ἦ
2402 555 2628 610 καθόλου
2663 549 3006 622 στοιχειὼδης
3033 551 3327 622 εἰσαγωγὴ.
3357 551 3533 623 Supra
3563 569 3618 610 ιι.
3647 554 3698 607 5.

559 642 702 712 apud
733 641 1130 710 Mombritium,
1157 651 1292 700 tom.
1325 644 1404 710 ll,
1441 653 1496 701 et
1525 646 1628 698 alia
1659 661 1724 700 ex
1765 644 2126 716 Metaphraste

557 733 704 804 apud
743 733 1328 805 Lipomannum,tom.
1353 735 1422 798 V,
1447 745 1502 792 et
1539 735 1756 792 Surium
1793 736 1860 790 ad
1893 737 1954 792 5i
1995 737 2122 794 Dec.

555 825 744 883 Edidit
791 835 846 883 et
907 827 1263 886 Combellsius
1310 832 1444 886 Acta
1475 831 1726 902 Sylvestri
1771 841 1821 886 et
1859 831 2123 888 Constan-

555 918 656 972 tini
677 957 692 984 ,
722 935 754 975 e
773 919 974 990 quibus
1005 921 1424 993 disputationem
1451 921 1957 990 adversusiJudaeos
1984 939 2121 994 prae-

555 1018 712 1066 sente
739 1011 1100 1070 Constantino
1143 1029 1172 1068 a
1207 1013 1481 1086 Sylvestro
1517 1022 1570 1071 et
1613 1015 1840 1071 Zambre
1879 1017 2118 1072 habitam

553 1103 752 1172 repetit
795 1102 853 1160 in
903 1104 1044 1161 Bibl.
1085 1107 1492 1170 concionatoria,
1533 1115 1576 1160 t.
1631 1105 1708 1172 ll,
1753 1107 1822 1162 ad
1877 1105 2030 1162 Dom.
2099 1125 2114 1162 ι

553 1192 1014 1268 Quadragesimre.
1045 1197 1124 1252 Ex
1161 1197 1270 1254 illis
1307 1198 1534 1254 hausere
1557 1197 1798 1255 Zonaras
1825 1215 1886 1254 ac
1917 1199 2118 1254 Cedre-

553 1300 662 1342 nus
686 1327 701 1351 ,
729 1295 784 1343 et
815 1291 872 1344 in
897 1289 1180 1346 Chronieis
1217 1305 1348 1344 mss.
1387 1289 1650 1362 Georgius
1689 1289 2033 1346 llamartolus
2059 1301 2114 1346 et

555 1373 780 1432 Simeon
819 1377 1132 1452 Logotheta.
1181 1379 1316 1436 Vide
1367 1377 1634 1452 Cangium
1683 1379 1752 1434 ad
1811 1379 2106 1448 Zonaram,

553 1481 678 1539 pag.
707 1468 794 1524 28.

1089 1559 1283 1616 XXIV.
1317 1559 1553 1616 Inedita.

615 1644 766 1701 Libri
823 1664 876 1703 ιν
935 1648 1249 1722 Eclogarum
1299 1651 1747 1720 propheticarum,
1795 1651 1862 1708 de
1909 1652 2108 1722 quibus

547 1751 711 1808 supra
732 1754 788 1792 ιι.
809 1735 876 1796 ιι.
913 1737 1036 1796 Vide
1065 1740 1196 1799 ibid.
1221 1740 1612 1798 adnotationem
1639 1751 1896 1798 nostram.
1921 1741 2102 1813 (Enn.

545 1828 742 1904 Pun.)

2295 647 2682 702 Ecclesiasticce
2735 645 3204 700 Demonstrationis
3261 645 3402 700 libri.
3449 645 3604 702 th.
3655 647 3778 706 cod.

2219 754 2314 795 xu.
2375 741 2712 797 Colomesius
2749 749 2980 811 quatuor
3019 739 3187 795 libros
3226 737 3394 794 fuisse
3433 747 3623 809 putat,
3654 742 3782 810 quia

2219 840 2453 902 quatuor
2480 833 2600 886 libri
2625 831 2940 902 Eclogarum
2961 831 3380 900 propheticarum
3407 839 3624 886 exstant
3645 847 3778 888 mss.

2217 927 2274 978 in
2319 925 2450 980 bibl.
2487 923 2890 978 Vindobouensi
2933 943 2947 978 :
2995 923 3088 979 sed
3131 923 3188 977 in
3238 924 3386 978 calce
3435 923 3558 978 libri
3599 925 3780 992 quarti

2217 1017 2432 1072 illarum
2486 1015 2804 1088 Eclogarum
2845 1018 3046 1072 diserte
3085 1015 3250 1070 tradit
3291 1013 3586 1076 Eusebius,
3635 1015 3780 1069 hunc

2213 1125 2338 1165 esse
2369 1110 2564 1164 librum
2607 1113 2789 1180 operis
2823 1123 3044 1164 nonum.
3079 1107 3144 1162 Et
3193 1107 3414 1178 Eclogns
3455 1109 3778 1176 propheticus

2213 1199 2562 1254 verisimilius
2601 1201 2796 1254 habeat
2835 1200 3030 1270 aliquis
3081 1213 3178 1268 pro
3217 1207 3368 1267 parte
3411 1197 3508 1266 τῆς
3551 1197 3777 1252 καθόλου

2211 1291 2586 1360 στοιχειώδους
2623 1289 2956 1358 εἰσαγωγῆς,
3003 1297 3060 1342 ιιι
3103 1287 3282 1342 notavi
3331 1302 3494 1356 supra
3537 1303 3686 1340 num.
3719 1287 3772 1343 3.

2209 1377 2490 1437 Laudatur
2525 1381 2739 1436 Eusebii
2778 1381 3230 1450 Ἐκκλησιαστικὴ
3261 1377 3532 1444 ἀπόδειξις
3559 1379 3612 1434 in
3643 1378 3776 1434 lure

2210 1471 2688 1536 Greco-Romano,
2735 1471 2859 1526 libr.
2901 1486 2974 1531 tv,
3001 1485 3120 1540 pag.
3153 1469 3280 1524 295.

2279 1565 2480 1620 Contra
2515 1564 2870 1634 Porphyrium
2893 1577 2992 1634 pro
3013 1563 3326 1618 Christiana
3365 1563 3622 1634 religione
3649 1562 3772 1618 libri

2207 1671 2333 1711 xxx.
2375 1655 2530 1712 Suid.
2571 1651 2648 1708 De
2677 1653 2878 1723 quibus
2917 1658 3126 1706 tantum
3153 1651 3342 1721 viginti
3389 1649 3454 1704 ad
3489 1665 3548 1706 se
3585 1665 3774 1718 perve-

2205 1751 2392 1814 nisse,
2449 1751 2524 1802 ait
2567 1745 2924 1816 Hieronymus
2975 1759 3092 1813 cap.
3149 1742 3212 1808 81
3266 1741 3526 1812 Catalogi.
3565 1740 3772 1796 Horum

2205 1843 2380 1897 tribus
2427 1840 2720 1912 postremis
2763 1837 3110 1901 coniutasse,
3139 1851 3260 1905 qua:
3297 1843 3486 1889 contra
3531 1832 3771 1889 Danielis

615 1925 998 2001 Fragmentum
1017 1931 1082 1986 de
1117 1932 1376 1988 mensuris
1397 1947 1461 1988 ac
1483 1932 1820 2002 ponderibus.
1863 1931 1994 1990 Mss.
2029 1931 2101 1986 ls.
2137 1903 2181 1960 Β
2207 1903 2522 2006 prophetiae
2549 1938 2831 2002 argutatus
2855 1929 2994 1984 idem
3021 1903 3352 2000 Porphyrius
3381 1925 3572 1988 fuerat,
3605 1933 3772 1980 testa-

541 2013 723 2075 Vossii
752 2035 808 2075 ιι.
845 2019 967 2078 179.
989 2020 1154 2078 ann.
1175 2051 1248 2064 —
1265 2021 1363 2078 Est
1383 2024 1438 2078 in
1459 2023 1582 2080 cod.
1598 2021 1803 2078 Veneto
1823 2021 1887 2079 Ι).
1913 2021 2102 2078 Marci.

540 2113 688 2186 (Vid.
711 2113 887 2172 Catal.
919 2117 1072 2172 codd.
1107 2116 1225 2182 Gr.,
1253 2133 1308 2190 p.
1343 2117 1494 2192 261.)
1515 2147 1586 2158 —
1605 2117 1750 2175 Inter
1765 2117 1929 2175 codd.
1965 2116 2104 2176 Vos-

539 2206 730 2262 sianos
787 2223 848 2264 n.
919 2207 1202 2264 MMCCXC
1277 2207 1420 2281 (Cat.
1494 2210 1646 2267 codd.
1710 2211 1952 2283 Anglice,
2021 2211 2097 2276 ll,

539 2312 596 2367 p.
638 2295 750 2364 62).
793 2295 1012 2356 Eusebii
1040 2299 1232 2373 fragm.
1279 2301 1344 2357 de
1379 2304 1638 2359 mensuris
1671 2311 1722 2360 et
1761 2301 2098 2374 ponderibus.

537 2389 883 2538 mgimorte
917 2482 1144 2540 Herodis
1165 2523 1182 2551 ,
1221 2501 1324 2544 ms.
1352 2485 1410 2542 in
1443 2486 1574 2543 bibl.
1605 2485 1770 2544 Basil.

605 2569 864 2641 Praefatio
906 2575 975 2629 ad
1009 2574 1288 2632 Canticum
1319 2573 1486 2632 Hosis
1512 2579 1566 2631 in
1599 2575 1806 2634 Exodo.
1839 2575 2092 2634 Lambec.

531 2659 636 2726 ιιι.
671 2675 726 2734 p.
752 2663 822 2718 35
850 2663 948 2735 (a).

821 2755 992 2812 XXV.
1024 2756 1240 2828 Scripta
1279 2758 1492 2816 Eusebii
1518 2760 1806 2832 deperdita.

599 2845 798 2904 Praeter
843 2849 1044 2904 multas
1093 2857 1274 2920 partes
1321 2867 1581 2922 operum,
1627 2853 1696 2909 de
1741 2853 1940 2926 quibus
1977 2855 2090 2926 jam

528 2937 734 2994 dictum
786 2946 902 3006 est,
951 2939 1320 2998 ecclesiasticae
1354 2946 1767 3014 Prceparatianis
1819 2946 1974 3012 libri,
2032 2949 2088 3002 in

525 3032 728 3105 quibus
765 3031 998 3104 Eclogar.
1040 3031 1196 3088 Phot.
1237 3035 1360 3091 cod.
1387 3053 1442 3091 xi
1463 3076 1478 3103 ,
1509 3037 1602 3094 ubi
1633 3055 1894 3097 numerus
1921 3041 2088 3096 libro-

523 3143 645 3184 rum
673 3129 892 3184 excidit.

2203 2033 2294 2080 tur
2323 2027 2466 2082 idem
2507 2019 2962 2094 llieronymusad
2989 2021 3274 2076 Danielem.
3299 2017 3440 2072 Alibi
3471 2019 3636 2074 libros
3665 2035 3770 2074 xxv

2201 2123 2482 2181 numerat,
2509 2115 2672 2186 epist.
2725 2113 2795 2168 ad
2843 2111 3092 2184 Magnum
3137 2119 3428 2168 oratorem.
3459 2108 3670 2165 Laudat
3711 2119 3768 2166 et

2203 2207 2456 2264 Socrates
2489 2223 2580 2272 ιιι,
2607 2207 2710 2272 25,
2741 2221 2864 2276 pag.
2885 2205 3011 2260 200.
3043 2201 3156 2258 Hoc
3191 2218 3328 2274 opus
3365 2201 3550 2258 Romae
3587 2203 3766 2258 adhuc

2197 2301 2438 2365 servari,
2463 2300 2628 2354 nimis
2651 2307 2854 2353 temere
2883 2295 3042 2350 multi
3065 2293 3294 2349 credunt
3317 2335 3333 2360 ,
3359 2295 3534 2364 inquit
3557 2293 3766 2349 llolste—

2197 2395 2324 2450 nius
2363 2393 2439 2448 De
2483 2391 2766 2462 Porphyrii
2815 2391 3056 2458 scriptis,
3095 2401 3216 2460 pag.
3261 2387 3352 2440 63.
3397 2387 3764 2456 Apollinarem

2195 2485 2287 2554 iis,
2317 2501 2438 2556 qua:
2466 2483 2735 2540 Eusebius
2765 2491 2820 2538 et
2845 2479 3152 2538 Methodius
3187 2485 3378 2534 contra
3403 2477 3762 2550 Porphyrium

2193 2577 2439 2648 scripsit,
2469 2573 2684 2646 praefert
2713 2572 3110 2644 Philostorgius
3137 2587 3266 2637 vui,
3299 2569 3385 2626 14.
3427 2569 3516 2642 [ν.
3553 2571 3660 2626 vol.
3693 2567 3761 2633 ν,

2195 2683 2318 2739 pag.
2351 2665 2499 2739 747.]

2261 2757 2509 2829 Ἐλέγχου
2539 2757 2632 2812 καὶ
2659 2755 2992 2826 Ἀπολογίας,
3019 2752 3404 2824 Confutationis
3423 2759 3474 2808 et
3495 2751 3762 2822 Apologia!

2191 2864 2294 2921 pro
2330 2849 2644 2905 Christiana
2679 2847 2942 2919 religione
2979 2845 3237 2902 adversus
3285 2843 3628 2900 ethnicorum
3657 2843 3758 2898 ob-

2185 2941 2484 3012 iectiones,
2519 2941 2642 2994 libri
2679 2941 2822 3004 duo,
2857 2947 3020 3011 atque
3053 2939 3142 2993 alii
3191 2937 3316 2993 libri
3361 2936 3470 2992 duo
3516 2935 3760 3004 ejusdem

2187 3033 2492 3104 argumenti
2513 3041 2567 3088 et
2587 3031 2870 3088 sententiis
2889 3031 3176 3100 verbisque
3192 3027 3578 3100 propemodum
3595 3027 3756 3082 iidem

2187 3125 2348 3196 (forte
2379 3125 2546 3179 altera
2573 3125 2812 3194 priorum
2838 3123 3086 3192 ἔκδοσις).
3111 3121 3267 3175 Phot.
3285 3119 3408 3175 cod.
3443 3133 3566 3173 xm.
3591 3115 3752 3170 Falli-

588 3219 990 3294 -[Εὐαγ·γε.ιικὴ
1021 3223 1343 3292 Θεοφάνεια
1363 3223 1447 3279 bis
1475 3224 1676 3280 citatur
1703 3225 1756 3280 in
1789 3223 1992 3281 Catena
2025 3227 2080 3282 in

2185 3225 2273 3272 tur
2303 3215 2570 3280 Valesius,
2602 3217 2694 3288 qui
2725 3217 2892 3271 libros
2919 3224 3102 3268 contra
3131 3211 3481 3281 Porphyrium
3511 3225 3634 3263 cum
3667 3208 3757 3298 his

518 3312 718 3370 Lucam
741 3317 800 3371 in
825 3319 948 3374 cod.
971 3315 1274 3375 Vindobon.
1293 3317 1542 3374 Caesareo
1563 3317 1720 3386 XLII,
1749 3327 1888 3376 teste
1925 3320 2088 3376 Lam-

517 3412 675 3468 becio
702 3413 1082 3484 Commentar.,
1113 3425 1246 3473 tom.
1291 3417 1380 3480 Ill,
1420 3433 1474 3488 p.
1518 3417 1654 3485 ιδθ,
1695 3426 1809 3474 ιιοι.
1841 3420 1895 3474 4.
1923 3419 2083 3477 Conf.

515 3518 719 3576 supra,
751 3523 808 3562 ιι.
843 3507 898 3564 8.
932 3507 1104 3564 Ηιιιι..
1153 3511 1534 3583 Fragmentum
1567 3527 1630 3568 ex
1665 3511 1884 3568 Eusebii
1912 3513 2086 3583 Opere

515 3596 736 3666 deperd.
787 3597 1120 3669 Theophania
1160 3619 1340 3675 evang.
1390 3621 1420 3661 e
1465 3607 1592 3662 cod.
1635 3605 1860 3662 Coislin.
1909 3605 2082 3668 Giitt.,

517 3687 692 3754 1740,
746 3687 828 3762 4.]
887 3691 1045 3763 (Vide
1091 3704 1270 3749 notam
1307 3707 1543 3752 nostram
1589 3699 1693 3756 col.
1757 3699 1850 3756 25.
1899 3697 2084 3768 Εοιτ.)

584 3779 798 3838 Caveus
840 3782 946 3848 ait,
999 3785 1056 3839 in
1115 3785 1248 3842 bibl.
1296 3788 1629 3856 Bodleiana,
1679 3791 1801 3846 cod.
1853 3791 2082 3847 Barocc.

513 3869 796 3940 CXLVIII,
808 3884 1022 3930 exstare
1037 3893 1103 3932 no
1112 3894 1216 3932 rem
1229 3880 1472 3935 homilias
1493 3882 1596 3938 sub
1611 3882 1821 3938 Eusebii
1841 3883 2078 3946 nomine.

513 3964 572 4020 in
620 3969 936 4022 memoriam
967 3979 1278 4025 sanctorum
1297 4010 1314 4035 ,
1339 3973 1434 4027 sed
1467 3973 1702 4044 spurias.
1733 3973 1922 4029 Exstat
1954 3991 2084 4030 vero

509 4057 588 4113 ibi
615 4057 776 4114 unica
801 4061 1202 4129 tantummodo,
1227 4078 1348 4134 qua:
1369 4079 1510 4118 nona
1547 4065 1886 4120 inscribitur.
1913 4065 2078 4120 ann.

515 4149 636 4204 Vid.
667 4165 834 4221 supra
856 4191 873 4218 ,
905 4153 972 4207 ad
1008 4171 1066 4209 ιι.
1101 4154 1190 4220 25,
1229 4155 1298 4210 de
1337 4156 1556 4212 homilia
1595 4157 1674 4212 De
1702 4159 2082 4213 resurrectione

509 4240 784 4298 adnotata.

578 4333 720 4400 Opas
743 4336 994 4394 adversus
1033 4339 1256 4396 haereses
1296 4342 1476 4398 atheas
1521 4343 1771 4414 promisit
1809 4343 2076 4400 Eusebius

501 4423 559 4480 in
604 4426 712 4482 ﬁne
757 4428 880 4482 libri
911 4446 964 4484 iv
993 4429 1314 4502 Eclogarum
1337 4473 1353 4499 ,
1413 4443 1550 4490 teste
1585 4433 1836 4494 Lambec.
1866 4437 2069 4494 Comm.

497 4516 566 4570 de
589 4517 714 4574 bibl.
745 4518 1012 4586 Cwsarea,
1039 4539 1162 4595 pag.
1191 4525 1318 4580 202.

569 4609 856 4680 Prop/retia
883 4611 1097 4668 Eusebii
1128 4615 1326 4670 Caesar.
1371 4627 1420 4672 et
1462 4619 1646 4688 fratris
1676 4617 1976 4676 Columbini
1999 4623 2063 4678 de

495 4703 811 4773 quibusdam
843 4709 1102 4762 eventuris
1137 4713 1190 4762 in
1233 4708 1536 4764 Christiano
1583 4711 1726 4778 orbe,
1749 4711 1960 4780 Latine,
2001 4721 2061 4770 ut

493 4795 742 4862 videtur,
781 4797 836 4852 in
879 4799 1010 4854 bibl.
1041 4801 1244 4856 Bodlei.
1293 4803 1435 4858 inter
1479 4803 1642 4859 codd.
1691 4803 1934 4862 Kenelmi
1965 4804 2058 4861 Di-

491 4889 626 4958 gbaei
646 4929 661 4954 ,
691 4905 750 4945 ιι.
783 4889 1118 4958 MDCCIHC,
1153 4893 1313 4950 catal.
1354 4894 1506 4951 codd.

561 4981 619 5036 ln
657 4981 934 5040 Anastasii
979 4985 1370 5052 Questionibus
1413 4999 1464 5044 et
1505 4993 1925 5060 responsionibus
1948 5035 1962 5058 ,
1996 5011 2060 5048 ea:

490 5075 652 5127 uariis
683 5073 785 5130 SS.
805 5077 1076 5144 partibus,
1107 5079 1161 5132 in
1197 5077 1420 5136 Niconis
1447 5079 1853 5138 Collectionibus
1883 5102 2058 5154 rerum

461 5159 768 5220 'moralium
829 5167 1060 5238 aliisque
1107 5177 1238 5224 vett.
1285 5169 1380 5226 Gr.
1423 5169 1700 5244 ﬂorilegiis
1747 5177 1949 5246 passim
2001 5176 2056 5230 in

487 5253 646 5308 codd.
687 5255 938 5323 Coislin.,
969 5259 1390 5330 Mediceis,etc.,
1429 5263 1729 5336 fragmenta
1762 5279 2058 5326 occurrunt

485 5342 812 5401 Eusebiana.
847 5347 1015 5408 Ηιιιι..

556 5565 634 5638 (a)
661 5566 718 5620 ln
751 5567 937 5642 codice
962 5586 1286 5642 pergameno
1310 5577 1493 5631 saeculi
1524 5593 1600 5632 xn
1625 5581 1708 5636 vel
1731 5597 1830 5636 xm
1859 5581 2056 5638 biblio-

483 5637 653 5724 thecae
699 5637 1075 5724 uniyersitatis
1115 5641 1506 5724 Lfvaniensis,
1547 5651 1604 5724 4ο
1649 5667 1836 5720 parvo,
1891 5669 1944 5724 p.
1986 5637 2056 5710 57

481 5707 679 5792 legitur
722 5729 734 5762 :
769 5708 1086 5792 qmelieuxu
1129 5711 1340 5792 Eusebi
1376 5707 1702 5792 Cesaijens'is
1731 5707 1962 5792 epiicdpi
1991 5707 2054 5778 ile

477 5775 689 5848 Pascha
727 5780 878 5834 ualde
905 5781 1063 5836 utiles
1082 5821 1096 5842 ,
1128 5787 1384 5838 translate
1421 5787 1484 5840 de
1515 5775 2048 5848 Grecoiin'Latinum:

482 5847 706 5905 --Itcm
737 5867 1000 5908 sermones
1035 5853 1268 5922 ejusdem
1293 5871 1348 5909 ιιι
1381 5857 1443 5910 de
1488 5865 1787 5918 ascensione
1819 5847 2048 5922 Domini.

2191 3308 2345 3364 libris
2395 3307 2696 3362 confundit.
2743 3305 2852 3360 Nec
2899 3303 3080 3360 minus
3129 3301 3332 3355 fallitur
3381 3299 3622 3362 Caveas,
3657 3297 3757 3368 qui

2187 3415 2312 3454 cum
2353 3399 2439 3454 bis
2479 3397 2764 3454 confundit
2809 3395 3197 3466 Apologeticum
3243 3392 3464 3448 Eusebii
3509 3407 3605 3460 pro
3649 3389 3752 3458 ﬁds

2186 3507 2316 3555 sua,
2354 3489 2422 3544 de
2448 3505 2554 3561 quo
2588 3503 2754 3559 supra
2782 3505 2931 3542 num.
2963 3489 3016 3544 9.

2258 3579 2444 3634 Oratio
2477 3579 2540 3634 de
2573 3579 2793 3633 basilica
2813 3577 3319 3650 Hierosolymitana,
3341 3576 3636 3632 Seroatoris
3665 3591 3748 3630 se-

2184 3669 2400 3738 pulcro,
2451 3683 2514 3722 ac
2561 3669 2625 3722 de
2669 3667 2906 3724 donariis
2945 3667 3020 3722 ibi
3067 3667 3364 3730 dedicatis,
3393 3681 3586 3737 quam,
3623 3665 3750 3719 licet

2183 3756 2516 3827 longiorem,
2547 3765 2696 3812 stans
2753 3757 3045 3826 imperator
3091 3756 3478 3814 Constantinus
3531 3756 3748 3813 auscul-

2183 3849 2335 3902 tavit.
2369 3847 2566 3903 Euseb.
2595 3863 2669 3912 Iv,
2701 3849 2792 3912 55,
2819 3847 2896 3901 De
2921 3849 3022 3902 vita
3055 3845 3410 3902 Constantini.

2253 3937 2330 3991 De
2369 3938 2501 4007 festo
2537 3937 2791 3992 Pascliali
2835 3939 2970 3993 liber
3001 3939 3174 3994 eidem
3205 3937 3566 3994 Constantino
3594 3937 3746 3994 dica-

2181 4037 2299 4094 tus,
2355 4029 2776 4100 complexusque
2834 4027 3100 4100 μυστικὴν
3131 4029 3466 4099 ἀνακάλυψιν
3509 4029 3606 4082 τοῦ
3645 4031 3744 4100 τῆς

2178 4121 2370 4192 ἑορτῆς
2397 4121 2554 4190 λόγου
2576 4162 2591 4186 ,
2626 4123 2738 4177 sive
2773 4121 3012 4177 rationes
3057 4121 3194 4192 cycli
3227 4121 3596 4176 novemdecim
3639 4135 3744 4176 an-

2177 4227 2370 4267 norum
2397 4199 2452 4268 et
2483 4213 2762 4268 historiam
2807 4215 3190 4270 controversia
3217 4213 3286 4269 de
3314 4213 3598 4270 Paschate.
3631 4213 3740 4268 Eu-

2174 4305 2291 4361 seb.
2363 4319 2416 4360 Iv
2487 4305 2564 4359 De
2599 4305 2708 4360 rita
2746 4303 2952 4372 Const.,
2981 4321 3102 4376 cap.
3142 4305 3210 4360 54
3235 4313 3290 4360 et
3315 4306 3415 4371 55,
3449 4305 3538 4360 ubi
3577 4307 3740 4376 impe-

2172 4399 2370 4453 ratoris
2391 4397 2459 4452 ad
2485 4397 2775 4454 Eusebium
2811 4401 3040 4470 epistola
3061 4439 3077 4464 ,
3107 4413 3214 4470 qua
3237 4399 3336 4469 ipsi
3367 4401 3570 4470 gratias
3591 4399 3700 4469 agit
3721 4439 3736 4460 ,

2173 4501 2228 4548 et
2257 4493 2502 4550 meminit
2543 4492 2722 4548 Latini
2759 4494 3104 4564 interpretis,
3141 4493 3236 4563 qui
3281 4495 3484 4563 scripta
3521 4493 3640 4562 ejus
3681 4493 3738 4547 in

2093 4588 2138 4644 D
2167 4583 2412 4638 Latinam
2439 4585 2677 4654 linguam
2707 4583 3018 4640 transferat.
3051 4583 3284 4640 Eusebio
3315 4585 3381 4638 ad
3407 4597 3740 4653 componen-

2167 4677 2288 4733 dam
2305 4675 2902 4746 ἑννεακαιδεκαετηρίδα
2917 4675 3264 4730 occasionem
3281 4673 3502 4728 dederat
3515 4683 3738 4729 sanctus

2167 4765 2490 4838 Hippolytus
2515 4780 2612 4820 sua
2649 4765 3167 4837 ὲκκαιδεκαετηρίδι,
3207 4773 3342 4821 teste
3369 4763 3696 4837 Hieronymo
3718 4803 3734 4828 ,

2167 4873 2288 4928 cap.
2339 4857 2402 4910 (il
2467 4853 2732 4926 Catalogi.
2783 4855 2960 4926 Atque
3012 4856 3086 4910 ita
3151 4855 3442 4926 capiendus
3493 4855 3738 4911 Isidorus

2165 4948 2316 5019 Hisp.
2353 4963 2430 5013 γι,
2473 4949 2536 5002 l7
2557 4989 2571 5014 ,
2605 4947 2775 5019 0rig.,
2809 4955 2863 5003 et
2893 4947 3034 5002 Beda
3069 4947 3145 5000 De
3181 4957 3466 5016 temporum
3491 4949 3730 5010 ratione,

2165 5053 2286 5106 cap.
2330 5037 2419 5091 42.
2453 5035 2542 5108 [Ιιι
2593 5037 2724 5092 bibl.
2769 5035 3006 5098 Cotton,
3039 5051 3170 5100 xm,
3209 5037 3311 5100 l2,
3360 5053 3414 5108 p.
3455 5037 3554 5100 93,
3609 5035 3728 5092 Cat.

2165 5129 2317 5184 codd.
2341 5129 2521 5199 Angl.,
2545 5127 2760 5184 Eusebii
2776 5127 2976 5184 Caesar.
2994 5127 3058 5182 de
3081 5127 3290 5183 Pascha
3315 5129 3545 5184 homilic
3563 5125 3730 5196 XIII

2233 5219 2370 5288 Περὶ
2405 5219 2501 5290 τῆς
2535 5219 2642 5272 τῶν
2679 5217 2924 5274 παλαιῶν
2949 5219 3154 5290 ἀνδρῶν
3183 5219 3564 5283 πολυπαιδεως
3596 5223 3734 5275 scri-

2165 5311 2340 5382 psisse
2355 5325 2414 5366 se
2435 5319 2668 5366 testatur
2689 5309 2952 5366 Eusebius
2969 5327 3044 5374 vi,
3075 5309 3131 5374 8,
3161 5309 3456 5378 Prwparat.
3473 5311 3728 5382 evanget.,

2163 5419 2286 5476 pag.
2319 5403 2442 5459 510.
2487 5403 2632 5460 Idem
2666 5419 2836 5474 opus,
2889 5405 2942 5458 in
2983 5419 3092 5474 quo
3129 5403 3363 5458 Basilius
3401 5402 3478 5458 De
3527 5403 3730 5473 Spiritu

2157 5583 2368 5639 —Item
2383 5583 2612 5654 ejusdem
2645 5601 2680 5641 ιι
2703 5587 2768 5642 de
2797 5587 2986 5656 spiritu
3005 5594 3210 5642 sancto.
3233 5581 3494 5640 Volumen
3517 5583 3731 5640 duabus

2161 5657 2407 5728 partibus
2465 5667 2696 5712 constat.
2741 5677 2756 5714 :
2801 5673 2928 5728 pars
2971 5660 3120 5726 prior
3155 5657 3386 5713 indicem
3435 5656 3728 5728 voluminis

2161 5725 2412 5788 exhibet,
2463 5741 2587 5796 pars
2635 5725 2840 5790 altera,
2895 5725 3018 5798 quas
3069 5727 3324 5782 homilias
3369 5725 3722 5798 continebat.

2163 5812 2188 5848 a
2215 5799 2384 5860 priori
2421 5795 2714 5862 distracta,
2753 5801 2862 5868 jam
2907 5795 3012 5852 non
3047 5799 3338 5854 invenitur.
3375 5795 3528 5853 Εοιτ.
3555 5795 3724 5850 Pus.
