4126 6450
377 402 447 459 55
1900 392 1944 446 Ν

2049 389 2196 445 ΙἸῚᾹ.
3553 392 3622 448 51

376 532 556 581 ωηοιο
581 562 595 586 ,
625 535 744 591 cap.
778 519 847 575 29
872 560 886 585 ,
913 517 1110 591 legisse
1138 533 1197 576 se
1227 517 1511 590 signiﬁcat,
1543 515 1942 588 ὲπαπορήματα
1971 520 2018 576 Α
2115 510 2416 567 Sermonem
2440 509 2503 562 de
2530 508 2732 578 delectu
2758 509 2947 575 pluviis
2986 512 3250 563 memorat
3280 506 3464 566 Hebed
3491 509 3621 568 Iesu

379 618 506 688 περὶ
531 614 632 687 τῆς
651 614 762 667 τῶν
790 613 1032 685 ἀρχαίων
1062 612 1422 683 πολυγαμίας.

447 705 701 776 Epistolas
742 705 1169 775 quamplurimas,
1221 713 1415 774 praeter
1452 702 1600 765 illas,
1646 699 1714 757 de
1751 700 1947 770 quibus

378 815 544 871 supra
588 814 738 854 num.
769 798 872 862 21,
907 799 960 851 in
990 797 1190 868 quibus
1225 796 1477 850 omnibus
1520 794 1842 848 Arianorum
1889 809 1949 850 se

377 887 647 942 fautorem
670 887 897 957 prodere
929 894 1159 958 arguunt
1185 887 1322 940 Acta
1343 885 1558 940 concilii
1581 884 1803 950 Nicmni,
1836 893 1942 938 act.

378 994 469 1042 vi,
507 987 545 1032 t.
580 976 680 1042 111,
731 979 861 1033 edit.
901 976 1174 1044 Binianre,
1231 992 1352 1048 pag.
1413 976 1559 1042 662,
1619 983 1947 1046 vertuntque

380 1067 488 1138 ipsi
537 1069 688 1132 vitio,
736 1067 878 1138 quod
902 1069 1027 1124 licet
1071 1067 1282 1139 synodo
1327 1068 1559 1122 Nicaenaa
1608 1067 1948 1136 subscripse-

379 1159 484 1223 rit,
519 1169 570 1214 et
598 1162 725 1214 ποτὲ
759 1161 856 1231 μὲν
880 1160 976 1231 τὴν
1004 1151 1256 1232 ἀλήθειαν
1289 1161 1706 1232 ὑποκρινόμενος
1732 1157 1948 1212 ἀποδεε-

379 1268 585 1318 avocat,
600 1269 967 1325 nonnunquam
986 1254 1251 1308 veritatem
1267 1253 1515 1309 simulare
1531 1252 1950 1323 deprehenditur,

379 1352 558 1400 tamen
590 1362 701 1401 non
731 1347 942 1401 veniam
973 1346 1186 1416 publice
1215 1346 1431 1417 petierit
1474 1347 1541 1401 de
1582 1345 1802 1415 scriptis
1833 1344 1948 1398 suis

377 1451 549 1506 eaque
577 1441 988 1504 retractaverit,
1029 1446 1083 1494 et
1113 1454 1212 1510 pro
1240 1439 1490 1510 epistolis
1523 1439 1803 1508 speciatim
1833 1438 1946 1492 suis

373 1527 530 1600 λόγον
567 1529 1028 1599 Ἀπολογίας-1101)
1075 1531 1478 1603 composuerit,
1518 1531 1945 1601 vulgaveritque.

360 1717 372 1754 ι

2052 602 2106 658 in
2135 601 2392 672 Catalogo
2426 601 2676 657 librorum
2712 599 3111 664 Chaldaeorum,
3147 616 3203 654 n.
3236 600 3328 657 20.

2120 694 2523 769 [Fragmentum
2560 693 2778 750 Eusebii
2801 693 2894 747 τοῦ
2926 694 3203 765 ’ᾼσματος
3232 693 3343 746 τῶν
3363 696 3622 767 ᾀσμάτων

2047 789 2217 846 edidit
2269 788 2551 844 Munterus
2592 787 2684 844 Fr.
2729 787 2857 857 PP.,
2895 787 3013 855 Gr.,
3039 788 3059 842 l
3085 828 3100 854 ,
3143 805 3198 860 p.
3247 788 3316 844 60
3366 805 3474 860 sq.;
3515 790 3621 844 alia

2047 882 2240 954 fragm.
2260 881 2461 952 ejusd.,
2485 881 2718 937 Matthaei
2747 883 2803 937 in
2831 883 3143 952 Anecdotis,
3176 882 3433 954 Mosquaa,
3464 881 3619 938 1775.

2046 977 2108 1032 In
2132 975 2380 1030 Calland.
2411 974 2552 1029 Bibl.
2599 974 2740 1041 PP.,
2778 984 2909 1030 tom.
2941 974 3031 1038 ιν,
3072 991 3126 1046 p.
3171 973 3276 1030 459
3325 991 3432 1045 sq.,
3495 982 3625 1030 sunt

2049 1064 2268 1120 Eusebii
2322 1065 2551 1135 Pamph.
2608 1067 2854 1135 opuscul.
2907 1075 3028 1130 xtv,‘
3056 1064 3308 1135 primum
3343 1065 3398 1118 in
3448 1063 3622 1118 lucem

2049 1157 2194 1214 edita
2227 1173 2258 1211 a
2289 1155 2408 1211 Jac.
2459 1155 2769 1212 Sirmondo.
2809 1187 2880 1198 —
2923 1155 3338 1212 Praemittuntur
3378 1154 3621 1227 ejusdem

2052 1251 2271 1307 Eusebii
2317 1250 2650 1306 Prooemium
2698 1258 2752 1305 et
2798 1266 2916 1321 cap.
2972 1267 3030 1305 lli
3083 1251 3266 1322 priora
3310 1250 3463 1306 Dem.
3499 1248 3634 1322 Ev.,j

2052 1360 2161 1398 una
2189 1360 2312 1398 eum
2362 1345 2543 1414 operis
2581 1343 2794 1414 epilogo
2850 1311 3103 1413 evulgata
3129 1357 3160 1396 a
3190 1341 3238 1397 J.
3281 1343 3326 1396 A
3355 1311 3635 1398 Fabricio?

2052 1436 2110 1490 ln
2154 1436 2503 1510 Prolegg._de
2549 1438 2636 1493 his
2667 1453 2721 1510 ρ.
2773 1451 2887 1490 xxu
2932 1451 3015 1507 sq.
3056 1435 3294 1493 breviter
3327 1433 3625 1492 Gallandus

2051 1529 2209 1602 egit.]
2231 1602 2233 1605 ι

393 1725 3609 1757 ww

885 1913 1008 2029 DE
1063 1910 1280 2028 VITA
1335 1907 1936 2045 SCRIPTISOUE
2009 1909 2371 2028 EUSEBII
2442 1909 3100 2027 C/ESARIENSIS:

977 2125 1069 2200 (ﬂ.
1094 2127 1386 2195 VALESIUS,
1412 2124 1630 2200 Proleg.
1657 2127 1727 2184 ad
1757 2123 1980 2184 Eusebii
2007 2124 2218 2186 Histor.
2240 2123 2426 2183 eccles.
2454 2125 2542 2182 ed.
2567 2125 2808 2197 Mogunt.
2839 2124 3028 2193 1672.)

449 2446 524 2507 De
548 2449 660 2507 vita
688 2447 909 2506 Eusebii
939 2448 1292 2508 Caesariensis
1314 2449 1515 2506 librum
1541 2450 1670 2505 olim
1698 2449 1947 2506 conscri-
1975 2462 2019 2518 Β
2046 2448 2188 2504 libro
2218 2463 2317 2516 vn,
2365 2462 2597 2503 narrans
2625 2462 2688 2502 ea
2721 2462 2842 2518 quae
2872 2455 3134 2519 regnante
3167 2445 3624 2506 Gallieno‘conti-

374 2548 561 2616 pserat
581 2541 832 2603 Aeacius,
857 2541 978 2612 ejus
999 2541 1304 2612 discipulus
1327 2552 1381 2598 et
1408 2543 1463 2597 in
1489 2542 1808 2615 episcopatu
1833 2541 1952 2598 Cte-

375 2634 608 2691 sariensi
656 2648 965 2700 successor,
1009 2641 1070 2688 ut
1100 2641 1336 2691 testatur
1377 2635 1652 2691 Socrates.
1688 2633 1795 2691 Sed
1825 2649 1948 2690 cum

373 2725 465 2782 hic
490 2727 628 2784 liber
668 2740 776 2782 una
817 2742 942 2782 cum
971 2725 1222 2798 plurimis
1271 2726 1396 2784 aliis
1422 2728 1708 2784 vetustatis
1738 2727 1949 2782 incuria

371 2819 616 2891 perierit,
654 2834 756 2876 nos
789 2819 1036 2874 collectis
1083 2819 1213 2875 hinc
1268 2819 1396 2876 inde
1426 2827 1670 2875 veterum
1718 2820 1950 2890 scripto-

370 2924 496 2965 rum
534 2910 863 2966 testimoniis
895 2910 988 2980 qui
1017 2909 1083 2963 de
1112 2908 1350 2966 Eusebio
1379 2910 1546 2964 locuti
1576 2917 1726 2974 sunt,
1770 2908 1951 2979 jactu-

360 2985 493 3054 Iram
526 3001 674 3055 illam
712 3016 813 3071 pro
839 3001 986 3055 virili
1036 3008 1192 3072 parte
1236 3002 1440 3058 sarcire
1467 3002 1809 3057 conabimur.
1839 2999 1949 3072 Igi-

375 3100 467 3149 tur
485 3092 755 3150 Eusebius
781 3104 942 3150 natus
964 3103 1046 3149 est
1074 3094 1130 3148 in
1151 3093 1439 3150 Palaestina
1468 3094 1571 3150 sub
1600 3101 1863 3157 extrema,
1890 3100 1951 3146 ut

361 3169 615 3249 'videtur,
658 3183 886 3240 Gallieni
913 3194 1174 3254 tempora.
1202 3184 1279 3238 Ex
1309 3184 1596 3240 Palaestina
1626 3185 1843 3255 quidem
1886 3185 1953 3238 il-

375 3275 493 3337 lum
531 3274 822 3330 oriundum
872 3273 1043 3329 fuisse
1069 3282 1387 3344 argumento
1427 3281 1532 3338 est,
1560 3275 1704 3345 quod
1739 3289 1769 3328 a
1807 3283 1952 3330 vete-

373 3367 532 3422 ribus
572 3365 686 3420 fere
740 3363 1065 3422 Palaestinus
1093 3373 1339 3420 vocatur.
1389 3364 1466 3419 Ita
1500 3377 1647 3422 certe
1691 3365 1948 3434 Basilius,

375 3458 742 3515 Theodoritus
773 3459 972 3528 aliique
1005 3474 1128 3514 eum
1159 3459 1450 3529 appellant.
1486 3461 1564 3514 Ac
1606 3461 1854 3530 quamvis
1883 3461 1952 3516 ob

374 3550 730 3606 Caesariensis
760 3549 914 3606 urbis
946 3551 1319 3621 episcopatum
1353 3551 1426 3606 ita
1458 3552 1829 3622 cognominari
1856 3569 1952 3622 po-

375 3643 503 3707 t'uit,
547 3644 733 3700 verius
763 3649 948 3700 tamen
996 3644 1129 3697 mihi
1171 3644 1408 3707 videtur,
1444 3645 1596 3699 illum
1627 3660 1658 3699 a
1693 3647 1865 3715 patria
1899 3645 1951 3700 id

376 3743 797 3808 cognomentum
827 3737 1082 3792 traxisse.
1133 3735 1296 3792 Certe
1341 3737 1457 3807 ipse
1499 3739 1553 3792 in
1591 3739 1730 3792 libro
1772 3740 1950 3810 primo

376 3828 456 3883 De
493 3829 615 3884 Vita
646 3829 983 3885 Constantini
1014 3845 1073 3885 se
1103 3829 1283 3884 adhuc
1312 3830 1714 3886 adolescentem
1757 3833 1811 3886 in
1847 3831 1951 3885 Pa-

377 3920 586 3976 lestina
612 3919 900 3976 educatum
934 3933 999 3974 ac
1022 3929 1296 3976 versatum
1320 3935 1441 3976 esse
1470 3929 1724 3986 testatur,
1766 3923 1949 3992 ibique

375 4010 614 4082 primum
645 4025 677 4065 a
705 4027 765 4067 se
788 4011 966 4066 visum
997 4026 1119 4067 esse
1163 4009 1603 4078 Constantinum,
1649 4013 1778 4069 dum
1814 4014 1860 4068 is
1892 4015 1948 4069 in

374 4102 636 4157 comitatu
660 4100 979 4158 Diocletiani
1007 4102 1232 4174 Augusti
1259 4119 1355 4174 per
1374 4103 1718 4160 Palaestinam
1745 4106 1847 4161 iter
1871 4105 1951 4159 fa-

375 4201 543 4249 ceret.
580 4193 685 4249 Sed
715 4194 852 4251 etin
877 4194 1018 4249 libro
1072 4209 1112 4248 ιι
1148 4195 1392 4264 ejusdem
1424 4196 1627 4266 operis,
1659 4196 1751 4250 ubi
1778 4198 1950 4269 legem

376 4282 725 4338 Constantini
755 4282 943 4349 refert,
980 4300 1142 4356 quam
1178 4286 1267 4341 ille
1299 4301 1398 4356 pro
1442 4287 1771 4343 Christianis
1813 4288 1952 4342 scri-

375 4375 486 4444 psit
528 4375 597 4429 ad
646 4375 988 4442 Palaestinos,
1014 4375 1364 4432 Palaestinum
1394 4393 1455 4434 se
1478 4378 1649 4435 luisse
1678 4378 1821 4434 haud
1851 4381 1953 4436 ob—

378 4481 539 4522 scure
561 4467 853 4536 significat.
882 4466 1178 4539 Postquam
1212 4468 1356 4522 enim
1381 4469 1514 4539 legis
1547 4470 1720 4541 ipsius
1745 4470 1814 4525 ad
1848 4468 1952 4524 Pa-

376 4555 621 4610 laestinos
647 4557 826 4612 missae
852 4557 1016 4613 verba
1044 4557 1252 4621 retulit,
1276 4555 1391 4611 hinc
1422 4556 1604 4612 addit:
1636 4556 1736 4613 Ha:
1765 4559 1952 4628 prima:

377 4649 710 4718 imperatoris
763 4649 951 4704 litterae
995 4649 1066 4703 ad
1104 4666 1197 4704 nos
1240 4650 1434 4705 missw.
1501 4650 1659 4716 Quod
1698 4667 1830 4706 vero
1860 4666 1951 4706 or-

375 4748 494 4795 tum
527 4740 674 4795 illius
698 4739 753 4794 in
774 4750 1012 4797 extrema
1039 4740 1270 4798 Gallieni
1299 4751 1543 4812 tempora
1573 4744 1802 4808 contuli,
1849 4744 1950 4799 hu-

370 4834 466 4906 jus
502 4833 583 4888 rei
619 4838 895 4888 auctorem
939 4834 1116 4890 habeo
1145 4835 1322 4904 ipsum
1353 4833 1669 4891 Eusebium.
1703 4837 1764 4891 In
1795 4837 1950 4895 libris

374 4924 520 4980 enim
572 4922 828 4978 Historia:
870 4924 1235 4980 ecclesiastica:
1288 4926 1519 4996 loquens
1571 4927 1639 4982 de
1690 4926 1950 5000 Dionysio

375 5015 872 5072 Alexandrinorum
902 5016 1177 5087 episcopo,
1222 5017 1374 5072 illum
1412 5033 1512 5074 sua
1559 5027 1716 5077 aetate
1747 5022 1951 5078 vixisse

375 5115 627 5174 testatur,
660 5117 722 5164 ut
753 5109 938 5166 videre
969 5118 1055 5168 est
1096 5115 1153 5167 in
1198 5111 1339 5167 libro
1366 5127 1451 5176 nt,
1488 5127 1610 5184 cap.
1639 5114 1730 5170 28.
1768 5114 1950 5182 Quare

2051 2548 2268 2611 gerunt,
2303 2550 2592 2611 antequam
2623 2541 2691 2596 de
2727 2539 2879 2596 Pauli
2913 2540 3319 2599 Samosatensis
3344 2558 3532 2600 errore
3559 2561 3623 2600 ac

2050 2628 2400 2686 damnatione
2428 2645 2734 2686 sermonem
2765 2631 3037 2698 instituat,
3078 2631 3164 2688 his
3194 2632 3368 2687 utitur
3396 2635 3579 2692 verbis
3604 2652 3622 2693 :
3690 2704 3693 2708 ι

2061 2719 2251 2775 Verum
2274 2721 2356 2774 Itis
2370 2721 2488 2791 jam
2517 2722 2790 2792 expositis,
2823 2739 2959 2778 nunc
2987 2721 3196 2778 tandem
3219 2741 3335 2795 qum
3356 2726 3632 2798 qualisque

2051 2811 2212 2880 fuerit
2242 2822 2373 2867 artas
2421 2823 2634 2879 nostra,
2688 2822 3018 2883 posterorum
3071 2816 3274 2871 notitite
3327 2817 3627 2874 tradamus.

2049 2902 2311 2961 Parentes
2343 2921 2484 2975 quos
2536 2905 2810 2974 habuerit,
2858 2909 3020 2963 nobis
3075 2907 3475 2980 incompertum
3520 2919 3630 2979 est,

2050 2998 2158 3052 nisi
2187 2998 2331 3068 quod
2364 2997 2702 3068 Nicephorus
2735 2999 3020 3065 Callistus,
3053 3001 3241 3058 nescio
3270 3017 3408 3073 quos
3439 3012 3632 3060 aucto-

2051 3105 2140 3145 res
2172 3095 2412 3152 secutus,
2461 3090 2612 3144 illum
2657 3107 2845 3148 sorore
2886 3091 3157 3164 Pamphili
3194 3096 3451 3166 martyris
3477 3097 3632 3167 geni-

2052 3189 2168 3235 tum
2194 3196 2316 3236 esse
2338 3181 2539 3250 prodit.
2567 3180 2625 3234 ln
2647 3182 2878 3251 epistola
2899 3190 3079 3238 autem
3104 3183 3220 3237 Arii
3244 3184 3311 3238 ad
3333 3183 3630 3241 Eusebium

2050 3273 2545 3338 Nicomediensem,
2581 3272 2750 3327 frater
2782 3272 3006 3328 Eusebii
3036 3272 3468 3331 Nicomediensis
3494 3274 3627 3329 dici-

2052 3373 2163 3422 tur.
2201 3366 2278 3420 Ac
2304 3366 2520 3420 tametsi
2571 3372 2794 3435 propter
2827 3365 3123 3419 amicitiam
3174 3364 3342 3421 frater
3397 3366 3504 3422 dici
3533 3381 3634 3438 po-

2052 3457 2176 3520 tuit,
2211 3454 2398 3511 verius
2444 3462 2626 3509 tamen
2661 3455 2792 3510 mihi
2823 3455 3060 3519 videtur,
3092 3455 3246 3509 illum
3289 3463 3382 3510 aut
3417 3471 3632 3527 germa-

2051 3561 2183 3601 num
2204 3554 2296 3602 aut
2322 3546 2713 3604 consobrinum
2741 3546 2911 3602 fuisse
2932 3546 3366 3603 Nicomediensis
3387 3547 3628 3612 Eusebii,

2052 3639 2287 3693 maxime
2310 3654 2433 3693 cum
2455 3638 2618 3693 Arius
2642 3639 2891 3709 plurimis
2919 3639 3041 3694 aliis
3065 3639 3136 3694 ibi
3162 3641 3628 3708 commemoratis,

2031 3733 2220 3784 ‘unum
2260 3729 2651 3786 Caesariensem
2677 3729 2896 3784 fratrem
2921 3731 3153 3802 appellet
3174 3731 3630 3790 Nieomediensis.

1977 3839 2020 3898 ο
2052 3821 2258 3879 Deinde
2308 3823 2740 3880 Nicomediensis
2793 3823 3063 3880 Eusebius
3120 3825 3386 3882 oriundus
3430 3825 3534 3882 fuit
3561 3843 3630 3883 ex

2055 3910 2236 3982 Syria.
2274 3910 2399 3967 Fuit
2427 3913 2573 3967 enim
2600 3913 2778 3982 primo
2806 3913 3096 3984 episcopus
3137 3913 3338 3987 Beryti.
3370 3913 3481 3971 Nec
3510 3933 3630 3973 mos

2053 4010 2184 4058 tunc
2216 4012 2353 4070 erat,
2392 4013 2448 4058 ut
2481 4005 2727 4061 extranei
2759 4013 2814 4060 et
2841 4000 3015 4077 ignoti
3047 4007 3115 4063 ad
3153 4008 3419 4080 regendas
3440 4009 3632 4066 Eccle-

2053 4097 2162 4151 sias
2191 4103 2662 4166 promoverentur.
2696 4099 2756 4152 In
2771 4099 3130 4156 saecularibus
3155 4100 3462 4171 disciplinis
3489 4119 3628 4174 quos

2049 4189 2344 4260 magistros
2395 4189 2664 4254 habuerit,
2711 4189 2937 4260 perinde
2984 4191 3319 4262 ignoramus.
3363 4193 3422 4249 ln
3453 4197 3636 4253 sacris

2052 4287 2232 4336 autem
2255 4281 2452 4337 litteris
2472 4287 2856 4353 praeceptorem
2878 4281 3070 4339 habuit
3096 4283 3425 4340 Dorotheum
3453 4285 3630 4342 eunu-

2051 4373 2238 4437 chum,
2282 4371 2670 4429 Antiochensis
2709 4373 2969 4430 Ecclesia:
2997 4377 3375 4449 presbyterum
3416 4397 3429 4433 :
3468 4381 3628 4449 cujus

2051 4465 2217 4520 etiam
2262 4465 2317 4519 in
2371 4465 2511 4521 libro
2557 4483 2635 4522 vn
2681 4465 3044 4523 honoriﬁcam
3096 4471 3428 4526 mentionem
3473 4469 3633 4527 facit.

2052 4557 2378 4630 Quanquam
2417 4558 2684 4616 Eusebius
2711 4575 2779 4616 eo
2814 4561 2939 4616 loco
2969 4568 3180 4616 tantum
3203 4561 3339 4617 dicit
3367 4578 3397 4617 a
3439 4577 3499 4618 se
3523 4578 3626 4618 auo

2050 4649 2226 4706 ditum
2255 4667 2378 4709 esse
2410 4651 2765 4719 Dorotheum,
2793 4653 2921 4709 dum
2955 4669 3144 4712 sacras
3183 4656 3397 4712 litteras
3440 4658 3495 4711 in
3524 4656 3631 4712 Ee-

2052 4745 2218 4801 clesia
2269 4760 2380 4801 non
2427 4744 2774 4802 incommode
2821 4755 3137 4818 exponeret.
3186 4747 3242 4803 Si
3292 4749 3416 4820 quis
3445 4757 3629 4806 tamen

2050 4851 2118 4893 ex
2144 4836 2230 4893 his
2253 4836 2474 4894 Eusebii
2500 4839 2682 4894 verbis
2707 4855 2831 4894 cum
2856 4839 3159 4895 Trithemio
3179 4840 3312 4896 velit
3350 4842 3628 4914 colligere,

2051 4928 2346 4986 Eusebium
2372 4931 2628 4988 Dorothei
2659 4932 2831 4988 fuisse
2859 4933 3213 5004 discipulum,
3237 4934 3488 5004 equidem
3518 4950 3632 4992 non

2050 5040 2380 5096 magnopere
2410 5026 2744 5098 repugnabo.

2124 5116 2203 5170 Ea
2254 5125 2579 5189 tempestate
2631 5127 2852 5174 mortuo
2898 5118 3236 5187 Theoteeno,
3271 5117 3632 5179 Ctesari'ensis

377 5216 502 5255 cum
530 5209 744 5258 constet
785 5201 1105 5276 Dionysium
1155 5205 1585 5262 Alexandrinum
1622 5222 1766 5262 anno
1794 5208 1950 5279 prino
1978 5202 2024 5259 D
2051 5203 2311 5262 Ecclesia:
2353 5206 2729 5277 episcopatum
2773 5207 3192 5263 administrabat
3235 5207 3499 5279 Agapius,
3543 5210 3634 5264 vir

377 5292 592 5362 cipatus
639 5292 872 5350 Gallieni
923 5294 1245 5352 duodecimo
1304 5313 1335 5352 e
1378 5297 1518 5352 vivis
1570 5297 1794 5363 abiisse,
1837 5297 1948 5356 Eu-

376 5383 589 5440 sebium
615 5384 725 5453 jam
758 5395 874 5440 tum
905 5385 963 5441 in
995 5388 1170 5443 lucem
1202 5389 1406 5444 editum
1440 5388 1611 5445 fuisse
1637 5398 1872 5461 oportet,
1898 5393 1952 5447 si

375 5475 594 5545 quidem
617 5476 736 5545 ejus
757 5485 888 5534 aetas
917 5477 972 5533 in
1001 5493 1065 5534 ea
1094 5489 1335 5550 tempora
1367 5481 1557 5537 incidit
1587 5484 1786 5552 quibus
1813 5484 1948 5538 vixit

374 5567 691 5639 Dionysius.
737 5567 881 5624 Idem
927 5573 1088 5626 etiam
1132 5573 1314 5644 colligi
1372 5583 1552 5644 potest
1600 5593 1668 5630 ex
1721 5577 1861 5633 libro
1913 5594 1952 5633 ν

378 5660 632 5714 Historia:
656 5661 1032 5719 ecclesiastica:
1052 5665 1154 5721 sub
1198 5666 1381 5732 ﬁnem,
1412 5667 1503 5721 ubi
1533 5668 1600 5723 de
1635 5668 1948 5725 Artemonis

375 5753 572 5808 haeresi
605 5753 773 5809 verba
827 5755 1053 5822 faciens,
1097 5757 1322 5814 Paulum
1383 5756 1800 5816 Samosatenum
1847 5777 1946 5816 sua

375 5853 530 5902 aetate
561 5859 681 5903 eam
732 5847 982 5906 haeresim
1019 5865 1312 5909 renovasse
1347 5852 1561 5910 scribit.
1615 5851 1858 5931 Denique
1893 5853 1948 5910 in

2053 5298 2266 5353 eximiae
2295 5299 2624 5363 sanctitatis,
2656 5305 2710 5354 et
2735 5299 2919 5356 effusae
2947 5300 3002 5354 in
3034 5314 3298 5370 pauperes
3332 5301 3632 5356 liberalita-

2053 5391 2145 5446 tis.
2179 5391 2261 5444 Ab
2281 5390 2384 5444 hoc
2407 5389 2676 5447 Eusebius
2699 5392 2753 5446 in
2778 5393 2983 5447 clerum
3011 5393 3238 5458 ascitus,
3263 5394 3630 5450 arctlssimam

2053 5481 2176 5534 iniit
2221 5481 2514 5535 amicitiam
2549 5497 2672 5536 cum
2709 5480 3014 5550 Pamphilo,
3054 5483 3147 5553 qui
3179 5492 3295 5538 tum
3343 5485 3484 5539 inter
3512 5483 3630 5538 Ca-

2054 5573 2317 5631 saricnsis
2346 5574 2601 5630 Ecclesiae
2624 5574 2971 5645 presbyteros
2996 5577 3288 5633 eminebat.
3323 5577 3450 5630 Erat
3475 5574 3630 5630 Pam-

2055 5667 2236 5738 philus
2302 5667 2526 5721 natione
2581 5663 2845 5730 Phtenix,
2892 5667 3054 5722 domo
3103 5668 3399 5740 Berytius;
3460 5666 3626 5722 Pierii

2057 5757 2438 5813 Alexandrinas
2492 5755 2750 5813 Ecclesiae
2808 5759 3112 5830 presbyteri
3165 5761 3502 5830 discipulus,
3567 5767 3630 5814 ut

2058 5851 2249 5910 scribit
2287 5849 2537 5908 Photius.
2573 5849 2674 5918 Qui
2710 5865 2838 5907 cum
2863 5852 3166 5910 litterarum
3201 5866 3480 5910 saeiarum
3511 5849 3631 5906 sin-
