4126 6436
517 329 590 388 iiii
1509 329 1850 388 EUSEBIUS
1887 325 2364 386 CASSABIENSIS
2401 329 2800 388 EPISCOPUS.
3689 339 3764 396 εὖ

519 450 694 518 gularl
737 463 922 508 amore
950 449 1228 524 ﬂagraret,
1263 467 1562 522 omnesque
1598 450 2086 508 ecclesiasticorum
2117 453 2166 512 Α
2191 449 2396 514 sobius,
2431 450 2522 520 qui
2569 457 2652 504 tot
2679 449 2816 506 locis
2843 447 3184 522 Pamphilum
3229 453 3493 516 nominat.
3531 453 3760 526 ejusque

518 548 848 616 scriptorum
873 546 1042 602 libros
1065 561 1128 600 ac
1153 549 1424 616 prtecipuc
1445 545 1714 618 Origenis.
1741 559 1954 602 summo
1977 553 2088 608 stu-

517 645 610 698 dio
652 639 1022 710 conquireret,
1066 639 1474 694 celeberrimam
1521 639 1762 694 scholam
1801 653 1866 692 ac
1893 637 2088 692 biblio-

518 735 732 790 thecam
777 732 1016 788 instituit
1059 731 1340 788 Catsareae.
1373 730 1542 800 Cujus
1585 731 1782 786 scholae
1827 733 2088 800 magister

516 827 724 896 primus
759 823 932 880 fmsse
967 824 1184 880 videtur
1211 823 1498 880 Eusebius.
1540 824 1701 880 Certe
1729 821 1996 878 Eusebius
2031 823 2086 878 in

516 919 657 974 libro
691 917 770 974 De
805 917 1128 988 martyribus
1165 916 1472 972 Palwstina:
1505 916 1710 972 diserte
1731 917 1942 980 scribit,
1975 915 2088 986 Ap-

515 1009 796 1080 phianum,
831 1011 924 1082 qui
959 1013 1120 1066 tertio
1149 1009 1544 1082 persecutionis
1588 1025 1732 1064 anno
1763 1010 2084 1080 martyrium

505 1104 936 1167 consummavit,
987 1102 1042 1158 in
1089 1105 1223 1158 urbe
1250 1103 1492 1158 Caesarea
1523 1103 1698 1158 sacris
1747 1103 1942 1158 litteris
1967 1117 1996 1156 a
2023 1119 2084 1158 se

503 1196 788 1250 eruditum
849 1195 1040 1254 fuisse.
1092 1195 1176 1252 Ab
1237 1211 1301 1252 eo
1353 1205 1596 1266 tempore
1653 1195 1924 1250 Eusebius
1955 1211 2079 1250 cum

503 1285 795 1358 Pamphilo
829 1303 1045 1358 semper
1081 1287 1528 1356 conjunctissime
1557 1289 1712 1352 vixit,
1741 1288 1968 1358 ejusque
1999 1287 2082 1342 in-

499 1374 770 1432 dividuus
803 1391 986 1432 comes
1013 1375 1082 1430 ad
1103 1385 1334 1430 mortem
1365 1393 1538 1446 usque
1569 1379 1870 1446 permansit
1901 1397 1914 1434 :
1945 1377 2082 1433 adeo

511 1463 614 1532 ipsi
645 1463 864 1528 charos,
903 1473 961 1518 ut
989 1465 1058 1520 ab
1081 1465 1199 1536 ejus
1233 1467 1478 1520 amicitia
1511 1477 1928 1538 cognomentum
1961 1483 2082 1522 sor—

509 1555 640 1610 titus
691 1557 763 1612 sit
811 1555 1096 1625 Pamphili.
1139 1555 1250 1612 Nec
1299 1573 1430 1614 vero
1469 1559 1646 1613 solum
1705 1563 2076 1629 superstitem,

507 1646 604 1700 sed
643 1645 804 1701 etiam
841 1657 1114 1702 mortuum
1159 1649 1420 1720 singulari
1455 1665 1638 1704 amore
1679 1651 1868 1704 dilexit
1911 1651 2080 1706 Euse—

505 1739 628 1800 bius
659 1757 673 1794 :
709 1741 784 1794 ita
813 1749 874 1794 ut
905 1749 1028 1810 post
1063 1753 1294 1798 mortem
1333 1741 1618 1814 Pamphili,
1651 1758 1866 1814 semper
1895 1745 1962 1798 de
1986 1745 2078 1798 illo

505 1830 1056 1889 honoriﬁcentissime
1099 1835 1264 1890 simul
1321 1844 1374 1892 et
1413 1837 1786 1892 amantissime
1831 1839 2078 1906 loquere-

504 1928 613 1975 tur.
641 1919 938 1978 Testantur
969 1923 1076 1980 hoc
1106 1933 1220 1980 tres
1246 1925 1372 1980 libri
1391 1924 1468 1980 De
1507 1925 1628 1980 Vita
1657 1925 1920 1996 Pamphili
1941 1945 2080 1982 mar-

505 2013 640 2083 tyris
673 2014 744 2072 ab
787 2031 855 2072 eo
882 2017 1201 2088 conscripti,
1251 2033 1390 2088 quos
1438 2019 1872 2090 elegantissimos
1918 2029 2078 2076 vocat

502 2103 888 2178 Hieronymus.
921 2107 1066 2166 ldcm
1097 2111 1261 2166 etiam
1287 2111 1562 2184 colligitur
1579 2129 1644 2168 ex
1667 2113 1916 2184 pluribus
1941 2115 2078 2170 locis

499 2197 594 2266 qui
645 2198 698 2250 in
759 2197 1008 2253 Historia
1053 2201 1414 2255 ecclesiastica
1441 2203 1714 2274 leguntur,
1757 2209 1815 2258 et
1847 2202 1902 2256 in
1935 2203 2078 2258 libro

501 2291 580 2343 De
617 2291 942 2360 martyribus
999 2291 1328 2348 Palazstinae.
1365 2291 1608 2364 Denique
1637 2295 1692 2348 in
1737 2293 1878 2349 libro
1907 2311 1944 2348 ll
1979 2297 2074 2349 ad-

498 2397 680 2438 versus
711 2379 1026 2449 Sabellium,
1061 2386 1158 2456 qui
1200 2393 1326 2456 post
1361 2385 1638 2442 Nicaenum
1677 2387 1972 2442 concilium
2007 2389 2076 2443 ab

497 2471 738 2531 Eusebio
794 2477 1143 2548 conscriptus
1205 2486 1320 2544 est,
1373 2477 1714 2550 Pamphilum
1777 2489 2070 2553 martyrem

499 2565 814 2638 frequenter
841 2571 1124 2640 praedicat,
1159 2585 1470 2642 quanquam
1492 2588 1789 2644 suppresso
1814 2573 1934 2642 ejus
1969 2590 2074 2628 no-

497 2659 664 2714 mine.
711 2657 848 2713 Nam
877 2668 932 2715 et
971 2661 1025 2716 in
1061 2662 1182 2734 ipso
1223 2663 1488 2720 orationis
1516 2665 1742 2720 exordio
1783 2665 1856 2718 ita
1893 2665 2070 2720 dicit:

497 2747 638 2803 Puto
667 2749 839 2806 adhuc
867 2769 1020 2808 aures
1051 2753 1277 2824 obstrepi
1309 2771 1452 2810 meas
1483 2772 1516 2808 a
1549 2757 1804 2812 memoria
1837 2757 1976 2812 beati
2007 2759 2074 2812 il-

498 2839 605 2894 lius
641 2841 762 2906 viri,
807 2845 898 2914 qui
927 2843 1025 2897 illa
1061 2845 1308 2916 religiosa
1341 2847 1639 2918 frequenter
1669 2865 1794 2902 usus
1825 2859 1904 2904 est
1933 2865 2070 2904 voce.

497 2931 644 2987 Nam
675 2943 726 2988 et
755 2952 910 2991 aures
947 2947 1132 2992 vestra:
1173 2937 1345 2992 adhuc
1387 2957 1572 2994 sonum
1607 2941 1752 2996 illius
1781 2943 1916 2996 vocis
1947 2943 2074 2996 reti-

494 3039 636 3082 nent.
668 3027 809 3084 Puto
836 3031 974 3084 enim
1015 3049 1098 3086 me
1123 3035 1308 3088 audire
1337 3051 1454 3088 eum
1483 3035 1774 3090 dicentem:
1825 3055 1844 3088 ε
1883 3035 2074 3108 Uniye—

2191 539 2428 594 amicitia
2477 549 2758 610 tantopere
2791 541 3072 614 gloriatur,
3107 559 3384 615 nunquam
3417 553 3596 602 tamen
3631 561 3762 618 pro-

2185 633 2450 704 pinquum
2471 643 2566 688 aut
2595 633 2805 690 afﬁnem
2824 651 2984 690 suum
3013 635 3323 690 vocat.lmo
3351 653 3564 692 veroex
3583 637 3760 708 ipsius

2187 723 2408 782 Eusebii
2455 727 2770 784 testimonio
2815 727 3102 784 manifeste
3151 729 3468 792 coniicitur,
3505 727 3760 800 Pamphi-

2187 817 2298 872 lum
2329 827 2620 890 martyrem
2643 817 2860 876 Eusebii
2891 821 3254 892 propinquum
3275 838 3382 876 non
3407 819 3592 878 fuisse.
3619 819 3756 878 Nam

2187 911 2244 965 in
2275 911 2380 966 line
2411 911 2534 966 libri
2563 927 2640 966 vn
2691 909 2948 968 Historia:
2977 915 3364 980 ecclesiasticaa,
3397 913 3488 968 ubi
3520 914 3586 968 de
3617 915 3760 984 Aga-

2186 1003 2546 1076 pio_Ecclesim
2561 1003 2914 1062 Caesariensis
2932 1008 3190 1078 episcopo
3217 1009 3378 1062 verba
3405 1007 3554 1072 facit,
3581 1007 3656 1062 ita
3683 1009 3758 1064 lo-

2183 1099 2370 1166 quitur
2401 1117 2414 1152 :
2447 1098 2624 1168 llujus
2671 1109 2898 1169 tempore
2939 1099 3276 1168 Pamphilum
3311 1101 3478 1154 cirum
3511 1101 3758 1156 disertis-

2183 1189 2396 1256 simum,
2433 1191 2640 1260 uitaque
2667 1203 2717 1246 et
2755 1192 2996 1260 operibus
3033 1209 3146 1246 rere
3183 1193 3630 1260 philosophantem
3666 1209 3758 1248 σοι

2181 1281 2486 1350 gnovimus;
2517 1285 2570 1336 in
2597 1283 2778 1340 eadem
2807 1283 3044 1340 Ecclesia
3071 1285 3358 1354 presbyteri
3383 1287 3575 1339 honore
3603 1287 3758 1338 deco-

2183 1383 2376 1428 ratum.
2405 1373 2542 1428 Cum
2575 1375 2739 1444 igitur
2769 1375 3040 1432 Eusebius
3069 1377 3186 1448 ipse
3209 1385 3460 1440 testetur,
3487 1393 3518 1434 a
3545 1393 3604 1434 se
3625 1387 3758 1436 tunc

2183 1467 2416 1535 primum
2451 1469 2728 1538 cognitum
2761 1485 2884 1526 esse
2933 1469 3298 1540 Pamphilum,
3353 1471 3486 1526 satis
3527 1476 3764 1544 apparet

2181 1559 2328 1612 nulla
2359 1561 2768 1620 necessitudine
2796 1571 2892 1618 aut
2929 1563 3190 1620 allinitate
3215 1579 3312 1620 eos
3343 1565 3484 1620 inter
3526 1581 3586 1620 se
3621 1581 3756 1620 con-

2175 1651 2396 1722 junctos
2427 1653 2618 1710 fuisse.

2253 1743 2356 1800 Per
2395 1746 2510 1800 huic
2553 1755 2798 1818 tempora
2825 1748 3060 1819 contigit
3091 1749 3414 1818 gravissima
3445 1749 3536 1802 illa
3565 1763 3754 1820 perse-

2183 1839 2330 1892 cutio
2379 1837 2849 1904 Christianorum,
2895 1857 3016 1912 qua:
3047 1857 3078 1896 a
3125 1839 3460 1898 Diocletiano
3511 1843 3750 1912 primum

2181 1941 2386 2001 empta,
2415 1947 2444 1986 a
2473 1934 2825 2002 sequentibus
2845 1935 3104 2006 deinceps
3135 1935 3558 2005 imperatoribus
3575 1935 3642 1990 ad
3659 1935 3758 1992 de-

2178 2022 2378 2078 cimum
2399 2039 2572 2094 usque
2589 2041 2788 2080 annum
2809 2035 3098 2098 prorogata
3113 2035 3196 2082 est
3210 2027 3486 2098 (a).Hujus
3503 2043 3754 2098 persecu-

2177 2116 2346 2171 tionis
2361 2125 2604 2188 tempore
2625 2118 2894 2174 Eusebius
2909 2127 3098 2188 utpote
3113 2119 3468 2177 Caesariensis
3495 2121 3758 2177 Ecclesia!

2179 2219 2308 2266 tunc
2331 2213 2632 2282 presbyter,
2657 2213 2712 2265 in
2740 2227 2802 2266 ea
2835 2213 2971 2266 urbe
2997 2221 3260 2282 perpetuo
3283 2211 3394 2267 fere
3427 2213 3754 2282 permansit,

2181 2313 2236 2360 et
2267 2305 2546 2360 continuis
2585 2305 2988 2360 hortationibus
3015 2307 3216 2360 multos
3237 2305 3302 2360 ad
3331 2305 3650 2376 martyrium
3669 2307 3752 2360 in-

2177 2399 2398 2454 struxit.
2445 2399 2588 2454 lnter
2632 2415 2771 2470 quos
2827 2399 2928 2454 fuit
2975 2399 3332 2470 Apphianus,
3379 2399 3578 2456 nobilis
3621 2401 3756 2456 ado-

2175 2491 2418 2554 lescens,
2469 2490 2630 2560 cujus
2679 2493 2890 2548 illustre
2943 2501 3220 2548 certamen
3263 2491 3430 2546 refert
3483 2490 3754 2550 Eusebius

2173 2590 2359 2638 noster
2409 2583 2462 2638 in
2495 2583 2634 2638 libro
2679 2583 2758 2638 De
2813 2583 3138 2654 martyribus
3181 2583 3506 2638 Palaestinis.
3549 2583 3754 2640 Eadem

2175 2675 2555 2744 persecutione
2583 2687 2776 2748 captus
2805 2675 3122 2746 Pamphilus
3148 2685 3202 2732 et
3233 2677 3288 2730 in
3321 2691 3598 2732 carcerem
3631 2689 3758 2730 con-

2171 2767 2381 2838 jectus,
2424 2771 2696 2841 integrum
2735 2771 3014 2826 biennium
3057 2772 3114 2826 in
3139 2771 3371 2826 vinculis
3409 2769 3608 2838 exegit.
3633 2767 3758 2834 Quo

2173 2861 2394 2930 quidem
2453 2869 2698 2932 tempore
2755 2861 3024 2918 Eusebius
3079 2861 3312 2916 amicum
3358 2867 3413 2916 et
3459 2859 3756 2914 contuber-

2173 2953 2354 3008 nalem
2399 2969 2558 3008 suum
2603 2969 2950 3024 nequaquam
2995 2953 3237 3008 deseruit
3283 2971 3296 3007 :
3337 2951 3432 3007 sed
3469 2951 3620 3004 illum
3669 2947 3756 3002 in.-

2173 3047 2359 3102 visens
2389 3046 2636 3110 assidue,
2671 3048 2912 3120 quinque
2943 3046 3111 3102 libros
3141 3044 3472 3112 Defensionis
3511 3041 3756 3111 Origenis

493 3121 638 3175 nitus
655 3121 748 3176 Dei
775 3121 974 3180 Filius.
997 3145 1015 3178 ι
1035 3123 1165 3182 Ηωσ
1192 3129 1330 3182 enim
1362 3129 1607 3198 religiosa
1639 3145 1737 3184 vos:
1763 3145 1856 3198 per
1875 3147 1932 3184 os
1959 3131 2072 3198 ejus
2101 3141 2144 3198 ο
2177 3134 2234 3190 in
2287 3151 2506 3192 carcere
2553 3151 2660 3190 una
2709 3153 2832 3190 cum
2866 3137 2958 3190 illo
2985 3135 3320 3202 elaboravit;
3364 3141 3578 3188 sextum
3621 3147 3752 3186 vero

493 3229 692 3282 semper
720 3215 1080 3286 premebatur.
1114 3219 1373 3276 Memoria
1401 3223 1538 3275 enim
1561 3232 1674 3276 erat
1712 3223 1975 3292 L’nigeniti
2004 3223 2072 3274 ad

489 3305 715 3378 gloriam
743 3325 846 3364 non
889 3313 1004 3364 nati
1031 3311 1234 3371 Patris.
1278 3313 1592 3370 Audiuimus
1637 3329 1812 3370 autem
1843 3315 2070 3384 Aposto-

489 3397 600 3452 lum
645 3402 1034 3472 prwcipientem
1089 3403 1340 3462 honorari
1389 3409 1588 3476 duplici
1645 3409 1839 3464 honore
1889 3409 2074 3464 debere

491 3491 846 3563 presbyteros,
888 3512 976 3550 eos
1026 3499 1256 3556 maxime
1310 3501 1398 3570 qui
1431 3501 1676 3556 laborant
1727 3503 1782 3555 in
1835 3501 1986 3556 verba
2020 3511 2068 3556 et

491 3583 758 3638 doctrina.
813 3585 882 3640 Et
932 3603 1054 3660 pag.
1106 3589 1176 3644 ‘29
1229 3591 1426 3648 iterum
1461 3593 1530 3648 de
1574 3609 1640 3650 eo
1689 3595 1762 3648 ita
1789 3595 2068 3664 loquitur:

491 3673 626 3730 [huc
681 3691 786 3730 non
817 3693 910 3730 nos
958 3679 1236 3745 extollunt,
1294 3683 1546 3736 memoria
1577 3682 1712 3738 beati
1759 3683 1905 3738 illius
1949 3685 2070 3739 uiri.

497 3765 717 3822 Utinam
751 3781 926 3824 autem
949 3773 1026 3826 ita
1047 3775 1244 3840 possim
1273 3775 1465 3840 dicere,
1496 3787 1554 3830 ut
1575 3775 1844 3832 vobiscum
1874 3793 2074 3845 semper

492 3862 558 3914 ab
577 3863 756 3918 eodem
781 3865 1082 3922 audiebam.
1117 3865 1222 3922 Sed
1239 3885 1300 3922 ea
1336 3885 1454 3940 quae
1515 3885 1652 3924 nunc
1679 3869 1948 3934 dicuntur,
1990 3873 2072 3926 illi

491 3955 692 4024 placita
731 3957 904 4024 fuisse
959 3959 1220 4016 uidentur.
1253 3961 1438 4017 Gloria
1482 3965 1622 4018 enim
1659 3973 1738 4018 est
1787 3969 2074 4034 proborum

488 4065 778 4118 servorum,
833 4069 954 4106 uera
999 4053 1062 4108 de
1115 4055 1340 4110 Domino
1385 4055 1586 4118 dicere;
1618 4066 1668 4112 et
1696 4057 1862 4112 honor
1892 4075 2074 4114 eorum

491 4139 718 4194 Patrum
747 4145 838 4214 qui
863 4143 986 4198 bene
1022 4145 1334 4214 docuerunt,
1363 4149 1412 4202 si
1435 4159 1738 4216 repetantur
1766 4166 1948 4204 eorum
1976 4151 2074 4204 do-

490 4235 696 4288 ctrinm.
733 4234 798 4288 Et
824 4253 1018 4294 rursus
1045 4239 1100 4292 in
1131 4239 1320 4294 eodem
1345 4239 1504 4306 libro,
1529 4257 1652 4313 pag.
1672 4239 1740 4296 '57
1766 4261 1780 4298 :
1817 4241 1948 4298 Han:
1974 4259 2074 4298 au-

489 4325 762 4382 diebamus
793 4346 994 4398 semper
1021 4348 1052 4386 a
1075 4330 1224 4388 beato
1253 4332 1346 4386 illo
1379 4335 1510 4396 viro.
1543 4333 1692 4404 Stupe
1722 4336 1860 4389 enim
1881 4336 1958 4388 ita
1985 4333 2072 4388 di-

490 4415 742 4470 cebantur
773 4418 836 4471 ab
869 4436 952 4484 eo,
1005 4430 1064 4474 ut
1095 4421 1310 4492 quidam
1337 4425 1734 4496 suspicarentur
1751 4442 1840 4482 ore
1861 4425 2070 4496 quidem

2173 3233 2226 3281 et
2257 3227 2506 3282 ultimum
2548 3229 2792 3297 ejusdem
2829 3227 3010 3300 operis
3045 3227 3246 3282 librum
3281 3233 3496 3280 mortuo
3527 3223 3750 3280 demum

2171 3319 2408 3374 absolvit
2437 3319 2740 3392 Pamphilo.
2773 3319 2968 3374 Totum
3003 3335 3134 3374 vero
3165 3319 3294 3374 illud
3330 3335 3467 3390 opus
3487 3361 3501 3384 ,
3533 3317 3750 3372 confes-

2171 3413 2390 3466 soribus
2431 3413 2486 3466 in
2515 3413 2750 3468 metallis
2787 3411 3090 3468 Palmstina:
3118 3409 3444 3484 degentibus
3482 3409 3553 3466 ab
3581 3409 3750 3464 Euse-

2172 3502 2262 3558 bio
2288 3513 2342 3558 et
2381 3503 2668 3574 Pamphilo
2711 3513 3086 3574 nuncupatum
3132 3513 3244 3566 εει,
3287 3502 3748 3574 quemadmodum

2171 3595 2360 3650 scribit
2387 3593 2617 3650 Photius
2655 3595 2712 3648 in
2741 3593 3096 3658 Bibliotheca,
3139 3593 3320 3662 capite
3349 3591 3468 3646 HS.
3490 3589 3750 3660 Ejusdem

2169 3689 2568 3760 persecutionis
2583 3695 2826 3756 tempore
2841 3726 2856 3751 ,
2883 3685 2954 3740 ob
2971 3685 3260 3754 quasdam,
3285 3693 3342 3740 ut
3363 3685 3620 3740 credibile
3639 3693 3746 3748 est.

2171 3777 2431 3836 Ecclesia:
2461 3778 2839 3842 necessitates,
2871 3777 2926 3832 in
2953 3775 3156 3848 Tyrum
3189 3776 3466 3846 prolectus
3491 3787 3592 3832 est.
3627 3775 3746 3843 Qua

2173 3869 2228 3926 in
2259 3871 2394 3924 urbe
2419 3869 2548 3933 dum
2581 3869 2832 3939 degeret,
2863 3869 3104 3940 quinque
3131 3867 3512 3940 tEgyptiorum
3541 3879 3748 3940 marty-

2171 3977 2293 4018 rum
2323 3961 2560 4032 gloriosa
2589 3960 2889 4016 certamina
2918 3959 3016 4014 abs
3055 3976 3112 4015 se
3139 3960 3256 4016 visa
3285 3975 3408 4016 esse
3432 3969 3664 4016 testatur
3687 3963 3748 4016 in

2173 4054 2311 4109 libro
2337 4067 2464 4116 rm,
2500 4067 2620 4124 cap.
2658 4051 2709 4106 7.
2747 4051 2850 4106 Sed
2888 4059 2942 4106 et
2971 4053 3026 4106 in
3059 4051 3304 4122 ejusdem
3325 4051 3448 4106 libri
3469 4066 3590 4122 cap.
3609 4051 3664 4120 9,
3687 4067 3750 4108 se

2172 4145 2226 4200 in
2249 4143 2542 4216 Egyptum
2563 4160 2627 4200 ac
2647 4143 2974 4200 Thebaidem
2997 4145 3213 4200 venisse
3231 4145 3444 4208 scribit,
3459 4153 3748 4216 grassante

2171 4239 2351 4292 adhuc
2389 4237 2787 4308 persecutionis
2833 4237 3057 4302 lurore;
3093 4243 3256 4306 atque
3289 4237 3400 4292 illic
3445 4238 3746 4292 multorum

2169 4331 2457 4402 utriusque
2475 4346 2642 4388 sexus
2663 4339 2958 4400 martyrum
2985 4329 3360 4384 admirabilem
3377 4329 3746 4386 constantiam

2171 4425 2346 4479 oculis
2377 4424 2492 4479 suis
2520 4423 2896 4492 conspexisse.
2947 4419 3086 4476 Sunt
3127 4422 3220 4492 qui
3269 4421 3543 4484 scribant,
3576 4419 3748 4476 Euse-

487 4525 606 4562 eum
633 4509 740 4564 ista
766 4512 1022 4580 proferre,
1057 4514 1213 4568 corde
1245 4523 1420 4570 autem
1450 4517 1606 4570 aliter
1633 4513 1837 4572 habere.
1863 4515 1932 4570 Et
1951 4519 2068 4588 qui-
2101 4501 2144 4555 Ι)
2177 4517 2324 4574 bium
2367 4515 2420 4570 in
2453 4531 2516 4571 ea
2549 4515 2926 4586 persecutione
2955 4521 3018 4568 ut
3044 4513 3280 4568 carceris
3314 4513 3580 4568 molestiis
3611 4513 3746 4566 libe-

484 4604 603 4658 dem
629 4621 827 4658 nientor
853 4606 992 4660 vobis
1020 4623 1158 4674 sum,
1185 4607 1448 4664 audivisse
1474 4625 1554 4664 me
1579 4608 1646 4664 ab
1672 4627 1731 4666 eo
1759 4621 1943 4666 sancto
1973 4628 2069 4666 no-

487 4695 566 4748 bis
595 4694 904 4764 juramento
939 4699 1280 4766 satisfecisse,
1305 4703 1430 4770 quia
1468 4718 1572 4756 non
1603 4702 1752 4756 aliud
1781 4703 1836 4758 in
1865 4703 2066 4774 lingua,

484 4797 536 4842 et
565 4787 712 4842 aliud
741 4799 876 4844 esset
907 4791 962 4843 in
993 4793 1148 4847 corde
1167 4793 1303 4858 eius.
1327 4792 1392 4846 Et
1413 4795 1575 4864 paulo
1597 4803 1722 4866 post
1756 4815 1770 4850 :
1797 4795 1900 4852 Sed
1929 4813 2068 4852 nunc

484 4879 691 4950 quidem
722 4885 910 4950 paucis
943 4884 1004 4936 ob
1036 4885 1340 4937 memoriam
1361 4895 1410 4938 et
1441 4885 1690 4940 honorent
1717 4885 1896 4940 Patris
1919 4887 2066 4942 illius

485 4975 674 5034 nostri.
711 4977 788 5028 ita
823 4975 970 5039 boni,
1019 4977 1096 5030 ita
1131 4977 1406 5042 laboriosi,
1437 4989 1486 5034 et
1515 4995 1610 5046 pro
1641 4979 1896 5034 Ecclesiis
1949 4983 2068 5034 ubi-

483 5082 582 5134 que
623 5067 890 5136 vigilantis
927 5067 1072 5122 dicta
1102 5069 1208 5122 sint
1257 5069 1427 5124 nobis.
1471 5067 1653 5140 Neque
1683 5071 1820 5124 enim
1859 5071 2066 5140 generis

482 5157 598 5225 ejus
625 5159 934 5214 memoriam
970 5161 1215 5229 fecimus,
1251 5177 1412 5230 neque
1435 5161 1788 5226 educationis,
1821 5173 1912 5216 aut
1939 5179 2066 5217 eru-

482 5247 723 5312 ditionis,
759 5261 852 5304 aut
875 5252 1094 5308 alterius
1127 5254 1248 5310 vitae
1271 5263 1320 5308 et
1349 5255 1625 5324 propositi.
1663 5253 1811 5322 Quos
1845 5257 2066 5326 quidem

487 5337 708 5396 Eusebii
729 5341 878 5396 locos
909 5359 978 5397 ne
1023 5361 1184 5413 quem
1219 5359 1316 5400 sua
1360 5346 1518 5400 laude
1549 5345 1888 5412 defraudem,
1923 5347 2068 5402 indi-

483 5432 632 5486 cavit
666 5433 799 5488 mihi
829 5435 912 5490 vir
933 5435 1290 5494 doctissimus
1315 5437 1648 5494 Franciscus
1673 5437 1922 5510 Ogcrius.
1949 5441 2068 5494 Cte-

483 5529 662 5578 terum
694 5539 762 5582 ex
813 5525 898 5582 his
946 5543 1066 5598 quae
1116 5530 1225 5584 dix-i
1264 5531 1399 5588 satis
1429 5533 1724 5606 colligitur,
1767 5533 2066 5588 Eusebium

485 5617 638 5672 nullo
669 5619 1094 5690 propinquitatis
1121 5623 1265 5692 jure,
1301 5625 1396 5680 sed
1419 5633 1633 5682 tantum
1665 5627 1920 5682 amicitiae
1943 5629 2064 5680 vin-

483 5712 610 5768 culo
640 5727 764 5764 cum
801 5709 1086 5783 Pamphilo
1133 5717 1486 5784 conjunctum
1537 5717 1722 5776 fuisse.
1767 5721 1925 5774 Certe
1957 5719 2068 5774 Eu-

2173 4621 2420 4674 rarctur,
2451 4607 2616 4664 idolis
2657 4607 3026 4674 sacriﬁcasse;
3057 4607 3220 4676 idque
3247 4606 3323 4660 illi
3353 4605 3628 4678 objectum
3659 4613 3748 4660 est

2171 4703 2242 4756 ab
2275 4701 2548 4772 episcopis
2589 4707 2644 4754 et
2681 4697 3094 4754 confessoribus
3125 4695 3394 4768 Egyptiis
3435 4697 3490 4752 in
3535 4697 3748 4770 synodo

2171 4794 2364 4867 Tyria.
2395 4803 2452 4848 ut
2481 4791 2624 4848 infra
2667 4789 3234 4846 commcmorahimus.
3275 4789 3380 4844 Sed
3413 4805 3522 4846 non
3555 4791 3746 4844 dubito

2170 4889 2300 4958 quin
2325 4888 2376 4942 id
2403 4886 2598 4942 falsum
2629 4885 2702 4942 sit
2729 4893 2784 4940 et
2813 4883 2884 4938 ab
2925 4883 3162 4938 inimicis
3181 4881 3400 4940 Eusebii
3424 4883 3742 4938 conﬁctam.

2171 4978 2304 5034 Nam
2335 4977 2382 5032 si
2411 4985 2626 5030 tantum
2657 4977 2867 5030 crimen
2896 4987 3084 5028 revera
3115 4973 3412 5030 admissum
3443 4975 3634 5030 luisset
3675 4976 3744 5030 ab

2173 5071 2406 5128 Eusebio
2425 5109 2442 5136 ,
2477 5067 2752 5138 quomodo
2779 5065 3132 5122 Caesariensis
3159 5065 3414 5122 Ecclesiae
3437 5075 3624 5138 postea
3661 5069 3746 5124 la-

2171 5175 2292 5222 ctus
2319 5165 2512 5220 luisset
2537 5161 2858 5232 cpiscopus?
2878 5159 3158 5226 Quomodo
3185 5161 3254 5216 ab
3285 5161 3642 5216 Antiochenis
3675 5161 3740 5216 ad

2171 5255 2579 5328 suscipiendum
2635 5255 2783 5308 illius
2831 5253 2984 5308 urbis
3041 5253 3408 5308 sacerdotium
3447 5253 3746 5310 evocatus!

2171 5351 2236 5406 Et
2275 5359 2456 5406 tamen
2506 5347 2801 5405 cardinalis
2839 5345 3106 5400 Baronius
3141 5346 3272 5402 illud
3319 5346 3476 5416 quasi
3531 5355 3742 5402 certum

2171 5451 2462 5512 ratumque
2505 5439 2769 5512 arripuit,
2815 5439 2960 5512 quod
3003 5437 3238 5494 Eusebio
3271 5453 3370 5510 per
3401 5437 3644 5508 jurgium
3689 5445 3744 5494 et

2171 5534 2578 5588 altercationem
2606 5533 2876 5602 objectum
2907 5539 2990 5588 est
3021 5533 3090 5587 ab
3111 5532 3230 5602 ejus
3257 5531 3608 5596 adversariis,
3641 5545 3744 5587 nec

2169 5628 2336 5682 ullius
2371 5625 2682 5682 testimonio
2710 5625 3112 5680 conﬁrmatum.

2241 5721 2344 5774 Per
2392 5723 2530 5777 idem
2575 5729 2787 5792 tempus
2839 5719 3074 5790 scriptus
3107 5725 3191 5774 est
3228 5717 3296 5772 ab
3329 5715 3564 5774 Eusebio
3603 5715 3742 5770 litatur

555 5829 630 5880 cal
656 5825 923 5881 Eusebius
950 5828 1002 5882 iu
1031 5825 1268 5898 Ejisto-la
1289 5829 1352 5884 ad
1381 5831 1744 5888 l,2-:cs:uicus¢s
1767 5833 1832 5888 de
1858 5835 2066 5900 synodo
2101 5817 2336 5894 Nicaeus.
