4126 6482
379 399 445 456 5⁸1
1887 400 1941 456 Νι

2039 400 2183 459 [ΤῙΑ.
3547 407 3616 464 58

381 520 630 577 adversus
664 515 980 571 Hieroclem.
1001 514 1236 571 Causam
1265 511 1537 571 scribendi
1568 512 1801 585 praebuit
1825 511 1952 569 Hie-
1978 519 2025 577 Α
2051 514 2223 570 drinas
2261 512 2416 570 urbis
2442 513 2747 588 presbyter,
2773 527 2901 570 cum
2926 527 3065 571 nova
3092 516 3337 587 quaedam
3366 527 3420 575 et
3450 519 3616 593 impia

382 612 561 668 roclcs
586 608 1040 675 Nicomediensis,
1069 609 1164 680 qui
1199 608 1301 665 sub
1343 607 1556 661 initium
1593 607 1714 677 ejus
1756 622 1943 677 perse-

382 702 622 759 cutionis
650 714 776 755 cum
805 698 1237 756 Christianorum
1257 698 1455 767 ubique
1470 698 1671 767 templa
1699 697 1949 753 destrue-

384 802 597 858 rentur,
647 798 858 848 vexata
931 791 1177 860 religioni
1233 791 1391 861 quasi
1454 790 1760 854 insultans,
1808 788 1946 844 duos

384 884 651 940 adversus
694 882 853 938 fidem
901 881 1101 938 Christi
1140 882 1197 936 in
1240 882 1375 936 urbe
1425 879 1737 937 Nicomedia
1780 880 1948 936 edidit

383 976 578 1040 libros,
629 990 766 1045 quos
794 974 1150 1041 Φιλαλήθεις
1196 973 1567 1043 inscripserat.
1621 971 1681 1027 ln
1749 972 1947 1041 quibus

387 1068 532 1124 inter
558 1073 752 1122 caetera
798 1066 853 1122 id
895 1067 1207 1130 asserebat,
1253 1064 1599 1136 Apollonium
1650 1061 1947 1134 Tyanmum

386 1162 556 1215 multo
583 1160 737 1231 plura
763 1168 817 1214 et
844 1158 1049 1229 majora
1097 1157 1295 1213 fecisse
1331 1171 1497 1225 quam
1546 1155 1855 1215 Christum.
1887 1160 1948 1209 ut

387 1258 616 1306 testatur
639 1249 950 1305 Lactantius
977 1250 1030 1302 in
1056 1248 1198 1303 libro
1215 1262 1314 1301 vn.
1339 1247 1445 1302 Sed
1474 1245 1745 1302 Eusebius
1774 1244 1950 1299 homi-

387 1356 509 1397 nem
552 1341 887 1412 despiciens,
921 1346 1215 1397 eontentus
1250 1338 1355 1394 fuit
1400 1353 1526 1395 eum
1576 1337 1726 1393 brevi
1766 1335 1949 1391 libello

385 1429 684 1485 confutare.
1672 1480 1675 1491 λ

454 1520 596 1575 inter
610 1521 726 1576 haec
742 1528 961 1577 mortuo
980 1520 1208 1593 Agapio,
1229 1516 1647 1576 Catsariensium
1668 1517 1946 1587 episcopo,

383 1623 506 1662 cum
554 1612 865 1681 persecutio
906 1611 1022 1681 jam
1069 1610 1255 1666 sedata
1307 1616 1362 1665 et
1388 1622 1496 1677 pax
1547 1607 1761 1665 reddita
1804 1612 1951 1664 esset

379 1698 638 1756 Ecclesia
661 1741 676 1767 ,
718 1701 990 1758 Eusebius
1017 1700 1294 1757 communi
1324 1699 1568 1755 omnium
1596 1712 1868 1755 consensu
1894 1700 1948 1753 in

378 1790 500 1859 ejus
542 1791 722 1846 locum
764 1793 1136 1848 substituitur.
1186 1789 1295 1844 Alii
1344 1803 1719 1846 successorem
1753 1788 1947 1859 Agapii

377 1887 587 1949 ponunt
613 1880 920 1951 Agricolam
941 1919 957 1944 ,
983 1881 1075 1949 qui
1107 1880 1409 1951 Ancyrana:
1455 1878 1663 1950 synodo
1705 1878 1949 1933 interluit

376 1984 443 2023 ac
481 1971 844 2040 subscripsit,
890 1983 1033 2025 anno
1079 1969 1283 2025 Christi
1310 1971 1439 2026 δη.
1475 1969 1554 2025 lta
1597 1969 1864 2025 Baronius
1892 1971 1944 2024 in

374 2062 673 2117 Annalibus
691 2102 706 2127 ,
736 2062 805 2118 ad
843 2077 1047 2117 annum
1067 2061 1270 2118 Christi
1304 2062 1409 2118 5H
1428 2102 1445 2128 ,
1472 2069 1527 2118 et
1551 2060 1865 2117 Blondellus
1891 2062 1947 2118 in

378 2154 634 2225 Apologia
661 2170 755 2224 pro
782 2154 1040 2208 sententia
1070 2152 1135 2209 Β.
1169 2151 1520 2225 Hieronymi,
1564 2166 1685 2223 cap.
1719 2152 1809 2207 l9.
1844 2151 1946 2208 Ubi

378 2241 669 2299 Eusebium
724 2258 869 2298 anno
913 2243 1117 2299 Christi
1160 2244 1381 2300 circiter
1422 2244 1562 2311 515,
1597 2243 1945 2300 administra-

375 2335 578 2390 tionem
610 2334 959 2391 Caesariensis
998 2334 1253 2391 Ecclesiae
1280 2345 1407 2406 post
1427 2343 1659 2392 mortem
1680 2336 1946 2407 Agricola:

374 2425 684 2497 suscepisse
708 2426 920 2483 scribit.
954 2424 1711 2500 Verumsubseriptionesillm
1730 2425 1946 2497 episco-

373 2533 567 2589 porum
609 2534 730 2591 quae
758 2520 816 2575 in
841 2518 1051 2577 Latinis
1073 2519 1358 2577 Canonum
1390 2519 1809 2576 collectionibus
1846 2519 1943 2573 ha-

372 2610 607 2679 bentur,
667 2627 863 2684 parum
917 2622 1081 2671 certa
1134 2615 1268 2670 mihi
1318 2613 1572 2670 videntur
1629 2626 1693 2667 ae
1748 2611 1937 2666 ﬁrme.

378 2700 514 2759 Nam
548 2720 725 2775 neque
750 2707 806 2762 in
835 2704 1041 2762 Graecis
1069 2706 1372 2771 codicibus,
1400 2721 1500 2762 nec
1523 2705 1582 2761 in
1610 2702 1802 2759 Latina
1821 2717 1944 2758 ver-

377 2796 534 2851 sione
573 2794 814 2869 Dionysii
835 2795 1031 2868 Exigui
1055 2798 1327 2869 leguntur.
1353 2796 1559 2853 Deinde
1584 2794 1852 2851 Eusebius
1885 2793 1943 2848 in

371 2888 516 2944 libro
537 2903 614 2942 vn
643 2886 898 2944 Historia:
925 2889 1294 2944 ecclesiastica:
1319 2900 1615 2945 recensens
1641 2885 1943 2955 praecipua-

371 2992 495 3034 rum
516 2979 728 3037 aedium
771 2981 1093 3053 episcopos,
1148 2981 1255 3037 sub
1290 2981 1490 3051 quibus
1526 2986 1647 3034 orta
1682 2986 1739 3034 et
1779 2992 1935 3049 gras-

373 3080 494 3128 sata
529 3076 970 3143 estpersecutio,
1000 3075 1057 3129 in
1099 3073 1307 3145 Agapio
1345 3071 1765 3129 Caesariensium
1811 3070 1929 3140 epi-

2047 603 2115 660 de
2131 603 2225 660 Dei
2246 602 2385 659 Filio
2406 603 2656 677 dogmata
2679 606 2896 677 publice
2923 606 2979 661 in
3006 606 3251 666 Ecclesia
3274 612 3614 681 prmdicaret,

2047 703 2102 749 et
2135 694 2203 749 ab
2246 693 2554 750 Alexandro
2606 699 2865 768 episcopo
2910 698 3225 769 frequenter
3269 702 3614 770 admonitus,

2045 783 2405 841 nihilominus
2435 785 2490 839 in
2540 786 2733 843 iisdem
2777 791 3174 846 assertionibus
3208 803 3614 862 perseveraret,

2046 873 2263 931 tandem
2290 890 2397 930 una
2428 892 2551 933 cum
2590 878 2794 933 erroris
2831 879 2916 934 sui
2949 880 3115 937 sociis
3149 882 3472 948 damnatus,
3505 886 3621 955 pul-

2048 983 2252 1037 susque
2280 967 2521 1025 Ecclesia
2552 969 2748 1024 fuerat.
2769 971 2942 1037 Quam
2963 972 3365 1029 damnationem
3389 976 3617 1031 moleste

2049 1060 2260 1124 ferens,
2290 1061 2498 1117 litteras
2532 1077 2656 1117 cum
2699 1066 2945 1135 exemplo
2986 1064 3109 1121 ﬁdei
3156 1080 3270 1121 sua:
3317 1066 3384 1122 ad
3425 1084 3619 1126 omnes

2047 1150 2349 1205 vicinarum
2378 1152 2593 1207 urbium
2629 1153 2915 1224 episcopos
2952 1157 3101 1211 misit
3132 1174 3146 1212 :
3187 1158 3385 1226 quibus
3422 1176 3616 1231 quere-

2048 1241 2209 1298 batur
2246 1242 2520 1300 immerito
2566 1259 2625 1298 se
2673 1245 2975 1315 depositum
3010 1248 3078 1303 ab
3118 1250 3459 1316 Alexandro,
3487 1267 3615 1308 eum

2048 1334 2233 1388 eadem
2264 1334 2378 1405 ipse
2405 1352 2524 1405 qua:
2553 1337 2746 1406 reliqui
2779 1337 3014 1395 Orientis
3043 1342 3314 1397 antistites
3359 1345 3618 1413 praedica-

2048 1431 2151 1479 ret.
2172 1423 2268 1480 llis
2294 1426 2503 1483 artibus
2523 1427 2732 1497 decepti
2764 1428 2948 1497 plures
2975 1430 3236 1501 episcopi,
3261 1441 3315 1488 et
3344 1435 3411 1488 ab
3442 1434 3612 1490 Euse-

2048 1517 2139 1573 bio
2167 1518 2563 1576 Nicomediensi
2590 1522 2824 1578 maxime
2845 1522 3074 1584 incitati,
3101 1525 3192 1593 qui
3226 1525 3339 1579 Arii
3365 1528 3616 1596 partibus

2048 1613 2227 1682 palam
2257 1612 2487 1678 favebat,
2516 1613 2727 1668 litteras
2754 1629 2853 1684 pro
2879 1613 3010 1671 Ario
3036 1616 3375 1686 scripserunt
3397 1619 3465 1673 ad
3490 1618 3613 1676 Ale-

2049 1706 2317 1762 xandrum
2345 1705 2720 1762 Alexandrinae
2747 1706 2902 1760 urbis
2931 1707 3252 1772 antistitem,
3296 1716 3516 1765 orantes
3554 1717 3614 1765 ut

2048 1794 2237 1850 Arium
2269 1796 2324 1850 in
2372 1797 2661 1867 pristinum
2708 1796 2888 1852 locum
2925 1797 3256 1853 restitueret.
3305 1797 3381 1853 Ex
3421 1815 3610 1856 eorum

2046 1900 2273 1941 numero
2328 1885 2433 1947 fuit
2484 1885 2750 1942 Eusebius
2804 1894 3023 1954 noster,
3075 1889 3235 1958 cujus
3288 1890 3481 1945 littera:
3542 1891 3612 1945 ad

2044 1976 2411 2032 Alexandrum
2442 1978 2659 2047 scriptae
2685 1985 2902 2034 exstant
2945 1978 2998 2032 in
3039 1978 3189 2036 Actis
3236 1982 3479 2051 septimae
3518 1997 3611 2053 sy-

2043 2069 2174 2124 nodi
2217 2070 2604 2135 mcumenicaa,
2643 2077 2697 2126 et
2746 2070 2888 2125 inter
2933 2080 3176 2125 veterum
3221 2074 3530 2130 testimonia
3579 2094 3611 2134 a

2043 2161 2203 2218 nobis
2237 2163 2424 2217 relata:
2457 2169 2605 2218 sunt.
2637 2162 2857 2218 Eusebii
2902 2162 3254 2222 Caesariensis
3298 2170 3605 2239 exemplum

2044 2267 2172 2312 mox
2203 2253 2378 2307 secuti
2405 2250 2721 2307 Theodotus
2744 2266 2809 2307 ac
2835 2249 3119 2317 Paulinus,
3140 2255 3277 2309 alter
3304 2255 3613 2324 Laodicea,

2043 2344 2182 2400 alter
2235 2341 2527 2416 Tyriorum
2581 2342 2888 2413 episcopus,
2936 2358 3036 2416 pro
3088 2346 3436 2402 restitutione
3490 2348 3608 2404 Arii

2043 2435 2186 2506 apud
2219 2435 2584 2491 Alexandrum
2616 2435 2997 2492 intercessere.
3034 2437 3277 2503 Quorum
3321 2439 3610 2510 epistolas,

2041 2531 2231 2593 utpote
2262 2524 2616 2595 dogmatibus
2641 2525 2758 2582 suis
2784 2527 3213 2599 patrocinantes,
3255 2543 3378 2584 cum
3411 2531 3611 2601 ubique

2040 2621 2343 2670 ostentaret
2376 2614 2563 2682 Arius,
2597 2622 2651 2669 et
2682 2622 2960 2671 tantorum
2993 2616 3239 2673 virorum
3281 2622 3607 2677 auctoritate

2040 2707 2243 2762 multos
2305 2707 2363 2760 in
2433 2705 2746 2760 societatem
2815 2705 3019 2761 erroris
3082 2707 3167 2763 sui
3228 2711 3612 2780 pertraheret,

2040 2794 2347 2852 Alexander
2383 2802 2439 2850 et
2468 2794 2583 2866 ipse
2612 2804 2838 2851 coactus
2864 2804 2950 2852 est
2980 2796 3048 2850 ad
3082 2798 3325 2868 reliquos
3368 2797 3612 2855 Orientis

2038 2890 2325 2960 episcopos
2379 2887 2590 2943 litteras
2650 2889 2886 2954 mittere,
2948 2890 3149 2961 quibus
3200 2892 3380 2962 palam
3436 2892 3608 2959 ﬁeret,

2037 2975 2228 3035 Arium
2258 2994 2366 3035 una
2407 2995 2531 3034 cum
2571 2982 2739 3037 sociis
2775 2980 2902 3051 jure
2941 2982 3259 3038 damnatum
3300 3000 3366 3038 ac
3395 2987 3611 3054 deposi-

2040 3078 2154 3126 tum
2188 3071 2376 3127 fuisse.
2403 3069 2634 3127 Exstant
2656 3073 2820 3128 hodie
2851 3073 3146 3129 Alexandri
3176 3075 3422 3147 epistola
3444 3076 3563 3131 dum
3593 3095 3609 3131 :

372 3179 542 3235 scopo
600 3165 828 3229 desinit,
887 3179 1050 3234 quem
1088 3165 1163 3218 ait
1204 3165 1262 3219 in
1298 3178 1363 3219 ea
1400 3162 1782 3233 persecutione
1833 3158 1934 3231 pro
1970 3191 2016 3249 ο
2048 3165 2213 3220 altera
2261 3164 2330 3219 ad
2372 3163 2743 3219 Alexandrum
2781 3166 3448 3237 Constantinopolitanum
3494 3170 3609 3239 epi—

376 3255 636 3313 Ecclcsias
684 3269 798 3309 suae
827 3253 1129 3309 commodis
1176 3252 1470 3323 plurimum
1517 3251 1815 3307 laborasse.
1846 3249 1948 3306 Hic
2047 3269 2295 3323 scopum,
2330 3253 2387 3307 in
2418 3268 2524 3323 qua
2569 3255 2819 3327 queritur
2849 3254 3152 3311 Alexander
3186 3257 3253 3311 de
3281 3257 3459 3312 tribus
3499 3260 3606 3329 epi-

371 3358 507 3417 ergo
530 3344 599 3400 ad
629 3343 793 3399 tinem
824 3358 998 3413 usque
1028 3340 1426 3412 persecutionis
1457 3338 1818 3409 permanserit
1851 3352 1947 3393 ne-

369 3451 525 3493 cosse
556 3441 663 3492 est.
694 3435 860 3505 Atqui
891 3434 1160 3491 Eusebius
1194 3432 1377 3489 statim
1410 3435 1535 3502 post
1576 3428 1736 3485 linem
1763 3443 1946 3499 perse-

369 3527 611 3587 cutionis
648 3526 831 3583 factus
880 3537 965 3582 est
997 3526 1313 3597 episcopus.
1358 3523 1496 3580 Nam
1529 3537 1650 3579 cum
1682 3520 1945 3576 Paulinus

366 3620 657 3693 episcopus
676 3616 828 3689 Tyri,
851 3616 1015 3688 paulo
1034 3624 1157 3688 post
1181 3615 1450 3671 redditam
1473 3613 1732 3670 Ecclesia:
1755 3628 1943 3685 pacem

365 3712 648 3769 basilicam
675 3709 987 3775 dedicaret,
1012 3708 1080 3763 ad
1108 3708 1230 3778 ejus
1250 3707 1649 3763 dedicationem
1678 3721 1787 3762 una
1814 3720 1939 3761 cum

364 3802 592 3873 reliquis
621 3800 895 3871 episcopis
915 3814 946 3853 a
968 3797 1200 3853 Paulino
1217 3805 1476 3853 evocatus
1504 3804 1590 3854 est
1604 3836 1621 3863 ,
1648 3805 1705 3852 et
1725 3797 1944 3869 elegan-

364 3894 635 3950 tissimam
667 3906 855 3948 coram
904 3877 999 3946 illo
1030 3888 1219 3945 habuit
1245 3889 1569 3955 orationem,
1604 3888 1749 3946 sicut
1773 3889 1941 3945 disci-

362 4001 488 4041 mus
535 3999 602 4040 ex
648 3983 789 4039 libro
836 3998 870 4037 x
922 3979 1178 4035 Historiae
1225 3980 1615 4035 ecclesiasticae.
1660 3977 1718 4034 ld
1759 3990 1939 4036 autem

364 4077 595 4148 contigit
627 4086 916 4145 antequam
946 4071 1191 4129 Licinius
1220 4071 1486 4127 adversus
1521 4071 1938 4126 Constantinum

361 4170 654 4226 rebellaret
676 4207 693 4227 .
733 4167 881 4238 quod
914 4165 1117 4221 factum
1147 4170 1233 4223 est
1261 4178 1406 4219 anno
1433 4163 1642 4220 Natalis
1674 4163 1938 4219 Dominici

364 4261 495 4318 315.
517 4259 678 4316 Circa
716 4258 833 4314 haec
861 4266 1104 4329 tempora
1132 4255 1404 4314 Eusebius
1437 4258 1685 4329 insignes
1710 4256 1834 4311 illos
1861 4254 1939 4308 De

362 4351 811 4409 demonstratione
835 4358 891 4407 et
917 4349 996 4406 De
1018 4349 1408 4421 praparatt'oae
1434 4349 1732 4423 euangelica
1768 4349 1939 4406 libros

368 4446 724 4503 elucubravit.
749 4444 899 4511 Quos
929 4443 1153 4515 quidem
1182 4449 1307 4498 ante
1338 4443 1631 4500 concilium
1659 4442 1935 4498 Nicatnum

369 4539 609 4610 scriptos
620 4537 792 4594 fuisse
809 4542 1046 4601 constat,
1069 4552 1193 4592 enm
1216 4537 1274 4593 in
1302 4534 1546 4593 Historia
1563 4535 1936 4600 ecclesiastica,

364 4646 486 4701 quae
529 4637 657 4685 ante
697 4630 833 4685 illud
871 4628 1164 4685 concilium
1199 4630 1267 4685 ab
1298 4628 1535 4686 Eusebio
1572 4630 1778 4699 scripta
1817 4635 1936 4692 est,

362 4720 685 4776 nominatim
714 4721 972 4785 citentur,
996 4719 1461 4792 quemadmodum
1492 4722 1551 4777 in
1573 4718 1938 4778 adnotationi-

360 4814 465 4869 bus
493 4813 852 4868 ostendimus.
885 4811 1097 4868 interea
1138 4810 1421 4878 Licinius,
1455 4813 1548 4884 qui
1594 4813 1653 4868 in
1697 4811 1938 4867 Orientis

359 4904 615 4975 partibus
675 4900 1086 4976 Rempublicam
1141 4900 1602 4968 administrabat,
1654 4903 1937 4974 repentino

360 4995 547 5052 furore
577 4996 839 5050 incitatus
869 4993 1217 5055 Christianos
1244 4996 1495 5067 persequi
1525 4995 1691 5066 coepit
1709 5033 1723 5057 ,
1753 4993 1941 5065 pracci-

361 5102 466 5158 pue
502 5103 634 5143 vero
656 5087 951 5152 antistites,
974 5103 1115 5158 quos
1136 5089 1498 5145 Constantino
1530 5085 1704 5156 magis
1726 5084 1931 5153 favere,

361 5181 416 5230 et
443 5191 542 5245 pro
562 5176 657 5231 illo
682 5183 810 5231 vota
848 5176 1027 5234 facere
1054 5180 1457 5249 suspicabatur.
1485 5176 1592 5233 Sed
1623 5175 1936 5235 Constanti-

361 5282 490 5333 nus,
519 5281 775 5340 suscepta
807 5269 1069 5329 adversus
1094 5271 1362 5328 Licinium
1388 5271 1751 5342 expeditione,
1782 5269 1935 5325 brevi

362 5356 517 5412 illum
543 5357 755 5415 duobus
778 5360 987 5430 praeliis
1007 5369 1150 5417 terra
1176 5361 1424 5431 marique
1444 5362 1645 5416 victum
1677 5359 1745 5414 ad
1780 5358 1934 5414 dedi-

358 5447 565 5503 tionem
605 5450 889 5519 compulit.
924 5449 1101 5523 Atque
1140 5454 1215 5507 ita
1242 5451 1571 5508 Christianis
1616 5451 1674 5506 in
1713 5448 1934 5505 Oriente

360 5540 684 5612 degentibus
733 5557 838 5613 pax
884 5559 982 5615 per
1027 5543 1447 5602 Constantinum
1494 5546 1673 5602 denuo
1722 5545 1934 5600 reddita

358 5639 464 5687 est.

433 5720 634 5779 Verum
652 5723 794 5780 inter
814 5725 962 5796 ipsos
977 5725 1321 5784 Christianos
1338 5726 1496 5798 longe
1510 5726 1727 5798 gravior
1741 5725 1929 5781 eodem

360 5821 605 5881 tempore
634 5817 903 5874 tumultus
928 5819 1153 5876 exarsit.
1188 5818 1429 5889 Namque
1474 5819 1669 5884 Arius,
1699 5817 1931 5874 Alexan-

2044 3345 2227 3414 scopis
2254 3342 2443 3417 Syriae,
2469 3344 2561 3416 qui
2592 3344 2723 3399 Ario
2749 3344 3174 3413 consentientes,
3200 3348 3605 3403 contentionem

2043 3451 2209 3508 quam
2239 3437 2432 3493 sedare
2456 3437 2639 3507 potius
2674 3436 3014 3499 debuissent,
3046 3437 3220 3509 magis
3252 3455 3414 3507 quam
3448 3448 3606 3494 antea

2042 3526 2529 3583 inﬂammaverant.
2565 3524 2631 3581 lli
2685 3534 2815 3583 sunt
2844 3525 3133 3593 Eusebius,
3181 3526 3496 3585 Theodotus
3544 3546 3608 3584 ac

2041 3618 2325 3684 Paulinus,
2356 3619 2501 3676 sicut
2529 3634 2595 3675 ex
2617 3617 2732 3674 Arii
2754 3619 2987 3690 epistola
3013 3619 3079 3674 ad
3105 3618 3401 3676 Eusebium
3441 3621 3605 3677 Nico.

2041 3712 2377 3768 mediensem
2408 3712 2613 3781 scripta
2647 3711 2775 3766 licet
2796 3710 3071 3781 colligere.
3103 3712 3344 3766 Alteram
3370 3713 3608 3769 Alexau-
3707 3750 3725 3764 .

2039 3802 2125 3858 dri
2146 3801 2434 3873 epistolam
2467 3800 2538 3855 ad
2568 3815 2757 3856 omnes
2783 3799 2985 3870 ubique
3016 3810 3285 3856 terrarum
3319 3804 3610 3876 episcopos

2038 3892 2223 3948 datam
2247 3890 2418 3947 refert
2444 3888 2697 3944 Socrates
2730 3889 2787 3943 in
2821 3888 2960 3944 libro
2981 3905 3020 3943 ι.
3049 3888 3148 3946 His
3184 3891 3479 3947 Alexandri
3517 3894 3607 3948 lito

2037 3980 2174 4038 teris
2203 3994 2341 4051 pene
2371 3994 2562 4035 omnes
2584 3976 2823 4034 Orientis
2851 3978 3295 4049 subscripserunt
3327 3983 3603 4052 episcopi:

2037 4070 2177 4125 inter
2203 4085 2340 4141 quos
2371 4069 2674 4141 principem
2702 4067 2881 4122 locum
2909 4068 3227 4123 obtinebant
3254 4069 3608 4142 Philogonius

2035 4161 2358 4227 Antiochiae,
2394 4159 2716 4216 Eustathius
2754 4158 2989 4214 Berrma:
3014 4166 3068 4214 et
3108 4157 3380 4216 Macarius
3411 4160 3597 4216 Hierov

2037 4255 2371 4326 solymorum
2395 4251 2687 4308 antistites.
2714 4250 2968 4323 Episcopi
2994 4266 3123 4307 vero
3154 4252 3232 4307 illi
3263 4253 3356 4324 qui
3388 4253 3457 4307 ab
3485 4252 3602 4307 Arii

2037 4346 2288 4415 partibus
2321 4353 2469 4399 stare
2508 4343 2856 4407 videbantur,
2891 4358 3013 4397 cum
3065 4343 3356 4399 Alexandri
3402 4342 3615 4397 litteris

2040 4453 2099 4494 se
2135 4436 2460 4508 perstrictos
2492 4434 2760 4501 viderent,
2794 4430 2976 4491 acrius
3020 4435 3193 4490 multo
3224 4449 3288 4488 ac
3313 4434 3604 4488 vehemen-

1967 4531 2013 4586 D
2043 4532 2153 4586 tius
2181 4530 2235 4584 in
2269 4528 2641 4585 defensionem
2682 4529 2798 4584 Arii
2831 4527 3129 4584 incubuere
3159 4545 3172 4582 :
3206 4528 3475 4598 przecipue
3504 4541 3606 4580 au-

2039 4628 2148 4677 tem
2192 4618 2626 4675 Nicomediensis
2672 4617 2960 4675 Eusebius.
3002 4616 3198 4674 Noster
3229 4615 3375 4671 enim
3421 4613 3611 4668 Caesa-

2038 4713 2240 4769 riensis
2278 4711 2567 4776 Eusebius,
2599 4726 2708 4765 una
2750 4726 2874 4764 cum
2906 4707 3221 4778 Patre-philo
3254 4722 3318 4761 ac
3349 4704 3604 4768 Paulino,

2037 4805 2270 4875 aliisque
2323 4803 2496 4877 Syria:
2541 4803 2816 4874 episcopis
2873 4799 2926 4856 id
2970 4808 3177 4855 tantum
3227 4796 3487 4859 decrevit,
3542 4804 3604 4849 ut

2034 4896 2166 4952 Ario
2203 4896 2519 4967 presbytero
2575 4901 2875 4950 conventus
2924 4892 2978 4946 in
3019 4890 3251 4946 ecclesia
3302 4904 3399 4945 sua
3441 4903 3609 4959 agere

2036 4988 2262 5057 liceret;
2295 4989 2576 5058 subjectus
2607 4994 2787 5041 tamen
2818 4985 2957 5039 idem
2981 4994 3126 5039 esset
3150 4980 3455 5037 Alexandro
3485 4981 3602 5049 epi-

2034 5094 2224 5149 scopo,
2257 5079 2326 5132 ab
2354 5092 2527 5148 eoque
2555 5075 2820 5147 ﬂagitaret
2859 5081 2918 5127 ut
2957 5071 3025 5126 ad
3061 5086 3249 5143 pacem
3276 5076 3330 5123 et
3350 5083 3631 5123 commu-.

2035 5170 2254 5225 nionem
2295 5169 2693 5224 admitteretur.
2732 5164 2813 5219 Ad
2844 5164 2989 5217 hunc
3030 5161 3250 5214 modum
3280 5158 3596 5213 dissidenti-

2037 5263 2141 5318 bus
2172 5262 2316 5316 inter
2350 5276 2410 5316 se
2440 5259 2736 5330 episcopis,
2770 5268 2823 5313 et
2851 5257 2937 5311 his
2978 5250 3296 5314 Alexandri,
3345 5250 3452 5305 illis
3481 5249 3605 5303 Arii

2035 5361 2220 5426 partes
2250 5353 2582 5415 foventibus,
2621 5348 2899 5405 contentio
2931 5361 3095 5416 supra
3122 5343 3340 5397 modum
3370 5355 3600 5411 exaspe-

2034 5457 2152 5501 rata
2182 5453 2286 5510 est.
2334 5444 2432 5499 Cui
2468 5445 2612 5498 malo
2638 5450 2697 5497 ut
2726 5441 3031 5496 mederetur
3060 5435 3474 5498 Constantinus,
3511 5448 3601 5502 ge.-

2034 5536 2274 5591 neralem
2305 5534 2687 5604 episcoporum
2734 5529 3022 5603 synodum,
3053 5529 3268 5599 qualem
3301 5526 3448 5581 nulla
3496 5541 3599 5578 nn-

2033 5644 2195 5699 quam
2225 5634 2359 5682 aetas
2391 5627 2619 5687 viderat,
2654 5639 2718 5679 ex
2758 5623 3016 5679 universo
3039 5623 3170 5677 orbe
3188 5618 3437 5675 Romano
3466 5631 3604 5670 con-

2033 5721 2274 5797 gregavit
2301 5721 2354 5775 in
2383 5719 2517 5774 urbe
2547 5717 2809 5787 Bithynia:
2847 5715 3049 5771 Nicaea.
3081 5713 3256 5784 Hujus
3282 5709 3502 5766 maximi
3533 5723 3601 5761 ac

2033 5812 2371 5871 celeberrimi
2406 5809 2624 5867 concilii
2678 5826 2785 5866 non
2830 5807 3055 5865 minima
3099 5820 3229 5876 pars
3275 5802 3376 5858 fuit
3420 5798 3598 5855 Euse-
