4126 6434
592 365 660 420 59
1551 353 1888 414 EUSEBIUS
1923 341 2402 406 CESARIENSIS
2441 341 2838 398 EPISCOPUS.
3753 344 3822 400 ω

592 477 718 534 δίης
765 485 972 532 ηοειειι,
1011 476 1146 532 Nam
1177 483 1230 533 ει
1269 478 1324 532 iu
1375 477 1570 532 deum
1601 489 1770 528 cornu
1816 469 2048 540 primum
2083 466 2162 518 lo-
2189 467 2233 524 Α
2263 475 2388 514 nam
2419 467 2698 527 tueretur;
2733 461 3060 516 concinnato
3085 465 3344 528 praeterea
3375 461 3639 518 adversus
3671 462 3822 516 illum

601 582 729 622 cum
780 566 1046 630 obtinuit,
1101 575 1154 622 et
1194 569 1323 637 imp.
1379 565 1830 624 Constantinum,
1882 560 1976 631 qui
2017 559 2160 612 inter
2261 553 2438 622 stupri
2487 553 2736 618 crimine,
2789 553 2856 608 de
2885 553 3014 609 sede
3053 568 3152 610 sua
3191 553 3504 622 depellitur.
3535 551 3710 620 Quam
3753 555 3822 610 ob

589 659 732 714 duos
778 657 1180 713 considentium
1222 659 1444 714 ordines
1491 659 1702 714 medius
1737 655 1792 709 in
1835 667 1998 708 aurea
2025 653 2156 707 sella
2259 659 2483 699 causam
2513 645 2870 715 gravissimus
2911 644 3212 700 Αιιῐὶοείιίεὲ
3239 646 3510 700 “mullus
3550 653 3638 700 εει
3675 647 3813 700 εκοίο

587 748 884 812 residebat,
922 750 1090 806 totius
1121 751 1314 822 synodi
1347 752 1569 806 nomine
1606 747 1970 818 compellavit,
2015 747 2158 800 sicut
2257 743 2435 802 latus;
2469 737 2670 806 ρορυιο
2703 735 2846 792 duas
2873 737 2928 790 in
2967 743 3152 806 Panes
3183 736 3378 796 δίνίείλ
3413 751 3538 790 cum
3580 738 3672 790 alii
3703 737 3804 794 ca"

589 841 706 910 ipse
739 849 973 894 testatur
1007 843 1063 896 in
1097 845 1322 898 exordio
1351 845 1472 898 libri
1503 859 1518 897 ι
1549 843 1622 896 De
1653 841 1772 895 Vita
1797 840 2151 901 Constantini,

2257 828 2558 884 sariensem
2591 827 2886 883 Eusebium
2919 829 2972 882 in
3011 827 3279 884 Eustathii
3321 829 3498 883 locum
3535 830 3817 900 substitni,

587 941 643 986 ct
675 933 730 986 in
759 935 854 988 lib.
895 951 956 988 Ill
985 935 1234 1004 ejusdem
1259 937 1460 1006 operis.
1494 934 1636 988 Idem
1671 935 1836 988 etiam
1869 931 2158 988 conﬁrmat
2258 921 2348 974 alii
2391 920 2734 976 Ειιεῑεηιιίυῐη
2785 921 2886 976 Sibi
2919 922 3236 992 episcopum
3285 923 3440 977 reddi
3491 921 3818 994 ηεείιπεηι-

589 1020 928 1082 Sozomenus
958 1027 1014 1080 in
1037 1028 1178 1083 libro
1206 1045 1220 1082 l
1247 1027 1501 1082 Historia:
1525 1026 1914 1080 ecclesiasticw.
1951 1023 2156 1080 Deinde
2255 1010 2602 1082 ventumilli"
2641 1021 2788 1068 8559‘
2821 1013 2888 1067 ad
2931 1027 3147 1076 manuso
3179 1013 3287 1068 ηίεί
3327 1013 3674 1084 imperatoris
3707 1031 3818 1069 πιθ-

2255 1109 2347 1158 tus
2385 1111 2440 1158 et
2465 1104 2712 1173 judicum
2763 1104 3060 1158 auctoritas
3095 1117 3192 1158 eos
3225 1103 3580 1158 cohibuisset.
3617 1101 3816 1156 Pacata

2251 1195 2474 1250 tandem
2511 1196 2804 1260 seditione,
2837 1196 3102 1266 pulsoque
3135 1195 3189 1250 in
3217 1195 3470 1250 exsilium
3499 1194 3810 1256 Eustathio,

2251 1286 2521 1342 Eusebius
2559 1295 2748 1342 noster
2789 1289 3004 1342 tametsi
3035 1293 3091 1342 et
3123 1301 3154 1340 a
3183 1287 3384 1358 populo
3419 1297 3472 1342 et
3501 1287 3568 1340 ab
3595 1287 3812 1357 episco-

2250 1379 2338 1451 pis
2365 1381 2457 1450 qui
2491 1381 2740 1444 aderant,
2769 1389 2993 1452 rogatus
3035 1389 3094 1434 ut
3139 1381 3526 1436 Antiochensis
3555 1380 3812 1436 Ecclesiae

2249 1471 2776 1528 administrationem
2821 1474 3146 1544 susciperet,
3193 1473 3246 1528 id
3295 1471 3474 1528 lacere
3519 1473 3814 1528 recusavit.

588 1129 714 1169 cum
749 1117 892 1171 inter
920 1119 1208 1189 episcopos
1240 1119 1472 1174 maxima
1501 1127 1650 1176 esset
1682 1117 2056 1174 controversia
2087 1117 2154 1172 de

589 1209 822 1264 formula
847 1213 992 1276 ﬁdei,
1028 1212 1294 1268 Eusebius
1326 1222 1513 1269 noster
1547 1215 1836 1269 formulam
1869 1215 2152 1283 proposuit

589 1303 882 1357 admodum
925 1313 1125 1360 rectam
1171 1314 1224 1361 et
1269 1307 1596 1376 simplicem,
1643 1315 1698 1362 et
1749 1322 1871 1377 quae
1907 1307 2150 1360 omnium

586 1393 988 1464 episcoporum,
1025 1397 1304 1468 ipsiusque
1337 1399 1472 1454 adeo
1503 1399 1849 1469 imperatoris
1876 1413 2150 1454 consensu

587 1483 802 1538 laudata
852 1494 956 1542 est.
1007 1485 1112 1542 Sed
1165 1505 1290 1544 cum
1337 1491 1386 1544 ei
1433 1489 1680 1546 formula:
1723 1491 1928 1560 aliquid
1959 1489 2152 1546 deesse

583 1575 862 1629 videretur
891 1578 958 1631 ad
987 1577 1382 1634 confutandam
1419 1581 1548 1634 novi
1593 1559 1864 1652 dogmatis
1898 1581 2151 1652 impieta-

2251 1559 2492 1632 Cumque
2521 1563 2764 1633 episcopi
2801 1563 3022 1634 scriptis
3043 1565 3110 1620 ad
3141 1563 3562 1620 Constantinum
3591 1564 3810 1628 litteris.

581 1673 709 1727 tem,
741 1663 930 1722 Patres
955 1669 1149 1739 synodi
1177 1669 1410 1726 Nician-te
1440 1672 1537 1726 has
1563 1681 1826 1742 praeterea
1855 1688 2018 1728 voces
2052 1673 2150 1726 ad-

2251 1661 2300 1708 et
2331 1667 2492 1708 suum
2525 1661 2580 1709 et
2615 1655 2798 1725 pepuli
2831 1657 3000 1711 totius
3028 1655 3344 1729 sull'ragium
3385 1657 3434 1712 ei
3467 1657 3806 1720 retulissent,

579 1753 788 1809 dendas
817 1771 940 1812 esse
973 1767 1308 1814 censuerunt
1337 1779 1352 1815 :
1378 1763 1544 1816 Deum
1567 1777 1742 1815 verum
1765 1761 1828 1816 de
1853 1761 1962 1818 Deo
1990 1779 2146 1818 vero:

2251 1743 2522 1802 Eusebius
2557 1763 2686 1804 suas
2723 1763 2942 1820 quoque
2979 1749 3190 1805 litteras
3215 1749 3366 1805 dedit
3405 1749 3472 1804 ad
3503 1750 3812 1808 Constanti-

577 1847 810 1914 genitum
839 1865 944 1903 non
975 1849 1201 1918 factum,
1231 1853 1732 1908 consufastantialem
1763 1853 1936 1911 Patri.
1980 1855 2147 1925 Adje-

2251 1851 2400 1890 num.
2427 1837 2641 1904 Quibus
2669 1841 2986 1896 rescribens
3027 1839 3159 1911 imp.
3191 1841 3605 1906 Constantinus,
3635 1841 3810 1900 Euse-

577 1947 770 1993 cerunt
799 1941 964 1996 etiam
995 1944 1480 2001 anathematismos
1523 1945 1784 2004 adversus
1811 1963 1906 2003 eos
1935 1947 2026 2018 qui
2061 1947 2146 2002 di-
2243 1927 2320 1984 hii
2345 1929 2635 2018 ςοηείιξιιιιι
2673 1945 3004 2002 ¹Π³8¹¹⁰Ρθτθ
3031 1933 3290 1988 ιθυάδνίῑ-
3327 1931 3548 2002 υεὶεοιο
3577 1935 3634 1990 in
3665 1935 3812 1991 hunc

575 2039 763 2084 cerent
795 2029 992 2086 Filium
1025 2031 1122 2089 Dei
1151 2034 1219 2090 de
1244 2051 1354 2090 non
1385 2037 1729 2094 exstantibus
1770 2017 1972 2094 factum
1999 2054 2142 2104 esse,
2243 2017 2464 2073 m°dum
2509 2017 2816 2084 Ευδίθίδίον
2865 2019 3009 2090 ⁴ι¹³⁰ί¹
3055 2035 3202 2076 anno
3227 2021 3432 2078 ωπίδίί
3463 2023 3568 2078 530
3593 2031 3808 2097 κρείων

575 2127 632 2174 et
664 2117 835 2176 fuisse
864 2130 1080 2194 tempus
1107 2141 1231 2180 cum
1277 2143 1386 2182 non
1426 2137 1592 2185 esset.
1627 2129 1695 2184 Et
1735 2131 1893 2186 initio
1923 2131 2142 2202 quidem
2241 2125 2364 2202 9559
2397 2113 2452 2165 in
2493 2111 2950 2202 ᾼδηθίθίίθηίδυθ
2977 2114 3282 2178 θδδθτνθνίν
3327 2116 3512 2171 Ariani
3547 2119 3602 2172 in
3637 2117 3808 2172 Ama-

573 2208 844 2267 Eusebius
881 2221 1070 2271 noster
1113 2218 1580 2275 consubstantiatis
1621 2237 1810 2278 vocem
1856 2201 2145 2279 admittere

2251 2201 2458 2256 nasium
2501 2201 2704 2258 furoris
2753 2205 2838 2258 sui
2884 2205 3146 2274 impetum
3203 2213 3442 2262 vertunt.
3501 2207 3579 2262 Ac
3627 2208 3810 2278 primo

573 2303 882 2358 recusabat.
919 2305 1024 2362 Sed
1063 2320 1251 2379 postea
1283 2311 1509 2369 edoctus
1544 2328 1574 2367 a
1617 2313 1844 2384 reliquis
1872 2315 2142 2387 cpisc0pis
2243 2294 2470 2387 quidem
2511 2295 2912 2387 ρ’·ξίίηθιίοξιθφ
2955 2295 3076 2367 eius
3123 2305 3382 2353 accusa“
3415 2299 3558 2370 apud
3601 2301 3808 2370 Primi‘

571 2410 822 2462 quamam
849 2405 994 2453 esset
1025 2399 1191 2468 hujus
1215 2399 1364 2456 verbi
1396 2403 1480 2458 vis
1511 2412 1675 2472 atque
1704 2383 1992 2469 sententia,
2017 2383 2142 2459 huic

2251 2398 2362 2453 pem
2391 2401 2405 2436 :
2439 2383 2636 2441 deinde
2667 2385 2812 2456 quod
2853 2385 3008 2442 lineae
3035 2387 3202 2442 vestis
3241 2403 3502 2444 canonem
3535 2403 3566 2442 a
3587 2391 3806 2460 provin-

573 2486 698 2541 tldei
728 2489 946 2544 tandem
974 2493 1256 2548 consensit
1302 2507 1367 2547 ac
1407 2494 1757 2566 subscripsit,
1787 2495 2143 2566 quemadmo-

2251 2481 2474 2537 cialibus
2524 2485 2761 2554 exigeret
2799 2501 2814 2537 :
2855 2483 3002 2554 quod
3053 2497 3270 2539 sacrum
3323 2487 3548 2542 calicem
3593 2486 3802 2542 confre-

569 2577 702 2633 dum
747 2581 862 2650 ipse
890 2583 1058 2637 tradit
1097 2583 1154 2637 in
1191 2585 1422 2654 epistola
1457 2585 1526 2640 ad
1569 2588 1958 2647 Caesarienses.
1993 2575 2143 2644 Non-

2251 2573 2406 2644 iisset
2431 2593 2444 2628 :
2475 2583 2750 2645 postremo
2778 2577 2922 2646 quod
2947 2577 3235 2632 Arsenium
3273 2579 3560 2648 quemdam
3583 2579 3800 2650 episco-

570 2671 706 2724 nulli
752 2681 1007 2728 asserum
1059 2673 1354 2730 Eusebium
1401 2680 1732 2734 necessitate
1775 2679 2048 2745 adacmm.
2088 2693 2141 2738 ei
2237 2679 2366 2732 pum
2385 2665 2769 2720 interemisset.
2789 2665 3800 2738 ltaqueConstantinusmolestissimis

569 2759 918 2832 ίηιρειιειοιιίε
947 2772 1090 2818 melu
1121 2765 1304 2834 polius
1327 2781 1492 2837 quam
1514 2784 1577 2822 ex
1603 2769 1772 2823 animi
1801 2771 1886 2826 sui
1921 2781 2140 2826 semen-
2237 2769 2426 2810 eorum
2471 2756 2838 2812 delationibus
2879 2757 3158 2829 fatigatus,
3193 2761 3484 2815 concilium
3515 2761 3708 2814 indixit
3745 2761 3802 2814 in

567 2853 666 2916 tia,
715 2853 944 2911 Nicaeum
989 2855 1112 2912 fidei
1147 2857 1566 2928 subscripsisse.
1597 2859 1711 2930 Ego
1751 2876 1880 2916 vero
1907 2861 1975 2918 de
2015 2865 2139 2918 aliis

2251 2846 2372 2901 urbe
2392 2845 2558 2918 Tyro,
2581 2863 2754 2919 eoque
2777 2849 3132 2906 Athanasium
3153 2851 3468 2922 episcopum
3489 2851 3556 2906 ad
3581 2867 3802 2906 causam

567 2944 790 3014 quidem
847 2949 940 3017 qui
985 2947 1351 3004 illim-lucrum
1397 2949 1527 3006 huic
1581 2953 1810 3022 synodo.
1871 2953 1928 3008 id
1979 2953 2139 3010 facile
2235 2937 2520 2993 dicendam
2545 2940 2730 2995 venire
2754 2941 2941 3010 jussit.
2969 2939 3028 2995 ln
3053 2957 3114 2997 ea
3141 2943 3526 3014 synodojudex
3555 2943 3694 2998 sedit
3717 2943 3792 2997 in-

567 3035 916 3092 crediderim.
959 3039 1034 3094 De
1063 3039 1386 3097 Caesariensi
1416 3052 1594 3098 autem
1633 3043 1868 3100 Eusebio
1899 3047 1973 3100 ita
2011 3063 2138 3102 sen-

2251 3047 2320 3086 ‘.er
2347 3039 2572 3086 caeteros
2601 3033 2868 3088 Eusebius
2891 3033 3268 3099 Caesariensis,
3295 3050 3454 3104 quem
3487 3032 3794 3089 C0nstanti-

567 3128 670 3183 me
703 3145 809 3183 non
838 3147 1081 3200 possum,
1113 3131 1248 3188 Nam
1289 3133 1561 3192 Eusebius
1585 3144 1708 3206 ροει
1733 3139 2002 3209 synudmu
2157 3182 2200 3209 Π
2235 3139 2340 3179 nus
2365 3125 2414 3179 ei
2453 3125 2690 3179 concilio
2715 3127 2980 3180 interesse
3001 3127 3267 3181 voluerat.
3295 3125 3448 3180 llunc
3475 3125 3529 3178 in
3559 3125 3794 3180 concilio

619 3182 622 3183 ν
783 3182 786 3183 ,
838 3182 1080 3200 r---__-___
1289 3182 1561 3192 _.____-..-
1585 3182 1706 3206 νυ--
1733 3182 2002 3209 -J...-.......

563 3234 788 3285 canam,
825 3238 1037 3294 semper
1069 3223 1346 3281 damnavit
1387 3221 1482 3282 eo's
1510 3229 1602 3299 qui
1654 3229 1899 3284 dicerent
1929 3229 2124 3288 Filium

2251 3214 2510 3269 sedentem
2563 3215 2913 3286 conspicatus
2971 3215 3198 3270 Potamo
3253 3215 3790 3286 Hcraclcopolitanus

561 3307 656 3366 Dei
689 3327 758 3366 ex
801 3313 974 3367 nihilo
1025 3315 1226 3370 factum
1260 3333 1402 3380 esse,
1443 3329 1502 3373 ut
1534 3327 1682 3390 patet
1719 3337 1786 3376 ex
1822 3323 1976 3380 libris
2007 3325 2127 3393 eius

2251 3306 2542 3376 episcopus,
2579 3307 2672 3377 qui
2715 3323 2838 3362 cum
2869 3307 3174 3364 Athanasio
3217 3307 3476 3378 episcopo
3505 3315 3560 3360 et
3589 3307 3792 3378 aliquot

557 3413 744 3456 contra
791 3403 1122 3468 Marcellum,
1169 3415 1222 3461 et
1265 3409 1586 3464 nominatim
1625 3426 1693 3466 ex
1743 3427 1865 3482 cap.
1899 3415 1932 3470 9
1979 3422 2032 3468 et
2061 3415 2128 3470 to
2227 3395 2445 3468 Esi-1m
2501 3398 2882 3454 sacerdotibus
2929 3399 3059 3454 illuc
3097 3399 3413 3463 advenerat.
3475 3399 3564 3454 his
3607 3401 3788 3456 verbis

559 3493 683 3548 libri
717 3511 732 3548 ι
761 3493 838 3549 De
863 3497 1221 3551 ecclesiastica
1262 3498 1540 3571 theologia.
1575 3501 1720 3558 Idem
1743 3506 1906 3559 etiam
1941 3507 2008 3562 de
2033 3509 2128 3564 illo

2251 3489 2582 3560 :ompellasse
2611 3489 2814 3544 dicitur
2841 3509 2854 3544 :
2883 3489 3041 3554 Tene,
3073 3489 3296 3556 Eusebi,
3327 3489 3526 3552 sedere,
3557 3499 3606 3544 et
3637 3493 3776 3546 inno-

559 3592 791 3639 testatur
834 3587 1188 3644 Athanasius.
1236 3589 1336 3657 Qui
1375 3607 1498 3648 cum
1544 3596 1845 3663 saepissime
1877 3601 2128 3655 retulerit

2251 3589 2422 3634 cutem
2463 3579 2818 3634 Athanasium
2871 3589 3018 3636 stare
3067 3597 3098 3634 a
3135 3591 3184 3634 te
3219 3579 3615 3649 judicandnm?
3659 3581 3790 3648 Quis

558 3675 854 3732 Eusebi-tm
904 3679 1296 3738 Caesariensem
1343 3684 1578 3741 Nicaeum
1622 3689 1830 3758 synodo
1883 3693 2127 3748 subscri-

2251 3690 2335 3726 zrec
2371 3675 2482 3744 pati
2515 3675 2722 3744 possit?
2754 3673 2944 3730 Nonne
2989 3677 3362 3745 persecutionis
3411 3687 3638 3746 tempore
3685 3693 3790 3732 me-

555 3767 756 3838 psisse,
799 3785 1074 3840 nunquam
1123 3781 1304 3828 tamen
1349 3775 1401 3829 id
1433 3777 1500 3831 ab
1541 3777 1633 3832 illo
1680 3781 1933 3836 simulate
1977 3791 2032 3838 e:
2069 3784 2124 3838 in

2251 3782 2342 3820 um
2376 3767 2430 3820 in
2471 3767 2710 3820 custodia
2750 3769 2948 3836 fuisti?
2991 3771 3156 3839 Atque
3191 3787 3284 3841 ego
3329 3769 3538 3840 quidem
3581 3771 3790 3824 oculum

557 3859 795 3928 speciem
827 3859 1090 3916 duntaxat
1115 3861 1316 3918 factum
1341 3882 1466 3922 esse
1499 3869 1696 3937 prodit.
1733 3871 1894 3928 Certe
1932 3874 1974 3928 si
2009 3873 2122 3928 Eu-
2223 3873 2316 3926 Ρνο
2339 3860 2552 3912 velim“
2575 3859 2814 3928 Perdidi;
2853 3873 2906 3914 ια
2944 3861 3090 3914 nulla
3123 3863 3358 3931 εονΡονίε
3385 3871 3536 3930 Pam
3573 3863 3790 3918 ’παιπα-

555 3949 742 4003 sehius
789 3965 896 4003 non
927 3965 992 4005 ex
1029 3953 1232 4016 animo,
1271 3955 1365 4010 sed
1398 3973 1492 4026 ρει-
1523 3957 1766 4016 fraudem
1807 3979 1872 4018 ac
1905 3965 2126 4019 simula.
2225 3958 2308 4003 tus
2335 3965 2410 4012 es,
2445 3967 2604 4020 neque
2635 3951 2952 4020 martyrium
2999 3952 3228 4016 subiisti,
3263 3953 3352 4006 sed
3377 3955 3522 4008 vivus
3557 3955 3788 4026 integer-

555 4039 762 4093 tionem
801 4039 1018 4097 Niczeno
1053 4047 1291 4100 concilio
1333 4049 1684 4120 subscripsit,
1712 4068 1812 4107 cur
1845 4055 1910 4110 ad
1937 4055 2123 4113 Cresa-

2251 4059 2317 4097 ‘ue
2365 4045 2629 4098 consisiis.
2673 4045 2918 4110 Quanam
2968 4048 3172 4100 ratione
3211 4063 3240 4100 θ
3279 4063 3486 4101 carcere
3528 4047 3782 4106 evasisti.

551 4134 764 4190 rienses
821 4135 968 4190 illam
1004 4153 1168 4207 quam
1221 4140 1332 4194 dixi
1383 4151 1570 4212 postea
1616 4147 1763 4202 misit
1805 4149 2120 4218 epislolam'
2219 4137 2322 4190 nisi
2371 4135 2509 4204 quod
2535 4137 2950 4204 persecutoribus
2981 4139 3174 4192 nostris
3204 4137 3533 4206 spopondisti
3577 4149 3624 4192 te
3673 4155 3784 4192 rem

549 4239 658 4295 qua
702 4227 932 4296 ingenue
969 4229 1250 4298 professus
1291 4242 1375 4290 εει
1419 4249 1479 4289 se
1527 4235 1686 4292 [idem
1723 4239 1870 4292 illam
1903 4257 2024 4311 qum
2065 4243 2119 4296 in
2218 4226 2478 4293 nefariam
2509 4227 2888 4296 admissurum,
2935 4247 2998 4286 ac
3043 4230 3272 4300 fortasse
3297 4231 3460 4283 etiam
3493 4229 3793 4286 admisisti?

549 4319 783 4374 concilio
830 4319 1048 4377 Νίεωηο
1095 4323 1240 4378 eum
1307 4325 1504 4388 fuerat,
1563 4329 1874 4399 amplexum
1925 4333 2126 4390 fuisse?
2215 4313 2342 4370 Haec
2371 4315 2706 4388 Epiphanius
2729 4321 2802 4374 ita
2827 4327 3014 4374 narrat
3041 4321 3094 4374 in
3119 4321 3310 4376 haeresi
3339 4319 3778 4374 Mcletianorum.

545 4407 677 4468 Post
719 4415 986 4484 synodum
1035 4413 1332 4484 Nicaznam,
1362 4417 1550 4473 Ariani
1587 4431 1734 4476 metu
1769 4423 2114 4493 imperatoris

2251 4405 2292 4459 lx
2325 4407 2524 4476 quibus
2553 4410 2730 4464 obiter
2776 4419 3021 4481 apparet,
3073 4411 3186 4466 falli
3221 4427 3316 4466 eos
3359 4412 3452 4482 qui
3484 4409 3779 4464 Eusebium

543 4503 942 4574 aliquantulum
975 4507 1406 4576 quievere.,1llox
1437 4523 1712 4584 resumpta
1737 4513 1953 4582 ﬁducia,
1983 4532 2106 4572 cum
2141 4525 2186 4580 Ι)
2213 4503 2466 4551 “suum
2523 4497 2682 4554 ίδθηε
2735 4500 3034 4570 aliquando
3089 4501 3433 4557 sacriﬁcasse
3489 4503 3776 4566 δθτίδυηιν

545 4593 598 4648 in
631 4596 924 4650 amicitiam
959 4599 1222 4669 principis
1265 4601 1461 4658 callide
1501 4605 1880 4676 irrepsissent,
1927 4611 2112 4666 catho—
2213 4587 2377 4657 idque
2407 4587 2484 4642 im
2525 4589 2582 4644 in
2621 4593 2834 4662 εΥηοίῘο
2877 4591 3040 4664 Tyri“
3073 4593 3248 4662 Palam
3280 4593 3550 4662 Objecwm
3587 4595 3774 4652 fuisse'

541 4685 678 4738 licos
723 4686 994 4741 antistites
1028 4689 1282 4743 omnibus
1317 4691 1494 4746 modis
1529 4701 1690 4763 atque
1734 4695 1941 4750 artibus
1987 4713 2112 4766 per-

2251 4678 2398 4750 leque
2425 4683 2570 4736 enim
2619 4681 2912 4740 Eusebium
2967 4685 3306 4740 insimulavit
3347 4686 3598 4750 Potamo,
3629 4691 3776 4760 quid

543 4773 697 4844 sequi
728 4773 1099 4832 instituerunt.
1133 4777 1348 4835 Primus
1381 4781 1596 4836 illorum
1633 4785 1867 4854 impetus
1903 4787 1958 4840 in
2001 4787 2110 4840 Eu-

2251 4773 2374 4826 lolis
2413 4774 2830 4840 immolavisset,
2883 4775 2980 4831 sed
3031 4785 3244 4830 tantum
3287 4777 3435 4848 quod
3489 4779 3676 4834 salvus
3719 4791 3774 4834 et

541 4868 800 4922 stathium
851 4869 1116 4933 incubuit,
1171 4871 1524 4929 Antiochense
1573 4875 1724 4932 urbis
1761 4877 2102 4950 episc0pum,

2251 4873 2420 4935 tteger
2449 4881 2514 4920 ex
2545 4881 2766 4922 carcere
2793 4867 3078 4934 dimissus,
3119 4868 3173 4922 id
3208 4869 3274 4924 de
3303 4871 3424 4941 ipso
3456 4871 3772 4940 suspicandi

541 4960 630 5028 qui
657 4968 710 5014 et
737 4961 1104 5018 confessionis
1139 4963 1309 5033 gloria
1341 4965 1594 5033 illustris,
1623 4975 1676 5023 et
1703 4969 1844 5024 inter
1873 4971 2106 5028 Nicaeum

2251 4972 2396 5012 nsam
2429 4957 2769 5028 praebuisset.
2791 4957 2934 5014 Fieri
2967 4967 3148 5014 tamen
3181 4969 3382 5030 potest,
3417 4969 3476 5016 ut
3505 4960 3774 5018 Eusebius

541 5049 660 5104 lidei
707 5062 1011 5108 assertores
1052 5057 1360 5126 praecipuus
1403 5058 1719 5114 habebatur.
1749 5061 1904 5117 Hunc
1935 5067 2103 5135 igitur

2251 5052 2312 5104 lio
2335 5052 2593 5123 qu0piam
2625 5051 2789 5106 modo
2815 5051 3078 5109 dimissus
3105 5053 3270 5109 fuerit
3289 5071 3320 5111 e
3339 5071 3584 5123 carcere,
3607 5071 3770 5126 quam

540 5141 680 5210 apud
717 5143 1099 5213 imperatorem
1141 5157 1402 5202 accusant
1433 5151 1574 5219 quod
1608 5149 1826 5207 Sabellii
1853 5155 2103 5224 impieta—

2251 5143 2300 5196 lo
2350 5159 2512 5214 quem
2547 5144 2733 5198 retulit
2765 5143 3010 5200 Potamo.
3043 5147 3312 5203 Ceterum
3361 5163 3428 5202 ex
3479 5147 3769 5219 Epiphanii

539 5243 644 5284 lem
675 5241 964 5300 astrueret,
1001 5237 1256 5306 quodque
1287 5249 1516 5294 matrem
1551 5243 1811 5313 principis
1841 5243 2098 5302 Helenam
2205 5237 2388 5290 verbis
2421 5237 2604 5306 colligi
2635 5237 2872 5302 videtur,
2901 5237 3190 5294 Eusebium
3221 5241 3616 5296 Caesariensem
3641 5241 3768 5294 huic

539 5319 832 5389 Augustam
860 5329 1188 5382 contumelia
1218 5329 1508 5386 aﬂ‘ecisset.
1537 5333 1621 5386 Fit
1643 5335 1832 5405 ingens
1862 5351 2102 5392 conven-
2204 5327 2416 5398 synodo
2441 5327 2781 5398 Prmsedisse-
2833 5329 2998 5383 Addit
3033 5331 3180 5384 enim
3210 5329 3504 5384 Eusebium
3549 5331 3634 5386 his
3663 5345 3766 5384 au-

537 5421 627 5466 tus
659 5414 1037 5485 episcoporum
1074 5421 1128 5474 in
1169 5421 1304 5476 urbe
1350 5423 1662 5492 Antiochia,
1710 5427 1800 5481 cui
1844 5429 2100 5496 ριςωεειιίι
2199 5419 2334 5474 ditis
2363 5419 2602 5490 graviter
2631 5429 2983 5483 commotum,
3035 5422 3314 5477 dimisisse
3343 5421 3655 5476 concilium.
3686 5419 3762 5474 Ex

535 5505 800 5562 Eusebius
833 5509 1284 5580 Nicomediensis,
1319 5518 1484 5573 iulius
1517 5518 1770 5575 factionis
1801 5531 1994 5576 auctor
2033 5537 2095 5576 ac
2202 5515 2323 5568 aliis
2358 5525 2535 5566 tamen
2569 5515 2928 5584 scriptoribus
2963 5525 3300 5584 compertum
3343 5513 3628 5574 habemus,
3653 5525 3764 5566 non

537 5599 776 5669 signitu.
817 5601 1068 5657 Interfuit
1110 5607 1272 5660 etiam
1316 5609 1442 5664 huic
1487 5612 1697 5682 synodo
1738 5613 2095 5670 Caesariensis
2199 5609 2614 5670 Caesariensem,
2647 5611 2738 5664 scd
2769 5607 3236 5664 Nicomediensem
3269 5607 3564 5662 Eusebium
3587 5603 3764 5678 Tyriae

535 5689 814 5748 Eusebius.
865 5692 1032 5764 Igitur
1065 5695 1376 5758 Eustathius
1422 5717 1452 5755 a
1505 5701 1650 5774 Cyro
1695 5701 2091 5774 Berrmensium
2197 5701 2404 5772 synodo
2435 5703 2734 5771 praefuisse.

536 5781 778 5852 episcopo
831 5797 1120 5840 accusatus
1163 5789 1304 5854 quod
1357 5790 1572 5858 impiam
1623 5789 1843 5845 Sabellii
1897 5795 2092 5849 doclri-
2271 5797 2398 5850 P.st
2445 5797 2742 5850 t'ﬂt'Ciiitlnt
2789 5795 2912 5860 Tyri
2959 5796 3226 5858 habitune,
3276 5795 3516 5860 episcopi
3571 5807 3762 5846 omnes
