4126 6486
393 459 454 514 61
1832 455 2132 512 NOTlTlA.
3553 455 3624 508 6'2

393 580 484 651 qui
518 579 631 633 illic
657 577 1042 640 consederant,
1089 575 1248 646 jussu
1290 575 1550 645 principis
1584 573 1958 646 Hierosolyma
1989 584 2034 639 Α
2061 596 2182 648 quae
2206 587 2530 648 congregata
2560 585 2643 633 est
2670 577 2962 632 consulatu
2988 575 3298 631 Constantii
3338 584 3390 630 et
3420 574 3621 640 Albini,

396 686 458 728 se
486 670 788 732 contulere,
819 669 887 724 ad
927 667 1253 724 Celebranda
1283 666 1522 720 encaenia
1554 682 1761 736 magna:
1815 667 1960 722 illius

391 763 664 826 basilicae,
696 777 856 832 quam
893 761 948 814 in
1000 760 1261 814 honorem
1308 757 1514 813 Christi
1562 759 1953 814 Constantinus

393 857 598 912 ibidem
649 860 1010 909 exstruxerat.
1064 853 1181 906 lllic
1235 851 1504 906 Eusebius
1556 861 1739 907 noster
1787 853 1952 908 variis

395 947 757 1003 concionibus
803 947 858 999 in
893 945 1125 1000 ecclesia
1179 943 1379 997 habitis
1417 943 1763 998 festivitatem
1797 944 1960 997 deco-

401 1037 628 1092 raverit.
683 1037 926 1105 Cumque
989 1035 1285 1104 imperator
1333 1033 1704 1088 acerbissimis
1763 1033 1960 1088 litteris

405 1130 693 1198 episcopos
720 1127 784 1180 ad
808 1126 1125 1181 comitatum
1159 1140 1320 1178 suum
1357 1132 1659 1188 evocasset,
1688 1132 1745 1177 ut
1770 1139 1960 1178 eorum

403 1235 526 1289 quae
559 1219 819 1272 adversus
862 1216 1220 1271 Athanasium
1254 1231 1350 1285 per
1388 1214 1634 1269 fraudem
1668 1229 1730 1268 ac
1765 1214 1958 1268 simul-

403 1319 567 1367 tatem
597 1319 900 1380 gesserant,
925 1311 1187 1363 rationem
1225 1323 1408 1363 coram
1432 1307 1750 1372 redderent;
1785 1306 1959 1360 Euse-

401 1403 533 1459 hius.
554 1409 742 1458 noster
770 1418 875 1456 una
906 1418 1028 1456 cum
1071 1401 1312 1471 quinque
1354 1400 1476 1454 aliis
1505 1399 1652 1454 venit
1683 1399 1950 1451 Constan-

399 1494 706 1564 tinopolim,
747 1493 921 1563 deque
967 1494 1225 1548 omnibus
1265 1493 1430 1562 gestis
1480 1491 1780 1562 principem
1827 1505 1949 1544 cer-

397 1585 594 1639 tiorem
627 1584 777 1641 fecit.
827 1585 984 1640 Tunc
1033 1584 1198 1638 etiam
1248 1582 1603 1637 tricennalem
1651 1582 1950 1637 orationem

397 1689 582 1728 coram
613 1674 736 1746 ipso
781 1675 1111 1744 imperatore
1160 1673 1214 1726 in
1248 1671 1450 1741 palatio
1479 1671 1749 1725 recitavit.
1784 1671 1956 1737 Quam

395 1767 612 1837 quidem
643 1767 941 1835 imperator
972 1777 1188 1820 summo
1217 1777 1341 1816 cum
1387 1762 1579 1830 gaudio
1609 1762 1954 1826 auscultavit,

391 1874 502 1912 non
525 1865 636 1911 tam
670 1857 742 1911 ob
777 1871 930 1921 suas,
968 1868 1133 1924 quam
1174 1853 1244 1907 ob
1279 1851 1372 1905 Dei
1408 1852 1614 1914 laudes,
1651 1866 1808 1921 quem
1845 1848 1953 1903 Eu-

2064 684 2206 722 anno
2237 671 2343 723 555
2374 668 2583 724 Natalis
2634 668 2926 724 Dominici.
2978 668 3139 722 Certe
3169 666 3438 721 Eusebius
3466 666 3522 719 in
3553 667 3620 719 lis

2062 759 2162 812 bro
2193 774 2208 811 ι
2245 756 2443 812 Contra
2492 757 2805 812 Marcellum
2852 761 2915 812 de
2944 759 3302 812 ecclesiastica
3339 757 3620 827 theologia,

2064 865 2183 918 cap.
2221 847 2308 913 14,
2356 848 2556 902 diserte
2598 849 2810 913 scribit,
2859 848 3174 903 Marcellum
3210 849 3405 903 merito
3434 848 3501 902 ab
3529 846 3659 901 Eet-

2061 940 2226 993 clesia
2252 939 2569 992 damnatum
2600 938 2790 993 fuisse.
2819 938 3122 992 Damnatus
3172 946 3352 993 autem
3386 945 3470 992 est
3517 939 3624 1008 pri-

2058 1043 2205 1082 mum
2237 1027 2522 1082 Marcellus
2563 1027 2616 1080 in
2652 1027 2860 1098 synodo
2889 1027 3517 1096 Constantinopolitana,
3554 1029 3623 1080 ab

2061 1119 2169 1174 illis
2201 1120 2335 1190 ipsis
2359 1119 2631 1188 episcopis
2671 1119 2765 1188 qui
2793 1120 3078 1174 basilicam
3109 1118 3621 1174 Constantinianam

2059 1211 2452 1281 Hierosolymis
2492 1209 2899 1274 dedicaverunt,
2955 1211 3058 1265 hoc
3107 1218 3191 1266 est
3231 1227 3374 1266 anno
3419 1210 3622 1266 Christi

2060 1303 2185 1365 3'55,
2217 1303 2300 1358 vel
2330 1311 2476 1356 certe
2504 1300 2626 1366 536,
2684 1309 2742 1354 ιιι
2784 1301 3017 1356 Baronio
3045 1303 3239 1372 placet.
3274 1301 3340 1355 Et
3373 1300 3625 1356 Socrates

2060 1394 2277 1465 quidem
2305 1403 2417 1449 tres
2440 1400 2651 1447 tantum
2693 1393 2938 1462 agnoscit
2966 1393 3186 1448 Eusebii
3240 1395 3409 1449 libros
3439 1401 3624 1447 contra

2061 1486 2397 1551 Marcellum,
2427 1500 2522 1541 eos
2555 1486 2767 1542 scilicet
2796 1485 2890 1557 qui
2928 1484 3005 1539 De
3033 1486 3393 1542 ecclesiastica
3424 1486 3624 1541 theolo-

2057 1581 2145 1648 gia
2180 1579 2558 1634 inscribuntur
2593 1597 2606 1632 :
2642 1595 2764 1633 cum
2810 1587 2989 1633 tamen
3032 1585 3204 1632 totum
3249 1593 3387 1648 Opus
3432 1586 3623 1632 contra

2059 1668 2396 1734 Marcellum,
2434 1671 2676 1740 quinque
2706 1669 2860 1724 libris
2893 1668 2960 1722 ab
2989 1667 3224 1724 Eusebio
3254 1671 3325 1724 sit
3369 1685 3620 1740 compre-

2057 1763 2311 1818 hensum.
2334 1761 2504 1816 Porro
2526 1761 2770 1815 omnium
2795 1759 3016 1814 Eusebii
3045 1761 3331 1825 librorum,
3359 1761 3621 1832 postremi

2059 1853 2314 1909 videntur
2348 1869 2471 1909 esse
2499 1859 2733 1924 quatuor
2764 1851 2845 1905 illi
2900 1851 2979 1904 De
3044 1849 3168 1905 Vita
3207 1853 3333 1922 imp.
3365 1851 3622 1907 Constan-

394 1948 581 2003 sebius
613 1953 727 2001 tota
759 1947 850 2000 illa
887 1917 1131 2000 o’ralione
1161 1941 1546 1996 celebraverat.
1589 1917 1740 1995 Hanc
1763 1955 1955 1995 secun-
1989 1917 2032 1976 Β
2061 1947 2179 2001 (ini,
2237 1945 2434 2015 scripti
2487 1917 2613 2002 sunt
2646 1945 2792 1999 enim
2849 1950 2969 2014 post
3021 1951 3252 1998 mortem
3280 1917 3416 2015 imp.
3452 1946 3622 2018 illius,

394 2041 522 2096 dam
549 2040 849 2093 orationem
872 2036 926 2090 in
952 2037 1150 2108 palatio
1174 2049 1204 2088 a
1226 2050 1285 2090 se
1305 2034 1503 2088 dictam
1534 2031 1701 2087 fuisse
1725 2039 1956 2087 testatur

397 2131 671 2186 Eusebius
700 2129 756 2185 in
789 2129 927 2183 libro
977 2127 1055 2182 De
1086 2127 1193 2180 vita
1216 2124 1573 2180 Constantini.
1609 2121 1727 2178 Jam
1758 2123 1958 2194 quippe

396 2229 558 2276 antea
590 2219 892 2274 orationem
921 2217 989 2273 de
1019 2217 1271 2287 sepulcro
1318 2213 1534 2269 Domini
1587 2214 1855 2269 habuerat
1899 2214 1955 2268 in

394 2313 631 2384 palatio;
687 2326 849 2382 quam
883 2310 1104 2382 quidem
1147 2309 1446 2380 imperator
1498 2315 1652 2362 stans
1685 2307 1953 2372 audierat,

391 2419 495 2460 nec
521 2418 786 2474 unquam,
811 2403 938 2458 licet
965 2402 1134 2456 semel
1182 2407 1346 2470 atque
1380 2400 1574 2454 iterum
1605 2399 1674 2453 ab
1719 2398 1954 2454 Eusebio

392 2504 636 2566 rogatus,
671 2495 860 2552 sedere
910 2493 966 2548 in
1011 2493 1142 2548 sella
1173 2493 1276 2548 sibi
1311 2492 1556 2561 apposita
1585 2491 1951 2556 sustinuerat;

391 2603 606 2659 aequum
635 2602 757 2642 esse
790 2586 999 2651 dicens,
1032 2598 1314 2640 sermones
1365 2583 1432 2638 de
1481 2581 1591 2638 Deo
1625 2598 1655 2636 a
1684 2582 1954 2638 stantibus

391 2679 658 2742 exaudiri,
693 2683 752 2731 ut
784 2675 950 2732 refert
978 2675 1244 2731 Eusebius
1277 2674 1333 2728 in
1361 2673 1539 2744 capite
1588 2675 1658 2729 55
1704 2674 1950 2744 ejusdem

389 2769 534 2825 libri.

459 2859 629 2915 Porro
659 2872 820 2928 quam
855 2857 1056 2912 charus
1078 2863 1446 2926 acceptusque
1493 2853 1658 2910 fuerit
1684 2853 1954 2909 Constan-

387 2951 502 3006 tino
529 2956 717 3004 noster
743 2947 1033 3012 Eusebius,
1071 2955 1185 3000 tum
1209 2961 1274 3001 ex
1300 2946 1388 3002 his
1415 2961 1536 3016 quae
1563 2945 1698 3009 dixi,
1730 2954 1845 2998 tum
1885 2957 1952 2998 ex

388 3041 579 3095 multis
599 3041 731 3115 aliis
766 3040 894 3093 licet
939 3038 1261 3108 intelligere.
1291 3035 1428 3091 Nam
1455 3045 1511 3092 et
1539 3036 1850 3115 frequentes
1883 3037 1950 3090 ab

387 3146 455 3185 eo
483 3107 694 3197 accepit
727 3129 959 3190 litteras,
992 3106 1192 3197 quat—in
1226 3127 1557 3198 supradictis
1585 3127 1738 3182 libris
1767 3106 1953 3180 intex-

389 3231 458 3274 tae
481 3221 752 3290 leguntur.
780 3217 892 3272 Nec
919 3233 1042 3272 raro
1075 3218 1143 3272 ad
1171 3219 1434 3287 palatium
1478 3217 1686 3272 accitus
1729 3224 1784 3272 et
1827 3231 1953 3270 con-

2058 2036 2148 2090 cui
2202 2051 2314 2090 non
2361 2036 2456 2090 diu
2506 2042 2788 2104 superstes
2839 2033 2976 2088 vixit
3032 2033 3321 2090 Eusebius.
3376 2034 3622 2090 Mortuus

2056 2125 2254 2196 quippe
2268 2134 2351 2180 est
2367 2125 2469 2180 sub
2483 2125 2704 2180 exordia
2721 2123 3058 2194 principatus
3074 2124 3378 2178 Constantii
3393 2123 3622 2194 Augusti

2055 2216 2216 2286 paulo
2246 2223 2372 2271 ante
2401 2222 2632 2269 mortem
2657 2215 3004 2270 Constantini
3037 2212 3302 2278 Junioris,
3339 2229 3458 2285 qua:
3483 2229 3618 2268 con-

2056 2306 2177 2376 tigit
2204 2307 2488 2376 Acindyno
2515 2313 2570 2360 et
2599 2304 2834 2360 Proculo
2866 2305 3208 2369 consulibus,
3241 2321 3386 2360 anno
3412 2306 3618 2362 Christi

2055 2399 2180 2462 540,
2216 2408 2276 2453 ut
2297 2400 2570 2469 colligitur
2600 2414 2668 2454 ex
2704 2398 2948 2454 Socratis
2979 2400 3119 2454 libro
3167 2399 3429 2455 secundo.
3461 2399 3619 2466 Quod

2055 2499 2234 2546 autem
2264 2488 2505 2560 Scaliger
2549 2490 2606 2544 in
2660 2490 3238 2545 Animadversionibus
3272 2489 3616 2554 Eusebianis.

2051 2583 2306 2639 editionis
2336 2583 2541 2638 ultimae
2587 2598 2711 2653 pag.
2736 2582 2861 2647 250,
2888 2583 2963 2637 ait
2984 2581 3201 2638 Eusebii
3235 2583 3403 2638 libros
3433 2593 3621 2638 contra

2053 2674 2409 2745 Porphyrium
2433 2676 2672 2746 scriptos
2693 2691 2815 2731 esse
2835 2677 2938 2732 sub
2968 2675 3313 2740 Constantio,
3344 2675 3619 2731 Constan-

2050 2767 2150 2821 tini
2208 2765 2388 2838 Magni
2434 2767 2566 2835 ﬁlio,
2626 2783 2749 2822 cum
2809 2768 3016 2825 nullius
3070 2768 3280 2838 antiqui
3328 2769 3617 2838 scriptoris

2049 2860 2366 2915 testimonio
2395 2859 2772 2924 conﬁrmetur,
2821 2876 2850 2915 a
2877 2861 3036 2916 nobis
3068 2869 3177 2915 tam
3212 2861 3370 2916 facile
3402 2859 3618 2914 admitti

2051 2967 2161 3005 non
2192 2958 2389 3022 potest.
2422 2949 2528 3006 Sed
2558 2951 2703 3022 quod
2737 2951 2934 3007 ibidem
2968 2953 3189 3023 subjicit
3219 2950 3481 3022 Scaliger,
3503 2957 3617 3007 tres

2054 3050 2364 3112 postremos
2395 3043 2723 3114 Evangelij
2768 3045 3234 3099 demonstrationis
3289 3044 3479 3106 libros,
3516 3059 3615 3098 oc-

2054 3139 2237 3186 tavum
2269 3131 2541 3187 decimum
2566 3133 2794 3201 scilicet,
2833 3149 3036 3189 nonum
3077 3135 3350 3190 decimum
3381 3150 3445 3189 ac
3474 3135 3618 3189 vice.

2055 3224 2276 3288 simum,
2301 3223 2368 3277 ab
2398 3223 2632 3279 Eusebio
2667 3225 2900 3294 scriptos
2951 3241 3075 3281 esse
3131 3234 3325 3280 contra
3373 3224 3616 3297 Porphy-

388 3287 852 3378 vivio-exceptus,
905 3315 959 3362 et
1014 3307 1272 3361 familiari
1324 3307 1601 3377 colloquio
1649 3307 1948 3360 honoratus
1976 3287 2018 3345 α
2051 3313 2215 3377 rium,
2245 3287 2301 3367 in
2330 3329 2395 3368 eo
2421 3313 2710 3370 manifeste
2741 3287 3131 3369 hallucinatur.
3167 3313 3371 3370 Scribit
3397 3287 3615 3385 qui-dein

385 3413 490 3464 est.
524 3404 670 3469 Quin
724 3402 887 3457 etiam
937 3400 1204 3456 visionem
1258 3399 1407 3453 illam
1459 3398 1641 3454 crucis
1687 3413 1848 3467 quam
1893 3397 1950 3450 in

386 3497 526 3554 caelo
587 3494 986 3551 Constantinus
1032 3491 1246 3547 viderat
1303 3498 1437 3544 tunc
1497 3505 1622 3544 cum
1688 3488 1949 3543 adversus

385 3588 718 3647 Maxentium
754 3584 1216 3655 proficisceretur,
1244 3583 1481 3639 Eusebio
1530 3588 1722 3638 nostro
1758 3596 1944 3636 narra-

383 3684 496 3749 vit;
526 3688 580 3736 et
603 3679 876 3734 Labarum
903 3677 1047 3747 quod
1071 3677 1137 3730 ad
1158 3675 1341 3731 crucis
1367 3675 1512 3730 illius
1539 3674 1948 3730 similitudinem

383 3778 746 3845 expresserat,
793 3770 966 3825 eidem
1013 3767 1274 3832 ostendit,
1324 3765 1778 3836 quemadmodum
1832 3765 1949 3834 ipse

382 3867 616 3920 testatur
645 3858 934 3914 Eusebius.
960 3856 1207 3926 Cumque
1235 3871 1374 3927 Opus
1404 3855 1630 3910 haberet
1663 3854 1946 3910 codicibus

383 3954 558 4010 sacris
592 3951 659 4004 ad
694 3965 853 4004 usum
888 3949 1241 4004 ecclesiarum
1289 3963 1426 4017 quas
1472 3945 1945 4015 Constantinopoli

385 4043 770 4106 mdiﬁcaverat,
791 4055 978 4096 eorum
1004 4039 1488 4095 describendorum
1512 4053 1699 4092 curam
1737 4054 1800 4092 ac
1831 4038 1945 4093 sol-

382 4129 723 4185 licitudinem
755 4125 1033 4182 mandavit
1066 4126 1335 4187 Eusebio;
1385 4128 1584 4198 quippe
1634 4142 1794 4197 quem
1847 4127 1946 4181 ha-

379 4235 502 4276 rum
534 4235 716 4274 rerum
741 4217 1132 4288 peritissimum
1155 4232 1278 4274 esse
1300 4219 1468 4288 probe
1487 4218 1672 4273 sciret.
1699 4216 1945 4288 Denique

381 4328 504 4368 cum
535 4293 805 4366 Eusebius
833 4316 1022 4364 noster
1049 4309 1248 4363 librum
1277 4308 1354 4364 De
1386 4309 1518 4379 festo
1549 4309 1787 4380 paschali
1823 4310 1942 4379 ejus

379 4402 588 4459 nomini
615 4407 1007 4472 nuncupasset,
1045 4401 1179 4456 adeo
1197 4401 1499 4471 jucundum
1537 4401 1592 4456 id
1622 4417 1820 4459 munus
1844 4403 1943 4457 fuit

379 4495 766 4558 Constantino,
812 4501 871 4549 ut
903 4494 1101 4548 librum
1157 4495 1308 4548 illum
1355 4495 1540 4551 statim
1578 4495 1632 4549 in
1686 4494 1940 4550 Latinum

2048 3403 2433 3475 Hieronymus,
2483 3403 2775 3460 Eusebium
2823 3405 3002 3460 tribus
3053 3405 3446 3470 voluminibus,
3508 3405 3613 3460 hoc

2047 3505 2150 3560 est,
2168 3511 2323 3559 xvm,
2343 3512 2433 3550 xix
2454 3505 2506 3551 et
2523 3511 2612 3562 xx,
2637 3495 2986 3566 respondisse
3001 3493 3324 3565 Porphyrio,
3343 3495 3436 3564 qui
3465 3495 3519 3550 in
3549 3495 3617 3548 li-

2049 3588 2148 3642 bro
2169 3599 2245 3639 xu
2270 3592 2324 3640 et
2366 3601 2466 3639 xm
2496 3600 2686 3642 eorum
2717 3599 2854 3656 quos
2905 3595 3097 3639 contra
3129 3582 3473 3644 Christianos
3495 3585 3615 3640 edi-

2049 3677 2148 3740 dit,
2187 3677 2386 3732 librum
2419 3675 2658 3731 Danielis
2689 3676 2969 3746 prophetae
3019 3677 3328 3732 convellere
3364 3685 3613 3734 tentare-

2047 3777 2153 3823 rat.
2188 3766 2292 3822 Sed
2322 3768 2684 3838 Hieronymus
2729 3784 2836 3822 non
2886 3767 3055 3823 libros
3111 3766 3332 3822 Eusebii
3385 3767 3464 3823 De
3522 3768 3611 3823 de-

2047 3861 2429 3915 monstratione
2458 3859 2756 3928 evangelica
2785 3858 3058 3928 intelligit.
3104 3869 3162 3912 ut
3190 3859 3399 3929 putavit
3434 3858 3610 3914 Scali-

2045 3967 2161 4022 ger,
2184 3950 2279 4006 sed
2299 3951 2470 4005 libros
2514 3950 2582 4004 ab
2618 3963 2684 4004 eo
2741 3958 2926 4003 contra
2978 3947 3334 4018 Porphyrium
3367 3950 3612 4005 elabora-

2045 4051 2162 4110 tos;
2196 4043 2288 4112 qui
2326 4041 2610 4111 Ἐλέγχου
2637 4041 2733 4095 καὶ
2779 4042 3116 4111 Ἀπολογίας
3146 4042 3608 4107 inscribebantur,

2044 4135 2122 4189 uti
2161 4135 2418 4204 colligere
2459 4139 2542 4188 est
2586 4148 2652 4187 ex
2707 4131 3037 4186 Bibliotheca
3085 4132 3289 4189 Photii.
3338 4131 3608 4189 Caeterum

2044 4226 2146 4281 hos
2178 4226 2348 4280 libros
2375 4231 2502 4294 post
2537 4223 2975 4277 Ecclesiasticam
3009 4223 3304 4279 Historiam
3337 4227 3405 4280 ab
3441 4225 3610 4282 Euse-

2042 4317 2132 4372 bio
2159 4319 2392 4388 scriptos
2417 4317 2587 4374 fuisse
2616 4317 2830 4387 Opinor.
2895 4315 3061 4388 ldque
3111 4334 3178 4374 ex
3224 4334 3291 4373 eo
3345 4321 3604 4388 coniicio,

2043 4410 2186 4480 quod
2219 4410 2489 4466 Eusebius
2522 4418 2710 4465 noster
2731 4411 2785 4465 in
2810 4411 2950 4465 libro
2973 4426 3028 4464 v1
3061 4409 3450 4466 Ecclesiasticaz
3478 4411 3607 4466 llis-

2043 4503 2212 4570 toriw,
2248 4503 2340 4556 ubi
2371 4501 2637 4572 insignem
2661 4502 2839 4556 locum
2861 4502 3015 4556 affert
3035 4517 3101 4557 ex
3135 4502 3294 4557 tertio
3319 4501 3606 4574 Porphyrii

382 4599 690 4641 sermonem
725 4584 968 4639 converti
1001 4584 1252 4654 jusserit,
1309 4586 1641 4657 scriptisque
1669 4587 1736 4641 ad
1771 4586 1940 4642 Euse-
1971 4618 2014 4672 υ
2045 4594 2183 4648 libro
2211 4602 2396 4647 contra
2427 4591 2785 4658 Christianos,
2841 4593 3044 4648 nullam
3087 4593 3218 4647 facit
3275 4595 3605 4648 mentionem

378 4679 532 4735 bium
586 4678 781 4734 litteris
809 4694 932 4734 eum
965 4678 1215 4734 hortatus
1245 4679 1337 4743 sit,
1368 4687 1428 4734 ut
1476 4680 1743 4750 ejusmodi
1777 4695 1938 4750 opera

379 4785 503 4842 qua:
526 4769 579 4823 in
610 4770 862 4826 manibus
888 4770 1141 4835 habebat,
1175 4787 1357 4826 rerum
1407 4788 1686 4829 sacrarum
1728 4774 1942 4828 studio-

381 4867 458 4923 sis
480 4865 878 4936 quamprimum
911 4865 1357 4920 communicaret.

452 4956 566 5013 Sub
596 4958 739 5013 idem
773 4966 986 5028 tempus
1014 4957 1281 5016 Eusebius
1323 4958 1745 5030 descriptionem
1792 4959 1940 5016 basi-

379 5051 496 5106 lica:
526 5048 1050 5121 Hierosolymitanaa,
1079 5059 1133 5105 et
1165 5050 1519 5106 donariorum
1552 5068 1671 5122 quae
1705 5052 1816 5106 illic
1850 5066 1940 5107 sa-

377 5149 528 5197 crata
555 5141 792 5206 fuerant,
827 5141 971 5195 brevi
992 5141 1175 5197 libello
1198 5143 1646 5213 comprehensam
1668 5143 1939 5200 Constan-

378 5232 493 5286 tino
521 5232 756 5303 principi
784 5233 1139 5303 nuncupavit.
1199 5233 1372 5300 Quam
1421 5234 1641 5306 quidem
1673 5251 1778 5290 una
1812 5251 1934 5291 cum

374 5323 617 5377 oratione
669 5323 956 5378 tricennali
1004 5323 1072 5377 ad
1125 5325 1331 5380 calcem
1390 5325 1652 5380 librorum
1692 5326 1769 5382 De
1825 5330 1934 5383 vita

375 5411 711 5468 Constantini
739 5415 1064 5485 subjecerat.
1115 5414 1316 5470 Verum
1349 5416 1439 5471 hic
1472 5417 1608 5474 liber
1633 5417 1794 5475 hodie
1824 5435 1934 5474 non

371 5512 569 5558 exstat.
602 5504 800 5561 Eodem
833 5508 994 5562 etiam
1030 5515 1274 5577 tempore
1304 5510 1492 5580 scripti
1546 5520 1674 5567 sunt
1725 5513 1795 5568 ab
1824 5512 1934 5568 Eu-

371 5593 524 5648 sebio
558 5593 683 5649 libri
733 5595 974 5667 quinque
1032 5608 1216 5651 contra
1263 5597 1577 5655 Marcellum
1626 5619 1645 5657 :
1697 5619 1930 5674 quorum

371 5692 676 5756 postremos
709 5695 820 5744 tres
872 5689 947 5744 De
994 5690 1349 5746 ecclesiastica
1387 5693 1642 5764 theologia
1675 5694 1933 5752 Flaccillo

368 5775 815 5835 Antiochensium
882 5781 1140 5851 episcopo
1199 5783 1496 5854 inscripsit.
1567 5785 1690 5840 lniit
1751 5797 1929 5843 autem

369 5868 742 5943 episcopatum
783 5869 1073 5930 Flaccillus
1106 5875 1264 5942 paulo
1294 5883 1417 5932 ante
1467 5877 1730 5946 synodum
1775 5880 1922 5955 Tyri.

2041 4698 2230 4738 eorum
2265 4683 2534 4737 librorum
2564 4683 2764 4752 quibus
2824 4683 2939 4752 ipse
2980 4681 3282 4754 Porphyrio
3310 4683 3606 4750 responde-

2042 4784 2163 4829 rat:
2200 4782 2530 4830 cumtamen
2562 4773 2696 4830 satis
2730 4774 2964 4843 diligens
2993 4774 3243 4828 laudator
3265 4789 3386 4828 esse
3432 4774 3606 4830 soleat

2039 4883 2266 4939 operum
2304 4883 2553 4932 suorum,
2588 4875 2643 4922 et
2677 4867 2744 4921 ad
2778 4883 2967 4922 eorum
3002 4867 3288 4923 lectionem
3332 4865 3607 4923 studiosos

2040 4959 2271 5016 subinde
2304 4959 2537 5028 rejiciat.

2111 5051 2220 5106 Sed
2280 5052 2540 5122 quoniam
2597 5061 2906 5120 Opportuna
2965 5067 3084 5107 sese
3143 5049 3298 5106 offert
3361 5052 3600 5117 occasio,

2037 5160 2210 5217 pauca
2238 5145 2402 5200 etiam
2445 5144 2513 5199 de
2551 5143 2939 5198 Ecclesiastica:
2966 5143 3220 5199 Historia:
3277 5143 3432 5201 libris
3498 5145 3603 5200 hoc

2037 5237 2158 5291 loco
2179 5235 2612 5292 adnotarelibet.
2645 5235 2849 5290 Horum
2881 5237 3026 5291 enim
3059 5236 3404 5308 potissimum
3434 5247 3606 5293 causa

2035 5334 2149 5382 tota
2173 5327 2286 5381 haec
2342 5341 2373 5380 a
2424 5327 2584 5382 nobis
2643 5327 2892 5382 instituta
2927 5333 3012 5381 est
3069 5327 3400 5382 lucubratio.
3434 5328 3599 5384 Multa

2035 5420 2251 5492 quidem
2283 5419 2352 5472 ab
2373 5417 2612 5474 Eusebio
2642 5427 2830 5475 nostro
2863 5419 3064 5487 scripta
3095 5426 3222 5474 sunt
3250 5419 3316 5474 ad
3347 5418 3600 5473 Ecclesia:

2033 5511 2313 5566 catholicae
2335 5511 2642 5574 utilitatem,
2661 5518 2710 5565 et
2743 5511 2808 5565 ad
2832 5511 3256 5567 confirmandam
3273 5511 3601 5568 Christiana

2034 5603 2157 5659 fidei
2189 5603 2470 5657 veritatem
2498 5642 2512 5666 ,
2565 5604 2761 5672 partim
2813 5601 3074 5659 adversus
3111 5603 3329 5663 Judaeos
3355 5652 3370 5674 ,
3399 5608 3596 5677 partim

2030 5703 2220 5752 contra
2243 5694 2486 5766 gentiles.
2525 5695 2670 5749 Inter
2699 5709 2889 5750 omnes
2916 5702 3098 5752 tamen
3122 5699 3242 5768 ejus
3272 5699 3442 5754 libros
3482 5714 3593 5753 me-

2031 5788 2136 5841 rito
2155 5787 2386 5858 palmam
2413 5784 2518 5841 fert
2537 5783 2910 5840 Ecclesiastica
2927 5775 3190 5842 Historia.
3223 5789 3371 5844 Multi
3395 5791 3596 5859 quippe

2031 5887 2156 5936 ante
2184 5878 2475 5936 Eusebium
2511 5895 2607 5949 pro
2628 5879 2952 5936 Christiana:
3014 5882 3136 5939 fidei
3186 5883 3500 5938 defensione
3529 5883 3598 5936 li-
