4126 6460
548 353 621 410 63
1507 347 1848 404 EUSEBIUS
1889 345 2368 404 CAESARIENSIS
2411 345 2808 402 EPISCOPUS.
3723 351 3790 406 64

551 473 680 526 bros
725 469 1190 540 conscripserant,
1241 475 1294 523 et
1351 466 1664 522 Judeorum
1721 467 2118 522 contumaciam
2151 473 2194 528 Α
2223 463 2453 520 Nicienae
2508 467 2958 520 commemoratio
3008 467 3096 520 hic
3151 469 3328 524 alieno
3373 469 3491 524 loco
3551 473 3788 539 ponitur,

549 575 904 630 erroremque
934 561 1220 630 gentilium
1253 559 1606 614 validissimis
1637 559 1940 616 rationibus
1993 549 2124 614 eon-

551 653 818 706 vicerant.
849 649 954 706 Sed
987 653 1078 722 qui
1099 637 1288 706 ‘rerum
1309 651 1800 706 ecclesiasticarum
1835 649 2122 705 historiam

550 741 790 810 posteris
813 741 1073 806 traderet,
1119 756 1281 796 nemo
1328 747 1454 794 ante
1486 739 1778 794 Eusebium
1815 743 2120 796 exstiterat.

553 833 676 898 Quo
703 833 874 903 magis
905 833 1212 886 laudandus
1267 839 1354 886 est
1393 829 1658 886 Eusebius
1713 839 1921 894 noster,
1951 831 2042 901 qui
2073 839 2124 886 et

553 927 764 996 primus
809 926 912 980 hoc
941 931 1320 995 argumentum
1370 923 1726 994 excogitavit;
1763 933 1964 978 etcum
1995 924 2124 978 illud

553 1032 846 1088 aggressus
871 1017 1086 1084 fuisset,
1113 1019 1369 1072 omnibus
1407 1016 1648 1070 numeris
1681 1017 1990 1070 absolutum
2041 1035 2126 1072 re~

551 1109 734 1180 liquit.
757 1109 918 1164 Certe
939 1125 1062 1164 cum
1095 1109 1246 1163 multi
1299 1119 1418 1178 post
1449 1123 1574 1162 cum
1629 1109 1828 1178 reperti
1869 1109 2000 1174 sint,
2033 1111 2122 1179 qui

555 1201 702 1256 illius
756 1203 1004 1272 exemplo
1070 1201 1274 1254 incitati
1325 1215 1414 1254 res
1457 1201 1862 1256 ecclesiasticas
1907 1203 2126 1270 scriptis

555 1293 786 1362 prodere
826 1293 1267 1362 aggrederentur,
1309 1309 1500 1348 omnes
1545 1301 1726 1346 tamen
1793 1293 1858 1347 ab
1889 1293 1956 1348 iis
1989 1301 2126 1346 lt‘lll-

553 1383 781 1452 poribus
811 1383 1094 1438 historiam
1117 1397 1272 1436 suam
1321 1383 1506 1436 exorsi
1539 1389 1666 1436 sunt
1703 1383 1756 1435 in
1789 1381 1988 1452 quibus
2017 1380 2126 1434 Eu-

553 1471 740 1527 sebius
769 1481 954 1526 noster
985 1487 1122 1542 opus
1145 1487 1304 1526 suum
1332 1472 1746 1534 terminaverat;
1777 1471 2124 1542 superiorum

551 1577 682 1614 vero
713 1571 1016 1630 temporum
1077 1561 1386 1624 historiam,
1421 1577 1581 1629 quam
1617 1561 1706 1614 ille
1759 1561 1946 1616 decem
1971 1561 2125 1616 libris

550 1659 898 1722 exposuerat,
945 1653 1214 1720 integram
1255 1651 1306 1706 ei
1347 1658 1510 1722 atque
1569 1653 1830 1706 intactam
1891 1653 2126 1722 relique-

551 1751 702 1797 runt.
739 1741 1107 1808 Quamobrem
1137 1744 1182 1798 si
1206 1741 1330 1813 quis
1361 1743 1510 1796 illum
1540 1743 1924 1798 ecclesiastica:
1955 1743 2128 1798 histo-

2231 558 2355 627 quis
2383 573 2617 626 unquam
2647 557 2854 622 credat,
2891 557 3182 614 Eusebium
3213 561 3278 616 de
3307 561 3434 616 Ario
3455 561 3526 615 ita
3555 563 3792 618 locutum

2235 649 2422 712 fuisse,
2459 657 2548 703 aut
2601 649 2860 704 Houousn
2907 653 3232 706 vocabulum
3289 649 3545 706 Chronico
3577 669 3676 708 suo
3711 653 3794 708 in-

2231 741 2470 794 texuisse
2493 779 2508 804 ,
2541 741 2686 808 quod
2724 757 2937 810 semper
2983 741 3056 795 illi
3089 743 3364 814 displicuit
3409 751 3466 796 ut
3495 749 3680 814 postea
3719 743 3796 798 vi-

2231 831 2514 890 debimus?
2557 831 2836 900 Quomodo
2899 833 3167 891 Eusebius
3223 837 3358 890 dixit
3410 843 3681 890 trecentos
3745 843 3798 890 et

2232 923 2532 976 Ortodccim
2568 924 2857 994 epist-epos
2905 925 3136 980 Nicaenre
3186 925 3392 996 synodo
3443 925 3788 988 interfuisse,

2231 1031 2353 1068 cum
2387 1015 2439 1067 in
2469 1015 2630 1068 tertio
2661 1015 2798 1069 libro
2847 1015 2920 1069 De
2947 1017 3052 1070 rita
3073 1014 3408 1072 Constantini
3437 1017 3796 1072 disertissimo

2233 1105 2454 1168 scribat,
2483 1107 2643 1175 paulo
2671 1105 2790 1174 plus
2817 1121 2982 1174 quam
3039 1107 3300 1164 ducentos
3331 1117 3384 1164 et
3405 1109 3794 1180 quinquaginta

2233 1197 2286 1250 in
2317 1213 2378 1252 ea
2409 1199 2758 1252 consedisse?
2793 1197 2912 1252 Non
2963 1199 3153 1254 dubito
3195 1209 3372 1254 tamen
3429 1201 3560 1272 quin
3617 1199 3796 1254 Eccle-

2232 1289 2452 1341 siastica
2487 1285 2728 1342 Historia
2762 1289 2832 1344 ab
2875 1289 3112 1345 Eusebio
3177 1291 3426 1346 absoluta
3469 1293 3540 1346 sit
3593 1289 3798 1360 aliquot

2233 1379 2392 1432 annis
2425 1389 2546 1450 post
2581 1379 2846 1450 synodum
2893 1379 3183 1438 Nirmnam.
3221 1383 3326 1436 Sed
3375 1399 3496 1438 eum
3535 1383 3798 1440 Eusebius

2233 1487 2364 1542 pace
2397 1471 2486 1525 illa
2515 1489 2636 1542 qua:
2665 1481 2789 1544 post
2823 1477 3253 1542 persecutionem
3307 1475 3624 1531 Diocletiani
3647 1479 3798 1530 curli-

2231 1573 2319 1620 tus
2347 1565 2550 1620 aﬂ'ulsit
2577 1565 2852 1630 Ecclesiae,
2888 1565 3186 1620 Historiam
3227 1583 3378 1622 suam
3403 1569 3656 1622 claudere
3700 1567 3798 1622 de.

2231 1659 2524 1724 crevisset,
2561 1659 3015 1730 quemadmodum
3061 1661 3175 1730 ipse
3211 1667 3442 1716 testatur
3473 1661 3526 1714 in
3574 1659 3799 1714 exordio

2230 1751 2412 1822 operis
2441 1751 2548 1814 sui,
2591 1749 2822 1808 Nicaeum
2869 1753 3060 1824 synodi
3119 1753 3686 1808 commemorationem
3731 1753 3800 1807 de

551 1837 648 1890 ria:
675 1833 890 1890 Patrem
909 1843 964 1890 et
995 1834 1332 1889 conditorem
1355 1835 1630 1903 appellare
1653 1835 1904 1900 voluerit,
1932 1837 1978 1891 is
2009 1851 2134 1906 pro-
2167 1823 2208 1877 Β
2235 1843 2504 1899 industria
2541 1847 2752 1910 vitavit,
2787 1863 2856 1902 ne
2880 1823 3176 1902 seditiones
3201 1861 3264 1898 ac
3293 1845 3558 1900 tumultus
3581 1845 3796 1914 episco-

553 1925 700 1979 fecto
723 1941 832 1979 non
868 1925 1106 1980 absurde
1169 1939 1268 1978 nec
1311 1925 1578 1979 immerito
1609 1926 1660 1979 id
1710 1941 2010 1996 cognomen
2053 1927 2128 1980 illi

553 2017 915 2086 impositurus
937 2017 1172 2072 videtur.
1197 2015 1440 2082 Quanam
1471 2027 1650 2071 autem
1677 2019 1888 2072 ratione
1921 2019 1986 2072 ad
2027 2019 2130 2073 hoc

555 2117 936 2180 argumentum
993 2109 1290 2164 accesserit
1323 2107 1616 2174 Eusebius,
1650 2125 1756 2163 non
1791 2109 2008 2166 diﬂicile
2046 2119 2131 2166 est

551 2202 844 2268 conjicere.
869 2199 1004 2252 Nam
1038 2215 1160 2254 cum
1187 2200 1240 2252 in
1283 2209 1526 2254 extrema
1565 2211 1720 2272 parte
1750 2201 2130 2258 Chronicorum

553 2291 852 2356 Canonum,
893 2299 1106 2360 tempus
1145 2291 1408 2348 adventus
1439 2291 1650 2348 Domini
1701 2295 1872 2350 nostri
1907 2303 1960 2350 et
1997 2294 2131 2350 Pas-

555 2382 728 2436 sionis
774 2381 895 2450 ejus
949 2389 1202 2436 accurate
1236 2391 1499 2446 notasset,
1557 2385 1779 2438 nomina
1817 2385 1980 2439 etiam
2011 2387 2128 2456 epi-

557 2485 848 2540 scoporum
873 2471 965 2540 qui
1009 2473 1062 2526 in
1093 2480 1326 2544 quatuor
1370 2473 1658 2544 praecipuis
1691 2472 1951 2530 Ecclesiis
1978 2475 2133 2530 sede-

557 2569 704 2626 rant,
729 2569 782 2617 et
829 2563 1123 2618 illustrium
1171 2564 1413 2619 virorum
1433 2567 1526 2634 qui
1581 2565 1634 2620 in
1667 2563 1910 2620 Ecclesia
1941 2565 2135 2622 ﬂorue-

555 2661 680 2707 rant
721 2655 1002 2711 :haareses
1051 2655 1286 2726 denique
1345 2671 1408 2710 ac
1459 2657 1867 2727 persecutiones
1931 2659 2133 2729 quibus

555 2753 752 2801 vexata
785 2747 964 2802 fuerat
1007 2747 1274 2812 Ecclesia,
1326 2765 1428 2806 suo
1473 2758 1718 2821 tempore.
1751 2759 1912 2822 atque
1941 2753 2134 2808 ordine

556 2837 898 2908 digessisset,
927 2841 1190 2910 paulatim
1253 2842 1320 2896 ad
1363 2843 1650 2898 historiam
1703 2846 2132 2902 ecclesiasticam

557 2931 1034 2998 conscribendam,
1064 2933 1222 3004 quasi
1267 2950 1428 2988 manu
1458 2936 1724 2994 deductus
1753 2945 1836 2993 est
1876 2955 1888 2989 :
1927 2947 1986 2992 ut
2013 2955 2134 3008 quat

562 3022 618 3076 in
645 3021 918 3077 Chrenicis
956 3023 1265 3078 Canonibus
1313 3027 1472 3095 quasi
1520 3027 1844 3097 compendio
1897 3031 2131 3101 quodam

561 3114 974 3183 perstrinxerat,
1001 3116 1056 3170 in
1093 3115 1466 3172 Ecclesiastica
1498 3117 1742 3172 Historia
1777 3121 1939 3176 latius
1971 3131 2132 3190 atque

559 3205 784 3260 uberius
819 3215 1192 3276 pertractaret.
1235 3209 1352 3280 ipse
1382 3218 1527 3266 certe
1555 3212 1608 3264 in
1637 3214 1901 3281 prommio
1945 3213 2130 3269 Histo-

568 3295 662 3350 ria:
693 3297 1058 3354 ecclesiastica:
1105 3309 1291 3370 aperte
1341 3303 1544 3356 indicat
1590 3303 1645 3360 id
1684 3307 1828 3375 quod
1860 3307 1992 3362 dixi.
2025 3309 2128 3364 Ubi

557 3390 721 3442 etiam
741 3390 808 3444 ab
831 3391 999 3460 aequis
1027 3391 1324 3448 lectoribus
1359 3394 1568 3448 veniam
1590 3395 1694 3451 sibi
1723 3397 1839 3451 dari
1867 3401 2126 3468 postulat,

558 3481 736 3536 sicubi
773 3481 1008 3539 fortasse
1060 3485 1170 3540 hoc
1224 3497 1604 3558 argumentum
1637 3491 1820 3548 minus
1857 3493 2132 3548 cumulate

562 3573 725 3626 fuerit
743 3583 1034 3630 exsecutus
1071 3595 1084 3630 :
1119 3591 1177 3632 se
1209 3579 1352 3634 enim
1382 3581 1624 3635 omnium
1657 3583 1890 3652 primum
1924 3584 1990 3638 ad
2027 3585 2132 3638 hoc

561 3665 840 3720 scribendi
873 3683 1043 3736 genus
1075 3669 1356 3734 accedere,
1392 3679 1446 3725 et
1473 3671 1577 3726 iter
1605 3675 1810 3728 nullius
1843 3681 1998 3729 antea
2031 3675 2134 3728 tri-

559 3765 676 3810 tum
709 3759 952 3829 vestigiis
976 3759 1182 3829 ingredi
1229 3761 1466 3831 primum
1503 3765 1758 3834 cmpissc.
1789 3763 1990 3820 Verum
2021 3767 2134 3822 hrcc

559 3860 671 3900 non
695 3855 802 3902 tam
825 3852 1106 3906 excusatio
1141 3867 1206 3906 ac
1247 3854 1420 3908 veniat
1463 3855 1794 3926 deprecatio,
1827 3873 1986 3928 quam
2017 3859 2136 3913 lau-

559 3939 648 3994 dis
671 3948 724 3994 et
743 3941 930 4011 gloriae
951 3943 1192 4012 captatio
1221 3945 1730 4014 quibusdamvideri
1753 3951 1944 4020 possit.
1963 3951 2136 4009 Porro

562 4049 686 4088 cum
743 4041 958 4091 constet
997 4051 1064 4090 ex
1113 4037 1334 4092 Eusebii
1389 4039 1562 4109 ipsius
1591 4041 1925 4106 testimonio,
1955 4041 2136 4098 Eccle-

559 4126 836 4180 siasticam
884 4127 1182 4182 Historiam
1217 4137 1340 4200 post
1373 4131 1765 4204 chronologicos
1795 4133 2034 4190 Canones
2067 4137 2135 4191 ab

559 4229 629 4270 eo
659 4219 916 4288 scriptam
972 4217 1162 4282 fuisse,
1219 4223 1416 4276 mirum
1471 4230 1650 4279 tamen
1688 4235 1792 4288 est,
1845 4235 2136 4298 utrumque

561 4323 699 4378 opus
753 4309 818 4364 ad
859 4327 1026 4366 unam.
1071 4313 1421 4383 eamdemque
1451 4325 1649 4370 metam
1707 4319 2022 4387 procedere,
2067 4319 2134 4373 ad

562 4411 765 4452 annum
797 4401 1006 4456 scilicet
1031 4401 1732 4470 vicesimumConstantini,
1756 4409 1848 4478 qui
1903 4409 2002 4463 fuit
2039 4425 2136 4464 an-

2233 1953 2424 2008 porum
2485 1937 2625 1992 inter
2689 1953 2748 1996 se
2811 1939 3108 1993 rixantium
3167 1953 3439 2010 exponere
3491 1945 3794 2008 cogeretur.

2232 2024 2444 2095 Quippe
2475 2025 2828 2081 historiarum
2873 2029 3168 2098 scriptores
3201 2027 3252 2082 id
3283 2027 3554 2100 prmcipue
3607 2043 3798 2083 curare

2233 2133 2298 2172 ac
2323 2117 2604 2188 providere
2625 2119 2840 2182 debent,
2879 2131 2939 2176 ut
2987 2137 3124 2191 opus
3165 2137 3321 2176 suum
3365 2121 3566 2176 illustri
3595 2129 3648 2175 et
3681 2121 3794 2190 glo-

2231 2213 2381 2266 rioso
2426 2213 2572 2266 exitu
2627 2215 2974 2278 concludant,
3034 2215 3176 2268 sicut
3209 2213 3534 2284 jampridem
3585 2215 3798 2268 monuit

2234 2302 2524 2374 Dionysius
2555 2303 3054 2361 Halicarnassensis
3089 2305 3144 2358 in
3187 2305 3590 2374 comparatione
3623 2303 3796 2358 Hero-

2233 2395 2346 2450 doti
2387 2411 2450 2450 ac
2484 2393 2842 2466 Thucydidis.
2890 2393 3028 2462 Quis
3061 2411 3225 2466 porro
3273 2403 3503 2452 eventus
3535 2397 3798 2451 illustrior

2233 2485 2302 2541 ab
2335 2483 2570 2541 Eusebio
2619 2487 2795 2556 potuit
2824 2489 3022 2556 Optari,
3058 2501 3220 2556 quam
3253 2501 3354 2556 pax
3403 2487 3492 2539 illa
3524 2503 3643 2558 qua:
3675 2497 3798 2558 post

2233 2575 2670 2632 cruentissimam
2731 2577 3160 2646 persecutionem
3213 2593 3242 2631 a
3289 2575 3650 2632 Constantino
3673 2579 3793 2632 red-

2233 2665 2346 2722 dita
2377 2667 2554 2723 fuerat
2581 2667 2933 2730 Christianis,
2975 2683 3100 2722 cum
3127 2669 3414 2724 exstinctis
3445 2669 3646 2740 ubique
3677 2687 3798 2738 per-

2235 2759 2599 2824 secutoribus,
2651 2775 2714 2814 ac
2743 2768 3018 2829 postremo
3049 2761 3290 2814 omnium
3323 2759 3533 2814 Licinio
3560 2761 3798 2824 sublato,

2233 2851 2540 2920 nullusjam
2565 2851 2960 2921 praeteritorum
2979 2851 3242 2904 malorum
3267 2858 3576 2922 superesset
3597 2860 3796 2905 metus.

2234 2941 2348 2996 Hac
2392 2943 2556 3014 igitur
2589 2959 2722 3014 pace
2755 2943 3040 3000 historiam
3081 2959 3234 2998 suam
3277 2943 3570 2998 terminare
3610 2945 3799 2996 maluit

2235 3031 2526 3096 Eusebius,
2557 3049 2720 3104 quam
2751 3031 2984 3087 Niczenae
3015 3033 3208 3103 synodi
3261 3033 3794 3086 commemoratione.

2235 3118 2308 3172 Ea
2343 3121 2542 3190 quippe
2596 3120 2806 3192 synodo
2839 3137 2948 3174 non
2991 3133 3098 3174 tam
3147 3121 3320 3192 sopita
3349 3119 3598 3182 discidia,
3635 3137 3796 3190 quam

2235 3219 2488 3266 renovata
2505 3226 2626 3267 esse
2653 3211 2992 3266 videbantur.
3043 3209 3208 3280 quue
3247 3225 3356 3264 non
3397 3209 3796 3280 synodi-ipsius

2232 3303 2426 3374 culpa;
2464 3301 2558 3358 sed
2589 3301 2854 3372 pertinaci
2887 3301 3252 3358 obstinatione
3291 3315 3482 3356 eorum
3529 3301 3622 3371 qui
3653 3303 3800 3355 salu-

2229 3393 2481 3450 berrimis
2535 3393 2870 3450 sacrosancti
2917 3393 3132 3448 concilii
3177 3393 3412 3448 decretis
3453 3393 3800 3464 acquiescere

2231 3485 2578 3540 recusabant.
2611 3483 2784 3556 Atque
2821 3485 2936 3540 hinc
2965 3483 3032 3540 de
3069 3487 3180 3540 vita
3213 3484 3541 3554 scriptisque
3577 3483 3796 3540 Eusebii

2233 3593 2265 3631 a
2299 3577 2456 3632 nobis
2477 3577 2622 3632 dicta
2654 3575 2940 3632 sufﬁciant.
2979 3575 3238 3646 Superest
3275 3583 3333 3630 ut
3381 3575 3450 3632 de
3477 3575 3596 3646 ejus
3621 3575 3724 3631 ﬁde
3743 3581 3800 3632 et

2237 3668 2510 3740 ὀρθοδοξίᾳ.
2537 3685 2706 3740 pauca
2736 3669 3005 3725 dicamus.
3035 3668 3114 3724 Ac
3157 3669 3388 3739 primum
3423 3669 3652 3722 lectores
3683 3683 3800 3722 mo-

2235 3763 2382 3816 nitos
2413 3763 2595 3828 velim,
2649 3777 2716 3817 ne
2763 3761 2904 3816 hica
2951 3761 3112 3816 nobis
3165 3759 3382 3814 Eusebii
3427 3759 3796 3814 defensionem

2235 3859 2566 3924 exspectent.
2597 3851 2782 3922 Neque
2821 3851 2966 3906 enim
3000 3859 3244 3907 nostrum
3280 3861 3364 3907 est
3395 3851 3462 3906 de
3485 3851 3800 3922 hujusmodi

2237 3945 2400 3998 rebus
2425 3946 2794 4014 pronuntiare,
2815 3957 2942 3998 cum
2971 3943 3230 4000 Ecclesiae
3277 3944 3546 4014 judicium
3572 3953 3626 4000 et
3660 3945 3802 4000 anti-

2235 4050 2468 4106 quorum
2491 4035 2710 4090 Patrum
2752 4035 3076 4092 sententiam
3107 4035 3162 4088 in
3211 4035 3280 4090 iis
3309 4035 3490 4104 potius
3516 4035 3668 4106 sequi
3701 4035 3800 4091 de-

2235 4127 2482 4182 beamus.
2517 4125 2748 4182 Proinde
2767 4127 3010 4196 quaadam
3041 4125 3494 4195 duntaxatcapita
3519 4126 3606 4181 hic
3629 4127 3801 4181 adno-

2234 4218 2490 4282 tabimus,
2516 4219 2714 4288 quibus
2737 4219 2894 4288 quasi
2921 4215 3290 4272 fundamentis
3313 4217 3508 4284 innixi,
3537 4217 3604 4274 de
3631 4217 3802 4274 Euse-

2235 4309 2310 4364 bii
2333 4309 2435 4364 fidc
2464 4311 2664 4364 certius
2683 4317 2922 4364 statuere
2949 4309 3244 4378 possimus.

2303 4401 2440 4456 Cum
2473 4403 2638 4472 igitur
2669 4401 2738 4456 de
2787 4399 3024 4456 Eusebio
3069 4407 3260 4454 nostro
3293 4399 3458 4454 variat
3509 4399 3622 4456 sint
3657 4401 3800 4454 anti-

560 4503 666 4544 nus
701 4489 902 4546 Christi
933 4491 1058 4548 5‘23.
1095 4491 1227 4548 Illud
1275 4503 1534 4564 prieterea
1563 4497 1746 4551 mirari
1787 4499 1952 4562 subit,
1985 4501 2128 4570 quod
2163 4499 2210 4560 D
2236 4509 2466 4568 quorum
2489 4495 2801 4560 sententiae,
2825 4499 2878 4548 et
2909 4491 3130 4562 quidam
3157 4506 3280 4546 eum
3313 4491 3674 4554 Catholicum,
3707 4491 3798 4544 alii

561 4595 684 4634 cum
727 4581 938 4637 Nicena
1001 4587 1239 4656 synodus
1294 4587 1564 4641 celebrata
1625 4589 1698 4643 sit
1755 4589 2132 4648 vicennalibus

561 4671 930 4737 Constantini,
963 4678 1110 4730 nulla
1161 4685 1340 4732 tamen
1365 4679 1484 4748 ejus
1527 4679 1617 4732 ﬁat
1671 4681 1895 4745 mentio,
1947 4698 2050 4737 nec
2077 4685 2132 4737 in

563 4761 843 4830 Chronico,
875 4783 974 4822 nec
1011 4770 1064 4822 in
1111 4767 1482 4824 Ecclesiastica
1529 4769 1788 4828 Historia.
1821 4773 1954 4828 Nam
1988 4775 2134 4844 quod

565 4855 618 4910 in
647 4855 838 4912 Latino
858 4859 976 4928 ejus
1005 4859 1260 4916 Chronico
1282 4861 1348 4917 ad
1364 4879 1564 4918 annum
1593 4865 1938 4922 Constantini
1971 4869 2134 4938 quin-

561 4953 676 5000 tum
703 4949 972 5005 decimum
1005 4953 1116 5007 lnec
1141 4955 1412 5026 leguntur,
1439 4957 1816 5012 Alexandrinis
1883 4957 2132 5015 Ecclesia!

561 5041 730 5096 XIX“!
751 5045 1028 5098 ordinatur
1046 5048 1312 5117 episcopus
1331 5049 1648 5112 Alexander,
1670 5067 1702 5102 a
1726 5065 1826 5120 quo
1847 5051 2004 5104 Arius
2021 5067 2134 5120 pre-

562 5133 736 5204 sbyter
763 5135 826 5188 de
861 5136 1096 5192 Ecclesia
1132 5139 1345 5206 ejectus,
1372 5139 1562 5194 multos
1611 5156 1719 5194 sua:
1763 5142 2018 5208 impietati
2043 5159 2132 5196 so-

562 5225 690 5276 ciat.
737 5225 818 5276 Ad
844 5243 1066 5296 quorum
1111 5229 1389 5297 perﬁdiam
1438 5230 1846 5299 coarguendam,
1901 5231 2132 5300 synodus

561 5327 796 5368 cccxvm
839 5320 1197 5387 episcoporum
1243 5321 1296 5374 in
1351 5319 1594 5375 Nictcam
1637 5323 1818 5376 urbem
1869 5323 2134 5394 Bithynia:

564 5417 914 5476 congregata,
953 5428 1126 5465 omnes
1161 5413 1522 5467 htereticorum
1565 5415 1832 5470 machinas
1869 5413 2132 5472 Hostousu

565 5499 893 5566 oppositione
912 5501 1115 5557 delevit.
1149 5501 1293 5560 Satis
1345 5507 1693 5575 perspicuum
1726 5515 1830 5570 est,
1887 5508 1992 5562 ista
2025 5525 2134 5564 non

566 5592 634 5644 ab
663 5589 896 5646 Eusebio
923 5597 1146 5665 scripta,
1177 5596 1270 5651 sed
1293 5599 1360 5652 ab
1385 5595 1714 5668 Hieronymo
1739 5599 1922 5653 addita
1943 5599 2133 5668 fuisse,

565 5687 658 5751 qui
693 5680 1060 5741 Eusebianum
1099 5687 1415 5742 Chronicum
1459 5690 1648 5744 multis
1675 5690 1742 5746 de
1779 5705 1880 5746 suo
1907 5689 2136 5757 adjectis

571 5775 940 5845 interpolavit.
975 5775 1044 5831 Ut
1075 5777 1218 5832 enim
1269 5777 1402 5831 illud
1455 5779 1722 5842 omittam,
1765 5779 1908 5850 quod
1943 5781 2132 5850 synodi

2234 4585 2579 4652 haereticum;
2602 4583 2846 4639 nonnulli
2871 4583 3186 4652 δίγλωττον,
3209 4581 3262 4636 id
3293 4591 3408 4646 est,
3433 4583 3610 4638 dubiae
3639 4591 3800 4650 atque

2236 4677 2492 4748 ancipitis
2517 4677 2642 4732 ﬁdei
2673 4677 2842 4732 fuisse
2867 4674 3200 4738 censuerint,
3225 4675 3606 4742 inquirendum
3641 4691 3668 4728 a
3699 4691 3800 4730 no-

2235 4769 2319 4824 bis
2365 4775 2450 4823 est
2481 4769 2571 4822 cui
2597 4767 2940 4837 potissimum
2979 4767 3258 4820 sententiae
3301 4767 3597 4822 debeamus
3643 4781 3800 4822 acce~

2233 4859 2382 4914 dere.
2404 4857 2674 4913 Constans
2699 4857 2841 4927 juris
2863 4857 3046 4926 regula
3075 4867 3176 4918 est,
3208 4857 3260 4911 in
3305 4859 3484 4912 dubiis
3503 4858 3796 4928 :equiorem

2233 4951 2418 5020 potius
2467 4965 2532 5004 ac
2557 4951 2826 5004 mitiorem
2871 4948 3194 5004 sententiam
3243 4951 3494 5020 amplecti
3523 4959 3794 5020 oportere.

2235 5041 2438 5098 Deinde
2467 5059 2590 5098 cum
2637 5041 3012 5098 Occidentales
3051 5057 3378 5108 omnes,uno
3411 5043 3522 5099 fere
3571 5051 3800 5114 excepto

2233 5137 2590 5206 Hieronymo.
2639 5135 2708 5192 de
2753 5135 2986 5190 Eusebio
3031 5143 3222 5190 nostro
3273 5137 3570 5192 honoriﬁce
3611 5155 3798 5194 sense-

2234 5229 2376 5288 rint,
2407 5241 2640 5296 cumque
2667 5225 3193 5282 EcclesiaGallicana
3222 5235 3536 5282 sanctorum
3569 5245 3798 5286 numero

2237 5331 2360 5372 eum
2383 5317 2718 5386 ascripserit,
2751 5323 2810 5370 ut
2845 5333 2907 5371 ex
2929 5315 3486 5388 VictorioAquitano,
3520 5317 3794 5384 Usuardo,

2237 5409 2466 5478 aliisque
2491 5407 2782 5478 colligitur,
2805 5409 2977 5462 satius
3007 5409 3126 5462 sine
3149 5409 3316 5463 dubio
3349 5419 3450 5472 est,
3485 5419 3542 5464 ut
3573 5411 3792 5466 Patrum

2237 5507 2570 5564 nostrorum,
2629 5517 2790 5572 quam
2825 5507 2882 5555 ut
2917 5499 3274 5556 Orientalium
3317 5503 3792 5560 schismaticorum

2233 5593 2442 5664 judicio
2492 5593 2919 5649 subscribamus.
2953 5591 3194 5663 Denique
3241 5609 3466 5664 quorum
3498 5597 3797 5654 auctoritas

2237 5687 2340 5740 hac
2371 5685 2424 5740 in
2458 5701 2514 5740 re
2545 5685 2718 5754 major
2737 5700 2860 5740 esse
2881 5685 3036 5739 debet
3057 5699 3220 5754 quam
3251 5685 3566 5754 pontiﬁcum
3597 5685 3798 5742 Roma-

2239 5779 2566 5834 manorum?
2599 5777 2758 5846 Atqui
2779 5777 3026 5832 Gelasius
3059 5777 3110 5830 in
3145 5777 3280 5832 libro
3305 5777 3378 5832 De
3403 5777 3604 5834 duabus
3639 5793 3794 5834 natu-
