4126 6462
333 364 404 419 C5
1782 360 2083 418 NOTITIA.
3511 371 3580 422 ω

334 490 432 551 sic,
475 485 769 543 Eusebium
810 489 1062 539 nostrum
1108 481 1250 537 inter
1277 479 1584 536 catholicos
1611 480 1906 550 scriptores
1937 487 1978 540 Α
2014 478 2126 539 bat,
2147 476 2268 531 .imo
2295 479 2389 546 qui
2415 495 2479 534 ex
2510 481 2658 538 illius
2689 480 2912 551 scriptis
2943 487 3227 555 tantopere
3248 490 3575 556 profecerat;

337 576 541 640 retulit,
573 575 789 643 duoque
832 588 899 627 ex
943 572 1063 639 ejus
1095 571 1249 626 libris
1301 569 1610 625 testimonia
1637 569 1903 623 recitavit.

334 666 442 720 Sed
477 673 532 721 et
579 664 834 734 Pelagius
889 662 995 718 PP.
1031 677 1154 718 eum
1206 663 1347 715 inter
1400 659 1694 716 historicos
1726 659 1892 714 hono-

331 758 674 812 ratissimum
697 755 963 818 nominat,
1004 760 1056 808 et
1084 753 1154 808 ab
1187 753 1334 806 omni
1368 753 1636 807 haereseos
1659 753 1779 807 labe
1803 752 1906 805 im-

330 863 558 903 munem
587 862 710 903 esse
738 845 1073 916 pronuntiat,
1125 844 1342 899 tametsi
1372 842 1661 914 Origenem
1697 843 1907 898 hmreti-

331 953 460 991 cum
490 938 718 993 summis
761 936 1009 990 laudibus
1067 935 1372 989 extulisset.
1401 934 1471 987 At
1517 934 1661 989 dicet
1707 934 1903 1003 aliquis

331 1029 694 1088 Orientalium
767 1029 947 1100 potius
1007 1029 1343 1099 sequendum
1407 1043 1530 1086 esse
1596 1029 1898 1098 judicium,

333 1137 461 1178 cum
493 1122 791 1179 Orientales
819 1120 1137 1182 Eusebium,
1158 1129 1346 1191 utpote
1387 1122 1660 1176 hominem
1707 1121 1904 1192 linguae

335 1230 470 1280 sum,
507 1216 696 1272 melius
747 1230 910 1270 nosse
939 1214 1236 1283 potuerint.
1300 1213 1405 1269 Sed
1455 1215 1774 1284 responderi
1802 1229 1900 1284 po-

333 1314 462 1371 test,
496 1323 603 1361 non
633 1308 823 1362 deesse
887 1305 1151 1375 quosdam
1197 1319 1264 1359 ex
1294 1303 1686 1370 Orientalibus,
1711 1306 1804 1376 qui
1834 1307 1902 1361 de

333 1397 568 1454 Eusebio
600 1407 788 1453 nostro
819 1397 954 1452 bene
983 1396 1276 1452 senserint.
1344 1396 1489 1452 lnter
1517 1413 1656 1468 quos
1683 1406 1767 1453 est
1798 1396 1901 1451 So-

329 1498 508 1545 crates
533 1496 586 1544 et
624 1489 873 1545 Gelasius
897 1489 1218 1561 Cyzicenus.
1249 1488 1404 1556 Quod
1460 1488 1504 1544 si
1539 1490 1780 1558 septimae
1818 1506 1901 1560 sy-

330 1582 456 1636 nodi
487 1584 838 1638 meumenicaa
896 1583 1164 1653 judicium
1237 1582 1394 1636 nobis
1458 1589 1784 1651 opponatur,
1841 1582 1897 1635 in

329 1683 582 1742 promptu
611 1679 694 1728 est
721 1674 1026 1744 responsio.
1059 1672 1245 1741 Neque
1277 1673 1421 1726 enim
1455 1671 1522 1726 de
1552 1671 1770 1727 Eusebii
1797 1671 1898 1728 fide

324 1761 588 1830 agebatur
616 1761 670 1815 in
697 1761 786 1815 illa
818 1761 1046 1832 synodo,
1081 1759 1176 1816 sed
1205 1760 1272 1814 de
1294 1759 1588 1829 imaginum
1617 1760 1785 1815 cultu.
1813 1759 1896 1813 Ad

325 1867 488 1922 quem
522 1852 950 1908 subvertendum
982 1865 1108 1906 cum
1163 1850 1460 1906 adversarii
1489 1851 1650 1920 paulo
1693 1857 1818 1906 ante
1840 1849 1895 1903 in

326 1944 462 1998 urbe
487 1942 655 2014 Regia
680 1944 1014 2014 congregati,
1047 1941 1418 1998 testimonium
1456 1957 1522 1996 ex
1553 1941 1770 1996 Eusebii
1825 1941 1893 1996 ad

326 2033 709 2088 Constantiam
741 2033 970 2102 epistola
1002 2032 1379 2102 protulissent,
1434 2045 1607 2099 eoque
1659 2029 1894 2085 maxime

329 2127 670 2192 niterentur;
709 2124 898 2180 Patres
951 2126 1194 2194 septimm
1244 2124 1437 2194 synodi
1486 2122 1552 2175 ad
1578 2121 1891 2176 elevandam

326 2218 494 2288 hujus
521 2218 818 2274 testimonii
862 2217 1241 2272 auctoritatem
1299 2216 1691 2276 acclamarunt,
1719 2213 1893 2269 Euse-

332 2311 480 2364 bium
507 2309 772 2365 Arianum
800 2309 989 2365 fuisse.
1022 2307 1222 2363 Verum
1257 2309 1310 2364 id
1351 2309 1526 2363 obiter
1561 2314 1794 2370 tantum,
1824 2324 1891 2362 ex

326 2402 619 2458 occasione
649 2410 704 2457 et
737 2401 862 2456 odio
901 2402 1050 2457 illius
1087 2402 1330 2471 epistolae
1357 2402 1424 2457 ab
1441 2403 1522 2456 eis
1549 2400 1753 2456 factum
1781 2410 1886 2466 est,

323 2509 434 2549 non
477 2503 660 2550 autem
715 2495 840 2549 data
890 2509 1090 2564 opera,
1144 2501 1237 2548 aut
1282 2508 1447 2552 causa
1494 2496 1646 2565 prius
1702 2496 1891 2565 cogni-

332 2596 407 2640 ta.
453 2584 742 2640 Proferunt
784 2585 1001 2655 quidem
1048 2585 1166 2639 loca
1226 2586 1470 2654 quadam
1525 2601 1593 2640 ex
1629 2585 1886 2652 Eusebio,

325 2672 528 2741 quibus
567 2672 866 2743 approbent
899 2672 1050 2726 illum
1073 2671 1277 2729 Ariano
1301 2673 1540 2745 dogmati
1569 2675 1884 2732 adhazsisse.

322 2762 430 2818 Sed
456 2765 666 2818 nullum
721 2765 1016 2820 discrimen
1077 2764 1338 2820 adhibent
1389 2767 1531 2821 inter
1568 2769 1736 2824 libros
1766 2781 1888 2825 ante

319 2859 612 2914 concilium
637 2858 938 2924 Nicaenum,
973 2867 1028 2914 et
1057 2860 1197 2914 inter
1211 2875 1305 2916 eos
1326 2861 1418 2934 qui
1444 2868 1566 2931 post
1594 2863 1728 2918 illud
1759 2878 1891 2919 con-

320 2951 505 3004 cilium
541 2951 610 3005 ab
638 2950 873 3007 Eusebio
901 2959 1028 3006 sunt
1052 2952 1342 3017 elaborati,
1397 2953 1541 3022 quod
1569 2962 1749 3007 tamen
1773 2953 1887 3009 ﬁeri

319 3044 546 3098 omnino
574 3043 854 3107 debuerat,
887 3051 946 3098 ut
972 3043 1038 3098 de
1072 3043 1290 3100 Eusebii
1341 3045 1442 3100 fide
1477 3053 1684 3100 certum
1710 3061 1773 3101 ac
1812 3047 1888 3102 le—

319 3134 570 3204 gitimam
623 3133 888 3203 judicium
935 3143 1297 3204 promeretur.
1349 3135 1698 3207 Quzecunque
1743 3139 1887 3192 enim

320 3233 449 3280 ante
473 3224 746 3281 Nicaenam
780 3226 1046 3297 synodum
1079 3229 1282 3297 scripta
1335 3236 1481 3294 sunt,
1518 3228 1754 3285 Eusebio
1788 3230 1888 3285 ob-

317 3318 414 3387 jici
435 3326 488 3374 et
515 3320 771 3390 imputari
799 3335 905 3374 non
933 3320 1149 3375 debent.
1181 3320 1352 3375 Porro
1399 3323 1617 3376 Eusebii
1659 3324 1885 3394 epistola

318 3412 386 3465 ad
420 3411 823 3476 Alexandrum,
877 3428 984 3482 qua
1036 3429 1136 3482 pro
1194 3415 1324 3469 Ario
1373 3414 1524 3467 illum
1557 3415 1884 3484 interpellat,

317 3504 522 3573 scripta
556 3513 640 3558 est
691 3503 1073 3574 proculdubio
1125 3513 1250 3559 ante
1281 3507 1546 3571 synodum
1589 3505 1882 3561 Niczenam.

313 3593 552 3650 Proinde
573 3596 948 3651 testimonium
983 3596 1114 3650 illud
1145 3596 1368 3651 Patrum
1415 3600 1658 3667 septimae
1690 3598 1884 3670 synodi

315 3685 577 3740 adversus
598 3683 921 3750 Eusebium,
952 3687 1054 3743 etsi
1069 3687 1361 3741 maximam
1392 3688 1553 3743 habet
1583 3689 1882 3744 auctorita-

314 3783 446 3839 tem,
487 3783 667 3831 tamen
693 3776 1070 3846 prrejudicium
1105 3778 1288 3848 potius
1315 3794 1476 3848 quam
1508 3779 1766 3850 synodale
1790 3780 1884 3849 ju-

313 3866 517 3920 dicium
547 3867 704 3924 nobis
732 3867 962 3924 videtur.
998 3867 1103 3924 Sed
1134 3868 1337 3925 Graecis
1364 3871 1524 3924 liceat
1551 3871 1618 3925 de
1646 3869 1883 3926 Eusebio

313 3966 505 4016 nostro
538 3960 612 4014 ita
659 3961 882 4026 sentire,
919 3977 1154 4033 eumque
1190 3963 1403 4017 allinem
1450 3963 1666 4018 Arianae
1709 3964 1881 4019 luere-

311 4050 382 4114 si,
423 4059 518 4106 aut
547 4053 706 4108 etiam
760 4054 1021 4108 Arianum
1078 4069 1295 4109 vocare.
1333 4053 1720 4127 Hieronymum
1751 4072 1882 4112 vero

309 4142 436 4212 quis
472 4145 741 4214 patienter
770 4145 924 4211 ferat,
953 4145 1045 4215 qui
1083 4161 1192 4201 non
1225 4155 1514 4202 contentus
1565 4148 1879 4204 haereticum

309 4235 464 4289 illum
487 4243 542 4290 et
569 4237 830 4291 Arianum
864 4237 1064 4302 dicere,
1087 4238 1413 4292 Arianorum
1433 4239 1752 4309 signiferum
1772 4256 1879 4295 non

311 4326 482 4381 semel
516 4329 806 4382 nominat?
839 4327 1093 4386 Potestne
1147 4330 1474 4385 Arianorum
1517 4331 1744 4402 signifer
1775 4347 1883 4386 me-

312 4416 416 4471 rito
443 4416 573 4483 dici,
603 4420 650 4474 is
681 4421 774 4489 qui
805 4421 1132 4476 Arianorum
1175 4422 1369 4492 dogma
1425 4431 1551 4494 post
1604 4423 1879 4478 Nicaenam

2007 569 2097 636 qui
2127 567 2440 624 Cltronicum
2467 572 2586 639 ejus
2606 589 2857 627 canonem
2887 585 2940 630 et
2968 575 3163 630 librum
3197 577 3272 632 De
3300 581 3429 640 locis
3465 582 3579 635 Hc-

2006 662 2198 714 braicis
2225 663 2277 714 in
2311 659 2564 716 Latinum
2588 679 2898 722 sermonem
2926 676 3290 733 converterat,
3336 671 3440 726 hoc
3471 671 3582 726 Eu-

2004 752 2215 806 sebium
2243 752 2472 806 infamat
2511 754 2712 825 elogio,
2762 757 2909 827 quod
2937 774 3005 812 ne
3056 759 3413 817 infensissimi
3450 765 3577 834 qui-

2003 843 2124 899 dem
2154 845 2338 900 hostes
2373 861 2613 915 unquam
2655 849 2730 902 illi
2762 851 3094 905 tribuerunt.
3129 853 3298 920 Cujus
3329 857 3406 909 rei
3444 871 3578 910 cau-

2002 951 2116 992 sam
2144 938 2391 992 invenire
2442 954 2551 992 non
2601 956 2848 1010 possunt,
2877 945 2981 998 nisi
3011 945 3158 1014 quod
3209 945 3577 1020 Hieronymus

2000 1039 2260 1100 suscepto
2315 1032 2580 1089 adversus
2633 1033 2920 1106 Origenem
2981 1039 3129 1102 odio,
3176 1049 3405 1097 cunctos
3454 1043 3575 1112 ejus
3635 1024 3641 1030 I

2001 1119 2316 1189 dogmatum
2348 1122 2688 1190 defensores,
2743 1142 2806 1182 ac
2840 1130 3110 1199 praecipue
3144 1130 3440 1188 Eusebium
3469 1151 3574 1189 no-

1999 1224 2172 1268 strum
2203 1216 2493 1272 immodice
2516 1226 2601 1272 est
2625 1228 2963 1288 persecutus.
2997 1220 3296 1278 Fatendum
3345 1225 3568 1295 quidem

1999 1313 2101 1368 est,
2135 1303 2430 1361 Eusebium
2480 1315 2754 1375 nostrum,
2806 1312 2910 1366 etsi
2953 1311 3278 1370 Arianorum
3338 1317 3568 1387 signifer

2011 1397 2338 1451 meritodici
2371 1413 2480 1452 non
2512 1401 2704 1470 possit,
2741 1409 2920 1455 tamen
2965 1418 3087 1457 cum
3138 1405 3464 1461 Arianorum
3497 1409 3572 1463 si-

1998 1486 2224 1558 gniferis
2254 1497 2375 1559 post
2401 1490 2674 1546 Niczenam
2719 1493 2983 1563 synodum
3013 1503 3272 1564 perpetuo
3293 1505 3570 1552 versatum

1999 1580 2189 1644 tuisse,
2217 1588 2270 1635 et
2296 1598 2402 1636 una
2431 1598 2553 1637 cum
2584 1584 2690 1638 illis
2752 1584 3101 1655 impugnasse
3136 1587 3432 1642 catholicos
3456 1588 3573 1658 epi-

1999 1685 2216 1742 scopos,
2255 1672 2599 1729 Eustathium
2628 1675 2836 1731 scilicet
2869 1685 2924 1730 et
2964 1677 3344 1739 Athanasium,
3379 1679 3573 1748 praeci-

2000 1777 2138 1831 puos
2174 1763 2436 1819 Honocsn
2483 1765 2822 1820 defensores.
2860 1764 2995 1821 lllud
3035 1783 3256 1838 quoque
3310 1769 3366 1822 in
3400 1769 3570 1827 Euse-

1924 1844 1967 1898 Β
1996 1855 2087 1909 liio
2115 1857 2620 1924 reprehendendum
2641 1859 2876 1922 videtur,
2896 1859 3043 1927 quod
3070 1859 3196 1914 licet
3212 1862 3568 1915 aeternitatem

1995 1943 2118 2000 Filii
2160 1945 2255 2001 Dei
2279 1946 2542 2003 adversus
2564 1947 2800 2004 Arianos
2833 1964 3047 2018 semper
3104 1953 3422 2012 asseruerit,
3459 1951 3570 2006 Ho-

1993 2046 2173 2086 nousn
2202 2039 2384 2088 tamen
2433 2051 2620 2089 vocem
2653 2051 2930 2106 nunquam
2967 2053 3034 2091 ex
3067 2040 3251 2094 animo
3293 2041 3562 2110 probavit.

1992 2119 2152 2175 Certe
2182 2137 2283 2176 nec
2309 2122 2365 2176 in
2397 2123 2553 2177 libris
2588 2135 2773 2176 contra
2807 2123 3259 2188 Marcellum,nec
3282 2129 3336 2182 in
3363 2129 3567 2185 oratio-

1993 2212 2154 2267 nibus
2183 2213 2247 2267 de
2276 2213 2378 2284 ﬁde
2417 2213 2666 2268 adversus
2713 2214 3026 2282 Sabellium,
3064 2231 3129 2271 ea
3159 2233 3290 2272 voce
3326 2235 3565 2290 unquam

1995 2319 2126 2359 usus
2155 2313 2260 2359 est.
2285 2303 2400 2360 lino
2446 2320 2576 2360 vero
2603 2306 2660 2359 in
2719 2306 2858 2362 libro
2903 2307 3144 2362 secundo
3183 2307 3429 2365 adversus
3458 2310 3564 2366 Sa-

1992 2395 2230 2462 bellium,
2256 2412 2366 2450 non
2399 2397 2634 2452 obscure
2665 2397 2935 2468 significat
2972 2414 3093 2453 eam
3125 2415 3334 2464 vocem,
3377 2411 3565 2471 utpote

1993 2504 2113 2558 quae
2144 2489 2201 2543 in
2235 2487 2534 2558 Scripturis
2572 2506 2681 2545 non
2716 2490 2949 2561 legatur,
2981 2491 3084 2546 sibi
3128 2491 3437 2563 displicere.
3473 2493 3565 2547 Sic

1991 2578 2134 2634 enim
2162 2578 2239 2632 ait
2267 2598 2281 2635 :
2322 2578 2468 2634 Sicut
2497 2595 2616 2650 ergo
2647 2580 2712 2634 de
2730 2581 2812 2634 his
2844 2597 2960 2650 qua:
2977 2591 3195 2649 possunt
3224 2585 3390 2652 qua’ri
3419 2585 3563 2639 iner-

1993 2668 2121 2721 tium
2144 2680 2221 2724 est
2249 2686 2352 2723 non
2373 2687 2603 2740 quaerere
2627 2688 2644 2724 :
2676 2673 2754 2724 ita
2783 2671 2846 2724 de
2873 2672 2953 2725 his
2983 2688 3098 2742 qua:
3121 2689 3224 2727 non
3263 2690 3466 2728 necesse
3486 2684 3565 2728 est

1989 2762 2174 2831 quwri,
2207 2762 2436 2817 audacia
2464 2773 2541 2817 est
2563 2763 2849 2832 quaerendi.
2886 2764 3016 2829 Qua;
3044 2780 3167 2836 ergo
3205 2766 3390 2819 debent
3414 2784 3561 2836 quiec

1991 2851 2036 2904 ri
2050 2851 2226 2918 ?Qua:
2258 2855 2546 2908 invenimus
2568 2855 2622 2908 in
2679 2854 2968 2924 Scripturis
3008 2859 3201 2923 posita.
3239 2859 3370 2925 Quae
3385 2870 3562 2915 autem

1989 2943 2046 2997 in
2074 2943 2361 3014 Scripturis
2386 2963 2488 3000 non
2522 2948 2832 3013 invenimus,
2864 2966 2966 3002 non
2988 2967 3304 3017 quwramus.
3343 2950 3403 3008 Si
3423 2955 3560 3007 enim

1992 3047 2251 3104 oporteret
2280 3039 2428 3094 nobis
2456 3057 2569 3094 esse
2594 3043 2826 3111 cognita,
2859 3045 3036 3111 utique
3062 3042 3292 3116 Spiritus
3347 3053 3561 3098 sanctus

1988 3130 2243 3196 posuisset
2268 3131 2322 3183 in
2372 3131 2683 3199 Scripturis.
2725 3132 2790 3184 Et
2835 3133 3129 3202 aliquando
3171 3143 3294 3203 post
3326 3135 3440 3189 haec
3465 3137 3562 3188 ha-

1990 3220 2081 3274 bet
2115 3239 2126 3272 :
2168 3220 2290 3274 Non
2332 3221 2409 3274 ita
2461 3221 2837 3290 periclitemur,
2882 3224 2971 3276 sed
3025 3233 3131 3278 tute
3172 3226 3468 3294 loquamur.
3500 3226 3563 3280 Si

1988 3310 2112 3381 quid
2134 3320 2310 3364 autem
2339 3314 2593 3381 scriptum
2620 3321 2720 3377 est,
2758 3329 2819 3366 ne
2842 3311 3098 3366 deleatur.
3142 3315 3200 3368 In
3245 3317 3350 3372 fine
3378 3325 3558 3373 autem

1989 3402 2256 3456 orationis
2304 3403 2379 3456 ita
2427 3403 2708 3472 loquitur:
2748 3403 2880 3469 Quae
2919 3405 3113 3470 scripta
3139 3415 3260 3457 sunt
3303 3406 3482 3470 dicito,
3507 3415 3557 3460 et

1987 3494 2374 3564 derelinquetur
2405 3495 2488 3548 lis.
2518 3493 2728 3560 Quibus
2762 3496 2942 3549 verbis
2969 3493 3280 3551 Houousroa‘
3310 3498 3428 3552 sine
3451 3498 3556 3551 du-

1989 3585 2079 3640 bio
2106 3587 2427 3656 perstringit
2461 3585 2751 3642 Eusebius.
2790 3585 2896 3641 Sed
2948 3602 3120 3654 nunc,
3151 3588 3197 3642 si
3243 3590 3439 3658 placet,
3466 3605 3557 3641 ve-

1987 3687 2162 3734 terum
2197 3680 2264 3734 de
2297 3678 2533 3735 Eusebio
2564 3680 2878 3735 testimonia
2930 3680 3236 3735 audiamus.
3267 3679 3326 3734 In
3357 3679 3555 3750 quibus

1987 3773 2118 3827 illud
2146 3773 2383 3828 maxime
2414 3773 2813 3827 observandum
2849 3782 2951 3837 est,
3001 3773 3104 3828 etsi
3143 3774 3290 3827 varia
3337 3772 3557 3830 fuerunt

1984 3866 2266 3920 hominum
2296 3864 2365 3920 de
2397 3865 2635 3920 Eusebio
2661 3871 2850 3919 nostro
2892 3865 3115 3934 judicia,
3164 3863 3309 3935 quod
3334 3865 3555 3936 quidem

1984 3965 2194 4027 spectat
2239 3957 2307 4011 ad
2357 3957 2855 4012 ccclesiasticorum
2895 3955 3207 4026 dogmatum
3240 3954 3553 4025 puritatem,

1984 4067 2175 4106 omnes
2208 4061 2389 4106 tamen
2429 4064 2658 4104 summa:
2691 4047 3012 4103 eruditionis
3047 4047 3258 4102 laudem
3287 4063 3394 4103 uno
3423 4061 3557 4102 con-

1984 4158 2148 4198 sensu
2184 4143 2234 4197 ei
2284 4142 2560 4197 tribuisse.
2591 4139 2746 4195 Unus
2793 4139 3016 4194 Patrum
3052 4140 3312 4194 memoria
3346 4139 3556 4193 exstitit

1981 4234 2254 4305 Iosephus
2303 4233 2567 4304 Scaliger,
2599 4234 2692 4303 qui
2748 4231 3015 4302 prtecipiti
3046 4231 3280 4301 quadam
3325 4230 3554 4285 audacia

1984 4344 2049 4383 ac
2088 4326 2448 4384 maledicendi
2490 4326 2713 4380 libidine
2763 4326 3042 4393 abreptus,
3103 4324 3244 4377 hanc
3295 4322 3556 4376 doctrina!

1983 4423 2233 4492 gloriam,
2251 4434 2414 4489 quam
2434 4433 2534 4472 nec
2544 4414 3086 4471 adversariiEusebio
3100 4428 3334 4483 unquam
3349 4411 3556 4466 invide-

314 4509 580 4579 synodum
606 4523 864 4584 perpetuo
892 4514 1202 4569 damnavit?
1259 4514 1533 4586 Legantur
1581 4517 1704 4586 ejus
1755 4516 1876 4571 libri
1909 4533 1958 4590 υ
1984 4523 2131 4576 runt,
2158 4512 2208 4566 ei
2233 4511 2474 4565 adimere
2499 4517 2729 4565 conatus
2759 4515 2861 4562 est.
2888 4506 3020 4576 Ejus
3042 4506 3203 4560 verba
3233 4509 3281 4559 si
3309 4503 3432 4572 quis
3457 4517 3556 4556 eu-

313 4601 391 4657 De
410 4605 760 4660 ecclesiastica
797 4607 1075 4679 theologia,
1122 4625 1259 4679 quos
1322 4617 1510 4665 contra
1558 4610 1872 4665 Marcellum

312 4697 534 4766 scripsit
562 4698 657 4752 diu
706 4707 830 4769 post
857 4702 1151 4756 concilium
1188 4701 1490 4757 Nicenum.
1530 4702 1878 4760 inveniemus

309 4789 362 4842 id
395 4787 541 4858 quod
572 4789 704 4854 dixi,
738 4789 1021 4849 damnatos
1055 4793 1122 4846 ab
1167 4809 1232 4849 eo
1274 4793 1444 4849 fuisse
1492 4795 1582 4864 qui
1633 4795 1880 4850 dicerent

309 4879 506 4934 Filium
533 4878 632 4936 Dei
659 4881 730 4936 de
756 4897 865 4936 non
891 4885 1237 4941 exstantibus
1269 4900 1394 4941 esse
1415 4886 1640 4948 factum,
1665 4894 1718 4942 et
1741 4886 1879 4943 fuis-

310 4987 369 5025 se
393 4978 608 5040 tempus
647 4987 772 5026 cum
800 4989 908 5029 non
945 4982 1115 5031 esset.
1147 4974 1296 5030 Idem
1343 4976 1507 5032 etiam
1547 4978 1615 5033 de
1641 4977 1878 5034 Eusebio

309 5069 544 5118 testatur
577 5062 908 5122 Athanasius
966 5067 1023 5121 in
1055 5066 1299 5137 Epistola
1341 5068 1406 5123 de
1431 5067 1651 5124 decretis
1689 5070 1878 5140 synodi

313 5152 547 5211 Nicaena:
575 5157 661 5214 his
715 5159 928 5214 verbis:
970 5159 1039 5232 Et
1066 5161 1300 5230 profecto
1331 5162 1516 5230 infelix
1561 5163 1616 5216 in
1662 5179 1722 5216 eo
1752 5163 1873 5233 fuit.

317 5241 385 5296 Ut
410 5245 548 5298 enim
575 5249 799 5318 seipsum
828 5259 1098 5319 purgaret,
1128 5253 1394 5305 accusavit
1425 5250 1662 5320 deinceps
1715 5253 1876 5304 Aria-

311 5353 426 5399 nos,
456 5339 594 5408 quod
622 5357 739 5394 cum
775 5341 1007 5396 dicerent
1049 5341 1251 5397 Filium
1303 5343 1403 5398 Dei
1464 5361 1566 5398 non
1615 5345 1879 5399 exstitisse

311 5422 589 5497 antequam
629 5431 946 5500 gigneretur,
971 5432 1067 5485 hoc
1094 5443 1248 5503 pacto
1276 5444 1521 5504 negarent
1551 5452 1666 5489 eum
1716 5437 1880 5489 exsti-

312 5519 436 5573 tisse
493 5532 613 5575 ante
651 5523 1090 5578 incarnationem.
1152 5523 1218 5577 Et
1267 5525 1600 5581 Athanasius
1635 5527 1875 5596 quidem,

310 5610 401 5679 qui
451 5613 691 5680 privatas
741 5615 1057 5671 inimicitias
1100 5631 1222 5670 cum
1254 5615 1489 5672 Eusebio
1546 5620 1736 5688 gessit,
1774 5619 1879 5672 hoc

312 5699 545 5757 Eusebio
599 5705 844 5773 perhibet
889 5707 1280 5761 testimonium.
1340 5705 1702 5776 Hieronymus
1750 5723 1879 5760 vero

310 5793 400 5864 qui
432 5795 611 5849 nullas
661 5796 772 5852 odii
831 5813 1026 5854 causas
1056 5798 1319 5854 adversus
1387 5798 1678 5854 Eusebium
1709 5799 1878 5853 habe-

1982 4607 2062 4676 pit
2101 4620 2449 4676 cognoscere,
2485 4605 2625 4658 inter
2646 4601 2956 4658 testimonia
2998 4608 3240 4655 veterum
3273 4597 3554 4652 collocavi-

1979 4714 2149 4754 mus:
2203 4713 2314 4752 non
2347 4695 2491 4764 quod
2526 4694 2646 4763 ejus
2693 4692 2963 4763 judicium
3015 4691 3117 4744 hac
3171 4685 3551 4758 prazsertimin

1981 4800 2139 4861 parte
2198 4791 2382 4860 magni
2439 4787 2706 4842 faciamus
2726 4825 2741 4850 ,
2787 4783 2882 4840 sed
2911 4797 2976 4837 eo
3002 4783 3185 4852 potius
3210 4778 3460 4837 consilio,
3493 4785 3552 4828 ut

1979 4884 2291 4952 importuna
2319 4881 2441 4950 ejus
2471 4876 2848 4934 maledicentia
2881 4875 3124 4928 omnium
3185 4871 3356 4926 oculis
3379 4867 3551 4936 subji-

1979 4985 2215 5031 ceretur.
2247 4973 2351 5039 Qui
2381 4987 2506 5026 cum
2565 4971 2621 5028 in
2652 4967 2970 5025 Chi-unicum
3032 4963 3253 5019 Eusebii
3285 4960 3552 5016 Cononem

1979 5069 2414 5126 Commentarios
2441 5065 2684 5121 scribere
2726 5061 3074 5122 instituisset,
3132 5059 3186 5111 in
3223 5058 3343 5128 ipso
3363 5054 3548 5124 operis

1978 5161 2204 5219 exordio
2238 5158 2585 5231 reprehendit
2617 5157 3031 5227 Hieronymum,
3064 5151 3208 5221 quod
3255 5147 3547 5208 Eusebium

1978 5255 2156 5309 virum
2182 5251 2613 5308 eruditissimum
2640 5243 3006 5318 appellaverit.
3035 5246 3113 5294 Ac
3135 5240 3401 5310 principio
3427 5240 3549 5308 qui-

1979 5346 2101 5402 dem
2141 5354 2436 5400 statueram
2487 5343 2748 5396 adversus
2803 5337 3135 5405 Scaligerum
3163 5332 3410 5403 pluribus
3435 5331 3550 5384 dis-

1980 5449 2190 5508 putare,
2221 5435 2446 5504 ejusque
2503 5430 2824 5489 sententiam
2852 5427 3131 5497 prolixiori
3193 5423 3553 5494 responsione

1980 5530 2311 5584 subvertere.
2339 5526 2444 5580 Sed
2495 5521 2751 5592 quoniam
2791 5535 2854 5574 ea
2900 5532 2987 5572 res
3022 5517 3242 5587 majoris
3294 5523 3378 5570 est
3426 5513 3549 5573 otii,

1980 5637 2044 5675 ac
2094 5622 2325 5677 fortasse
2369 5617 2588 5670 taedium
2641 5613 2871 5664 allatura
2945 5617 3090 5664 esset
3149 5607 3464 5669 lectoribus,
3491 5603 3551 5658 in

1981 5713 2126 5766 aliud
2157 5719 2369 5779 tempus
2394 5704 2754 5778 apportunius
2782 5703 3086 5762 differetur.
