4126 6456
943 651 1520 744 VETERUM
1599 641 2348 738 TESTIMONIA
2419 640 2660 735 PRO
2737 641 3301 734 EUSEBIO.

732 1009 816 1050 Ea:
861 996 1083 1064 epistola
1113 993 1446 1048 Constantini
1485 991 1668 1061 Magni
1699 993 1768 1047 ad
1791 991 2164 1058 Antiochenos,
2197 1010 2355 1063 quam
2381 992 2538 1063 refert
2565 991 2822 1048 Eusebius
2847 993 2902 1046 in
2927 990 3042 1060 ejus
3073 990 3216 1058 Vita,
3249 1007 3370 1062 pag.
3397 991 3524 1046 516.

559 1138 772 1195 Fateor
803 1141 946 1196 enim
979 1140 1272 1212 perlegisse
1317 1153 1402 1192 me
1433 1137 1566 1190 Acta
1597 1133 1874 1204 inquibus
1905 1148 1969 1188 ex
2001 1131 2317 1188 honoriﬁcis
2361 1131 2688 1186 testimoniis
2715 1147 2779 1188 ac
2811 1135 3101 1204 praeconiis
3143 1139 3339 1196 vestris
3369 1140 3422 1194 in
3457 1137 3756 1196 Eusebium

499 1237 896 1292 Cmsarieusem
937 1238 1275 1306 episcopum,
1309 1248 1468 1302 quem
1501 1245 1602 1300 ego
1625 1245 1842 1299 quoque
1865 1237 1919 1284 et
1947 1227 2208 1283 doctrina:
2241 1235 2296 1282 ct
2321 1227 2600 1284 modestia:
2637 1242 2802 1282 causa
2829 1229 3150 1296 jamdudum
3185 1235 3352 1304 probe
3393 1236 3538 1294 novi,
3571 1249 3668 1290 vos
3699 1235 3754 1289 in

499 1347 624 1386 eum
657 1345 954 1401 propensos
981 1345 1122 1390 esse,
1151 1341 1383 1396 eumque
1415 1325 1570 1380 vobis
1595 1325 1877 1378 vindicare
1909 1325 2046 1378 velle
2077 1323 2340 1393 comperi.
2379 1321 2448 1376 Et
2491 1324 2650 1392 paulo
2681 1331 2838 1392 post:
2881 1321 3142 1394 Equidem
3177 1327 3354 1380 virum
3387 1329 3540 1382 illum
3591 1341 3754 1397 quem

499 1439 599 1478 vos
628 1431 682 1477 et
717 1423 922 1476 honore
951 1432 1002 1476 et
1033 1420 1406 1476 benevolentia
1431 1419 1656 1488 dignum
1683 1417 1966 1486 judicatis,
2001 1419 2296 1488 plurimum
2331 1415 2517 1471 laudo.
2549 1415 2666 1470 Non
2697 1426 2877 1470 tamen
2911 1417 3046 1472 adeo
3069 1417 3273 1489 despici
3291 1427 3505 1491 oportet
3533 1419 3586 1474 id
3609 1421 3756 1492 quod

501 1513 642 1585 apud
677 1513 920 1582 singulos
953 1521 1130 1566 ratum
1168 1511 1494 1582 ﬁrmumque
1517 1527 1734 1566 manere
1762 1509 2048 1571 debuerat,
2083 1518 2141 1562 ut
2163 1509 2363 1580 singuli
2401 1511 2641 1564 contenti
2679 1525 2786 1562 non
2817 1511 2926 1564 sint
2957 1513 3244 1568 sententiis
3277 1513 3412 1576 suis,
3443 1521 3548 1566 etc.

498 1628 584 1684 Ea:
625 1627 858 1698 ejusdem
911 1627 1252 1684 Constantini
1295 1627 1364 1681 ad
1419 1625 2308 1749 Eusebiumepistolakaqfabfgm
2336 1625 2555 1690 laudat,
2599 1625 2736 1696 quod
2777 1627 3154 1682 Antiochenam
3195 1627 3366 1682 sedem
3417 1629 3752 1694 recusaverit,

1981 1712 2101 1764 pag.
2149 1712 2273 1750 om.

564 1815 862 1886 Epistolam
891 1824 1042 1872 tuam
1073 1817 1276 1888 smpius
1323 1815 1450 1885 legi,
1493 1823 1548 1870 et
1586 1815 1970 1871 ecclesiasticae
1997 1814 2300 1885 disciplina:
2351 1815 2596 1884 regulam
2655 1817 3072 1873 accuratissime
3125 1818 3472 1874 observatam
3506 1833 3536 1872 a
3567 1826 3620 1874 te
3649 1833 3756 1874 co-

495 1910 676 1980 gnovi.
709 1908 866 1962 Enim
895 1925 1029 1964 vero
1061 1910 1118 1964 in
1147 1925 1210 1963 ea
1235 1911 1506 1964 sententia
1529 1915 1794 1978 perstare,
1823 1923 1945 1978 quin
1975 1915 2028 1962 et
2053 1907 2164 1962 Deo
2193 1917 2438 1977 accepta,
2466 1915 2520 1962 et
2539 1907 2852 1978 apostolica:
2877 1911 3156 1966 traditioni
3183 1925 3426 1982 congrua
3444 1927 3566 1968 esse
3587 1909 3762 1964 videa-

497 2010 622 2062 ιιιτν
675 2019 902 2060 summa:
927 2003 1148 2073 pietatis
1194 2015 1298 2060 est.
1342 2002 1422 2056 Tu
1451 2003 1670 2072 quidem
1707 2003 1924 2056 beatum
1957 2011 2008 2056 te
2039 2003 2094 2056 in
2146 2003 2250 2058 hoc
2293 2002 2410 2072 ipso
2439 2003 2756 2058 existimare
2787 2005 2978 2067 debes,
3011 2005 3106 2074 qui
3140 2004 3312 2058 totius
3361 2001 3756 2072 propemodum

495 2089 647 2145 orbis
677 2092 1014 2157 testimonio,
1037 2093 1234 2162 dignus
1255 2093 1524 2146 universae
1545 2091 1802 2146 Ecclesia:
1816 2091 2128 2162 episcopatu
2155 2091 2433 2160 judicatus
2461 2093 2560 2148 sis.
2579 2091 2712 2146 Nam
2735 2108 2858 2148 cum
2891 2109 3082 2150 omnes
3106 2103 3158 2150 te
3185 2093 3328 2166 apud
3349 2109 3408 2148 se
3435 2093 3754 2164 episcopum

495 2199 618 2242 esse
647 2187 912 2250 ambiant,
946 2187 1084 2240 banc
1110 2195 1259 2240 tuam
1303 2185 1614 2239 felicitatem
1647 2185 1766 2240 sine
1801 2185 2176 2238 controversia
2207 2183 2497 2254 adaugent.
2539 2183 2736 2238 Verum
2785 2186 3093 2241 rectissime
3127 2186 3254 2242 fecit
3301 2185 3588 2256 prudentia
3637 2195 3753 2250 tua,

496 2291 624 2344 quae
645 2287 700 2332 et
732 2277 992 2332 mandata
1023 2275 1141 2340 Dei,
1175 2285 1230 2332 et
1255 2277 1610 2346 apostolicam
1669 2285 1835 2345 atque
1883 2274 2316 2330 ecclesiasticam
2372 2275 2617 2346 regulam
2661 2276 2942 2332 custodire
2971 2279 3162 2332 statuit
3199 2295 3212 2346 ;
3243 2279 3614 2349 episcopatum
3641 2277 3758 2332 An-

497 2369 799 2424 tiochensis
833 2367 1092 2426 Ecclesiae
1137 2367 1448 2438 repudians,
1476 2377 1530 2424 et
1549 2368 1608 2422 in
1641 2383 1706 2422 eo
1739 2368 1922 2439 potius
1945 2381 2262 2438 permanere
2291 2367 2646 2435 desiderans,
2675 2385 2838 2440 quem
2873 2369 2966 2426 Dei
2991 2371 3308 2426 mandatum
3337 2374 3407 2428 ab
3437 2371 3594 2428 initio
3627 2387 3756 2430 sus-

497 2461 758 2534 cepisset.

1103 2575 1186 2630 Ex
1208 2575 1438 2645 ejusdem
1469 2574 1812 2632 Constantini
1833 2573 2058 2644 epistola
2085 2576 2154 2627 ad
2172 2575 2428 2644 synodum
2449 2575 2854 2643 Antiochenam,
2881 2594 3004 2650 pag.
3025 2579 3151 2634 519.

571 2694 702 2767 Legi
721 2695 930 2750 litteras
959 2709 989 2748 a
1027 2703 1208 2750 vestra
1229 2694 1517 2748 sanctitate
1541 2691 1801 2762 scriptas,
1825 2697 1880 2746 et
1915 2689 2132 2744 Eusebii
2166 2690 2384 2760 collega:
2416 2691 2586 2746 vestri
2618 2691 2860 2761 prudens
2883 2695 3220 2764 propositum
3243 2695 3480 2752 laudavi.
3513 2697 3762 2768 Cumque

505 2798 704 2847 cuncta
751 2803 870 2860 quae
903 2793 1054 2859 gesta
1106 2795 1256 2853 sunt,
1311 2787 1510 2855 partim
1546 2799 1612 2838 ex
1645 2783 1864 2844 vestris,
1927 2781 2124 2851 partim
2165 2797 2230 2834 ex
2281 2781 2804 2849 perfectissimorum
2850 2785 3134 2852 vivorum,
3185 2787 3368 2841 Acacii
3417 2795 3471 2844 et
3503 2787 3760 2860 Strategii

511 2885 771 2942 comitum
802 2883 996 2936 litteris
1029 2881 1430 2950 cognovissem,
1465 2891 1692 2944 remque
1725 2883 1786 2927 ut
1836 2872 2063 2927 decebat
2092 2881 2348 2928 accurate
2377 2875 2760 2944 expendissem
2781 2919 2795 2942 ,
2841 2877 3038 2948 scripsi
3069 2879 3136 2932 ad
3171 2879 3430 2948 populum
3464 2881 3760 2936 Antioche-

505 2996 661 3045 num,
689 2977 818 3050 quid
847 2975 959 3032 Deo
989 2982 1271 3044 acceptum
1307 2979 1360 3025 et
1391 2969 1650 3024 Ecclesiae
1691 2981 1990 3036 congruum
2021 2975 2186 3020 esset.
2224 2963 2354 3034 Ejus
2404 2966 2646 3035 epistola:
2694 2969 3006 3038 exemplum
3041 2969 3124 3024 bis
3155 2969 3350 3025 litteris
3383 2971 3578 3040 subjici
3625 2987 3764 3042 pra-

503 3079 642 3150 cepi,
705 3085 766 3132 ut
801 3090 899 3130 vos
934 3087 1267 3144 cognoscere
1301 3067 1547 3138 possitis,
1586 3063 1848 3134 quidnam
1881 3079 1980 3133 ego
2008 3063 2151 3132 juris
2201 3065 2411 3117 ratione
2441 3074 2768 3133 provocatus
2797 3065 3111 3134 scripserim
3158 3065 3224 3120 ad
3275 3067 3535 3137 pepulum
3569 3067 3762 3121 Antio-

495 3173 732 3228 chenum
767 3189 782 3225 :
819 3163 1263 3238 quandoquidem
1295 3161 1400 3213 hoc
1437 3157 1636 3211 litteris
1676 3155 1874 3210 vestris
1913 3154 2321 3218 continebatur,
2359 3161 2420 3208 ut
2466 3155 2622 3224 juxta
2671 3156 2857 3226 populi
2910 3161 2964 3209 et
2999 3153 3302 3224 prudentiae
3335 3165 3529 3212 vestra:
3561 3157 3760 3212 suﬂ'ra-

496 3266 644 3337 gium
673 3279 736 3318 ac
771 3263 1132 3320 voluntatem,
1195 3253 1468 3308 Eusebius
1521 3249 1908 3306 sanctissimus
1941 3249 2358 3304 Catsariensium
2395 3249 2686 3320 cpiscopus
2733 3249 3083 3304 Antiochense
3111 3249 3370 3306 Ecclesia:
3421 3253 3758 3322 priesideret,

495 3359 722 3430 ejusque
771 3367 960 3410 curam
1015 3349 1339 3418 susciperet.
1385 3343 1459 3399 Ac
1503 3343 1698 3398 littera:
1749 3343 1968 3414 quidem
2015 3341 2236 3397 Eusebii
2323 3341 2714 3396 ecclesiasticae
2755 3341 2860 3412 legi
2903 3343 3138 3398 maxime
3189 3343 3455 3400 inhaerere
3499 3345 3762 3402 videban-

498 3459 610 3513 tur,
650 3457 760 3503 etc.

671 3561 756 3616 Ea:
777 3559 1012 3630 ejusdem
1035 3556 1377 3614 Constantini
1410 3553 1478 3610 ad
1509 3552 1799 3607 Eusebium
1849 3551 2096 3622 epistola,
2131 3550 2186 3603 in
2207 3566 2312 3620 qua
2343 3549 2535 3604 librum
2565 3551 2710 3606 illius
2737 3549 2815 3608 De
2843 3551 3056 3607 Pascha
3083 3553 3293 3621 laudat,
3315 3571 3436 3627 pag.
3463 3557 3586 3614 543.

573 3679 841 3736 Eximiam
868 3687 1020 3734 tuam
1051 3677 1357 3733 doctrinam
1382 3683 1437 3731 et
1460 3674 1627 3732 studii
1657 3673 2064 3728 contentionem
2093 3673 2348 3742 equidem
2377 3687 2544 3742 supra
2566 3671 2792 3726 modum
2825 3671 3129 3728 admiratus
3157 3691 3300 3740 sum,
3321 3677 3534 3750 legique
3565 3679 3764 3736 librum

499 3779 660 3832 tuum
701 3774 1065 3846 perlibenter:
1127 3780 1295 3841 utque
1325 3769 1380 3823 in
1407 3769 1700 3822 multorum
1731 3765 1825 3836 qui
1855 3765 2052 3819 divinae
2099 3765 2380 3835 religionis
2403 3765 2810 3820 observantiam
2852 3768 3064 3822 sincere
3093 3767 3436 3840 proﬁtentur,
3471 3785 3668 3828 manus
3698 3787 3764 3826 ac

503 3867 752 3924 notitiam
792 3866 1123 3938 perveniret,
1153 3862 1618 3935 quemadmodum
1677 3869 1988 3930 Optaveras,
2041 3858 2314 3914 mandavi.
2351 3859 2488 3913 Cum
2521 3859 2684 3930 igitur
2719 3860 2990 3932 intelligas
3017 3901 3033 3926 ,
3087 3871 3292 3934 quanta
3328 3879 3452 3918 cum
3489 3869 3768 3937 voluptate

505 3961 818 4032 hujusmodi
850 3973 1079 4016 munera
1109 3975 1140 4013 a
1170 3959 1392 4015 solertia
1425 3963 1518 4010 tua
1550 3955 1709 4010 llOblS
1737 3954 1920 4010 oblata
1968 3955 2323 4024 suscipimus,
2360 3969 2492 4010 cura
2532 3962 2593 4008 ut
2633 3953 3096 4025 frequentior-ibus
3145 3959 3376 4027 posthac
3421 3961 3768 4018 sermonibus

505 4051 708 4124 quibus
731 4059 786 4105 te
815 4051 1140 4105 innutritum
1170 4063 1294 4104 esse
1321 4045 1595 4118 proﬁteris
1615 4084 1630 4110 ,
1659 4045 1901 4100 animum
1933 4053 2185 4100 nostrum
2214 4045 2514 4101 exhilares.
3777 4053 3780 4056 '

651 4161 734 4216 Ea:
755 4163 980 4234 epistola
1000 4161 1236 4232 ejusdem
1262 4161 1601 4218 Constantini
1628 4161 1696 4214 ad
1723 4158 2004 4215 Eusebium
2042 4159 2106 4214 de
2145 4157 2482 4229 conﬁciendis
2505 4175 2676 4215 sacra!
2706 4159 2998 4231 Scriptum
3023 4163 3311 4230 codicibus,
3347 4183 3466 4238 pag.
3493 4167 3620 4224 διδ.

583 4275 768 4333 Visum
797 4285 881 4332 est
907 4277 1052 4331 enim
1083 4277 1136 4332 id
1167 4275 1474 4346 signiﬁcare
1504 4275 1807 4346 prudentia:
1857 4281 1996 4334 ture.
2029 4281 2088 4326 ut
2129 4275 2526 4346 quinquaginta
2561 4275 2780 4332 codices
2814 4277 3123 4332 divinarum
3161 4277 3596 4351 Scripturarum,
3623 4297 3762 4354 qua-

508 4386 626 4428 rum
651 4379 971 4442 apparatum
993 4377 1048 4426 et
1079 4385 1238 4426 usum
1269 4369 1502 4424 maxime
1533 4368 1906 4424 necessarium
1943 4365 2201 4422 Ecclesiae
2233 4383 2354 4422 esse
2391 4367 2669 4438 intelligis,
2699 4369 2754 4422 in
2795 4371 3130 4426 membranis
3159 4373 3327 4442 probe
3362 4375 3664 4444 apparatis,
3697 4375 3769 4432 ab

508 4467 610 4520 arti
623 4464 814 4520 ﬁcibus
847 4465 1174 4536 antiquariis
1201 4471 1431 4519 venuste
1463 4461 1740 4519 scribendi
1771 4461 2122 4533 peritissimis
2147 4459 2386 4516 describi
2411 4461 2598 4530 facias,
2625 4464 2720 4535 qui
2747 4471 2802 4520 et
2827 4465 2928 4536 legi
2954 4463 3146 4528 facile,
3178 4473 3232 4520 et
3273 4467 3340 4520 ad
3369 4483 3586 4524 omnem
3606 4483 3768 4522 usum

507 4561 852 4618 circumferri
883 4565 1117 4634 possint.

511 4677 596 4734 Ea:
619 4677 834 4734 Eusebii
876 4675 1300 4734 Nicomediensis
1323 4677 1548 4746 epistola
1575 4675 1644 4730 ad
1661 4675 1985 4748 _£aulinum
2015 4677 2314 4744 episcopum
2370 4675 2518 4748 Tyri,
2551 4693 2710 4748 quam
2761 4677 2922 4748 refert
2961 4675 3308 4732 Theodoritus
3333 4679 3386 4734 in
3415 4679 3552 4734 libro
3591 4679 3766 4748 primo

1661 4745 1915 4802 Historia:
1961 4749 2369 4812 ecclesiasticae,
2403 4745 2516 4816 cap.
2555 4745 2607 4804 5.

581 4868 695 4925 Nec
733 4867 941 4924 domini
973 4867 1081 4923 mei
1103 4866 1322 4922 Eusebii
1347 4879 1445 4936 pro
1467 4863 1666 4920 tuenda
1701 4865 1928 4918 veritate
1955 4864 2195 4919 studium
2231 4863 2454 4918 silentio
2479 4867 2800 4916 mandatum
2829 4869 2935 4928 est,
2963 4875 3064 4918 nec
3089 4867 3206 4928 tua,
3237 4859 3480 4928 domine,
3511 4863 3566 4918 in
3581 4863 3766 4919 eadem

511 4975 574 5017 re
597 4962 962 5017 taciturnitas.
989 4961 1070 5016 Ad
1100 4977 1200 5016 nos
1233 4964 1378 5018 enim
1408 4961 1475 5016 de
1509 4969 1742 5030 utroque
1775 4959 1916 5014 fama
1949 4961 2198 5030 pervenit
2233 4979 2247 5016 :
2285 4967 2338 5016 et
2381 4958 2530 5030 quod
2559 4971 2906 5027 consequens
2957 4963 3106 5022 erat,
3149 4955 3368 5014 Eusebii
3397 4957 3604 5014 domini
3661 4959 3770 5014 ιιπεί

513 5067 681 5109 causa
709 5052 972 5116 laetitiam,
1009 5057 1104 5106 tua
1135 5065 1264 5106 vero
1297 5050 1540 5105 dolorem
1569 5051 1838 5120 cepimus.

1199 5171 1286 5225 Ea:
1325 5171 1458 5224 libro
1483 5169 1676 5224 Basilii
1705 5167 1774 5222 ad
1807 5167 2228 5236 Amphilochium
2253 5167 2327 5222 De
2353 5165 2560 5240 Spiritu
2595 5175 2808 5232 sancto,
2833 5182 2946 5236 cap.
2983 5165 3074 5222 29.

590 5285 745 5352 Quod
766 5287 810 5341 si
830 5289 914 5342 cui
932 5287 1255 5344 Palaestinus
1269 5285 1539 5341 Eusebius
1555 5291 1774 5355 propter
1799 5285 2089 5338 multarum

2273 5285 2335 5338 El
2375 5283 2432 5338 δέ
2465 5303 2540 5355 τῳ
2587 5285 2680 5338 καὶ
2709 5287 2736 5339 ὁ
2777 5285 3129 5348 Παλαιστινὸς
3177 5285 3436 5350 Εὐσέϐιος
3467 5285 3773 5352 det.th

519 5393 706 5433 rerum
761 5379 1011 5448 peritiam
1073 5381 1304 5435 idoneus
1361 5378 1612 5442 videtur,
1671 5378 1758 5434 cui
1825 5377 2093 5432 habeatur

2199 5377 2286 5431 διὰ
2319 5376 2708 5450 πολυπειρίαν,
2747 5379 2998 5434 κάκείνου
3050 5379 3148 5444 τὰς
3191 5379 3366 5442 αὐτὰς
3427 5379 3607 5448 φωνὰς
3651 5381 3775 5434 ἑπι-

523 5465 680 5530 ﬁdes,
719 5467 866 5522 illius
916 5485 1131 5540 quoque
1174 5470 1394 5526 easdem
1431 5486 1594 5526 voces
1641 5469 1986 5526 ostendimus
2039 5473 2090 5524 in

2201 5471 2491 5542 δείκνυμεν
2523 5474 2582 5526 ὲν
2625 5475 2734 5538 τοῖς
2768 5473 3158 5546 ὲπαπυρήμασι
3191 5475 3331 5542 Περὶ
3379 5471 3492 5542 τῆς
3521 5472 3640 5530 τῶν
3665 5473 3769 5546 ἀρ-

520 5559 919 5631 quaestionibus
947 5559 1022 5615 De
1041 5563 1339 5630 priscorum
1359 5563 1662 5635 polygamia
1681 5561 1778 5636 (α).

1178 5579 1282 5616 :oru
1291 5581 1339 5616 nt
1359 5563 1662 5635 polygamia
1681 5561 1778 5636 (α).
2201 5566 2389 5632 xstle
2418 5565 2807 5636 πολυταμίας.

593 5739 671 5813 (α)
705 5738 880 5810 Hujus
905 5741 1026 5796 libri
1061 5744 1304 5800 meminit
1321 5743 1588 5802 Eusebius
1617 5746 1670 5800 in
1703 5745 1798 5802 lib.
1825 5762 1900 5800 vn
1937 5743 2379 5814 Prcparationis,
2403 5760 2524 5815 cap.
2553 5745 2604 5802 8.
