4126 6494
350 363 411 418 39
1315 353 1642 409 VETERUM
1679 353 2095 410 TESTIMONIA
2140 352 2277 411 PRO
2317 353 2630 412 EUSEBIO.
3039 395 3049 415 ι
3525 367 3592 420 70

491 475 573 529 Ex
603 474 738 529 libro
774 472 1146 538 Quasstionum
1179 469 1390 528 Veteris
1415 489 1477 527 ac
1502 471 1639 527 Novi
1674 471 2014 528 Testamenti
2047 474 2135 542 qui
2153 475 2290 530 inter
2330 475 2613 549 Augustini
2655 473 2826 544 Opera
2849 487 2926 531 est
2953 466 3146 556 editus,
3171 495 3288 549 cap.
3322 479 3442 534 123.

422 591 766 646 Meminimus
800 591 854 643 in
884 588 1119 657 quodam
1149 589 1332 644 libello
1365 589 1870 658 Eusebiiqnondam
1891 590 2092 659 egregii
2121 590 2176 644 in
2207 592 2432 662 reliquis
2453 593 2552 647 viri
2579 593 2795 663 legisse,
2823 594 2950 664 quia
2967 610 3068 650 nec
3091 593 3326 666 Spiritus
3357 604 3586 652 sanctus

349 683 494 736 sciat
523 681 842 752 mysterium
869 678 1176 734 Nativitatis
1210 677 1425 734 Domini
1450 680 1624 735 nostri
1650 678 1778 736 Jesu
1801 679 2026 745 Christi,
2061 687 2115 736 et
2140 681 2384 738 admiror
2415 690 2580 738 tantas
2612 685 2879 741 doctrina:
2912 685 3092 744 virum
3140 687 3281 741 hanc
3313 688 3590 742 maculam

346 771 579 842 Spiritui
612 781 804 829 sancto
831 769 1118 827 indixisse.

1105 884 1192 939 Ex
1244 885 1467 956 epistola
1495 886 1566 942 65
1595 885 1925 958 Hieronymi,
1979 888 2048 942 ad
2077 887 2480 944 Pammachium
2506 899 2556 945 et
2588 890 2874 948 Oceanum.

417 993 774 1055 Fortissimae
813 997 981 1052 libros
1010 1005 1196 1052 contra
1227 996 1584 1068 Porphyrium
1613 1000 1807 1054 scribit
1851 1001 2241 1071 Apollinarius,
2273 1003 2681 1059 ecclesiasticam
2711 1007 2937 1076 pulchre
2981 1008 3248 1067 Eusebius
3279 1007 3579 1062 Historiam

351 1093 542 1148 texuit.
574 1093 723 1147 Alter
745 1108 930 1148 eorum
963 1093 1300 1148 dimidiatam
1323 1093 1528 1150 Christi
1565 1095 1866 1151 introduxit
1902 1100 2260 1155 oeconomiam
2295 1118 2311 1168 ς
2337 1101 2472 1156 alter
2497 1102 2790 1172 impietatis
2822 1104 2938 1159 Arii
2968 1107 3351 1176 apertissimus
3375 1117 3587 1174 propu-

352 1193 542 1252 gnator
560 1193 660 1240 est.

1144 1275 1230 1332 Ea:
1256 1277 1590 1348 Apoloyetico
1618 1279 1851 1348 ejusdem
1883 1281 2194 1354 Hieronymi
2228 1283 2479 1338 adversus
2505 1283 2776 1355 Ruﬁnum.

413 1393 515 1448 Sex
539 1393 725 1458 libros,
760 1402 818 1449 ut
848 1402 972 1450 ante
1000 1394 1112 1464 jam
1142 1393 1277 1456 dixi,
1309 1393 1579 1450 Eusebius
1611 1395 1964 1453 Cmsariensis
1991 1399 2283 1469 episcopus
2311 1439 2325 1464 ,
2370 1397 2585 1455 Arianze
2623 1400 2896 1470 quondam
2921 1400 3148 1471 signifer
3178 1401 3447 1462 factionis,
3479 1416 3581 1472 pro

350 1489 580 1558 (lrigene
626 1490 867 1557 scripsit,
902 1491 1224 1546 latissimum
1253 1496 1307 1543 et
1339 1489 1675 1543 elaboratum
1705 1505 1879 1560 opus:
1914 1492 2099 1546 multis
2122 1493 2448 1547 testimoniis
2505 1493 2844 1562 approbavit,
2901 1491 3176 1563 Originem
3201 1493 3358 1564 juxta
3389 1508 3449 1550 se
3473 1493 3582 1550 Ca-

342 1581 622 1645 thoiicum,
669 1581 720 1636 id
747 1589 850 1646 est,
879 1581 1036 1651 juxta
1077 1595 1202 1645 nos,
1233 1579 1497 1634 Arianum
1533 1595 1678 1636 esse.

1709 1670 1794 1725 Ea:
1837 1671 2015 1726 eodem
2050 1673 2206 1729 libro.

408 1783 529 1852 lpse
554 1784 698 1838 enim
728 1783 1014 1849 Eusebius,
1043 1791 1253 1838 amator
1297 1791 1352 1838 et
1413 1796 1592 1852 ιιι-προ
1621 1789 1674 1837 et
1711 1785 2122 1840 contubernalis
2172 1785 2462 1859 Pamphili,
2507 1797 2616 1844 tres
2650 1788 2820 1843 libros
2853 1789 3076 1858 scripsit
3111 1790 3569 1860 elegantissimos,

338 1868 514 1927 Vitam
546 1872 812 1944 Pamphili
845 1875 1209 1929 continentes.
1243 1872 1297 1926 In
1330 1873 1531 1942 quibus
1564 1887 1687 1926 cum
1709 1880 1903 1927 caetera
1936 1873 2090 1929 miris
2117 1875 2368 1931 laudibus
2395 1876 2734 1944 praedicaret,
2763 1877 3233 1946 humilitatemque
3256 1878 3375 1945 ejus
3407 1875 3575 1930 ferret

335 1967 391 2020 in
439 1970 660 2034 emtum,
714 1971 877 2024 etiam
910 1969 1014 2022 hoc
1045 1969 1100 2022 in
1134 1968 1295 2022 tertio
1353 1967 1492 2021 libro
1539 1967 1768 2030 addidit,
1801 1975 1907 2022 etc.
1943 1966 2012 2021 Et
2035 1979 2152 2038 post
2174 1985 2344 2038 pauca
2370 1971 2426 2023 in
2459 1970 2638 2024 eodem
2669 1971 2838 2025 libro:
2908 1969 3148 2024 Laudavi
3192 1969 3485 2026 Eusebium
3515 1969 3574 2026 in

335 2059 710 2118 Ecclesiaslica
735 2063 993 2131 Historia,
1019 2066 1072 2118 in
1101 2064 1401 2133 digestione
1423 2072 1746 2132 temporum,
1771 2062 1825 2116 in
1855 2062 2216 2133 descriptione
2250 2073 2453 2120 sanctae
2483 2075 2640 2120 terrae
2666 2085 2680 2120 :
2707 2076 2761 2119 et
2791 2066 3036 2136 bzecipsa
3056 2067 3317 2136 opuscula
3340 2067 3395 2120 in
3424 2064 3576 2120 Lati-

333 2167 464 2209 num
493 2164 737 2223 vertens,
774 2170 906 2210 mea:
927 2155 1120 2225 lingua:
1142 2153 1450 2210 hominibus
1478 2153 1622 2208 dedi.
1639 2152 1786 2207 .Num
1812 2169 1876 2208 ex
1898 2167 1964 2209 eo
1986 2154 2219 2210 Arianus
2243 2171 2385 2219 sum,
2414 2157 2542 2225 quia
2575 2155 2845 2214 Eusebius
2870 2157 2964 2227 qui
2994 2157 3094 2212 bos
3117 2156 3286 2210 libros
3307 2155 3570 2220 condidit,

332 2244 570 2304 Arianus
598 2252 701 2302 est.

1311 2337 1396 2393 Ea:
1423 2338 1737 2409 Hieronymi
1770 2338 1904 2393 libro
1935 2336 1980 2391 ll
2022 2339 2283 2395 adversus
2316 2337 2593 2395 Ruﬁnum.

398 2451 496 2510 Vir
524 2453 873 2512 doctissimus
907 2453 1178 2510 Eusebius
1219 2453 1621 2524 (doctissimum
1654 2453 1788 2517 dixi,
1822 2469 1931 2508 non
1983 2453 2322 2509 Catholicum
2350 2497 2365 2522 ,
2398 2469 2468 2508 ne
2498 2469 2650 2509 more
2686 2454 2848 2509 solito
2887 2455 3020 2510 mihi
3050 2465 3103 2512 et
3130 2455 3186 2509 in
3219 2454 3325 2510 hoc
3355 2455 3567 2510 calum-

328 2549 472 2602 niam
518 2548 719 2617 struas)
750 2563 846 2618 per
894 2563 988 2604 sex
1019 2546 1293 2603 volumina
1324 2546 1461 2600 nihil
1492 2546 1638 2600 aliud
1687 2547 1829 2617 agit,
1887 2547 1990 2601 nisi
2041 2555 2099 2600 ut
2135 2549 2399 2618 originem
2435 2560 2550 2603 suae
2600 2548 2852 2602 ostendat
2901 2547 3019 2603 ﬁdei
3047 2589 3066 2616 ,
3109 2547 3164 2602 id
3213 2553 3302 2604 est
3351 2547 3568 2604 Arianae

327 2639 583 2710 perﬁdiae.

1163 2748 1249 2805 Ea:
1302 2749 1560 2804 Procemio
1588 2747 1714 2802 libri
1742 2748 1802 2804 Β.
1827 2748 2136 2821 Hieronymi
2167 2749 2241 2806 De
2265 2751 2402 2807 locis
2424 2750 2728 2812 Hebraicis.

393 2873 679 2940 Eusebius,
711 2873 858 2946 quia
892 2872 1050 2928 beato
1084 2870 1368 2940 Pamphilo
1405 2879 1647 2941 martyre
1677 2880 2097 2940 cognomentum
2128 2869 2356 2926 sortitus
2381 2878 2489 2936 est,
2516 2881 2639 2942 post
2669 2872 2858 2930 decem
2885 2871 3274 2930 Ecclesiasticar
3311 2871 3567 2930 Historia

319 2970 513 3034 libros,
546 2978 666 3041 post
697 2980 981 3038 temporum
1030 2965 1291 3031 Canones,
1323 2982 1461 3035 quos
1496 2981 1596 3021 nos
1639 2963 1835 3018 Latina
1891 2965 2077 3034 lingua
2105 2963 2399 3028 edidimus,
2431 2972 2556 3034 post
2583 2966 2927 3022 diversarum
2961 2968 3228 3023 vocabula
3259 2970 3567 3034 nationum,

322 3077 445 3131 qum
467 3077 576 3131 quo
617 3061 778 3116 modo
824 3058 965 3128 apud
1015 3055 1271 3112 Hebraeos
1311 3058 1439 3112 olim
1469 3058 1616 3112 dicta
1671 3057 1802 3122 sint,
1843 3063 1896 3110 et
1927 3071 2073 3110 nunc
2129 3055 2407 3121 dicantur,
2468 3058 2723 3126 exposuit
2757 3076 2773 3125 ;
2814 3069 2938 3130 post
2969 3061 3380 3131 topographiam
3406 3069 3568 3120 terra:

315 3153 540 3219 Judaue,
567 3164 622 3208 et
669 3153 958 3206 distinctas
989 3149 1231 3203 tribuum
1279 3157 1476 3214 sortes,
1527 3149 1703 3218 ipsius
1733 3163 1954 3218 quoque
1981 3146 2346 3212 Hierusalem,
2377 3149 2676 3218 templique
2709 3150 2764 3203 in
2793 3165 2859 3204 ea
2889 3165 3012 3204 cum
3046 3151 3368 3206 brevissima
3401 3168 3568 3222 expo-
3650 3182 3656 3189 ~

323 3247 521 3304 sitione
545 3248 835 3318 picturam,
866 3244 932 3299 ad
954 3251 1256 3300 extremum
1285 3245 1341 3298 in
1366 3249 1468 3299 hoc
1501 3244 1764 3313 opusculo
1813 3243 2101 3305 laboravit,
2128 3249 2188 3296 ut
2212 3251 2568 3315 congregaret
2613 3245 2771 3300 nobis
2800 3245 2868 3299 de
2910 3255 3100 3300 sancta
3129 3243 3414 3316 Scriptura
3447 3263 3566 3302 om-

320 3341 472 3392 nium
507 3352 645 3408 pene
673 3337 913 3400 urbium,
961 3335 1249 3397 montium,
1302 3332 1622 3399 ﬂuminum,
1671 3332 1976 3386 viculorum
2019 3341 2072 3387 et
2110 3331 2450 3388 diversorum
2488 3335 2733 3390 locorum
2764 3334 3027 3390 vocabula
3065 3353 3079 3389 :
3113 3351 3234 3407 qua:
3263 3338 3348 3392 vel
3373 3338 3564 3394 eadem

317 3438 559 3495 manent,
587 3430 668 3485 vel
704 3431 990 3484 immutata
1022 3435 1152 3484 sunt
1175 3435 1386 3499 postea,
1425 3427 1512 3484 vel
1543 3427 1725 3497 aliqua
1756 3443 1824 3482 ex
1856 3435 2008 3497 parte
2036 3435 2315 3498 corrupta.
2347 3426 2502 3485 Unde
2533 3439 2588 3485 et
2625 3446 2726 3486 nos
2758 3431 3094 3488 admirabilis
3134 3432 3239 3488 viri
3275 3441 3564 3506 sequentes

315 3529 575 3595 studium,
607 3536 711 3582 etc.

1101 3638 1187 3693 Ea:
1216 3639 1352 3694 libro
1396 3640 1462 3696 B.
1496 3638 1810 3710 Hieronymi
1843 3635 1918 3693 De
1955 3638 2318 3708 scriptoribus
2350 3640 2762 3696 ecclesiasticis.

379 3752 724 3828 Hippolytus,
746 3755 1029 3826 cujusdam
1060 3754 1317 3813 Ecclesiae
1349 3756 1638 3827 episcopus
1661 3754 1879 3827 (nomen
1909 3756 2110 3826 quippe
2139 3757 2292 3813 urbis
2323 3757 2466 3812 scire
2491 3772 2599 3812 non
2628 3753 2804 3827 potui)
2834 3755 3100 3809 rationem
3129 3752 3375 3817 Pascha,
3418 3761 3561 3810 tem-

314 3861 612 3918 porumque
641 3861 880 3904 canones
905 3847 1122 3918 scripsit
1145 3863 1320 3918 usque
1349 3847 1415 3902 ad
1444 3849 1679 3919 primum
1710 3863 1914 3902 annum
1944 3847 2238 3904 Alexandri
2264 3848 2397 3919 imp.
2440 3855 2495 3904 et
2527 3848 2764 3903 sedecim
2809 3861 3074 3901 annorum
3097 3846 3362 3901 circulum
3394 3862 3556 3916 quem

312 3933 482 3995 (ἓηοί
514 3937 1068 4008 ἐκκαιδεκαετηρίὸα
1107 3946 1339 4004 vocant,
1396 3939 1637 4010 reperit;
1666 3943 1719 3990 et
1744 3935 1941 3991 Eusebi

1928 3936 1980 3990 io
2008 3937 2282 4008 quisuper
2311 3938 2500 3993 eodem
2530 3936 2742 3991 Pascha
2772 3951 3036 3992 canonem
3064 3935 3248 3992 decem
3282 3942 3336 3990 et
3360 3951 3557 3993 novem

310 4045 576 4088 annorum
604 4032 893 4098 circulum,
927 4031 983 4088 id
1011 4040 1116 4099 est,
1157 4031 1720 4101 ὲννεαδεκαετηρίδα
1745 4045 1938 4102 compo

1038 4040 1116 4099 est,
1157 4031 1720 4101 ὲννεαδεκαετηρίδα
1745 4031 2075 4102 composuit,
2123 4031 2470 4088 occasionem
2499 4031 2667 4087 dedit.

1669 4146 1755 4201 Ea:
1809 4143 1990 4201 eodem
2035 4146 2191 4202 libro.

377 4265 668 4329 Eusebius,
695 4264 955 4320 Caesareae
987 4262 1288 4318 Palaestinae
1317 4263 1630 4334 episcopus,
1659 4264 1716 4318 in
1741 4262 2040 4337 Scripturis
2064 4264 2262 4319 divinis
2282 4261 2744 4325 studiosissimus,
2762 4267 2816 4316 et
2834 4258 3180 4315 Bibliotheca:
3203 4259 3401 4314 divinae
3422 4274 3548 4314 cum

309 4361 590 4432 Pamphilo
629 4368 866 4431 martyre
892 4358 1351 4430 diligentissimus
1393 4358 1811 4430 pervestigator,
1838 4360 2008 4415 edidit
2041 4357 2252 4414 inlinita
2283 4357 2578 4412 volumina.
2625 4357 2700 4410 De
2728 4357 2930 4427 quibus
2962 4356 3076 4409 haec
3131 4364 3259 4410 sunt
3295 4372 3310 4408 :
3358 4356 3552 4424 Εὐαγ-

309 4453 548 4524 τε.ιικ·ἦς
577 4452 936 4517 ἀποδείξεως
963 4451 1084 4511 Illyri
1117 4449 1328 4519 viginti,
1361 4449 1754 4518 εὐαγγελικῆς
1771 4458 1938 4518 Upon

1922 4447 2289 4519 ταρασκευῆς
2318 4448 2437 4502 libri
2471 4448 2804 4516 quindecim,
2833 4446 3190 4516 Θεοφανείας
3221 4445 3345 4500 libri
3385 4445 3551 4516 quin-

309 4561 434 4616 que.
471 4543 855 4598 Ecclesiasticce
894 4543 1147 4598 Historia:
1177 4540 1300 4595 libri
1343 4541 1553 4596 decem.
1606 4540 1984 4596 Chronicorum
2024 4559 2284 4596 canonum
2325 4542 2627 4596 omnimodo
2668 4541 2919 4605 historia,
2949 4547 3002 4594 et
3042 4553 3231 4594 eorum
3274 4535 3546 4606 ἐπιτομή.

309 4638 374 4693 Et
411 4637 489 4692 De
516 4635 916 4707 Evangetiorum
941 4634 1248 4705 diaphonia.
1284 4631 1348 4686 In
1373 4631 1576 4687 Isaiam
1611 4633 1732 4691 libri
1763 4634 1974 4700 decem,
1998 4643 2052 4689 et
2072 4644 2256 4689 contra
2276 4633 2646 4704 Porphyrium,
2668 4633 2761 4702 qui
2791 4631 2979 4688 eodem
3011 4638 3254 4701 tempore
3276 4628 3549 4684 scribebat

310 4737 368 4792 in
406 4733 616 4797 Sicilia,
644 4739 701 4786 ut
731 4731 950 4803 quidam
979 4739 1191 4802 putant,
1221 4730 1346 4784 libri
1373 4730 1634 4800 triginta;
1672 4728 1740 4784 de
1760 4731 1961 4801 quibus
1983 4731 2050 4786 ad
2081 4746 2167 4786 me
2198 4731 2390 4801 viginti
2439 4739 2650 4784 tantum
2685 4738 3068 4800 pervenerunt.
3112 4725 3374 4784 Τοπικῶν
3411 4725 3549 4781 liber

303 4847 478 4899 unus;
525 4828 867 4898 Ἀπολογίας
899 4843 998 4898 pro
1027 4824 1260 4897 Origene
1287 4825 1409 4880 libri
1438 4841 1570 4892 sex;
1607 4824 1686 4878 De
1728 4827 1834 4879 vita
1869 4826 2134 4896 Pamphili
2165 4827 2289 4881 libri
2318 4837 2448 4881 tres.
2482 4825 2559 4880 De
2583 4825 2906 4897 martyribus
2945 4825 3052 4879 alia
3079 4825 3365 4895 opuscula.
3397 4821 3462 4876 Et
3489 4822 3546 4878 in

300 4940 368 4982 cr.
396 4921 645 4977 Psalmos
698 4918 1053 4974 eruditissimi
1077 4917 1478 4973 Commentarii.
1517 4913 1583 4969 Et
1616 4915 1787 4970 multa
1825 4919 1952 4972 alia.
1985 4916 2196 4972 Floruit
2239 4920 2474 4972 maxime
2503 4919 2606 4973 sub
2631 4917 2994 4973 Constantino
3031 4919 3162 4988 imp.
3191 4924 3247 4972 et
3273 4916 3544 4972 Constan-

302 5019 412 5084 tio;
442 5013 596 5084 et_ob
645 5011 942 5064 amicitiam
980 5009 1246 5079 Pamphili
1275 5006 1555 5078 martyris,
1581 5007 1649 5062 ab
1683 5023 1749 5062 eo
1778 5021 2200 5078 cognomentum
2228 5009 2455 5065 sortitus
2475 5017 2577 5064 est.

1667 5119 1754 5173 Ex
1795 5122 1971 5176 eodem
2025 5121 2178 5174 libro.

373 5217 662 5286 Eusebius,
680 5215 903 5270 natione
931 5213 1160 5276 Sardus,
1188 5221 1242 5269 et
1262 5229 1326 5269 ex
1351 5212 1556 5267 lectore
1577 5211 1732 5266 urbis
1757 5209 2036 5275 Romanae,
2070 5210 2437 5267 Vercellensis
2468 5212 2788 5283 episcopus;
2828 5212 2901 5268 ob
2927 5212 3329 5268 confessionem
3358 5213 3483 5271 ﬁdei
3521 5235 3552 5275 a

299 5309 623 5366 Constantio
648 5309 893 5380 principe
928 5305 1298 5377 Scythopolim
1323 5313 1378 5359 et
1411 5304 1539 5358 inde
1563 5302 1964 5374 Cappadociam
1989 5307 2283 5376 relegatus,
2309 5305 2414 5360 sub
2439 5304 2808 5378 Julianoimp.
2839 5307 2906 5361 ad
2938 5305 3238 5362 Ecclesiam
3260 5323 3548 5382 reversus,

296 5404 468 5460 edidit
489 5405 547 5459 in
572 5403 821 5461 Psalmos
850 5403 1268 5459 Commentarios
1293 5400 1514 5457 Eusebii
1540 5398 1918 5464 Caesariensis,
1945 5417 2084 5471 quos
2109 5401 2177 5456 de
2203 5401 2391 5455 Graeco
2423 5403 2479 5455 in
2511 5399 2764 5456 Latinum
2790 5409 3045 5457 verterat.

963 5518 1114 5600 Idem
1137 5517 1493 5590 Hieronymus
1515 5521 1570 5574 in
1588 5520 1913 5590 Prtefatt'one
1933 5517 2464 5574 Commentariorum
2498 5523 2555 5573 in
2581 5518 2876 5574 Danielem.

363 5637 566 5693 Contra
590 5636 906 5708 prophetam
931 5636 1212 5692 Danielem
1245 5635 1630 5692 duodecimum
1661 5637 1858 5692 librum
1889 5635 2084 5690 scribit
2107 5633 2464 5706 Porphyrius,
2493 5635 2687 5690 nolens
2721 5649 2846 5690 eum
2884 5634 2953 5690 ab
2987 5635 3107 5705 ipso
3138 5635 3302 5706 cujus
3338 5632 3507 5694 inseri

296 5743 422 5801 pius
453 5738 538 5787 est
573 5731 813 5796 nomine,
839 5745 962 5788 esse
987 5729 1370 5798 compositum,
1404 5735 1509 5782 etc.
1536 5746 1551 5795 ;
1589 5729 1676 5782 cui
1701 5726 2056 5783 solertissime
2087 5726 2482 5794 responderunt
2517 5723 2805 5786 Eusebius.
2837 5727 3191 5782 Caesariensis
3222 5726 3518 5797 episcopub
