4126 6438
545 351 604 408 ‘Ii
1487 347 1820 405 VETERUM
1857 347 2276 404 TESTIMONIA
2315 349 2448 406 PRO
2485 347 2798 407 EUSEBIO.
3717 352 3786 406 τε

539 469 716 527 tribus
747 468 1138 531 voluminibus,
1168 469 1222 523 id
1251 475 1358 532 est,
1385 484 1544 534 xvut,
1579 485 1675 524 ιιι
1695 476 1750 524 et
1779 485 1866 522 xx.
1899 467 2264 536 Apollinarius
2293 483 2512 542 quoque
2545 485 2654 524 uno
2675 468 2866 542 grandi
2889 468 3046 534 libro,
3069 467 3174 524 hoc
3195 477 3300 534 est,
3323 468 3580 524 vicesimo
3605 475 3782 528 sexto,

539 577 594 620 et
629 573 752 620 ante
781 561 880 620 hos
911 580 976 620 ex
1001 575 1156 636 parte
1186 565 1513 622 Methodius.

1559 701 1706 756 Idem
1735 701 2084 772 Hieronymus
2113 701 2168 756 in
2199 709 2356 770 caput
2385 715 2516 755 utv
2543 697 2807 756 Matthwi.

611 814 688 872 De
715 817 822 872 hoc
849 818 991 880 loco.
1019 817 1074 872 id
1101 826 1187 872 est
1203 817 1270 872 de
1285 817 1686 874 abominatione
1713 815 2066 872 desolationis
2097 833 2220 887 quae
2247 815 2392 870 dicta
2425 821 2512 870 est
2539 830 2570 868 a
2601 813 2822 870 Daniele
2853 813 3120 884 propheta
3143 855 3158 878 ,
3197 821 3377 870 stante
3417 813 3474 868 in
3505 813 3628 868 loco
3659 825 3788 868 san-

538 917 648 976 cto,
693 913 860 966 multa
891 911 1228 984 Porphyrius
1257 915 1417 967 tertio
1443 913 1654 968 decimo
1681 913 1865 983 operis
1891 911 1978 966 sui
2009 912 2280 966 volumine
2307 919 2496 964 contra
2525 925 2626 964 nos
2655 908 3076 979 blasphemavit.
3145 907 3248 964 Cui
3277 907 3570 972 Eusebius.
3601 905 3786 962 Cassa-

541 1001 740 1058 riensis
767 1003 1076 1074 cpiscopus,
1107 1003 1280 1058 tribus
1303 1002 1578 1072 respondit
1611 1003 1980 1056 voluminibus
2005 1017 2160 1068 xvut,
2189 1017 2286 1055 xix
2315 1009 2368 1056 et
2391 1016 2484 1054 xx.

1661 1116 1810 1170 Idem
1839 1117 1892 1170 in
1911 1117 2136 1188 epistola
2169 1116 2260 1180 84,
2293 1116 2362 1168 ad
2387 1115 2662 1185 Magnum.

617 1227 965 1302 Scripserunt
1007 1240 1196 1286 contra
1232 1247 1330 1286 nos
1360 1230 1552 1286 Celsus
1613 1241 1776 1300 atque
1819 1229 2194 1302 Porphyrius:
2251 1227 2422 1298 priori
2475 1225 2790 1297 Origenes;
2833 1225 2988 1280 alteri
3041 1225 3384 1288 Methodius,
3419 1223 3684 1280 Eusebius
3715 1234 3774 1284 et

545 1325 912 1393 Apollinarius
970 1326 1264 1381 fortissime
1313 1327 1732 1396 responderunt.
1775 1325 2020 1392 Quorum
2051 1325 2312 1396 Origenes
2355 1331 2482 1378 octo
2521 1323 2743 1392 scripsit
2771 1323 2984 1378 libros:
3029 1321 3334 1378 Methodius
3371 1337 3546 1392 usque
3589 1323 3656 1376 ad
3687 1321 3786 1376 de-

541 1433 664 1470 cem
697 1417 862 1469 millia
899 1415 1140 1484 procedit
1167 1431 1470 1470 versuum:
1531 1415 1799 1471 Eusebius
1845 1423 1902 1470 et
1947 1415 2316 1486 Apollinarius
2347 1411 2540 1484 viginti
2587 1415 2828 1483 quinque
2877 1420 2932 1468 et
2983 1413 3206 1486 triginta
3261 1415 3538 1468 volumina
3589 1415 3784 1470 condi-

545 1507 762 1562 derunt.

1407 1615 1556 1672 Idem
1573 1619 1630 1674 in
1663 1619 1884 1686 epistola
1903 1619 1994 1682 65,
2021 1617 2090 1672 ad
2125 1617 2522 1674 Pammachium
2545 1629 2596 1675 et
2631 1618 2920 1676 Oceanum.

613 1725 750 1795 Quis
775 1729 1116 1799 prudentior.
1139 1730 1374 1800 doctior,
1421 1735 1763 1805 eloquentior
1797 1737 2030 1793 Eusebio
2055 1743 2109 1790 et
2139 1733 2388 1806 Didyme,
2419 1735 2784 1792 asaertoribus
2811 1733 3062 1806 Origeuis
3099 1735 3334 1791 inveniri
3372 1741 3554 1806 potest
3581 1733 3608 1790 τ
3637 1731 3786 1806 Quo-

543 1831 664 1873 rum
688 1821 823 1876 alter
846 1837 942 1878 sex
965 1823 1332 1882 voluminibus
1363 1829 1462 1900 τῆς
1491 1829 1834 1900 Ἀπολογίας
1863 1830 1937 1884 ita
1963 1845 2086 1886 eum
2108 1869 2122 1894 ,
2157 1836 2214 1882 ut
2243 1845 2320 1894 se,
2349 1831 2588 1886 sensisse
2611 1829 2916 1886 conﬁrmat.

1245 1959 1394 2014 Idem
1419 1959 1770 2033 Hieronymus
1800 1965 1854 2018 in
1885 1960 2209 2032 Prwfqtione
2233 1961 2760 2019 Commentariorum
2781 1962 2836 2016 in
2867 1959 3082 2018 Isaiam.

613 2087 883 2148 Eusebius
909 2107 1128 2165 quoque
1155 2092 1444 2165 Pamphili,
1471 2096 1626 2165 juxta
1653 2095 1968 2152 historicam
1995 2097 2432 2168 explanationem
2451 2095 2762 2168 quindecim
2793 2095 2966 2152 edidit
2991 2095 3290 2154 volumina.

1249 2205 1401 2263 Idem
1425 2208 1478 2262 in
1505 2207 1832 2277 Pro-latione
1863 2209 1989 2264 libri
2018 2209 2188 2280 quinti
2215 2209 2744 2264 Commentariorum
2771 2211 2826 2263 in
2859 2207 3078 2265 Isaiam.

617 2317 924 2377 Su-beamne
944 2337 1101 2393 opus,
1125 2323 1180 2377 in
1207 2324 1350 2394 quod
1383 2324 1485 2378 viri
1513 2325 1868 2382 eruditissimi
1897 2325 2270 2381 sudaverunt?
2293 2325 2582 2398 Origenem
2613 2327 2808 2398 loquor
2835 2333 2888 2382 et
2911 2325 3203 2382 Eusebium
3227 2323 3517 2396 Pamphili.
3535 2325 3784 2390 Quorum

547 2411 692 2468 alter
735 2412 920 2470 liberis
967 2415 1238 2487 allegoriae
1281 2415 1474 2485 spatiis
1517 2425 1822 2488 evagatur;
1884 2423 1940 2474 et
1969 2418 2338 2488 interpretatis
2366 2419 2682 2474 nominibus
2733 2419 3092 2490 singulorum,
3125 2419 3404 2488 ingenium
3439 2433 3598 2472 suum
3649 2417 3784 2472 facit

547 2501 812 2558 Ecclesia:
849 2513 1209 2560 sacramenta.
1243 2505 1394 2562 Alter
1423 2509 1738 2566 bistoricam
1765 2511 2160 2581 expositionem
2187 2513 2350 2568 titulo
2383 2513 2789 2584 repromittens,
2833 2513 3106 2568 interdum
3151 2497 3494 2566 obliviscitur
3523 2511 3782 2582 pepositi,

559 2605 612 2652 et
635 2597 690 2650 in
719 2594 969 2668 Origenis
999 2597 1135 2653 scita
1160 2599 1430 2656 concedit.

1430 2713 1578 2770 Idem
1595 2717 1650 2770 in
1679 2715 1811 2772 libro
1838 2718 2020 2788 quinto
2047 2717 2573 2774 Commentariorum
2599 2718 2658 2774 in
2683 2718 2904 2773 Isaiam.

615 2827 884 2885 Eusebius
937 2829 1294 2888 Cmsariensis
1345 2833 1665 2890 historicam
1720 2835 2224 2906 interpretationem
2254 2836 2415 2891 titulo
2461 2835 2852 2906 repromittens
2873 2875 2890 2900 ,
2923 2833 3156 2890 diversis
3186 2833 3442 2888 sensibus
3473 2839 3738 2900 evagatur
3767 2843 3784 2882 ε

539 2919 714 2989 Cujus
741 2939 864 2977 cum
903 2925 1074 2979 libros
1124 2927 1377 2996 legerem,
1413 2928 1560 2984 aliud
1589 2929 1763 2983 multo
1801 2931 1980 3000 reperi
2014 2945 2178 3000 quam
2217 2930 2394 2985 indice
2419 2929 2790 3000 promittebat.
2827 2927 3150 2998 Ubicunque
3170 2927 3313 2982 enim
3351 2925 3577 2980 historia
3627 2921 3778 2976 defe-

541 3015 700 3076 cerit,
737 3016 936 3070 transit
969 3017 1034 3070 ad
1067 3017 1380 3088 allegoriam
1413 3037 1429 3087 ;
1459 3027 1512 3074 et
1545 3019 1620 3075 ita
1651 3029 1902 3092 separata
1947 3024 2263 3089 consociat;
2317 3029 2378 3078 ut
2409 3023 2582 3079 mirer
2615 3039 2741 3078 eum
2786 3037 2930 3077 nova
2961 3021 3232 3088 sermoni}
3277 3021 3482 3074 fabrica
3519 3020 3572 3072 in
3614 3033 3782 3072 unum

541 3123 745 3178 corpus
771 3109 1004 3180 lapidem
1035 3109 1353 3184 ferrumque
1381 3115 1734 3188 conjungere.

1617 3231 1755 3288 Item
1785 3233 2142 3308 Hieronymus
2171 3237 2224 3291 in
2249 3243 2404 3306 caput
2433 3252 2452 3292 ι
2481 3235 2742 3293 Matthwi.

601 3333 788 3406 'Super
819 3335 923 3391 hoc
955 3344 1010 3392 et
1053 3337 1347 3396 Africanus
1385 3348 1692 3415 temporum
1736 3347 2003 3416 scriptor;
2045 3355 2100 3400 et
2139 3345 2408 3400 Eusebius
2453 3345 2814 3401 Ctesariensis
2863 3345 2917 3400 in
2967 3343 3124 3400 libris
3155 3343 3484 3414 Διαφωνίας
3521 3341 3782 3413 Euam-

541 3429 692 3484 λέων
737 3429 952 3499 plenius
975 3429 1346 3500 disputarunt.

1441 3547 1662 3619 Ruﬁnus
1689 3554 1751 3607 in
1777 3553 2000 3622 epistola
2045 3553 2114 3608 ad
2151 3551 2514 3608 Chromatium
2553 3557 2876 3626 episcopum.

613 3653 856 3724 Injungis
886 3655 1018 3710 mihi
1041 3663 1102 3709 ut
1135 3655 1566 3714 Ecclesiasticam
1589 3661 1888 3730 historiam,
1921 3679 2086 3738 quam
2112 3667 2192 3722 vir
2209 3665 2617 3724 eruditissimus
2637 3668 2909 3726 Eusebius
2935 3667 3290 3726 Caesariensis
3311 3669 3502 3726 Graeco
3527 3687 3784 3730 sermone

543 3745 974 3816 conscripserat,
1011 3747 1064 3800 in
1095 3746 1346 3804 Latinum
1375 3759 1775 3810 converterem.

1511 3879 1836 3952 Augustinus
1855 3883 1910 3938 in
1931 3883 2072 3940 iibro
2101 3885 2178 3942 De
2210 3887 2534 3956 haeresibus,
2567 3907 2686 3960 cap.
2715 3892 2802 3948 85.

612 4006 747 4062 Cum
779 4005 996 4063 Eusebii
1031 4008 1324 4064 Historiam
1347 4022 1724 4082 perscrutatus
1752 4031 1950 4084 essem,
1982 4018 2070 4072 cui
2097 4017 2329 4076 Ruﬁnus
2359 4035 2388 4075 a
2408 4035 2466 4077 se
2493 4023 2546 4077 in
2575 4021 2824 4079 Latinam
2857 4025 3098 4097 linguam
3127 4029 3407 4084 translata:
3437 4031 3780 4102 subsequen-

538 4101 676 4155 tium
716 4101 876 4154 etiam
898 4108 1199 4172 temporum
1229 4105 1370 4159 duos
1399 4107 1566 4162 libros
1594 4109 1820 4176 addidit,
1841 4127 1948 4166 non
1975 4113 2158 4168 inveni
2183 4115 2418 4184 aliquam
2453 4117 2699 4170 baaresim
2727 4133 2888 4188 quam
2919 4134 3029 4174 non
3057 4121 3276 4192 legerim
3301 4125 3442 4196 apud
3469 4127 3636 4190 istos;
3671 4127 3778 4184 nisi

541 4211 702 4266 quam
723 4197 778 4251 in
795 4207 948 4253 sexto
965 4199 1104 4254 libro
1125 4201 1278 4270 ponit
1297 4200 1587 4268 Eusebius,
1607 4221 1839 4263 narrans
1861 4223 1978 4262 eam
2004 4211 2282 4266 exstitisse
2305 4211 2358 4266 in
2375 4211 2592 4266 Arabia.
2629 4213 2810 4283 Itaque
2839 4215 2940 4270 hos
2963 4213 3267 4282 haereticos,
3285 4221 3540 4288 quoniam
3569 4222 3780 4280 nullum

537 4301 726 4342 eorum
747 4289 900 4358 ponit
929 4297 1230 4356 auctorem,
1263 4293 1525 4350 Arabicos
1555 4311 1846 4366 possumus
1869 4313 2208 4370 nuncupare,
2247 4301 2340 4370 qui
2373 4301 2627 4356 dixerunt
2666 4307 2876 4361 animas
2909 4321 3032 4361 cum
3085 4311 3410 4380 corporibus
3437 4315 3578 4368 mori
3613 4323 3780 4384 atque

535 4380 782 4445 dissolvi,
818 4390 872 4435 et
899 4381 954 4436 in
985 4381 1090 4438 (ine
1121 4386 1304 4440 saeculi
1333 4393 1626 4459 utrumque
1645 4405 1951 4462 resurgere.
1973 4391 2078 4447 Sed
2107 4393 2207 4449 bos
2236 4395 2604 4466 disputatione
2623 4393 2874 4468 Origenis
2897 4401 3182 4469 prmsentis
3209 4411 3264 4456 et
3291 4419 3386 4460 eos
3423 4380 3772 4478 ailoquentis,

534 4475 826 4531 celerrime
853 4475 984 4530 dicit
1015 4477 1183 4533 fuisse
1211 4487 1512 4538 correctos.

601 4609 899 4678 Antipater,
923 4609 1222 4666 Bostrensis
1242 4613 1530 4684 episcopus,
1547 4617 1602 4670 in
1627 4615 1758 4670 libro
1785 4619 1956 4688 primo
1979 4618 2239 4676 adversus
2265 4619 2674 4692 Apologeticum
2703 4619 2924 4680 Eusebii
2943 4623 3296 4685 Caesariensis
3323 4645 3422 4700 pro
3451 4631 3702 4706 Origene.

581 4743 738 4804 Nam
765 4747 1020 4815 quoniam
1059 4749 1144 4802 vir
1178 4750 1268 4804 ille
1296 4749 1586 4820 (Eusebius
1635 4753 1866 4826 scilicet)
1929 4757 2100 4822 pluri»
2129 4764 2172 4820 Α

534 4852 750 4892 marum
791 4853 976 4892 rerum
1019 4841 1246 4896 scientia
1291 4844 1590 4901 instructus
1619 4845 1740 4912 fuit,
1765 4848 1966 4918 quippe
1999 4852 2094 4920 qui

525 4941 722 4982 omnes
745 4937 988 4982 veterum
1022 4933 1348 5000 scriptorum
1385 4935 1554 4990 libros
1595 4950 1660 4990 ac
1689 4937 2096 4996 lucubrationes

527 5016 1017 5086 investigaverit,et
1033 5021 1273 5074 omnium
1301 5022 1412 5078 fere
1441 5025 1788 5094 antiquorum
1809 5028 2096 5096 opiniones

2285 4757 2502 4830 Ἐπειδὴ
2531 4758 2838 4832 πολυῖστωρ
2863 4763 2892 4816 ὁ
2919 4762 3058 4834 ἀνὴρ
3087 4765 3294 4834 γέγονε,
3327 4769 3506 4834 πάσας
3539 4773 3637 4838 τὰς
3669 4775 3776 4830 τῶν

2201 4851 2570 4921 ἀρχαιοτέρων
2613 4851 2828 4922 βίϐλους
2871 4871 2929 4908 τε
2967 4857 3061 4909 καὶ
3111 4861 3513 4932 συγγράμματα
3555 4865 3772 4938 ἐξερευ-

2201 4941 2368 5008 νήσας
2402 4941 2494 4994 nat
2539 4943 2876 5013 ἀνιχνεύσας,
2909 4947 3126 5014 καὶτὰς
3168 4951 3381 5006 πάντων
3425 4957 3622 5026 μικροῦ
3664 4959 3772 5014 δεῖν

2199 5031 2354 5096 δόξας
2393 5033 2718 5104 ἐκθέμενος,
2749 5035 2844 5090 καὶ
2887 5037 3112 5092 πλεῖστα
3157 5047 3563 5116 συγγράμματα
3603 5067 3774 5104 κατα-

529 5119 594 5158 ac
615 5108 915 5162 sententias
933 5112 1248 5178 exposuerit
1282 5131 1294 5164 :
1327 5113 1560 5182 plurima
1594 5127 1756 5170 etiam
1785 5119 1980 5188 ingenii
2009 5122 2092 5174 sui

525 5211 877 5253 monumenta
935 5203 1168 5270 posteris
1223 5206 1526 5275 reliquerit,
1565 5222 1796 5276 quorum
1825 5213 2090 5266 nonnulla

525 5293 596 5340 at.)
619 5289 873 5346 omnibus
902 5293 1022 5358 jure
1049 5297 1244 5349 merito
1273 5299 1699 5368 comprobantur
1731 5320 1744 5355 :
1777 5303 2090 5371 huiusmodi

524 5377 594 5432 de
645 5379 740 5432 illo
774 5381 889 5435 viro
939 5387 1342 5444 existimatione
1395 5392 1700 5458 abutentes,
1739 5397 2003 5466 quosdam
2036 5399 2089 5452 in

523 5483 770 5524 errorem
825 5471 1078 5530 inducere
1125 5489 1444 5548 conantur;
1480 5483 1811 5542 afﬁrmantes
1857 5489 2088 5554 scilicet,

525 5559 822 5616 Eusebium
887 5579 1160 5635 nunquam
1225 5569 1340 5627 haec
1401 5575 1641 5630 scribere
1699 5593 2088 5649 aggressurum

523 5650 720 5714 fuisse.
751 5655 858 5710 nisi
894 5656 1148 5726 antiquos
1183 5675 1374 5718 omnes
1421 5663 1563 5719 idem
1615 5670 1822 5724 sentire
1863 5685 2090 5724 accura-

521 5743 736 5826 tissime
784 5749 1150 5818 cognovisset.
1191 5751 1300 5820 Ego
1331 5771 1458 5810 vero
1509 5757 1804 5816 Eusebium
1865 5763 2084 5820 cuidem

2197 5123 2386 5193 λείψεις
2419 5126 2494 5198 τῷ
2527 5127 2646 5198 βίῳ,
2696 5125 2770 5184 ὧν
2815 5131 2930 5186 ἔνια
2973 5133 3068 5186 καὶ
3111 5135 3291 5208 πάσης
3335 5137 3602 5211 ἀποδοχῆς
3651 5143 3776 5210 ἄξια

2199 5219 2486 5288 τυγχάνει·
2519 5223 2582 5292 τῇ
2613 5221 2834 5296 τοιαύτῃ
2861 5225 2954 5278 τοῦ
2975 5225 3166 5300 ἀνδρὸς
3191 5229 3452 5300 ὑπολήψει
3479 5233 3771 5304 χρώμενοι,

2200 5309 2566 5384 συναρπάζειν
2593 5317 2957 5390 ἐπιχειροῦσιν
2989 5321 3184 5386 ἐνίους,
3213 5321 3288 5388 ὡς
3321 5325 3401 5378 ὅτι
3437 5327 3598 5395 φασίν
3617 5345 3630 5358 ·
3655 5325 3773 5385 Οὐκ

2199 5403 2264 5456 ἂν
2287 5403 2456 5458 εἵλετο
2487 5407 2740 5473 Εὐσέϐιος
2765 5413 2855 5464 ἐπὶ
2878 5413 3032 5467 τοῦτο
3061 5415 3208 5478 ἰδεῖν,
3239 5417 3286 5468 εἰ
3315 5417 3386 5488 μὴ
3413 5419 3592 5483 πάσας
3615 5422 3774 5494 ἀκρι-

2201 5493 2312 5556 ϐῶς
2344 5495 2608 5564 ἠπίστατο
2643 5500 2752 5556 τῶν
2783 5505 3026 5560 παλαιῶν
3067 5507 3165 5571 τὰς
3197 5507 3354 5575 δόξας
3391 5511 3544 5564 τοῦτο
3582 5511 3770 5582 βουλο-

2201 5585 2388 5655 μένας.
2427 5589 2568 5657 Ἐγὼ
2609 5589 2700 5656 δὲ,
2739 5593 2818 5648 ὅτι
2874 5597 2970 5666 μὲν
3021 5597 3328 5670 πολυῖστωρ
3371 5605 3400 5654 ὀ
3453 5603 3626 5672 ἀνὴρ,
3679 5603 3770 5656 καὶ

2195 5677 2348 5730 οὐδέν
2367 5697 2417 5731 τι
2440 5681 2550 5734 τῶν
2575 5685 2943 5757 παλαιοτέρων
2965 5691 3411 5758 συγγραμμάτων
3437 5693 3536 5764 τὴν
3559 5695 3768 5748 ἐκ;ίνου

2195 5767 2402 5824 διέλαθε
2431 5773 2650 5842 γνῶσιν.
2678 5778 2928 5850 σύμφημι
2963 5781 3056 5834 καὶ
3081 5781 3354 5849 ὁμολογῶ·
3385 5783 3634 5853 βασιλικῆ
3661 5787 3770 5854 γὰρ
