4126 6440
346 375 413 429 75
1331 367 1666 425 VETERUM
1706 366 2121 422 TESTIMONIA
2158 366 2296 422 PRO
2333 365 2645 421 EUSEBIO.
3498 362 3570 416 τι

343 492 599 564 συνεργίᾳ
622 490 921 562 χρώμενος,
947 488 1141 561 ῥᾳδίως
1163 488 1230 540 τὰ
1260 482 1531 555 πανταχοῦ
1555 484 1688 553 πρὸς
1717 483 1908 535 ἑαυτὸν

2016 482 2367 552 plurimarum
2400 494 2577 536 rerum
2607 476 2834 533 scientia
2863 477 3351 533 instructissimum
3395 476 3568 532 fuisse

342 584 593 652 συνάγειν
623 582 873 653 ἠδύνατο.

2013 572 2207 636 fateor,
2256 587 2358 626 nec
2410 586 2478 626 ex
2514 578 2759 625 veterum
2811 569 3044 637 scriptis
3077 568 3374 638 quidquam
3423 567 3574 623 illius

341 674 740 745 sublerfugisse
756 673 1023 728 notitiam.
1059 668 1202 725 Usus
1224 666 1369 724 enim
1395 664 1740 736 imperatoris
1768 661 2012 718 subsidio
2028 669 2190 733 atque
2210 659 2488 731 suﬁ‘ragio,
2511 667 2708 715 cuncta
2733 675 2854 727 quae
2879 660 3080 729 ubique
3108 664 3286 724 erant,
3318 656 3578 713 facillime

340 770 516 840 potuit
539 781 887 839 congregare.

1000 876 1083 930 Ea:
1113 876 1248 930 libro
1276 878 1449 944 primo
1476 879 1837 940 excerptorum
1861 863 2114 921 Historirr
2139 859 2529 918 Ecclesiasticm
2561 858 2924 931 Philostorgii.

418 1000 541 1053 Ὅτι
596 998 663 1053 τά
705 1015 765 1050 τε
822 997 988 1060 ἄλλα,
1020 997 1115 1049 καὶ
1144 996 1244 1048 ὅσα
1286 993 1420 1064 πρὸς
1457 989 1741 1057 Ἱστορίας
1782 986 1904 1055 ἥκει

341 1096 537 1168 λόγων,
557 1095 990 1165 δΦιλοστόργιος,
1023 1090 1112 1145 τὸν
1145 1087 1431 1160 Παμφίλου
1460 1083 1718 1139 Εὑσέϐιον
1746 1082 1904 1133 ἐπαι-

345 1188 473 1251 νῶν,
505 1186 629 1259 περὶ
658 1186 754 1255 τὴν
790 1183 1065 1237 εὐσέϐειαν
1097 1179 1483 1253 διαμαρτάνειν
1523 1175 1683 1246 φησί⁸
1714 1173 1806 1226 καὶ
1842 1169 1908 1223 τὸ

343 1459 557 1513 τοιαῦτα
603 1476 766 1528 φησιν
820 1457 982 1512 αὐτὸν
1031 1453 1388 1526 πλημμελεῖν.
1442 1446 1806 1503 Καταπαῦσαι
1850 1444 1908 1497 δὲ

342 1552 503 1606 αὑτὸν
529 1551 628 1615 τὰς
677 1549 884 1614 οίκείας
926 1547 1026 1619 τῆς
1069 1546 1350 1613 Ἱστορίας
1386 1542 1603 1612 μνήμας
1634 1538 1792 1609 μέχρι
1811 1537 1908 1608 τῆς

338 1641 445 1695 τῶν
474 1640 679 1694 παίδων
699 1638 946 1708 διαδοχῆς
974 1634 1067 1688 τοῦ
1093 1633 1326 1704 μεγάλου
1356 1627 1762 1684 Κωνσταντίνου
1788 1641 1908 1677 συν-

339 1734 722 1804 επιμαρτυρεῖ.

2083 978 2478 1049 Pliilostorgius
2530 975 2825 1032 Eusebium
2882 978 3099 1045 quidem
3133 979 3427 1053 Pamphili,
3457 990 3574 1040 tum

2012 1071 2083 1126 ob
2124 1070 2231 1124 alia
2278 1069 2482 1133 multa,
2534 1075 2648 1123 tum
2697 1069 2767 1124 ob
2796 1068 3093 1125 Historiam
3142 1071 3579 1132 Ecclesiasticam

2014 1162 2267 1218 laudibus
2300 1159 2480 1214 allicit.
2524 1157 2785 1215 Eumdem
2813 1168 2993 1217 tamen
3020 1162 3074 1216 in
3099 1162 3167 1218 iis
3189 1179 3310 1234 quae
3339 1166 3408 1221 ad
3448 1168 3577 1223 reli-

2014 1253 2230 1325 gionem
2282 1250 2577 1321 pertinent,
2608 1249 2821 1320 lapsum
2861 1267 2984 1307 esse
3035 1253 3212 1309 dicit:
3250 1258 3451 1329 quippe
3483 1261 3577 1330 qui

2022 1346 2193 1401 Deum
2224 1344 2483 1414 cognosci
2524 1349 2579 1398 et
2609 1345 2999 1413 comprehendi
3031 1361 3140 1401 non
3184 1364 3345 1419 posse
3390 1353 3580 1407 existi-

2015 1435 2262 1491 maverit.
2295 1433 2450 1488 Hunc
2479 1434 2625 1489 enim
2660 1433 2779 1500 eius
2809 1449 3052 1490 errorem
3077 1436 3276 1506 impius
3304 1440 3409 1495 iste
3437 1455 3582 1496 com-

2016 1534 2300 1583 memorat.
2361 1524 2466 1580 Sed
2496 1532 2551 1580 et
2588 1524 2905 1594 hujusmodi
2945 1526 3080 1581 alios
3140 1544 3358 1587 errores
3387 1532 3456 1585 ab
3486 1533 3580 1587 illo

2015 1618 2340 1674 commissos
2399 1631 2523 1672 esse
2579 1616 2829 1672 aﬁirmat.
2888 1615 3158 1673 Caeterum
3202 1630 3258 1675 et
3300 1621 3416 1691 ipse
3456 1638 3579 1677 cum

2016 1709 2138 1765 aliis
2169 1715 2401 1765 testatur
2444 1708 2739 1764 Eusebium
2772 1707 3073 1764 Historiam
3119 1725 3272 1766 suam
3308 1728 3482 1783 usque
3513 1715 3581 1769 ad

2017 1808 2263 1871 tempora
2292 1799 2587 1855 liberorum
2613 1797 2958 1856 Constantini
2994 1801 3186 1875 Magni'
3202 1805 3543 1875 perduxisse.

1225 1923 1469 1979 Socrates
1493 1921 1547 1973 in
1569 1914 1701 1973 libro
1734 1917 1902 1985 primo
1933 1913 2187 1970 Historia:
2210 1910 2629 1971 Ecclesiasticae.

412 2047 670 2111 Εὐσέϐιος
703 2048 731 2100 ὁ
778 2043 1087 2115 Παμφίλου,
1128 2043 1185 2093 ὲν
1213 2038 1353 2102 ὅλοις
1405 2036 1535 2089 δέκα
1566 2034 1789 2105 βιϐλίοις
1815 2032 1913 2103 τὴν

2091 2028 2360 2086 Eusebius
2387 2026 2655 2098 Pamphili
2684 2042 2773 2083 res
2805 2028 2859 2082 in
2893 2027 3136 2085 Ecclesia
3167 2037 3351 2101 gestas
3394 2030 3582 2086 decem

350 2133 896 2204 ’Exxlnmaattxhr
937 2132 1229 2200 Ἱστορίαν
1245 2127 1554 2197 ἐκθέμενος,
1573 2123 1912 2179 κατέπαυσεν

340 2230 421 2292 είς
441 2229 568 2292 τοὺς
596 2227 821 2297 χρόνους
856 2224 951 2279 τοῦ
995 2224 1253 2296 βασιλέως
1284 2217 1716 2284 Κωνσταντίνου,
1738 2217 1795 2269 ἐν
1830 2211 1911 2278 οἷς

338 2321 480 2376 καὶὸ
512 2319 663 2393 παρὰ
685 2319 779 2372 τοῦ
814 2314 1193 2388 Διοκλητιανοῦ
1222 2312 1362 2368 κατὰ
1394 2307 1733 2383 Χριστιανῶν
1757 2306 1910 2376 γενό-

341 2430 498 2485 μενος
527 2412 761 2483 πόλεμος
794 2409 1155 2464 ἀνεπαύσατο.
1191 2406 1422 2478 Γράφων
1463 2402 1520 2454 δὲ
1566 2403 1594 2454 ὁ
1623 2400 1781 2462 αὐτὸς
1806 2400 1911 2463 Εἰς

338 2503 447 2558 τὸν
468 2504 613 2569 ,ϐίον
638 2500 1122 2563 Κωνσταντίνου,
1142 2497 1249 2551 τῶν
1279 2496 1401 2550 κατ’
1427 2493 1641 2564 Ἀρειον
1672 2490 1912 2562 μερικῶς

344 2599 562 2669 μνήμην
596 2595 918 2666 πεποίηται,
948 2592 1056 2646 τῶν
1089 2588 1325 2643 ἐπαίνων
1355 2584 1451 2639 τοῦ
1488 2584 1747 2656 βασιλέως
1768 2623 1783 2647 ,
1821 2583 1913 2637 καὶ

340 2686 441 2757 τῆς
493 2685 872 2757 πανηγυρικῆς
906 2681 1206 2753 ὑψηγορίας
1250 2677 1358 2732 τῶν
1399 2677 1572 2745 λόγων
1612 2673 1807 2745 μᾶλλον
1838 2673 1914 2736 ὡς

341 2779 398 2830 ὲν
422 2777 681 2848 ἐγκωμίῳ
705 2775 1015 2849 φροντίσας,
1044 2774 1186 2844 ἥπερ
1206 2769 1301 2824 τοῦ
1333 2765 1575 2839 ἀκριϐῶς
1600 2762 1911 2835 περιλαϐεῖν

340 2864 409 2918 τὰ
436 2866 723 2936 γενόμενα.

2019 2120 2173 2176 libris
2201 2120 2537 2190 complexus,
2569 2118 2877 2189 principatu
2907 2119 3251 2175 Constantini
3286 2120 3585 2175 Historiam

2018 2228 2172 2267 suam
2215 2212 2546 2276 terminavit,
2570 2227 2678 2282 quo
2731 2223 2972 2283 tempore
3019 2214 3329 2283 persecutio
3372 2214 3585 2269 Diocle-

2017 2304 2153 2359 tiani
2198 2305 2459 2360 adversus
2492 2305 2838 2361 Christianos
2888 2305 3047 2359 ﬁnem
3089 2306 3319 2377 accepit.
3348 2305 3494 2361 ldem
3527 2307 3584 2360 in

2016 2395 2172 2451 libris
2202 2412 2341 2466 quos
2378 2396 2449 2451 De
2479 2397 2587 2451 vita
2608 2398 2733 2466 imp.
2772 2395 3110 2452 Constantini
3138 2398 3488 2467 conscripsit,
3520 2412 3585 2452 ca

2017 2501 2140 2555 quae
2172 2488 2241 2542 ad
2269 2487 2461 2541 Arium
2520 2489 2832 2558 pertinent,
2885 2489 3200 2560 singillatim
3250 2491 3473 2546 minime
3500 2498 3587 2546 est

2017 2588 2329 2642 exsecutus,
2374 2580 2575 2650 quippe
2608 2581 2699 2651 qui
2731 2588 2790 2636 ut
2839 2582 2894 2636 in
2949 2582 3215 2639 encomiis
3260 2582 3380 2638 ﬁeri
3424 2584 3582 2645 solet,

2019 2670 2368 2742 imperatoris
2399 2672 2587 2729 laudes
2619 2684 2673 2729 et
2704 2677 3085 2748 panegyricum
3107 2677 3413 2733 orationem
3447 2692 3582 2731 con-

2019 2769 2202 2818 texere
2245 2764 2419 2834 magis
2448 2765 2501 2817 in
2533 2766 2716 2821 animo
2771 2768 3016 2833 haberet,
3057 2783 3230 2839 quam
3280 2784 3371 2825 res
3401 2776 3585 2839 gestas

2019 2864 2276 2911 accurate
2304 2871 2757 2914 commemorare.

341 2995 490 3052 Idem
519 2996 765 3053 Socrates
809 2998 866 3050 in
900 2996 1077 3051 eodem
1113 2995 1264 3062 libro,
1289 3008 1403 3061 cap.
1424 2993 1482 3058 7,
1514 2991 1577 3045 de
1602 2990 1823 3065 Sabino,
1855 2987 2361 3065 Macedonianoru‘m
2405 2991 2664 3060 episcopo,
2693 2991 2928 3063 loquens,
2969 2995 3059 3064 qui
3082 3032 3083 3035 η
3103 2992 3451 3065 Synodorum
3483 2995 3579 3052 Hi-

1511 3061 1735 3118 storiam
1763 3061 2068 3128 scripserat,
2103 3061 2180 3113 ita
2206 3060 2336 3113 dicit
2371 3075 2389 3112 :

412 3177 524 3231 Καὶ
554 3178 764 3229 ἐπαινεῖ
800 3177 895 3245 μὲν
926 3176 1017 3228 τὸν
1056 3174 1340 3246 Παμφίλου
1372 3173 1630 3227 Εὑσέϐιον
1661 3173 1738 3236 ὡς
1762 3172 1908 3237 ἀξιό-

2084 3170 2151 3226 Et
2181 3170 2473 3229 Eusebium
2498 3177 2718 3246 quidem
2766 3179 3050 3250 Pamphili,
3091 3190 3351 3253 tanquam
3387 3191 3578 3240 testem

340 3282 533 3319 πιστον
564 3265 840 3336 μάρτυρα·
881 3265 1090 3316 ἐπαινεῖ
1118 3263 1174 3316 δὲ
1211 3265 1306 3317 καὶ
1334 3264 1424 3317 τὸν
1458 3262 1708 3333 βασιλέα,
1742 3263 1818 3322 ὡς
1839 3263 1909 3317 τὰ

2016 3261 2118 3317 ﬁde
2168 3264 2546 3335 dignissimum
2599 3269 2783 3324 laudat
2836 3290 2849 3325 :
2908 3272 3290 3340 imperatorem
3352 3290 3569 3345 quoque

341 3355 682 3429 Χριστιανῶν
717 3355 1061 3425 δογματίζειν
1091 3355 1414 3426 δυνάμενον
1454 3357 1726 3427 μέμφεται
1748 3354 1807 3408 δὲ
1837 3357 1904 3426 τῇ

2016 3356 2194 3447 ipsum
2222 3358 2515 3426 prmconiis
2540 3359 2725 3424 afﬁcit,
2762 3368 2952 3432 utpote
2981 3363 3074 3432 qui
3101 3363 3429 3419 Christianae
3458 3361 3584 3420 ﬁdei

340 3448 400 3500 ὲν
440 3444 647 3515 Νικαίᾳ
697 3444 978 3517 ὲκτεθείσῃ
1027 3445 1227 3510 πίστει,
1273 3445 1348 3509 ὡς
1397 3445 1502 3498 ὑπὸ
1550 3444 1773 3498 ἰδιωτῶν
1818 3446 1913 3500 καὶ

2016 3445 2543 3520 dogmataapprime
2575 3451 2821 3508 calleret.
2867 3450 3053 3507 Fidem
3085 3468 3216 3508 vero
3244 3453 3438 3509 Nicaeae
3486 3470 3585 3509 er-

339 3535 495 3590 οὺὸὲν
522 3534 899 3605 ἐπισταμένων
931 3535 1279 3609 ἐκδεδομένῃο
1318 3536 1412 3589 καὶ
1438 3536 1497 3588 ὃν
1526 3535 1601 3600 ὼς
1632 3536 1793 3603 σοφὸν
1818 3536 1912 3589 καὶ

2016 3540 2253 3608 positam
2283 3540 2652 3610 reprehendit,
2692 3549 2952 3612 tanquam
2991 3543 3060 3596 ab
3088 3543 3295 3614 ignaris
3319 3553 3374 3600 et
3413 3545 3585 3614 impe-

342 3626 547 3697 ἀψευδῆ
580 3626 734 3680 καλεῖ
762 3626 1039 3698 μάρτυρα,
1076 3626 1264 3680 τούτου
1304 3627 1403 3691 τὰς
1434 3627 1618 3696 φωνὰς
1655 3628 1911 3690 ἑκουσίως

2016 3627 2139 3683 ritis
2164 3616 2478 3685 hominibus
2500 3631 2883 3701 conscriptam.
2907 3630 2974 3684 Et
2996 3646 3157 3700 quem
3189 3635 3486 3703 sapientem
3498 3633 3584 3686 vi-

343 3717 605 3790 ὑπερορᾷ.
2014 3732 2139 3771 rum
2168 3731 2234 3773 ac
2255 3734 2501 3775 veracem
2528 3727 2723 3776 testem
2767 3721 3031 3787 nominat,
3058 3722 3178 3793 ejus
3200 3724 3365 3779 verba
3396 3724 3577 3779 sciens

2016 3821 2081 3861 ac
2101 3808 2341 3878 prudens
2362 3824 2462 3879 pro
2482 3809 2654 3864 nihilo
2676 3810 2846 3864 ducit.

1455 3912 1607 3968 Idem
1629 3912 1874 3967 Socrates
1900 3914 1960 3967 in
1991 3913 2126 3968 libro
2152 3930 2213 3982 il,
2245 3933 2363 3987 cap.
2387 3917 2480 3975 21.

428 4020 644 4095 Ἐπειδὴ
669 4024 728 4078 δέ
768 4041 911 4087 τινες
952 4022 1310 4094 ἐπεχείρησαν
1356 4022 1451 4076 καὶ
1478 4024 1637 4076 αὐτὸν
1671 4022 1914 4093 λοιδορῆ-

2090 4024 2197 4081 Sed
2224 4028 2479 4097 quoniam
2508 4027 2657 4084 hunc
2702 4043 2941 4101 quoque,
2977 4028 3271 4085 Eusebium
3314 4028 3581 4101 Pamphili

348 4137 459 4183 σαι,
488 4120 629 4189 φημὶ
655 4118 719 4189 δὴ
735 4117 824 4172 τὸν
849 4117 1131 4189 Παμφίλου
1148 4117 1425 4180 Εὑσέϐιον,
1441 4116 1517 4180 ὡς
1540 4116 1914 4188 ἀρειανίζοντα

2016 4116 2278 4188 intelligo,
2313 4120 2559 4174 nonnulli
2593 4121 2871 4176 criminari
2922 4121 3103 4177 conati
3156 4130 3306 4187 sunt,
3359 4121 3581 4191 perinde

346 4211 404 4263 ἐν
440 4204 519 4273 οἷς
556 4209 732 4277 λόγοις
765 4209 1009 4275 ἐξέδωκε,
1041 4206 1210 4278 μικρὰ
1246 4209 1339 4261 καὶ
1379 4208 1506 4283 περὶ
1542 4207 1706 4261 αὐτοῦ
1740 4209 1911 4261 εἰπεῖν

2016 4208 2172 4277 quasi
2204 4208 2464 4264 Arianum
2487 4210 2682 4283 dogma
2715 4213 2772 4266 in
2804 4213 2958 4269 libris
2985 4213 3100 4269 suis
3130 4219 3351 4270 secutus
3380 4211 3569 4277 fuerit,

345 4301 447 4353 οὐκ
474 4301 695 4372 ἄκαιρον
724 4299 984 4371 ἡγοῦμαι.
1008 4298 1229 4370 Πρῶτον
1262 4298 1360 4369 μὲν
1391 4300 1519 4370 γάρ,
1551 4315 1605 4352 κ.
1630 4316 1679 4352 τ.
1702 4297 1752 4350 λ.

2016 4306 2380 4369 opportunum
2441 4301 2556 4357 fore
2593 4317 2792 4358 censeo
2840 4319 3013 4374 pauca
3065 4303 3133 4358 de
3162 4319 3228 4359 eo
3283 4303 3576 4357 disserere.

350 4390 592 4446 Primum
620 4393 786 4464 igitur
812 4391 1049 4447 concilio
1079 4388 1298 4444 Niczeno
1327 4404 1438 4464 quo
1485 4389 1682 4445 Filium
1725 4386 1873 4442 Patri
1899 4391 2418 4446 consubstantialem
2466 4392 2635 4448 fuisse
2683 4394 2961 4449 decretum
3015 4405 3121 4461 est,
3152 4403 3206 4452 et
3250 4394 3496 4449 interfuit
3524 4402 3578 4447 et

352 4485 646 4541 consensit.
684 4484 745 4540 In
768 4488 928 4543 tertio
958 4502 1089 4544 vero
1115 4486 1255 4540 libro
1283 4497 1443 4554 quem
1478 4482 1555 4536 De
1604 4482 1713 4536 vita
1745 4480 2082 4535 Constantini
2134 4485 2377 4553 scripsit,
2428 4484 2503 4537 ita
2551 4485 2833 4555 loquitur:
2872 4504 2890 4537 ι
2938 4485 3139 4542 Omnes
3188 4487 3482 4557 imperator
3510 4486 3577 4539 ad

353 4577 704 4632 concordiam
732 4579 999 4644 incitavit,
1039 4580 1216 4635 donec
1248 4576 1534 4631 universos
1587 4574 1645 4629 in
1691 4573 1761 4631 iis
1784 4573 1852 4628 de
1881 4574 2079 4643 quibus
2113 4584 2271 4629 antea
2298 4574 2718 4641 dissentiebant,
2764 4579 3064 4636 concordes
3098 4588 3261 4650 atque
3290 4577 3575 4633 unanimes

353 4670 720 4743 praestitisset.
752 4670 900 4727 Adeo
936 4682 993 4727 ut
1023 4672 1156 4729 ﬁdes
1178 4669 1423 4739 unnium
1451 4681 1694 4722 consona
1729 4668 1872 4739 apud
1890 4666 2127 4724 Nicaeam
2155 4667 2472 4723 obtinuerit.
2504 4688 2522 4720 )
2542 4669 2678 4724 Cum
2708 4672 2872 4742 igitur
2894 4671 3161 4728 Eusebius
3192 4672 3334 4728 illius
3358 4671 3575 4727 concilii

352 4766 688 4822 mentionem
706 4766 930 4835 faciens,
953 4778 1181 4823 cunctas
1211 4767 1518 4821 animorum
1537 4763 1912 4820 dissensiones
1932 4764 2139 4835 sopitas
2172 4779 2294 4820 esse
2323 4765 2492 4831 dicat,
2523 4776 2576 4821 et
2610 4768 2897 4823 universos
2918 4769 2973 4823 in
3008 4784 3173 4822 unam
3221 4769 3576 4837 eamdemque

351 4860 703 4931 conspirasse
737 4862 1082 4927 sententiam,
1106 4859 1239 4931 quid
1277 4874 1458 4915 causa:
1486 4866 1572 4915 est
1592 4873 1691 4913 cur
1710 4858 1960 4914 nonnulli
1984 4873 2109 4913 eum
2134 4858 2448 4914 existiment
2482 4859 2688 4915 Ariano
2710 4860 2947 4932 dogmati
2970 4861 3316 4917 consentire?
3352 4859 3578 4913 Fallun-

350 4961 444 5007 tur
464 4952 627 5008 etiam
662 4952 980 5023 Ariani,qui
1004 4954 1156 5008 illum
1181 4951 1425 5023 opinioni
1468 4966 1580 5008 suae
1610 4950 1898 5023 suﬂ‘ragari
1938 4951 2298 5006 arbitrantur.
2333 4949 2438 5006 Sed
2469 4950 2614 5006 dicet
2650 4952 2885 5007 fortasse
2929 4953 3149 5022 aliquis,
3182 4953 3333 5005 illum
3382 4950 3572 5005 Ariani

352 5042 624 5114 dogmatis
650 5050 981 5099 assertorem
1008 5045 1204 5110 videri,
1235 5051 1523 5114 propterea
1552 5043 1696 5114 quod
1728 5043 1787 5097 in
1816 5043 1973 5098 libris
2003 5043 2119 5098 suis
2151 5043 2348 5097 crebro
2377 5042 2561 5098 dicere
2585 5044 2743 5110 solet,
2778 5058 2881 5097 pen
2911 5059 3203 5099 cnnisruu.
3244 5044 3345 5097 Cui
3381 5056 3483 5098 nos
3518 5043 3573 5097 id

352 5132 746 5202 respondemus
767 5175 782 5201 ,
815 5140 871 5189 et
908 5133 1012 5187 hac
1042 5132 1300 5203 loquendi
1321 5133 1533 5188 ratione
1562 5140 1618 5189 et
1652 5132 1775 5188 aliis
1803 5130 2119 5201 huiusmodi
2170 5144 2293 5199 quae
2323 5130 2789 5200 dispensationem
2833 5132 3186 5187 humanitatis
3210 5130 3341 5187 Jesu
3362 5130 3576 5188 Chrisri

355 5223 656 5294 designant,
682 5222 1087 5280 ecclesiasticos
1116 5225 1409 5294 scriptores
1435 5222 1516 5279 uti
1538 5221 1891 5279 consuevisse
1930 5219 2009 5293 (a)
2043 5241 2056 5276 :
2092 5227 2149 5276 et
2178 5229 2304 5276 ante
2354 5222 2457 5277 hos
2504 5236 2695 5277 omnes
2749 5220 2976 5276 Paulum
3022 5221 3325 5292 apostolum
3378 5222 3574 5277 iisdem

353 5316 582 5370 vocibus
622 5329 781 5373 usum
830 5314 1025 5377 fuisse,
1054 5314 1148 5384 qui
1179 5321 1362 5370 tamen
1393 5312 1638 5385 perversi
1665 5311 1936 5384 dogmatis
1974 5312 2236 5383 magister
2278 5327 2562 5381 nunquam
2603 5318 2689 5367 est
2729 5312 3095 5368 existimatus.
3152 5312 3419 5369 Caeterum
3444 5330 3573 5369 cum

352 5407 516 5462 Arius
541 5406 735 5463 Filium
757 5386 854 5463 hei
882 5416 1187 5463 creaturam
1224 5406 1449 5475 perinde
1469 5421 1534 5461 ac
1563 5412 1759 5460 caetera
1802 5419 1923 5475 qua:
1952 5419 1983 5457 a
2015 5404 2127 5460 Deo
2161 5412 2345 5460 creata
2386 5411 2535 5468 sunt,
2572 5418 2740 5459 ausus
2769 5404 2840 5458 sit
2868 5403 3069 5473 dicere,
3100 5404 3248 5471 audi,
3282 5406 3331 5460 si
3374 5408 3573 5476 placet,

354 5513 603 5571 quanam
634 5498 701 5554 de
731 5498 834 5553 hac
861 5513 923 5553 re
950 5497 1118 5552 fuerit
1142 5495 1365 5552 Eusebii
1398 5495 1669 5552 sententia
1699 5493 1756 5548 in
1805 5493 1947 5548 libro
1980 5493 2161 5563 primo
2195 5492 2273 5547 De
2294 5492 2656 5547 ecclesiastica
2688 5491 2946 5561 theologia
2975 5491 3118 5564 (cap.
3153 5494 3207 5558 9,
3244 5493 3352 5564 10).
3379 5512 3401 5547 ι
3437 5492 3573 5549 Uni-

354 5590 592 5659 genitus,
624 5588 825 5657 inquit,
846 5585 956 5642 'Dei
999 5585 1171 5642 Filius
1199 5587 1351 5642 solus
1380 5587 1497 5656 ipse
1522 5592 1577 5642 et
1596 5600 1708 5643 non
1734 5583 1874 5640 alius
1911 5590 1968 5640 et
1998 5583 2326 5654 prmdicatur
2345 5590 2400 5641 et
2432 5588 2534 5639 est.
2585 5579 2738 5637 Unde
2772 5583 2962 5639 merito
3002 5587 3127 5655 quis
3162 5585 3572 5658 reprehenderit

430 5766 508 5841 (a)
543 5768 908 5827 Theodoritus
940 5770 997 5826 in
1022 5787 1139 5841 cap.
1170 5773 1395 5841 tprimte
1425 5770 1680 5845 Epistolis
1704 5772 1774 5827 ad
1808 5769 2048 5829 Corinth.

676 5880 949 5946 Ρηιιοι.
997 5882 1119 5949 Gn.
1164 5881 1338 5945 XIX.

3156 5860 3196 5919 3
