4126 6436
547 349 615 406 75
1487 345 1824 402 VETERUM
1863 341 2278 400 TESTISIONIA
2313 342 2450 398 PRO
2483 343 2796 400 EUSEBIO.
3701 351 3766 398 Ἠ)

541 476 636 516 eos
655 461 746 532 qui
777 471 1080 518 creaturam
1129 461 1277 515 illum
1331 459 1512 515 dicere
1567 477 1675 514 non
1708 459 2048 522 dubitarunt,
2073 473 2140 512 ex
2163 459 2336 513 nihilo
2365 459 2644 514 conditum
2675 457 2900 530 perinde
2924 473 2988 512 ac
3025 459 3262 530 reliquas
3289 465 3590 516 creaturas.
3621 457 3768 524 Quo-

541 553 704 608 modo
725 553 868 608 enim
915 551 1082 607 Filius
1117 551 1300 614 fuerit,
1331 551 1603 620 quomodo
1641 549 1972 620 Unigenitus,
2005 550 2050 604 si
2095 549 2338 606 eamdem
2389 565 2512 604 cum
2549 551 2760 604 caeteris
2791 550 3056 604 creaturis
3091 559 3338 606 naturam
3391 551 3618 604 sortitus
3661 564 3764 612 eat,

541 659 794 712 unusque
823 651 906 699 est
931 659 962 698 e
991 659 1218 699 numero
1241 659 1422 696 rerum
1449 653 1774 704 creatarum,
1813 649 2000 712 utpote
2029 643 2120 712 qui
2153 659 2256 696 una
2283 659 2406 698 cum
2439 643 2546 698 illis
2575 653 2730 696 ortus
2763 643 2834 696 sit
2863 657 2930 698 ex
2969 643 3160 698 nihilo.
3201 642 3398 698 Verum
3433 643 3616 698 divina
3643 657 3768 698 ora-

541 739 666 791 cula
699 751 808 789 non
835 735 908 788 ita
936 733 1004 788 de
1039 735 1131 788 illo
1165 733 1486 802 praedicant.
1527 753 1546 786 »
1587 733 1790 788 Deinde
1813 734 2002 804 paucis
2031 733 2328 800 interjectis
2359 735 2470 788 hinc
2497 735 2718 804 subjicit
2753 751 2766 786 :
2801 751 2820 784 t
2855 733 3118 806 Quisquis
3151 737 3316 806 igitur
3353 734 3548 790 Filium
3580 737 3672 792 Dei
3701 751 3768 792 ex

549 831 724 885 nihilo
747 827 1008 898 genitum,
1042 835 1094 880 et
1122 835 1426 881 creaturam
1451 841 1481 880 e
1507 841 1612 878 non
1647 834 1894 882 exstante
1927 825 2248 896 productam
2281 841 2402 912 es'se
2433 827 2650 890 asserit,
2677 829 2722 882 is
2753 845 2860 882 non
2883 827 3285 890 animadvertit,
3317 845 3376 882 se
3407 827 3612 882 nudum
3643 829 3766 898 qui-

549 922 672 976 dem
711 935 910 974 nomen
943 917 1064 972 Filii
1096 919 1144 972 ei
1175 917 1488 978 concedere,
1515 931 1700 970 revera
1731 923 1910 970 tamen
1933 933 2056 972 eum
2089 915 2282 970 Filium
2327 933 2640 988 pernegare.
2667 917 2770 984 Qui
2801 921 2944 974 enim
2987 935 3050 972 ex
3079 920 3246 974 nihilo
3277 921 3490 991 genitus
3519 933 3772 984 est,vere

539 1015 712 1070 Filius
745 1011 838 1068 Dei
871 1027 996 1067 esse
1023 1027 1129 1064 non
1155 1017 1352 1078 potest,
1387 1009 1526 1062 sicut
1551 1021 1650 1060 nec
1679 1006 1898 1076 quidvis
1929 1007 2074 1060 aliud
2107 1007 2250 1076 quod
2275 1009 2514 1076 genitum
2553 1009 2642 1062 sit.
2673 1007 2848 1066 Verus
2879 1015 3056 1062 autem
3101 1006 3272 1064 Filius
3315 1009 3428 1074 Dei,
3465 1019 3649 1080 utpote
3669 1009 3764 1080 qui

540 1127 609 1166 ex
649 1110 742 1164 illo
771 1116 1032 1178 tanquam
1065 1123 1130 1161 ex
1175 1103 1331 1158 Patre
1375 1103 1590 1174 genitus
1641 1111 1746 1166 est,
1785 1103 2096 1172 unigenitus
2129 1111 2182 1156 et
2211 1103 2444 1158 dilectus
2473 1101 2652 1156 Patris
2687 1105 2884 1158 merito
2907 1103 3124 1158 dicitur.
3182 1101 3264 1158 0b
3319 1105 3564 1158 eamdem
3603 1105 3768 1158 etiam

542 1215 766 1256 causam
789 1199 933 1253 Deus
967 1198 1081 1266 ipse
1105 1205 1208 1252 est.
1247 1195 1379 1260 Quis
1409 1195 1554 1248 enim
1591 1193 1732 1248 alius
1764 1193 1856 1248 Dei
1885 1193 2026 1248 fetus
2059 1209 2182 1248 esse
2209 1195 2400 1262 possit,
2434 1207 2596 1263 quam
2625 1195 2700 1248 illi
2741 1195 2844 1264 ipsi
2883 1211 2976 1266 per
2996 1195 3178 1248 omnia
3212 1195 3768 1252 simillimtls‘?Condit

543 1290 760 1359 quidem
789 1290 975 1344 urbem
1009 1291 1320 1358 imperator,
1355 1285 1450 1340 sed
1473 1299 1592 1340 eam
1621 1301 1730 1340 non
1759 1285 1930 1356 gignit
1957 1305 1968 1338 :
2009 1285 2177 1338 [ilium
2209 1295 2388 1338 autem
2423 1287 2640 1356 gignere
2656 1287 2878 1350 dicitur,
2905 1303 3012 1342 non
3043 1289 3295 1342 condere.
3333 1287 3538 1342 Artifex
3565 1299 3766 1354 autem,

543 1385 699 1442 faber
733 1385 932 1439 dicitur
957 1383 1074 1452 ejus
1099 1383 1240 1453 quod
1273 1383 1568 1438 fabricatus
1603 1387 1708 1442 est,
1735 1397 1844 1434 non
1885 1389 2056 1451 pater.
2101 1379 2224 1433 Filii
2255 1397 2386 1436 vero
2433 1381 2516 1434 sui
2569 1397 2910 1452 nequaquam
2967 1383 3120 1436 faber
3166 1385 3384 1436 dicitur.
3439 1381 3512 1435 ita
3549 1399 3768 1454 quoque

543 1493 788 1530 summus
817 1477 975 1545 hujus
1011 1475 1250 1530 universi
1285 1475 1450 1534 Deus,
1489 1471 1608 1528 Filii
1639 1473 1856 1544 quidem
1887 1476 1970 1528 sui
1999 1481 2174 1544 pater,
2215 1473 2400 1528 mundi
2431 1489 2560 1528 vero
2585 1475 2734 1528 laber
2765 1483 2818 1529 et
2851 1475 3101 1528 conditor
3135 1477 3328 1530 merito
3357 1475 3578 1531 dicitur.
3613 1477 3768 1544 Quod

543 1570 590 1625 si
625 1569 789 1624 semel
817 1569 869 1622 in
899 1567 1195 1638 Scripturis
1224 1567 1527 1622 inveniatur
1557 1567 1783 1630 dictum,
1809 1565 2064 1620 Dominus
2105 1568 2391 1621 creavitme
2415 1569 2624 1620 initium
2649 1569 2850 1622 t'iarum
2875 1587 3092 1622 suarum
3121 1569 3188 1622 ad
3217 1587 3372 1638 opera
3401 1587 3520 1634 sua,
3545 1586 3766 1626 srnsum

541 1661 719 1730 ipsum
753 1661 1039 1714 verborum
1079 1659 1348 1730 inspicere
1395 1659 1679 1720 debemus,
1716 1673 1876 1728 quem
1909 1659 2069 1728 paulo
2103 1669 2224 1728 post
2279 1675 2584 1728 exponam:
2621 1675 2742 1724 nec,
2786 1669 2842 1714 ut
2891 1661 3178 1716 Marcellus
3225 1663 3375 1726 facit,
3427 1663 3496 1716 ob
3545 1663 3766 1716 unicum

543 1755 936 1818 testimonium,
969 1753 1302 1824 praecipuum
1347 1749 1606 1805 Ecclesiae
1635 1747 1828 1820 dogma
1873 1751 2196 1808 convellere.
2243 1771 2260 1804 r
2297 1751 2420 1806 Haec
2451 1761 2506 1806 et
2537 1753 2640 1806 alia
2673 1753 2906 1822 plurima
2941 1755 3008 1808 ab
3051 1753 3286 1808 Eusebio
3319 1755 3586 1824 Pamphili
3621 1756 3768 1810 dicta

543 1857 670 1904 sunt
709 1847 760 1902 in
791 1847 928 1902 libro
961 1849 1204 1901 adversus
1235 1843 1572 1898 Marceuum.
1613 1844 1672 1896 ln
1707 1843 1870 1898 tertio
1901 1853 2079 1898 autem
2111 1845 2352 1914 ejusdem
2378 1847 2558 1914 operis
2583 1847 2742 1910 libro,
2771 1845 2974 1902 docens
3007 1847 3280 1916 quomodo
3315 1847 3662 1916 intelligenda
3697 1849 3770 1902 sit

545 1943 661 1996 haec
687 1957 786 1994 vox
820 1939 1044 2009 κτίσμα,
1079 1939 1150 1990 ita
1183 1937 1422 2008 loquitur
1455 1955 1468 1990 :
1505 1953 1522 1984 ε
1561 1933 1660 1988 llis
1695 1936 1766 1986 ita
1799 1935 2134 1998 constitutis,
2169 1951 2510 2006 consequens
2540 1947 2646 2000 est,
2679 1947 2760 2002 ut,
2791 1937 3244 2008 quemadmodum
3275 1939 3365 1992 illa
3395 1955 3514 2008 qua:
3535 1955 3770 2010 praceso

547 2041 757 2094 serunt,
791 2031 872 2086 sic
925 2031 1088 2085 etiam
1135 2031 1248 2082 haec
1279 2029 1440 2082 verba
1477 2045 1488 2080 :
1527 2025 1782 2080 Dominus
1835 2025 2070 2080 condidit
2106 2044 2182 2080 me
2227 2029 2434 2080 initium
2487 2029 2690 2082 uiarum
2739 2047 2956 2084 suarum
2991 2031 3058 2082 ad
3091 2045 3244 2096 opera
3285 2047 3384 2086 sua
3415 2033 3458 2094 ¹,
3487 2031 3554 2086 de
3581 2033 3768 2087 eadem

543 2143 778 2198 persona
811 2128 958 2182 dicta
992 2127 1120 2180 sint.
1157 2121 1312 2190 Quod
1339 2122 1384 2176 si
1420 2129 1662 2174 creatum
1687 2135 1744 2174 se
1783 2135 1905 2173 esse
1931 2121 2086 2183 dicit,
2123 2135 2230 2174 non
2279 2121 2353 2173 ita
2389 2121 2767 2192 accipiendum
2799 2131 2904 2184 est,
2931 2123 3086 2192 quasi
3140 2123 3306 2190 dicat,
3339 2142 3396 2180 se
3436 2125 3502 2178 de
3527 2141 3634 2180 non
3671 2141 3770 2180 ex-

542 2225 815 2283 stantibus
846 2221 912 2276 ad
931 2219 982 2274 id
1015 2219 1158 2289 quod
1191 2223 1275 2272 est
1296 2215 1626 2285 pervenisse,
1661 2225 1714 2268 et
1745 2215 1968 2283 perinde
2001 2229 2064 2268 ac
2101 2215 2338 2284 reliquas
2367 2225 2649 2272 creaturas
2677 2232 2744 2271 ex
2779 2217 2950 2270 nihilo
2977 2217 3256 2272 conditus.
3289 2233 3430 2282 esse,
3467 2221 3608 2274 sicut
3635 2235 3772 2274 non-

541 2321 680 2377 nulli
703 2331 983 2389 perperam
1015 2313 1416 2370 existimarunt.
1447 2307 1552 2362 Sed
1585 2307 1638 2362 id
1667 2307 1816 2374 dicit,
1849 2315 2036 2378 utpote
2057 2309 2150 2377 qui
2191 2309 2454 2364 subsistat
2491 2325 2554 2364 ac
2587 2311 2926 2380 prasexsistat
2950 2321 3076 2367 ante
3121 2313 3564 2368 constitutionem
3603 2315 3772 2368 totius

543 2411 764 2476 mundi;
805 2424 836 2462 a
869 2407 1026 2462 Patre
1047 2413 1224 2460 autem
1247 2419 1348 2460 suo
1386 2417 1448 2456 ac
1473 2400 1703 2454 Domino
1733 2397 1994 2468 Princeps
2018 2415 2082 2454 ac
2105 2399 2304 2454 ﬂector
2335 2401 2498 2468 hujus
2529 2403 2772 2456 universi
2803 2405 3135 2460 constitutus
3161 2405 3232 2460 sit
3259 2423 3271 2458 ε
3301 2403 3438 2458 adeo
3469 2411 3526 2458 ut
3551 2407 3770 2460 verbum

543 2505 652 2561 hoc
687 2505 920 2564 ἔκτισεν,
945 2499 1182 2570 positum
1221 2498 1292 2553 sit
1315 2497 1418 2550 hoc
1441 2497 1562 2548 loco
1597 2507 1695 2562 pro
1727 2491 2024 2545 constituit.
2051 2491 2210 2546 Certe
2240 2492 2520 2560 apostolus
2547 2491 2768 2558 Petrus,
2811 2496 3088 2565 principes
3119 2503 3174 2550 et
3199 2505 3438 2552 rectores
3469 2499 3562 2567 qui
3593 2497 3772 2552 homi-

541 2603 706 2656 nibus
725 2603 982 2667 prtesunt,
1019 2592 1222 2646 diserte
1249 2597 1558 2643 creaturam
1589 2585 1842 2656 appellat,
1887 2585 1976 2638 his
2019 2583 2246 2638 verbis:
2281 2583 2516 2654 Subjecti
2567 2596 2731 2641 estote
2781 2591 2924 2642 omni
2971 2591 3214 2644 humana:
3263 2601 3519 2644 creaturae
3565 2601 3774 2660 propter

542 2695 852 2750 Dominum.
879 2689 982 2742 sive
1006 2687 1112 2756 regi
1145 2683 1296 2756 quasi
1319 2681 1657 2752 prtecetlenti,
1686 2679 1790 2732 sive
1831 2677 2123 2732 rectoribus
2154 2688 2400 2748 tanquam
2425 2681 2487 2732 ab
2517 2678 2612 2732 illo
2637 2681 2811 2734 missis
2832 2683 2877 2736 '.
2909 2679 3176 2752 PrOpheta
3209 2697 3426 2752 quoque
3447 2697 3568 2735 cum
3593 2681 3726 2734 dicit
3757 2699 3770 2733 :

545 2789 806 2857 Prwpara
837 2795 904 2848 te,
939 2781 1133 2842 Israel,
1165 2779 1232 2832 ad
1259 2774 1608 2832 inuocandum
1639 2773 1808 2828 Deum
1845 2781 2010 2834 tuum,
2040 2773 2284 2842 quoniam
2312 2789 2426 2826 ecce
2446 2775 2532 2839 qui
2569 2775 2750 2843 [irruat
2808 2777 3028 2842 tonitru,
3089 2785 3138 2828 et
3191 2777 3280 2846 qui
3323 2785 3464 2830 creat
3495 2775 3776 2844 Spiritum,

541 2881 634 2956 qui
686 2876 968 2933 annuntiat
1015 2869 1309 2924 hominibus
1349 2867 1616 2923 Christum
1650 2882 1800 2920 suum
1825 2865 1867 2930 ’ς
1901 2865 2004 2917 hoc
2045 2865 2268 2918 verbum
2299 2863 2518 2928 κτίζων,
2545 2881 2653 2918 non
2682 2867 2890 2936 accepit
2917 2883 3013 2936 pro
3043 2883 3108 2922 eo
3129 2867 3272 2938 quod
3309 2867 3510 2922 factum
3541 2877 3624 2922 est
3649 2883 3776 2920 cum

547 2983 707 3032 antea
737 2985 848 3026 non
877 2975 1039 3024 esset.
1071 2963 1256 3033 Neque
1289 2963 1432 3018 enim
1457 2971 1584 3016 tunc
1620 2959 1764 3015 Deus
1799 2959 2004 3014 creavit
2055 2957 2338 3029 Spiritum,
2372 2975 2494 3014 cum
2527 2959 2806 3014 Christum
2837 2977 2996 3016 suum
3031 2977 3128 3032 per
3161 2963 3314 3016 illum
3348 2963 3562 3016 cunctis
3595 2963 3770 3016 homi-

547 3067 710 3122 nibus
765 3057 1124 3116 annuntiavit.
1183 3054 1326 3107 Nihil
1357 3053 1554 3124 quippe
1602 3053 1704 3106 sub
1750 3052 1864 3106 sole
1899 3065 2098 3104 novum
2149 3059 2252 3104 est.
2289 3049 2394 3104 Sed
2429 3059 2544 3104 erat
2573 3051 2789 3120 quidem
2836 3059 2994 3106 antea
3043 3051 3279 3120 Spiritus
3313 3061 3366 3106 et
3396 3053 3724 3108 subsistebat
3757 3067 3772 3104 :

544 3159 742 3216 Missus
769 3167 846 3212 est
871 3163 1043 3210 autem
1075 3161 1192 3204 tunc
1237 3165 1354 3203 cum
1385 3149 1609 3217 apostoli
1630 3147 1929 3216 congregati
1955 3154 2145 3210 essent,
2183 3145 2392 3216 quando
2427 3161 2586 3198 sonus
2619 3147 2790 3200 instar
2819 3147 3035 3199 tonitrui
3075 3147 3246 3215 [acus
3285 3157 3362 3201 est
3401 3147 3464 3200 de
3495 3147 3621 3200 corio
3655 3155 3776 3198 tan-

542 3269 695 3325 quam
725 3246 1019 3320 ingruentis
1051 3242 1284 3312 Spiritus
1337 3239 1644 3295 vehementis
1673 3251 1762 3292 :et
1781 3239 1970 3308 repleti
2013 3247 2136 3292 sunt
2167 3235 2366 3306 Spiritu
2402 3246 2606 3291 sancto.
2645 3237 2820 3306 Atque
2873 3237 2946 3290 ita
2992 3237 3271 3292 Christum
3325 3237 3416 3293 Dei
3461 3237 3774 3292 hominibus

541 3345 925 3416 praedicarunt,
953 3341 1106 3410 juxta
1141 3334 1477 3406 prophetiam
1509 3347 1630 3402 qute
1659 3332 1792 3387 dicit
1825 3353 1838 3386 :
1877 3332 2008 3386 Ecce
2027 3333 2072 3385 is
2093 3333 2180 3402 qui
2202 3333 2378 3400 firmat
2407 3331 2606 3384 tonitru
2633 3341 2682 3384 et
2715 3333 2804 3402 qui
2831 3341 2974 3385 creat
3003 3331 3346 3400 Spiritum,et
3371 3335 3460 3404 qui
3489 3339 3772 3390 annuntiat

540 3435 836 3490 hominibus
865 3431 1136 3488 Christum
1161 3445 1334 3482 suum.
1373 3425 1474 3481 Ubi
1503 3427 1828 3482 vocabulum
1857 3426 1990 3480 illud
2033 3443 2216 3479 creans
2245 3426 2482 3496 positum
2517 3434 2602 3480 est
2629 3439 2730 3495 pro
2767 3425 3000 3490 mittens,
3031 3427 3115 3482 vel
3161 3443 3260 3496 pro
3303 3427 3580 3495 disponens
3621 3439 3774 3498 atque

541 3533 883 3586 constituens.
923 3526 1150 3582 Touitrn
1191 3539 1320 3580 vero
1369 3523 1622 3578 similiter
1653 3520 1930 3592 Evangelii
1965 3521 2407 3592 praedicationem
2459 3519 2752 3590 significat.
2809 3519 2978 3576 David
3029 3535 3248 3591 quoque
3301 3537 3424 3575 cum
3453 3521 3588 3576 dicit
3622 3541 3634 3576 :
3667 3521 3776 3578 Cor

543 3619 798 3676 mundum
824 3633 946 3672 crea
969 3618 1020 3670 in
1049 3631 1150 3676 me,
1185 3614 1326 3668 Deus
1347 3614 1390 3680 ",
1413 3629 1524 3666 non
1563 3613 1666 3666 hoc
1691 3612 1828 3666 dixit
1855 3611 2012 3680 quasi
2043 3625 2139 3664 cor
2173 3621 2328 3665 antea
2357 3627 2466 3666 non
2497 3611 2722 3667 haberet
2753 3631 2765 3666 :
2797 3613 2892 3668 sed
2931 3611 3122 3666 orabat
3151 3619 3208 3666 ut
3237 3627 3392 3667 mens
3427 3629 3560 3682 pura
3587 3613 3642 3668 in
3683 3629 3774 3668 se-

545 3718 666 3786 ipso
695 3713 1067 3784 perﬁceretur.
1103 3709 1300 3762 Eadem
1327 3708 1542 3760 ratione
1563 3705 1768 3759 dictum
1801 3717 1884 3760 est
1907 3704 2062 3764 illud,
2085 3713 2140 3756 ut
2171 3703 2304 3758 duos
2333 3705 2386 3758 in
2413 3721 2574 3758 unum
2603 3721 2790 3758 novum
2811 3705 3074 3758 hominem
3099 3715 3320 3771 crearet,
3351 3705 3404 3760 id
3437 3715 3520 3760 est
3545 3708 3776 3776 conjun-

485 3841 490 3845 -
543 3813 718 3876 geret.
743 3803 876 3858 Vide
899 3811 1078 3854 autem
1107 3815 1288 3854 annon
1319 3799 1562 3868 ejusdem
1599 3797 1814 3867 generis
1843 3797 1914 3851 sit
1937 3802 1992 3850 et
2021 3795 2156 3849 illud
2187 3815 2201 3849 :
2237 3795 2542 3850 Induamini
2565 3813 2754 3850 novum
2777 3797 3034 3850 hominem
3075 3797 3160 3866 qui
3195 3807 3272 3850 est
3303 3797 3586 3852 secundum
3609 3797 3774 3852 Deum

545 3899 812 3956 creatus”.
840 3896 970 3950 Item
1005 3894 1168 3950 illud:
1205 3893 1264 3948 Si
1295 3907 1398 3962 qua
1421 3891 1582 3960 igitur
1609 3891 1660 3944 in
1691 3887 1902 3943 Christo
1931 3905 2062 3942 noua
2087 3896 2444 3952 creatura;et
2475 3905 2810 3959 quacunque
2845 3891 2950 3944 alia
2995 3889 3260 3958 ejusmodi
3293 3891 3518 3960 reperiri
3545 3899 3776 3960 possunt

545 3993 618 4048 ab
647 3991 714 4046 iis
737 3990 830 4062 qui
872 3988 1182 4058 Scripturas
1215 3987 1479 4044 divinitus
1509 3985 1806 4056 inspiratus
1836 3984 2054 4039 curiose
2099 3993 2436 4040 scrutantur.
2469 3983 2544 4039 Ne
2589 3985 2807 4040 mireris
2843 4001 2972 4056 ergo
3005 3986 3048 4038 si
3085 3985 3138 4038 in
3179 3985 3284 4039 hoc
3325 3985 3468 4052 loco,
3515 3985 3772 4040 Dominus

544 4085 742 4141 creavit
769 4099 848 4136 me
871 4083 1082 4136 initium
1110 4081 1316 4134 viarum
1339 4093 1581 4138 suarum,
1615 4077 1842 4130 verbum
1873 4077 2066 4130 creavit
2097 4075 2417 4131 translative
2447 4075 2686 4146 positum
2714 4087 2798 4130 est
2825 4091 2924 4146 pro
2953 4077 3224 4130 constituit
3255 4085 3308 4130 et
3343 4089 3600 4130 rectorem
3629 4077 3776 4130 ordi-

547 4175 870 4230 navitallaec
897 4173 1161 4228 Eusebius
1191 4171 1382 4226 scribit
1415 4171 1468 4224 in
1503 4169 1660 4223 libris
1687 4179 1870 4222 contra
1901 4166 2238 4221 Marcellum.
2283 4165 2410 4233 Qua:
2457 4183 2558 4222 nos
2614 4167 2700 4220 hic
2749 4167 3078 4222 adduximus
3121 4175 3344 4237 propter
3369 4183 3464 4223 eos
3495 4167 3586 4237 qui
3621 4167 3772 4220 illum

549 4271 754 4327 frustra
782 4267 1062 4323 criminari
1093 4279 1146 4320 et
1177 4263 1462 4318 traducere
1497 4271 1787 4318 conantur.
1819 4259 2003 4332 Neque
2043 4263 2186 4317 enim
2219 4263 2448 4332 probare
2479 4271 2727 4330 possunt,
2769 4259 3065 4316 Eusebium
3097 4263 3314 4316 initium
3349 4265 3602 4318 essentizc
3635 4262 3774 4316 Filio

545 4363 831 4426 tribuisse,
855 4361 1069 4414 tametsi
1099 4357 1522 4428 dispensationis
1551 4355 1832 4410 vocabulis
1869 4355 2068 4424 passim
2105 4356 2160 4409 in
2197 4355 2352 4410 libris
2383 4355 2498 4410 suis
2523 4363 2705 4408 utatur
2739 4373 2752 4408 :
2789 4357 3088 4424 praesertim
3129 4367 3252 4408 cum
3285 4355 3612 4424 scriptorum
3642 4353 3766 4408 Ori-

545 4455 702 4526 genis
725 4454 964 4509 imitator
995 4460 1048 4506 et
1079 4451 1378 4508 admirator
1397 4447 1691 4512 exstiterit,
1728 4447 1784 4500 in
1821 4447 2020 4516 quibus
2053 4445 2248 4502 Filium
2295 4461 2360 4502 ex
2413 4445 2574 4500 Patre
2605 4448 2846 4516 genitum
2879 4461 3096 4518 semper
3153 4445 3438 4516 prtedicari
3483 4446 3774 4514 reperient,

538 4544 854 4618 quicunque
893 4543 1222 4618 reconditam
1271 4545 1520 4618 Origenis
1560 4545 1864 4603 doctrinam
1899 4544 2250 4613 inti-ltigentia
2284 4543 2502 4614 assequi
2541 4549 2792 4614 possunt.
2825 4541 3000 4610 Atque
3031 4539 3147 4594 haec
3173 4537 3348 4594 obiter
3377 4537 3520 4592 dicta
3553 4537 3684 4602 sint,
3715 4541 3782 4593 ut

539 4613 758 4670 Eusebii
794 4615 1248 4671 obtrectatoribus
1279 4613 1658 4688 respondeam.

1515 4729 1834 4785 Sozomenus
1861 4729 1914 4784 in
1941 4728 2072 4784 libro
2105 4743 2124 4784 ι
2150 4727 2406 4789 Historiae
2429 4731 2837 4789 ecclesiasticae.

621 4834 800 4906 Atque
841 4833 1058 4888 animus
1103 4829 1317 4901 quidem
1365 4833 1505 4890 erat,
1553 4825 1658 4880 hoc
1691 4841 1832 4896 opus
1874 4824 1940 4878 ab
1995 4823 2114 4892 ipso

2296 4825 2569 4900 Ὡρμήθην
2597 4827 2656 4880 δὲ
2693 4826 2754 4880 τὸ
2803 4825 3056 4898 ἀπαρχῆς
3097 4823 3298 4894 ταύτην
3333 4821 3644 4894 συγγράψαι
3683 4823 3786 4890 τὴν

551 4929 876 4984 Christiana:
912 4925 1191 4997 religionis
1223 4921 1446 4978 exordio
1498 4927 1761 4989 repetere.
1829 4917 1934 4972 Sed
1987 4931 2112 4970 cum

555 5022 1040 5078 anbnadverterem
1091 5017 1231 5072 alios
1267 5013 1586 5084 scriptores,
1618 5011 1952 5066 Clementem
1990 5007 2116 5062 dico

553 5119 610 5166 et
635 5109 1018 5180 Hegesippum,
1059 5109 1204 5161 viros
1237 5101 1692 5175 sapientissimos,
1726 5099 1818 5170 qui
1843 5097 2118 5168 apostolo-

553 5217 674 5258 rum
705 5201 1040 5272 temporibus
1073 5198 1318 5268 proxime
1359 5199 1769 5252 successerunt,
1801 5190 2117 5258 Africanum

551 5301 814 5352 nrreterea
867 5291 1222 5351 historicum,
1279 5295 1334 5342 et
1383 5285 1710 5346 Eusebium,
1757 5287 2118 5353 cognomento

549 5383 892 5456 Pamphilum
921 5383 1118 5454 (virum
1159 5391 1268 5436 tum
1311 5381 1362 5434 in
1409 5377 1584 5434 sacris
1636 5373 1852 5436 litteris,
1903 5379 2016 5424 tum
2061 5371 2116 5424 in

548 5479 726 5536 noctis
761 5475 990 5544 aliisque
1029 5473 1389 5544 scriptoribus
1442 5469 1738 5540 gentilibus
1774 5462 2117 5522 exercitatis-

551 5569 798 5635 simum),
832 5567 969 5621 idem
1003 5568 1178 5636 ipsum
1209 5565 1278 5620 ad
1303 5579 1402 5620 sua
1438 5564 1678 5633 ipsorum
1705 5569 1947 5630 tempora
1978 5555 2116 5612 scri-

549 5663 678 5718 bere
703 5675 1012 5734 aggressos,
1035 5667 1140 5714 etc.

2219 4919 2596 4992 πραγματειαν
2619 4937 2633 4950 θ
2679 4917 3026 4990 λογισάμενος
3059 4917 3114 4970 δὲ
3158 4917 3232 4978 ὡς
3277 4915 3370 4968 καὶ
3403 4915 3550 4970 ἄλλοι
3585 4913 3787 4984 ταύτης

2219 5013 2586 5084 ἐπειράθησαν
2621 5013 2781 5083 μέχρι
2803 5011 2909 5064 τῶν
2938 5012 3055 5064 κατ’
3083 5010 3276 5072 αὐτοὺς
3301 5009 3528 5080 χρόνων,
3555 5007 3787 5078 Κλήμης

2219 5125 2278 5160 τε
2305 5109 2400 5160 καὶ
2445 5107 2798 5176 Ἰἰγὴσιππος,
2843 5103 3030 5174 ἄνδρες
3073 5101 3388 5170 σοφώτατοι,
3428 5105 3492 5172 τῇ
3521 5101 3628 5152 τῶν
3655 5101 3788 5152 ἀπο-

2227 5200 2422 5254 στόλων
2451 5199 2662 5269 διαδοχῇ
2703 5195 3290 5268 παρακολουθήσαντες,
3341 5195 3436 5248 καὶ
3469 5193 3790 5266 Ἀφρικανὸς

2221 5295 2250 5346 ὁ
2291 5292 2656 5362 συγγραρεὺς,
2707 5289 2800 5342 καὶ
2847 5289 3100 5350 Εὐσέϐιος
3145 5289 3174 5340 ὁ
3213 5285 3440 5356 ἐπίκλην
3481 5285 3788 5356 Παμφίλου.

2223 5383 2364 5452 ἀνὴρ
2395 5381 2502 5434 τῶν
2537 5380 2692 5432 θείων
2719 5379 2946 5450 Γραφῶν
2973 5380 3066 5432 καὶ
3095 5379 3202 5430 τῶν
3229 5379 3356 5448 παρ’
3386 5377 3610 5448 Ἕλλησι
3639 5391 3790 5446 mne

2224 5475 2330 5526 τῶν
2357 5473 2449 5526 καὶ
2479 5473 2830 5544 συγγραφέων
2873 5470 3344 5540 πολυμαθέςτατος
3383 5469 3568 5540 ἴστωρ.

621 5777 638 5812 ⁸
667 5776 828 5834 Prov.
861 5777 1094 5860 .vm_,22.
1151 5781 1188 5848 _'
1223 5775 1252 5832 1
1295 5775 1440 5832 Petr.
1487 5791 1545 5842 ιι,
1588 5775 1670 5830 Η.
1719 5773 1958 5852 "Amos
2005 5787 2078 5836 Iv,

2287 5767 2304 5798 ⁵
2331 5765 2480 5820 Psal.
2511 5779 2562 5830 L,
2599 5761 2684 5818 12.
2761 5762 2780 5792 ³
2819 5759 3010 5828 Ephcs.
3049 5773 3122 5822 iv,
3149 5755 3240 5810 91.
