4126 6444
343 390 411 445 ’Π
1303 381 1644 440 VETERUM
1685 380 2105 438 TESTIMONIA
2142 379 2278 435 PRO
2313 379 2634 439 EUSEBIO.
3516 380 3580 433 73

1511 501 1775 556 Victorius
1802 503 1856 556 in
1881 501 2105 559 Canone
2140 501 2412 558 Paschali.

411 599 717 657 Reeensitis
737 601 902 672 igitur
932 598 1184 655 ﬁdelibus
1206 596 1452 653 historiis
1474 607 1739 660 veterum,
1764 596 1909 651 beati
1932 595 2140 651 scilicet
2163 594 2380 650 Eusebii
2403 592 2757 650 Cazsariensis
2781 590 3082 646 Palaestinae
3101 588 3339 646 civitatis
3366 589 3580 658 episco-

345 696 418 764 pi,
445 696 546 748 viri
580 695 636 748 in
670 695 862 764 primis
915 693 1272 750 eruditissimi
1331 702 1494 761 atque
1557 691 1883 756 doctissimi,
1930 690 2203 746 Chronicis
2252 690 2615 761 prologoque;
2667 704 2731 744 ac
2762 687 2985 758 perinde
3031 687 3116 741 his
3148 701 3269 757 quae
3315 701 3345 739 a
3380 694 3582 740 sancta:

343 786 622 842 memoriae
652 787 981 858 Hieronymo
1009 785 1221 841 hisdem
1251 784 1526 839 Chronicis
1551 791 1680 840 sunt
1707 783 1937 852 adjecta.

347 901 704 972 Hieronymus
745 901 797 954 in
825 899 1068 971 Epistula
1098 897 1165 953 ad
1194 895 1560 953 Chromatium
1586 906 1646 979 et.
1663 895 2037 979 Heliodorum,
2075 894 2520 973 qme_pra:ﬁgitur
2553 892 2938 964 Martyrologio
2970 893 3108 963 quod
3151 893 3216 947 B.
3268 891 3582 962 Hieronymi

1628 976 1936 1034 inscriptum
1962 976 2038 1018 est
2065 981 2295 1019 nomine.

421 1087 650 1144 Constat
679 1087 962 1142 Dominum
991 1094 1240 1142 nostrum
1286 1084 1472 1141 Jesum
1513 1085 1792 1139 Christum
1821 1083 1966 1137 omni
2003 1084 2089 1138 die
2123 1089 2424 1153 martyrum
2457 1097 2681 1136 suorum
2710 1081 3017 1150 triumphos
3045 1081 3318 1149 excipere,
3347 1093 3580 1149 quorum

352 1181 634 1251 passiones
659 1196 688 1234 a
723 1188 916 1236 sancto
945 1180 1180 1236 Eusebio
1207 1179 1532 1234 Caesariensi
1556 1179 1816 1248 episcopo
1857 1179 2092 1248 scriptas
2135 1176 2456 1245 reperimus.
2497 1174 2631 1228 Nam
2676 1174 3072 1229 Constantinus
3123 1174 3422 1244 Augustus,
3455 1185 3580 1224 cum

351 1275 653 1331 Caesaream
683 1272 874 1328 fuisset
913 1273 1213 1342 ingressus.
1247 1279 1302 1325 et
1324 1271 1530 1326 diceret
1553 1277 1852 1323 memorato
1877 1268 2126 1332 antistiti,
2158 1275 2217 1320 ut
2239 1274 2445 1336 peteret
2469 1266 2649 1335 aliqua
2679 1265 2936 1320 beneﬁcia
2971 1265 3294 1320 Caesariensi
3327 1261 3582 1319 Ecclesia:

360 1366 664 1440 profutura,
706 1365 902 1435 legitur
932 1363 1282 1435 respondisse
1306 1362 1601 1416 Eusebium
1639 1377 1650 1411 :
1686 1360 1892 1431 Opibus
1926 1361 2042 1414 suis
2072 1358 2373 1413 Ecclesiam
2398 1359 2646 1421 ditatam,
2679 1356 2828 1410 nul-la
2850 1357 3064 1426 petendi
3095 1357 3355 1412 beneﬁcia
3386 1372 3579 1413 neces-

350 1466 512 1521 sitate
543 1461 793 1530 compelli
819 1479 831 1514 :
871 1459 975 1514 sibi
1007 1467 1187 1514 tamen
1207 1457 1538 1512 desiderium
1572 1455 1850 1509 immobile
1871 1454 2165 1515 exstitisse,
2200 1460 2258 1506 ut
2290 1451 2553 1522 quidquid
2585 1451 2639 1504 in
2673 1450 2949 1521 republica
2978 1448 3222 1504 Romana
3264 1458 3475 1520 gestum
3509 1451 3580 1505 sit

347 1565 474 1623 erga
505 1563 726 1609 sanctos
753 1551 850 1606 Dei
879 1567 976 1622 per
1016 1550 1232 1621 judices
1262 1549 1542 1619 judicibus
1572 1547 1926 1602 succedentes
1964 1545 2017 1598 in
2050 1546 2306 1599 universo
2349 1544 2480 1598 orbe
2524 1541 2792 1604 Romano,
2853 1542 3084 1599 sollicita
3139 1544 3574 1611 perscrutatione

345 1651 700 1698 monumenta
733 1644 950 1714 publica
983 1642 1326 1697 discutiendo
1356 1639 1765 1710 perquirerent;
1798 1646 1850 1690 et
1889 1636 1981 1706 qui
2037 1646 2334 1706 martyrum
2364 1649 2393 1687 a
2433 1649 2543 1704 quo
2564 1634 2768 1705 judice,
2795 1635 2849 1688 in
2880 1649 2988 1704 qua
3035 1635 3313 1703 provincia
3335 1635 3417 1689 vel
3446 1635 3584 1690 civi-

347 1741 479 1799 tate,
505 1751 609 1806 qua
641 1736 730 1792 die
755 1751 929 1806 quave
956 1733 1381 1805 perseverantia,
1413 1729 1682 1800 passionis
1727 1744 1836 1782 sua:
1869 1727 2207 1781 obtinuerint
2233 1727 2489 1796 palmam,
2523 1727 2591 1782 de
2618 1727 2754 1798 ipsis
2781 1727 3017 1782 archivis
3051 1727 3286 1782 sublata.
3325 1728 3428 1797 ipsi
3473 1727 3585 1783 Eu-

347 1825 500 1880 sebio
534 1827 866 1898 regiojussu
900 1826 1220 1895 dirigerent.
1252 1822 1407 1878 Unde
1456 1823 1660 1876 factum
1690 1830 1794 1886 est,
1822 1829 1881 1873 ut
1926 1817 2156 1873 idoneus
2192 1820 2393 1872 relator
2418 1819 2713 1883 exsislens,
2738 1830 2790 1874 et
2819 1818 3251 1873 Ecclesiasticam
3278 1819 3578 1876 Historiam

347 1926 579 1982 texeret,
603 1926 657 1973 et
687 1918 931 1972 omnium
972 1931 1109 1986 pene
1151 1922 1450 1986 martyrum
1493 1913 1897 1983 provinciarum
1937 1909 2180 1964 omnium
2215 1911 2580 1966 Romanarum
2612 1919 2810 1981 tropaea
2839 1912 3071 1981 diligens
3104 1911 3581 1983 historiographus

347 2010 672 2066 declararet.

1303 2073 1543 2129 Gelasius
1568 2091 1705 2142 papa
1732 2075 1785 2126 in
1805 2071 2009 2125 decreto
2040 2070 2104 2124 de
2143 2071 2290 2124 libris
2317 2072 2647 2140 apocryphis.

420 2195 553 2249 item
587 2195 848 2250 Chronica
883 2191 1100 2248 Eusebii
1123 2190 1500 2253 Caesariensis,
1533 2195 1586 2242 et
1612 2188 1856 2254 ejusdem
1900 2184 2284 2239 Ecclesiastica:
2310 2183 2542 2238 historice
2567 2184 2766 2250 libros,
2810 2184 3060 2253 quamvis
3080 2185 3133 2239 in
3181 2185 3358 2255 primo
3390 2197 3580 2240 narra-

349 2288 516 2342 tionis
549 2302 661 2342 sua:
691 2286 828 2340 libro
854 2287 1106 2357 tepuerit,
1138 2293 1192 2339 et
1221 2292 1408 2354 postea
1443 2282 1498 2335 in
1533 2280 1788 2334 laudibus
1819 2287 1984 2347 atque
2017 2278 2368 2331 excusatione
2389 2274 2638 2346 Origenis
2671 2276 3008 2331 schismatici
3034 2292 3202 2331 unum
3232 2279 3579 2349 conscripse-

349 2378 422 2432 rit
455 2377 677 2439 librum,
702 2382 922 2446 prepter
949 2389 1130 2430 rerum
1165 2382 1344 2425 tamen
1366 2372 1616 2426 notitiam
1641 2370 1995 2440 singularem,
2027 2382 2146 2437 quae
2179 2366 2246 2419 ad
2280 2367 2694 2423 instructionem
2723 2367 3014 2438 pertinent,
3049 2385 3439 2442 usquequaque
3469 2390 3580 2430 non

348 2469 582 2525 dicimus
618 2465 944 2522 renuendos.

1449 2551 1602 2607 Idem
1635 2552 1691 2603 in
1714 2549 1850 2603 libro
1877 2549 1954 2602 De
1982 2547 2197 2603 duabus
2231 2550 2463 2604 naturis.

420 2674 492 2731 Ut
514 2675 747 2745 idipsum
783 2672 1024 2727 dicentes
1049 2685 1158 2725 uno
1181 2669 1366 2733 corde,
1411 2681 1629 2737 unoque
1654 2679 1769 2728 ore,
1804 2669 1858 2719 et
1901 2661 2190 2717 credamus
2219 2662 2364 2732 quod
2395 2678 2424 2716 a
2450 2663 2750 2734 majoribus
2789 2665 2993 2721 nostris
3037 2669 3366 2738 accepimus,
3398 2679 3452 2726 et
3485 2672 3582 2728 do-

348 2773 515 2824 nante
538 2765 769 2820 Domino
794 2763 1076 2819 tradamus
1108 2763 1342 2833 posteris
1377 2759 1769 2820 conﬁtendum,
1799 2772 1922 2810 eum
1961 2757 2163 2826 quibus
2198 2757 2404 2811 unitam
2431 2757 2590 2813 ﬁdem
2625 2757 2736 2814 Deo
2757 2757 2990 2831 pr0pitio
3019 2761 3313 2832 perdurare
3341 2764 3583 2822 Catholi-

347 2873 540 2916 corum
571 2855 814 2926 subjecta
841 2855 1149 2910 testimonia
1181 2853 1566 2924 magistrorum
1587 2851 1856 2908 recensita
1879 2856 2170 2903 testantur.
2198 2846 2267 2902 Et
2288 2850 2447 2918 paulo
2478 2849 2858 2917 post:Eusebii
2877 2854 3119 2924 episcOpi
3151 2853 3583 2925 Palaestinensis,

344 2955 708 3022 cognomento
738 2946 1028 3018 Pamphili,
1063 2963 1132 3003 ex
1164 2948 1504 3019 expositione
1528 2946 1726 3017 psalmi
1775 2943 2014 3014 septimi,
2048 2953 2154 3000 etc.
2209 2945 2338 2999 Item
2383 2945 2630 3014 ejusdem
2676 2961 2743 3000 ex
2800 2945 3118 3018 Evangelica
3174 2936 3580 3021 preparations,

348 3045 446 3100 Ιώ.
478 3059 579 3099 vn.
730 3113 971 3184 Pelagius
990 3111 1053 3167 II
1079 3124 1214 3178 papa
1241 3109 1294 3162 in
1322 3107 1566 3178 Epistola
1585 3109 1639 3172 5,
1672 3107 1741 3161 ad
1763 3105 1944 3159 Eliam
1965 3101 2349 3172 Aquileiensem
2362 3114 2412 3158 et
2439 3106 2574 3160 alios
2606 3106 2873 3195 episcopos
2905 3106 3104 3164 Istria’.

421 3227 566 3294 Quid
587 3242 822 3295 namque
842 3227 894 3281 in
921 3225 1299 3280 haeresiarehis
1321 3225 1555 3296 Origene
1587 3227 1851 3294 deterius,
1883 3239 1940 3287 et
1969 3229 2102 3302 quid
2140 3230 2195 3282 in
2239 3225 2697 3298 historiographis
2739 3225 2969 3282 inveniri
3012 3228 3248 3285 Eusebio
3290 3231 3587 3289 honorabi-

348 3321 459 3376 lius
490 3318 793 3390 potest?Et
817 3321 940 3390 quis
965 3325 1213 3374 nostrum
1246 3320 1442 3382 nescit,
1471 3321 1527 3374 in
1568 3321 1724 3378 libris
1776 3325 1893 3378 suis
1925 3323 2148 3394 quantis
2185 3319 2474 3392 Origenem
2527 3320 2798 3376 Eusebius
2841 3323 3128 3392 praeconiis
3183 3326 3438 3382 attollat?
3479 3327 3582 3383 Sed

348 3413 478 3485 quia
509 3419 698 3468 sancta
731 3412 972 3467 Ecclesia
1001 3427 1226 3467 suorum
1255 3411 1492 3466 ﬁdelium
1552 3413 1717 3468 corda
1748 3416 2038 3487 benignius
2069 3431 2231 3487 quam
2258 3415 2426 3469 verba
2476 3412 2782 3469 districtius
2820 3422 3030 3483 pensat,
3076 3430 3178 3470 nec
3210 3418 3266 3473 in
3316 3415 3585 3478 haereticis

348 3522 572 3563 sensum
597 3506 877 3577 proprium
905 3507 1126 3562 testatio
1150 3502 1371 3560 Eusebii
1407 3506 1692 3561 absolvere
1729 3509 1905 3578 potuit
1934 3528 1947 3564 :
1979 3524 2079 3563 nec
2113 3522 2334 3562 rursum
2361 3505 2657 3562 Eusebium
2685 3504 2893 3560 laudati
2942 3505 3194 3580 Origenis
3241 3511 3399 3581 culpa
3428 3513 3583 3568 dam-

347 3607 518 3656 n‘mL
1460 3667 1740 3739 Euagrius,
1779 3668 1915 3725 lib.t
1950 3667 2224 3733 Historias,
2258 3683 2373 3737 εαΡ-
2403 3669 2455 3722 l-

418 3783 662 3855 Εὐσεϐίῳ
688 3782 764 3853 τῷ
791 3782 1099 3853 Παμφίλου,
1122 3783 1258 3855 ἀνὴρ
1283 3784 1340 3837 δὲ
1366 3784 1422 3846 ἐς
1458 3783 1525 3836 τὰ
1573 3783 1805 3854 μάλιστα
1833 3784 1917 3837 λό-
1941 3794 1992 3851 Α

1958 3794 1992 3851 Α
2092 3781 2364 3839 Eusebius
2391 3781 2686 3853 Pamphili,
2709 3783 2794 3838 vir
2817 3798 2942 3838 cum
2969 3784 3026 3839 in
3054 3785 3177 3842 aliis
3213 3788 3382 3846 rebus
3410 3791 3587 3849 diser-

345 3890 464 3944 γιος
487 3876 515 3928 ὁ
545 3873 827 3945 Παμφίλου
860 3874 929 3926 τά
950 3890 1010 3925 τε
1042 3873 1195 3937 ἄλλα,
1230 3873 1324 3926 καὶ
1359 3871 1498 3925 ὥστε
1523 3869 1633 3936 οἷός
1677 3890 1736 3926 τε
1777 3868 1912 3926 εἶναι

2017 3875 2284 3940 tissimus,
2308 3882 2422 3929 tum
2453 3877 2507 3930 in
2531 3876 2819 3932 scribendo
2842 3885 3052 3932 tantum
3089 3881 3295 3959 valens,
3325 3891 3385 3938 ut
3416 3889 3587 3956 possit

346 3966 552 4019 πείθειν
570 3965 642 4038 (a)
660 3967 783 4029 τοὺς
797 3965 1210 4036 ἐντυγχάνοντας
1223 3963 1488 4037 Θρησκεύε
1498 3981 1542 4018 ιν
1557 3964 1627 4018 τὰ
1649 3967 1681 4036 ἡ
1690 3965 1816 4034 μέτε
1824 3983 1910 4038 ρα,

2019 3967 2252 4023 lectores
2284 3983 2435 4033 suos,
2472 3969 2517 4023 si
2554 3983 2660 4023 non
2697 3969 2934 4040 perfecte
2961 3969 3174 4028 edicere
3218 3973 3580 4044 Christianos,

347 4060 395 4112 εί
428 4059 522 4113 καὶ
555 4059 630 4132 μὴ
656 4058 774 4113 λίαν
801 4059 1042 4132 ἀκριϐεῖς
1070 4055 1174 4112 οἶδε
1212 4061 1399 4112 ποιεῖν.

2021 4060 2095 4114 ita
2123 4066 2302 4114 tamen
2346 4061 2640 4130 impellere,
2669 4068 2729 4115 ut
2753 4071 2937 4116 nostra
2978 4062 3209 4119 libenter
3252 4069 3586 4139 amplectan-

2021 4157 2130 4204 tur.

911 4264 1192 4335 Gregorius
1216 4263 1443 4334 Magnus
1477 4265 1531 4317 in
1562 4263 1786 4332 epistola
1819 4263 1888 4316 ad
1927 4264 2213 4336 Eulogium
2243 4267 2667 4322 Alexandrinum
2697 4271 3017 4336 episcopum.

420 4355 501 4413 Ex
521 4359 855 4415 audientium
879 4373 1108 4413 numero
1131 4372 1280 4411 nunc
1308 4356 1488 4412 factus
1517 4371 1662 4421 sum,
1701 4358 1789 4412 cui
1822 4359 2172 4415 sanctissima
2201 4371 2384 4418 vestra
2415 4363 2698 4418 beatitudo
2728 4363 2970 4418 scribere
3003 4366 3236 4429 studuit,
3266 4375 3324 4424 ut
3354 4376 3584 4424 cuncto-

349 4465 472 4505 rum
501 4461 796 4524 martyrum
826 4462 978 4524 gesta
1018 4469 1139 4525 quae
1177 4455 1280 4524 piae
1328 4455 1610 4510 memorias
1655 4455 2002 4511 Constantini
2050 4458 2390 4528 temporibus
2420 4460 2489 4514 ab
2538 4459 2772 4516 Eusebio
2817 4462 3138 4519 Caesariensi
3169 4463 3398 4518 collecta
3431 4473 3581 4527 sunt,

349 4545 716 4600 transmittere
744 4545 1060 4602 debeamus.
1095 4544 1200 4601 Sed
1215 4543 1328 4601 haec
1342 4561 1519 4616 neque
1546 4546 1594 4601 si
1617 4547 1847 4603 collecta
1878 4563 1987 4602 non
2017 4551 2148 4612 sint,
2181 4567 2359 4622 neque
2387 4554 2433 4608 si
2462 4554 2594 4618 sint,
2625 4561 2750 4608 ante
2778 4565 2972 4610 vestrae
2994 4556 3347 4610 beatitudinis
3374 4557 3583 4626 scripta

349 4631 600 4702 cognovi.
623 4632 737 4702 Ago
768 4648 899 4704 ergo
933 4634 1161 4704 gratias,
1193 4635 1322 4704 quia
1364 4636 1728 4690 sanctissimae
1767 4643 1962 4692 vestrae
1993 4638 2255 4695 doctrinae
2292 4643 2515 4712 scriptis
2549 4643 2821 4703 eruditus.
2858 4645 3000 4715 εαξρί
3030 4647 3174 4701 scire
3199 4647 3343 4716 quod
3373 4649 3584 4702 nescie-

348 4721 495 4778 bam.
523 4720 726 4776 Prteter
753 4722 843 4776 illa
863 4724 1007 4778 enim
1040 4739 1162 4792 quae
1191 4724 1248 4777 in
1274 4723 1524 4792 ejusdem
1554 4723 1777 4780 Eusebii
1808 4725 1964 4782 libris
1995 4727 2072 4781 De
2099 4731 2259 4799 gestis
2298 4741 2601 4787 sanctorum
2630 4742 2925 4805 martyrum
2953 4737 3326 4804 continentur,
3355 4739 3503 4794 nulla
3526 4739 3582 4794 in

346 4813 572 4868 arehivo
594 4812 758 4881 hujus
782 4821 981 4868 nostrae
1012 4814 1290 4880 Ecclesiae,
1319 4817 1404 4871 vel
1451 4817 1508 4872 in
1556 4816 1818 4874 Romanae
1873 4821 2026 4877 urbis
2061 4822 2410 4880 bibliothecis
2453 4841 2577 4882 esse
2607 4829 2858 4898 cognovi,
2886 4829 2990 4886 nisi
3043 4845 3216 4900 pauca
3247 4832 3491 4902 quaedam
3523 4831 3581 4887 in

345 4905 511 4960 unius
536 4905 742 4961 codicis
770 4905 1042 4962 volumine
1072 4909 1322 4964 collecta.

1017 5023 1260 5082 Gelasius
1291 5027 1581 5099 Cyzicena:
1609 5032 1664 5086 in
1689 5031 1825 5088 libro
1850 5037 2078 5092 secundo
2099 5037 2176 5095 De
2201 5039 2411 5112 synodo
2438 5038 2678 5106 Nicaena,
2711 5056 2826 5109 cap.
2862 5043 2914 5095 1.

428 5131 770 5239 Exodo-uiua
801 5135 863 5206 δὴ
900 5137 952 5190 τί
995 5139 1227 5197 ἐνταῦθα
1258 5142 1408 5213 λέγει
1453 5149 1549 5201 καὶ
1589 5149 1618 5200 ὁ
1655 5150 1858 5222 ἀροτὴρ
1888 5153 1917 5205 ὁ
1947 5161 1992 5220 Β

1955 5161 1992 5220 Β
2088 5154 2388 5210 Audiamus
2422 5170 2554 5210 sane
2601 5155 2732 5227 quid
2782 5155 2872 5210 hic
2896 5155 3044 5210 dicat
3097 5157 3584 5225 praestantissimus

344 5222 621 5315 uulnere;
652 5227 750 5298 τῆς
780 5229 1236 5305 ἐκκλησιαστικῆς
1281 5238 1573 5308 γεωργίας,
1609 5242 1638 5294 ὁ
1678 5240 1905 5315 φιλαλη-

2016 5245 2372 5302 ecclesiastici
2411 5245 2566 5301 fundi
2614 5255 2818 5311 arator,
2866 5247 2956 5301 ille
2996 5246 3110 5300 veri
3143 5247 3581 5308 studiosissimus

343 5310 605 5421 minusca
639 5317 896 5384 Εὐσέϐιος
935 5323 964 5374 ὀ
1010 5323 1104 5377 τοῦ
1155 5328 1472 5398 παμφήμουί
1504 5331 1806 5402 Παμφίλου.

1977 5405 1980 5408 _
2014 5334 2306 5401 Eusebius,
2346 5335 2685 5390 celeberrimi
2719 5334 2985 5406 Pamphili
3037 5345 3396 5406 cognomento
3451 5341 3585 5404 insi,-

343 5403 442 5473 μὲν
466 5403 560 5508 οἶν
577 5407 832 5508 Δίκίνιοᾳς,
863 5411 1016 5484 φησὶ,
1039 5415 1136 5486 τὴν
1161 5416 1350 5487 ὁμοίαν
1370 5423 1480 5484 τοῖς
1502 5421 1682 5486 ἀθέοις
1707 5425 1904 5496 τυράν-

1977 5405 1980 5408 ’
2013 5429 2154 5498 gnis.
2188 5426 2430 5481 Licinius
2457 5425 2698 5496 quidem,
2727 5403 2923 5497 inquit,
2954 5403 3198 5481 eamdem
3227 5443 3391 5499 quam
3421 5445 3582 5503 supe-

475 5500 576 5569 τῆς
606 5500 858 5566 ἀσεϐείας
885 5505 1154 5576 μετελθὼν
1194 5510 1330 5576 ὁδὸν,
1357 5512 1448 5564 ἐπὶ
1468 5512 1558 5568 τὸν
1586 5515 1698 5568 ἴσον
1725 5517 1906 5582 αὐτοῖς

1975 5521 2188 5592 ¹ιοὶοιῈειι
2245 5518 2325 5573 illi
2376 5519 2521 5574 viam
2583 5518 2880 5588 impietatis
2940 5519 3235 5586 insistens,
3289 5500 3581 5581 merito—in

336 5586 559 5694 tvotx‘of;
587 5595 1216 5694 upnpvdv,
1249 5610 1378 5694 etc.,
1419 5620 1538 5674 quae
1565 5607 1908 5686 leguntur'in
1975 5587 1979 5592 Ι
2016 5610 2268 5668 eumdem
2307 5624 2430 5665 cum
2472 5609 2579 5664 illis
2629 5586 2782 5664 esitii
2840 5612 3108 5681 gurgitem
3162 5619 3248 5667 est
3301 5613 3578 5685 delapsus.

335 5676 444 5735 ﬁne
477 5680 603 5737 libri
635 5683 834 5741 decimi
881 5686 1139 5746 Historia:
1187 5693 1577 5752 ccclesiasticw.
1605 5676 1854 5755 Τοσαῦτᾶ
1877 5704 1907 5756 ὁ
2013 5711 2118 5758 etc.
2148 5700 2426 5757 Hactenus
2449 5707 2691 5756 veterum
2735 5676 3125 5758 ecclesiasticae
3167 5702 3409 5760 historiae
3423 5676 3575 5761 'sch

308 5870 328 5900 Ι
408 5795 746 5873 (αλΠειθειν
772 5806 934 5875 τούς.
977 5808 1070 5868 Sic
1097 5813 1404 5873 mutatione
1426 5817 1836 5877 emendavimus
1863 5836 1935 5892 qu

1977 5819 2009 5879 d
2039 5821 2200 5892 prius.
2222 5821 2364 5880 male
2393 5821 2673 5892 legebatur
2699 5821 2827 5888 τοὺς
2868 5821 3096 5878 πείθειν;
3144 5821 3305 5880 Ευιτ.
3332 5821 3511 5877 Pun.
3601 5844 3606 5860 π
