4126 6436
580 395 651 449 79
1543 387 1877 445 VETERUM
1919 381 2334 443 TESTIMUNIA
2372 383 2510 439 PRO
2546 381 2858 440 EUSEBIO.
3741 383 3810 441 80

581 521 797 582 ptorum
848 507 952 562 fide
997 507 1352 578 dignissimus
1403 505 1668 560 Eusebius
1731 505 2017 575 Pamphili.
2047 504 2138 575 qui

2248 503 2350 555 τῶν
2373 501 2610 573 ἀρχαίων
2637 501 3096 572 ὲκκλησιαστικῶν
3129 503 3486 571 συγγραφέων
3508 500 3813 566 ἀξιοπιστό-

583 598 999 672 quamplur'unis
1033 604 1329 668 martyrum
1380 595 1769 651 certaminibus
1822 595 2144 665 conquisitis

586 701 748 762 atque
775 691 1134 762 investigatis,
1164 703 1230 744 ex
1261 688 1329 744 iis
1359 704 1479 760 quae
1503 687 1734 760 simplici
1763 703 1826 742 ac
1851 688 1972 742 rudi
2002 687 2145 758 stylo

586 787 790 855 scripta
818 784 1032 839 fuerant
1076 784 1282 854 eligens
1315 794 1476 854 atque
1521 795 1839 849 excerpens,
1877 778 2144 834 Ecclesia-

583 875 771 928 sticam
823 871 1101 925 historiam
1155 873 1340 927 decem
1399 869 1622 924 omnino
1687 867 1842 922 libris
1893 875 2146 920 accurate

583 960 948 1032 conscriptam
1007 962 1163 1015 nobis
1202 960 1438 1030 reliquit,
1488 959 1752 1028 incipiens
1807 956 2023 1027 quidem
2076 956 2145 1010 ab

584 1054 818 1110 adventu
851 1051 1085 1115 Domini,
1127 1066 1446 1123 progressus
1492 1065 1618 1105 vero
1667 1050 1734 1105 ad
1779 1063 1841 1103 ea
1885 1063 2005 1118 quae
2033 1047 2144 1102 dixi

582 1152 854 1216 ternpora,
885 1159 995 1198 non
1024 1144 1140 1197 sine
1189 1143 1388 1212 ingenti
1435 1141 1640 1196 labore.
1688 1139 1972 1206 Quomodo
2000 1139 2145 1193 cnim

583 1240 740 1296 aliter
768 1237 882 1294 ﬁeri
915 1237 1088 1308 potuit
1115 1236 1184 1290 ab
1211 1250 1296 1298 eo,
1328 1234 1420 1305 qui
1465 1241 1674 1288 tantam
1725 1247 1912 1286 curam
1957 1247 2146 1286 susce-

583 1334 686 1405 pit,
733 1338 794 1386 ut
840 1328 1150 1398 hujusmodi
1203 1326 1542 1382 collectionis
1591 1315 1928 1378 harmoniam
1984 1324 2144 1378 nobis

584 1420 970 1480 conservaret?
1013 1421 1122 1474 imo
1163 1433 1293 1474 vero
1319 1433 1614 1480 summum,
1637 1422 1696 1470 ut
1716 1416 1848 1480 dixi,
1881 1417 2142 1482 studium,

582 1524 637 1572 et
657 1514 1024 1570 incredibilem
1054 1511 1258 1565 laboris
1288 1509 1499 1578 c0piam
1523 1509 1590 1563 ad
1621 1507 1674 1562 id
1703 1509 1951 1563 contulit.
1977 1508 2144 1564 Nemo

582 1619 744 1676 porro
770 1604 1042 1660 existimet
1077 1617 1142 1656 ex
1173 1600 1240 1656 iis
1269 1613 1390 1669 quae
1436 1597 1503 1653 de
1533 1598 1625 1652 illo
1662 1599 2139 1662 circumferuntur,

581 1699 759 1753 virum
783 1697 926 1751 hunc
958 1695 1014 1749 in
1043 1693 1159 1746 Arii
1203 1690 1534 1761 impietatem
1568 1705 1806 1758 unquam
1837 1690 2143 1746 concessis-

581 1806 642 1846 se
675 1808 690 1844 :
725 1788 822 1845 sed
856 1787 1062 1848 credat,
1095 1785 1142 1839 si
1193 1780 1460 1853 quaepiam
1502 1781 1728 1852 protulit
1769 1791 1864 1836 aut
1896 1782 2137 1852 scripsit,

2247 614 2405 661 τατος
2450 596 2704 660 Εὐσέϐιος
2747 597 2776 649 ὁ
2825 596 2918 650 τοῦ
2966 595 3272 668 Παμφίλου,
3331 595 3613 659 πλείστους
3654 596 3813 662 ὅσους

2248 688 2462 757 ἀγῶνας
2492 687 2713 758 θέμενος
2743 689 2836 742 καὶ
2861 688 3358 760 διερευνησάμενος,
3401 689 3466 740 ὲκ
3489 687 3597 740 τῶν
3626 688 3813 752 ἁπλῶς

2248 781 2477 852 ἑχόντων
2505 780 2602 851 τῆν
2642 780 2906 852 ἀναλογῆν
2955 781 3336 852 ποιησάμενος,
3377 781 3434 834 ὲν
3467 779 3596 834 δέκα
3628 781 3812 852 τόμοις

2247 872 2386 934 ὅλοις
2409 871 2474 924 τὰ
2489 875 2586 943 τῆς
2601 874 3056 939 Ἐκκλησιαστικ
3070 872 3137 938 ῆς
3149 873 3282 943 ἡμῖν
3295 877 3556 945 largo/ag-
3572 873 3812 943 ἀκριϐῶς

2248 965 2666 1018 καταλέλοιπεν·
2709 963 3009 1035 ἀρξάμενος
3046 964 3143 1033 μὲν
3184 963 3294 1016 ἀπὸ
3332 964 3431 1033 τῆς
3473 963 3568 1017 τοῦ
3606 965 3810 1034 Κυρίου

2247 1057 2567 1128 παρουσίας,
2596 1055 2886 1126 πληρώσας
2910 1054 2965 1107 δὲ
2991 1057 3069 1118 εἰς
3096 1054 3280 1108 τούσδε
3315 1055 3440 1119 τοὺς
3463 1056 3685 1126 χρόνους
3712 1058 3811 1110 οὐκ

2244 1149 2482 1213 ἀπόνωςο
2517 1149 2634 1210 πῶς
2664 1148 2772 1218 γὰρ
2796 1144 2909 1200 οἷόν
2937 1164 2994 1199 τε
3027 1142 3094 1217 ἦν
3123 1147 3387 1220 τοσαύτην
3421 1147 3812 1219 ἀναδεξάμενον

2245 1238 2500 1309 φροντίδα
2529 1238 2622 1290 τοῦ
2649 1235 3013 1290 διασώσασθαι
3040 1236 3138 1305 τῆς
3177 1237 3386 1290 τοιᾶσδε
3419 1237 3677 1309 συλλογῆς
3715 1237 3814 1309 τὴν

2245 1330 2544 1400 ἀρμονίαν;
2583 1329 2698 1382 ἀλλ’
2733 1328 2808 1392 ὡς
2838 1330 3037 1400 ἀρτίως
3075 1330 3230 1399 ἔφην,
3273 1329 3469 1402 πολλὴν
3501 1332 3810 1399 εἰσενεγκά-

2247 1437 2407 1490 μενος
2433 1420 2530 1491 τὴν
2554 1421 2789 1491 σπουδὴν
2818 1422 2912 1473 καὶ
2946 1420 3171 1472 πλοῦτον
3201 1422 3401 1489 ἄφατον
3429 1422 3610 1475 πόνου.
3651 1421 3811 1476 Ἀλλά

2247 1513 2434 1584 μηδεὶς
2447 1511 2643 1564 οἰέσθω
2667 1513 2757 1565 τὸν
2784 1513 2949 1584 ἄνδρα
2974 1513 3038 1565 ὲκ
3057 1512 3164 1566 τῶν
3192 1515 3314 1584 περὶ
3343 1514 3506 1568 αὐτοῦ
3539 1518 3810 1588 ἐπιπεφη-

2248 1604 2542 1674 μισμένων,
2587 1604 2664 1667 ὡς
2702 1605 2798 1675 τῆς
2835 1607 3041 1677 Ἀρείου
3083 1605 3424 1677 βλασφημίας
3453 1610 3578 1661 ποτέ
3611 1626 3663 1662 τι
3712 1627 3809 1661 πε-

2245 1696 2502 1766 φρονήκει
2522 1711 2536 1724 ·
2564 1695 2698 1748 ἀλλά
2717 1696 3010 1762 πεπείσθω,
3034 1699 3108 1760 ὡς
3124 1702 3172 1752 εί
3198 1701 3290 1753 καί
3317 1701 3416 1752 τιν’
3442 1700 3507 1753 ἂν
3529 1700 3810 1773 ἐλάλησεν,

2245 1786 2278 1857 ἢ
2311 1785 2513 1858 ἔγραψε
2546 1787 2738 1858 μικρόν
2765 1804 2816 1839 τι
2848 1787 2914 1840 τὰ
2953 1778 3159 1861 Ἀρείού
3194 1791 3582 1861 ὐπονοούμενα,
3609 1793 3669 1845 οὐ
3705 1795 3812 1864 μῆν

578 1884 697 1939 Arii
728 1882 924 1954 dogma
953 1849 1229 1934 tantillum
1256 1849 1581 1939 subolenlia,
1617 1889 1678 1929 ea
1717 1889 1826 1928 non
1855 1890 1919 1929 ex
1972 1849 2138 1945 impio

2248 1849 2390 1932 κατά
2411 1849 2508 1950 τῆν
2539 1849 2711 1950 ἀσεϐῆ
2753 1881 2957 1934 ἐκείνου
2989 1849 3212 1945 ἔννοιαν,
3243 1883 3355 1935 ἀλλ’
3395 1849 3452 1949 ἑὲ
3483 1849 3810 1957 ἀπεριέργου

581 1975 728 2030 illius
763 1989 927 2030 sensu
961 1971 1256 2043 protulisse
1290 1981 1527 2038 unquam
1567 1972 1660 2018 aut
1695 1965 2007 2034 scripsisse,
2041 1965 2137 2019 sed

578 2080 646 2121 ex
673 2065 858 2120 minus
889 2063 1107 2118 curiosa
1138 2074 1438 2132 parumque
1482 2055 1717 2112 sollicita
1766 2055 2136 2126 simplicitate,

582 2163 642 2211 ut
675 2157 790 2226 ipse
834 2155 888 2209 in
924 2153 1063 2208 libro
1107 2150 1438 2224 Apologetico
1478 2165 1636 2221 quem
1687 2147 1756 2202 ad
1802 2147 2138 2205 orthodoxos

579 2262 771 2304 omnes
793 2247 1080 2317 episcopos
1113 2243 1296 2310 misit,
1333 2243 1545 2314 plenius
1575 2239 1916 2313 approbavit.

2247 1969 2565 2040 ἁπλότητος,
2594 1970 2773 2033 καθὼς
2816 1972 2909 2024 καὶ
2951 1972 3110 2035 αὐτὸς
3147 1973 3203 2024 ὲν
3248 1972 3325 2042 τῷ
3366 1974 3808 2044 Ἁπολογητικῷ,

2245 2053 2290 2128 ᾧ
2311 2061 2643 2132 διεπέμψατο
2672 2063 2806 2134 πρὸς
2837 2063 2896 2115 τὸ
2925 2063 3031 2116 τῶν
3053 2064 3342 2134 ὀρθοδόξων
3369 2067 3677 2120 ἐπισκόπων
3700 2083 3812 2120 κοι-

2247 2153 2356 2217 νὸν,
2385 2153 2796 2225 μαρτυράμενος
2827 2153 2996 2208 ταῦτα
3022 2155 3447 2228 ὲπληροφόρησε.

1615 2378 1814 2432 Auctor
1844 2375 2101 2432 Chronici
2130 2373 2502 2438 Alexandrini,
2531 2391 2652 2447 pag.
2686 2376 2809 2430 582.

650 2513 920 2571 Eusebius
945 2528 1076 2568 vero
1100 2510 1366 2582 Pamphili
1413 2520 1468 2566 et
1511 2510 1628 2580 ipse
1680 2508 2142 2579 prudentissimus

579 2607 813 2677 scriptor
839 2607 893 2660 in
935 2605 1078 2659 hunc
1133 2603 1353 2657 modum
1389 2608 1577 2656 narrat
1614 2599 1927 2666 :Quoniam
1968 2599 2140 2654 Judaei

580 2695 857 2753 Christum
907 2695 996 2751 die
1051 2694 1190 2748 festo
1241 2692 1294 2746 in
1344 2707 1562 2747 crucem
1606 2697 1867 2764 egerunt,
1900 2691 2138 2745 vicissim

582 2787 688 2859 ipsi
711 2786 900 2844 eodem
925 2785 1012 2841 die
1032 2783 1258 2856 periere.

2329 2507 2387 2561 '0
2428 2507 2485 2561 δὲ
2523 2507 2828 2577 σοφώτατος
2864 2509 3118 2574 Εὐσέϐιος
3154 2513 3183 2564 ὁ
3223 2511 3505 2581 Παμφίλου
3551 2515 3813 2587 συνεγρά-

2246 2599 2384 2670 ψατο
2410 2599 2582 2664 οὕτως
2601 2617 2614 2630 ·
2642 2602 2761 2653 Ὀτι
2791 2603 2847 2653 ἐν
2875 2603 2939 2672 τῇ
2975 2603 3133 2673 ἑορτῇ
3165 2602 3255 2655 τὸν
3288 2603 3520 2674 Χριστὸν
3543 2605 3816 2678 ὲσταύρωὲ

2247 2708 2346 2745 σαν
2393 2692 2442 2744 oi
2487 2690 2744 2755 Ἰουδαῖοι,
2789 2693 2847 2743 ὲν
2888 2693 2952 2762 τῇ
3001 2692 3177 2744 αὐτῶν
3239 2693 3396 2764 ἑορτῇ
3448 2695 3645 2756 πάντες
3707 2698 3815 2749 ἀπ-

2242 2783 2455 2837 ὡλοντο.

1573 2917 1900 2989 Νῖεεριιοηη
1928 2919 1983 2972 in
2013 2917 2146 2973 libro
2175 2933 2229 2974 vl
2277 2917 2548 2988 Historiae,
2586 2937 2706 2992 cap.
2731 2921 2820 2979 '57.

650 3057 851 3114 Eodem
881 3065 1144 3127 tempore,
1167 3056 1472 3113 eruditione
1486 3056 1640 3124 juxta
1669 3063 1722 3111 et
1744 3056 1868 3110 vitae
1893 3057 2144 3111 instituto

2332 3061 2446 3130 Ἐφ’
2470 3054 2529 3114 οὗ
2557 3061 2696 3132 λόγῳ
2728 3061 2821 3115 καὶ
2851 3059 3121 3132 φιλοσόφῳ
3159 3059 3258 3131 βίῳ
3296 3060 3580 3124 διαζῶντα,
3607 3062 3698 3112 καὶ
3722 3061 3815 3113 τοῦ

580 3146 962 3221 philosophum
1006 3145 1400 3212 Christianum,
1431 3155 1485 3199 et
1534 3145 1838 3217 presbyteri
1879 3145 2144 3216 dignitate

2249 3153 2432 3206 αὐτόθι
2489 3153 2777 3223 πρεσϐείου
2829 3152 3150 3222 ἠξιωμένον,
3203 3152 3292 3204 τὸν
3349 3153 3489 3204 θεῖον
3535 3150 3817 3220 Πάμφιλον

583 3247 822 3303 auctum,
852 3238 1092 3294 divinum
1121 3235 1462 3308 Pamphilum
1491 3235 1739 3291 floruisse
1781 3236 2006 3293 scimus.
2035 3237 2148 3292 Cu-

576 3331 668 3400 jus
692 3333 855 3385 vitam
881 3337 936 3386 et
964 3336 1120 3386 actus
1147 3343 1359 3393 omnes,
1391 3329 1658 3383 celebrem
1683 3328 1849 3384 etiam
1880 3344 2042 3399 quam
2071 3329 2144 3384 ibi

579 3422 817 3480 instituit
852 3420 1094 3494 profanae
1134 3421 1442 3492 divinaeque
1487 3417 1843 3490 philosophiae
1878 3419 2143 3486 scholam,

2248 3243 2518 3315 ἐγνωμεψ
2558 3237 2619 3298 οὗ
2644 3243 2731 3296 τὸν
2767 3244 2880 3314 βίον
2908 3245 3001 3297 καὶ
3038 3243 3108 3296 τὰ
3139 3243 3260 3295 καθ’
3283 3245 3511 3296 ἕκαστον
3536 3243 3683 3312 αὐτῷ
3717 3260 3816 3296 πε-

2246 3335 2553 3406 πραγμένα,
2595 3335 2674 3388 ἐτι
2713 3335 2768 3388 δὲ
2814 3337 2907 3388 καὶ
2956 3336 3084 3406 περὶ
3123 3331 3190 3406 ἧς
3237 3337 3596 3405 συνεστήσατο
3639 3337 3814 3388 ἐκεῖσε

2243 3426 2416 3496 λόγων
2448 3427 2607 3481 θείων
2642 3428 2736 3481 καὶ
2770 3427 3072 3496 φιλοσόφων
3107 3426 3411 3498 διατριϐῆς,
3439 3426 3573 3497 πρὸς
3607 3425 3670 3496 δὴ
3695 3425 3819 3479 τού-

580 3524 841 3586 praeterea
890 3519 1233 3568 constantem
1314 3512 1371 3568 in
1435 3511 1602 3568 variis
1671 3511 2146 3582 persecutionibus

2248 3535 2358 3582 τοις
2399 3519 2494 3572 καὶ
2548 3515 2649 3589 τῆν
2700 3518 2839 3588 ὑπὲρ
2886 3517 3164 3580 εὐσεϐείας
3216 3517 3405 3570 τούτου
3451 3519 3507 3570 ὲν
3544 3518 3821 3589 διαφόροις

581 3604 1007 3670 confessionem,
1037 3611 1092 3658 et
1126 3605 1426 3659 certamina
1453 3603 1842 3674 egregiumque
1867 3619 1964 3673 pro
1989 3604 2148 3658 Chri-

580 3699 654 3756 sti
679 3697 901 3753 nomine
928 3697 1271 3768 martyrium,
1294 3695 1566 3752 Eusebius
1592 3699 1798 3753 sororis
1825 3696 1946 3766 ejus
1981 3696 2145 3760 illius,

579 3790 869 3861 eidemque
912 3787 1050 3845 adeo
1085 3787 1290 3845 charus
1315 3796 1378 3842 ut
1399 3789 1470 3843 ab
1493 3803 1561 3844 eo
1585 3801 1886 3860 cognomen
1917 3801 2148 3858 accepe-

580 3881 676 3947 rit,
711 3877 974 3951 peculiari
1021 3880 1231 3948 scripto
1277 3878 1500 3948 copiose
1537 3884 1623 3932 est
1673 3882 2003 3946 prosecutus
2035 3893 2049 3928 :
2082 3874 2150 3928 ad

581 3988 744 4046 quem
775 3987 872 4028 eos
889 3971 984 4042 qui
1017 3970 1330 4025 accuratius
1357 3969 1472 4024 haec
1495 3983 1831 4039 cognoscere
1855 3967 2148 4033 voluerint,

581 4061 886 4133 rejicimus.
937 4059 1208 4116 Eusebius
1254 4059 1358 4115 iste
1401 4057 1708 4128 disciplinis
1736 4057 1990 4113 omnibus
2025 4069 2153 4126 per-

583 4154 779 4225 ceptis,
813 4167 1093 4210 sacrarum
1137 4152 1371 4206 maxime
1401 4151 1706 4205 litterarum
1759 4149 1984 4204 scientia
2032 4148 2152 4203 eni-

583 4247 710 4312 tuit,
743 4254 798 4300 et
825 4244 894 4300 ad
922 4243 1226 4300 Constantii
1261 4255 1437 4314 usque
1467 4249 1713 4312 tempora
1744 4241 1896 4297 vixit.
1930 4240 1996 4295 Et
2024 4255 2150 4296 cum

582 4339 909 4396 Christianae
937 4334 1300 4408 professionis
1326 4334 1768 4392 studiosissimus
1796 4343 1963 4397 esset,
1994 4349 2152 4404 egre-

581 4431 838 4504 giamque
857 4443 959 4500 pro
985 4427 1190 4484 Christi
1225 4427 1433 4483 honore
1464 4427 1862 4482 aemulationem
1889 4425 2146 4496 spiraret,

2245 3610 2503 3680 διωγμοῖς
2533 3609 2848 3681 ὁμολογίαν·
2885 3609 3011 3673 τούς
3058 3627 3116 3663 τε
3161 3609 3378 3679 ἀγῶνας
3420 3610 3602 3673 αὐτοῦ,
3637 3609 3820 3664 καὶτὸ

2248 3703 2554 3756 τελευταῖον
2590 3701 2665 3766 ὡς
2696 3702 2786 3755 τὸν
2827 3701 2920 3755 τοῦ
2955 3702 3249 3773 μαρτυρίου
3292 3703 3583 3773 ἀνεδήσατο
3617 3702 3819 3770 στέφα-

2249 3809 2359 3856 νον,
2413 3791 2671 3856 Εὐσέϐιος
2715 3793 2746 3844 ὀ
2789 3791 2977 3844 τούτου
3034 3791 3364 3860 ἀδελφιδοῦς,
3417 3793 3513 3845 καὶ
3569 3790 3820 3844 τοσοῦτον

2252 3879 2443 3949 ἐκείνῳ
2476 3879 2814 3950 φιλούμενος,
2853 3878 2929 3944 ὡς
2969 3882 3062 3934 καὶ
3098 3881 3195 3952 τὴν
3232 3881 3438 3934 ἐκείνου
3478 3881 3666 3952 κλῆσιν
3696 3881 3818 3934 ὲπί-

2253 3969 2404 4023 θετον
2427 3971 2592 4040 σχεῖν,
2622 3973 2700 4034 εἰς
2719 3969 2910 4024 λεπτὺν
2929 3972 2987 4024 ἐν
3015 3972 3128 4042 ίδίῳ
3150 3973 3480 4043 συντάγματι
3507 3973 3818 4045 περιέλαϐε·

2253 4062 2347 4114 καὶ
2382 4063 2507 4126 τοὺς
2551 4062 2791 4134 ἀκριϐῶς
2832 4063 3182 4134 βουλομένους
3227 4065 3295 4118 τά
3343 4066 3550 4119 ἐκείνου
3600 4067 3820 4128 τ’δέναι,

2252 4151 2398 4222 αὐτῷ
2426 4153 2880 4224 παραπέμπομεν.
2914 4157 3008 4218 Ὃς
3032 4155 3164 4226 δῆτα
3197 4157 3452 4221 Εὐσέϐιος
3482 4158 3570 4212 διά
3605 4160 3822 4213 πάντων

2213 4291 2218 4304 ,
2251 4241 2440 4307 ἐλθὼν,
2478 4241 2708 4314 μάλιστα
2737 4247 2803 4316 τῇ
2849 4246 2976 4316 περὶ
3003 4245 3070 4298 τὰ
3099 4245 3216 4299 θεῖα
3258 4249 3458 4319 σπουδῇ
3500 4251 3818 4320 ἐνακμάζει.

2257 4335 2416 4405 Ἀχρι
2445 4333 2500 4387 δὲ
2536 4336 2630 4390 καὶ
2660 4337 3034 4390 Κωνσταντίου
3062 4338 3155 4390 τὸν
3185 4339 3282 4409 τῆς
3311 4339 3456 4410 ζωῆς
3489 4342 3818 4412 παρείλκυσε

2253 4426 2459 4498 χρόνον.
2493 4427 2816 4498 Χριστιανὸς
2847 4429 2904 4482 δὲ
2928 4427 2996 4482 τά
3022 4428 3254 4500 μάλιστα
3290 4430 3386 4495 ὣν,
3418 4432 3511 4486 καὶ
3539 4433 3704 4488 πολὺν
3729 4434 3821 4487 τὸν

580 4520 892 4594 quindecim
919 4519 1081 4576 tomis
1099 4518 1468 4590 Evangelicam
1496 4517 1955 4588 praeparationem,
1974 4523 2028 4572 et
2055 4515 2146 4571 de-

2255 4513 2415 4584 ζῆλον
2447 4515 2588 4588 ὑπὲρ
2613 4517 2848 4589 Χριστοῦ
2876 4517 3074 4583 πνέων,
3105 4519 3162 4571 ὲν
3205 4517 3496 4574 δεκαπέντε
3520 4521 3703 4592 τόμοις
3723 4521 3821 4593 τὴν

581 4629 702 4670 cem
733 4613 856 4670 aliis
885 4611 1257 4685 Evangeticam
1309 4612 1811 4667 demonstrationem
1864 4617 1950 4667 est
1993 4623 2147 4664 com-

582 4706 795 4779 plexus.
825 4703 892 4758 Et
919 4704 1129 4775 primus
1159 4703 1274 4774 ipse
1301 4717 1520 4758 manum
1552 4702 1804 4774 praesenti
1829 4707 2150 4773 argumento

581 4797 842 4862 admovit,
861 4795 1178 4868 primusque
1207 4794 1374 4850 libros
1403 4809 1500 4850 eos
1529 4793 1960 4849 Ecclesiasticam
1983 4792 2151 4845 histos

583 4891 721 4944 riam
747 4887 1060 4959 appellavit,
1094 4887 1388 4958 decemque
1410 4901 1531 4942 eam
1576 4887 1741 4941 tomis
1773 4883 2024 4940 absolvit.
2054 4883 2150 4937 Est

583 4987 638 5034 et
675 4979 823 5040 aliud
861 4975 981 5048 ejus
1025 4977 1301 5043 volumen,
1349 4977 1404 5032 in
1441 4992 1550 5047 quo
1593 4983 1898 5046 temporum
1948 4982 2150 5030 certam

587 5081 1005 5141 accuratamque
1027 5070 1293 5125 rationem
1333 5067 1581 5139 digessit,
1615 5077 1668 5122 et
1684 5082 1843 5137 quem
1881 5065 2149 5120 Cononem

587 5161 894 5232 appellavit.
927 5159 1160 5232 Scripsit
1189 5173 1406 5230 quoque
1440 5157 1514 5212 De
1568 5156 1905 5213 Constantini
1944 5160 2053 5214 vita
2085 5156 2150 5209 li-

586 5253 716 5313 bros
746 5258 1006 5329 quinque.
1058 5255 1242 5311 Edidit
1272 5263 1327 5310 et
1361 5253 1525 5308 alium
1571 5251 1638 5307 ad
1687 5251 1936 5308 eumdem
1986 5263 2150 5320 quem

590 5335 1274 5422 Tricennatem'inscripsit.
1307 5347 1387 5402 Ad
1433 5343 1766 5417 Stephanum
1795 5345 1925 5399 item
1961 5343 2149 5409 alium,

587 5437 656 5494 de
675 5438 747 5495 iis
770 5453 891 5510 qua:
921 5443 976 5498 in
1017 5439 1327 5512 Evangeliis
1362 5440 1418 5494 in
1447 5437 1672 5494 dubium
1705 5451 1803 5493 seu
1825 5434 2154 5507 disputatio-

588 5546 711 5587 nem
740 5537 1021 5587 vocantur.
1063 5529 1168 5588 Sed
1208 5539 1263 5588 et
1305 5532 1412 5586 alia
1463 5529 1615 5584 varia
1655 5525 1879 5598 reliquit
1929 5526 2151 5595 scripta,

589 5635 709 5690 qua:
761 5619 991 5676 multum
1039 5619 1295 5678 Ecclesia:
1353 5620 1588 5676 afferunt
1627 5617 1902 5674 utilitatis.
1949 5613 2151 5672 Verum

587 5712 867 5768 enimvero
889 5711 1104 5768 etiamsi
1133 5713 1260 5767 talis
1293 5711 1456 5768 fuerit
1475 5752 1490 5777 ,
1517 5711 1574 5766 in
1604 5709 1793 5765 multis
1825 5714 2012 5764 tamen
2053 5723 2150 5780 ap-

591 5810 762 5870 paret,
787 5817 914 5863 eum
941 5801 1056 5857 Arii
1087 5802 1411 5860 sententiam
1438 5801 1846 5872 comprobasse,
1868 5806 1976 5855 etc.
1999 5874 2005 5880 _

2251 4605 2664 4676 Εὺαγγελικὴν
2705 4606 3011 4678 συγγράφει
3057 4609 3591 4677 προπαρασκευὴν,
3631 4611 3726 4664 καὶ
3761 4610 3822 4663 ὲν

2249 4697 2380 4752 δέκα
2408 4698 2567 4753 πάλιν
2605 4699 2705 4772 τὴν
2734 4701 3150 4770 Εῠαῃαελικὴν
3178 4702 3503 4766 ἀπόδειξιν.
3537 4703 3644 4756 Καὶ
3674 4700 3825 4773 πρῶ-

2249 4808 2341 4854 τος
2366 4783 2520 4856 οὗτος
2560 4793 2628 4862 τῇ
2673 4792 2812 4863 μετά
2842 4797 3030 4865 χεῖρας
3071 4795 3320 4848 ὑποθέσει
3370 4795 3652 4860 ἐπέϐαλεν,
3695 4796 3822 4850 Ἐκ-

2251 4882 2698 4952 κλησιαστικὴν
2734 4886 3005 4953 ἱστορίαν
3038 4887 3249 4958 πρῶτος
3294 4888 3565 4957 ὀνομάσας
3599 4887 3697 4958 τὴν
3737 4887 3821 4956 βί-

2252 4973 2376 5027 ϐλον
2395 4991 2409 5005 υ
2433 4973 2564 5028 δέκα
2591 4973 2636 5027 δ’
2662 4976 2719 5028 ὲν
2741 4975 2929 5046 τὸμοις
2961 4976 3118 5030 τοῦτο
3146 4979 3206 5031 τὸ
3232 4978 3514 5048 σύνταγμα
3545 4979 3822 5050 περικλεί-

2252 5080 2388 5117 εται.
2418 5060 2528 5116 Καὶ
2563 5063 2695 5136 ἄλλη
2738 5065 2795 5119 δὲ
2843 5063 3006 5118 αὐτοῦ
3046 5066 3221 5135 βίϐλος
3259 5069 3573 5138 ἐμφέρεται,
3611 5071 3676 5139 ἠν
3705 5072 3823 5123 Ka-

2253 5156 2402 5208 νόνα
2431 5155 2732 5228 ἐπέγραψε,
2764 5155 2863 5221 τάς
2901 5159 3008 5211 τῶν
3043 5160 3248 5232 χρόνων
3287 5159 3654 5231 ἀκριϐουμένη
3689 5176 3825 5232 γρα-

2255 5246 2379 5314 φάς.
2395 5248 2502 5303 Καὶ
2519 5251 2611 5311 Εἰς
2629 5243 2894 5310 τὸν·βίον
2905 5245 2961 5300 δὲ
2975 5251 3430 5304 Κωνσταντίνωι·
3448 5251 3606 5305 πέντε
3634 5251 3824 5319 λόγους

2253 5337 2509 5402 ὲ-ξέδωκε·
2549 5339 2642 5391 καὶ
2676 5339 2860 5411 ἓτερον
2899 5339 2955 5392 δὲ
2995 5342 3128 5412 πρὸς
3166 5341 3346 5408 αὐτὸν,
3377 5341 3435 5394 ὃν
3483 5346 3827 5410 Τριακοντα-

2253 5429 2527 5497 summer
2556 5431 2877 5501 ἐπιγράφειο
2906 5434 2999 5486 καὶ
3035 5433 3291 5504 Στεφάνῳ
3320 5435 3448 5507 περὶ
3479 5435 3590 5486 τῶν
3623 5437 3681 5488 ὲν
3712 5439 3828 5501 τοῖς

2255 5521 2422 5591 ίεροῖς
2467 5521 2816 5591 Εὐαγγελίοις
2847 5523 3233 5596 ἀπορουμένων
3271 5525 3456 5597 ἕτερον
3504 5526 3822 5596 ἀνατίθησιο

2253 5613 2346 5670 καί
2372 5609 2505 5668 ἄλλα
2530 5613 2760 5687 διάφορα
2789 5617 3191 5688 συῃγράμματα
3217 5619 3590 5685 καταλέλοιπε,
3625 5619 3826 5690 πολλὴν

2251 5705 2435 5776 ὄνησιν
2476 5711 2540 5779 τῇ
2575 5707 2870 5781 Ἐκκλησία
2905 5710 3243 5781 εἰσφέροντα.
3283 5711 3430 5783 Πλῆν
3453 5711 3693 5777 τοιοῦτος
3724 5711 3824 5778 ὢν,

2252 5799 2309 5852 ὲν
2337 5799 2548 5866 πολλοῖς
2573 5802 2817 5872 φαίνεται
2849 5802 2916 5858 τὰ
2957 5803 3164 5874 Ἀρείου
3192 5805 3526 5877 πρεσϐεύων,
3554 5823 3609 5864 κ.
3633 5804 3721 5859 τ.)
