4126 6502
397 370 457 424 δι
1331 370 1687 438 ινΕτΕΒυΜ
1726 346 1962 427 resris

2063 372 2142 427 ἰῐΛ
2180 373 2318 430 PRO
2350 375 2657 433 EUSEBIO.
3560 370 3630 425 33

1348 467 1430 521 Ea:
1454 468 1600 522 Actis
1637 470 2008 536 manuscriptis
2044 472 2213 523 sancti
2239 468 2478 526 Silvestri
2508 489 2675 542 papw.

463 617 715 682 Εὐσέϐιος
739 621 768 672 6
794 618 1095 690 Παμφίλου,
1122 621 1219 692 τὴν
1257 620 1796 691 Ἐκκλησιαστικὴν
1838 640 1962 692 συγ-

2137 619 2619 689 llisloriographus
2638 624 2826 672 noster
2854 604 3123 671 Eusebius
3152 612 3505 672 Caesariensis
3531 616 3625 671 Pa-

399 710 623 779 γράφων
663 711 975 779 Ἱστορίαν,
995 712 1256 783 παρέλιπε
1279 715 1405 785 περὶ
1436 716 1663 769 ἑκάστου
1696 716 1863 770 ταῦτα
1887 719 1964 770 εἰ·-

396 801 537 864 πεῖν,
553 801 694 871 ἅπερ
706 803 762 853 ὲν
779 800 955 865 ἄλλοις
973 802 1335 871 συντάγμασιν
1349 804 1600 873 ἔφρασεν·
1617 807 1962 878 ἐνέθεικεν(α)

399 890 507 962 γὰρ
539 891 729 946 ἕνδεκα
755 892 931 961 λόγοις
950 893 1020 947 τὰ
1043 894 1339 966 παθήματα
1368 897 1549 966 σχεδὸν
1567 899 1674 952 τῶν
1693 902 1749 953 ἐν
1767 901 1964 963 πάσαις

397 985 517 1046 ταῖς
546 985 830 1055 ἐπαρχίαις
869 986 1216 1058 ἀθλησὰντων
1267 991 1558 1062 μαρτύρων
1606 992 1700 1045 καὶ⁸
1746 993 1962 1045 ἐπισκό-

402 1092 538 1137 πων,
585 1077 678 1129 καὶ
713 1077 1081 1149 ὁμολογητῶν·
1126 1082 1184 1133 οὐ
1235 1082 1338 1152 μὴν
1379 1082 1515 1136 ἀλλὰ
1558 1082 1828 1151 γυναικῶν
1870 1085 1964 1136 καὶ

399 1166 697 1236 παρθένων,
722 1169 839 1221 ὅσαι
865 1171 1092 1242 ἀνδρείῳ
1131 1174 1434 1243 φρονήματι
1462 1174 1549 1227 διὰ
1574 1174 1664 1227 τὸν
1685 1174 1963 1244 Δεσπότην

399 1254 723 1326 ἠγωνίσαντο
749 1261 1017 1333 Χριστὸν,
1060 1264 1422 1337 ἀνεγράψατο.
1457 1267 1566 1319 Καὶ
1608 1258 1760 1329 οὗτος
1807 1267 1964 1336 μόνος

400 1348 506 1402 τῶν
544 1350 852 1406 ἐπισκόπων
888 1354 996 1407 ἀπὸ
1028 1355 1120 1408 τοῦ
1161 1356 1456 1410 ἀποστόλου
1479 1357 1710 1429 Πέτρου,
1737 1357 1829 1410 καὶ
1858 1374 1960 1411 κα-

396 1437 569 1508 θεξῆς,
602 1440 670 1494 τὰ
708 1442 1004 1515 παθήματα
1042 1447 1181 1500 κατὰ
1212 1447 1364 1511 τάξιν
1401 1448 1719 1520 ἐξηγήσατο.
1747 1448 1964 1501 Τούτων

390 1526 448 1580 δὲ
472 1529 583 1583 τῶν
612 1532 817 1587 πόλεων
840 1537 934 1590 καλ⁸
953 1538 1321 1591 ἀποπολικῶν
1346 1539 1550 1610 θρόνων
1576 1540 1673 1611 τὴν
1698 1540 1964 1610 ἀρχιερω-

393 1619 555 1691 σύνην
581 1625 948 1693 ἐπεσπάσατο,
971 1629 1215 1682 τουτέστι
1246 1630 1343 1700 τῆς
1367 1630 1604 1701 μεγάλης
1628 1630 1735 1683 τῶν
1758 1630 1963 1684 πόλεων

401 1710 636 1784 Ῥώμης,
676 1716 1077 1791 ’Δλεξανδρείας
1111 1737 1170 1772 τε
1204 1721 1298 1773 καὶ
1338 1721 1685 1792 Ἀντιοχείας,
1718 1721 1816 1791 τῆς
1846 1738 1962 1774 κοι-

390 1802 485 1873 νῆς
514 1804 700 1859 ἕνεκεν
729 1808 1011 1877 ὠφελείας.
1049 1811 1142 1862 Ἐκ
1172 1810 1267 1863 τοῦ
1292 1810 1524 1882 ἀριθμοῦ
1558 1813 1736 1866 τοίνυν
1760 1812 1962 1865 τούτων

387 1885 462 1947 ὧν
509 1897 668 1969 μέχρι
713 1901 804 1954 τοῦ
842 1901 1000 1973 δεῦρο
1043 1903 1235 1973 χρόνου
1260 1905 1288 1955 ὁ
1320 1901 1648 1974 προρῤηθεὶς
1675 1906 1741 1974 τῇ
1775 1902 1961 1973 Ἐλλη-

2064 712 2287 768 laestinae
2320 711 2470 765 urbis
2496 710 2803 779 episcopus,
2826 724 2951 762 cum
2992 707 3282 761 Historiam
3311 708 3629 763 ecclesiasti-

2063 820 2179 857 cam
2217 803 2499 865 scriberet,
2535 802 2879 872 praetermisit
2927 815 2991 854 ea
3042 815 3164 869 quae
3218 808 3346 854 sunt
3404 805 3458 854 in
3509 801 3630 855 aliis

2065 895 2366 965 opusculis,
2399 894 2483 948 vel
2514 909 2637 963 quae
2671 910 2729 949 se
2768 891 3010 949 meminit
3053 891 3330 947 retulisse.
3369 890 3504 946 Nam
3544 892 3628 946 vi-

2063 987 2197 1059 ginti
2254 987 2444 1048 libros,
2474 985 2528 1039 id
2572 993 2656 1040 est
2709 985 2845 1040 duas
2896 984 3152 1048 decadas,
3210 984 3454 1038 omnium
3488 999 3629 1054 pene

2063 1078 2470 1150 provinciarum
2498 1078 2781 1147 passiones
2803 1087 3101 1147 martyrum
3124 1115 3139 1138 ,
3168 1076 3548 1146 episcoporum
3574 1084 3629 1132 et

2063 1170 2441 1226 confessorum
2480 1176 2534 1224 et
2578 1183 2855 1223 sacrarum
2894 1168 3182 1222 mulierum
3240 1182 3305 1220 ac
3354 1165 3627 1237 virginum

2064 1262 2348 1316 continere
2378 1259 2524 1314 fecit.
2571 1258 2775 1314 Deinde
2809 1269 3029 1315 secutus
3066 1267 3119 1313 et
3153 1259 3221 1314 ab
3250 1258 3497 1329 apostolo
3522 1256 3626 1313 Pe-

2065 1360 2174 1416 tro,
2204 1351 2446 1406 omnium
2495 1351 2878 1420 episcoporum
2916 1352 3135 1404 nomina
3182 1357 3235 1405 et
3284 1357 3436 1420 gesta
3493 1364 3628 1405 con-

2065 1444 2286 1513 scripsit
2324 1462 2334 1495 :
2372 1449 2426 1496 et
2448 1456 2634 1495 earum
2669 1441 2884 1495 urbium
2913 1455 3033 1510 qua:
3071 1455 3248 1494 arcem
3279 1438 3628 1509 pontiﬁcatus

2064 1552 2160 1606 per
2181 1535 2506 1604 apostolicas
2530 1531 2683 1588 sedes
2707 1540 2889 1586 tenere
2918 1537 3242 1597 noscuntur,
3277 1530 3406 1583 urbs
3431 1528 3625 1594 Roma,

2061 1628 2371 1694 Antiochia,
2408 1626 2806 1697 Hierosolyma,
2846 1623 3117 1695 Ephesus,
3148 1622 3493 1686 Alexandria,
3531 1621 3629 1675 ha-

2062 1736 2183 1775 rum
2235 1719 2454 1773 urbium
2501 1721 2883 1788 episcoporum
2939 1716 3182 1769 omnium
3230 1713 3628 1784 prieteritorum

2061 1828 2235 1883 usque
2266 1812 2335 1866 ad
2360 1822 2572 1881 tempus
2600 1824 2759 1865 suum
2781 1807 2969 1862 Graeco
2997 1822 3248 1864 sermone
3277 1804 3627 1874 conscripsit.

2062 1904 2141 1959 Ex
2161 1919 2392 1975 quorum
2410 1917 2638 1958 numero
2657 1916 2824 1957 unum
2843 1901 3223 1971 episcoporum
3244 1897 3396 1953 urbis
3420 1895 3627 1960 Romae,

387 1990 510 2057 νικῇ
538 1992 909 2063 συνεγράψατο
930 1997 1100 2066 φωνῇ,
1124 1994 1310 2047 τούτου
1330 1995 1420 2047 τὸν
1444 1994 1554 2065 βίον
1568 1996 1667 2049 οὐκ
1678 1995 1958 2065 ἐξίσχυσεν

2063 2006 2312 2052 sanctum
2372 1994 2696 2049 Silvestrum
2757 2008 2844 2047 me
2890 1992 2957 2047 de
3004 1990 3193 2047 Graeco
3258 1990 3315 2044 in
3375 1987 3629 2045 Latinum

392 2081 755 2151 μεταφράσαι,
781 2086 1024 2139 τουτέστι
1070 2087 1161 2140 τοῦ
1183 2087 1334 2156 ἁγίου
1354 2087 1673 2160 Σιλϐἐστρου
1692 2129 1706 2154 ,
1752 2106 1806 2142 κ.
1831 2106 1883 2142 τ.
1905 2087 1954 2142 λ.

2061 2086 2360 2143 transferre
2390 2085 2717 2156 praecepisti.

401 2187 559 2246 Vetus
601 2204 787 2250 auctor
827 2200 879 2252 in
909 2198 1171 2256 Passione
1217 2204 1394 2260 sancti
1429 2202 1871 2326 Valeriani,qu§
1917 2211 1993 2284 est
2035 2201 2235 2284 decimo
2267 2199 2397 2255 Kal.
2445 2199 2715 2263 Januarii,
2744 2208 2801 2252 ut
2848 2196 3066 2252 habetur
3116 2198 3171 2252 in
3217 2199 3372 2252 veteri
3454 2197 3629 2253 codice

1877 2289 2186 2326 osctacensi.

1877 2289 2186 2326 οδειαεεηδι.

461 2352 905 2413 Beatissimorum
929 2369 1227 2434 martyrum
1253 2363 1491 2433 gloriosa
1523 2363 1846 2428 certamina,
1879 2363 1949 2417 ob
1978 2362 2238 2418 honorem
2264 2360 2467 2417 Christi
2498 2359 2711 2414 Domini
2770 2376 2834 2414 ac
2863 2359 2954 2414 Dei
2985 2359 3157 2413 nostri
3192 2355 3429 2413 assiduis
3459 2357 3627 2412 culti-

392 2439 495 2497 bus
525 2452 578 2499 et
603 2446 949 2505 solemnitate
995 2465 1177 2506 annua
1216 2454 1590 2517 celebrantur,
1626 2461 1687 2507 ut
1718 2454 1847 2509 dum
1898 2452 2056 2507 ﬁdem
2094 2459 2394 2523 martyrum
2431 2452 2585 2521 plebs
2618 2451 2813 2507 devota
2862 2451 3143 2521 cognoscit
3173 2456 3227 2503 et
3279 2449 3403 2503 illos
3434 2450 3626 2511 trium-

396 2534 591 2603 phasse
619 2539 872 2608 gaudeat,
902 2550 956 2597 et
990 2558 1049 2598 se
1080 2545 1385 2614 patrocinio
1414 2560 1603 2600 eorum
1637 2544 2028 2617 protegendam
2063 2560 2185 2599 esse
2217 2542 2477 2598 conﬁdat.
2501 2542 2729 2598 Celebre
2755 2544 2900 2599 enim
2930 2543 3180 2607 habetur,
3213 2552 3415 2598 sanctae
3440 2558 3626 2597 recor-

391 2626 627 2684 dationis
662 2628 953 2687 Eusebium
990 2634 1334 2699 historicum,
1360 2637 1719 2695 Caesariensis
1748 2638 1904 2692 urbis
1928 2637 2270 2707 episcopum,
2299 2636 2529 2706 egregiae
2566 2635 2689 2690 vita:
2724 2635 3099 2691 beatissimum
3143 2636 3501 2699 sacerdotem,
3532 2648 3624 2688 ec—

387 2717 696 2777 clesiastica
723 2726 1317 2795 quoqueinstitutione
1345 2728 1726 2789 doctissimum
1759 2737 1814 2783 et
1846 2727 2124 2798 praecipua
2148 2725 2523 2781 sollicitudine
2542 2725 2933 2790 venerandum,
2961 2741 3058 2796 per
3086 2740 3303 2781 omnem
3332 2725 3539 2791 orbem,
3561 2725 3623 2779 in

387 2822 650 2882 quantum
681 2815 866 2872 divino
895 2822 1254 2877 annuntiante
1282 2821 1512 2894 Spiritu,
1550 2832 1609 2877 ut
1629 2828 1842 2892 gestum
1874 2829 1978 2885 est,
2011 2821 2089 2874 rei
2110 2820 2312 2875 veritas
2352 2819 2582 2874 decursa
2615 2818 2786 2872 valuit
2818 2818 3064 2888 reperiri,
3095 2827 3257 2887 prout
3280 2798 3618 2887 singularum

388 2908 791 2974 provinciarum
820 2912 1007 2979 urbes,
1040 2914 1156 2970 loca
1195 2918 1278 2971 vel
1309 2917 1507 2987 oppida
1568 2912 1836 2971 illustrari
1869 2913 2157 2984 triumphis
2190 2912 2491 2983 martyrum
2528 2912 2844 2967 cmlestihus
2893 2916 3244 2976 meruerunt,
3281 2922 3622 2980 quorumque

389 2999 697 3068 principum
723 3009 963 3074 tempore
977 3006 1230 3061 ordinata
1253 3007 1554 3065 ciliciorum
1584 3007 1847 3064 instantia
1877 3007 2178 3060 innumerae
2221 3005 2632 3074 persecutiones
2661 3002 2818 3058 factae
2851 3002 3086 3064 fuerant,
3120 3001 3452 3058 declarasse.
3486 2999 3615 3067 Qui,

385 3091 491 3145 etsi
544 3100 845 3162 martyrum
884 3097 1222 3167 singulorum
1274 3101 1516 3170 integras
1558 3115 1668 3155 non
1715 3098 1973 3167 explicuit
2002 3097 2311 3168 passiones,
2340 3105 2522 3150 tamen
2553 3096 2880 3152 Christianis
2912 3097 3121 3151 devotis
3152 3103 3314 3166 atque
3346 3096 3617 3161 ﬁdelibus,

384 3182 530 3236 unde
556 3182 795 3237 describi
818 3186 903 3238 vcl
933 3187 1198 3243 celebrari
1230 3191 1464 3245 debeant
1493 3190 1761 3245 veraciter
1783 3190 2074 3243 intimavit.
2104 3187 2202 3242 Dei
2236 3188 2419 3257 itaque
2453 3188 2681 3258 gratiam
2709 3195 2823 3242 toto
2855 3188 2988 3241 orbe
3022 3184 3275 3242 diffusam
3302 3186 3478 3241 ﬁdelis
3504 3188 3621 3241 cul-

384 3280 473 3326 tor
501 3274 760 3338 excoluit,
796 3275 926 3329 dum
969 3280 1112 3333 velut
1144 3281 1341 3351 exiguo
1372 3282 1537 3337 tritici
1568 3282 1779 3337 semine
1809 3282 2047 3352 copiosa:
2095 3295 2304 3336 messes
2336 3279 2451 3349 agri
2501 3278 2783 3334 fertilitate
2830 3279 3147 3347 gignuntur,
3179 3284 3233 3331 et
3260 3276 3623 3341 multiplicata

386 3363 633 3419 ubertate
654 3365 963 3435 proﬁciunt.
994 3370 1068 3425 Ita
1091 3388 1186 3442 per
1220 3374 1524 3443 supradicti
1557 3374 1660 3431 viri
1691 3375 2009 3430 relationem
2040 3376 2109 3428 ab
2147 3373 2312 3427 unius
2340 3371 2552 3426 codicis
2599 3371 2749 3428 fonte
2777 3371 3061 3436 diffusam,
3098 3369 3318 3440 scriptis
3343 3374 3620 3424 mananti-

384 3451 486 3509 bus
517 3451 774 3522 ﬁdelium,
812 3465 985 3511 totum
1013 3459 1198 3517 orbem
1228 3461 1566 3517 celebrandae
1596 3462 1881 3533 passiones
1908 3471 2209 3533 martyrum
2242 3462 2574 3533 rigaverunt.
2924 3445 2931 3451 ’

1613 3582 1889 3639 Usuardus
1926 3583 1980 3638 in
2025 3581 2427 3653 Martyrologio.

453 3684 550 3741 Die
569 3686 632 3740 21
664 3690 869 3746 mensis
891 3691 1060 3749 Junii.
1099 3693 1418 3762 Palaestinae,
1452 3698 1628 3751 sancti
1661 3697 1882 3752 Eusebii
1915 3696 2155 3767 episcopi
2188 3702 2242 3750 et
2288 3693 2646 3758 confessoris,
2697 3694 2801 3749 viri
2856 3691 3297 3748 excellentissimi
3328 3690 3528 3763 ingenii
3564 3694 3620 3744 et

379 3777 818 3854 historiographi.

1610 3859 1872 3914 Notkerus
1895 3861 1950 3914 in
1983 3859 2389 3930 Martyrologio.

452 3942 546 3997 Die
566 3943 628 3997 21
661 3946 864 4002 mensis
888 3946 1059 4005 Junii.
1092 3948 1149 4004 in
1171 3949 1416 4006 Caesarea
1450 3950 1717 4021 depositio
1743 3951 1916 4007 sancti
1937 3949 2157 4006 Eusebii
2191 3950 2450 4020 episcopi.

384 4050 756 4110 Manecharius
785 4057 840 4112 in
870 4060 1091 4127 epistola
1131 4061 1198 4115 ad
1219 4061 1538 4135 Ceraunium
1552 4064 1954 4136 Parisiensem“
1976 4065 2303 4136 episcopum,
2333 4079 2490 4136 quam
2533 4062 2761 4136 praeﬁxit
2789 4059 3040 4116 Passioui
3062 4069 3372 4116 sanctorum
3415 4062 3618 4126 marty'

834 4159 839 4164 ν
1375 4133 1518 4187 ‘rum
1547 4133 1856 4203 Speusippi,
1897 4133 2220 4205 Elasippi'et
2258 4133 2592 4202 Meleusippi.

451 4211 744 4284 Prtecipuis
765 4217 1205 4277 beatissimorum
1228 4225 1605 4295 episcoporum
1625 4227 1872 4296 personis
1896 4227 2116 4282 assidue
2145 4226 2418 4297 coaequari
2441 4225 2651 4280 meritis
2680 4239 2788 4277 non
2825 4221 3117 4286 desistens,
3146 4222 3200 4276 in
3219 4220 3364 4277 omni
3387 4233 3616 4273 conver-

381 4305 592 4360 satione
617 4309 928 4375 sacerdotii,
978 4322 1167 4368 sancta
1213 4316 1455 4386 quotidie
1480 4319 1735 4372 exornari
1763 4318 2024 4388 religione
2083 4318 2374 4382 festinans,
2405 4316 2713 4370 divinarum
2745 4313 3154 4383 Scripturarum
3191 4309 3400 4382 legendi
3433 4307 3616 4363 studio

383 4398 638 4455 universa
675 4400 925 4472 dogmata
956 4408 1276 4480 peragrasti.
1308 4405 1465 4462 Nunc
1503 4416 1818 4464 sanctorum
1841 4420 2139 4481 martyrum
2168 4417 2321 4480 gesta
2352 4408 2421 4462 ad
2452 4406 2632 4461 laudis
2662 4411 2769 4459 tum
2813 4404 3090 4459 cumulum
3117 4416 3217 4472 pro
3263 4414 3448 4455 amore
3480 4398 3613 4452 reli-

386 4489 563 4557 gionis
585 4507 911 4565 congregare
944 4496 996 4551 in
1028 4500 1164 4554 urbe
1204 4499 1480 4556 Parisiaca
1521 4501 1752 4559 devotus
1780 4504 2037 4559 intendis.
2080 4501 2236 4557 Unde
2270 4506 2462 4558 sancto
2501 4498 2738 4554 Eusebio
2795 4495 3118 4554 Caesariensi
3159 4495 3216 4548 in
3249 4491 3613 4547 temulationis

386 4581 569 4638 atudio
599 4590 960 4657 coaequandus
996 4606 1080 4657 es,
1116 4599 1168 4647 et
1215 4593 1333 4662 pari
1365 4593 1551 4663 gloriae
1598 4595 1742 4650 dono
1770 4596 2159 4665 perpetualiter
2184 4591 2590 4649 memorandus.

1128 4704 1212 4756 Ea:
1249 4706 1405 4758 ceteri
1436 4705 1706 4761 Breviario
1740 4710 2098 4777 manuscripto
2134 4706 2387 4763 Ecclesia:
2434 4699 2853 4760 Lemovicensis._

1454 4796 1639 4852 Sancti
1659 4797 1877 4855 Eusebii
1904 4801 2145 4871 episcopi
2179 4797 2529 4856 confessoris.

453 4876 657 4975 μειοῖ-ιο
682 4880 731 4933 1.
762 4879 1029 4940 Eusebius
1059 4884 1323 4942 Caesareae
1344 4887 1642 4945 Palaestinae
1670 4893 1959 4964 episcopus
1987 4895 2058 4948 ob
2087 4890 2625 4975 Pamphilimartyris
2664 4887 2959 4943 amicitiam
2992 4880 3259 4952 Pamphili
3287 4893 3484 4935 nomen
3513 4892 3608 4933 ac-

381 4970 548 5039 cepit,
580 4986 646 5026 eo
679 4973 824 5043 quod
853 4990 977 5030 cum
998 4979 1188 5034 eodem
1222 4979 1504 5051 Pamphilo
1532 4982 1729 5039 divina:
1749 4984 2101 5041 Bibliothecae
2118 4987 2473 5059 investigator
2495 4970 2949 5056 diligentissimus
2969 4977 3258 5034 exstiterit.
3283 4972 3375 5027 Vir
3387 4970 3604 5041 quidem

380 5065 500 5114 erat
527 5070 830 5118 memoratu
857 5064 1209 5135 dignissimus
1245 5085 1340 5138 per
1367 5071 1481 5125 haec
1512 5079 1777 5143 tempora,
1815 5082 1929 5131 tum
1955 5077 2247 5131 multarum
2279 5092 2466 5131 rerum
2490 5076 2708 5147 peritia,
2739 5081 2853 5126 tum
2872 5070 3089 5140 ingenio
3114 5065 3433 5121 mirabili.ct
3462 5062 3607 5132 apud

380 5153 606 5220 gentiles
625 5164 678 5209 et
712 5156 853 5225 apud
870 5157 1231 5225 Christianos,
1267 5164 1408 5219 inter
1436 5165 1788 5237 philosophos
1811 5169 2117 5240 praecipuus
2152 5177 2206 5224 et
2240 5169 2616 5225 nobilissimus
2643 5166 2864 5222 habitus
2895 5173 2996 5218 est.
3023 5161 3123 5214 llic
3161 5171 3285 5211 cum
3312 5152 3607 5223 aliquando

381 5239 584 5297 Ariana
610 5246 804 5302 hmrcsi
844 5249 1167 5315 laborasset,
1200 5251 1267 5305 ad
1311 5255 1578 5324 synodum
1632 5256 1905 5313 Nicaenam
1957 5239 2242 5324 accedens,
2286 5258 2492 5329 Spiritu
2522 5266 2712 5314 sancto
2749 5254 3075 5324 inspiratus,
3112 5248 3334 5303 Patrum
3387 5261 3603 5304 senten-

383 5334 513 5391 tiam
566 5348 788 5395 secutus
814 5348 919 5406 est,
953 5358 1017 5397 ac
1044 5344 1303 5418 deinceps
1332 5364 1503 5419 usque
1542 5351 1610 5405 ad
1648 5361 1878 5408 mortem
1912 5354 2261 5408 sanctissime
2293 5367 2417 5407 cum
2462 5352 2761 5407 orthodoxa
2788 5348 2894 5403 ﬁde
2923 5344 3077 5403 vixit.

449 5427 657 5485 LECTIO
682 5434 736 5487 2.
765 5432 892 5488 Fuit
920 5444 1100 5491 autem
1132 5438 1189 5492 in
1231 5438 1431 5495 divinis
1486 5441 1785 5511 Scripturis
1836 5442 2274 5498 studiosissimus
2304 5480 2319 5506 ,
2386 5455 2450 5495 ac
2501 5438 2849 5495 Bibliotheca:
2896 5434 3090 5489 divina:
3142 5448 3267 5486 cum
3318 5432 3604 5504 Pamphilo

380 5531 616 5592 martyre
648 5524 1098 5596 diligentissimus
1132 5531 1508 5604 investigator.
1544 5532 1712 5588 Multa
1761 5532 1967 5589 eisdem
1988 5534 2326 5603 temporibus
2350 5532 2593 5600 scripsit,
2625 5528 2857 5582 maxime
2886 5539 3013 5581 vero
3044 5526 3211 5580 llbl‘OS
3274 5524 3600 5599 Evangelia:

433 5735 510 5809 (α)
548 5734 896 5792 Ἐνέθεικεκ
928 5733 1241 5809 cheudum
1276 5736 1490 5794 videtur
1520 5735 1774 5807 ἐνέθηκεν
1799 5737 1885 5794 vel
1910 5738 1962 5792 ἐν

2063 5754 2236 5795 Ιιεικεν.
2279 5740 2439 5799 Enn.
2466 5741 2641 5798 Pun.
