4126 6436
553 347 622 402 83
1381 349 1714 406 VETERUM
1753 347 2176 406 TESTIMONIA
2215 347 2494 404 CONTRA
2533 347 2904 408 EUSEBIUM.
3693 345 3766 402 εδ

536 457 964 528 pneparationis,
995 459 1384 516 Ecclesiasticte
1442 461 1738 526 Historia};
1777 461 1840 514 In
1907 461 2280 532 Porphyrium,
2334 463 2766 520 Christianorum
2807 465 3019 520 hostem
3074 461 3400 518 acerrimum
3435 481 3448 516 :
3483 458 3765 530 Apologia

539 555 667 607 item
695 569 788 606 sea:
816 569 912 622 pro
943 551 1166 624 Origene
1197 555 1540 624 composuit;
1577 555 1650 608 De
1671 555 1776 609 vita
1811 553 2083 624 Pamphili
2109 561 2380 628 martyris,
2413 573 2558 628 aquo
2573 559 2644 614 ob
2657 573 2898 616 amorem
2911 563 3330 630 cognomentum
3347 561 3580 622 accepit,
3599 552 3766 608 libros

522 664 575 710 tr
589 667 650 706 es
678 669 690 704 :
715 648 842 703 ltem
877 649 1296 704 Commentarios
1321 649 1722 704 eruditissimos
1783 651 1838 702 in
1869 659 2074 702 centum
2101 659 2150 705 et
2173 651 2550 722 quinquaginta
2589 649 2856 706 Psalmos.

609 737 810 794 LECTIO
838 739 890 794 3.
915 738 1212 804 Praaterea,
1243 749 1302 793 ut
1333 739 1548 809 legitur,
1593 738 1834 792 omnium
1869 739 2274 806 provinciarum
2307 755 2432 794 cum
2467 739 2760 794 multorum
2785 747 3100 793 sanctorum
3133 745 3432 808 martyrum
3483 737 3770 806 passiones

535 837 590 885 et
621 830 996 886 confessorum
1029 831 1196 884 vitam
1247 845 1310 884 ac
1337 829 1604 900 virginum
1637 831 2002 900 cognovisset,
2035 831 2224 900 viginti
2251 832 2420 887 libros
2451 831 2518 887 de
2549 831 2754 888 eisdem
2779 832 2984 888 sanctis
3009 831 3368 900 scriptitavit;
3399 829 3470 884 ob
3493 831 3590 884 hos
3645 829 3768 884 ideo

533 933 590 979 et
619 927 888 995 praecipue
919 923 1284 994 Euangelicam
1309 925 1770 992 prtrparationem,
1799 939 1924 977 cum
1957 923 2100 994 apud
2134 933 2322 996 gentes
2345 927 2650 996 praecipuus
2691 925 3002 988 haberetur,
3037 933 3316 996 paternam
3375 923 3598 978 deorum
3639 923 3768 980 reli-

535 1017 752 1087 gionem
778 1019 849 1074 ob
873 1019 1120 1076 veritatis
1149 1033 1388 1073 amorem
1413 1019 1758 1086 contempsit.
1791 1015 2020 1088 Scripsit
2047 1037 2266 1090 quoque
2291 1019 2666 1074 Chronicorum
2693 1019 2970 1074 historiam
2999 1033 3028 1070 a
3059 1019 3232 1090 primo
3259 1034 3404 1074 anno
3427 1017 3658 1072 Abt-alta:
3673 1031 3770 1074 us-

535 1125 642 1180 que
677 1111 744 1164 ad
783 1125 984 1166 annum
1011 1111 1444 1166 trecentesimum
1471 1149 1486 1174 ,
1519 1125 1682 1180 quam
1711 1107 1774 1161 D.
1805 1106 2167 1181 Hieronymus
2197 1121 2522 1180 prosecutus
2565 1119 2672 1168 est.
2729 1111 2854 1166 Fuit
2893 1113 3125 1182 denique
3177 1111 3440 1168 Eusebius
3489 1113 3578 1170 hic
3639 1127 3760 1186 post

533 1203 944 1259 conversionem
971 1205 1312 1260 Constantini
1349 1201 1547 1272 Magni,
1581 1202 1757 1258 eidem
1787 1203 1965 1273 quoad
1993 1204 2148 1268 vixit,
2183 1207 2352 1260 multa
2381 1205 2760 1262 benevolentia
2793 1205 3140 1274 coniunctus.

536 1318 602 1372 In
649 1317 922 1372 Breviario
959 1317 1340 1372 Lemovicensis
1377 1315 1652 1380 Ecclesiae,
1683 1317 1822 1370 edito
1849 1335 2011 1440 anns.
2035 1319 2200 1444 1.37}
2233 1337 2324 1402 per
2361 1305 2896 1390 llugonemﬁarbou,
2935 1319 3154 1372 habetur
3175 1319 3284 1374 [ια-ε
3321 1319 3562 1386 collec‘ta,
3585 1323 3764 1378 eodem

1995 1407 2040 1443 te
2211 1407 2340 1444 unn.

1995 1407 2040 1443 ιε
2071 1407 2134 1444 21
2169 1407 2198 1442 J
2211 1407 2340 1444 untt.

605 1478 982 1548 Omnipotens,
1015 1479 1344 1548 sempiterne
1377 1477 1539 1540 licus,
1585 1477 1678 1546 qui
1705 1493 1804 1532 nos
1835 1477 2094 1532 concedis
2123 1477 2296 1532 sancti
2327 1475 2544 1532 Eusebii
2571 1477 2904 1532 confessoris
2959 1479 3032 1532 tui
3069 1487 3232 1550 atque
3291 1479 3560 1550 pontiﬁcis
3607 1497 3766 1552 agere

535 1571 899 1634 festivitatem,
932 1571 1106 1626 deduc
1139 1589 1259 1636 nos,
1293 1587 1629 1642 qnmsumus,
1660 1573 1779 1642 ejus
1807 1573 2061 1642 precibus
2098 1571 2166 1626 ad
2199 1571 2502 1626 caelestium
2525 1569 2842 1640 gaudiorum
2875 1573 3208 1626 societatem.
3235 1571 3336 1629 Per
3353 1573 3636 1630 Dominum
3669 1589 3764 1628 no-

533 1675 707 1718 strum
739 1661 924 1720 .lesum
954 1661 1253 1724 Christum,
1285 1671 1392 1720 etc.

603 1755 672 1809 1n
695 1757 908 1826 antiquo
938 1753 1151 1810 Missali
1181 1755 1414 1826 ejusdem
1445 1751 1714 1820 Ecclesiw,
1743 1757 1882 1808 edito
1913 1773 2052 1808 anno
2091 1753 2250 1814 {483,
2287 1751 2536 1816 Parisiis,
2565 1755 2642 1808 sic
2671 1753 2890 1808 habetur
2925 1771 2942 1808 :
2971 1751 3088 1808 Sub
3117 1753 3306 1810 eodem
3335 1753 3422 1810 die
3455 1755 3626 1810 sancti
3657 1752 3768 1810 Eu-

531 1847 668 1904 sebii
697 1849 938 1920 episcopi
971 1847 1221 1903 oﬂicium.
1261 1845 1458 1900 Statuit
1483 1845 1554 1910 ei,
1580 1855 1678 1900 etc.
1718 1845 1926 1902 Oratio.
1967 1845 2070 1910 Da,
2103 1859 2438 1916 quaesumus.
2479 1845 2738 1918 Epistola.
2765 1845 3054 1904 Testiﬁcor
3109 1861 3292 1902 coram
3349 1847 3478 1902 Deo.
3527 1847 3764 1920 Evange-

525 1953 676 2007 littm.
714 1949 962 2021 Vigilate.
1001 1947 1132 2010 Qua:
1163 1945 1340 1998 omnia
1367 1945 1422 1995 in
1452 1943 1718 1996 communi
1749 1939 2064 2012 confessoris
2091 1943 2338 2010 episcopi.
2367 1939 2436 1994 Et
2469 1939 2682 1996 dicatur
2731 1945 3018 2010 residuum,
3047 1955 3106 1998 ut
3131 1951 3286 2002 unius
3307 1951 3555 2020 episcopi.

1001 2055 1064 2108 In
1105 2057 1260 2108 reteri
1286 2053 1610 2110 Kalendario
1641 2057 1997 2126 manuscripto
2023 2055 2254 2126 ejusdem
2281 2053 2530 2112 Ecclesia!
2561 2059 2778 2112 habetur
2803 2061 2856 2113 in
2881 2077 3054 2114 mense
3079 2059 3264 2116 Iunio.

595 2187 648 2224 ιι
683 2169 908 2225 Kalend.
951 2168 1102 2224 Julii.
1127 2169 1346 2224 Eusebii
1381 2169 1800 2240 archiepiscopi.

523 2263 702 2319 Codex
729 2280 828 2318 ms.
859 2263 1176 2318 Parisiensis
1205 2261 1450 2318 Ecclesia:
1478 2273 1600 2317 ante
1627 2265 1954 2402 octiltgtgtkntos.
1969 2282 2134 2318 annos
2162 2277 2434 2328 exaratus,
2458 2267 2726 2322 continens
2747 2263 2958 2326 Eusebii
2985 2269 3278 2326 Historiam
3307 2273 3754 2340 ecclesiasticam,

1247 2359 1252 2362 -
1771 2351 1799 2386 ιι
1845 2351 1910 2388 no
1937 2345 2233 2402 tnterprete,
2267 2339 2342 2390 sic
2363 2339 2581 2402 incipit:
2959 2345 2964 2354 '

1247 2359 1252 2362 -
1720 2339 1910 2402 Ruﬁno
1937 2339 2233 2404 interprete,
2267 2339 2342 2390 sic
2363 2339 2581 2406 incipit:
2959 2345 2964 2354 '

591 2432 652 2488 In
683 2431 902 2488 nomine
931 2431 1024 2486 Dei
1051 2433 1269 2496 summi,
1295 2433 1483 2502 incipit
1519 2431 1758 2486 Historia
1787 2435 1958 2487 sancti
1997 2431 2214 2488 Eusebii
2243 2435 2598 2490 Caesariensis
2629 2433 2893 2506 episcopi,
2935 2435 2990 2490 id
3017 2443 3100 2490 est
3129 2435 3252 2490 libri
3283 2451 3512 2492 numero
3541 2453 3614 2494 xu.

595 2551 684 2608 Ex
740 2551 874 2606 libro
905 2551 981 2606 De
1033 2551 1396 2606 luminaribus
1461 2553 1740 2616 Ecclesia),
1797 2553 1884 2621 qui
1941 2551 2160 2621 habetur
2199 2551 2251 2602 in
2283 2551 2614 2605 collectaneis
2667 2549 2845 2616 Bedar,
2893 2561 2942 2604 et
3001 2553 3138 2604 inter
3183 2569 3342 2620 opera
3379 2553 3560 2620 spuria
3619 2553 3684 2608 Β.

1989 2619 2034 2672 Η
2043 2621 2318 2690 ieronymi.

591 2713 861 2772 Eusebius
885 2713 1264 2782 Caesariensis,
1297 2715 1466 2770 clavis
1491 2711 1922 2784 Scripturarum,
1955 2723 2251 2783 custosque
2283 2711 2416 2766 Novi
2443 2713 2801 2779 Testamenti,
2832 2715 3016 2768 multis
3077 2715 3250 2784 Iunior
3303 2719 3358 2773 in
3407 2715 3762 2786 conscriptio-

519 2806 685 2862 nibus
717 2821 840 2861 esse
869 2805 1276 2876 comprobatur.
1323 2805 1450 2860 Tria
1492 2815 1618 2862 sunt
1647 2807 1930 2877 praeclara,
1953 2821 2074 2876 qua:
2099 2806 2202 2860 hoc
2227 2805 2278 2858 in
2315 2805 2572 2874 operibus
2603 2799 2722 2874 ejus
2751 2822 2874 2861 vere
2899 2813 3174 2860 testantur
3203 2827 3214 2860 :
3249 2805 3483 2860 (Senones
3537 2817 3764 2874 quatuor

523 2893 954 2966 Evangeliornm,
983 2897 1074 2964 qui
1115 2895 1320 2950 Novum
1355 2895 1758 2950 Testamentum
1790 2903 2014 2950 narrant
2045 2907 2210 2966 atque
2249 2897 2584 2958 custodiunt,
2627 2896 2814 2952 decem
2849 2897 2970 2951 libri
3039 2895 3292 2950 Historia:
3351 2897 3757 2960 t'cclesiasticw,

519 2999 578 3043 et
603 2985 920 3050 Chronicon,
969 2986 1022 3040 id
1056 2995 1158 3050 est,
1195 2999 1498 3057 temporum
1535 2988 1884 3044 breviarium.
1915 2987 1978 3040 Et
2001 3003 2104 3042 nos
2133 2987 2318 3041 onmia
2339 2987 2458 3056 ejus
2489 2987 2716 3056 vestigia
2761 2987 2852 3056 qui
2887 2987 3088 3041 imitari
3149 2989 3432 3057 potuisset,
3481 3001 3758 3056 nunquam

521 3077 846 3147 reperimus.

518 3189 602 3245 Ex
651 3191 1005 3246 Miscellaneis
1051 3207 1149 3246 ins.
1189 3191 1446 3246 Theodori
1491 3187 1810 3262 Melae/title,
1860 3207 1924 3244 ea:
1983 3192 2147 3259 capite

2131 3209 2155 3244 e
2196 3191 2377 3262 rnjusi
2407 3191 2590 3244 titulus
2643 3199 2721 3262 est
2771 3211 2785 3243 :
2835 3193 2954 3244 ’Ὁτι
2998 3189 3198 3251 πάντες
3247 3191 3357 3242 ὅσοι
3401 3189 3456 3240 ἐν
3504 3189 3760 3262 Αἰγύπτῳ

1426 3261 1902 3330 ἐνεπαιδεύθησαν,
1933 3263 2268 3332 τραχύτερον
2312 3261 2391 3332 τῷ
2414 3263 2590 3328 λέγειν
2619 3261 2876 3330 χρῶνται.

589 3357 856 3413 Eusebius
887 3359 1014 3412 item
1065 3353 1356 3426 Pamphili,
1411 3372 1476 3409 ex
1533 3327 1820 3410 Palaestina
1881 3327 2095 3426 quidem
2125 3327 2186 3420 A-

2130 3365 2170 3420 Α
2273 3327 2436 3408 καιί
2457 3355 2546 3408 τοῦ
2581 3355 2864 3426 Παμφίλου
2895 3351 3148 3416 Εὐσέϐιος
3179 3355 3240 3406 ἐκ
3271 3353 3630 3424 Παλαιστίνης
3663 3355 3759 3424 μὲν

517 3451 784 3506 oriundus
815 3449 934 3512 fuit,
961 3447 1058 3504 sed
1089 3449 1144 3501 in
1181 3447 1438 3518 Egypto,
1469 3457 1524 3500 ut
1563 3447 1678 3517 ipse
1710 3447 1920 3512 scribit,
1965 3447 2088 3503 diu-

2191 3447 2254 3500 τδ
2307 3449 2480 3514 γένος,
2517 3447 2630 3500 ἀλλ’
2677 3449 2750 3510 ὡς
2801 3447 2962 3510 αὑτός
3021 3463 3174 3515 φησι,
3217 3448 3326 3508 τοῖς
3369 3445 3452 3497 ἐπ’
3485 3445 3759 3513 Αἰγύπτου

517 3543 730 3598 tissime
769 3551 1015 3596 versatus
1080 3557 1093 3592 :
1147 3539 1231 3593 vir
1279 3533 1642 3607 undecunque
1709 3539 2085 3604 doctissimus,

2195 3539 2335 3592 πάνυ
2369 3557 2417 3592 τι
2445 3539 2672 3609 χρονίως
2709 3538 3092 3608 συνεφοξτησε·
3135 3535 3450 3607 πολυμαθὴς
3477 3535 3634 3608 ἀνὴρ,
3667 3535 3761 3589 καὶ

519 3630 974 3702 quemadmodum
1036 3637 1260 3701 apparet
1311 3645 1378 3686 ex
1420 3631 1672 3701 plurimis
1729 3647 1868 3702 quos
1919 3631 2090 3686 edidit

2193 3629 2350 3698 δῆλός
2389 3645 2450 3696 γε
2481 3627 2678 3692 πολλὰς
2703 3627 2940 3692 ἐκδόσεις
2967 3625 3328 3700 προενεγκὼν,
3363 3625 3454 3678 καὶ
3485 3625 3759 3698 χρώμενος

521 3725 699 3788 libris,
746 3723 982 3779 dictione
1033 3729 1216 3777 tanton
1259 3731 1440 3790 utens,
1487 3733 1546 3776 ut
1607 3723 1742 3788 dixi,
1789 3723 1980 3780 scabra
2037 3729 2091 3778 et

1068 3738 1216 3777 amen
1259 3731 1440 3790 utens,
1487 3733 1546 3776 ut
1607 3723 1742 3788 dixi,
1789 3723 1980 3780 scabra
2037 3729 2091 3778 et
2197 3725 2338 3776 οὕτω
2369 3725 2432 3793 τῇ
2463 3721 2697 3796 γλώττῃ.

521 3829 734 3885 aSpera.

525 4005 3746 4034 mw

803 4175 1378 4272 VETERUM
1455 4175 2198 4270 TESTIMONIA
2269 4175 2738 4268 CONTRA
2811 4169 3461 4264 EUSEBIUM.

1488 4441 1574 4498 Ea:
1606 4444 1742 4500 libro
1773 4445 2014 4500 Marcelli
2053 4447 2321 4517 Ancyrani
2347 4453 2532 4500 contra
2551 4443 2806 4497 Arianos.

591 4559 760 4616 Incidi
786 4559 1076 4631 aliquando
1103 4561 1156 4614 in
1179 4559 1460 4630 epistolam
1485 4577 1516 4616 a
1535 4561 1790 4618 Narcisso
1805 4563 2086 4632 scriptam,

2279 4555 2544 4628 Ἐντυχὼν
2575 4555 2886 4626 Ναρκίσσου
2913 4551 3008 4604 τοῦ
3055 4549 3390 4622 Νερωνιάδος
3425 4547 3761 4618 προεστῶτος

519 4651 846 4711 Neroniadis
868 4656 1146 4724 episcopo,
1169 4669 1330 4724 quam
1362 4653 1428 4708 ad
1459 4653 1751 4710 Chrestum
1798 4655 2086 4723 quemdam
2121 4655 2148 4709 Ε

2134 4656 2162 4708 Β
2195 4651 2469 4721 ἐπιστολῇ,
2511 4649 2578 4718 ἢν
2605 4649 2851 4719 γέγραφε
2891 4647 3026 4717 πρὸς
3073 4645 3318 4716 Χρηστόν
3353 4661 3494 4706 τινα,
3529 4643 3622 4696 καὶ
3659 4641 3763 4695 Εὑ-

519 4755 574 4802 et
601 4745 974 4818 Euphronium
995 4755 1048 4802 et
1067 4745 1360 4802 Eusebium
1385 4745 1602 4810 direxit,
1628 4747 1786 4816 quasi
1807 4747 2086 4816 proposita

2198 4745 2434 4816 φρόνιον,
2492 4741 2584 4795 καὶ
2627 4739 2906 4802 Εύσέὄιον,
2961 4739 3037 4801 ὡς
3097 4739 3272 4790 'Usiou
3321 4735 3414 4790 τοῦ
3462 4735 3760 4790 ἐπισκόπου

519 4837 708 4908 ipsiab
725 4837 892 4894 Hosio
917 4839 1176 4909 episcopo
1199 4839 1518 4908 quaestione,
1553 4845 1735 4891 utrum
1767 4837 1903 4907 ipse,
1920 4837 2088 4892 veluti

2196 4837 2570 4908 ἐρωτήσαντος
2617 4831 2800 4892 αὑτὸν,
2853 4833 2922 4892 εἰ,
2955 4829 3140 4899 ὥσπερ
3181 4829 3438 4892 Εὐσέϐιος
3465 4830 3492 4882 ὁ
3529 4829 3627 4898 τῆς
3651 4827 3763 4880 Πα-

519 4927 790 4986 Eusebius
833 4929 1178 4994 Palmstinus,
1231 4929 1370 4984 duas
1423 4929 1758 4984 substantias
1805 4929 2083 4984 fateretur.

2195 4927 2490 4994 λαιστίνης,
2519 4925 2614 4978 δύο
2645 4923 2830 4984 οὐσίας
2885 4917 3024 4974 εἷναί
3083 4937 3262 4990 φησιν,
3293 4919 3434 4972 οὕτω
3479 4917 3574 4971 καὶ
3603 4915 3764 4978 αὐτὸς

521 5020 671 5078 lianc
701 5022 796 5078 ubi
837 5023 1114 5094 legissem,
1149 5019 1506 5076 animadverti
1547 5029 1602 5074 et
1649 5021 1830 5090 ipsum
1881 5021 2086 5091 scripto

2193 5019 2340 5086 λέγοι
2361 5035 2374 5048 ·
2407 5019 2575 5086 ἔγνων
2631 5015 2798 5068 αὐτὸν
2819 5013 2926 5066 ἀπὸ
2951 5011 3056 5064 τῶν
3091 5011 3428 5082 γραφέντων,
3453 5011 3600 5079 τρεῖς
3627 5003 3761 5062 εἶναι

521 5111 616 5166 illo
651 5129 750 5169 suo
774 5123 886 5170 tres
921 5115 1256 5171 substantias
1286 5113 1510 5168 omnino
1540 5111 1805 5168 conﬁteri.

1540 5111 1805 5168 conﬁleri.
2198 5109 2474 5164 πιστεύειν
2497 5107 2682 5169 οὐσίας
2709 5103 3153 5175 ἀποκρινόμενον.

525 5229 610 5284 Ea:
647 5231 865 5298 epistola
893 5229 1146 5300 synodica
1167 5231 1526 5298 episcoporum
1562 5225 1776 5300 ﬂgypti
1799 5226 2310 5300 congregatornmin
2343 5223 2470 5300 urbe
2491 5219 2845 5300 Alexandria,
2878 5219 2944 5272 ad
2981 5235 3156 5300 omnes
3195 5217 3450 5272 Ecclesia
3493 5213 3766 5268 catholica

972 5291 1264 5372 episcopos,
1302 5291 1460 5370 qnam
1495 5291 2007 5368 refert'AthanaSius
2039 5299 2095 5350 in
2129 5295 2482 5366 Apologctico
2507 5291 2750 5348 secundo
2783 5293 3042 5346 adversus
3065 5291 3316 5344 Arianos.

583 5409 744 5479 Quod
770 5411 911 5466 enim
951 5413 1240 5467 concilium
1262 5409 1670 5480 episc0porum,
1703 5417 1798 5464 aut
1829 5409 1922 5480 qui
1957 5425 2088 5462 con-

2269 5405 2404 5458 Hola
2447 5405 2554 5476 γὰρ
2591 5403 2685 5457 καὶ
2725 5403 2938 5466 σύνοδος
2979 5403 3290 5456 ἐπισκόπων
3325 5395 3394 5472 ἦν
3425 5401 3578 5465 τότες
3613 5403 3765 5455 ποῖον

511 5521 694 5561 έρεςυε
735 5505 849 5560 veri
889 5505 1164 5562 studiosus
1189 5505 1300 5560 illic
1331 5503 1468 5558 fuit?
1501 5503 1691 5560 Nonne
1736 5505 1982 5574 plerique
2025 5501 2090 5554 il-

2199 5499 2468 5569 συνέδριον
2505 5497 2758 5568 ἀληθείας
2805 5497 3092 5566 ὲχόμενονς
3129 5496 3225 5560 Τίς
3267 5495 3372 5548 τῶν
3411 5495 3672 5548 πλειόνων
3703 5495 3763 5546 ἐν

519 5600 694 5653 lonum
733 5597 940 5652 inimici
973 5597 1132 5652 nobis
1184 5595 1440 5652 fuerunt?
1487 5595 1680 5652 Nonne
1721 5593 1992 5650 Eusebius
2017 5593 2088 5648 ob

2198 5593 2380 5654 αὐτοῖς
2411 5591 2510 5642 οὐκ
2541 5587 2728 5659 ἐχθρὸς
2760 5587 3026 5658 ἡμέτερος
3067 5582 3166 5656 ἦνς
3191 5585 3266 5638 υύ
3297 5583 3384 5639 διὰ
3411 5583 3510 5656 τὴν
3553 5584 3761 5654 ’Δρεῑου

520 5689 638 5744 Arii
665 5689 932 5744 insaniam
987 5687 1248 5743 adversus
1278 5703 1376 5744 nos
1431 5687 1612 5750 irruit,
1647 5693 1700 5742 et
1748 5687 1884 5740 alios
1945 5683 2088 5741 idem

2198 5699 2392 5752 μανιαν
2417 5685 2466 5736 οἱ
2503 5681 2630 5751 περὶ
2683 5679 2956 5732 Ἐυσέὸιον
3003 5677 3123 5732 καθ’
3165 5679 3322 5732 ἡμῶν
3361 5677 3664 5748 ὦρμησιινς
3699 5675 3761 5732 οὐ

523 5802 649 5842 cum
677 5781 796 5854 ipso
843 5781 1140 5838 sentientes
1173 5779 1436 5838 adduxit?
1467 5779 1656 5836 Nonne
1705 5779 1925 5842 assidue
1957 5793 2090 5834 conv

2195 5777 2320 5842 τοὺς
2375 5775 2564 5838 ἄλλους
2613 5771 3054 5844 συμφρονοῦντας
3095 5769 3274 5834 αὐτοῖς
3315 5773 3617 5842 inﬁrmae;
3651 5767 3765 5826 οὐκ
