  <div class='ocr_page' id='page_1' title='image "/cluster/home/n/w/nwhite01/storage/ocr_20150623/19:no.1/coo.31924054872993/060.png"; bbox 0 0 4126 6488; ppageno 0'>
   <div class='ocr_carea' id='block_1_1' title="bbox 429 368 3663 443">
    <p class='ocr_par' dir='ltr' id='par_1_1' title="bbox 429 368 3663 443">
     <span class='ocr_line' id='line_1_1' title="bbox 429 368 3663 443; baseline 0.008 -26"><span class='ocrx_word' id='word_1_1' title='bbox 429 369 496 426; x_wconf 77' lang='lat'><strong>85</strong></span> <span class='ocrx_word' id='word_1_2' title='bbox 1278 368 1612 428; x_wconf 79' lang='lat' dir='ltr'><strong>VETEBUM</strong></span> <span class='ocrx_word' id='word_1_3' title='bbox 1651 369 2081 429; x_wconf 71' lang='lat' dir='ltr'><strong>TESTIMONIA</strong></span> <span class='ocrx_word' id='word_1_4' title='bbox 2107 373 2384 432; x_wconf 78' lang='lat' dir='ltr'><strong>CONTRA</strong></span> <span class='ocrx_word' id='word_1_5' title='bbox 2417 375 2788 438; x_wconf 76' lang='lat' dir='ltr'><strong>EUSEBIUM.</strong></span> <span class='ocrx_word' id='word_1_6' title='bbox 3595 386 3663 443; x_wconf 81' lang='lat'><em>86</em></span> 
     </span>
    </p>
   </div>
   <div class='ocr_carea' id='block_1_2' title="bbox 424 478 1995 571">
    <p class='ocr_par' dir='ltr' id='par_1_2' title="bbox 424 478 1989 570">
     <span class='ocr_line' id='line_1_2' title="bbox 424 478 1989 570; baseline 0.004 -32"><span class='ocrx_word' id='word_1_7' title='bbox 424 482 511 538; x_wconf 64' lang='lat' dir='ltr'><strong>ea</strong></span> <span class='ocrx_word' id='word_1_8' title='bbox 530 478 649 538; x_wconf 76' lang='grc' dir='ltr'>κατ⁴</span> <span class='ocrx_word' id='word_1_9' title='bbox 671 484 850 539; x_wconf 86' lang='grc' dir='ltr'>αὐτῶν</span> <span class='ocrx_word' id='word_1_10' title='bbox 872 483 1183 556; x_wconf 77' lang='grc' dir='ltr'>ἐγράφομεν</span> <span class='ocrx_word' id='word_1_11' title='bbox 1200 486 1276 550; x_wconf 83' lang='grc' dir='ltr'>ὼς</span> <span class='ocrx_word' id='word_1_12' title='bbox 1300 485 1369 541; x_wconf 83' lang='grc' dir='ltr'><strong>τά</strong></span> <span class='ocrx_word' id='word_1_13' title='bbox 1392 488 1602 570; x_wconf 80' lang='grc' dir='ltr'>’Δρείου</span> <span class='ocrx_word' id='word_1_14' title='bbox 1620 489 1989 561; x_wconf 72' lang='grc' dir='ltr'>φρονούντωνς</span> 
     </span>
    </p>
   </div>
   <div class='ocr_carea' id='block_1_3' title="bbox 2078 478 3666 571">
    <p class='ocr_par' dir='ltr' id='par_1_3' title="bbox 2094 497 3666 571">
     <span class='ocr_line' id='line_1_3' title="bbox 2094 497 3666 571; baseline 0.01 -23"><span class='ocrx_word' id='word_1_15' title='bbox 2094 500 2177 549; x_wconf 89' lang='lat' dir='ltr'><strong>tra</strong></span> <span class='ocrx_word' id='word_1_16' title='bbox 2215 510 2312 551; x_wconf 86' lang='lat' dir='ltr'><strong>eos</strong></span> <span class='ocrx_word' id='word_1_17' title='bbox 2358 497 2678 568; x_wconf 74' lang='lat' dir='ltr'><strong>scripsimus</strong></span> <span class='ocrx_word' id='word_1_18' title='bbox 2732 507 2987 571; x_wconf 81' lang='lat' dir='ltr'><strong>tanquam</strong></span> <span class='ocrx_word' id='word_1_19' title='bbox 3036 502 3297 560; x_wconf 85' lang='lat' dir='ltr'><strong>adversus</strong></span> <span class='ocrx_word' id='word_1_20' title='bbox 3345 504 3531 563; x_wconf 83' lang='lat' dir='ltr'><strong>Ariani</strong></span> <span class='ocrx_word' id='word_1_21' title='bbox 3567 507 3666 564; x_wconf 90' lang='lat' dir='ltr'><strong>do-</strong></span> 
     </span>
    </p>
   </div>
   <div class='ocr_carea' id='block_1_4' title="bbox 424 576 1993 653">
    <p class='ocr_par' dir='ltr' id='par_1_4' title="bbox 424 576 1993 653">
     <span class='ocr_line' id='line_1_4' title="bbox 424 576 1993 653; baseline 0.004 -24"><span class='ocrx_word' id='word_1_22' title='bbox 424 576 537 630; x_wconf 86' lang='grc' dir='ltr'><strong>Οὐκ</strong></span> <span class='ocrx_word' id='word_1_23' title='bbox 580 577 838 641; x_wconf 80' lang='grc' dir='ltr'>Εὐσέϐιος</span> <span class='ocrx_word' id='word_1_24' title='bbox 881 579 910 632; x_wconf 89' lang='lat'><strong>6</strong></span> <span class='ocrx_word' id='word_1_25' title='bbox 941 577 998 631; x_wconf 81' lang='grc' dir='ltr'><strong>ἐν</strong></span> <span class='ocrx_word' id='word_1_26' title='bbox 1045 578 1346 653; x_wconf 79' lang='grc' dir='ltr'>Καισαρείᾳ</span> <span class='ocrx_word' id='word_1_27' title='bbox 1387 580 1484 651; x_wconf 86' lang='grc' dir='ltr'><strong>τῆς</strong></span> <span class='ocrx_word' id='word_1_28' title='bbox 1518 580 1878 653; x_wconf 79' lang='grc' dir='ltr'><strong>Παλαιστίνης</strong></span> <span class='ocrx_word' id='word_1_29' title='bbox 1901 581 1993 636; x_wconf 84' lang='grc' dir='ltr'>ἐπὶ</span> 
     </span>
    </p>
   </div>
   <div class='ocr_carea' id='block_1_5' title="bbox 422 666 1991 746">
    <p class='ocr_par' dir='ltr' id='par_1_5' title="bbox 422 666 1991 746">
     <span class='ocr_line' id='line_1_5' title="bbox 422 666 1991 746; baseline 0.005 -27"><span class='ocrx_word' id='word_1_30' title='bbox 422 667 487 738; x_wconf 80' lang='grc' dir='ltr'><strong>τῇ</strong></span> <span class='ocrx_word' id='word_1_31' title='bbox 547 666 710 740; x_wconf 79' lang='grc' dir='ltr'>θυσίᾳ</span> <span class='ocrx_word' id='word_1_32' title='bbox 770 671 1125 741; x_wconf 79' lang='grc' dir='ltr'><strong>κατηγορεῖτο</strong></span> <span class='ocrx_word' id='word_1_33' title='bbox 1177 671 1282 725; x_wconf 83' lang='grc' dir='ltr'>ὐπὸ</span> <span class='ocrx_word' id='word_1_34' title='bbox 1333 672 1442 726; x_wconf 84' lang='grc' dir='ltr'><strong>τῶν</strong></span> <span class='ocrx_word' id='word_1_35' title='bbox 1500 673 1596 730; x_wconf 84' lang='grc' dir='ltr'>σὺν</span> <span class='ocrx_word' id='word_1_36' title='bbox 1628 674 1758 745; x_wconf 81' lang='grc' dir='ltr'>ἡμῖν</span> <span class='ocrx_word' id='word_1_37' title='bbox 1802 672 1991 746; x_wconf 84' lang='grc' dir='ltr'>ὁμολο-</span> 
     </span>
    </p>
   </div>
   <div class='ocr_carea' id='block_1_6' title="bbox 425 758 655 834">
    <p class='ocr_par' dir='ltr' id='par_1_6' title="bbox 425 758 655 834">
     <span class='ocr_line' id='line_1_6' title="bbox 425 758 655 834; baseline -0.026 -19"><span class='ocrx_word' id='word_1_38' title='bbox 425 758 608 834; x_wconf 87' lang='grc' dir='ltr'>γητῶν</span> <span class='ocrx_word' id='word_1_39' title='bbox 635 777 655 825; x_wconf 67' lang='grc' dir='ltr'><strong>ς</strong></span> 
     </span>
    </p>
   </div>
   <div class='ocr_carea' id='block_1_7' title="bbox 2097 586 3668 660">
    <p class='ocr_par' dir='ltr' id='par_1_7' title="bbox 2097 586 3668 660">
     <span class='ocr_line' id='line_1_7' title="bbox 2097 586 3668 660; baseline 0.011 -23"><span class='ocrx_word' id='word_1_40' title='bbox 2097 586 2656 656; x_wconf 76' lang='lat' dir='ltr'><strong>gmatis-assertores?</strong></span> <span class='ocrx_word' id='word_1_41' title='bbox 2683 589 2872 649; x_wconf 81' lang='lat' dir='ltr'><strong>Nonne</strong></span> <span class='ocrx_word' id='word_1_42' title='bbox 2902 590 3190 660; x_wconf 89' lang='lat' dir='ltr'><strong>Eusebius,</strong></span> <span class='ocrx_word' id='word_1_43' title='bbox 3221 595 3480 654; x_wconf 68' lang='lat' dir='ltr'><strong>Caesareae</strong></span> <span class='ocrx_word' id='word_1_44' title='bbox 3515 597 3668 654; x_wconf 83' lang='lat' dir='ltr'><strong>Pale-</strong></span> 
     </span>
    </p>
   </div>
   <div class='ocr_carea' id='block_1_8' title="bbox 2097 676 3664 750">
    <p class='ocr_par' dir='ltr' id='par_1_8' title="bbox 2097 676 3664 750">
     <span class='ocr_line' id='line_1_8' title="bbox 2097 676 3664 750; baseline 0.011 -17"><span class='ocrx_word' id='word_1_45' title='bbox 2097 676 2252 733; x_wconf 88' lang='lat' dir='ltr'><strong>stinae</strong></span> <span class='ocrx_word' id='word_1_46' title='bbox 2278 678 2586 750; x_wconf 88' lang='lat' dir='ltr'><strong>episcopus,</strong></span> <span class='ocrx_word' id='word_1_47' title='bbox 2616 699 2649 738; x_wconf 91' lang='lat' dir='ltr'><strong>a</strong></span> <span class='ocrx_word' id='word_1_48' title='bbox 2681 686 2887 742; x_wconf 79' lang='lat' dir='ltr'><strong>nostris</strong></span> <span class='ocrx_word' id='word_1_49' title='bbox 2917 685 3324 746; x_wconf 86' lang='lat' dir='ltr'><strong>confessoribus</strong></span> <span class='ocrx_word' id='word_1_50' title='bbox 3371 701 3664 750; x_wconf 79' lang='lat' dir='ltr'><strong>accusatus</strong></span> 
     </span>
    </p>
   </div>
   <div class='ocr_carea' id='block_1_9' title="bbox 2095 771 2999 842">
    <p class='ocr_par' dir='ltr' id='par_1_9' title="bbox 2095 771 2999 842">
     <span class='ocr_line' id='line_1_9' title="bbox 2095 771 2999 842; baseline 0.009 -16"><span class='ocrx_word' id='word_1_51' title='bbox 2095 778 2201 838; x_wconf 88' lang='lat' dir='ltr'><strong>est,</strong></span> <span class='ocrx_word' id='word_1_52' title='bbox 2225 771 2371 842; x_wconf 87' lang='lat' dir='ltr'><strong>quod</strong></span> <span class='ocrx_word' id='word_1_53' title='bbox 2400 772 2562 832; x_wconf 85' lang='lat' dir='ltr'><strong>idolis</strong></span> <span class='ocrx_word' id='word_1_54' title='bbox 2586 777 2950 837; x_wconf 85' lang='lat' dir='ltr'><strong>sacrificasset</strong></span> <span class='ocrx_word' id='word_1_55' title='bbox 2976 779 2999 834; x_wconf 73' lang='grc' dir='ltr'><em>ἱ</em></span> 
     </span>
    </p>
   </div>
   <div class='ocr_carea' id='block_1_10' title="bbox 1491 914 2586 997">
    <p class='ocr_par' dir='ltr' id='par_1_10' title="bbox 1491 914 2586 997">
     <span class='ocr_line' id='line_1_10' title="bbox 1491 914 2586 997; baseline -0.012 -18"><span class='ocrx_word' id='word_1_56' title='bbox 1491 924 1820 997; x_wconf 75' lang='lat' dir='ltr'><strong>Epiphanius</strong></span> <span class='ocrx_word' id='word_1_57' title='bbox 1857 926 1911 981; x_wconf 86' lang='lat' dir='ltr'><strong>in</strong></span> <span class='ocrx_word' id='word_1_58' title='bbox 1945 921 2132 981; x_wconf 73' lang='lat' dir='ltr'><strong>hcresi</strong></span> <span class='ocrx_word' id='word_1_59' title='bbox 2160 914 2586 973; x_wconf 77' lang='lat' dir='ltr'><strong>Meletianorum.</strong></span> 
     </span>
    </p>
   </div>
   <div class='ocr_carea' id='block_1_11' title="bbox 489 1053 1980 1131">
    <p class='ocr_par' dir='ltr' id='par_1_11' title="bbox 489 1053 1980 1131">
     <span class='ocr_line' id='line_1_11' title="bbox 489 1053 1980 1131; baseline 0.001 -19"><span class='ocrx_word' id='word_1_60' title='bbox 489 1053 675 1112; x_wconf 81' lang='grc' dir='ltr'>Ταῦτα</span> <span class='ocrx_word' id='word_1_61' title='bbox 724 1056 753 1109; x_wconf 97' lang='lat'><strong>6</strong></span> <span class='ocrx_word' id='word_1_62' title='bbox 805 1055 1054 1127; x_wconf 82' lang='grc' dir='ltr'>βασιλεὺς</span> <span class='ocrx_word' id='word_1_63' title='bbox 1102 1055 1359 1122; x_wconf 76' lang='grc' dir='ltr'>ἀκούσας,</span> <span class='ocrx_word' id='word_1_64' title='bbox 1406 1059 1620 1131; x_wconf 74' lang='grc' dir='ltr'>αἴρεται</span> <span class='ocrx_word' id='word_1_65' title='bbox 1662 1060 1761 1131; x_wconf 80' lang='grc' dir='ltr'>μὲν</span> <span class='ocrx_word' id='word_1_66' title='bbox 1804 1057 1980 1130; x_wconf 82' lang='grc' dir='ltr'>θυμῷ,</span> 
     </span>
    </p>
   </div>
   <div class='ocr_carea' id='block_1_12' title="bbox 420 1148 1983 1224">
    <p class='ocr_par' dir='ltr' id='par_1_12' title="bbox 420 1148 1983 1224">
     <span class='ocr_line' id='line_1_12' title="bbox 420 1148 1983 1224; baseline 0.001 -21"><span class='ocrx_word' id='word_1_67' title='bbox 420 1148 629 1205; x_wconf 66' lang='grc' dir='ltr'>κελεύει</span> <span class='ocrx_word' id='word_1_68' title='bbox 660 1149 716 1202; x_wconf 82' lang='grc' dir='ltr'>δὲ</span> <span class='ocrx_word' id='word_1_69' title='bbox 742 1148 1174 1223; x_wconf 84' lang='grc' dir='ltr'>συγκροτηθῆναι</span> <span class='ocrx_word' id='word_1_70' title='bbox 1198 1150 1414 1206; x_wconf 79' lang='grc' dir='ltr'><strong>σύνοδον</strong></span> <span class='ocrx_word' id='word_1_71' title='bbox 1444 1150 1588 1206; x_wconf 80' lang='grc' dir='ltr'>κατὰ</span> <span class='ocrx_word' id='word_1_72' title='bbox 1603 1152 1702 1224; x_wconf 89' lang='grc' dir='ltr'><strong>τὴν</strong></span> <span class='ocrx_word' id='word_1_73' title='bbox 1732 1152 1983 1222; x_wconf 82' lang='grc' dir='ltr'>Φοινίκην</span> 
     </span>
    </p>
   </div>
   <div class='ocr_carea' id='block_1_13' title="bbox 419 1241 1984 1314">
    <p class='ocr_par' dir='ltr' id='par_1_13' title="bbox 419 1241 1984 1314">
     <span class='ocr_line' id='line_1_13' title="bbox 419 1241 1984 1314; baseline 0.001 -18"><span class='ocrx_word' id='word_1_74' title='bbox 419 1243 479 1296; x_wconf 75' lang='grc' dir='ltr'><strong>ἐν</strong></span> <span class='ocrx_word' id='word_1_75' title='bbox 505 1241 664 1313; x_wconf 82' lang='grc' dir='ltr'>Τύρῳ</span> <span class='ocrx_word' id='word_1_76' title='bbox 686 1244 750 1314; x_wconf 82' lang='grc' dir='ltr'><strong>τῇ</strong></span> <span class='ocrx_word' id='word_1_77' title='bbox 780 1242 928 1296; x_wconf 80' lang='grc' dir='ltr'>πόλει</span> <span class='ocrx_word' id='word_1_78' title='bbox 946 1259 959 1273; x_wconf 80' lang='grc'><em>’</em></span> <span class='ocrx_word' id='word_1_79' title='bbox 985 1243 1235 1297; x_wconf 88' lang='grc' dir='ltr'>ἐκέλευσε</span> <span class='ocrx_word' id='word_1_80' title='bbox 1264 1243 1320 1298; x_wconf 85' lang='grc' dir='ltr'><strong>δέ</strong></span> <span class='ocrx_word' id='word_1_81' title='bbox 1351 1243 1589 1309; x_wconf 77' lang='grc' dir='ltr'>δικάζειν</span> <span class='ocrx_word' id='word_1_82' title='bbox 1614 1244 1869 1298; x_wconf 76' lang='grc' dir='ltr'>Εὐσέϐιον</span> <span class='ocrx_word' id='word_1_83' title='bbox 1895 1243 1984 1298; x_wconf 80' lang='grc' dir='ltr'>τὸν</span> 
     </span>
    </p>
   </div>
   <div class='ocr_carea' id='block_1_14' title="bbox 419 1329 1984 1406">
    <p class='ocr_par' dir='ltr' id='par_1_14' title="bbox 419 1329 1984 1406">
     <span class='ocr_line' id='line_1_14' title="bbox 419 1329 1984 1406; baseline 0 -21"><span class='ocrx_word' id='word_1_84' title='bbox 419 1332 753 1404; x_wconf 80' lang='grc' dir='ltr'>Καισαρείας</span> <span class='ocrx_word' id='word_1_85' title='bbox 798 1332 893 1386; x_wconf 75' lang='grc' dir='ltr'>καὶ</span> <span class='ocrx_word' id='word_1_86' title='bbox 923 1332 1114 1396; x_wconf 75' lang='grc' dir='ltr'>ἄλλους</span> <span class='ocrx_word' id='word_1_87' title='bbox 1151 1334 1330 1399; x_wconf 86' lang='grc' dir='ltr'>τινάς·</span> <span class='ocrx_word' id='word_1_88' title='bbox 1378 1329 1518 1406; x_wconf 79' lang='grc' dir='ltr'>ἦσαν</span> <span class='ocrx_word' id='word_1_89' title='bbox 1558 1334 1614 1387; x_wconf 86' lang='grc' dir='ltr'><strong>δέ</strong></span> <span class='ocrx_word' id='word_1_90' title='bbox 1658 1331 1984 1404; x_wconf 84' lang='grc' dir='ltr'>προσκεκλι-</span> 
     </span>
    </p>
   </div>
   <div class='ocr_carea' id='block_1_15' title="bbox 420 1418 1987 1498">
    <p class='ocr_par' dir='ltr' id='par_1_15' title="bbox 420 1418 1987 1498">
     <span class='ocr_line' id='line_1_15' title="bbox 420 1418 1987 1498; baseline 0.002 -22"><span class='ocrx_word' id='word_1_91' title='bbox 420 1423 569 1493; x_wconf 82' lang='grc' dir='ltr'>μένοι</span> <span class='ocrx_word' id='word_1_92' title='bbox 591 1418 734 1479; x_wconf 76' lang='grc' dir='ltr'>οὗτοι</span> <span class='ocrx_word' id='word_1_93' title='bbox 765 1424 943 1489; x_wconf 87' lang='grc' dir='ltr'>ποσῶς</span> <span class='ocrx_word' id='word_1_94' title='bbox 975 1425 1172 1497; x_wconf 84' lang='grc' dir='ltr'>μᾶλλον</span> <span class='ocrx_word' id='word_1_95' title='bbox 1209 1430 1275 1498; x_wconf 85' lang='grc' dir='ltr'>τῇ</span> <span class='ocrx_word' id='word_1_96' title='bbox 1309 1426 1417 1479; x_wconf 84' lang='grc' dir='ltr'><strong>τῶν</strong></span> <span class='ocrx_word' id='word_1_97' title='bbox 1458 1426 1749 1498; x_wconf 85' lang='grc' dir='ltr'>Ἀρειανῶν</span> <span class='ocrx_word' id='word_1_98' title='bbox 1773 1425 1987 1497; x_wconf 84' lang='grc' dir='ltr'>χυδαιο·</span> 
     </span>
    </p>
   </div>
   <div class='ocr_carea' id='block_1_16' title="bbox 411 1515 1988 1590">
    <p class='ocr_par' dir='ltr' id='par_1_16' title="bbox 411 1515 1988 1590">
     <span class='ocr_line' id='line_1_16' title="bbox 411 1515 1988 1590; baseline 0.001 -21"><span class='ocrx_word' id='word_1_99' title='bbox 411 1515 587 1586; x_wconf 80' lang='grc' dir='ltr'>λογίᾳ.</span> <span class='ocrx_word' id='word_1_100' title='bbox 634 1515 742 1569; x_wconf 82' lang='grc' dir='ltr'>Καὶ</span> <span class='ocrx_word' id='word_1_101' title='bbox 789 1516 1095 1590; x_wconf 87' lang='grc' dir='ltr'>ἐκλήθησαν</span> <span class='ocrx_word' id='word_1_102' title='bbox 1126 1518 1416 1574; x_wconf 84' lang='grc' dir='ltr'>ἐπίσκοποι</span> <span class='ocrx_word' id='word_1_103' title='bbox 1457 1520 1556 1590; x_wconf 86' lang='grc' dir='ltr'><strong>τῆς</strong></span> <span class='ocrx_word' id='word_1_104' title='bbox 1588 1516 1862 1587; x_wconf 77' lang='grc' dir='ltr'>Αἰγύπτου</span> <span class='ocrx_word' id='word_1_105' title='bbox 1889 1518 1988 1588; x_wconf 85' lang='grc' dir='ltr'><strong>τῆς</strong></span> 
     </span>
    </p>
   </div>
   <div class='ocr_carea' id='block_1_17' title="bbox 410 1606 1988 1681">
    <p class='ocr_par' dir='ltr' id='par_1_17' title="bbox 410 1606 1988 1681">
     <span class='ocr_line' id='line_1_17' title="bbox 410 1606 1988 1681; baseline 0.001 -21"><span class='ocrx_word' id='word_1_106' title='bbox 410 1606 721 1679; x_wconf 85' lang='grc' dir='ltr'>καθολικῆς,</span> <span class='ocrx_word' id='word_1_107' title='bbox 755 1607 851 1662; x_wconf 69' lang='grc' dir='ltr'>καὶ</span> <span class='ocrx_word' id='word_1_108' title='bbox 884 1609 989 1663; x_wconf 83' lang='grc' dir='ltr'><strong>ὑπὸ</strong></span> <span class='ocrx_word' id='word_1_109' title='bbox 1035 1609 1351 1663; x_wconf 87' lang='grc' dir='ltr'>Ἀθανάσιον</span> <span class='ocrx_word' id='word_1_110' title='bbox 1393 1610 1694 1681; x_wconf 83' lang='grc' dir='ltr'>ἀκρέμονές</span> <span class='ocrx_word' id='word_1_111' title='bbox 1724 1626 1865 1673; x_wconf 87' lang='grc' dir='ltr'>τινες</span> <span class='ocrx_word' id='word_1_112' title='bbox 1894 1610 1988 1664; x_wconf 84' lang='grc' dir='ltr'><strong>ἄν-</strong></span> 
     </span>
    </p>
   </div>
   <div class='ocr_carea' id='block_1_18' title="bbox 408 1697 1990 1772">
    <p class='ocr_par' dir='ltr' id='par_1_18' title="bbox 408 1697 1990 1772">
     <span class='ocr_line' id='line_1_18' title="bbox 408 1697 1990 1772; baseline 0.001 -21"><span class='ocrx_word' id='word_1_113' title='bbox 408 1697 533 1770; x_wconf 87' lang='grc' dir='ltr'>δρες</span> <span class='ocrx_word' id='word_1_114' title='bbox 576 1701 672 1753; x_wconf 73' lang='grc' dir='ltr'><strong>καὶ</strong></span> <span class='ocrx_word' id='word_1_115' title='bbox 717 1698 953 1770; x_wconf 79' lang='grc' dir='ltr'><strong>μείζους,</strong></span> <span class='ocrx_word' id='word_1_116' title='bbox 980 1701 1073 1754; x_wconf 71' lang='grc' dir='ltr'><strong>καὶ</strong></span> <span class='ocrx_word' id='word_1_117' title='bbox 1115 1701 1174 1754; x_wconf 90' lang='grc' dir='ltr'><strong>ἐν</strong></span> <span class='ocrx_word' id='word_1_118' title='bbox 1224 1700 1343 1771; x_wconf 86' lang='grc' dir='ltr'><strong>Θεῷ</strong></span> <span class='ocrx_word' id='word_1_119' title='bbox 1388 1700 1601 1771; x_wconf 75' lang='grc' dir='ltr'>ἔχοντες</span> <span class='ocrx_word' id='word_1_120' title='bbox 1643 1700 1871 1772; x_wconf 78' lang='grc' dir='ltr'>διαφανῆ</span> <span class='ocrx_word' id='word_1_121' title='bbox 1898 1700 1990 1753; x_wconf 77' lang='grc' dir='ltr'><strong>τὸν</strong></span> 
     </span>
    </p>
   </div>
   <div class='ocr_carea' id='block_1_19' title="bbox 409 1785 1981 1864">
    <p class='ocr_par' dir='ltr' id='par_1_19' title="bbox 409 1785 1981 1864">
     <span class='ocr_line' id='line_1_19' title="bbox 409 1785 1981 1864; baseline 0.001 -21"><span class='ocrx_word' id='word_1_122' title='bbox 409 1789 522 1861; x_wconf 86' lang='grc' dir='ltr'>βίον</span> <span class='ocrx_word' id='word_1_123' title='bbox 540 1809 553 1823; x_wconf 89' lang='grc'>·</span> <span class='ocrx_word' id='word_1_124' title='bbox 584 1793 642 1845; x_wconf 88' lang='grc' dir='ltr'>ὲν</span> <span class='ocrx_word' id='word_1_125' title='bbox 664 1785 744 1855; x_wconf 72' lang='grc' dir='ltr'>οἷς</span> <span class='ocrx_word' id='word_1_126' title='bbox 766 1786 835 1862; x_wconf 83' lang='grc' dir='ltr'>ἦν</span> <span class='ocrx_word' id='word_1_127' title='bbox 868 1792 897 1844; x_wconf 91' lang='lat'><strong>6</strong></span> <span class='ocrx_word' id='word_1_128' title='bbox 928 1792 1235 1863; x_wconf 84' lang='grc' dir='ltr'>μακαρίτης</span> <span class='ocrx_word' id='word_1_129' title='bbox 1256 1792 1523 1862; x_wconf 85' lang='grc' dir='ltr'>Ποτάμων</span> <span class='ocrx_word' id='word_1_130' title='bbox 1554 1794 1583 1844; x_wconf 89' lang='lat'><strong>6</strong></span> <span class='ocrx_word' id='word_1_131' title='bbox 1617 1794 1810 1864; x_wconf 83' lang='grc' dir='ltr'>μέγας,</span> <span class='ocrx_word' id='word_1_132' title='bbox 1830 1793 1859 1845; x_wconf 93' lang='lat'><strong>6</strong></span> <span class='ocrx_word' id='word_1_133' title='bbox 1883 1792 1981 1863; x_wconf 84' lang='grc' dir='ltr'><strong>τῆς</strong></span> 
     </span>
    </p>
   </div>
   <div class='ocr_carea' id='block_1_20' title="bbox 2157 1044 3658 1127">
    <p class='ocr_par' dir='ltr' id='par_1_20' title="bbox 2157 1044 3658 1127">
     <span class='ocr_line' id='line_1_20' title="bbox 2157 1044 3658 1127; baseline 0.003 -22"><span class='ocrx_word' id='word_1_134' title='bbox 2157 1049 2255 1105; x_wconf 87' lang='lat' dir='ltr'><strong>His</strong></span> <span class='ocrx_word' id='word_1_135' title='bbox 2285 1045 2486 1102; x_wconf 79' lang='lat' dir='ltr'><strong>auditis</strong></span> <span class='ocrx_word' id='word_1_136' title='bbox 2518 1044 2816 1115; x_wconf 82' lang='lat' dir='ltr'><strong>imperator</strong></span> <span class='ocrx_word' id='word_1_137' title='bbox 2843 1062 3168 1120; x_wconf 78' lang='lat' dir='ltr'><strong>magnopere</strong></span> <span class='ocrx_word' id='word_1_138' title='bbox 3200 1052 3514 1108; x_wconf 82' lang='lat' dir='ltr'><strong>excanduit.</strong></span> <span class='ocrx_word' id='word_1_139' title='bbox 3552 1050 3658 1127; x_wconf 61' lang='lat' dir='ltr'><strong>lgi.</strong></span> 
     </span>
    </p>
   </div>
   <div class='ocr_carea' id='block_1_21' title="bbox 2085 1135 3658 1214">
    <p class='ocr_par' dir='ltr' id='par_1_21' title="bbox 2085 1135 3658 1214">
     <span class='ocr_line' id='line_1_21' title="bbox 2085 1135 3658 1214; baseline 0 -14"><span class='ocrx_word' id='word_1_140' title='bbox 2085 1154 2175 1201; x_wconf 86' lang='lat' dir='ltr'><strong>tur</strong></span> <span class='ocrx_word' id='word_1_141' title='bbox 2202 1139 2330 1213; x_wconf 82' lang='lat' dir='ltr'><strong>Tyri</strong></span> <span class='ocrx_word' id='word_1_142' title='bbox 2370 1138 2426 1193; x_wconf 89' lang='lat' dir='ltr'><strong>in</strong></span> <span class='ocrx_word' id='word_1_143' title='bbox 2458 1135 2719 1192; x_wconf 78' lang='lat' dir='ltr'><strong>thnice</strong></span> <span class='ocrx_word' id='word_1_144' title='bbox 2750 1141 3038 1194; x_wconf 82' lang='lat' dir='ltr'><strong>convocari</strong></span> <span class='ocrx_word' id='word_1_145' title='bbox 3068 1142 3334 1213; x_wconf 87' lang='lat' dir='ltr'><strong>synodum</strong></span> <span class='ocrx_word' id='word_1_146' title='bbox 3379 1144 3553 1214; x_wconf 88' lang='lat' dir='ltr'><strong>jubet,</strong></span> <span class='ocrx_word' id='word_1_147' title='bbox 3582 1143 3658 1201; x_wconf 88' lang='lat' dir='ltr'><strong>ei-</strong></span> 
     </span>
    </p>
   </div>
   <div class='ocr_carea' id='block_1_22' title="bbox 2087 1228 3655 1303">
    <p class='ocr_par' dir='ltr' id='par_1_22' title="bbox 2087 1228 3655 1303">
     <span class='ocr_line' id='line_1_22' title="bbox 2087 1228 3655 1303; baseline 0.003 -16"><span class='ocrx_word' id='word_1_148' title='bbox 2087 1248 2195 1303; x_wconf 85' lang='lat' dir='ltr'><strong>que</strong></span> <span class='ocrx_word' id='word_1_149' title='bbox 2222 1228 2431 1302; x_wconf 86' lang='lat' dir='ltr'><strong>judicio</strong></span> <span class='ocrx_word' id='word_1_150' title='bbox 2463 1244 2698 1299; x_wconf 53' lang='lat' dir='ltr'><strong>praeesse</strong></span> <span class='ocrx_word' id='word_1_151' title='bbox 2711 1245 2832 1284; x_wconf 90' lang='lat' dir='ltr'><strong>cum</strong></span> <span class='ocrx_word' id='word_1_152' title='bbox 2861 1232 3182 1301; x_wconf 87' lang='lat' dir='ltr'><strong>quibusdam</strong></span> <span class='ocrx_word' id='word_1_153' title='bbox 3205 1234 3328 1291; x_wconf 91' lang='lat' dir='ltr'><strong>aliis</strong></span> <span class='ocrx_word' id='word_1_154' title='bbox 3352 1235 3655 1292; x_wconf 79' lang='lat' dir='ltr'><strong>Caesarien-</strong></span> 
     </span>
    </p>
   </div>
   <div class='ocr_carea' id='block_1_23' title="bbox 2087 1320 3655 1391">
    <p class='ocr_par' dir='ltr' id='par_1_23' title="bbox 2087 1320 3655 1391">
     <span class='ocr_line' id='line_1_23' title="bbox 2087 1320 3655 1391; baseline 0.003 -13"><span class='ocrx_word' id='word_1_155' title='bbox 2087 1339 2202 1381; x_wconf 87' lang='lat' dir='ltr'><strong>sem</strong></span> <span class='ocrx_word' id='word_1_156' title='bbox 2233 1320 2550 1385; x_wconf 87' lang='lat' dir='ltr'><strong>Eusebium,</strong></span> <span class='ocrx_word' id='word_1_157' title='bbox 2579 1320 2672 1391; x_wconf 87' lang='lat' dir='ltr'><strong>qui</strong></span> <span class='ocrx_word' id='word_1_158' title='bbox 2700 1336 2887 1377; x_wconf 80' lang='lat' dir='ltr'><strong>omnes</strong></span> <span class='ocrx_word' id='word_1_159' title='bbox 2928 1324 2982 1378; x_wconf 92' lang='lat' dir='ltr'><strong>in</strong></span> <span class='ocrx_word' id='word_1_160' title='bbox 3012 1325 3339 1382; x_wconf 83' lang='lat' dir='ltr'><strong>Arianorum</strong></span> <span class='ocrx_word' id='word_1_161' title='bbox 3395 1329 3655 1385; x_wconf 85' lang='lat' dir='ltr'><strong>inanissi-</strong></span> 
     </span>
    </p>
   </div>
   <div class='ocr_carea' id='block_1_24' title="bbox 2087 1413 3655 1484">
    <p class='ocr_par' dir='ltr' id='par_1_24' title="bbox 2087 1413 3655 1484">
     <span class='ocr_line' id='line_1_24' title="bbox 2087 1413 3655 1484; baseline 0.006 -14"><span class='ocrx_word' id='word_1_162' title='bbox 2087 1430 2234 1470; x_wconf 90' lang='lat' dir='ltr'><strong>mum</strong></span> <span class='ocrx_word' id='word_1_163' title='bbox 2282 1413 2476 1484; x_wconf 76' lang='lat' dir='ltr'><strong>dogma</strong></span> <span class='ocrx_word' id='word_1_164' title='bbox 2528 1414 2911 1484; x_wconf 87' lang='lat' dir='ltr'><strong>propensiores</strong></span> <span class='ocrx_word' id='word_1_165' title='bbox 2959 1426 3133 1470; x_wconf 90' lang='lat' dir='ltr'><strong>erant.</strong></span> <span class='ocrx_word' id='word_1_166' title='bbox 3212 1416 3346 1472; x_wconf 88' lang='lat' dir='ltr'><strong>Cum</strong></span> <span class='ocrx_word' id='word_1_167' title='bbox 3424 1420 3511 1477; x_wconf 88' lang='lat' dir='ltr'><strong>his</strong></span> <span class='ocrx_word' id='word_1_168' title='bbox 3584 1437 3655 1479; x_wconf 78' lang='lat' dir='ltr'><strong>ex</strong></span> 
     </span>
    </p>
   </div>
   <div class='ocr_carea' id='block_1_25' title="bbox 2088 1500 3651 1579">
    <p class='ocr_par' dir='ltr' id='par_1_25' title="bbox 2088 1500 3651 1579">
     <span class='ocr_line' id='line_1_25' title="bbox 2088 1500 3651 1579; baseline 0.004 -20"><span class='ocrx_word' id='word_1_169' title='bbox 2088 1502 2357 1559; x_wconf 86' lang='lat' dir='ltr'><strong>catholica</strong></span> <span class='ocrx_word' id='word_1_170' title='bbox 2381 1500 2598 1572; x_wconf 64' lang='lat' dir='ltr'><strong>Egypti</strong></span> <span class='ocrx_word' id='word_1_171' title='bbox 2645 1500 2912 1568; x_wconf 85' lang='lat' dir='ltr'><strong>Ecclesia,</strong></span> <span class='ocrx_word' id='word_1_172' title='bbox 2958 1513 3011 1558; x_wconf 85' lang='lat' dir='ltr'><strong>et</strong></span> <span class='ocrx_word' id='word_1_173' title='bbox 3034 1504 3332 1563; x_wconf 86' lang='lat' dir='ltr'><strong>Athanasio</strong></span> <span class='ocrx_word' id='word_1_174' title='bbox 3384 1509 3651 1579; x_wconf 85' lang='lat' dir='ltr'><strong>subjecta,</strong></span> 
     </span>
    </p>
   </div>
   <div class='ocr_carea' id='block_1_26' title="bbox 2088 1593 3652 1669">
    <p class='ocr_par' dir='ltr' id='par_1_26' title="bbox 2088 1593 3652 1669">
     <span class='ocr_line' id='line_1_26' title="bbox 2088 1593 3652 1669; baseline 0.008 -24"><span class='ocrx_word' id='word_1_175' title='bbox 2088 1594 2330 1665; x_wconf 88' lang='lat' dir='ltr'><strong>episcopi</strong></span> <span class='ocrx_word' id='word_1_176' title='bbox 2362 1593 2582 1662; x_wconf 90' lang='lat' dir='ltr'><strong>quidam</strong></span> <span class='ocrx_word' id='word_1_177' title='bbox 2612 1593 2859 1648; x_wconf 84' lang='lat' dir='ltr'><strong>advocati</strong></span> <span class='ocrx_word' id='word_1_178' title='bbox 2884 1601 3031 1661; x_wconf 91' lang='lat' dir='ltr'><strong>sunt,</strong></span> <span class='ocrx_word' id='word_1_179' title='bbox 3066 1596 3309 1666; x_wconf 87' lang='lat' dir='ltr'><strong>primarii</strong></span> <span class='ocrx_word' id='word_1_180' title='bbox 3343 1600 3558 1669; x_wconf 89' lang='lat' dir='ltr'><strong>quidem</strong></span> <span class='ocrx_word' id='word_1_181' title='bbox 3586 1615 3652 1659; x_wconf 84' lang='lat' dir='ltr'><strong>ac</strong></span> 
     </span>
    </p>
   </div>
   <div class='ocr_carea' id='block_1_27' title="bbox 2089 1686 3652 1764">
    <p class='ocr_par' dir='ltr' id='par_1_27' title="bbox 2089 1686 3652 1764">
     <span class='ocr_line' id='line_1_27' title="bbox 2089 1686 3652 1764; baseline 0.003 -20"><span class='ocrx_word' id='word_1_182' title='bbox 2089 1697 2410 1760; x_wconf 69' lang='lat' dir='ltr'><strong>pmstantes</strong></span> <span class='ocrx_word' id='word_1_183' title='bbox 2442 1686 2562 1751; x_wconf 83' lang='lat' dir='ltr'><strong>viri,</strong></span> <span class='ocrx_word' id='word_1_184' title='bbox 2599 1694 2762 1757; x_wconf 91' lang='lat' dir='ltr'><strong>atque</strong></span> <span class='ocrx_word' id='word_1_185' title='bbox 2786 1688 2983 1744; x_wconf 81' lang='lat' dir='ltr'><strong>eximia</strong></span> <span class='ocrx_word' id='word_1_186' title='bbox 3030 1691 3151 1744; x_wconf 65' lang='lat' dir='ltr'><strong>vita:</strong></span> <span class='ocrx_word' id='word_1_187' title='bbox 3195 1692 3484 1748; x_wconf 88' lang='lat' dir='ltr'><strong>sanctitate</strong></span> <span class='ocrx_word' id='word_1_188' title='bbox 3512 1707 3652 1764; x_wconf 68' lang='lat' dir='ltr'><strong>pra:-</strong></span> 
     </span>
    </p>
   </div>
   <div class='ocr_carea' id='block_1_28' title="bbox 2086 1779 3653 1852">
    <p class='ocr_par' dir='ltr' id='par_1_28' title="bbox 2086 1779 3653 1852">
     <span class='ocr_line' id='line_1_28' title="bbox 2086 1779 3653 1852; baseline 0.003 -16"><span class='ocrx_word' id='word_1_189' title='bbox 2086 1782 2218 1846; x_wconf 86' lang='lat' dir='ltr'><strong>diti;</strong></span> <span class='ocrx_word' id='word_1_190' title='bbox 2246 1782 2387 1835; x_wconf 88' lang='lat' dir='ltr'><strong>inter</strong></span> <span class='ocrx_word' id='word_1_191' title='bbox 2422 1793 2561 1850; x_wconf 90' lang='lat' dir='ltr'><strong>quos</strong></span> <span class='ocrx_word' id='word_1_192' title='bbox 2588 1779 2762 1835; x_wconf 81' lang='lat' dir='ltr'><strong>felicis</strong></span> <span class='ocrx_word' id='word_1_193' title='bbox 2798 1781 3076 1835; x_wconf 82' lang='lat' dir='ltr'><strong>memoriae</strong></span> <span class='ocrx_word' id='word_1_194' title='bbox 3106 1795 3337 1852; x_wconf 83' lang='lat' dir='ltr'><strong>magnus</strong></span> <span class='ocrx_word' id='word_1_195' title='bbox 3365 1783 3457 1839; x_wconf 91' lang='lat' dir='ltr'><strong>ille</strong></span> <span class='ocrx_word' id='word_1_196' title='bbox 3490 1782 3653 1840; x_wconf 82' lang='lat' dir='ltr'><strong>Pota-</strong></span> 
     </span>
    </p>
   </div>
   <div class='ocr_carea' id='block_1_29' title="bbox 417 1870 1995 1961">
    <p class='ocr_par' dir='ltr' id='par_1_29' title="bbox 417 1888 1983 1961">
     <span class='ocr_line' id='line_1_29' title="bbox 417 1888 1983 1961; baseline 0 -20"><span class='ocrx_word' id='word_1_197' title='bbox 417 1888 742 1961; x_wconf 82' lang='grc' dir='ltr'>Ἡρακλείας</span> <span class='ocrx_word' id='word_1_198' title='bbox 773 1889 1067 1953; x_wconf 76' lang='grc' dir='ltr'>ἐπίσκοπος</span> <span class='ocrx_word' id='word_1_199' title='bbox 1112 1889 1207 1942; x_wconf 76' lang='grc' dir='ltr'>καὶ</span> <span class='ocrx_word' id='word_1_200' title='bbox 1247 1889 1581 1960; x_wconf 86' lang='grc' dir='ltr'>ὁμολογητής</span> <span class='ocrx_word' id='word_1_201' title='bbox 1600 1907 1612 1919; x_wconf 89' lang='grc'><strong>·</strong></span> <span class='ocrx_word' id='word_1_202' title='bbox 1648 1888 1781 1943; x_wconf 77' lang='grc' dir='ltr'>ἀλλὰ</span> <span class='ocrx_word' id='word_1_203' title='bbox 1822 1889 1916 1942; x_wconf 72' lang='grc' dir='ltr'>καὶ</span> <span class='ocrx_word' id='word_1_204' title='bbox 1935 1889 1983 1942; x_wconf 88' lang='grc' dir='ltr'><strong>οί</strong></span> 
     </span>
    </p>
   </div>
   <div class='ocr_carea' id='block_1_30' title="bbox 2078 1870 3654 1961">
    <p class='ocr_par' dir='ltr' id='par_1_30' title="bbox 2086 1870 3654 1943">
     <span class='ocr_line' id='line_1_30' title="bbox 2086 1870 3654 1943; baseline 0.003 -15"><span class='ocrx_word' id='word_1_205' title='bbox 2086 1890 2177 1929; x_wconf 90' lang='lat' dir='ltr'><strong>mo</strong></span> <span class='ocrx_word' id='word_1_206' title='bbox 2206 1872 2327 1937; x_wconf 87' lang='lat' dir='ltr'><strong>fuit,</strong></span> <span class='ocrx_word' id='word_1_207' title='bbox 2359 1870 2632 1927; x_wconf 75' lang='lat' dir='ltr'><strong>Heraclea:</strong></span> <span class='ocrx_word' id='word_1_208' title='bbox 2657 1872 2948 1943; x_wconf 90' lang='lat' dir='ltr'><strong>episcopus</strong></span> <span class='ocrx_word' id='word_1_209' title='bbox 2994 1882 3051 1928; x_wconf 89' lang='lat' dir='ltr'><strong>et</strong></span> <span class='ocrx_word' id='word_1_210' title='bbox 3075 1872 3381 1930; x_wconf 81' lang='lat' dir='ltr'><strong>confessor.</strong></span> <span class='ocrx_word' id='word_1_211' title='bbox 3413 1874 3654 1932; x_wconf 84' lang='lat' dir='ltr'><strong>Aderant</strong></span> 
     </span>
    </p>
   </div>
   <div class='ocr_carea' id='block_1_31' title="bbox 405 1979 1979 2054">
    <p class='ocr_par' dir='ltr' id='par_1_31' title="bbox 405 1979 1979 2054">
     <span class='ocr_line' id='line_1_31' title="bbox 405 1979 1979 2054; baseline 0.001 -21"><span class='ocrx_word' id='word_1_212' title='bbox 405 1979 513 2033; x_wconf 84' lang='grc' dir='ltr'><strong>τῶν</strong></span> <span class='ocrx_word' id='word_1_213' title='bbox 536 1979 905 2046; x_wconf 86' lang='grc' dir='ltr'>Μελετιανῶν,</span> <span class='ocrx_word' id='word_1_214' title='bbox 936 1981 1165 2053; x_wconf 87' lang='grc' dir='ltr'>μάλιστα</span> <span class='ocrx_word' id='word_1_215' title='bbox 1196 1984 1243 2035; x_wconf 86' lang='grc' dir='ltr'><strong>οί</strong></span> <span class='ocrx_word' id='word_1_216' title='bbox 1262 1980 1356 2034; x_wconf 79' lang='grc' dir='ltr'>τοῦ</span> <span class='ocrx_word' id='word_1_217' title='bbox 1400 1981 1717 2036; x_wconf 82' lang='grc' dir='ltr'>Ἀθανασίου</span> <span class='ocrx_word' id='word_1_218' title='bbox 1744 1998 1979 2054; x_wconf 88' lang='grc' dir='ltr'>κατηγο-</span> 
     </span>
    </p>
   </div>
   <div class='ocr_carea' id='block_1_32' title="bbox 409 2071 1982 2147">
    <p class='ocr_par' dir='ltr' id='par_1_32' title="bbox 409 2071 1982 2147">
     <span class='ocr_line' id='line_1_32' title="bbox 409 2071 1982 2147; baseline 0.001 -22"><span class='ocrx_word' id='word_1_219' title='bbox 409 2071 652 2142; x_wconf 84' lang='grc' dir='ltr'>ροῦντες.</span> <span class='ocrx_word' id='word_1_220' title='bbox 711 2073 963 2145; x_wconf 82' lang='grc' dir='ltr'>Ζηλωτὴς</span> <span class='ocrx_word' id='word_1_221' title='bbox 1003 2073 1060 2126; x_wconf 79' lang='grc' dir='ltr'>δὲ</span> <span class='ocrx_word' id='word_1_222' title='bbox 1088 2072 1162 2127; x_wconf 85' lang='grc' dir='ltr'><strong>ῶν</strong></span> <span class='ocrx_word' id='word_1_223' title='bbox 1193 2074 1332 2145; x_wconf 82' lang='grc' dir='ltr'>ὑπὲρ</span> <span class='ocrx_word' id='word_1_224' title='bbox 1387 2073 1644 2144; x_wconf 84' lang='grc' dir='ltr'>ἀληθείας</span> <span class='ocrx_word' id='word_1_225' title='bbox 1699 2074 1793 2127; x_wconf 77' lang='grc' dir='ltr'>καὶ</span> <span class='ocrx_word' id='word_1_226' title='bbox 1827 2073 1982 2147; x_wconf 83' lang='grc' dir='ltr'>ὀρθο-</span> 
     </span>
    </p>
   </div>
   <div class='ocr_carea' id='block_1_33' title="bbox 406 2161 1981 2237">
    <p class='ocr_par' dir='ltr' id='par_1_33' title="bbox 406 2161 1981 2237">
     <span class='ocr_line' id='line_1_33' title="bbox 406 2161 1981 2237; baseline 0.001 -21"><span class='ocrx_word' id='word_1_227' title='bbox 406 2161 587 2229; x_wconf 81' lang='grc' dir='ltr'>δοξίας</span> <span class='ocrx_word' id='word_1_228' title='bbox 628 2165 658 2219; x_wconf 87' lang='lat'><strong>6</strong></span> <span class='ocrx_word' id='word_1_229' title='bbox 700 2165 1093 2237; x_wconf 84' lang='grc' dir='ltr'>προειρημένος</span> <span class='ocrx_word' id='word_1_230' title='bbox 1131 2166 1396 2236; x_wconf 89' lang='grc' dir='ltr'>Ποτάμων</span> <span class='ocrx_word' id='word_1_231' title='bbox 1427 2168 1455 2219; x_wconf 89' lang='lat'><strong>6</strong></span> <span class='ocrx_word' id='word_1_232' title='bbox 1485 2164 1809 2237; x_wconf 81' lang='grc' dir='ltr'>μακαρίτης,</span> <span class='ocrx_word' id='word_1_233' title='bbox 1832 2165 1981 2218; x_wconf 88' lang='grc' dir='ltr'>ἐλευ-</span> 
     </span>
    </p>
   </div>
   <div class='ocr_carea' id='block_1_34' title="bbox 406 2252 1974 2330">
    <p class='ocr_par' dir='ltr' id='par_1_34' title="bbox 406 2252 1974 2330">
     <span class='ocr_line' id='line_1_34' title="bbox 406 2252 1974 2330; baseline 0.001 -23"><span class='ocrx_word' id='word_1_234' title='bbox 406 2252 784 2327; x_wconf 88' lang='grc' dir='ltr'>θεροστομῶν,</span> <span class='ocrx_word' id='word_1_235' title='bbox 832 2255 890 2321; x_wconf 82' lang='grc' dir='ltr'>ὃς</span> <span class='ocrx_word' id='word_1_236' title='bbox 945 2255 1197 2310; x_wconf 84' lang='grc' dir='ltr'>οὐδέποτε</span> <span class='ocrx_word' id='word_1_237' title='bbox 1241 2256 1426 2327; x_wconf 72' lang='grc' dir='ltr'>εἴληφε</span> <span class='ocrx_word' id='word_1_238' title='bbox 1471 2256 1759 2330; x_wconf 83' lang='grc' dir='ltr'>πρόσωπόν</span> <span class='ocrx_word' id='word_1_239' title='bbox 1800 2269 1974 2319; x_wconf 78' lang='grc' dir='ltr'>τινος⁶</span> 
     </span>
    </p>
   </div>
   <div class='ocr_carea' id='block_1_35' title="bbox 402 2346 1977 2422">
    <p class='ocr_par' dir='ltr' id='par_1_35' title="bbox 402 2346 1977 2422">
     <span class='ocr_line' id='line_1_35' title="bbox 402 2346 1977 2422; baseline 0.002 -21"><span class='ocrx_word' id='word_1_240' title='bbox 402 2346 494 2402; x_wconf 81' lang='grc' dir='ltr'>τὸν</span> <span class='ocrx_word' id='word_1_241' title='bbox 554 2348 830 2420; x_wconf 83' lang='grc' dir='ltr'>ὀφθαλμὸν</span> <span class='ocrx_word' id='word_1_242' title='bbox 893 2349 1002 2421; x_wconf 77' lang='grc' dir='ltr'>γὰρ</span> <span class='ocrx_word' id='word_1_243' title='bbox 1039 2351 1096 2403; x_wconf 87' lang='grc' dir='ltr'><strong>ἐν</strong></span> <span class='ocrx_word' id='word_1_244' title='bbox 1131 2348 1207 2420; x_wconf 85' lang='grc' dir='ltr'>τῷ</span> <span class='ocrx_word' id='word_1_245' title='bbox 1235 2349 1459 2421; x_wconf 86' lang='grc' dir='ltr'>διωγμῷ</span> <span class='ocrx_word' id='word_1_246' title='bbox 1492 2350 1579 2404; x_wconf 83' lang='grc' dir='ltr'><strong>διὰ</strong></span> <span class='ocrx_word' id='word_1_247' title='bbox 1601 2349 1697 2421; x_wconf 83' lang='grc' dir='ltr'>τὴν</span> <span class='ocrx_word' id='word_1_248' title='bbox 1723 2349 1977 2422; x_wconf 79' lang='grc' dir='ltr'>ἀλήθειαν</span> 
     </span>
    </p>
   </div>
   <div class='ocr_carea' id='block_1_36' title="bbox 403 2436 1977 2512">
    <p class='ocr_par' dir='ltr' id='par_1_36' title="bbox 403 2436 1977 2512">
     <span class='ocr_line' id='line_1_36' title="bbox 403 2436 1977 2512; baseline 0.002 -20"><span class='ocrx_word' id='word_1_249' title='bbox 403 2436 686 2509; x_wconf 73' lang='grc' dir='ltr'>ἐτυφλώθη</span> <span class='ocrx_word' id='word_1_250' title='bbox 707 2456 721 2470; x_wconf 80' lang='grc'><em>’</em></span> <span class='ocrx_word' id='word_1_251' title='bbox 755 2438 1014 2510; x_wconf 81' lang='grc' dir='ltr'>ἑωρακὼς</span> <span class='ocrx_word' id='word_1_252' title='bbox 1055 2440 1148 2493; x_wconf 80' lang='grc' dir='ltr'>τὸν</span> <span class='ocrx_word' id='word_1_253' title='bbox 1194 2440 1452 2501; x_wconf 76' lang='grc' dir='ltr'>Εὐσέϐιον</span> <span class='ocrx_word' id='word_1_254' title='bbox 1489 2439 1852 2512; x_wconf 79' lang='grc' dir='ltr'>καθεζόμενον</span> <span class='ocrx_word' id='word_1_255' title='bbox 1883 2441 1977 2495; x_wconf 79' lang='grc' dir='ltr'>καὶ</span> 
     </span>
    </p>
   </div>
   <div class='ocr_carea' id='block_1_37' title="bbox 400 2528 1976 2606">
    <p class='ocr_par' dir='ltr' id='par_1_37' title="bbox 400 2528 1976 2606">
     <span class='ocr_line' id='line_1_37' title="bbox 400 2528 1976 2606; baseline 0.004 -24"><span class='ocrx_word' id='word_1_256' title='bbox 400 2528 708 2593; x_wconf 78' lang='grc' dir='ltr'>δικάζοντα,</span> <span class='ocrx_word' id='word_1_257' title='bbox 762 2532 857 2584; x_wconf 75' lang='grc' dir='ltr'>καὶ</span> <span class='ocrx_word' id='word_1_258' title='bbox 920 2531 1233 2586; x_wconf 83' lang='grc' dir='ltr'>Ἀθανάσιον</span> <span class='ocrx_word' id='word_1_259' title='bbox 1285 2532 1529 2597; x_wconf 79' lang='grc' dir='ltr'>ἑστῶτα,</span> <span class='ocrx_word' id='word_1_260' title='bbox 1583 2532 1976 2606; x_wconf 74' lang='grc' dir='ltr'>καταπονηθεὶς</span> 
     </span>
    </p>
   </div>
   <div class='ocr_carea' id='block_1_38' title="bbox 400 2618 1977 2696">
    <p class='ocr_par' dir='ltr' id='par_1_38' title="bbox 400 2618 1977 2696">
     <span class='ocr_line' id='line_1_38' title="bbox 400 2618 1977 2696; baseline 0.004 -24"><span class='ocrx_word' id='word_1_261' title='bbox 400 2620 466 2691; x_wconf 78' lang='grc' dir='ltr'>τῇ</span> <span class='ocrx_word' id='word_1_262' title='bbox 493 2619 658 2693; x_wconf 86' lang='grc' dir='ltr'>λύπῃ,</span> <span class='ocrx_word' id='word_1_263' title='bbox 712 2622 804 2674; x_wconf 83' lang='grc' dir='ltr'><strong>καὶ</strong></span> <span class='ocrx_word' id='word_1_264' title='bbox 857 2621 1152 2695; x_wconf 81' lang='grc' dir='ltr'>δακρύσας,</span> <span class='ocrx_word' id='word_1_265' title='bbox 1180 2618 1268 2677; x_wconf 78' lang='grc' dir='ltr'><strong>οἷα</strong></span> <span class='ocrx_word' id='word_1_266' title='bbox 1305 2624 1511 2694; x_wconf 88' lang='grc' dir='ltr'>γίνεται</span> <span class='ocrx_word' id='word_1_267' title='bbox 1542 2625 1692 2696; x_wconf 75' lang='grc' dir='ltr'>παρὰ</span> <span class='ocrx_word' id='word_1_268' title='bbox 1713 2627 1823 2687; x_wconf 83' lang='grc' dir='ltr'>τοῖς</span> <span class='ocrx_word' id='word_1_269' title='bbox 1845 2625 1977 2696; x_wconf 86' lang='grc' dir='ltr'>ἁλη-</span> 
     </span>
    </p>
   </div>
   <div class='ocr_carea' id='block_1_39' title="bbox 401 2709 1969 2791">
    <p class='ocr_par' dir='ltr' id='par_1_39' title="bbox 401 2709 1969 2791">
     <span class='ocr_line' id='line_1_39' title="bbox 401 2709 1969 2791; baseline 0.004 -27"><span class='ocrx_word' id='word_1_270' title='bbox 401 2709 573 2777; x_wconf 85' lang='grc' dir='ltr'>θέσιν,</span> <span class='ocrx_word' id='word_1_271' title='bbox 600 2713 920 2769; x_wconf 81' lang='grc' dir='ltr'>ἀπετείνατο</span> <span class='ocrx_word' id='word_1_272' title='bbox 953 2719 1103 2788; x_wconf 83' lang='grc' dir='ltr'><strong>φωνῇ</strong></span> <span class='ocrx_word' id='word_1_273' title='bbox 1137 2717 1347 2791; x_wconf 82' lang='grc' dir='ltr'>μεγάλῃ</span> <span class='ocrx_word' id='word_1_274' title='bbox 1363 2717 1608 2789; x_wconf 79' lang='grc' dir='ltr'>Εὐσεὸίῳ</span> <span class='ocrx_word' id='word_1_275' title='bbox 1622 2718 1816 2787; x_wconf 79' lang='grc' dir='ltr'>λέγων’</span> <span class='ocrx_word' id='word_1_276' title='bbox 1851 2736 1871 2770; x_wconf 76' lang='grc' dir='ltr'><strong>ι</strong></span> <span class='ocrx_word' id='word_1_277' title='bbox 1898 2720 1969 2772; x_wconf 86' lang='grc' dir='ltr'><strong>Σὺ</strong></span> 
     </span>
    </p>
   </div>
   <div class='ocr_carea' id='block_1_40' title="bbox 399 2803 1971 2879">
    <p class='ocr_par' dir='ltr' id='par_1_40' title="bbox 399 2803 1971 2879">
     <span class='ocr_line' id='line_1_40' title="bbox 399 2803 1971 2879; baseline 0.005 -24"><span class='ocrx_word' id='word_1_278' title='bbox 399 2803 627 2876; x_wconf 77' lang='grc' dir='ltr'>καθέξῃ,</span> <span class='ocrx_word' id='word_1_279' title='bbox 659 2804 904 2870; x_wconf 79' lang='grc' dir='ltr'>Εὐσέόιε,</span> <span class='ocrx_word' id='word_1_280' title='bbox 935 2808 1032 2861; x_wconf 77' lang='grc' dir='ltr'>καὶ</span> <span class='ocrx_word' id='word_1_281' title='bbox 1075 2807 1389 2871; x_wconf 83' lang='grc' dir='ltr'>Ἀθανάσιος</span> <span class='ocrx_word' id='word_1_282' title='bbox 1411 2807 1583 2872; x_wconf 86' lang='grc' dir='ltr'>ἁθῶος</span> <span class='ocrx_word' id='word_1_283' title='bbox 1605 2807 1679 2861; x_wconf 85' lang='grc' dir='ltr'><strong>ῶν</strong></span> <span class='ocrx_word' id='word_1_284' title='bbox 1705 2808 1854 2879; x_wconf 68' lang='grc' dir='ltr'>παρὰ</span> <span class='ocrx_word' id='word_1_285' title='bbox 1877 2809 1971 2863; x_wconf 74' lang='grc' dir='ltr'>σοῦ</span> 
     </span>
    </p>
   </div>
   <div class='ocr_carea' id='block_1_41' title="bbox 399 2892 1969 2970">
    <p class='ocr_par' dir='ltr' id='par_1_41' title="bbox 399 2892 1969 2970">
     <span class='ocr_line' id='line_1_41' title="bbox 399 2892 1969 2970; baseline 0.004 -25"><span class='ocrx_word' id='word_1_286' title='bbox 399 2892 680 2964; x_wconf 87' lang='grc' dir='ltr'>κρίνεται·</span> <span class='ocrx_word' id='word_1_287' title='bbox 727 2895 809 2958; x_wconf 90' lang='grc' dir='ltr'><strong>τίς</strong></span> <span class='ocrx_word' id='word_1_288' title='bbox 857 2896 1067 2965; x_wconf 76' lang='grc' dir='ltr'>ἐνέγκοι</span> <span class='ocrx_word' id='word_1_289' title='bbox 1112 2896 1181 2951; x_wconf 88' lang='grc' dir='ltr'><strong>τὰ</strong></span> <span class='ocrx_word' id='word_1_290' title='bbox 1205 2896 1468 2962; x_wconf 73' lang='grc' dir='ltr'>τοιαῦτας</span> <span class='ocrx_word' id='word_1_291' title='bbox 1513 2897 1653 2967; x_wconf 85' lang='grc' dir='ltr'>Λέγε</span> <span class='ocrx_word' id='word_1_292' title='bbox 1688 2898 1747 2952; x_wconf 79' lang='grc' dir='ltr'><strong>δέ</strong></span> <span class='ocrx_word' id='word_1_293' title='bbox 1773 2916 1861 2970; x_wconf 88' lang='grc' dir='ltr'><strong>μοι</strong></span> <span class='ocrx_word' id='word_1_294' title='bbox 1884 2900 1969 2962; x_wconf 82' lang='grc' dir='ltr'>σὺ,</span> 
     </span>
    </p>
   </div>
   <div class='ocr_carea' id='block_1_42' title="bbox 396 2982 1969 3062">
    <p class='ocr_par' dir='ltr' id='par_1_42' title="bbox 396 2982 1969 3062">
     <span class='ocr_line' id='line_1_42' title="bbox 396 2982 1969 3062; baseline 0.003 -25"><span class='ocrx_word' id='word_1_295' title='bbox 396 2983 458 3037; x_wconf 86' lang='grc' dir='ltr'><strong>οὐ</strong></span> <span class='ocrx_word' id='word_1_296' title='bbox 505 2985 603 3038; x_wconf 78' lang='grc' dir='ltr'>σὺν</span> <span class='ocrx_word' id='word_1_297' title='bbox 656 2986 780 3055; x_wconf 74' lang='grc' dir='ltr'>ἐμοὶ</span> <span class='ocrx_word' id='word_1_298' title='bbox 828 2982 971 3058; x_wconf 78' lang='grc' dir='ltr'>ἦσθα</span> <span class='ocrx_word' id='word_1_299' title='bbox 1007 2988 1066 3041; x_wconf 87' lang='grc' dir='ltr'><strong>ἐν</strong></span> <span class='ocrx_word' id='word_1_300' title='bbox 1109 2990 1175 3059; x_wconf 81' lang='grc' dir='ltr'>τῇ</span> <span class='ocrx_word' id='word_1_301' title='bbox 1206 2988 1420 3059; x_wconf 83' lang='grc' dir='ltr'>φυλακῇ</span> <span class='ocrx_word' id='word_1_302' title='bbox 1457 2988 1549 3041; x_wconf 62' lang='grc' dir='ltr'><strong>ἐπὶ⁹</strong></span> <span class='ocrx_word' id='word_1_303' title='bbox 1571 2988 1667 3041; x_wconf 80' lang='grc' dir='ltr'><strong>τοῦ</strong></span> <span class='ocrx_word' id='word_1_304' title='bbox 1692 2987 1969 3062; x_wconf 78' lang='grc' dir='ltr'>διωγμοῦς</span> 
     </span>
    </p>
   </div>
   <div class='ocr_carea' id='block_1_43' title="bbox 399 3070 1968 3151">
    <p class='ocr_par' dir='ltr' id='par_1_43' title="bbox 399 3070 1968 3151">
     <span class='ocr_line' id='line_1_43' title="bbox 399 3070 1968 3151; baseline 0.004 -26"><span class='ocrx_word' id='word_1_305' title='bbox 399 3070 571 3141; x_wconf 68' lang='grc' dir='ltr'><strong>Κάγὼ</strong></span> <span class='ocrx_word' id='word_1_306' title='bbox 606 3075 701 3144; x_wconf 81' lang='grc' dir='ltr'>μὲν</span> <span class='ocrx_word' id='word_1_307' title='bbox 736 3074 1008 3146; x_wconf 76' lang='grc' dir='ltr'>ὀφθαλμὸν</span> <span class='ocrx_word' id='word_1_308' title='bbox 1025 3076 1374 3149; x_wconf 77' lang='grc' dir='ltr'>άπεὸαλόμην</span> <span class='ocrx_word' id='word_1_309' title='bbox 1406 3078 1548 3150; x_wconf 79' lang='grc' dir='ltr'>ὑπὲρ</span> <span class='ocrx_word' id='word_1_310' title='bbox 1583 3077 1870 3151; x_wconf 77' lang='grc' dir='ltr'>ἀληθείαςο</span> <span class='ocrx_word' id='word_1_311' title='bbox 1904 3079 1968 3132; x_wconf 87' lang='grc' dir='ltr'>σὺ</span> 
     </span>
    </p>
   </div>
   <div class='ocr_carea' id='block_1_44' title="bbox 396 3161 1967 3241">
    <p class='ocr_par' dir='ltr' id='par_1_44' title="bbox 396 3161 1967 3241">
     <span class='ocr_line' id='line_1_44' title="bbox 396 3161 1967 3241; baseline 0.002 -22"><span class='ocrx_word' id='word_1_312' title='bbox 396 3161 610 3219; x_wconf 78' lang='grc' dir='ltr'>δὲ·οῠτε</span> <span class='ocrx_word' id='word_1_313' title='bbox 666 3165 830 3238; x_wconf 79' lang='grc' dir='ltr'>φαίνῃ</span> <span class='ocrx_word' id='word_1_314' title='bbox 876 3165 1249 3238; x_wconf 80' lang='grc' dir='ltr'>λελωϐημένον</span> <span class='ocrx_word' id='word_1_315' title='bbox 1282 3187 1334 3223; x_wconf 84' lang='grc' dir='ltr'><strong>τι</strong></span> <span class='ocrx_word' id='word_1_316' title='bbox 1368 3168 1506 3239; x_wconf 72' lang='grc' dir='ltr'>ἔχων</span> <span class='ocrx_word' id='word_1_317' title='bbox 1532 3171 1590 3224; x_wconf 87' lang='grc' dir='ltr'><strong>ἐν</strong></span> <span class='ocrx_word' id='word_1_318' title='bbox 1621 3169 1698 3240; x_wconf 86' lang='grc' dir='ltr'>τῷ</span> <span class='ocrx_word' id='word_1_319' title='bbox 1733 3168 1967 3241; x_wconf 84' lang='grc' dir='ltr'>σώματι,</span> 
     </span>
    </p>
   </div>
   <div class='ocr_carea' id='block_1_45' title="bbox 2081 1964 3651 2036">
    <p class='ocr_par' dir='ltr' id='par_1_45' title="bbox 2081 1964 3651 2036">
     <span class='ocr_line' id='line_1_45' title="bbox 2081 1964 3651 2036; baseline 0 -13"><span class='ocrx_word' id='word_1_320' title='bbox 2081 1976 2138 2023; x_wconf 89' lang='lat' dir='ltr'><strong>et</strong></span> <span class='ocrx_word' id='word_1_321' title='bbox 2162 1966 2456 2030; x_wconf 87' lang='lat' dir='ltr'><strong>Meletiani,</strong></span> <span class='ocrx_word' id='word_1_322' title='bbox 2481 1964 2768 2021; x_wconf 83' lang='lat' dir='ltr'><strong>Athanasii</strong></span> <span class='ocrx_word' id='word_1_323' title='bbox 2805 1966 3109 2036; x_wconf 65' lang='lat' dir='ltr'><strong>praesertim</strong></span> <span class='ocrx_word' id='word_1_324' title='bbox 3162 1972 3535 2023; x_wconf 85' lang='lat' dir='ltr'><strong>accusatores.</strong></span> <span class='ocrx_word' id='word_1_325' title='bbox 3578 1966 3651 2022; x_wconf 81' lang='lat' dir='ltr'><strong>At</strong></span> 
     </span>
    </p>
   </div>
   <div class='ocr_carea' id='block_1_46' title="bbox 2079 2056 3651 2116">
    <p class='ocr_par' dir='ltr' id='par_1_46' title="bbox 2079 2056 3651 2116">
     <span class='ocr_line' id='line_1_46' title="bbox 2079 2056 3651 2116; baseline -0.001 -1"><span class='ocrx_word' id='word_1_326' title='bbox 2079 2060 2273 2116; x_wconf 90' lang='lat' dir='ltr'><strong>beatus</strong></span> <span class='ocrx_word' id='word_1_327' title='bbox 2303 2057 2534 2113; x_wconf 91' lang='lat' dir='ltr'><strong>Potamo</strong></span> <span class='ocrx_word' id='word_1_328' title='bbox 2561 2058 2811 2113; x_wconf 86' lang='lat' dir='ltr'><strong>veritatis</strong></span> <span class='ocrx_word' id='word_1_329' title='bbox 2865 2071 2930 2112; x_wconf 90' lang='lat' dir='ltr'><strong>ac</strong></span> <span class='ocrx_word' id='word_1_330' title='bbox 2967 2067 3130 2113; x_wconf 76' lang='lat' dir='ltr'><strong>rectae</strong></span> <span class='ocrx_word' id='word_1_331' title='bbox 3189 2056 3313 2113; x_wconf 85' lang='lat' dir='ltr'><strong>fidei</strong></span> <span class='ocrx_word' id='word_1_332' title='bbox 3364 2058 3651 2115; x_wconf 66' lang='lat' dir='ltr'><strong>ardores:-</strong></span> 
     </span>
    </p>
   </div>
   <div class='ocr_carea' id='block_1_47' title="bbox 2080 2148 3652 2222">
    <p class='ocr_par' dir='ltr' id='par_1_47' title="bbox 2080 2148 3652 2222">
     <span class='ocr_line' id='line_1_47' title="bbox 2080 2148 3652 2222; baseline 0 -16"><span class='ocrx_word' id='word_1_333' title='bbox 2080 2158 2292 2216; x_wconf 91' lang='lat' dir='ltr'><strong>stuans,</strong></span> <span class='ocrx_word' id='word_1_334' title='bbox 2320 2150 2406 2204; x_wconf 91' lang='lat' dir='ltr'><strong>vir</strong></span> <span class='ocrx_word' id='word_1_335' title='bbox 2428 2164 2641 2204; x_wconf 90' lang='lat' dir='ltr'><strong>summa</strong></span> <span class='ocrx_word' id='word_1_336' title='bbox 2669 2148 2927 2219; x_wconf 87' lang='lat' dir='ltr'><strong>loquendi</strong></span> <span class='ocrx_word' id='word_1_337' title='bbox 2982 2149 3250 2215; x_wconf 88' lang='lat' dir='ltr'><strong>libertate,</strong></span> <span class='ocrx_word' id='word_1_338' title='bbox 3303 2148 3399 2222; x_wconf 88' lang='lat' dir='ltr'><strong>qui</strong></span> <span class='ocrx_word' id='word_1_339' title='bbox 3445 2150 3652 2206; x_wconf 89' lang='lat' dir='ltr'><strong>nullius</strong></span> 
     </span>
    </p>
   </div>
   <div class='ocr_carea' id='block_1_48' title="bbox 2078 2239 3651 2311">
    <p class='ocr_par' dir='ltr' id='par_1_48' title="bbox 2078 2239 3651 2311">
     <span class='ocr_line' id='line_1_48' title="bbox 2078 2239 3651 2311; baseline 0.001 -17"><span class='ocrx_word' id='word_1_340' title='bbox 2078 2255 2317 2311; x_wconf 88' lang='lat' dir='ltr'><strong>unquam</strong></span> <span class='ocrx_word' id='word_1_341' title='bbox 2361 2255 2607 2311; x_wconf 67' lang='lat' dir='ltr'><strong>personae</strong></span> <span class='ocrx_word' id='word_1_342' title='bbox 2632 2240 2899 2295; x_wconf 89' lang='lat' dir='ltr'><strong>rationem</strong></span> <span class='ocrx_word' id='word_1_343' title='bbox 2962 2239 3247 2306; x_wconf 85' lang='lat' dir='ltr'><strong>habuerat,</strong></span> <span class='ocrx_word' id='word_1_344' title='bbox 3289 2248 3345 2295; x_wconf 91' lang='lat' dir='ltr'><strong>et</strong></span> <span class='ocrx_word' id='word_1_345' title='bbox 3367 2255 3465 2310; x_wconf 91' lang='lat' dir='ltr'><strong>pro</strong></span> <span class='ocrx_word' id='word_1_346' title='bbox 3505 2242 3651 2296; x_wconf 88' lang='lat' dir='ltr'><strong>veri-</strong></span> 
     </span>
    </p>
   </div>
   <div class='ocr_carea' id='block_1_49' title="bbox 2079 2331 3646 2402">
    <p class='ocr_par' dir='ltr' id='par_1_49' title="bbox 2079 2331 3646 2402">
     <span class='ocr_line' id='line_1_49' title="bbox 2079 2331 3646 2402; baseline 0.001 -17"><span class='ocrx_word' id='word_1_347' title='bbox 2079 2332 2206 2387; x_wconf 90' lang='lat' dir='ltr'><strong>tatis</strong></span> <span class='ocrx_word' id='word_1_348' title='bbox 2225 2332 2570 2388; x_wconf 88' lang='lat' dir='ltr'><strong>confessione</strong></span> <span class='ocrx_word' id='word_1_349' title='bbox 2610 2333 2843 2387; x_wconf 87' lang='lat' dir='ltr'><strong>alterum</strong></span> <span class='ocrx_word' id='word_1_350' title='bbox 2897 2331 2954 2387; x_wconf 89' lang='lat' dir='ltr'><strong>in</strong></span> <span class='ocrx_word' id='word_1_351' title='bbox 3005 2331 3386 2402; x_wconf 87' lang='lat' dir='ltr'><strong>persecutione</strong></span> <span class='ocrx_word' id='word_1_352' title='bbox 3428 2332 3646 2388; x_wconf 90' lang='lat' dir='ltr'><strong>oculum</strong></span> 
     </span>
    </p>
   </div>
   <div class='ocr_carea' id='block_1_50' title="bbox 2077 2422 3649 2493">
    <p class='ocr_par' dir='ltr' id='par_1_50' title="bbox 2077 2422 3649 2493">
     <span class='ocr_line' id='line_1_50' title="bbox 2077 2422 3649 2493; baseline 0.002 -16"><span class='ocrx_word' id='word_1_353' title='bbox 2077 2423 2356 2489; x_wconf 88' lang='lat' dir='ltr'><strong>amiserat,</strong></span> <span class='ocrx_word' id='word_1_354' title='bbox 2405 2422 2699 2480; x_wconf 84' lang='lat' dir='ltr'><strong>Eusebium</strong></span> <span class='ocrx_word' id='word_1_355' title='bbox 2734 2423 3012 2480; x_wconf 87' lang='lat' dir='ltr'><strong>sedentem</strong></span> <span class='ocrx_word' id='word_1_356' title='bbox 3034 2430 3090 2479; x_wconf 91' lang='lat' dir='ltr'><strong>et</strong></span> <span class='ocrx_word' id='word_1_357' title='bbox 3107 2424 3461 2493; x_wconf 78' lang='lat' dir='ltr'><strong>iudicantem,</strong></span> <span class='ocrx_word' id='word_1_358' title='bbox 3495 2432 3649 2480; x_wconf 81' lang='lat' dir='ltr'><strong>stau-</strong></span> 
     </span>
    </p>
   </div>
   <div class='ocr_carea' id='block_1_51' title="bbox 2076 2514 3647 2586">
    <p class='ocr_par' dir='ltr' id='par_1_51' title="bbox 2076 2514 3647 2586">
     <span class='ocr_line' id='line_1_51' title="bbox 2076 2514 3647 2586; baseline 0 -15"><span class='ocrx_word' id='word_1_359' title='bbox 2076 2523 2185 2571; x_wconf 90' lang='lat' dir='ltr'><strong>tem</strong></span> <span class='ocrx_word' id='word_1_360' title='bbox 2209 2530 2340 2572; x_wconf 91' lang='lat' dir='ltr'><strong>vero</strong></span> <span class='ocrx_word' id='word_1_361' title='bbox 2357 2514 2716 2583; x_wconf 73' lang='lat' dir='ltr'><strong>Athanasium</strong></span> <span class='ocrx_word' id='word_1_362' title='bbox 2747 2515 3122 2586; x_wconf 87' lang='lat' dir='ltr'><strong>conspicatus,</strong></span> <span class='ocrx_word' id='word_1_363' title='bbox 3148 2516 3336 2571; x_wconf 92' lang='lat' dir='ltr'><strong>dolore</strong></span> <span class='ocrx_word' id='word_1_364' title='bbox 3364 2514 3647 2572; x_wconf 86' lang='lat' dir='ltr'><strong>confectus</strong></span> 
     </span>
    </p>
   </div>
   <div class='ocr_carea' id='block_1_52' title="bbox 2075 2607 3650 2681">
    <p class='ocr_par' dir='ltr' id='par_1_52' title="bbox 2075 2607 3650 2681">
     <span class='ocr_line' id='line_1_52' title="bbox 2075 2607 3650 2681; baseline -0.001 -18"><span class='ocrx_word' id='word_1_365' title='bbox 2075 2615 2130 2663; x_wconf 92' lang='lat' dir='ltr'><strong>et</strong></span> <span class='ocrx_word' id='word_1_366' title='bbox 2162 2607 2534 2681; x_wconf 89' lang='lat' dir='ltr'><strong>illacrymans,</strong></span> <span class='ocrx_word' id='word_1_367' title='bbox 2570 2609 2716 2664; x_wconf 90' lang='lat' dir='ltr'><strong>sicut</strong></span> <span class='ocrx_word' id='word_1_368' title='bbox 2749 2608 2981 2664; x_wconf 88' lang='lat' dir='ltr'><strong>sinceris</strong></span> <span class='ocrx_word' id='word_1_369' title='bbox 3021 2607 3337 2665; x_wconf 85' lang='lat' dir='ltr'><strong>hominibus</strong></span> <span class='ocrx_word' id='word_1_370' title='bbox 3370 2624 3473 2665; x_wconf 90' lang='lat' dir='ltr'><strong>usu</strong></span> <span class='ocrx_word' id='word_1_371' title='bbox 3503 2610 3650 2664; x_wconf 85' lang='lat' dir='ltr'><strong>veni-</strong></span> 
     </span>
    </p>
   </div>
   <div class='ocr_carea' id='block_1_53' title="bbox 2074 2699 3652 2772">
    <p class='ocr_par' dir='ltr' id='par_1_53' title="bbox 2074 2699 3652 2772">
     <span class='ocr_line' id='line_1_53' title="bbox 2074 2699 3652 2772; baseline 0.003 -20"><span class='ocrx_word' id='word_1_372' title='bbox 2074 2714 2136 2755; x_wconf 88' lang='lat' dir='ltr'><strong>re</strong></span> <span class='ocrx_word' id='word_1_373' title='bbox 2163 2700 2324 2765; x_wconf 89' lang='lat' dir='ltr'><strong>solet,</strong></span> <span class='ocrx_word' id='word_1_374' title='bbox 2358 2714 2559 2772; x_wconf 82' lang='lat' dir='ltr'><strong>magna</strong></span> <span class='ocrx_word' id='word_1_375' title='bbox 2584 2715 2718 2756; x_wconf 87' lang='lat' dir='ltr'><strong>voce</strong></span> <span class='ocrx_word' id='word_1_376' title='bbox 2747 2700 3010 2756; x_wconf 87' lang='lat' dir='ltr'><strong>adversus</strong></span> <span class='ocrx_word' id='word_1_377' title='bbox 3065 2699 3361 2756; x_wconf 79' lang='lat' dir='ltr'><strong>Eusebium</strong></span> <span class='ocrx_word' id='word_1_378' title='bbox 3406 2700 3652 2757; x_wconf 86' lang='lat' dir='ltr'><strong>invectus</strong></span> 
     </span>
    </p>
   </div>
   <div class='ocr_carea' id='block_1_54' title="bbox 2071 2774 3651 2864">
    <p class='ocr_par' dir='ltr' id='par_1_54' title="bbox 2071 2774 3651 2864">
     <span class='ocr_line' id='line_1_54' title="bbox 2071 2774 3651 2864; baseline 0.001 -18"><span class='ocrx_word' id='word_1_379' title='bbox 2071 2798 2176 2849; x_wconf 87' lang='lat' dir='ltr'><strong>est.</strong></span> <span class='ocrx_word' id='word_1_380' title='bbox 2210 2791 2296 2857; x_wconf 85' lang='lat' dir='ltr'><strong>Et,</strong></span> <span class='ocrx_word' id='word_1_381' title='bbox 2335 2811 2355 2843; x_wconf 84' lang='grc'><em>‹</em></span> <span class='ocrx_word' id='word_1_382' title='bbox 2391 2790 2559 2859; x_wconf 89' lang='lat' dir='ltr'><strong>Tene,</strong></span> <span class='ocrx_word' id='word_1_383' title='bbox 2590 2792 2786 2864; x_wconf 89' lang='lat' dir='ltr'><strong>inquit,</strong></span> <span class='ocrx_word' id='word_1_384' title='bbox 2828 2791 3047 2857; x_wconf 89' lang='lat' dir='ltr'><strong>Eusebi,</strong></span> <span class='ocrx_word' id='word_1_385' title='bbox 3074 2790 3286 2858; x_wconf 88' lang='lat' dir='ltr'><strong>sedere,</strong></span> <span class='ocrx_word' id='word_1_386' title='bbox 3318 2799 3370 2847; x_wconf 91' lang='lat' dir='ltr'><strong>et</strong></span> <span class='ocrx_word' id='word_1_387' title='bbox 3398 2774 3651 2848; x_wconf 78' lang='lat' dir='ltr'><strong>innocen-</strong></span> 
     </span>
    </p>
   </div>
   <div class='ocr_carea' id='block_1_55' title="bbox 2072 2882 3651 2956">
    <p class='ocr_par' dir='ltr' id='par_1_55' title="bbox 2072 2882 3651 2956">
     <span class='ocr_line' id='line_1_55' title="bbox 2072 2882 3651 2956; baseline 0.001 -19"><span class='ocrx_word' id='word_1_388' title='bbox 2072 2891 2180 2939; x_wconf 90' lang='lat' dir='ltr'><strong>tem</strong></span> <span class='ocrx_word' id='word_1_389' title='bbox 2207 2882 2567 2939; x_wconf 84' lang='lat' dir='ltr'><strong>Athanasium</strong></span> <span class='ocrx_word' id='word_1_390' title='bbox 2598 2899 2629 2938; x_wconf 91' lang='lat' dir='ltr'><strong>a</strong></span> <span class='ocrx_word' id='word_1_391' title='bbox 2660 2885 3008 2956; x_wconf 82' lang='lat' dir='ltr'><strong>tejudicari?</strong></span> <span class='ocrx_word' id='word_1_392' title='bbox 3044 2882 3180 2951; x_wconf 84' lang='lat' dir='ltr'><strong>Quis</strong></span> <span class='ocrx_word' id='word_1_393' title='bbox 3220 2883 3326 2940; x_wconf 91' lang='lat' dir='ltr'><strong>ista</strong></span> <span class='ocrx_word' id='word_1_394' title='bbox 3376 2884 3651 2940; x_wconf 88' lang='lat' dir='ltr'><strong>sustinere</strong></span> 
     </span>
    </p>
   </div>
   <div class='ocr_carea' id='block_1_56' title="bbox 2071 2975 3652 3048">
    <p class='ocr_par' dir='ltr' id='par_1_56' title="bbox 2071 2975 3652 3048">
     <span class='ocr_line' id='line_1_56' title="bbox 2071 2975 3652 3048; baseline -0.001 -18"><span class='ocrx_word' id='word_1_395' title='bbox 2071 2975 2288 3045; x_wconf 86' lang='lat' dir='ltr'><strong>possit?</strong></span> <span class='ocrx_word' id='word_1_396' title='bbox 2316 2975 2411 3031; x_wconf 91' lang='lat' dir='ltr'><strong>Dic</strong></span> <span class='ocrx_word' id='word_1_397' title='bbox 2440 2976 2595 3039; x_wconf 87' lang='lat' dir='ltr'><strong>mihi,</strong></span> <span class='ocrx_word' id='word_1_398' title='bbox 2627 2992 2807 3032; x_wconf 90' lang='lat' dir='ltr'><strong>nonne</strong></span> <span class='ocrx_word' id='word_1_399' title='bbox 2832 2990 3044 3032; x_wconf 90' lang='lat' dir='ltr'><strong>mecum</strong></span> <span class='ocrx_word' id='word_1_400' title='bbox 3082 2975 3483 3048; x_wconf 88' lang='lat' dir='ltr'><strong>persecutionis</strong></span> <span class='ocrx_word' id='word_1_401' title='bbox 3512 2984 3652 3031; x_wconf 85' lang='lat' dir='ltr'><strong>tem-</strong></span> 
     </span>
    </p>
   </div>
   <div class='ocr_carea' id='block_1_57' title="bbox 2071 3067 3644 3139">
    <p class='ocr_par' dir='ltr' id='par_1_57' title="bbox 2071 3067 3644 3139">
     <span class='ocr_line' id='line_1_57' title="bbox 2071 3067 3644 3139; baseline -0.001 -17"><span class='ocrx_word' id='word_1_402' title='bbox 2071 3081 2203 3134; x_wconf 80' lang='lat' dir='ltr'><strong>pore</strong></span> <span class='ocrx_word' id='word_1_403' title='bbox 2239 3067 2295 3121; x_wconf 91' lang='lat' dir='ltr'><strong>in</strong></span> <span class='ocrx_word' id='word_1_404' title='bbox 2319 3068 2573 3123; x_wconf 86' lang='lat' dir='ltr'><strong>custodia</strong></span> <span class='ocrx_word' id='word_1_405' title='bbox 2602 3067 2985 3137; x_wconf 83' lang='lat' dir='ltr'><strong>fuisti?Atque</strong></span> <span class='ocrx_word' id='word_1_406' title='bbox 3026 3082 3128 3138; x_wconf 83' lang='lat' dir='ltr'><strong>ego</strong></span> <span class='ocrx_word' id='word_1_407' title='bbox 3166 3067 3384 3139; x_wconf 88' lang='lat' dir='ltr'><strong>quidem</strong></span> <span class='ocrx_word' id='word_1_408' title='bbox 3425 3068 3644 3123; x_wconf 91' lang='lat' dir='ltr'><strong>oculum</strong></span> 
     </span>
    </p>
   </div>
   <div class='ocr_carea' id='block_1_58' title="bbox 2077 3158 3654 3229">
    <p class='ocr_par' dir='ltr' id='par_1_58' title="bbox 2077 3158 3654 3229">
     <span class='ocr_line' id='line_1_58' title="bbox 2077 3158 3654 3229; baseline -0.001 -17"><span class='ocrx_word' id='word_1_409' title='bbox 2077 3174 2176 3229; x_wconf 93' lang='lat' dir='ltr'><strong>pro</strong></span> <span class='ocrx_word' id='word_1_410' title='bbox 2195 3158 2430 3214; x_wconf 85' lang='lat' dir='ltr'><strong>veritate</strong></span> <span class='ocrx_word' id='word_1_411' title='bbox 2460 3159 2693 3229; x_wconf 88' lang='lat' dir='ltr'><strong>perdidi,</strong></span> <span class='ocrx_word' id='word_1_412' title='bbox 2734 3169 2793 3214; x_wconf 90' lang='lat' dir='ltr'><strong>tu</strong></span> <span class='ocrx_word' id='word_1_413' title='bbox 2831 3160 2981 3214; x_wconf 91' lang='lat' dir='ltr'><strong>nulla</strong></span> <span class='ocrx_word' id='word_1_414' title='bbox 3009 3161 3256 3228; x_wconf 90' lang='lat' dir='ltr'><strong>corporis</strong></span> <span class='ocrx_word' id='word_1_415' title='bbox 3291 3167 3445 3229; x_wconf 89' lang='lat' dir='ltr'><strong>parte</strong></span> <span class='ocrx_word' id='word_1_416' title='bbox 3490 3159 3654 3212; x_wconf 84' lang='lat' dir='ltr'><strong>muti-</strong></span> 
     </span>
    </p>
   </div>
   <div class='ocr_carea' id='block_1_59' title="bbox 398 3248 1995 3335">
    <p class='ocr_par' dir='ltr' id='par_1_59' title="bbox 398 3248 1970 3335">
     <span class='ocr_line' id='line_1_59' title="bbox 398 3248 1970 3335; baseline 0.003 -23"><span class='ocrx_word' id='word_1_417' title='bbox 398 3253 523 3312; x_wconf 75' lang='grc' dir='ltr'>οὔτε</span> <span class='ocrx_word' id='word_1_418' title='bbox 549 3256 952 3330; x_wconf 85' lang='grc' dir='ltr'>ἐμαρτύρησας,</span> <span class='ocrx_word' id='word_1_419' title='bbox 989 3258 1125 3313; x_wconf 81' lang='grc' dir='ltr'>ἀλλὰ</span> <span class='ocrx_word' id='word_1_420' title='bbox 1162 3259 1397 3331; x_wconf 81' lang='grc' dir='ltr'>ἐστηκας</span> <span class='ocrx_word' id='word_1_421' title='bbox 1425 3248 1555 3326; x_wconf 69' lang='grc' dir='ltr'>ζῶν,</span> <span class='ocrx_word' id='word_1_422' title='bbox 1594 3261 1760 3333; x_wconf 86' lang='grc' dir='ltr'>μηδὲν</span> <span class='ocrx_word' id='word_1_423' title='bbox 1788 3263 1970 3335; x_wconf 70' lang='grc' dir='ltr'>ἠκρωο</span> 
     </span>
    </p>
   </div>
   <div class='ocr_carea' id='block_1_60' title="bbox 2078 3248 3650 3335">
    <p class='ocr_par' dir='ltr' id='par_1_60' title="bbox 2078 3251 3650 3323">
     <span class='ocr_line' id='line_1_60' title="bbox 2078 3251 3650 3323; baseline 0.002 -19"><span class='ocrx_word' id='word_1_424' title='bbox 2078 3251 2222 3306; x_wconf 91' lang='lat' dir='ltr'><strong>latus</strong></span> <span class='ocrx_word' id='word_1_425' title='bbox 2253 3266 2336 3318; x_wconf 89' lang='lat' dir='ltr'><strong>es,</strong></span> <span class='ocrx_word' id='word_1_426' title='bbox 2361 3267 2541 3322; x_wconf 89' lang='lat' dir='ltr'><strong>neque</strong></span> <span class='ocrx_word' id='word_1_427' title='bbox 2568 3251 2889 3323; x_wconf 83' lang='lat' dir='ltr'><strong>martyrium</strong></span> <span class='ocrx_word' id='word_1_428' title='bbox 2923 3253 3163 3317; x_wconf 87' lang='lat' dir='ltr'><strong>subiisti,</strong></span> <span class='ocrx_word' id='word_1_429' title='bbox 3190 3253 3285 3308; x_wconf 87' lang='lat' dir='ltr'><strong>sed</strong></span> <span class='ocrx_word' id='word_1_430' title='bbox 3329 3254 3486 3309; x_wconf 87' lang='lat' dir='ltr'><strong>vivus</strong></span> <span class='ocrx_word' id='word_1_431' title='bbox 3507 3252 3650 3307; x_wconf 59' lang='lat' dir='ltr'><strong>inte.</strong></span> 
     </span>
    </p>
   </div>
   <div class='ocr_carea' id='block_1_61' title="bbox 396 3348 1972 3423">
    <p class='ocr_par' dir='ltr' id='par_1_61' title="bbox 396 3348 1972 3423">
     <span class='ocr_line' id='line_1_61' title="bbox 396 3348 1972 3423; baseline 0.003 -20"><span class='ocrx_word' id='word_1_432' title='bbox 396 3348 781 3422; x_wconf 75' lang='grc' dir='ltr'>τηριασμένος.</span> <span class='ocrx_word' id='word_1_433' title='bbox 814 3350 938 3414; x_wconf 85' lang='grc' dir='ltr'><strong>Πῶς</strong></span> <span class='ocrx_word' id='word_1_434' title='bbox 969 3350 1322 3423; x_wconf 86' lang='grc' dir='ltr'>ἀνεχώρησας</span> <span class='ocrx_word' id='word_1_435' title='bbox 1352 3352 1461 3405; x_wconf 73' lang='grc' dir='ltr'><strong>ἀπὸ</strong></span> <span class='ocrx_word' id='word_1_436' title='bbox 1497 3353 1597 3423; x_wconf 87' lang='grc' dir='ltr'><strong>τῆς</strong></span> <span class='ocrx_word' id='word_1_437' title='bbox 1622 3351 1889 3423; x_wconf 79' lang='grc' dir='ltr'>φυλακῆς,</span> <span class='ocrx_word' id='word_1_438' title='bbox 1922 3357 1972 3408; x_wconf 86' lang='grc' dir='ltr'><strong>εί</strong></span> 
     </span>
    </p>
   </div>
   <div class='ocr_carea' id='block_1_62' title="bbox 396 3439 1972 3516">
    <p class='ocr_par' dir='ltr' id='par_1_62' title="bbox 396 3439 1972 3516">
     <span class='ocr_line' id='line_1_62' title="bbox 396 3439 1972 3516; baseline 0.003 -25"><span class='ocrx_word' id='word_1_439' title='bbox 396 3439 474 3512; x_wconf 85' lang='grc' dir='ltr'>μὴ</span> <span class='ocrx_word' id='word_1_440' title='bbox 502 3439 584 3492; x_wconf 85' lang='grc' dir='ltr'>ὅτι</span> <span class='ocrx_word' id='word_1_441' title='bbox 612 3440 847 3510; x_wconf 83' lang='grc' dir='ltr'>ὑπέσχου</span> <span class='ocrx_word' id='word_1_442' title='bbox 880 3444 991 3504; x_wconf 82' lang='grc' dir='ltr'>τοῖς</span> <span class='ocrx_word' id='word_1_443' title='bbox 1029 3442 1130 3514; x_wconf 81' lang='grc' dir='ltr'>τὴν</span> <span class='ocrx_word' id='word_1_444' title='bbox 1173 3442 1416 3513; x_wconf 85' lang='grc' dir='ltr'>ἀνάγκην</span> <span class='ocrx_word' id='word_1_445' title='bbox 1448 3440 1543 3496; x_wconf 76' lang='grc' dir='ltr'><strong>τοῦ</strong></span> <span class='ocrx_word' id='word_1_446' title='bbox 1570 3442 1811 3515; x_wconf 81' lang='grc' dir='ltr'>διωγμοῦ</span> <span class='ocrx_word' id='word_1_447' title='bbox 1839 3445 1972 3516; x_wconf 81' lang='grc' dir='ltr'>ἡμῖν</span> 
     </span>
    </p>
   </div>
   <div class='ocr_carea' id='block_1_63' title="bbox 394 3531 1779 3609">
    <p class='ocr_par' dir='ltr' id='par_1_63' title="bbox 394 3531 1779 3609">
     <span class='ocr_line' id='line_1_63' title="bbox 394 3531 1779 3609; baseline 0.001 -23"><span class='ocrx_word' id='word_1_448' title='bbox 394 3531 721 3603; x_wconf 73' lang='grc' dir='ltr'>ἐπενέγκασι</span> <span class='ocrx_word' id='word_1_449' title='bbox 746 3533 806 3587; x_wconf 87' lang='grc' dir='ltr'>τὸ</span> <span class='ocrx_word' id='word_1_450' title='bbox 832 3532 1087 3606; x_wconf 85' lang='grc' dir='ltr'>ἀθέμιτον</span> <span class='ocrx_word' id='word_1_451' title='bbox 1112 3534 1334 3609; x_wconf 76' lang='grc' dir='ltr'>πρᾶξαι,</span> <span class='ocrx_word' id='word_1_452' title='bbox 1368 3534 1401 3607; x_wconf 79' lang='grc' dir='ltr'>ἢ</span> <span class='ocrx_word' id='word_1_453' title='bbox 1436 3534 1711 3608; x_wconf 78' lang='grc' dir='ltr'>ἐπραξας;</span> <span class='ocrx_word' id='word_1_454' title='bbox 1760 3555 1779 3587; x_wconf 74' lang='grc' dir='ltr'><strong>ι</strong></span> 
     </span>
    </p>
   </div>
   <div class='ocr_carea' id='block_1_64' title="bbox 2080 3342 3649 3416">
    <p class='ocr_par' dir='ltr' id='par_1_64' title="bbox 2080 3342 3649 3416">
     <span class='ocr_line' id='line_1_64' title="bbox 2080 3342 3649 3416; baseline -0.002 -16"><span class='ocrx_word' id='word_1_455' title='bbox 2080 3359 2285 3416; x_wconf 80' lang='lat' dir='ltr'><strong>gerque</strong></span> <span class='ocrx_word' id='word_1_456' title='bbox 2311 3343 2594 3398; x_wconf 88' lang='lat' dir='ltr'><strong>consistis.</strong></span> <span class='ocrx_word' id='word_1_457' title='bbox 2630 3342 2876 3410; x_wconf 85' lang='lat' dir='ltr'><strong>Quanam</strong></span> <span class='ocrx_word' id='word_1_458' title='bbox 2904 3347 3114 3401; x_wconf 81' lang='lat' dir='ltr'><strong>ratione</strong></span> <span class='ocrx_word' id='word_1_459' title='bbox 3135 3361 3166 3399; x_wconf 90' lang='lat' dir='ltr'><strong>e</strong></span> <span class='ocrx_word' id='word_1_460' title='bbox 3205 3358 3427 3399; x_wconf 89' lang='lat' dir='ltr'><strong>carcere</strong></span> <span class='ocrx_word' id='word_1_461' title='bbox 3471 3343 3649 3399; x_wconf 65' lang='lat' dir='ltr'><strong>evasi~</strong></span> 
     </span>
    </p>
   </div>
   <div class='ocr_carea' id='block_1_65' title="bbox 2080 3435 3652 3507">
    <p class='ocr_par' dir='ltr' id='par_1_65' title="bbox 2080 3435 3652 3507">
     <span class='ocr_line' id='line_1_65' title="bbox 2080 3435 3652 3507; baseline -0.001 -16"><span class='ocrx_word' id='word_1_462' title='bbox 2080 3437 2174 3500; x_wconf 88' lang='lat' dir='ltr'><strong>sti,</strong></span> <span class='ocrx_word' id='word_1_463' title='bbox 2204 3436 2311 3491; x_wconf 91' lang='lat' dir='ltr'><strong>nisi</strong></span> <span class='ocrx_word' id='word_1_464' title='bbox 2343 3444 2632 3506; x_wconf 89' lang='lat' dir='ltr'><strong>propterea</strong></span> <span class='ocrx_word' id='word_1_465' title='bbox 2657 3435 2802 3506; x_wconf 92' lang='lat' dir='ltr'><strong>quod</strong></span> <span class='ocrx_word' id='word_1_466' title='bbox 2838 3438 3279 3507; x_wconf 89' lang='lat' dir='ltr'><strong>persecutoribus</strong></span> <span class='ocrx_word' id='word_1_467' title='bbox 3306 3436 3511 3493; x_wconf 89' lang='lat' dir='ltr'><strong>nostris</strong></span> <span class='ocrx_word' id='word_1_468' title='bbox 3529 3451 3652 3506; x_wconf 91' lang='lat' dir='ltr'><strong>spo-</strong></span> 
     </span>
    </p>
   </div>
   <div class='ocr_carea' id='block_1_66' title="bbox 2075 3525 3648 3597">
    <p class='ocr_par' dir='ltr' id='par_1_66' title="bbox 2075 3525 3648 3597">
     <span class='ocr_line' id='line_1_66' title="bbox 2075 3525 3648 3597; baseline 0 -16"><span class='ocrx_word' id='word_1_469' title='bbox 2075 3525 2318 3597; x_wconf 87' lang='lat' dir='ltr'><strong>pondisti</strong></span> <span class='ocrx_word' id='word_1_470' title='bbox 2340 3535 2394 3582; x_wconf 87' lang='lat' dir='ltr'><strong>te</strong></span> <span class='ocrx_word' id='word_1_471' title='bbox 2443 3526 2882 3584; x_wconf 84' lang='lat' dir='ltr'><strong>sacriﬁcaturum</strong></span> <span class='ocrx_word' id='word_1_472' title='bbox 2914 3543 2978 3585; x_wconf 88' lang='lat' dir='ltr'><strong>ac</strong></span> <span class='ocrx_word' id='word_1_473' title='bbox 3010 3527 3243 3586; x_wconf 89' lang='lat' dir='ltr'><strong>fortasse</strong></span> <span class='ocrx_word' id='word_1_474' title='bbox 3278 3529 3440 3584; x_wconf 89' lang='lat' dir='ltr'><strong>etiam</strong></span> <span class='ocrx_word' id='word_1_475' title='bbox 3474 3526 3648 3584; x_wconf 89' lang='lat' dir='ltr'><strong>sacri-</strong></span> 
     </span>
    </p>
   </div>
   <div class='ocr_carea' id='block_1_67' title="bbox 2072 3616 2337 3675">
    <p class='ocr_par' dir='ltr' id='par_1_67' title="bbox 2072 3616 2337 3675">
     <span class='ocr_line' id='line_1_67' title="bbox 2072 3616 2337 3675; baseline -0.004 -2"><span class='ocrx_word' id='word_1_476' title='bbox 2072 3616 2288 3675; x_wconf 82' lang='lat' dir='ltr'><strong>ﬁcasti?</strong></span> <span class='ocrx_word' id='word_1_477' title='bbox 2318 3638 2337 3672; x_wconf 70' lang='grc' dir='ltr'><strong>ο</strong></span> 
     </span>
    </p>
   </div>
   <div class='ocr_carea' id='block_1_68' title="bbox 395 3746 3648 3895">
    <p class='ocr_par' dir='ltr' id='par_1_68' title="bbox 395 3746 3648 3895">
     <span class='ocr_line' id='line_1_68' title="bbox 395 3746 3648 3895; baseline 0.005 -94"><span class='ocrx_word' id='word_1_478' title='bbox 395 3746 484 3801; x_wconf 81' lang='lat' dir='ltr'><strong>Ea:</strong></span> <span class='ocrx_word' id='word_1_479' title='bbox 501 3749 726 3818; x_wconf 78' lang='lat' dir='ltr'><strong>epistola</strong></span> <span class='ocrx_word' id='word_1_480' title='bbox 766 3750 1125 3819; x_wconf 82' lang='lat' dir='ltr'><strong>episcoporum</strong></span> <span class='ocrx_word' id='word_1_481' title='bbox 1151 3751 1541 3806; x_wconf 81' lang='lat' dir='ltr'><strong>catholicorum</strong></span> <span class='ocrx_word' id='word_1_482' title='bbox 1573 3751 1798 3824; x_wconf 67' lang='lat' dir='ltr'><strong>Egypti</strong></span> <span class='ocrx_word' id='word_1_483' title='bbox 1829 3754 2211 3895; x_wconf 48' lang='grc' dir='ltr'><strong>Ἇιέοἷὲηοιᾷαηι</strong></span> <span class='ocrx_word' id='word_1_484' title='bbox 2246 3757 2394 3828; x_wconf 81' lang='lat' dir='ltr'><strong>Tyri,</strong></span> <span class='ocrx_word' id='word_1_485' title='bbox 2456 3775 2613 3829; x_wconf 83' lang='lat' dir='ltr'><strong>quam</strong></span> <span class='ocrx_word' id='word_1_486' title='bbox 2672 3759 2829 3829; x_wconf 79' lang='lat' dir='ltr'><strong>refert</strong></span> <span class='ocrx_word' id='word_1_487' title='bbox 2873 3758 3200 3815; x_wconf 77' lang='lat' dir='ltr'><strong>Athanasius</strong></span> <span class='ocrx_word' id='word_1_488' title='bbox 3236 3760 3287 3813; x_wconf 87' lang='lat' dir='ltr'><strong>in</strong></span> <span class='ocrx_word' id='word_1_489' title='bbox 3344 3760 3648 3829; x_wconf 82' lang='lat' dir='ltr'><strong>supradicto</strong></span> 
     </span>
     <span class='ocr_line' id='line_1_69' title="bbox 2004 3842 2203 3895; baseline 0.005 -13"><span class='ocrx_word' id='word_1_490' title='bbox 2004 3842 2067 3895; x_wconf 78' lang='lat' dir='ltr'><strong>ge</strong></span> <span class='ocrx_word' id='word_1_491' title='bbox 2095 3844 2203 3883; x_wconf 87' lang='lat' dir='ltr'><strong>lCO.</strong></span> 
     </span>
    </p>
   </div>
   <div class='ocr_carea' id='block_1_69' title="bbox 2004 3842 2203 3896">
    <p class='ocr_par' dir='ltr' id='par_1_69' title="bbox 2004 3842 2203 3896">
     <span class='ocr_line' id='line_1_70' title="bbox 2004 3842 2203 3896; baseline 0.005 -14"><span class='ocrx_word' id='word_1_492' title='bbox 2004 3842 2203 3896; x_wconf 79' lang='lat' dir='ltr'><strong>geuco.</strong></span> 
     </span>
    </p>
   </div>
   <div class='ocr_carea' id='block_1_70' title="bbox 462 3955 1967 4032">
    <p class='ocr_par' dir='ltr' id='par_1_70' title="bbox 462 3955 1967 4032">
     <span class='ocr_line' id='line_1_71' title="bbox 462 3955 1967 4032; baseline 0.002 -23"><span class='ocrx_word' id='word_1_493' title='bbox 462 3955 572 4009; x_wconf 78' lang='lat' dir='ltr'><strong>Kal.</strong></span> <span class='ocrx_word' id='word_1_494' title='bbox 599 3955 705 4028; x_wconf 86' lang='grc' dir='ltr'><strong>γάρ</strong></span> <span class='ocrx_word' id='word_1_495' title='bbox 740 3957 898 4010; x_wconf 87' lang='grc' dir='ltr'>πάλιν</span> <span class='ocrx_word' id='word_1_496' title='bbox 929 3956 1125 4022; x_wconf 78' lang='grc' dir='ltr'>οἴδατε,</span> <span class='ocrx_word' id='word_1_497' title='bbox 1161 3958 1236 4022; x_wconf 84' lang='grc' dir='ltr'>ὡς</span> <span class='ocrx_word' id='word_1_498' title='bbox 1279 3957 1631 4031; x_wconf 82' lang='grc' dir='ltr'>προείπομεν,</span> <span class='ocrx_word' id='word_1_499' title='bbox 1670 3959 1745 4023; x_wconf 82' lang='grc' dir='ltr'>ὡς</span> <span class='ocrx_word' id='word_1_500' title='bbox 1784 3958 1967 4032; x_wconf 82' lang='grc' dir='ltr'>ἐχθροί</span> 
     </span>
    </p>
   </div>
   <div class='ocr_carea' id='block_1_71' title="bbox 394 4048 1967 4124">
    <p class='ocr_par' dir='ltr' id='par_1_71' title="bbox 394 4048 1967 4124">
     <span class='ocr_line' id='line_1_72' title="bbox 394 4048 1967 4124; baseline 0.004 -23"><span class='ocrx_word' id='word_1_501' title='bbox 394 4048 529 4102; x_wconf 84' lang='grc' dir='ltr'>είσιν</span> <span class='ocrx_word' id='word_1_502' title='bbox 561 4048 736 4122; x_wconf 83' lang='grc' dir='ltr'>ήμῶν,</span> <span class='ocrx_word' id='word_1_503' title='bbox 769 4049 863 4103; x_wconf 77' lang='grc' dir='ltr'><strong>καὶ</strong></span> <span class='ocrx_word' id='word_1_504' title='bbox 897 4048 983 4103; x_wconf 82' lang='grc' dir='ltr'><strong>διὰ</strong></span> <span class='ocrx_word' id='word_1_505' title='bbox 1019 4051 1071 4103; x_wconf 85' lang='grc' dir='ltr'><strong>τί</strong></span> <span class='ocrx_word' id='word_1_506' title='bbox 1113 4049 1371 4115; x_wconf 73' lang='grc' dir='ltr'>Εὐσέϐιος</span> <span class='ocrx_word' id='word_1_507' title='bbox 1411 4052 1440 4105; x_wconf 90' lang='lat'><strong>6</strong></span> <span class='ocrx_word' id='word_1_508' title='bbox 1465 4052 1563 4124; x_wconf 86' lang='grc' dir='ltr'><strong>τῆς</strong></span> <span class='ocrx_word' id='word_1_509' title='bbox 1613 4052 1967 4124; x_wconf 83' lang='grc' dir='ltr'>Καισαρείας,</span> 
     </span>
    </p>
   </div>
   <div class='ocr_carea' id='block_1_72' title="bbox 393 4136 1246 4213">
    <p class='ocr_par' dir='ltr' id='par_1_72' title="bbox 393 4136 1246 4213">
     <span class='ocr_line' id='line_1_73' title="bbox 393 4136 1246 4213; baseline 0.005 -22"><span class='ocrx_word' id='word_1_510' title='bbox 393 4136 583 4212; x_wconf 72' lang='grc' dir='ltr'>ἐχθρὸς</span> <span class='ocrx_word' id='word_1_511' title='bbox 615 4140 836 4210; x_wconf 84' lang='grc' dir='ltr'>γέγονεν</span> <span class='ocrx_word' id='word_1_512' title='bbox 858 4139 1246 4213; x_wconf 37' lang='grc' dir='ltr'>άπδκπέρυσιν.</span> 
     </span>
    </p>
   </div>
   <div class='ocr_carea' id='block_1_73' title="bbox 2147 3965 3643 4039">
    <p class='ocr_par' dir='ltr' id='par_1_73' title="bbox 2147 3965 3643 4039">
     <span class='ocr_line' id='line_1_74' title="bbox 2147 3965 3643 4039; baseline 0.002 -20"><span class='ocrx_word' id='word_1_513' title='bbox 2147 3965 2312 4023; x_wconf 88' lang='lat' dir='ltr'><strong>Scitis</strong></span> <span class='ocrx_word' id='word_1_514' title='bbox 2355 3967 2523 4033; x_wconf 83' lang='lat' dir='ltr'><strong>enim,</strong></span> <span class='ocrx_word' id='word_1_515' title='bbox 2566 3966 3026 4039; x_wconf 90' lang='lat' dir='ltr'><strong>quemadmodum</strong></span> <span class='ocrx_word' id='word_1_516' title='bbox 3078 3965 3333 4036; x_wconf 78' lang='lat' dir='ltr'><strong>Superius</strong></span> <span class='ocrx_word' id='word_1_517' title='bbox 3383 3965 3643 4033; x_wconf 82' lang='lat' dir='ltr'><strong>diximus,</strong></span> 
     </span>
    </p>
   </div>
   <div class='ocr_carea' id='block_1_74' title="bbox 2076 4056 3643 4127">
    <p class='ocr_par' dir='ltr' id='par_1_74' title="bbox 2076 4056 3643 4127">
     <span class='ocr_line' id='line_1_75' title="bbox 2076 4056 3643 4127; baseline 0.001 -16"><span class='ocrx_word' id='word_1_518' title='bbox 2076 4069 2173 4111; x_wconf 87' lang='lat' dir='ltr'><strong>eos</strong></span> <span class='ocrx_word' id='word_1_519' title='bbox 2197 4066 2417 4113; x_wconf 87' lang='lat' dir='ltr'><strong>nostros</strong></span> <span class='ocrx_word' id='word_1_520' title='bbox 2448 4057 2701 4114; x_wconf 89' lang='lat' dir='ltr'><strong>inimicos</strong></span> <span class='ocrx_word' id='word_1_521' title='bbox 2742 4072 2897 4124; x_wconf 87' lang='lat' dir='ltr'><strong>esse;</strong></span> <span class='ocrx_word' id='word_1_522' title='bbox 2948 4064 3003 4113; x_wconf 91' lang='lat' dir='ltr'><strong>et</strong></span> <span class='ocrx_word' id='word_1_523' title='bbox 3051 4072 3152 4112; x_wconf 89' lang='lat' dir='ltr'><strong>cur</strong></span> <span class='ocrx_word' id='word_1_524' title='bbox 3191 4070 3304 4111; x_wconf 90' lang='lat' dir='ltr'><strong>non</strong></span> <span class='ocrx_word' id='word_1_525' title='bbox 3326 4056 3399 4111; x_wconf 82' lang='lat' dir='ltr'><strong>ita</strong></span> <span class='ocrx_word' id='word_1_526' title='bbox 3434 4056 3643 4127; x_wconf 88' lang='lat' dir='ltr'><strong>pridem</strong></span> 
     </span>
    </p>
   </div>
   <div class='ocr_carea' id='block_1_75' title="bbox 2076 4141 3643 4208">
    <p class='ocr_par' dir='ltr' id='par_1_75' title="bbox 2076 4141 3643 4208">
     <span class='ocr_line' id='line_1_76' title="bbox 2076 4141 3643 4208; baseline 0.007 -12"><span class='ocrx_word' id='word_1_527' title='bbox 2076 4141 2347 4203; x_wconf 89' lang='lat' dir='ltr'><strong>Eusebius</strong></span> <span class='ocrx_word' id='word_1_528' title='bbox 2373 4146 2729 4204; x_wconf 67' lang='lat' dir='ltr'><strong>Caesariensis</strong></span> <span class='ocrx_word' id='word_1_529' title='bbox 2753 4147 3067 4204; x_wconf 88' lang='lat' dir='ltr'><strong>inimicitias</strong></span> <span class='ocrx_word' id='word_1_530' title='bbox 3101 4146 3365 4205; x_wconf 83' lang='lat' dir='ltr'><strong>adversus</strong></span> <span class='ocrx_word' id='word_1_531' title='bbox 3406 4163 3508 4205; x_wconf 85' lang='lat' dir='ltr'><strong>nos</strong></span> <span class='ocrx_word' id='word_1_532' title='bbox 3525 4166 3643 4208; x_wconf 89' lang='lat' dir='ltr'><strong>sus-</strong></span> 
     </span>
    </p>
   </div>
   <div class='ocr_carea' id='block_1_76' title="bbox 2081 4239 2301 4305">
    <p class='ocr_par' dir='ltr' id='par_1_76' title="bbox 2081 4239 2301 4305">
     <span class='ocr_line' id='line_1_77' title="bbox 2081 4239 2301 4305; baseline 0.018 -14"><span class='ocrx_word' id='word_1_533' title='bbox 2081 4239 2301 4305; x_wconf 85' lang='lat' dir='ltr'><strong>ceperit.</strong></span> 
     </span>
    </p>
   </div>
   <div class='ocr_carea' id='block_1_77' title="bbox 1243 4372 2803 4464">
    <p class='ocr_par' dir='ltr' id='par_1_77' title="bbox 1243 4372 2803 4464">
     <span class='ocr_line' id='line_1_78' title="bbox 1243 4372 2803 4464; baseline 0.003 -20"><span class='ocrx_word' id='word_1_534' title='bbox 1243 4390 1571 4447; x_wconf 79' lang='lat' dir='ltr'><strong>Athanasius</strong></span> <span class='ocrx_word' id='word_1_535' title='bbox 1617 4392 1673 4446; x_wconf 87' lang='lat' dir='ltr'><strong>in</strong></span> <span class='ocrx_word' id='word_1_536' title='bbox 1693 4391 1917 4461; x_wconf 80' lang='lat' dir='ltr'><strong>epistola</strong></span> <span class='ocrx_word' id='word_1_537' title='bbox 1948 4391 2024 4447; x_wconf 89' lang='lat' dir='ltr'><strong>De</strong></span> <span class='ocrx_word' id='word_1_538' title='bbox 2048 4391 2284 4446; x_wconf 86' lang='lat' dir='ltr'><strong>decretis</strong></span> <span class='ocrx_word' id='word_1_539' title='bbox 2305 4391 2496 4464; x_wconf 87' lang='lat' dir='ltr'><strong>synodi</strong></span> <span class='ocrx_word' id='word_1_540' title='bbox 2535 4372 2803 4448; x_wconf 56' lang='lat' dir='ltr'><strong>Nicaeum:</strong></span> 
     </span>
    </p>
   </div>
   <div class='ocr_carea' id='block_1_78' title="bbox 465 4526 1973 4604">
    <p class='ocr_par' dir='ltr' id='par_1_78' title="bbox 465 4526 1973 4604">
     <span class='ocr_line' id='line_1_79' title="bbox 465 4526 1973 4604; baseline 0.004 -23"><span class='ocrx_word' id='word_1_541' title='bbox 465 4526 576 4581; x_wconf 71' lang='lat' dir='ltr'><strong>Kal</strong></span> <span class='ocrx_word' id='word_1_542' title='bbox 591 4528 653 4581; x_wconf 89' lang='grc' dir='ltr'>τό</span> <span class='ocrx_word' id='word_1_543' title='bbox 683 4544 745 4598; x_wconf 88' lang='grc' dir='ltr'><strong>γε</strong></span> <span class='ocrx_word' id='word_1_544' title='bbox 789 4526 1108 4601; x_wconf 83' lang='grc' dir='ltr'>παράδοξον,</span> <span class='ocrx_word' id='word_1_545' title='bbox 1140 4528 1398 4593; x_wconf 80' lang='grc' dir='ltr'>Εὐσέϐιος</span> <span class='ocrx_word' id='word_1_546' title='bbox 1427 4534 1456 4584; x_wconf 91' lang='lat'><strong>6</strong></span> <span class='ocrx_word' id='word_1_547' title='bbox 1486 4530 1595 4584; x_wconf 78' lang='grc' dir='ltr'><strong>ἀπὸ</strong></span> <span class='ocrx_word' id='word_1_548' title='bbox 1638 4533 1973 4604; x_wconf 86' lang='grc' dir='ltr'>Καισαρείας</span> 
     </span>
    </p>
   </div>
   <div class='ocr_carea' id='block_1_79' title="bbox 397 4616 1973 4694">
    <p class='ocr_par' dir='ltr' id='par_1_79' title="bbox 397 4616 1973 4694">
     <span class='ocr_line' id='line_1_80' title="bbox 397 4616 1973 4694; baseline 0.004 -24"><span class='ocrx_word' id='word_1_549' title='bbox 397 4616 497 4688; x_wconf 77' lang='grc' dir='ltr'><strong>τῆς</strong></span> <span class='ocrx_word' id='word_1_550' title='bbox 525 4617 902 4690; x_wconf 80' lang='grc' dir='ltr'>Παλαιστίνης,</span> <span class='ocrx_word' id='word_1_551' title='bbox 937 4620 1114 4673; x_wconf 90' lang='grc' dir='ltr'>καίτοι</span> <span class='ocrx_word' id='word_1_552' title='bbox 1142 4620 1250 4692; x_wconf 84' lang='grc' dir='ltr'>πρὸ</span> <span class='ocrx_word' id='word_1_553' title='bbox 1289 4623 1417 4692; x_wconf 81' lang='grc' dir='ltr'>μιᾶς</span> <span class='ocrx_word' id='word_1_554' title='bbox 1447 4621 1797 4693; x_wconf 80' lang='grc' dir='ltr'>ἀρνούμενος,</span> <span class='ocrx_word' id='word_1_555' title='bbox 1824 4623 1973 4694; x_wconf 83' lang='grc' dir='ltr'>ὅμως</span> 
     </span>
    </p>
   </div>
   <div class='ocr_carea' id='block_1_80' title="bbox 2145 4530 3645 4603">
    <p class='ocr_par' dir='ltr' id='par_1_80' title="bbox 2145 4530 3645 4603">
     <span class='ocr_line' id='line_1_81' title="bbox 2145 4530 3645 4603; baseline 0.001 -18"><span class='ocrx_word' id='word_1_556' title='bbox 2145 4530 2211 4587; x_wconf 87' lang='grc' dir='ltr'>Ει</span> <span class='ocrx_word' id='word_1_557' title='bbox 2236 4531 2382 4603; x_wconf 85' lang='lat' dir='ltr'><strong>quod</strong></span> <span class='ocrx_word' id='word_1_558' title='bbox 2405 4532 2715 4587; x_wconf 91' lang='lat' dir='ltr'><strong>mirandum</strong></span> <span class='ocrx_word' id='word_1_559' title='bbox 2745 4539 2851 4598; x_wconf 90' lang='lat' dir='ltr'><strong>est,</strong></span> <span class='ocrx_word' id='word_1_560' title='bbox 2897 4530 3166 4587; x_wconf 88' lang='lat' dir='ltr'><strong>Eusebius</strong></span> <span class='ocrx_word' id='word_1_561' title='bbox 3204 4531 3494 4602; x_wconf 90' lang='lat' dir='ltr'><strong>cpiscopus</strong></span> <span class='ocrx_word' id='word_1_562' title='bbox 3523 4530 3645 4587; x_wconf 73' lang='lat' dir='ltr'><strong>Ca:-</strong></span> 
     </span>
    </p>
   </div>
   <div class='ocr_carea' id='block_1_81' title="bbox 2075 4620 3646 4693">
    <p class='ocr_par' dir='ltr' id='par_1_81' title="bbox 2075 4620 3646 4693">
     <span class='ocr_line' id='line_1_82' title="bbox 2075 4620 3646 4693; baseline -0.003 -15"><span class='ocrx_word' id='word_1_563' title='bbox 2075 4637 2245 4678; x_wconf 73' lang='lat' dir='ltr'><strong>sareae</strong></span> <span class='ocrx_word' id='word_1_564' title='bbox 2270 4620 2578 4686; x_wconf 79' lang='lat' dir='ltr'><strong>Palestinae,</strong></span> <span class='ocrx_word' id='word_1_565' title='bbox 2607 4622 2858 4693; x_wconf 85' lang='lat' dir='ltr'><strong>quamvis</strong></span> <span class='ocrx_word' id='word_1_566' title='bbox 2885 4620 3060 4692; x_wconf 89' lang='lat' dir='ltr'><strong>pridie</strong></span> <span class='ocrx_word' id='word_1_567' title='bbox 3086 4627 3418 4685; x_wconf 86' lang='lat' dir='ltr'><strong>recusasset,</strong></span> <span class='ocrx_word' id='word_1_568' title='bbox 3450 4622 3646 4691; x_wconf 89' lang='lat' dir='ltr'><strong>postri-</strong></span> 
     </span>
    </p>
   </div>
   <div class='ocr_carea' id='block_1_82' title="bbox 397 4706 1995 4805">
    <p class='ocr_par' dir='ltr' id='par_1_82' title="bbox 397 4706 1967 4785">
     <span class='ocr_line' id='line_1_83' title="bbox 397 4706 1967 4785; baseline 0.003 -24"><span class='ocrx_word' id='word_1_569' title='bbox 397 4706 621 4781; x_wconf 77' lang='grc' dir='ltr'>ὕστερον</span> <span class='ocrx_word' id='word_1_570' title='bbox 646 4709 985 4782; x_wconf 68' lang='grc' dir='ltr'>ὑπογράψας,</span> <span class='ocrx_word' id='word_1_571' title='bbox 1008 4710 1287 4764; x_wconf 75' lang='grc' dir='ltr'>ἐπέστειλε</span> <span class='ocrx_word' id='word_1_572' title='bbox 1319 4713 1385 4783; x_wconf 77' lang='grc' dir='ltr'>τῇ</span> <span class='ocrx_word' id='word_1_573' title='bbox 1421 4712 1716 4785; x_wconf 63' lang='grc' dir='ltr'>Ἐκκλησία</span> <span class='ocrx_word' id='word_1_574' title='bbox 1751 4713 1967 4776; x_wconf 77' lang='grc' dir='ltr'>ἑαυτοῦ,</span> 
     </span>
    </p>
   </div>
   <div class='ocr_carea' id='block_1_83' title="bbox 2078 4706 3646 4805">
    <p class='ocr_par' dir='ltr' id='par_1_83' title="bbox 2078 4711 3646 4783">
     <span class='ocr_line' id='line_1_84' title="bbox 2078 4711 3646 4783; baseline -0.001 -15"><span class='ocrx_word' id='word_1_575' title='bbox 2078 4714 2161 4769; x_wconf 89' lang='lat' dir='ltr'><strong>die</strong></span> <span class='ocrx_word' id='word_1_576' title='bbox 2182 4722 2361 4769; x_wconf 91' lang='lat' dir='ltr'><strong>tamen</strong></span> <span class='ocrx_word' id='word_1_577' title='bbox 2414 4713 2760 4783; x_wconf 89' lang='lat' dir='ltr'><strong>subscripsit,</strong></span> <span class='ocrx_word' id='word_1_578' title='bbox 2798 4721 2854 4769; x_wconf 92' lang='lat' dir='ltr'><strong>et</strong></span> <span class='ocrx_word' id='word_1_579' title='bbox 2884 4713 2954 4768; x_wconf 89' lang='lat' dir='ltr'><strong>ad</strong></span> <span class='ocrx_word' id='word_1_580' title='bbox 2984 4711 3285 4768; x_wconf 87' lang='lat' dir='ltr'><strong>Ecclesiam</strong></span> <span class='ocrx_word' id='word_1_581' title='bbox 3325 4726 3479 4767; x_wconf 92' lang='lat' dir='ltr'><strong>suam</strong></span> <span class='ocrx_word' id='word_1_582' title='bbox 3502 4712 3646 4767; x_wconf 85' lang='lat' dir='ltr'><strong>litte-</strong></span> 
     </span>
    </p>
   </div>
   <div class='ocr_carea' id='block_1_84' title="bbox 393 4796 1967 4877">
    <p class='ocr_par' dir='ltr' id='par_1_84' title="bbox 393 4796 1967 4877">
     <span class='ocr_line' id='line_1_85' title="bbox 393 4796 1967 4877; baseline 0.003 -22"><span class='ocrx_word' id='word_1_583' title='bbox 393 4800 571 4871; x_wconf 83' lang='grc' dir='ltr'>λέγων</span> <span class='ocrx_word' id='word_1_584' title='bbox 628 4796 765 4856; x_wconf 82' lang='grc' dir='ltr'>εἶναι</span> <span class='ocrx_word' id='word_1_585' title='bbox 793 4803 890 4873; x_wconf 90' lang='grc' dir='ltr'><strong>τῆς</strong></span> <span class='ocrx_word' id='word_1_586' title='bbox 946 4803 1269 4877; x_wconf 75' lang='grc' dir='ltr'>Ἑκκλησίας</span> <span class='ocrx_word' id='word_1_587' title='bbox 1307 4804 1405 4875; x_wconf 81' lang='grc' dir='ltr'>τὴν</span> <span class='ocrx_word' id='word_1_588' title='bbox 1453 4804 1668 4870; x_wconf 83' lang='grc' dir='ltr'>πίστιν,</span> <span class='ocrx_word' id='word_1_589' title='bbox 1718 4807 1813 4859; x_wconf 70' lang='grc' dir='ltr'>καὶ</span> <span class='ocrx_word' id='word_1_590' title='bbox 1858 4805 1967 4859; x_wconf 88' lang='grc' dir='ltr'><strong>τῶν</strong></span> 
     </span>
    </p>
   </div>
   <div class='ocr_carea' id='block_1_85' title="bbox 394 4891 1962 4967">
    <p class='ocr_par' dir='ltr' id='par_1_85' title="bbox 394 4891 1962 4967">
     <span class='ocr_line' id='line_1_86' title="bbox 394 4891 1962 4967; baseline 0.001 -20"><span class='ocrx_word' id='word_1_591' title='bbox 394 4891 653 4962; x_wconf 84' lang='grc' dir='ltr'>Πατέρων</span> <span class='ocrx_word' id='word_1_592' title='bbox 688 4891 786 4963; x_wconf 81' lang='grc' dir='ltr'>τὴν</span> <span class='ocrx_word' id='word_1_593' title='bbox 824 4894 1152 4965; x_wconf 78' lang='grc' dir='ltr'>παράδοσινο</span> <span class='ocrx_word' id='word_1_594' title='bbox 1191 4894 1323 4947; x_wconf 84' lang='grc' dir='ltr'>πᾶσι</span> <span class='ocrx_word' id='word_1_595' title='bbox 1355 4912 1414 4948; x_wconf 88' lang='grc' dir='ltr'><strong>τε</strong></span> <span class='ocrx_word' id='word_1_596' title='bbox 1434 4895 1698 4967; x_wconf 62' lang='grc' dir='ltr'>’φανερῶς</span> <span class='ocrx_word' id='word_1_597' title='bbox 1744 4895 1962 4962; x_wconf 70' lang='grc' dir='ltr'>ἔδειξεν,</span> 
     </span>
    </p>
   </div>
   <div class='ocr_carea' id='block_1_86' title="bbox 392 4983 1966 5057">
    <p class='ocr_par' dir='ltr' id='par_1_86' title="bbox 392 4983 1966 5057">
     <span class='ocr_line' id='line_1_87' title="bbox 392 4983 1966 5057; baseline 0.003 -21"><span class='ocrx_word' id='word_1_598' title='bbox 392 4983 473 5037; x_wconf 81' lang='grc' dir='ltr'>ὅτι</span> <span class='ocrx_word' id='word_1_599' title='bbox 512 4983 777 5054; x_wconf 86' lang='grc' dir='ltr'>πρότερον</span> <span class='ocrx_word' id='word_1_600' title='bbox 833 4983 1185 5053; x_wconf 72' lang='grc' dir='ltr'>ἐσφάλλοντο,</span> <span class='ocrx_word' id='word_1_601' title='bbox 1237 4986 1334 5040; x_wconf 72' lang='grc' dir='ltr'>καὶ</span> <span class='ocrx_word' id='word_1_602' title='bbox 1379 4986 1554 5057; x_wconf 88' lang='grc' dir='ltr'>μάτην</span> <span class='ocrx_word' id='word_1_603' title='bbox 1601 4986 1966 5055; x_wconf 80' lang='grc' dir='ltr'>ἐφιλονείκουν</span> 
     </span>
    </p>
   </div>
   <div class='ocr_carea' id='block_1_87' title="bbox 393 5073 1967 5149">
    <p class='ocr_par' dir='ltr' id='par_1_87' title="bbox 393 5073 1967 5149">
     <span class='ocr_line' id='line_1_88' title="bbox 393 5073 1967 5149; baseline 0.002 -21"><span class='ocrx_word' id='word_1_604' title='bbox 393 5074 528 5145; x_wconf 87' lang='grc' dir='ltr'>πρὸς</span> <span class='ocrx_word' id='word_1_605' title='bbox 555 5073 652 5146; x_wconf 83' lang='grc' dir='ltr'>τὴν</span> <span class='ocrx_word' id='word_1_606' title='bbox 687 5073 973 5144; x_wconf 68' lang='grc' dir='ltr'>ἀλήθειαν*</span> <span class='ocrx_word' id='word_1_607' title='bbox 1009 5077 1057 5130; x_wconf 88' lang='grc' dir='ltr'>εἰ</span> <span class='ocrx_word' id='word_1_608' title='bbox 1078 5077 1186 5149; x_wconf 73' lang='grc' dir='ltr'>γὰρ</span> <span class='ocrx_word' id='word_1_609' title='bbox 1213 5078 1305 5131; x_wconf 72' lang='grc' dir='ltr'>καὶ</span> <span class='ocrx_word' id='word_1_610' title='bbox 1331 5076 1572 5149; x_wconf 74' lang='grc' dir='ltr'>ᾐσχύνθη</span> <span class='ocrx_word' id='word_1_611' title='bbox 1600 5077 1722 5131; x_wconf 82' lang='grc' dir='ltr'>τότε</span> <span class='ocrx_word' id='word_1_612' title='bbox 1743 5077 1967 5141; x_wconf 86' lang='grc' dir='ltr'>ταύταις</span> 
     </span>
    </p>
   </div>
   <div class='ocr_carea' id='block_1_88' title="bbox 390 5165 1964 5242">
    <p class='ocr_par' dir='ltr' id='par_1_88' title="bbox 390 5165 1964 5242">
     <span class='ocr_line' id='line_1_89' title="bbox 390 5165 1964 5242; baseline 0.004 -24"><span class='ocrx_word' id='word_1_613' title='bbox 390 5168 510 5229; x_wconf 87' lang='grc' dir='ltr'>ταῖς</span> <span class='ocrx_word' id='word_1_614' title='bbox 542 5165 721 5233; x_wconf 78' lang='grc' dir='ltr'>λέξεσι</span> <span class='ocrx_word' id='word_1_615' title='bbox 752 5166 995 5238; x_wconf 79' lang='grc' dir='ltr'>γράψαι,</span> <span class='ocrx_word' id='word_1_616' title='bbox 1031 5171 1124 5223; x_wconf 73' lang='grc' dir='ltr'>καὶ</span> <span class='ocrx_word' id='word_1_617' title='bbox 1155 5170 1231 5234; x_wconf 85' lang='grc' dir='ltr'>ὡς</span> <span class='ocrx_word' id='word_1_618' title='bbox 1263 5169 1526 5242; x_wconf 78' lang='grc' dir='ltr'>ἠθέλησεν</span> <span class='ocrx_word' id='word_1_619' title='bbox 1561 5171 1724 5235; x_wconf 75' lang='grc' dir='ltr'>αὐτὸς</span> <span class='ocrx_word' id='word_1_620' title='bbox 1769 5171 1964 5224; x_wconf 86' lang='grc' dir='ltr'>ἀπελο-</span> 
     </span>
    </p>
   </div>
   <div class='ocr_carea' id='block_1_89' title="bbox 391 5258 1971 5337">
    <p class='ocr_par' dir='ltr' id='par_1_89' title="bbox 391 5258 1971 5337">
     <span class='ocr_line' id='line_1_90' title="bbox 391 5258 1971 5337; baseline 0.005 -27"><span class='ocrx_word' id='word_1_621' title='bbox 391 5258 596 5327; x_wconf 86' lang='grc' dir='ltr'>γήσατο</span> <span class='ocrx_word' id='word_1_622' title='bbox 620 5261 685 5330; x_wconf 77' lang='grc' dir='ltr'>τῇ</span> <span class='ocrx_word' id='word_1_623' title='bbox 726 5258 1043 5333; x_wconf 84' lang='grc' dir='ltr'>Ἐκκλησίᾳ,</span> <span class='ocrx_word' id='word_1_624' title='bbox 1071 5261 1207 5316; x_wconf 86' lang='grc' dir='ltr'>ἀλλά</span> <span class='ocrx_word' id='word_1_625' title='bbox 1235 5279 1299 5331; x_wconf 89' lang='grc' dir='ltr'><strong>γε</strong></span> <span class='ocrx_word' id='word_1_626' title='bbox 1336 5263 1422 5318; x_wconf 74' lang='grc' dir='ltr'><strong>διὰ</strong></span> <span class='ocrx_word' id='word_1_627' title='bbox 1461 5264 1560 5336; x_wconf 90' lang='grc' dir='ltr'><strong>τῆς</strong></span> <span class='ocrx_word' id='word_1_628' title='bbox 1592 5264 1880 5337; x_wconf 80' lang='grc' dir='ltr'>ἐπιστολῆς</span> <span class='ocrx_word' id='word_1_629' title='bbox 1910 5264 1971 5318; x_wconf 82' lang='grc' dir='ltr'>τὸ</span> 
     </span>
    </p>
   </div>
   <div class='ocr_carea' id='block_1_90' title="bbox 389 5350 1967 5429">
    <p class='ocr_par' dir='ltr' id='par_1_90' title="bbox 389 5350 1967 5429">
     <span class='ocr_line' id='line_1_91' title="bbox 389 5350 1967 5429; baseline 0.004 -25"><span class='ocrx_word' id='word_1_630' title='bbox 389 5350 673 5422; x_wconf 85' lang='grc' dir='ltr'>ὁμοούσιον</span> <span class='ocrx_word' id='word_1_631' title='bbox 710 5354 804 5407; x_wconf 68' lang='grc' dir='ltr'><strong>κοιλ⁸</strong></span> <span class='ocrx_word' id='word_1_632' title='bbox 853 5354 914 5407; x_wconf 78' lang='grc' dir='ltr'>τὸ</span> <span class='ocrx_word' id='word_1_633' title='bbox 950 5356 1015 5408; x_wconf 85' lang='grc' dir='ltr'><strong>ἐκ</strong></span> <span class='ocrx_word' id='word_1_634' title='bbox 1057 5355 1157 5426; x_wconf 86' lang='grc' dir='ltr'><strong>τῆς</strong></span> <span class='ocrx_word' id='word_1_635' title='bbox 1199 5356 1385 5421; x_wconf 83' lang='grc' dir='ltr'>οὐσίας</span> <span class='ocrx_word' id='word_1_636' title='bbox 1434 5357 1508 5429; x_wconf 85' lang='grc' dir='ltr'>μὴ</span> <span class='ocrx_word' id='word_1_637' title='bbox 1559 5359 1967 5429; x_wconf 84' lang='grc' dir='ltr'>ἀρνησάμενος,</span> 
     </span>
    </p>
   </div>
   <div class='ocr_carea' id='block_1_91' title="bbox 391 5444 1968 5519">
    <p class='ocr_par' dir='ltr' id='par_1_91' title="bbox 391 5444 1968 5519">
     <span class='ocr_line' id='line_1_92' title="bbox 391 5444 1968 5519; baseline 0.004 -23"><span class='ocrx_word' id='word_1_638' title='bbox 391 5444 640 5515; x_wconf 80' lang='grc' dir='ltr'>φανερῶς</span> <span class='ocrx_word' id='word_1_639' title='bbox 678 5445 837 5500; x_wconf 82' lang='grc' dir='ltr'>τοῦτο</span> <span class='ocrx_word' id='word_1_640' title='bbox 882 5449 1119 5519; x_wconf 79' lang='grc' dir='ltr'>σημᾶναι</span> <span class='ocrx_word' id='word_1_641' title='bbox 1180 5448 1460 5519; x_wconf 84' lang='grc' dir='ltr'>βούλεται,</span> <span class='ocrx_word' id='word_1_642' title='bbox 1508 5452 1602 5504; x_wconf 75' lang='grc' dir='ltr'><strong>καὶ</strong></span> <span class='ocrx_word' id='word_1_643' title='bbox 1636 5450 1871 5504; x_wconf 83' lang='grc' dir='ltr'>πέπονθέ</span> <span class='ocrx_word' id='word_1_644' title='bbox 1914 5467 1968 5503; x_wconf 87' lang='grc' dir='ltr'><strong>τι</strong></span> 
     </span>
    </p>
   </div>
   <div class='ocr_carea' id='block_1_92' title="bbox 390 5536 1969 5614">
    <p class='ocr_par' dir='ltr' id='par_1_92' title="bbox 390 5536 1969 5614">
     <span class='ocr_line' id='line_1_93' title="bbox 390 5536 1969 5614; baseline 0.003 -24"><span class='ocrx_word' id='word_1_645' title='bbox 390 5536 592 5590; x_wconf 80' lang='grc' dir='ltr'>δεινόν’</span> <span class='ocrx_word' id='word_1_646' title='bbox 628 5538 703 5602; x_wconf 82' lang='grc' dir='ltr'>ὡς</span> <span class='ocrx_word' id='word_1_647' title='bbox 745 5539 855 5609; x_wconf 83' lang='grc' dir='ltr'>γὰρ</span> <span class='ocrx_word' id='word_1_648' title='bbox 907 5540 1341 5612; x_wconf 87' lang='grc' dir='ltr'>ἀπολογούμενος</span> <span class='ocrx_word' id='word_1_649' title='bbox 1392 5543 1736 5614; x_wconf 86' lang='grc' dir='ltr'>κατηγόρησε</span> <span class='ocrx_word' id='word_1_650' title='bbox 1787 5541 1969 5595; x_wconf 84' lang='grc' dir='ltr'>λοιπὸν</span> 
     </span>
    </p>
   </div>
   <div class='ocr_carea' id='block_1_93' title="bbox 389 5626 1967 5706">
    <p class='ocr_par' dir='ltr' id='par_1_93' title="bbox 389 5626 1967 5706">
     <span class='ocr_line' id='line_1_94' title="bbox 389 5626 1967 5706; baseline 0.004 -25"><span class='ocrx_word' id='word_1_651' title='bbox 389 5626 498 5682; x_wconf 81' lang='grc' dir='ltr'><strong>τῶν</strong></span> <span class='ocrx_word' id='word_1_652' title='bbox 548 5629 860 5701; x_wconf 83' lang='grc' dir='ltr'>Ἀρειανῶν,</span> <span class='ocrx_word' id='word_1_653' title='bbox 895 5632 976 5686; x_wconf 86' lang='grc' dir='ltr'>ὄτι</span> <span class='ocrx_word' id='word_1_654' title='bbox 1011 5631 1340 5704; x_wconf 70' lang='grc' dir='ltr'>γράψαντες,</span> <span class='ocrx_word' id='word_1_655' title='bbox 1380 5633 1493 5687; x_wconf 87' lang='grc' dir='ltr'><strong>Οὐκ</strong></span> <span class='ocrx_word' id='word_1_656' title='bbox 1525 5629 1595 5706; x_wconf 80' lang='grc' dir='ltr'>ἦν</span> <span class='ocrx_word' id='word_1_657' title='bbox 1618 5636 1646 5687; x_wconf 88' lang='lat'><strong>6</strong></span> <span class='ocrx_word' id='word_1_658' title='bbox 1673 5633 1799 5697; x_wconf 85' lang='grc' dir='ltr'>Υίὸς</span> <span class='ocrx_word' id='word_1_659' title='bbox 1839 5634 1967 5705; x_wconf 76' lang='grc' dir='ltr'>πρὶν</span> 
     </span>
    </p>
   </div>
   <div class='ocr_carea' id='block_1_94' title="bbox 388 5716 1966 5796">
    <p class='ocr_par' dir='ltr' id='par_1_94' title="bbox 388 5716 1966 5796">
     <span class='ocr_line' id='line_1_95' title="bbox 388 5716 1966 5796; baseline 0.004 -25"><span class='ocrx_word' id='word_1_660' title='bbox 388 5718 701 5791; x_wconf 82' lang='grc' dir='ltr'>γενηθῆναι,</span> <span class='ocrx_word' id='word_1_661' title='bbox 735 5725 836 5777; x_wconf 88' lang='grc' dir='ltr'><strong>οὐκ</strong></span> <span class='ocrx_word' id='word_1_662' title='bbox 871 5722 1061 5795; x_wconf 78' lang='grc' dir='ltr'>ῆθελον</span> <span class='ocrx_word' id='word_1_663' title='bbox 1093 5724 1223 5778; x_wconf 69' lang='grc' dir='ltr'>αίτὸ</span> <span class='ocrx_word' id='word_1_664' title='bbox 1252 5716 1389 5778; x_wconf 69' lang='grc' dir='ltr'>εἶναι</span> <span class='ocrx_word' id='word_1_665' title='bbox 1412 5721 1528 5778; x_wconf 73' lang='grc' dir='ltr'>οὐδὲ</span> <span class='ocrx_word' id='word_1_666' title='bbox 1559 5722 1664 5796; x_wconf 82' lang='grc' dir='ltr'><strong>πρὸ</strong></span> <span class='ocrx_word' id='word_1_667' title='bbox 1694 5723 1795 5794; x_wconf 86' lang='grc' dir='ltr'><strong>τῆς</strong></span> <span class='ocrx_word' id='word_1_668' title='bbox 1826 5722 1966 5777; x_wconf 81' lang='grc' dir='ltr'>κατὰ</span> 
     </span>
    </p>
   </div>
   <div class='ocr_carea' id='block_1_95' title="bbox 392 5810 884 5884">
    <p class='ocr_par' dir='ltr' id='par_1_95' title="bbox 392 5810 884 5884">
     <span class='ocr_line' id='line_1_96' title="bbox 392 5810 884 5884; baseline 0.006 -20"><span class='ocrx_word' id='word_1_669' title='bbox 392 5810 570 5884; x_wconf 76' lang='grc' dir='ltr'>σάρκα</span> <span class='ocrx_word' id='word_1_670' title='bbox 602 5814 884 5881; x_wconf 77' lang='grc' dir='ltr'>γενέσεως.</span> 
     </span>
    </p>
   </div>
   <div class='ocr_carea' id='block_1_96' title="bbox 2072 4798 3647 4871">
    <p class='ocr_par' dir='ltr' id='par_1_96' title="bbox 2072 4798 3647 4871">
     <span class='ocr_line' id='line_1_97' title="bbox 2072 4798 3647 4871; baseline -0.001 -15"><span class='ocrx_word' id='word_1_671' title='bbox 2072 4818 2163 4859; x_wconf 88' lang='lat' dir='ltr'><strong>ras</strong></span> <span class='ocrx_word' id='word_1_672' title='bbox 2192 4803 2361 4871; x_wconf 89' lang='lat' dir='ltr'><strong>dedit,</strong></span> <span class='ocrx_word' id='word_1_673' title='bbox 2392 4817 2643 4860; x_wconf 85' lang='lat' dir='ltr'><strong>asserens</strong></span> <span class='ocrx_word' id='word_1_674' title='bbox 2670 4804 2808 4858; x_wconf 90' lang='lat' dir='ltr'><strong>hanc</strong></span> <span class='ocrx_word' id='word_1_675' title='bbox 2841 4818 2964 4859; x_wconf 87' lang='lat' dir='ltr'><strong>esse</strong></span> <span class='ocrx_word' id='word_1_676' title='bbox 2993 4801 3249 4858; x_wconf 81' lang='lat' dir='ltr'><strong>Ecclesiae</strong></span> <span class='ocrx_word' id='word_1_677' title='bbox 3281 4799 3436 4856; x_wconf 87' lang='lat' dir='ltr'><strong>fidem</strong></span> <span class='ocrx_word' id='word_1_678' title='bbox 3467 4808 3523 4856; x_wconf 88' lang='lat' dir='ltr'><strong>et</strong></span> <span class='ocrx_word' id='word_1_679' title='bbox 3545 4798 3647 4855; x_wconf 85' lang='lat' dir='ltr'><strong>Pa-</strong></span> 
     </span>
    </p>
   </div>
   <div class='ocr_carea' id='block_1_97' title="bbox 2072 4891 3646 4965">
    <p class='ocr_par' dir='ltr' id='par_1_97' title="bbox 2072 4891 3646 4965">
     <span class='ocr_line' id='line_1_98' title="bbox 2072 4891 3646 4965; baseline -0.003 -16"><span class='ocrx_word' id='word_1_680' title='bbox 2072 4902 2219 4949; x_wconf 86' lang='lat' dir='ltr'><strong>trum</strong></span> <span class='ocrx_word' id='word_1_681' title='bbox 2252 4895 2622 4951; x_wconf 86' lang='lat' dir='ltr'><strong>traditionem.</strong></span> <span class='ocrx_word' id='word_1_682' title='bbox 2659 4893 3034 4965; x_wconf 86' lang='lat' dir='ltr'><strong>Omnibusque</strong></span> <span class='ocrx_word' id='word_1_683' title='bbox 3082 4893 3372 4948; x_wconf 91' lang='lat' dir='ltr'><strong>manifesto</strong></span> <span class='ocrx_word' id='word_1_684' title='bbox 3402 4891 3646 4947; x_wconf 85' lang='lat' dir='ltr'><strong>declara-</strong></span> 
     </span>
    </p>
   </div>
   <div class='ocr_carea' id='block_1_98' title="bbox 2073 4986 3647 5057">
    <p class='ocr_par' dir='ltr' id='par_1_98' title="bbox 2073 4986 3647 5057">
     <span class='ocr_line' id='line_1_99' title="bbox 2073 4986 3647 5057; baseline 0 -17"><span class='ocrx_word' id='word_1_685' title='bbox 2073 4988 2171 5053; x_wconf 88' lang='lat' dir='ltr'><strong>vit,</strong></span> <span class='ocrx_word' id='word_1_686' title='bbox 2200 4988 2323 5043; x_wconf 88' lang='lat' dir='ltr'><strong>illos</strong></span> <span class='ocrx_word' id='word_1_687' title='bbox 2356 4989 2508 5057; x_wconf 89' lang='lat' dir='ltr'><strong>prius</strong></span> <span class='ocrx_word' id='word_1_688' title='bbox 2529 5003 2744 5044; x_wconf 87' lang='lat' dir='ltr'><strong>errasse</strong></span> <span class='ocrx_word' id='word_1_689' title='bbox 2763 4995 2818 5041; x_wconf 90' lang='lat' dir='ltr'><strong>et</strong></span> <span class='ocrx_word' id='word_1_690' title='bbox 2851 4986 3055 5042; x_wconf 90' lang='lat' dir='ltr'><strong>frustra</strong></span> <span class='ocrx_word' id='word_1_691' title='bbox 3077 4987 3145 5042; x_wconf 90' lang='lat' dir='ltr'><strong>de</strong></span> <span class='ocrx_word' id='word_1_692' title='bbox 3169 4986 3396 5040; x_wconf 80' lang='lat' dir='ltr'><strong>veritate</strong></span> <span class='ocrx_word' id='word_1_693' title='bbox 3428 4994 3647 5040; x_wconf 87' lang='lat' dir='ltr'><strong>conten-</strong></span> 
     </span>
    </p>
   </div>
   <div class='ocr_carea' id='block_1_99' title="bbox 2074 5075 3639 5155">
    <p class='ocr_par' dir='ltr' id='par_1_99' title="bbox 2074 5075 3639 5155">
     <span class='ocr_line' id='line_1_100' title="bbox 2074 5075 3639 5155; baseline -0.002 -20"><span class='ocrx_word' id='word_1_694' title='bbox 2074 5077 2241 5135; x_wconf 89' lang='lat' dir='ltr'><strong>disse.</strong></span> <span class='ocrx_word' id='word_1_695' title='bbox 2266 5079 2381 5155; x_wconf 85' lang='lat' dir='ltr'><strong>Etsi</strong></span> <span class='ocrx_word' id='word_1_696' title='bbox 2397 5081 2540 5135; x_wconf 89' lang='lat' dir='ltr'><strong>enim</strong></span> <span class='ocrx_word' id='word_1_697' title='bbox 2557 5080 2624 5135; x_wconf 91' lang='lat' dir='ltr'><strong>iis</strong></span> <span class='ocrx_word' id='word_1_698' title='bbox 2640 5086 2770 5133; x_wconf 93' lang='lat' dir='ltr'><strong>tunc</strong></span> <span class='ocrx_word' id='word_1_699' title='bbox 2786 5079 2966 5134; x_wconf 88' lang='lat' dir='ltr'><strong>verbis</strong></span> <span class='ocrx_word' id='word_1_700' title='bbox 2986 5078 3067 5132; x_wconf 89' lang='lat' dir='ltr'><strong>uti</strong></span> <span class='ocrx_word' id='word_1_701' title='bbox 3096 5091 3207 5148; x_wconf 84' lang='lat' dir='ltr'><strong>prae</strong></span> <span class='ocrx_word' id='word_1_702' title='bbox 3226 5075 3433 5146; x_wconf 90' lang='lat' dir='ltr'><strong>pudore</strong></span> <span class='ocrx_word' id='word_1_703' title='bbox 3444 5077 3639 5133; x_wconf 89' lang='lat' dir='ltr'><strong>noluit.</strong></span> 
     </span>
    </p>
   </div>
   <div class='ocr_carea' id='block_1_100' title="bbox 2072 5168 3643 5242">
    <p class='ocr_par' dir='ltr' id='par_1_100' title="bbox 2072 5168 3643 5242">
     <span class='ocr_line' id='line_1_101' title="bbox 2072 5168 3643 5242; baseline -0.001 -15"><span class='ocrx_word' id='word_1_704' title='bbox 2072 5181 2128 5227; x_wconf 89' lang='lat' dir='ltr'><strong>et</strong></span> <span class='ocrx_word' id='word_1_705' title='bbox 2150 5176 2311 5242; x_wconf 89' lang='lat' dir='ltr'><strong>prout</strong></span> <span class='ocrx_word' id='word_1_706' title='bbox 2340 5172 2458 5242; x_wconf 90' lang='lat' dir='ltr'><strong>ipse</strong></span> <span class='ocrx_word' id='word_1_707' title='bbox 2496 5172 2664 5226; x_wconf 83' lang='lat' dir='ltr'><strong>voluit</strong></span> <span class='ocrx_word' id='word_1_708' title='bbox 2696 5170 2961 5227; x_wconf 89' lang='lat' dir='ltr'><strong>satisfecit</strong></span> <span class='ocrx_word' id='word_1_709' title='bbox 2993 5169 3272 5232; x_wconf 83' lang='lat' dir='ltr'><strong>Ecclesiae,</strong></span> <span class='ocrx_word' id='word_1_710' title='bbox 3320 5168 3375 5222; x_wconf 92' lang='lat' dir='ltr'><strong>in</strong></span> <span class='ocrx_word' id='word_1_711' title='bbox 3413 5169 3643 5239; x_wconf 89' lang='lat' dir='ltr'><strong>epistola</strong></span> 
     </span>
    </p>
   </div>
   <div class='ocr_carea' id='block_1_101' title="bbox 2074 5258 3643 5333">
    <p class='ocr_par' dir='ltr' id='par_1_101' title="bbox 2074 5258 3643 5333">
     <span class='ocr_line' id='line_1_102' title="bbox 2074 5258 3643 5333; baseline -0.001 -17"><span class='ocrx_word' id='word_1_712' title='bbox 2074 5262 2335 5317; x_wconf 90' lang='lat' dir='ltr'><strong>tamenin</strong></span> <span class='ocrx_word' id='word_1_713' title='bbox 2393 5277 2502 5333; x_wconf 91' lang='lat' dir='ltr'><strong>qua</strong></span> <span class='ocrx_word' id='word_1_714' title='bbox 2528 5261 2623 5317; x_wconf 87' lang='lat' dir='ltr'><strong>Dei</strong></span> <span class='ocrx_word' id='word_1_715' title='bbox 2666 5261 2861 5315; x_wconf 87' lang='lat' dir='ltr'><strong>Filium</strong></span> <span class='ocrx_word' id='word_1_716' title='bbox 2911 5258 3430 5315; x_wconf 85' lang='lat' dir='ltr'><strong>consubstantialem</strong></span> <span class='ocrx_word' id='word_1_717' title='bbox 3480 5267 3535 5315; x_wconf 86' lang='lat' dir='ltr'><strong>et</strong></span> <span class='ocrx_word' id='word_1_718' title='bbox 3577 5274 3643 5315; x_wconf 82' lang='lat' dir='ltr'><strong>ex</strong></span> 
     </span>
    </p>
   </div>
   <div class='ocr_carea' id='block_1_102' title="bbox 2074 5348 3647 5419">
    <p class='ocr_par' dir='ltr' id='par_1_102' title="bbox 2074 5348 3647 5419">
     <span class='ocr_line' id='line_1_103' title="bbox 2074 5348 3647 5419; baseline -0.003 -10"><span class='ocrx_word' id='word_1_719' title='bbox 2074 5352 2378 5409; x_wconf 87' lang='lat' dir='ltr'><strong>substantia</strong></span> <span class='ocrx_word' id='word_1_720' title='bbox 2409 5351 2590 5407; x_wconf 80' lang='lat' dir='ltr'><strong>Patris</strong></span> <span class='ocrx_word' id='word_1_721' title='bbox 2631 5353 2894 5407; x_wconf 82' lang='lat' dir='ltr'><strong>exsistere</strong></span> <span class='ocrx_word' id='word_1_722' title='bbox 2950 5365 3058 5404; x_wconf 91' lang='lat' dir='ltr'><strong>non</strong></span> <span class='ocrx_word' id='word_1_723' title='bbox 3107 5348 3403 5417; x_wconf 84' lang='lat' dir='ltr'><strong>inficiatur,</strong></span> <span class='ocrx_word' id='word_1_724' title='bbox 3461 5358 3647 5419; x_wconf 83' lang='lat' dir='ltr'><strong>aperte</strong></span> 
     </span>
    </p>
   </div>
   <div class='ocr_carea' id='block_1_103' title="bbox 2075 5440 3644 5514">
    <p class='ocr_par' dir='ltr' id='par_1_103' title="bbox 2075 5440 3644 5514">
     <span class='ocr_line' id='line_1_104' title="bbox 2075 5440 3644 5514; baseline -0.002 -16"><span class='ocrx_word' id='word_1_725' title='bbox 2075 5445 2128 5499; x_wconf 91' lang='lat' dir='ltr'><strong>id</strong></span> <span class='ocrx_word' id='word_1_726' title='bbox 2158 5442 2301 5514; x_wconf 85' lang='lat' dir='ltr'><strong>quod</strong></span> <span class='ocrx_word' id='word_1_727' title='bbox 2325 5442 2457 5507; x_wconf 80' lang='lat' dir='ltr'><strong>dixi,</strong></span> <span class='ocrx_word' id='word_1_728' title='bbox 2488 5443 2776 5513; x_wconf 80' lang='lat' dir='ltr'><strong>signiﬁcat.</strong></span> <span class='ocrx_word' id='word_1_729' title='bbox 2827 5443 2906 5496; x_wconf 86' lang='lat' dir='ltr'><strong>Ac</strong></span> <span class='ocrx_word' id='word_1_730' title='bbox 2931 5440 3175 5511; x_wconf 80' lang='lat' dir='ltr'><strong>profecto</strong></span> <span class='ocrx_word' id='word_1_731' title='bbox 3228 5440 3415 5497; x_wconf 81' lang='lat' dir='ltr'><strong>infelix</strong></span> <span class='ocrx_word' id='word_1_732' title='bbox 3472 5443 3529 5496; x_wconf 88' lang='lat' dir='ltr'><strong>in</strong></span> <span class='ocrx_word' id='word_1_733' title='bbox 3577 5446 3644 5496; x_wconf 77' lang='lat' dir='ltr'><strong>eo</strong></span> 
     </span>
    </p>
   </div>
   <div class='ocr_carea' id='block_1_104' title="bbox 2074 5532 3645 5604">
    <p class='ocr_par' dir='ltr' id='par_1_104' title="bbox 2074 5532 3645 5604">
     <span class='ocr_line' id='line_1_105' title="bbox 2074 5532 3645 5604; baseline 0.001 -14"><span class='ocrx_word' id='word_1_734' title='bbox 2074 5535 2196 5597; x_wconf 83' lang='lat' dir='ltr'><strong>fuit,</strong></span> <span class='ocrx_word' id='word_1_735' title='bbox 2239 5542 2298 5588; x_wconf 92' lang='lat' dir='ltr'><strong>ut</strong></span> <span class='ocrx_word' id='word_1_736' title='bbox 2356 5535 2498 5588; x_wconf 91' lang='lat' dir='ltr'><strong>enim</strong></span> <span class='ocrx_word' id='word_1_737' title='bbox 2537 5534 2775 5603; x_wconf 87' lang='lat' dir='ltr'><strong>seipsum</strong></span> <span class='ocrx_word' id='word_1_738' title='bbox 2828 5542 3104 5604; x_wconf 82' lang='lat' dir='ltr'><strong>purgaret,</strong></span> <span class='ocrx_word' id='word_1_739' title='bbox 3158 5534 3439 5590; x_wconf 85' lang='lat' dir='ltr'><strong>accusavit</strong></span> <span class='ocrx_word' id='word_1_740' title='bbox 3489 5532 3645 5592; x_wconf 79' lang='lat' dir='ltr'><strong>dein-</strong></span> 
     </span>
    </p>
   </div>
   <div class='ocr_carea' id='block_1_105' title="bbox 2073 5625 3644 5698">
    <p class='ocr_par' dir='ltr' id='par_1_105' title="bbox 2073 5625 3644 5698">
     <span class='ocr_line' id='line_1_106' title="bbox 2073 5625 3644 5698; baseline -0.003 -15"><span class='ocrx_word' id='word_1_741' title='bbox 2073 5642 2201 5698; x_wconf 88' lang='lat' dir='ltr'><strong>ceps</strong></span> <span class='ocrx_word' id='word_1_742' title='bbox 2234 5626 2487 5690; x_wconf 84' lang='lat' dir='ltr'><strong>Arianos,</strong></span> <span class='ocrx_word' id='word_1_743' title='bbox 2512 5626 2657 5696; x_wconf 92' lang='lat' dir='ltr'><strong>quod</strong></span> <span class='ocrx_word' id='word_1_744' title='bbox 2696 5642 2820 5681; x_wconf 92' lang='lat' dir='ltr'><strong>cum</strong></span> <span class='ocrx_word' id='word_1_745' title='bbox 2862 5626 3109 5681; x_wconf 79' lang='lat' dir='ltr'><strong>dicerent</strong></span> <span class='ocrx_word' id='word_1_746' title='bbox 3150 5625 3347 5681; x_wconf 83' lang='lat' dir='ltr'><strong>Filium</strong></span> <span class='ocrx_word' id='word_1_747' title='bbox 3391 5625 3484 5681; x_wconf 86' lang='lat' dir='ltr'><strong>Dei</strong></span> <span class='ocrx_word' id='word_1_748' title='bbox 3531 5640 3644 5680; x_wconf 86' lang='lat' dir='ltr'><strong>non</strong></span> 
     </span>
    </p>
   </div>
   <div class='ocr_carea' id='block_1_106' title="bbox 2073 5717 3647 5791">
    <p class='ocr_par' dir='ltr' id='par_1_106' title="bbox 2073 5717 3647 5791">
     <span class='ocr_line' id='line_1_107' title="bbox 2073 5717 3647 5791; baseline -0.003 -15"><span class='ocrx_word' id='word_1_749' title='bbox 2073 5719 2345 5777; x_wconf 71' lang='lat' dir='ltr'><strong>eXStitissc</strong></span> <span class='ocrx_word' id='word_1_750' title='bbox 2380 5725 2670 5788; x_wconf 88' lang='lat' dir='ltr'><strong>antequam</strong></span> <span class='ocrx_word' id='word_1_751' title='bbox 2724 5719 3038 5791; x_wconf 73' lang='lat' dir='ltr'><strong>gigneretur</strong></span> <span class='ocrx_word' id='word_1_752' title='bbox 3064 5759 3080 5785; x_wconf 96' lang='lat'><strong>,</strong></span> <span class='ocrx_word' id='word_1_753' title='bbox 3132 5717 3236 5773; x_wconf 85' lang='lat' dir='ltr'><strong>hoc</strong></span> <span class='ocrx_word' id='word_1_754' title='bbox 3278 5727 3438 5789; x_wconf 88' lang='lat' dir='ltr'><strong>pacto</strong></span> <span class='ocrx_word' id='word_1_755' title='bbox 3478 5731 3647 5788; x_wconf 77' lang='lat' dir='ltr'><strong>nega-</strong></span> 
     </span>
    </p>
   </div>
   <div class='ocr_carea' id='block_1_107' title="bbox 2073 5810 3290 5871">
    <p class='ocr_par' dir='ltr' id='par_1_107' title="bbox 2073 5810 3290 5871">
     <span class='ocr_line' id='line_1_108' title="bbox 2073 5810 3290 5871; baseline 0.003 -4"><span class='ocrx_word' id='word_1_756' title='bbox 2073 5819 2191 5868; x_wconf 88' lang='lat' dir='ltr'><strong>rent</strong></span> <span class='ocrx_word' id='word_1_757' title='bbox 2221 5825 2345 5869; x_wconf 86' lang='lat' dir='ltr'><strong>cum</strong></span> <span class='ocrx_word' id='word_1_758' title='bbox 2365 5810 2643 5867; x_wconf 77' lang='lat' dir='ltr'><strong>exstitisse</strong></span> <span class='ocrx_word' id='word_1_759' title='bbox 2681 5819 2808 5869; x_wconf 87' lang='lat' dir='ltr'><strong>ante</strong></span> <span class='ocrx_word' id='word_1_760' title='bbox 2830 5810 3290 5871; x_wconf 53' lang='lat' dir='ltr'><strong>incarnationem,</strong></span> 
     </span>
    </p>
   </div>
  </div>
