4126 6438
502 338 571 393 87
1308 333 1641 392 ΥΕΤΕΜΙΜ
1678 330 2097 390 TESTIMONIA
2135 332 2421 389 CONTRA
2457 331 2825 389 EUSEBIIJM.
3652 325 3722 380 88

1359 451 1508 508 Idem
1540 453 1598 508 in
1627 460 1858 507 tractatu
1879 450 1956 508 De
1985 451 2210 523 synodis
2237 453 2471 508 Arimini
2496 461 2551 508 et
2579 448 2858 506 Seleucia.

565 570 843 646 Praeipue
873 582 1050 630 autem
1072 575 1329 638 Aeacius,
1359 573 1490 645 quid
1514 573 1746 630 Eusebio
1797 573 2059 644 magistro
2088 580 2130 634 A

2093 580 2130 634 Α
2226 572 2477 628 Μάλιστα
2517 571 2574 624 δὲ
2617 569 2865 630 Ἀκὰκιος
2895 565 2948 618 τί
2999 561 3066 617 ἂν
3105 562 3247 616 εἴποι
3293 559 3426 631 πρὸς
3465 556 3722 611 Εὑσΐϐιον

496 681 599 724 suo
621 682 985 738 responsurus
1006 668 1125 723 est?
1162 667 1264 733 Qui
1293 682 1402 722 non
1447 667 1620 724 solum
1643 666 1852 738 synodo
1882 665 2054 722 Nica-

2152 665 2244 718 τδν
2279 664 2472 718 ἑαυτοῦ
2513 661 2862 724 διδάσκαλονς
2896 661 2992 721 ’³ος
3033 657 3091 710 οὐ
3130 656 3286 726 μόνον
3326 651 3634 722 ὑπέγραψεν
3665 651 3722 703 ὲν

494 772 580 812 na
609 757 954 827 subscripsit,
978 755 1072 811 sed
1098 763 1154 810 et
1202 771 1300 826 per
1351 754 1634 825 epistolam
1677 756 1893 826 pupulis
1939 756 2056 812 suis

2153 760 2220 826 τῇ
2266 754 2407 808 κατὰ
2456 754 2689 806 Νίκαιαν
2732 750 2967 819 συνόδῳ,
3009 747 3143 801 ἀλλὰ
3190 746 3280 799 καὶ
3332 743 3398 796 δι’
3437 739 3721 809 ἐπιπολῆς

495 848 862 918 signiﬁcavit,
931 863 1051 902 eam
1131 862 1267 905 esse.
1314 863 1494 903 veram
1538 846 1697 902 ﬁdem
1739 863 1861 919 qua
1911 850 2055 918 apud

2155 846 2388 918 ἐδήλωσε
2439 847 2547 907 τοῖς
2576 845 2669 897 ὑπ’
2710 842 2874 896 αὐτὸν
2901 841 3082 903 λαοῖς,
3120 838 3321 908 ταύτην
3359 832 3498 888 εἶναι
3540 835 3721 886 πίστιν

491 937 727 994 Nicaam
778 954 846 996 ex
893 935 1172 994 communi
1211 953 1477 996 consensu
1528 938 1728 993 tradita
1786 948 1889 995 est.
1941 939 2058 994 Etsi

2210 937 2349 1008 ιηθῆ,
2382 936 2482 1006 τὴν
2519 933 2937 1005 ὁμολογηθεῖσαν
2965 935 3022 985 ὲν
3060 934 3126 1002 τῇ
3160 930 3298 983 κατὰ
3334 928 3565 980 Νίκαιαν
3594 939 3719 977 συνδ
3831 941 3839 948 °

489 1031 635 1086 enim
669 1045 735 1086 eo
780 1046 889 1101 quo
926 1032 1013 1087 vol
1039 1033 1100 1084 xit
1153 1031 1335 1096 modo,
1361 1031 1638 1086 excusavit
1670 1046 1730 1086 se
1779 1047 1876 1102 per
1909 1031 2055 1086 illam

2156 1031 2260 1101 όδῳ
2283 1048 2296 1059 ·
2333 1031 2381 1084 εἰ
2410 1029 2518 1100 γὰρ
2539 1029 2632 1081 καὶ
2667 1027 2744 1090 ὼς
2777 1025 3040 1097 ἠθέλησεν
3086 1023 3456 1093 ἀπελογήσατο
3490 1019 3579 1072 διὰ
3619 1017 3718 1086 τῆς

490 1121 811 1191 Epistolam,
835 1138 936 1179 voc
955 1142 994 1178 ιε
1022 1135 1202 1178 tamen
1226 1122 1416 1195 synodi
1434 1138 1543 1177 non
1577 1122 1905 1193 repudiavit.
1939 1122 2052 1178 lmo

2158 1121 2466 1191 ἐπιπολῆς,
2508 1121 2644 1174 ἀλλά
2682 1136 2744 1188 γε
2778 1121 2877 1182 τὰς
2917 1117 3088 1184 λέξεις
3121 1116 3220 1170 οὐκ
3246 1115 3548 1186 ἠρνήσατο·
3583 1110 3721 1164 ἀλλὰ

490 1209 727 1266 Arianos
765 1213 1058 1277 accusavit,
1111 1211 1254 1282 quod
1288 1227 1414 1268 cum
1454 1212 1741 1268 dicerent:
1774 1211 1892 1268 Non
1933 1219 2052 1268 crat

2157 1216 2248 1268 καὶ
2281 1214 2626 1285 κατηγόρησε
2655 1212 2763 1266 τῶν
2804 1211 3124 1282 Ἀρειανῶν,
3155 1211 3238 1264 ὅτι
3287 1208 3561 1275 λέγοντες,
3605 1205 3719 1257 Οὐκ

491 1297 664 1357 Filius
685 1309 969 1372 antequam
996 1304 1305 1374 gigneretur
1327 1347 1342 1370 ,
1374 1319 1496 1358 eum
1546 1320 1614 1360 ne
1666 1310 1792 1360 ante
1834 1315 2048 1375 partum

2154 1305 2222 1380 ἦν
2258 1309 2386 1380 πρὶν
2419 1308 2711 1379 γενηθῆναι
2759 1309 2788 1361 ὁ
2820 1306 2979 1370 Υἱὸς,
3011 1306 3129 1359 οὐδὲ
3161 1304 3265 1375 πρὸ
3311 1302 3526 1374 Μαρίας
3557 1299 3718 1355 αὑτὸν

493 1392 712 1462 quidem
743 1393 923 1449 Maria
949 1398 1221 1452 exstitisse
1259 1395 1614 1452 afﬁrmarent.

902 1410 923 1449 ε
949 1398 1221 1452 exstitisse
1259 1395 1614 1452 afﬁrmarent.
2154 1399 2342 1470 ἤθελον
2374 1395 2531 1454 εἶναι.

1525 1489 1672 1545 Idem
1697 1493 1751 1547 in
1781 1492 2006 1564 epistola
2042 1492 2111 1546 ad
2139 1496 2408 1565 episcopos
2445 1495 2661 1564 Africa.

552 1601 737 1678 Neque
763 1606 883 1678 ejus
912 1609 990 1663 rei
1023 1609 1245 1680 ignarus
1292 1617 1412 1666 erat
1440 1608 1706 1666 Eusebius
1757 1612 2047 1680 cpiscopus

2223 1614 2334 1668 Καὶ
2380 1613 2536 1668 τοῦτο
2581 1613 2871 1680 ἐγίνωσκεν
2909 1609 3163 1672 Εὐσέϐιος
3192 1611 3222 1662 ὁ
3264 1605 3548 1677 γενόμενος
3600 1602 3718 1656 ἐπί-

485 1696 856 1756 Casariensis.
887 1700 991 1767 Qui
1024 1716 1148 1756 cum
1177 1702 1331 1772 prius
1372 1701 1761 1773 suﬁ‘ragaretur
1781 1704 2049 1758 Arianiea

2156 1722 2352 1770 σκοπος
2387 1705 2487 1775 τῆς
2519 1706 2869 1777 Καισαρείας,
2902 1703 3164 1774 πρότερον
3192 1701 3288 1772 μὲν
3323 1697 3625 1769 συντρέχων
3647 1697 3711 1766 τῇ

483 1797 668 1858 secta,
690 1799 880 1861 postea
907 1801 1087 1849 tamen
1110 1793 1312 1850 Nieani
1360 1797 1578 1850 concilii
1633 1795 1868 1851 decretis
1919 1796 2049 1851 sub-
2088 1784 2112 1838 ῑ

2088 1784 2127 1838 Β
2169 1799 2472 1868 ’Δρειανικῇ
2516 1797 2743 1867 αἱρέσει,
2780 1794 3003 1864 ὕστερον
3029 1794 3084 1846 δὲ
3127 1790 3444 1862 ὑπογράψας
3477 1791 3533 1841 ὲν
3576 1787 3711 1858 αὐτῇ

483 1881 726 1953 scripsit,
755 1891 809 1940 et
832 1885 977 1956 apud
1003 1901 1136 1942 suos
1170 1887 1405 1959 idipsum
1434 1888 1674 1960 propriis
1729 1889 1930 1944 litteris
1976 1889 2054 1942 af-

2152 1890 2220 1958 τῇ
2251 1890 2308 1942 ὲν
2330 1887 2532 1958 NW“?
2571 1887 2788 1956 συνῶῳ,
2825 1885 3028 1956 ἔγραψε
3060 1887 3170 1946 τοῖς
3205 1882 3352 1944 ἰδίοις
3382 1877 3717 1933 διαϐεϐαιού-

483 1971 735 2040 ﬁrmavit,
766 1976 925 2046 cujus
954 1977 1070 2032 hac
1105 1979 1269 2036 verba
1307 1989 1433 2036 sunt
1467 1979 1765 2036 :Novimus
1787 1980 2051 2050 quosdam

2157 1994 2335 2049 μενος,
2359 1977 2441 2029 ὅτι
2470 1976 2562 2029 καὶ
2590 1975 2696 2027 τῶν
2723 1973 2963 2027 παλαιῶν
2986 1973 3135 2036 τινας
3159 1971 3368 2038 λογίους
3399 1970 3493 2021 καὶ
3519 1970 3717 2036 ἐπιφα-

479 2081 548 2122 ex
577 2068 778 2138 priscis
802 2069 1048 2128 eruditos
1081 2078 1136 2127 et
1163 2073 1456 2142 praclams
1487 2074 1778 2139 antistites,
1807 2074 2050 2144 aliosque

2150 2071 2261 2133 νεϊς
2293 2068 2620 2130 ἐπισκόπους
2669 2066 2763 2119 καὶ¹
2813 2065 3160 2135 συγγραφέας
3206 2062 3447 2132 ἔγνωμεν
3490 2061 3581 2113 ἐπὶ
3619 2059 3715 2129 τῆς

479 2159 802 2229 scriptores,
835 2176 962 2217 cum
989 2163 1057 2219 de
1087 2165 1266 2220 Patris
1289 2175 1344 2222 et
1372 2165 1495 2222 Filii
1520 2165 1729 2224 Deitate
1759 2166 2050 2236 loqueren-

2149 2159 2242 2214 τοῦ
2269 2159 2480 2230 Πατρὺς
2508 2159 2601 2212 καὶ
2621 2156 2752 2211 Υίοῦ
2779 2157 3029 2226 θεότητος
3052 2154 3129 2225 τῷ
3158 2154 3251 2207 τοῦ
3277 2151 3558 2224 ὁμοουσίου
3584 2169 3716 2222 χρη-

479 2254 588 2314 tur,
613 2265 748 2305 voce
773 2253 1361 2312 consubstantialitatis
1382 2271 1513 2312 usos
1534 2271 1673 2312 esse.

1048 2255 1361 2312 antialitatis
1382 2271 1513 2312 usos
1534 2271 1673 2312 esse.
2154 2249 2416 2321 σαμένους
2436 2248 2677 2318 ὀνόματι.

1319 2373 1466 2430 Idem
1497 2377 1552 2428 in
1582 2383 1814 2429 tractata
1844 2373 1919 2429 De
1944 2370 2177 2444 Synodis
2223 2367 2452 2424 Arimini
2483 2374 2537 2422 et
2567 2365 2842 2422 Seleucia.

547 2476 814 2537 Eusebius
841 2498 1057 2555 quoque
1079 2503 1144 2542 ex
1177 2487 1422 2544 Caesarea
1451 2488 1762 2554 Palestina,
1803 2492 1859 2546 in
1912 2491 2048 2545 litte-

2234 2487 2294 2538 Ὀ
2323 2485 2380 2538 δὲ
2419 2484 2528 2538 ἀπὺ
2558 2481 2891 2554 Καισαρείας
2919 2481 3020 2551 τῆς
3050 2477 3408 2548 Παλαιστίνης
3439 2475 3712 2539 Εὐσέϐιος,

478 2570 554 2626 ris
585 2573 652 2627 ad
682 2573 1103 2648 Euphrationem
1139 2581 1452 2652 episc0pum
1475 2599 1584 2638 non
1604 2583 1811 2640 veritus
1837 2592 1920 2640 est
1946 2599 2044 2653 pa-

2152 2579 2379 2650 γράφων
2405 2577 2541 2648 πρὸς
2565 2575 2921 2647 Εὐφρατίωνα
2947 2574 3036 2626 τὸν
3062 2573 3375 2632 ἐπίσκοπον,
3400 2569 3499 2622 οὐκ
3517 2567 3711 2636 ἐφοϐήο

475 2661 583 2718 lam
605 2664 808 2736 dicere,
839 2667 1116 2728 Christum
1140 2689 1250 2728 non
1282 2689 1405 2730 esse
1427 2689 1610 2728 verum
1640 2673 1831 2731 Deum.

2151 2671 2217 2740 θη
2253 2667 2500 2738 φανερῶς
2529 2669 2700 2721 εἰπεῖν
2730 2669 2812 2722 ὅτι
2844 2670 2873 2721 ὁ
2912 2664 3142 2736 Χριστὸς
3174 2664 3271 2717 οὐκ
3299 2662 3443 2716 ἐστιν
3469 2659 3715 2731 ἀληθινὸς

2148 2759 2299 2823 Θεός.

1181 2852 1538 2925 Hieronymus
1572 2856 1628 2910 in
1661 2855 1886 2924 epistola
1913 2855 1982 2909 ad
1999 2854 2383 2925 Ctesiphontem
2411 2854 2659 2910 adversus
2684 2851 3025 2923 Pelagianos.

549 2939 774 2997 Fecerat
799 2943 902 3000 hoc
933 2954 987 3002 et
1017 2947 1071 3002 in
1093 2951 1267 3004 sancti
1297 2949 1562 3020 Pamphili
1588 2951 1846 3024 martyris
1873 2950 2114 3015 nomine,
2143 2962 2204 3005 ut
2222 2952 2423 3008 librum
2469 2951 2706 3022 primum
2751 2965 2847 3005 sex
2904 2949 3168 3003 librorum
3215 2942 3552 3001 defensionis
3590 2939 3714 2999 Ori-

474 3039 631 3108 genis
657 3038 875 3096 Eusebii
903 3041 1277 3113 Casariensis,
1307 3062 1469 3118 quem
1520 3047 1690 3103 fuisse
1743 3047 2029 3112 Arianum,
2072 3062 2234 3103 nemo
2294 3055 2381 3104 est
2426 3049 2521 3122 qui
2578 3047 2806 3113 nesciat,
2863 3044 3083 3100 nomine
3135 3040 3404 3112 Pamphili
3455 3037 3711 3109 martyris

473 3143 818 3204 pranotaret.

1467 3233 1616 3290 Idem
1643 3235 1696 3288 in
1727 3234 1861 3288 libro
1888 3234 2114 3289 secando
2140 3234 2420 3290 Adversus
2440 3233 2716 3289 Ruﬁnum.

541 3323 734 3380 Statim
758 3323 825 3382 de
853 3333 1011 3396 portu
1039 3329 1347 3399 egrediens,
1394 3345 1584 3384 navem
1621 3327 1866 3398 impegit.
1903 3324 2167 3384 Referens
2203 3328 2352 3382 enim
2374 3327 2442 3383 de
2469 3326 2730 3398 Apologia
2765 3321 3036 3392 Pamphili
3081 3320 3357 3394 martyris,
3387 3333 3554 3390 quam
3605 3332 3710 3376 nos

470 3417 690 3477 Eusebii
713 3420 1039 3476 Arianorum
1062 3421 1349 3494 principis,
1379 3421 1754 3492 probavimus,
1779 3428 1888 3477 etc.

1474 3510 1624 3565 Idem
1655 3511 1709 3565 in
1738 3511 1872 3565 libro
1892 3514 2064 3582 primo
2087 3487 2366 3568 Adversus
2399 3508 2674 3565 Ruﬁnum.

540 3598 806 3657 Eusebius
829 3599 1184 3656 Caesariensis
1213 3603 1526 3674 episcopus,
1545 3603 1706 3673 cujus
1727 3619 1893 3673 supra
1915 3604 2158 3670 memini,
2183 3604 2238 3658 in
2269 3610 2426 3658 sexto
2455 3603 2596 3658 libro
2620 3602 2721 3673 τῆς
2749 3601 3101 3671 Ἀπολογίας
3127 3599 3396 3670 Origenis,
3433 3599 3539 3657 hoc
3561 3601 3704 3656 idem

467 3688 658 3757 objicit
680 3689 950 3745 Methodio
976 3692 1237 3762 episeopo
1261 3701 1315 3748 et
1338 3693 1587 3764 martyri,
1617 3693 1765 3765 quod
1797 3702 1857 3748 tu
1890 3694 1948 3749 in
1985 3695 2124 3750 meis
2173 3694 2430 3751 laudibus
2481 3693 2830 3760 criminaris;
2864 3705 2917 3749 et
2945 3693 3078 3748 dicit
3109 3712 3122 3748 :
3151 3713 3170 3744 ι
3203 3691 3487 3760 Quomodo
3529 3709 3701 3750 ausus

467 3787 554 3835 est
585 3779 891 3837 Methodius
911 3797 1060 3836 nunc
1085 3791 1278 3838 contra
1311 3783 1600 3855 Origenem
1641 3785 1906 3851 scribere,
1927 3787 2020 3856 qui
2059 3786 2174 3841 hac
2205 3793 2260 3842 et
2291 3785 2407 3842 hac
2451 3785 2518 3841 de
2561 3783 2812 3856 Origenis
2865 3787 3082 3841 locutus
3131 3794 3216 3841 est
3253 3785 3597 3856 dogmatibus
3627 3785 3650 3838 τ
3678 3805 3696 3837 ι

467 3872 588 3928 1Non
606 3882 690 3930 est
713 3873 875 3944 hujus
905 3875 1011 3930 loci
1045 3890 1145 3945 pro
1175 3885 1412 3949 martyre
1429 3876 1594 3950 loqui.
1626 3875 1812 3947 Neque
1841 3877 1987 3932 enim
2008 3878 2189 3932 omnia
2213 3878 2267 3933 in
2296 3877 2432 3933 locis
2454 3877 2708 3934 omnibus
2739 3877 3056 3934 disserenda
3102 3885 3248 3932 sunt.
3298 3875 3455 3933 Nune
3499 3878 3705 3949 tetigis-

469 3982 530 4023 se
555 3966 806 4034 suﬁieiat,
843 3967 946 4024 hoc
978 3969 1046 4024 ab
1073 3968 1280 4024 Ariano
1309 3970 1529 4027 homine
1557 3970 1721 4040 objici
1749 3970 2058 4027 clarissimo
2078 3981 2132 4027 et
2153 3971 2600 4044 eloquentissimo
2623 3974 2872 4042 martyri,
2906 3969 3053 4044 quod
3087 3979 3142 4026 tu
3171 3971 3226 4026 in
3266 3986 3353 4025 me
3406 3977 3461 4027 et
3494 3973 3704 4026 amicus

471 4060 682 4127 laudas,
729 4070 784 4119 et
807 4062 1047 4122 ollensus
1075 4079 1326 4123 accusas.

1378 4180 1650 4246 Socrates,
1676 4181 1774 4238 lib.
1798 4197 1813 4236 l
1847 4179 2100 4237 Historia
2125 4181 2528 4247 ecclesiastica,
2557 4197 2672 4249 cap.
2702 4180 2794 4235 23.

536 4290 801 4348 Eusebius
850 4293 1068 4363 quidem
1117 4293 1382 4364 Pamphili
1425 4295 1638 4362 scribit,
1695 4297 1878 4351 statim
1911 4304 2102 4367 postc

2075 4305 2102 4363 ε
2207 4295 2463 4360 Εὐσέϐιος
2495 4297 2590 4367 μὲν
2622 4293 2715 4350 οὖν
2745 4297 2774 4350 ὁ
2827 4296 3108 4367 Παμφίλου
3157 4297 3321 4368 φησὶν
3365 4296 3524 4359 εὐθὺς
3563 4293 3704 4366 μετὰ

463 4383 728 4454 synodum
760 4383 1046 4456 Egyptios
1079 4387 1223 4440 inter
1245 4401 1304 4441 se
1345 4387 1704 4441 tumultuatos
1731 4403 1873 4453 esse,
1896 4401 2028 4441 eau-

2135 4387 2230 4458 τὴν
2272 4387 2503 4452 σύνοδον,
2552 4389 2686 4460 πρὸς
2707 4390 2903 4461 ἑαυτὴν
2945 4388 3250 4453 στασιάζειν
3287 4388 3381 4460 τὴν
3407 4388 3699 4456 Αἴγυπτον,

461 4490 576 4530 εειω
602 4477 868 4532 tumultus
900 4493 1010 4533 non
1057 4477 1280 4534 addens.
1311 4478 1430 4545 Quo
1463 4478 1520 4532 ﬁt
1570 4487 1631 4534 ut
1676 4480 1730 4534 in
1773 4479 2028 4550 bilinguis

2132 4480 2233 4550 τὴν
2259 4479 2435 4533 αἰτίαν
2461 4480 2535 4551 μὴ
2559 4481 2866 4552 προστιθείς
2885 4499 2898 4511 ν
2927 4481 2983 4546 ἐξ
3003 4476 3077 4533 ὧν
3105 4481 3198 4534 καὶ
3222 4479 3518 4548 διγλώσσου
3543 4479 3701 4546 δόξαν

460 4568 829 4638 suspicionem
857 4571 1091 4636 venerit,
1122 4579 1406 4640 propterea
1455 4571 1602 4643 quod
1647 4572 1778 4628 dum
1830 4585 2027 4626 causas

2134 4574 2433 4644 ἐκτήσατο,
2466 4576 2567 4639 ὅτι,
2601 4574 2700 4638 τὰς
2731 4573 2909 4638 αἰτίας
2935 4573 3112 4641 λέγειν
3149 4574 3428 4637 ἐκκλίνων,
3466 4572 3541 4645 μὴ
3574 4589 3696 4626 συν-

461 4674 686 4715 narrare
711 4661 1058 4734 subterlugit,
1097 4663 1338 4719 indicare
1387 4665 1602 4720 videtur
1649 4680 1709 4720 se
1765 4665 1852 4720 his
1907 4678 2029 4734 qua

1503 4674 1602 4720 :tur
1649 4680 1709 4720 se
1765 4665 1852 4720 his
1907 4678 2029 4734 qua
2134 4666 2372 4720 ευδοκετν
2397 4671 2510 4730 τοῖς
2541 4670 2599 4721 ὲν
2628 4667 2833 4738 Νικαίᾳ
2865 4666 3132 4721 συνέθετο.

460 4752 600 4822 apud
627 4751 862 4808 Nicaam
889 4754 1104 4810 decreta
1135 4754 1367 4821 fuerant,
1416 4758 1640 4813 minime
1675 4756 1950 4812 assentiri.

720 4868 1066 4927 Theodoritus
1089 4872 1142 4926 in
1174 4873 1598 4942 interpretatione
1636 4872 1887 4943 Epistolaz
1909 4869 2068 4924 Pauli
2098 4869 2167 4923 ad
2192 4868 2464 4934 Hebraea,
2495 4869 2560 4925 de
2595 4870 2812 4925 Arionis
2854 4871 3087 4942 loquens,
3115 4870 3192 4924 ita
3215 4869 3398 4924 scribit
3432 4885 3452 4923 :

529 4983 684 5052 Quod
709 4987 754 5042 si
774 5004 841 5043 ne
860 4988 966 5044 hoc
989 4989 1209 5060 quidem
1244 4989 1448 5045 sufﬁcit
1493 4991 1560 5046 ad
1589 4991 1670 5046 eis
1699 4989 2026 5061 persuaden-

2198 4988 2260 5041 Ei
2285 4985 2341 5041 δὲ
2384 4987 2519 5059 μηδὲ
2567 4989 2724 5042 τοῦτο
2756 4988 2937 5042 ίκανὸν
2971 4992 3150 5042 πεῖσαι
3200 4990 3426 5052 αὐτοὺς,
3453 4985 3697 5058 Εὐσεϐίῳ

459 5075 610 5141 dum,
640 5078 873 5137 Eusebio
902 5090 1048 5138 certe
1074 5080 1366 5138 Palastino
1408 5083 1628 5137 credere
1656 5098 1751 5137 eos
1776 5089 2024 5153 oportet,

2128 5079 2258 5148 γοῦν
2286 5081 2451 5151 ἐχρῆν
2477 5080 2764 5150 πεισθῆναι
2786 5081 2863 5150 τῷ
2889 5080 3241 5152 Παλαιστινῷ,
3271 5080 3331 5133 όν
3352 5079 3460 5134 τῶν
3480 5077 3693 5132 οἰκείων

457 5183 617 5236 quem
647 5176 933 5239 patronum
961 5186 1188 5226 suorum
1213 5171 1525 5241 degmatum
1553 5170 1845 5242 appellant.

1487 5185 1525 5224 ιι
1553 5170 1845 5242 appellant.
2126 5169 2411 5241 δογμάτων
2441 5169 2774 5226 ἀποκαλοῦσι
2804 5173 3116 5244 συνήγορον.

684 5284 957 5354 Antipater
983 5287 1300 5342 Bostrorum
1325 5288 1594 5358 episcopus
1627 5287 1682 5341 in
1712 5287 1847 5343 libro
1875 5287 2045 5357 primo
2084 5287 2361 5342 Adversus
2405 5282 2626 5341 Eusebii
2655 5283 3067 5356 Apologeticum
3091 5299 3190 5356 pro
3217 5283 3472 5354 Origene.

527 5398 679 5468 Nego
723 5403 904 5452 tamen
947 5414 1069 5454 eum
1114 5400 1182 5454 ad
1235 5409 1480 5457 exactam
1525 5400 2023 5456 ecclesiasticarum

2196 5398 2309 5452 Οὺκ
2363 5396 2445 5450 ἔτι
2476 5395 2534 5449 δὲ
2585 5395 2720 5467 πρὸς
2766 5398 2866 5468 τὴν
2913 5396 3021 5449 τῶν
3074 5395 3359 5467 δογμάτων
3408 5392 3690 5466 ἀκρίϐειαν

455 5491 770 5561 dogmatum
799 5491 1163 5561 eugnitionem
1196 5495 1528 5564 pervenisse.
1579 5493 1849 5559 Quocirca
1897 5508 2022 5563 pro-

2123 5489 2326 5560 φθὰσαι
2357 5488 2498 5560 φημὶ
2521 5489 2611 5544 τὸν
2642 5487 2809 5560 ἄνδρα
2827 5505 2840 5518 ·
2869 5487 2991 5542 ὅθεν
3017 5486 3350 5558 πολυμαθίας
3387 5486 3486 5557 μὲν
3509 5502 3688 5558 παρα-

454 5582 679 5637 miscua
701 5580 919 5652 quidem
951 5582 1213 5639 doctrina
1239 5593 1400 5657 atque
1424 5585 1750 5642 eruditionis
1793 5587 2018 5656 gloriam
2047 5590 2083 5650 1]

2059 5590 2098 5650 ι)
2123 5580 2396 5652 χωρητέον
2443 5579 2611 5650 αὐτῷ,
2643 5578 2926 5650 δογμάτων
2963 5580 3019 5632 δὲ
3058 5580 3254 5648 γνῶσιν
3291 5578 3494 5632 οὐκέτι.
3530 5576 3688 5631 Ἀλλὰ

454 5673 504 5727 ei
537 5673 758 5728 omnino
788 5674 1144 5734 concedimus
1176 5698 1188 5732 :
1235 5678 1548 5748 dogmatum
1576 5693 1706 5734 vero
1747 5679 2016 5744 notitiam,

2125 5674 2219 5727 καὶ
2250 5673 2390 5726 πάνυ
2441 5672 2665 5726 κατόπιν
2724 5672 2911 5728 τοῦτον
2959 5674 3055 5744 τῆς
3101 5669 3353 5741 τοιαύτης
3403 5668 3687 5740 ἀκριϐείας

456 5778 564 5818 non
606 5766 755 5822 item.
789 5765 932 5834 Quin
971 5768 1153 5838 potius
1181 5769 1250 5825 ab
1289 5776 1542 5826 accurata
1583 5769 1800 5826 illorum
1832 5768 2018 5841 cogni-

2125 5766 2410 5837 γενόμενον
2440 5765 2795 5836 ἐπιστάμεθα.
2837 5773 2884 5825 Κ
2901 5769 2936 5822 tl
2964 5766 3110 5838 μετὰ
3133 5763 3368 5834 ,βραχέα
3389 5778 3403 5795 ο
3436 5763 3596 5815 Ὥστε
3621 5759 3687 5831 δὴ
