4126 6440
296 396 364 451 89
1106 376 1449 436 VETERUM
1489 367 1913 430 TESTIMONIA
1948 360 2231 423 CONTRA
2265 356 2637 417 EUSEBIUM.
3463 347 3533 403 90

295 512 381 567 ἵνα
409 510 481 583 μὴ
508 509 744 579 δόξωμεν
788 500 1141 574 ἐπεμϐαίνειν
1170 496 1246 568 τῷ
1291 495 1471 567 ἀνδρὶ,
1508 493 1637 564 περὶ

1674 483 1736 544 οὗ
1794 487 1857 541 οὐ
1887 493 1933 550 Α
1954 486 2106 538 tione
2136 493 2259 536 eum
2278 478 2467 547 procul
2487 472 2752 537 abfuisse,
2786 473 3122 539 compertum
3156 464 3435 519 habemus.
3461 461 3530 517 Et

298 555 381 567 ""
409 555 481 583 ι’τί
511 555 735 579 “⁹“³“Γ““’
795 555 908 574 "’1
1218 555 1229 568 .
1390 555 1401 567 .
1458 555 1467 560 -
1583 555 1593 564 .

292 605 573 676 πρόκειται
609 602 740 671 ἡμῖν
769 597 861 650 ἐπὶ
891 593 985 647 τοῦ
1024 591 1287 662 παρόντος
1326 587 1524 654 λέγειν,
1556 585 1663 648 ἵνα,
1696 581 1859 652 βασα-

1961 573 2115 642 paulo
2141 578 2259 642 post
2291 586 2309 623 :
2348 567 2534 636 ltaque
2578 580 2647 621 ne
2674 561 2883 618 homini
2916 560 3181 617 insultare
3224 555 3528 617 videamur,

1978 666 1991 676 -
2351 675 2360 676 κ
2414 657 2448 676 l!
2469 674 2478 676 _,
2499 672 2574 676 -__
2622 654 2778 676 __-L2_
2811 650 3148 676 -ι-Λληρ-ζΙ--Μ
3179 662 3285 676 nnn
3327 656 3405 676 nol
3472 655 3528 676 ul

292 675 526 760 νίζοντες
573 691 708 763 πρὸς
748 687 1029 760 ἀκρίϐειαν
1062 684 1160 754 τὴν
1202 680 1499 749 γενομένην
1520 675 1856 763 Ἀπολογίαν,

291 786 600 859 αίρετικοὺς
622 762 997 848 ἀποδείξωμεν
1040 774 1166 835 τοὺς
1198 768 1565 841 ἀμφοτέρους,
1604 762 1763 817 αὐτόν
1798 778 1859 814 τε

292 851 767 943 ἀπολογησάμενον
806 867 899 922 καὶ
938 865 1029 918 τὸν
1075 862 1214 932 ὑπὲρ
1257 860 1378 912 ὅτου
1425 856 1521 926 τὴν
1566 851 1861 919 ἀπολογίαν

295 942 571 1029 συνέταξε.
604 963 712 1017 Καὶ
729 963 854 1031 μεθ’
875 959 1065 1025 ἕτερα·
1090 954 1163 1006 Τὸ
1183 951 1291 1022 γὰρ
1317 947 1585 1002 δεικνύναι
1613 942 1860 997 σπεύδειν

291 1060 391 1131 τὴν
412 1057 505 1111 τοῦ
528 1056 655 1108 Υἱοῦ
684 1054 819 1125 πρὸς
843 1051 933 1103 τὸν
964 1048 1181 1119 Πατέρα
1203 1042 1465 1097 ὑπόϐασιν
1489 1038 1689 1109 ὁμοίως
1711 1033 1859 1104 αὐτῷ

291 1150 447 1213 τινὰς
486 1147 802 1220 εἰρηκότας,
847 1142 1059 1215 πρῶτον
1113 1139 1209 1206 μὲν
1253 1136 1312 1189 οὐ
1363 1131 1721 1200 ξενισθῶμεν·
1763 1126 1857 1179 σοῦ

294 1244 402 1313 γὰρ
448 1243 539 1295 καὶ
576 1239 685 1293 τῶν
736 1237 864 1308 περὶ
912 1236 972 1288 σὲ
1005 1236 1038 1303 ἡ
1095 1229 1315 1299 τοιαύτη
1348 1228 1509 1293 δόξω
1565 1223 1686 1276 ὅθεν
1730 1220 1858 1291 ’περὶ¹

291 1312 481 1387 τούτου
515 1332 604 1384 ἐπὶ
647 1328 740 1383 τοῦ
776 1326 1038 1400 παρόντος
1068 1323 1223 1390 λόγος
1268 1322 1399 1391 ἡμῖν
1448 1316 1654 1378 οὐδεὶς,
1691 1312 1855 1366 πάλαι

295 1426 394 1497 μὲν
422 1423 766 1495 οίκουμενικῆ
790 1420 1014 1492 ζητήσει
1042 1412 1435 1484 ὑποϐληθέντκ
1468 1409 1561 1462 καὶ
1579 1408 1859 1474 ἀποκηρυ-

290 1518 524 1589 χθέντος.

1960 666 2027 721 de
2080 677 2190 733 quo
2222 675 2370 715 nunc
2398 657 2580 713 dicere
2622 654 2782 710 nobis
2811 650 3150 721 propositum
3179 662 3288 701 non
3326 656 3438 712 est,
3472 655 3532 700 ut

1961 755 2368 826 Apologeticum
2410 754 2667 805 accurate
2703 744 3098 808 examinantes,
3135 748 3429 808 utrumque
3456 736 3532 791 si-

1962 851 2076 906 mul
2103 847 2419 903 hzereticum
2447 857 2569 898 esse
2597 840 2982 903 ostendamus,
3011 844 3125 889 tum
3150 837 3296 887 hunc
3328 831 3419 901 qui
3445 829 3531 883 de-

1964 941 2264 996 fensionem
2315 933 2572 1004 scripsit,
2610 940 2725 985 tum
2760 931 2914 984 illum
2949 926 3109 995 cujus
3151 930 3236 980 est
3277 926 3528 989 suscepta

1962 1032 2226 1088 defensio.
2277 1029 2345 1082 Et
2372 1025 2554 1094 paucis
2600 1021 2925 1090 interjectis:
2966 1016 3120 1095 Quod
3165 1015 3310 1069 enim
3344 1017 3529 1065 osten-

1961 1122 2089 1178 dere
2121 1119 2358 1184 conaris,
2384 1113 2776 1184 subjectionem
2807 1110 2931 1163 Filii
2963 1121 3091 1177 erga
3125 1103 3339 1156 Patrem
3369 1112 3531 1169 quos-

1961 1216 2085 1271 dam
2114 1211 2342 1285 perinde
2375 1224 2438 1263 ac
2491 1206 2777 1275 Origencm
2802 1203 3025 1264 dixisse,
3050 1199 3285 1269 primum
3310 1192 3526 1263 quidem

1962 1306 2184 1360 minime
2230 1303 2513 1356 miramur.
2567 1296 2692 1351 Hazc
2726 1295 2870 1350 enim
2916 1302 3008 1347 tua
3039 1292 3224 1359 tuique
3265 1285 3528 1343 similium

1962 1396 2149 1467 Opinio
2178 1402 2283 1449 est.
2331 1391 2489 1447 Unde
2518 1405 2682 1460 super
2717 1389 2819 1443 hoc
2852 1386 3102 1456 dogmate
3145 1378 3529 1450 impraesentia-

1962 1505 2083 1544 rum
2124 1488 2309 1542 nullus
2342 1485 2501 1540 nobis
2541 1493 2626 1539 est
2653 1495 2854 1544 sermo,
2891 1492 3014 1533 cum
3057 1475 3357 1546 praesertim
3387 1471 3530 1540 jam-

289 1611 497 1682 pridem
522 1608 846 1665 universalis
869 1604 1064 1678 synodi
1092 1599 1444 1671 inquisitione
1466 1595 1769 1666 projectum
1788 1589 1858 1645 sit
1889 1594 2052 1657 atque
2080 1583 2414 1638 damnatum.

1186 1713 1267 1767 Ea:
1306 1711 1508 1782 synodo
1553 1707 1774 1777 septima
1818 1700 2157 1762 wcumenica,
2198 1699 2404 1751 artione
2464 1702 2634 1748 sexta.

359 1816 455 1881 Τίς
488 1815 596 1887 γὰρ
644 1814 744 1867 οὐκ
783 1811 923 1880 ἔγνω
960 1808 1068 1861 τῶν
1112 1775 1689 1885 πιστῶννΈκκλησίας
1711 1839 1724 1862 ,
1768 1798 1860 1851 καὶ
1894 1806 1932 1858 Β

2033 1789 2167 1856 Quis
2194 1791 2338 1843 enim
2378 1786 2616 1841 fidelium
2653 1780 2910 1837 Ecclesia:
2938 1788 2991 1834 et
3020 1791 3207 1833 eorum
3241 1775 3335 1844 qui
3374 1789 3529 1829 vero-

2122 1880 2137 1887 -
2507 1880 2519 1887 .
2620 1876 2631 1887 .
3092 1878 3105 1887 ,
3153 1866 3524 1887 .ηω,,,,,,

371 1866 391 1868 _
412 1866 452 1881 ν,
501 1866 512 1884 _
536 1866 591 1887 τ
824 1866 835 1880 ,
1553 1866 1562 1871 _

284 1905 486 1975 γνῶσιν
518 1901 814 1973 εἰληφότων
843 1896 1111 1968 ἀληθινῶν
1151 1881 1452 1963 δογμάτων,
1486 1890 1568 1942 ὅτι
1603 1885 1858 1951 Εὐσέϐιος

1962 1897 2083 1935 rum
2106 1880 2420 1950 dogmatum
2444 1876 2725 1933 scientiam
2753 1878 3131 1944 perceperunt,
3152 1870 3364 1940 ignorat
3383 1866 3527 1936 quod

282 1957 761 2069 dilapmiloui,‘sig
794 1957 1051 2060 ἀδόκιμον
1081 1985 1203 2041 νοῦν
1222 1957 1582 2056 παραδοθεὶς,
1606 1978 1855 2049 ὁμόδοξος

1961 1973 2232 2028 Eusebius
2270 1969 2538 2039 Pamphili
2577 1968 2633 2022 in
2680 1965 2972 2036 reprobum
3015 1977 3237 2017 sensum
3272 1957 3526 2021 traditus,

433 2050 696 2159 σιέμφρων
741 2050 1093 2153 τέγονεΙτοῖς
1143 2078 1212 2131 τὰ
1268 2050 1476 2147 Ἀρείου
1526 2068 1855 2142 θρησκεύου-

1961 2064 2203 2134 ejusdem
2245 2063 2520 2134 opinionis
2580 2069 2636 2115 et
2693 2074 2889 2114 sensus
2927 2055 3091 2109 fuerit
3137 2069 3261 2107 cum
3314 2052 3401 2105 his
3435 2050 3528 2120 qui

287 2197 401 2246 σιν;
435 2198 490 2235 κ.
512 2196 564 2233 τ.
591 2178 641 2231 λ.

1961 2160 2076 2212 Arii
2124 2159 2455 2228 impietatem
2517 2154 2689 2209 secuti
2739 2151 2898 2206 sunt?
2946 2151 3002 2203 lu
3042 2148 3298 2202 omnibus
3331 2143 3531 2213 quippe

283 2271 565 2326 historicis
595 2267 711 2323 suis
744 2266 901 2321 libris
923 2271 1230 2318 creaturam
1284 2256 1485 2310 Filium
1515 2263 1569 2308 et
1615 2251 1851 2307 Verbum
1878 2248 1970 2304 Dei
2005 2259 2185 2315 vocat,
2218 2260 2271 2303 et
2301 2248 2614 2301 ministrum
2649 2253 2704 2300 et
2734 2242 3034 2298 secundum
3069 2238 3428 2294 adorabilem.
3462 2233 3524 2290 Si

283 2375 416 2415 vero
447 2359 668 2429 quidam
701 2358 848 2411 hunc
890 2351 1241 2409 defendentes
1273 2347 1487 2409 dicunt,
1521 2344 1920 2415 subscripsisse
1951 2343 2009 2396 in
2054 2341 2295 2412 synodo;
2326 2339 2694 2394 concedamus
2726 2337 2801 2390 ita
2837 2333 3028 2389 fuisse.
3084 2332 3190 2387 Sed
3222 2330 3381 2384 labiis
3413 2326 3529 2384 suis

280 2458 565 2510 veritatem
608 2452 918 2516 honoravit,
963 2467 1059 2507 cor
1088 2461 1269 2507 autem
1308 2452 1465 2520 longe
1494 2448 1596 2504 fuit
1647 2449 1715 2503 ab
1752 2462 1839 2512 ea,
1877 2453 1938 2500 ut
1966 2445 2265 2501 ostendunt
2299 2443 2423 2497 libri
2456 2440 2576 2510 ejus
2608 2448 2662 2495 et
2693 2437 2939 2508 epistolae
2980 2447 3194 2489 omnes.
3231 2430 3371 2485 Cum
3400 2442 3529 2496 ergo

281 2548 442 2602 aliter
470 2554 634 2616 atque
665 2545 823 2599 aliter
852 2545 1153 2600 secundum
1190 2554 1404 2615 tempus
1430 2550 1483 2598 et
1513 2556 1711 2597 causas
1742 2555 2075 2609 conspersus
2105 2539 2176 2593 sit
2208 2546 2369 2606 atque
2398 2542 2637 2590 mutatus
2666 2573 2680 2597 ,
2717 2528 3012 2601 aliquando
3042 2527 3276 2581 laudans
3306 2540 3368 2579 ea
3409 2538 3531 2593 quae

279 2649 410 2695 sunt
446 2639 561 2694 Arii
588 2639 905 2705 sentientes,
934 2638 1229 2708 aliquando
1256 2653 1384 2693 vero
1409 2637 1694 2693 veritatem
1723 2633 1988 2688 simulans
2009 2671 2023 2694 ,
2059 2637 2284 2700 apparet
2320 2644 2445 2683 eum
2478 2627 2649 2682 fuisse
2674 2611 2854 2679 virum
2885 2622 3088 2692 duplici
3122 2620 3327 2681 animo,
3361 2623 3421 2670 ut
3455 2615 3530 2669 ait

275 2733 516 2788 Jacobus
547 2731 714 2785 frater
741 2729 979 2795 Domini,
1014 2730 1324 2785 instabilem
1354 2730 1409 2782 in
1434 2726 1689 2783 omnibus
1718 2724 1822 2779 viis
1849 2723 1985 2778 suis.
2013 2721 2125 2776 Nec
2152 2720 2424 2790 quiSpiam
2452 2718 2727 2773 existimet
2752 2717 2900 2770 illum
2935 2721 3287 2783 accepturum
3321 2708 3531 2779 aliquid

276 2838 309 2876 a
341 2823 591 2877 Domino.
631 2819 690 2875 Si
721 2821 867 2876 enim
901 2819 1065 2874 corde
1103 2818 1428 2874 credidisset
1463 2817 1531 2871 ad
1559 2815 1852 2886 justitiam,
1884 2819 1938 2867 et
1978 2826 2073 2866 ore
2114 2810 2402 2866 confessus
2433 2817 2580 2865 esset
2611 2809 2666 2863 in
2700 2808 2931 2863 salutem
2973 2822 3160 2863 verum
3192 2817 3526 2863 sermonem.

277 2917 468 2986 utique
501 2930 601 2985 pro
639 2914 859 2983 scriptis
880 2914 997 2968 suis
1028 2913 1240 2968 veniam
1266 2913 1620 2982 postulasset,
1659 2910 1858 2963 borum
1892 2905 2292 2960 correctionem
2323 2903 2530 2959 faciens
2559 2921 2574 2971 ;
2609 2912 2663 2959 et
2687 2918 2785 2973 pro
2818 2901 3066 2971 epistolis
3119 2901 3236 2955 suis
3270 2896 3518 2969 profecto

276 3007 662 3063 satisfecisset.
705 3005 813 3061 Sed
852 3006 957 3060 hoc
998 3005 1311 3060 nullatenus
1342 3003 1493 3059 fecit.
1525 3002 1726 3079 Mansit
1755 3000 1899 3055 enim
1946 3000 2090 3052 sicut
2128 2996 2382 3066 [Ethiops
2413 3011 2520 3050 non
2557 3003 2763 3050 mutata
2801 2996 2959 3064 pelle.
2999 2992 3240 3063 Denique
3286 3007 3407 3046 cum
3444 2991 3531 3044 in—

289 3108 689 3168 terpretaretur
744 3098 895 3151 Dixit
928 3096 1186 3151 Dominus
1229 3096 1450 3149 Domino
1479 3133 1494 3158 ,
1532 3094 1673 3147 Deus
1709 3109 1854 3146 meus
1888 3107 1941 3144 es
1975 3101 2053 3153 tu,
2087 3098 2241 3143 extra
2270 3103 2518 3144 veracem
2552 3102 2770 3142 sensum
2789 3086 3056 3140 excedens
3084 3085 3165 3140 sic
3199 3084 3273 3137 ait
3310 3102 3322 3136 :
3360 3101 3379 3133 ι
3420 3081 3521 3136 Lo-

272 3192 442 3263 gibus
467 3196 698 3253 naturae,
734 3188 912 3243 omnis
943 3186 1041 3240 filii
1075 3196 1248 3257 pater,
1283 3187 1539 3243 dominus
1564 3194 1649 3240 est
1675 3185 1863 3254 utique
1898 3182 2049 3252 ejus;
2091 3189 2146 3235 et
2179 3179 2384 3235 idcirco
2415 3178 2681 3248 unigeniti
2727 3176 2853 3233 Filii
2883 3176 2978 3231 Dei
3019 3177 3136 3245 ipse
3185 3175 3279 3245 qui
3324 3175 3513 3244 genuit

270 3299 405 3340 eum
438 3280 601 3347 Deus,
632 3281 797 3337 simul
830 3288 884 3335 et
920 3274 1063 3336 Deus
1088 3288 1143 3336 et
1170 3279 1438 3335 Dominus
1466 3288 1519 3334 et
1546 3278 1712 3332 Pater
1738 3286 1873 3334 est.»
1913 3276 2176 3331 Similiter
2198 3283 2252 3330 et
2277 3274 2334 3356 in
2374 3274 2602 3344 epistola
2633 3273 2698 3327 ad
2726 3280 2974 3327 sanctum
2998 3267 3365 3323 Alexandrum
3395 3282 3521 3336 prie-

271 3383 559 3447 ceptorem
589 3376 771 3447 magni
799 3374 1086 3431 Athanasii
1114 3375 1342 3437 directa,
1376 3373 1534 3443 cujus
1562 3373 1780 3429 initium
1808 3380 1893 3429 est
1926 3392 1939 3426 :
1967 3391 1986 3425 ‹
2027 3372 2163 3427 Cum
2193 3378 2395 3441 quanta
2417 3366 2783 3423 sollicitudine
2805 3374 2857 3418 ct
2884 3362 3209 3433 aegritudine
3233 3358 3401 3413 animi
3430 3358 3530 3411 has

272 3474 493 3527 litteras
522 3468 764 3524 scribere
794 3484 1084 3540 aggressus
1112 3467 1238 3531 sim,
1278 3473 1436 3531 ictc.,
1469 3466 1711 3537 apertius
1739 3466 2124 3536 blasphemans
2146 3466 2226 3520 sic
2257 3464 2331 3517 ait
2360 3463 2426 3516 de
2450 3460 2581 3515 Ario
2611 3465 2665 3514 et
2693 3458 2814 3527 ejus
2838 3455 3065 3511 asseclis
3101 3472 3143 3507 ει
3172 3451 3532 3505 Calumniau-

273 3573 368 3619 tur
396 3576 494 3616 eos
516 3561 712 3615 litterae
739 3569 865 3627 tuae,
902 3571 1159 3632 tanquam
1186 3560 1452 3624 dicentes,
1485 3560 1612 3630 quia
1626 3556 1796 3613 Filius
1821 3574 1889 3614 ex
1916 3574 2023 3613 non
2050 3557 2443 3613 exsistentibus
2477 3552 2656 3606 factus
2685 3558 2789 3613 est,
2817 3549 2961 3602 sicut
2982 3560 3126 3599 unus
3156 3558 3222 3598 ex
3250 3542 3529 3597 omnibus.

272 3656 345 3708 At
379 3653 461 3707 illi
491 3654 838 3723 protulerunt
866 3631 1152 3722 epistolam
1166 3664 1330 3720 quam
1358 3651 1426 3704 ad
1458 3660 1510 3705 te
1541 3649 1785 3705 fecerant
1814 3667 1825 3701 :
1858 3648 1910 3701 in
1933 3664 2042 3717 qua
2081 3646 2242 3701 fidem
2278 3660 2435 3701 suam
2459 3646 2815 3711 exponentes,
2844 3637 2979 3706 ipsis
3023 3632 3206 3689 verbis
3246 3631 3362 3686 hac
3392 3646 3529 3685 con-

271 3747 576 3802 titebantur
602 3765 615 3799 :
645 3743 803 3816 Legis
828 3743 1083 3799 videlicet
1113 3758 1178 3797 ac
1200 3741 1600 3812 Prophetarum
1651 3749 1706 3797 et
1737 3740 1870 3795 Novi
1908 3739 2243 3796 Testamenti
2286 3737 2451 3792 Deum
2489 3733 2745 3805 genuisse
2775 3729 2969 3784 Filium
3021 3726 3362 3797 unigenitum
3407 3730 3533 3778 ante

248 3828 527 3907 'tempora
547 3843 773 3899 aeterna,
800 3850 896 3905 per
920 3848 1083 3904 quem
1113 3840 1167 3888 et
1192 3833 1374 3887 omnia
1397 3840 1451 3887 et
1491 3832 1687 3888 saecula
1720 3830 1847 3886 fecit
1880 3850 1892 3886 :
1926 3831 2183 3902 genuisse
2205 3839 2385 3884 autem
2412 3844 2537 3883 eum
2573 3842 2683 3881 non
2709 3822 2949 3903 putative
2980 3820 3073 3875 sed
3106 3832 3254 3882 vere,
3313 3830 3378 3870 ac
3406 3831 3534 3871 con-

271 3934 528 3991 stituisse
585 3932 807 4001 propria
858 3931 1157 3993 voluntate,
1206 3926 1675 3981 inconvertibilem
1704 3969 1719 3993 ,
1770 3934 2077 3981 creaturam
2109 3924 2203 3979 Dei
2238 3922 2559 3993 perfectam,
2610 3920 2705 3973 sed
2748 3933 2855 3972 non
2895 3894 3044 3971 sicut
3083 3927 3247 3966 unam
3277 3924 3343 3962 ex
3379 3922 3532 3965 crea-

273 4027 447 4082 turis.
493 4022 553 4077 Si
604 4038 734 4094 ergo
762 4021 958 4075 litterae
996 4020 1242 4089 ipsorum
1271 4019 1558 4072 veritatem
1589 4017 1804 4079 dicunt,
1839 4016 2031 4083 utique
2059 4014 2198 4084 apud
2236 4021 2289 4067 te
2317 4012 2587 4065 habentur
2619 4027 2632 4062 :
2662 4008 2717 4062 in
2750 4005 2951 4076 quibus
2978 4000 3307 4056 comitentur
3331 3995 3531 4050 Filium

274 4120 373 4175 Dei
399 4126 530 4172 ante
562 4123 806 4186 tempora
837 4125 1057 4178 aeterna,
1081 4129 1179 4183 per
1208 4128 1371 4183 quem
1403 4112 1531 4167 fecit
1561 4120 1613 4165 et
1646 4112 1996 4175 saecula,esse
2026 4106 2495 4165 inconvertibilem
2524 4112 2579 4159 et
2612 4098 3110 4157 incommutabilem
3140 4102 3195 4149 et
3222 4100 3532 4149 creaturam

278 4213 374 4267 Dei
408 4209 733 4282 perfectam,
766 4208 862 4264 sed
890 4224 999 4264 non
1028 4208 1171 4265 sicut
1207 4222 1372 4261 unam
1400 4222 1468 4262 ex
1490 4208 1783 4263 creaturis.
1819 4206 1993 4261 Porro
2014 4206 2244 4276 epistola
2278 4211 2370 4257 tua
2402 4200 2771 4258 calumniatur
2799 4212 2894 4253 eos
2914 4236 2930 4262 ,
2972 4203 3234 4262 tanquam
3280 4190 3535 4244 dicentes

254 4304 409 4389 quia
437 4301 613 4358 Filius
635 4300 814 4355 factus
844 4307 928 4354 est
952 4300 1093 4354 sicut
1119 4315 1264 4353 unus
1291 4314 1356 4353 ex
1384 4299 1662 4353 omnibus.
1698 4297 1834 4353 Vide
1862 4314 1992 4368 ergo
2034 4314 2100 4352 ne
2125 4298 2206 4351 eis
2235 4295 2419 4351 statim
2457 4293 2676 4348 occasio
2717 4290 2875 4344 detur
2908 4282 3340 4357 reprehendendi
3369 4279 3531 4350 quid-

278 4393 413 4464 quid
435 4392 728 4448 voluerint.
753 4391 955 4445 lterum
986 4389 1284 4459 objiciebas
1321 4404 1415 4443 eos
1441 4388 1650 4443 dixisse
1684 4407 1696 4441 :
1728 4389 1830 4455 Qui
1852 4397 1951 4454 est,
1984 4404 2102 4442 eum
2124 4388 2214 4457 qui
2240 4403 2342 4439 non
2362 4394 2498 4451 erat,
2517 4384 2715 4454 genuit.
2744 4380 2909 4434 Miror
2931 4387 3111 4432 autem
3138 4375 3182 4431 si
3203 4372 3377 4445 possit
3401 4369 3529 4443 quis

280 4488 445 4540 aliter
476 4484 692 4539 dicere:
744 4483 791 4540 si
830 4483 978 4538 enim
1015 4498 1156 4537 unus
1187 4491 1271 4537 est
1301 4484 1527 4553 quiest,
1563 4481 1809 4551 profecto
1850 4498 1919 4537 ex
1968 4486 2086 4552 ipso
2116 4483 2318 4535 factum
2349 4490 2434 4535 est
2480 4493 2642 4533 omne
2673 4476 2816 4546 quod
2862 4482 2947 4528 est
2973 4487 3098 4526 cum
3126 4470 3264 4539 ipso.
3302 4466 3360 4520 Si
3399 4480 3530 4520 vero

280 4592 392 4633 non
421 4575 575 4667 solus
600 4576 714 4645 ipse
735 4585 819 4632 est
852 4595 865 4631 :
899 4574 996 4631 sed
1024 4581 1077 4629 et
1100 4574 1272 4630 Filius
1308 4582 1423 4629 erat
1451 4575 1544 4644 qui
1575 4584 1690 4640 est,
1726 4575 1998 4646 quomodo
2027 4590 2149 4629 eum
2176 4573 2270 4643 qui
2315 4578 2432 4627 erat
2464 4570 2715 4642 gignebat
2739 4568 2830 4638 qui
2862 4563 2983 4621 est?
3004 4563 3095 4617 Sic
3121 4561 3266 4616 enim
3306 4560 3416 4612 duo
3444 4572 3533 4611 cs-

282 4679 409 4728 sent
440 4658 556 4740 qui.
574 4676 722 4723 sunt.
754 4688 773 4721 ι
806 4668 870 4723 Ει
898 4669 1013 4723 haec
1034 4668 1254 4739 quidem
1288 4666 1560 4723 Eusebius
1582 4668 1648 4722 ad
1688 4668 2079 4725 Alexandrum.
2106 4665 2211 4722 Sed
2243 4673 2298 4721 et
2328 4665 2446 4719 alia:
2476 4664 2596 4734 ejus
2632 4660 2876 4732 epistola:
2922 4659 2989 4713 ad
3019 4656 3267 4713 eumdem
3292 4660 3530 4716 exstant,

281 4767 339 4820 in
389 4762 601 4835 quibus
648 4762 1188 4847 inveniunturwarize
1235 4761 1609 4831 blasphemiae.
1645 4760 1752 4816 Sed
1801 4769 1855 4817 et
1892 4761 1962 4816 ad
2011 4760 2439 4831 Euphrationem
2472 4757 2792 4827 episcopum
2829 4752 3100 4814 scribens,
3137 4739 3531 4818 apertiushlas-

281 4858 535 4928 phemat.
592 4844 767 4926 Cujus
788 4855 1029 4925 epistolae
1059 4856 1274 4911 initium
1300 4865 1423 4911 est:
1454 4876 1473 4907 ι
1510 4855 1742 4912 1)οωίηο
1764 4872 1886 4911 meo
1908 4872 2005 4926 per
2036 4856 2214 4911 omnia
2243 4854 2448 4926 gratias
2476 4867 2598 4922 ago.
2632 4870 2649 4901 ι
2678 4848 2746 4902 Et
2769 4846 2927 4917 paulo
2962 4853 3075 4915 post
3106 4858 3122 4896 :
3180 4863 3197 4891 ι
3236 4839 3356 4894 Non
3386 4836 3532 4892 cnim

275 4951 446 5008 simul
480 4963 608 5006 cum
650 4946 813 5002 Patre
846 4946 1043 5002 Filium
1090 4948 1261 5003 fuisse
1303 4946 1560 5013 fatemur,
1602 4948 1697 5004 sed
1728 4947 1941 5003 Patrem
1974 4954 2101 5001 ante
2131 4943 2330 4999 Filium
2359 4942 2662 4999 exstitisse.
2709 4936 2869 4992 Certe
2909 4937 3024 5008 ipse
3070 4932 3243 4988 Filius
3288 4928 3405 4994 Dei,
3436 4928 3532 4997 qui

276 5046 457 5119 magis
481 5044 669 5102 omnia
692 5043 900 5114 liquido
929 5044 1099 5108 novit,
1131 5044 1299 5097 alium
1323 5059 1382 5099 se
1405 5057 1437 5097 a
1465 5041 1628 5098 Patre
1650 5053 1705 5099 et
1733 5045 2003 5127 minorem
2031 5051 2196 5113 atque
2220 5039 2538 5095 inferiorem
2565 5038 2769 5101 sciens,
2799 5034 3088 5090 admodum
3120 5031 3208 5100 pie
3235 5030 3339 5083 hoc
3366 5027 3533 5081 etiam

275 5157 382 5198 nos
412 5140 577 5195 docet
606 5138 799 5195 dicens
832 5157 844 5191 :
881 5136 1044 5192 Pater
1071 5138 1160 5207 qui
1188 5138 1335 5191 misit
1368 5154 1469 5203 me,
1500 5139 1674 5208 major
1696 5156 1775 5193 me
1803 5149 1880 5194 est
1901 5141 1920 5165 ⁸
1938 5123 1984 5193 .i
2010 5137 2075 5192 Et
2091 5146 2208 5205 post
2228 5136 2340 5190 alia
2362 5151 2417 5188 τι
2445 5133 2581 5189 Nam
2603 5141 2657 5188 et
2684 5133 2801 5204 ipse
2823 5129 3040 5201 quidem
3057 5126 3229 5181 Filius
3259 5123 3403 5178 Deus
3426 5128 3530 5189 est,

276 5234 378 5290 scd
418 5247 531 5287 non
565 5246 732 5288 verus
764 5232 905 5286 Deus
933 5254 980 5283 .ι
1023 5231 1101 5286 Ex
1134 5233 1219 5288 his
1247 5249 1378 5303 ergo
1425 5233 1647 5304 scriptis
1678 5234 1798 5302 ejus
1823 5232 2152 5294 ostenditur,
2200 5228 2316 5282 Arii
2340 5227 2762 5297 et'comparium
2794 5225 2913 5293 ejus
2937 5223 3188 5291 dogmata
3213 5219 3529 5290 pra‘dicare.

270 5329 343 5384 Et
371 5325 539 5397 paulo
565 5332 721 5393 post:
743 5322 952 5394 «Hujus
981 5339 1111 5394 ergo
1135 5323 1389 5394 factionis
1420 5328 1585 5381 etiam
1618 5324 1888 5381 Eusebius
1936 5328 2209 5380 exsistens
2232 5360 2247 5386 ,
2283 5320 2428 5376 sicut
2468 5320 2907 5374 demonstratum
2939 5322 3022 5369 est
3051 5324 3163 5367 tam
3193 5329 3260 5368 ex
3282 5313 3535 5385 epistolis

272 5434 447 5493 quam
478 5432 549 5474 ex
577 5415 866 5471 historicis
894 5416 1016 5487 ejus
1038 5419 1395 5487 conscriptis,
1432 5419 1727 5490 imaginem
1751 5417 1955 5474 Christi
1990 5426 2251 5486 tanquam
2279 5412 2726 5482 Thc0passianus
2756 5409 3108 5479 abjicitnetc.

1136 5532 1361 5588 Pltotius
1389 5536 1443 5589 in
1471 5537 1694 5605 epistola
1725 5536 1847 5602 144,
1878 5536 1944 5590 ad
1972 5533 2376 5590 Constantinum
2398 5530 2701 5601 patricium.

350 5621 636 5687 Εὐσέϐιος,
672 5621 701 5672 ὁ
727 5618 819 5673 τοῦ
850 5622 1137 5693 Παμφίλου
1176 5625 1287 5677 εἴτε
1325 5622 1536 5703 δοῦλος,
1559 5626 1669 5680 εἴτε
1701 5629 1863 5699 συνή-

2042 5625 2308 5681 Eusebius
2341 5624 2450 5687 ille,
2474 5619 2740 5690 Pamphili
2772 5618 2886 5673 sive
2912 5631 3123 5683 servus,
3155 5618 3268 5673 sive
3301 5617 3529 5679 amicus,

278 5720 401 5795 οης,
433 5718 519 5771 ότι
559 5713 662 5785 μὲν
698 5712 1057 5788 Ἀρειανισμῷ
1086 5714 1247 5783 ἑάλω,
1283 5716 1444 5787 βοῶσι
1485 5717 1585 5788 μὲν
1608 5718 1769 5775 αὐτοῦ
1795 5718 1864 5772 τά

1969 5715 2279 5772 Arianismo
2328 5712 2563 5769 infectus
2609 5709 2730 5765 fuit.
2790 5708 2902 5763 Hoc
2931 5706 3058 5762 libri
3102 5707 3170 5763 ab
3202 5707 3295 5761 illo
3340 5703 3536 5775 scripti

400 5838 421 5869 ⁸
454 5832 617 5890 Joan.
656 5845 780 5900 xiv,
802 5828 893 5897 28,
