4126 6442
305 391 374 447 :93
1165 387 1502 444 \‘ETERUM
1536 383 1958 443 TESTIMONIA
1995 383 2273 441 CONTRA
2312 383 2683 443 EUSEBIUM.
3480 390 3545 445 Μ

308 507 663 577 ὑποδέξασθαι
683 525 695 537 ο
722 506 808 570 τίς
833 505 888 559 δέ
912 506 941 558 ό
970 503 1257 576 βαπτίσας,
1277 505 1430 559 οὐδὲν
1456 504 1724 575 διασαφεῖ.
1747 505 1883 575 Περὶ

1988 516 2085 557 nec
2115 509 2298 557 utrum
2335 504 2450 574 ipse
2476 504 2526 559 ei
2556 502 2847 573 aliquando
2907 503 3220 571 adhazserit,
3268 522 3369 562 nec
3398 510 3543 578 quod

312 604 556 675 μέντοιγε
603 601 703 671 τῆς
764 599 1102 670 Ἀρειανικῆς
1173 598 1436 670 αἱρέσεως
1492 597 1646 654 οὐδὲν
1712 596 1880 665 σαφὲς

308 694 662 765 ἀπαγγέλλει,
694 690 802 745 οὐδ’
833 693 881 744 εί
900 691 999 761 τῆς
1024 690 1181 762 δόξης
1205 689 1418 758 ἐκείνης
1441 688 1635 760 εἴχετο,
1668 688 1776 742 οὐδ’
1798 688 1879 741 ὅτι

312 783 732 858 μεταᾱέσληται,
755 781 867 835 ἀλλ’
892 780 998 835 οὐδ’
1024 782 1105 833 ὅτι
1135 779 1349 849 φαύλως
1375 779 1408 850 ἢ
1436 779 1609 848 ὀρθῶς
1634 778 1880 843 ἐδόξαζεν

314 873 569 944 Ἀρειος,
624 868 825 940 καίπερ
874 867 1119 939 ἀνάγκην
1170 869 1308 937 ἒχων
1355 869 1413 920 ἐν
1469 868 1655 937 μνήμῃ
1709 867 1880 921 ταῦτα

313 962 666 1036 ποιήσασθαι,
698 963 790 1017 ἆτε
814 962 877 1034 δὴ
905 962 1047 1033 μέγα
1092 962 1255 1033 μέρος
1282 960 1581 1031 ἐπεχούσης
1614 962 1711 1032 τῆς
1755 979 1880 1015 συν·-

310 1060 435 1115 όδου
450 1059 559 1112 τῶν
584 1057 676 1111 τοῦ
703 1056 935 1128 μεγάλου
967 1054 1215 1126 πράξεων
1236 1056 1661 1119 Κωνσταντίνου,
1691 1056 1882 1108 κάκείο

316 1169 415 1223 νης
441 1151 600 1206 πάλιν
635 1147 1027 1218 ἐξαπαιτούσης
1059 1148 1158 1218 τὴν
1198 1147 1327 1218 περὶ
1374 1147 1580 1200 τούτων
1620 1145 1883 1217 λεπτομε-

323 1244 585 1315 ρεστάτην
630 1241 869 1313 ἱστορίαν
893 1256 906 1270 ·
957 1239 1093 1293 ἀλλὰ
1127 1239 1314 1293 στάσιν
1351 1238 1449 1309 μὲν
1490 1241 1749 1310 ἐμπεσεῖν
1783 1255 1880 1308 με-

318 1335 453 1402 ταξὺ
489 1333 694 1405 ’Δρείου
724 1333 817 1387 καὶ
852 1330 1197 1403 Ἀλεξάνδρου
1246 1330 1373 1402 (τὴν
1404 1330 1611 1402 αἵρεσιν
1649 1330 1712 1401 δὴ
1739 1329 1882 1382 οὓτω

319 1425 490 1495 λέγων
518 1426 611 1480 καὶ
651 1424 1132 1497 ὑποκρυπτόμενος
1169 1422 1567 1492 ἀποφαίνεται),
1600 1421 1693 1475 ἐπί
1724 1437 1783 1473 τε
1813 1422 1880 1491 τῇ

318 1516 500 1569 στάσει
534 1515 655 1569 λίαν
693 1513 928 1583 ἀλγῆσαι
959 1514 1050 1567 τὸν
1087 1511 1306 1582 θεοφιλῆ
1341 1509 1582 1580 βασιλέα,
1612 1507 1706 1561 καὶ
1741 1508 1885 1576 ἀγω-

312 1608 561 1661 νίσασθαι
599 1606 687 1662 διά
728 1621 789 1658 τε
822 1603 1154 1667 ἐπιστολῶν,
1202 1602 1292 1656 διά
1333 1618 1392 1654 τε
1424 1600 1517 1654 τοῦ
1571 1598 1781 1663 Ὀσίου,
1825 1598 1885 1661 ὃς

314 1697 625 1771 Κορδούὸης
660 1697 992 1759 ἐπεσκόπει,
1024 1697 1104 1758 είς
1151 1692 1329 1763 φιλίαν
1374 1691 1469 1745 καὶ
1505 1691 1757 1762 ὁμόνοιαν
1792 1707 1885 1744 συ-

315 1786 496 1854 ζεῦξαι
522 1790 584 1842 τὸ
612 1786 921 1851 στασιάζον,
956 1787 1053 1857 τῆς
1086 1784 1222 1858 πρὸς
1262 1782 1520 1853 ἀλλήλους
1570 1782 1744 1853 ἔριδος
1783 1783 1885 1852 ὰφ-

310 1881 537 1953 σμένους
564 1878 786 1934 καὶτῶν
802 1878 1053 1933 τοιούτων
1067 1877 1358 1949 ζητήσεων.
1385 1876 1473 1940 Ὧς
1495 1876 1538 1929 δ’
1563 1877 1663 1930 οὐκ
1686 1875 1886 1940 ἔπειθε,

220 2014 225 2019 .
316 1971 530 2027 σύνοδον
578 1970 911 2042 πανταχόθεν
950 1968 1226 2040 ἀθροῖσαι,
1278 1968 1372 2021 καὶ
1414 1967 1513 2039 τὴν
1544 1967 1888 2038 ἐμπεσοῦσαν

316 2061 433 2135 ἔριν
461 2062 541 2126 είς
569 2063 789 2133 εἰρήνην
813 2058 1183 2114 διαλύσασθαι.
1216 2060 1291 2113 Οὐ
1330 2060 1437 2131 μὴν
1460 2061 1539 2123 εἰς
1565 2058 1625 2112 τὸ
1666 2057 1889 2129 ἀκριϐὲς

318 2155 412 2208 καὶ
434 2154 688 2226 ἐπίδηλον
709 2152 1081 2224 άναγράφεται
1101 2168 1115 2181 ο
1141 2144 1293 2215 οὗτος
1316 2148 1409 2205 οὖν
1431 2150 1619 2222 ὥσπερ
1642 2152 1889 2222 αἰσχυνο·

322 2247 467 2319 μένῳ
490 2246 701 2311 ἐοικὼς,
735 2247 828 2300 καὶ
853 2245 928 2317 μὴ
955 2244 1259 2316 βουλομένῳ
1286 2244 1627 2318 δημοσιεύειν
1650 2245 1885 2317 Ἀρειον,

316 2335 418 2406 τήν
440 2351 501 2388 τε
525 2337 624 2405 τῆς
653 2334 867 2389 συνόδου
899 2334 1322 2407 ἐξενηνεγμένην
1351 2338 1471 2390 κατ’
1496 2335 1661 2389 αὐτοῦ
1686 2336 1886 2407 ψῆφον,

318 2428 413 2482 καὶ
443 2427 551 2480 τῶν
581 2425 1061 2496 συνασεϐησάντων
1101 2425 1268 2496 αὐτῷ,
1320 2427 1415 2480 καὶ
1449 2425 1888 2493 συνεξωσθέντων

313 2512 413 2585 τὴν
441 2513 654 2568 δικαίαν
695 2511 1008 2583 εἴσπραξιν·
1047 2512 1106 2564 οὐ
1158 2511 1263 2583 μὴν
1295 2510 1566 2566 ἀλλ”ούδὲ
1606 2512 1673 2584 ἦν
1706 2513 1889 2567 θεόθεν

317 2604 424 2665 πᾶς
465 2601 739 2673 ὀφθαλμὸς
780 2595 917 2654 εἶδεν
968 2599 1171 2652 ἔνδικον
1228 2600 1438 2672 Ἀρείου
1484 2599 1887 2671 καταστροφὴν,

313 2690 467 2745 οὐδὲν
480 2690 683 2745 τούτων
718 2691 863 2760 ἄγων
896 2692 975 2755 είς
1013 2689 1147 2761 φῶς,
1177 2691 1276 2761 τήν
1294 2707 1354 2742 τε
1385 2692 1512 2762 περὶ
1531 2691 1629 2761 τῆς
1674 2691 1887 2745 συνόδου

320 2784 542 2838 καὶτῶν
563 2786 620 2838 ἐν
642 2785 777 2856 αὐτῇ
804 2784 1151 2857 πραχθέντων
1166 2784 1400 2856 ἱστορίαν
1423 2786 1757 2858 παρέδραμε.
1796 2788 1888 2840 Διὸ

317 2875 413 2929 καὶ
436 2878 562 2947 περὶ
591 2876 683 2930 τοῦ
710 2877 992 2930 θεσπεσίου
1012 2877 1301 2930 Εὑσταθίου
1332 2876 1536 2947 μέλλων
1568 2877 1886 2947 διηγεῖσθαι,

242 3024 251 3031 ,
318 2966 442 3020 οὗτε
478 2967 572 3021 τοῦ
619 2968 879 3038 ὀνόματος
926 2970 1224 3040 μέμνηται,
1256 2971 1361 3023 οὐδ’
1396 2970 1457 3042 [ι.
1492 2969 1741 3042 οὗθ’]ὃσα
1764 2970 1890 3043 περὶ

321 3058 483 3112 αὑτὸν
515 3060 786 3131 ἐτολμήθη
824 3062 918 3113 καὶ
958 3064 1037 3124 εἰς
1073 3062 1231 3133 ἔργον
1262 3063 1602 3135 ἀποὸέὸηκεν
1622 3082 1635 3094 ·
1669 3065 1781 3117 ἀλλ’
1810 3065 1891 3128 είς

325 3151 511 3205 στάσιν
536 3151 630 3203 καὶ
665 3152 903 3223 ταραχὴν
929 3152 1143 3221 ἀνάγων
1167 3155 1261 3206 καὶ
1284 3155 1476 3220 ταῦτα,
1504 3155 1763 3227 γαληνίας
1796 3156 1889 3208 καὶ

324 3244 486 3298 πάλιν
514 3243 751 3312 ἐπιλέγει
775 3245 1106 3309 ἐπισκόπων,
1132 3245 1273 3299 κατὰ
1293 3247 1389 3318 τὴν
1416 3248 1742 3318 Ἀντιόχειαν
1765 3266 1890 3301 συν-

321 3336 734 3406 δεδραμηκότων
798 3335 995 3406 σπουδῇ
1034 3335 1294 3405 βασιλέως
1338 3340 1433 3393 καὶ
1475 3341 1769 3412 συνεργίᾳ,
1799 3341 1893 3395 καὶ

319 3426 382 3481 τὸ
417 3426 703 3490 στασιάζον
743 3429 834 3481 καὶ
868 3433 1265 3503 ταραττόμενον
1295 3434 1373 3497 είς
1407 3432 1467 3486 τὸ
1495 3435 1766 3505 εἰρηναῖον
1794 3450 1892 3504 με-

323 3516 753 3588 ταϐεϐληκότων.
801 3519 1029 3589 Ὁμοίως
1070 3523 1126 3576 δὲ
1158 3524 1251 3577 καὶ
1302 3528 1360 3578 ἐν
1406 3520 1487 3589 οἷς
1526 3529 1555 3579 ὁ
1595 3526 1893 3591 πολύαθλος

320 3604 695 3682 ἐσκαιωρήὸην-
736 3607 1086 3674 ’Δθανάσιος,
1137 3614 1217 3677 είς
1272 3614 1443 3669 ταῦτα
1498 3617 1597 3688 τὴν
1656 3617 1894 3688 ἱστορίαν

318 3703 565 3776 ὁρμήσας
593 3703 900 3772 ἐπαφεῖναι,
931 3703 1172 3768 στάσεως
1210 3706 1305 3776 μὲν
1334 3706 1709 3778 ἐμπλησθῆναι
1734 3708 1893 3761 πάλιν

268 3830 277 3839 ς
324 3794 418 3847 καὶ
447 3795 815 3871 ταραχῆςετὴν
860 3796 1260 3869 Ἀλεξάνδρειαν
1298 3798 1534 3869 λέγεται,
1571 3804 1665 3855 καὶ
1692 3801 1892 3874 ταύτην

325 3885 664 3958 πραῦνθῆναι
684 3890 994 3943 ἐπισκόπων
1020 3890 1310 3962 παρουσίᾳ,
1328 3892 1424 3962 τήν
1447 3891 1727 3964 βασιλικήν
1752 3893 1894 3963 ἐχόν·

322 3993 432 4031 των
456 3980 796 4050 συμμαχίαν·
832 3978 953 4034 οὔτε
982 3980 1038 4033 δέ
1068 3982 1151 4045 τίς
1181 3977 1249 4051 ἦν
1285 3982 1610 4046 στασιάζων,
1635 3983 1742 4037 οὐδ’
1772 3984 1892 4053 ἥτις

321 4071 355 4139 ή
396 4070 602 4135 στάσις,
629 4070 674 4141 δή
707 4071 761 4123 τί
799 4072 891 4125 καὶ
935 4072 1241 4145 πράξαντες
1284 4073 1381 4144 τὴν
1432 4073 1547 4144 ἔριν
1593 4073 1889 4144 ἐπράῦναν,

324 4162 433 4216 οὐδ’
465 4162 600 4225 ὅλως
643 4164 873 4217 ποιεῖται
902 4164 1151 4236 ἐπίδηλον
1170 4181 1183 4194 ·
1214 4164 1304 4216 καὶ
1338 4164 1540 4235 σχεδὸν,
1581 4167 1637 4219 ἐν
1661 4160 1741 4230 οἷς
1769 4167 1890 4219 ἐπι-

327 4256 541 4310 σκόπων
568 4256 705 4327 πρὸς
732 4254 992 4327 ἀλλήλους
1022 4255 1341 4324 φιλονεικίαι
1378 4272 1442 4308 πε
1453 4257 1504 4326 pl.
1527 4256 1830 4327 δογμάτων,
1857 4256 1890 4327 ἦ

327 4348 450 4420 περί
472 4365 632 4402 τινων
654 4347 830 4401 ἄλλων
862 4346 1148 4416 διαφωνίαι
1180 4347 1456 4416 γεγόνασι,
1482 4348 1572 4401 τὸν
1602 4349 1764 4403 αὐτὸν
1795 4350 1891 4421 τῆς

329 4438 673 4509 ἐπικρύψεως
705 4440 762 4491 ἐν
793 4441 860 4511 τῇ
897 4439 1147 4509 διηγήσει
1167 4437 1335 4491 τύπον
1361 4438 1729 4508 διαφυλάττει.

1980 610 2100 651 eam
2134 595 2411 665 abiecerit.
2446 594 2551 651 Sed
2578 611 2754 666 neque
2783 608 2930 653 recte
2966 613 3035 653 ne
3064 613 3134 653 an
3168 613 3329 654 secus
3359 616 3546 657 sense-

1980 689 2054 742 rit
2096 688 2279 755 Arius,
2323 702 2555 757 usquam
2594 686 2799 754 refert;
2835 689 3055 745 tametsi
3086 689 3202 743 haec
3232 692 3547 746 necessario

1983 778 2461 833 commemoranda
2489 786 2707 843 essent,
2741 777 2940 850 quippe
2980 796 3102 835 cum
3134 778 3352 835 Nicaana
3381 796 3549 852 syno-

1985 868 2091 924 dus
2134 869 2279 923 inter
2308 884 2395 925 res
2424 884 2452 921 a
2481 868 2844 924 Constantino
2886 878 3070 940 gestas
3104 871 3438 940 praecipuum
3467 872 3551 926 lo-

1982 975 2107 1017 eum
2139 961 2403 1023 obtineat,
2429 969 2483 1015 et
2509 960 2712 1029 alioqui
2729 961 3133 1017 exactissimam
3156 961 3325 1016 totius
3344 961 3549 1032 negotii

1987 1054 2361 1108 narrationem
2395 1053 2514 1122 ipsa
2540 1067 2641 1106 suo
2670 1052 2905 1122 quodam
2938 1052 3061 1121 jure
3094 1050 3340 1123 ﬂagitare
3366 1050 3549 1107 videa-

1984 1155 2093 1202 tur.
2128 1146 2328 1203 Verum
2353 1147 2443 1201 ille
2467 1145 2867 1202 dissensionem
2900 1146 3117 1216 quidem
3142 1147 3285 1200 inter
3315 1144 3551 1199 Alexan-

1985 1239 2142 1293 drum
2167 1248 2219 1295 et
2252 1239 2438 1294 Arium
2469 1247 2713 1293 exortam
2737 1238 3240 1307 commemorattsic
3267 1237 3411 1292 enim
3442 1237 3552 1293 ha-

1985 1333 2152 1388 rcsim
2210 1330 2405 1386 callide
2433 1336 2487 1385 et
2518 1328 2929 1384 dissimulanter
2960 1329 3249 1399 appellat).
3280 1329 3457 1397 Atque
3480 1329 3553 1384 ob

1986 1426 2132 1479 hunc
2160 1424 2451 1478 tumultum
2481 1422 2806 1493 gravissimo
2832 1421 3019 1477 dolore
3040 1422 3289 1477 aﬂ‘ectum
3322 1439 3443 1479 esse
3465 1441 3554 1480 re-

1986 1516 2394 1584 ligiosissimum
2424 1515 2722 1583 principem
2750 1523 2839 1578 ;et
2868 1522 2979 1568 tum
3006 1528 3101 1583 per
3126 1514 3550 1583 epistolam,tum

1987 1622 2083 1678 per
2111 1606 2336 1661 Hosium
2362 1605 2771 1662 Cordubensem
2815 1605 3133 1676 episcopum
3163 1605 3461 1671 laborasse,
3494 1615 3556 1662 ut

1989 1708 2171 1768 partes
2194 1700 2335 1754 inter
2359 1714 2417 1754 se
2450 1696 2783 1753 dissidentes
2809 1696 2876 1751 ad
2907 1712 3093 1767 pacem
3116 1705 3171 1753 et
3205 1698 3553 1754 concordiam

1987 1790 2290 1854 reduceret,
2315 1791 2462 1845 omni
2487 1789 2557 1845 de
2585 1787 2895 1857 huiusmodi
2914 1790 3305 1860 quaestionibus
3326 1799 3553 1844 conten-

1989 1881 2138 1937 tione
2166 1881 2433 1953 deposita.
2462 1880 2568 1936 Sed
2602 1898 2724 1939 eum
2755 1882 3082 1952 persuadere
3110 1883 3190 1937 eis
3219 1897 3328 1936 non
3351 1881 3558 1952 potuis-

1990 1982 2094 2039 set,
2127 1974 2395 2045 synodum
2408 1972 2649 2044 undique
2668 1989 3022 2038 convocasse,
3044 1983 3097 2029 et
3127 1975 3305 2044 50pito
3320 1972 3554 2027 tumultu

1989 2079 2178 2134 pacem
2205 2063 2545 2119 restituisse.
2570 2062 2773 2118 Verum
2799 2064 2914 2118 hmo
2951 2064 3019 2118 ab
3046 2063 3140 2116 illo
3166 2077 3276 2117 non
3304 2063 3440 2117 satis
3465 2075 3557 2116 ac-

1990 2169 2179 2212 curate
2205 2164 2259 2212 et
2295 2164 2479 2227 aperte
2512 2157 2823 2212 traduntur.
2856 2155 3090 2211 Prorsus
3121 2155 3262 2210 enim
3298 2163 3555 2225 tanquam

1990 2251 2198 2322 pudore
2243 2249 2505 2313 sull‘nsus,
2546 2263 2647 2304 nec
2684 2248 2797 2302 Arii
2829 2250 3158 2319 impietatem
3196 2246 3410 2317 publice
3440 2253 3555 2300 tra-

1989 2342 2189 2397 ducere
2222 2343 2471 2413 cupiens,
2523 2348 2638 2395 tum
2673 2341 2868 2412 synodi
2924 2339 3249 2396 sententiam
3294 2337 3557 2395 adversus

1991 2434 2183 2490 Arium
2235 2434 2525 2505 prolatam,
2560 2441 2674 2488 tum
2717 2447 2906 2488 eorum
2947 2434 3040 2503 qui
3074 2431 3367 2502 impietatis
3408 2430 3558 2485 illius

1990 2525 2125 2582 socii
2151 2532 2206 2580 et
2240 2526 2296 2579 in
2330 2525 2584 2578 exsilium
2604 2524 2769 2579 simul
2796 2524 3010 2594 expulsi
3040 2522 3255 2578 fuerant
3311 2521 3569 2590 justissi-‘

1990 2629 2133 2668 mam
2164 2613 2422 2667 ultionem
2449 2655 2463 2678 ,
2485 2612 2619 2667 illud
2645 2612 2881 2683 denique
2903 2613 3119 2667 coalitus
3150 2610 3412 2665 inﬂictum
3428 2610 3559 2663 Ario

1989 2706 2216 2762 exitium
2252 2705 2399 2776 quod
2444 2706 2687 2759 omnium
2718 2705 3034 2774 conspectui
3070 2703 3375 2772 subjectum
3432 2699 3556 2765 fuit,

1990 2797 2173 2852 sciens
2198 2797 2573 2866 praetermisit:
2609 2812 2707 2852 nec
2732 2796 3016 2851 historiam
3053 2794 3249 2866 synodi
3283 2807 3479 2862 resque
3501 2791 3559 2845 in

1990 2902 2052 2943 ea
2080 2896 2261 2959 gestas
2298 2888 2765 2944 commemoravit.
2806 2886 2944 2942 Hinc
2966 2888 3129 2942 etiam
3162 2893 3247 2942 est
3271 2885 3416 2956 quod
3432 2897 3558 2939 cum

1990 2996 2055 3034 ea
2088 2996 2209 3051 quae
2254 2980 2440 3034 divino
2484 2978 2769 3034 Eustathio
2820 2979 3207 3049 contigerunt,
3239 2977 3404 3032 vellet
3464 2974 3562 3029 de-

1992 3074 2255 3138 scribere,
2288 3089 2356 3128 ne
2385 3088 2582 3127 nomen
2631 3070 2850 3141 quidem
2876 3072 2993 3139 ejus
3023 3069 3241 3132 retulit,
3283 3083 3382 3123 nec
3414 3082 3562 3138 qua:-

1916 3186 1958 3245 C
1993 3181 2209 3235 cunque
2258 3164 2521 3219 adversus
2548 3162 2697 3216 illum
2734 3160 2942 3215 nefarie
2970 3161 3279 3229 excogitata
3319 3165 3447 3213 sunt
3495 3173 3560 3212 ac

1993 3264 2324 3331 perpetrata,
2358 3255 2454 3312 sed
2486 3256 2808 3311 seditionem
2850 3269 2913 3308 ac
2936 3253 3225 3308 tumultum
3256 3250 3562 3306 Antiochiae

1992 3346 2270 3402 exstitisse
2302 3350 2590 3415 postquam
2619 3344 2791 3410 dixit,
2821 3359 2944 3397 mox
2981 3340 3430 3411 tranquillitatem
3471 3354 3561 3395 re-

1992 3437 2235 3493 stitutam
2259 3451 2383 3492 esse
2405 3434 2610 3499 subdit,
2645 3434 2920 3504 episcopis
2936 3434 3282 3504 imperatoris
3305 3445 3471 3502 opera
3494 3444 3561 3485 ac

1994 3529 2176 3586 studio
2202 3530 2331 3584 illuc
2359 3528 2810 3584 convenientibus
2835 3569 2850 3594 ,
2881 3542 2977 3597 per
3026 3540 3164 3595 quos
3195 3522 3355 3578 turba
3380 3522 3562 3578 omnis

1994 3634 2056 3674 ac
2075 3621 2267 3676 seditio
2288 3622 2340 3674 in
2366 3618 2866 3689 tranquillissimam
2895 3631 3081 3688 pacem
3104 3626 3187 3670 est
3206 3619 3557 3669 commutata.

1996 3710 2261 3766 Similiter
2288 3711 2380 3765 ubi
2410 3708 2782 3764 narrationem
2828 3707 3065 3762 instituit
3100 3705 3167 3760 de
3217 3704 3286 3759 iis
3313 3717 3434 3773 qua:
3463 3700 3562 3755 ad-

1992 3818 2186 3857 versus
2216 3801 2575 3857 fortissimum
2594 3801 2743 3855 illum
2775 3798 3130 3854 Athanasium
3150 3795 3393 3867 improbe
3411 3808 3561 3847 com-

1992 3900 2182 3963 parata
2210 3898 2357 3955 sunt,
2383 3892 2649 3947 seditione
2671 3890 2891 3962 quidem
2909 3905 2973 3943 ac
3007 3887 3244 3942 tumultu
3280 3883 3558 3954 impletam

1994 3986 2191 4040 iterum
2221 3984 2607 4039 Alexandriam
2650 3982 2816 4038 refert
2841 4000 2856 4038 :
2898 3979 2993 4037 sed
3019 3994 3139 4036 eam
3169 3978 3554 4048 episcoporum

1991 4079 2281 4148 praesentia
2323 4085 2377 4131 et
2422 4076 2771 4147 imperatoris
2820 4074 3025 4127 auxilio
3081 4071 3323 4126 sedatam
3362 4067 3553 4122 fuisse.

1992 4169 2178 4240 Neque
2204 4169 2423 4225 interim
2450 4169 2578 4239 quis
2598 4167 2862 4222 seditione
2885 4161 3257 4224 concitaverit,
3291 4165 3385 4213 aut
3408 4170 3559 4227 quae-

1993 4277 2119 4316 nam
2150 4261 2241 4315 illa
2270 4259 2467 4316 seditio
2490 4260 2674 4323 fuerit,
2709 4272 2886 4328 neque
2913 4271 3022 4326 quo
3052 4262 3211 4324 pacto
3260 4250 3447 4305 sedata
3490 4245 3561 4299 ab

1993 4354 2269 4425 episcopis
2331 4353 2526 4417 fuerit,
2571 4354 2842 4407 ullatenus
2899 4348 3138 4419 exp‘onit.
3174 4346 3252 4398 Ac
3280 4343 3393 4397 fere
3421 4353 3563 4408 quoe

1996 4448 2318 4517 tiescunque
2367 4447 2746 4516 episcoporum
2800 4448 3019 4496 mutuas
3070 4439 3211 4492 inter
3249 4450 3308 4490 se
3348 4432 3562 4487 dissert.

326 4529 513 4585 siones
540 4529 607 4585 de
622 4529 744 4585 ﬁdei
774 4530 1064 4602 capitibus,
1086 4538 1180 4586 aut
1195 4530 1262 4586 de
1287 4531 1409 4587 aliis
1431 4534 1594 4589 rebus
1644 4538 2024 4595 contentiones
2054 4554 2117 4596 ac
2161 4539 2453 4596 discordiae
2499 4538 2858 4601 exstiterunt,
2892 4530 3143 4589 eumdem
3197 4528 3290 4584 ille
3326 4527 3382 4581 in
3426 4536 3559 4579 nar-

329 4622 500 4677 rando
530 4631 708 4678 servat
729 4624 1110 4680 dissimulandi
1139 4626 1384 4681 modum.

1002 4792 1235 4847 Joannes
1265 4790 1507 4851 Zonaras
1532 4796 1740 4856 intumo
1753 4797 1977 4869 Il],ubi
2004 4816 2087 4855 res
2119 4807 2292 4871 gestas
2330 4797 2670 4855 Constantini
2701 4795 2878 4866 refert.

390 4945 499 5003 ἾΙν
535 4950 593 5003 δέ
638 4948 759 5002 τότε
796 4948 902 5004 τῶν
929 4950 997 5005 τὰ
1039 4952 1245 5025 Ἀρείου
1295 4953 1701 5025 πρεσϐευόντων
1733 4958 1827 5011 καὶ
1860 4959 1887 5012 ό

2063 4954 2181 5009 Arii
2228 4962 2431 5009 sectam
2464 4959 2577 5007 tum
2608 4952 3021 5022 amplexabatur
3070 4951 3236 5007 etiam
3289 4947 3561 5005 Eusebius

324 5040 606 5110 Παμφίλου
639 5040 917 5108 Εὐσέϐιος,
947 5043 1045 5114 τῆς
1079 5045 1138 5098 ἐν
1186 5045 1517 5120 Παλαιστίνῃ
1553 5049 1888 5120 Καισαρείας

321 5133 599 5201 τυγχάνων
625 5132 921 5198 ἐπίσκοπος
942 5150 955 5164 ·
991 5134 1049 5199 ὃς
1083 5135 1377 5207 μετέπειτα
1421 5138 1635 5208 λέγεται
1658 5142 1891 5211 ἀποστῆ-

322 5240 409 5276 ναι
437 5224 537 5293 τῆς
574 5224 670 5278 τού
707 5226 915 5298 Ἀρείου
946 5227 1122 5301 δόξης,
1157 5232 1251 5284 καὶ
1296 5233 1746 5304 ὀμογνωμονῆσαι
1778 5236 1889 5298 τοῖς

323 5316 592 5370 συναῒδιον
622 5317 712 5373 τὸν
744 5320 873 5373 Υἱὸν
907 5320 1001 5374 καὶ
1040 5322 1323 5393 ὀμοούσιον
1345 5324 1638 5399 τῷᾘατρὶ
1682 5327 1889 5397 δογμα-

322 5407 546 5473 τίζουσι,
575 5411 669 5465 καὶ
705 5412 958 5483 δεχθῆναι
987 5414 1136 5487 παρὰ
1171 5416 1279 5470 τῶν
1321 5417 1492 5486 ἁγίων
1518 5419 1779 5491 Πατέρων
1809 5420 1889 5482 είς

324 5501 631 5556 κοινωνίαν⁸
665 5504 865 5576 μᾶλλον
900 5506 1083 5579 μέντοι
1111 5510 1170 5562 ἐν
1202 5506 1278 5580 τῷ
1304 5510 1589 5582 πρακτικῷ
1617 5511 1714 5582 τῆς
1741 5508 1889 5582 πρώ-

319 5600 419 5661 της
464 5594 683 5649 συνόδου
727 5598 822 5651 καὶ
866 5599 1198 5671 ὑπερμαχῶν
1240 5601 1468 5674 εὓρηται
1513 5602 1620 5657 τῶν
1659 5600 1885 5657 πιστῶν.

390 5791 471 5865 (ε)
507 5793 563 5891 id
588 5803 672 5854 est
702 5796 845 5871 apud
883 5797 1160 5857 Gelasium
1191 5801 1538 5874 Cyzicenum.

1995 5046 2340 5118 Pamphilus,
2371 5042 2958 5100 Caesarem-Palaestinae
2979 5042 3293 5114 episcopus;
3320 5040 3414 5112 qui
3436 5048 3559 5110 post

1993 5137 2294 5196 descivisse
2350 5136 2552 5190 dicitur
2581 5136 2650 5190 ab
2680 5135 2882 5191 Ariana
2938 5136 3215 5206 opinione,
3246 5142 3299 5190 et
3328 5148 3560 5189 consen-

1994 5233 2136 5289 sisse
2161 5244 2285 5285 cum
2309 5230 2377 5284 iis
2396 5229 2488 5300 qui
2513 5227 2709 5283 Filium
2730 5226 2879 5283 Patri
2909 5228 3257 5298 coaequalem,
3288 5224 3559 5295 ejusdem-

1995 5340 2104 5396 que
2134 5329 2345 5379 naturae
2375 5337 2499 5377 esse
2532 5322 2751 5387 docent,
2792 5328 2848 5376 et
2894 5335 2924 5373 a
2955 5321 3162 5376 sanctis
3204 5319 3460 5375 Patribus
3490 5316 3558 5372 ad

1995 5415 2436 5472 communionem
2466 5420 2735 5481 receptus.
2771 5409 2830 5464 In
2852 5409 3005 5466 Actis
3034 5417 3215 5466 autem
3245 5410 3407 5481 primi
3427 5424 3561 5464 con-

1994 5508 2108 5564 cilii
2134 5507 2299 5563 etiam
2356 5503 2557 5559 acriter
2585 5501 2898 5557 defendisse
2928 5500 3114 5557 fideles
3144 5501 3398 5558 traditur.
3434 5497 3563 5553 llaec

1997 5604 2078 5660 sic
2115 5615 2148 5656 a
2194 5597 2474 5657 nonnullis
2502 5596 2749 5670 exposita
2774 5594 3124 5668 reperiuntur
3164 5593 3266 5669 (a),
3293 5610 3415 5667 quae
3443 5592 3560 5663 ipse
