  <div class='ocr_page' id='page_1' title='image "/cluster/home/n/w/nwhite01/storage/ocr_20150623/19:no.1/coo.31924054872993/065.png"; bbox 0 0 4126 6454; ppageno 0'>
   <div class='ocr_carea' id='block_1_1' title="bbox 555 339 3793 416">
    <p class='ocr_par' dir='ltr' id='par_1_1' title="bbox 555 339 3793 416">
     <span class='ocr_line' id='line_1_1' title="bbox 555 339 3793 416; baseline -0.007 0"><span class='ocrx_word' id='word_1_1' title='bbox 555 362 623 416; x_wconf 81' lang='lat'><strong>95</strong></span> <span class='ocrx_word' id='word_1_2' title='bbox 1445 353 1782 415; x_wconf 74' lang='lat' dir='ltr'><strong>VETERUM</strong></span> <span class='ocrx_word' id='word_1_3' title='bbox 1823 352 2242 410; x_wconf 72' lang='lat' dir='ltr'><strong>TESTIMONIA</strong></span> <span class='ocrx_word' id='word_1_4' title='bbox 2278 348 2561 408; x_wconf 67' lang='lat' dir='ltr'><strong>CONTRA</strong></span> <span class='ocrx_word' id='word_1_5' title='bbox 2599 343 2965 402; x_wconf 68' lang='lat' dir='ltr'><strong>EUSEBIUH.</strong></span> <span class='ocrx_word' id='word_1_6' title='bbox 3724 339 3793 395; x_wconf 73' lang='lat'><strong>96</strong></span> 
     </span>
    </p>
   </div>
   <div class='ocr_carea' id='block_1_2' title="bbox 557 461 2121 549">
    <p class='ocr_par' dir='ltr' id='par_1_2' title="bbox 557 477 2113 549">
     <span class='ocr_line' id='line_1_2' title="bbox 557 477 2113 549; baseline -0.001 -16"><span class='ocrx_word' id='word_1_7' title='bbox 557 480 613 533; x_wconf 88' lang='lat' dir='ltr'><strong>in</strong></span> <span class='ocrx_word' id='word_1_8' title='bbox 645 478 1020 532; x_wconf 77' lang='lat' dir='ltr'><strong>Ecclesiastica</strong></span> <span class='ocrx_word' id='word_1_9' title='bbox 1044 491 1141 530; x_wconf 89' lang='lat' dir='ltr'><strong>sua</strong></span> <span class='ocrx_word' id='word_1_10' title='bbox 1190 477 1412 530; x_wconf 75' lang='lat' dir='ltr'><strong>historia</strong></span> <span class='ocrx_word' id='word_1_11' title='bbox 1463 481 1637 547; x_wconf 88' lang='lat' dir='ltr'><strong>magis</strong></span> <span class='ocrx_word' id='word_1_12' title='bbox 1681 479 1931 549; x_wconf 84' lang='lat' dir='ltr'><strong>ambigua</strong></span> <span class='ocrx_word' id='word_1_13' title='bbox 1963 478 2113 532; x_wconf 88' lang='lat' dir='ltr'><strong>facit.</strong></span> 
     </span>
    </p>
   </div>
   <div class='ocr_carea' id='block_1_3' title="bbox 2225 461 3796 549">
    <p class='ocr_par' dir='ltr' id='par_1_3' title="bbox 2225 461 3796 543">
     <span class='ocr_line' id='line_1_3' title="bbox 2225 461 3796 543; baseline -0.01 -16"><span class='ocrx_word' id='word_1_14' title='bbox 2225 475 2376 528; x_wconf 77' lang='grc' dir='ltr'>Οὕτω</span> <span class='ocrx_word' id='word_1_15' title='bbox 2411 474 2505 543; x_wconf 83' lang='grc' dir='ltr'><strong>μὲν</strong></span> <span class='ocrx_word' id='word_1_16' title='bbox 2536 466 2629 524; x_wconf 86' lang='grc' dir='ltr'><strong>οῦν</strong></span> <span class='ocrx_word' id='word_1_17' title='bbox 2665 471 2833 524; x_wconf 85' lang='grc' dir='ltr'>ταῦτα</span> <span class='ocrx_word' id='word_1_18' title='bbox 2877 465 3230 538; x_wconf 71' lang='grc' dir='ltr'><strong>ἱστορούμενα</strong></span> <span class='ocrx_word' id='word_1_19' title='bbox 3262 464 3412 536; x_wconf 80' lang='grc' dir='ltr'>παρά</span> <span class='ocrx_word' id='word_1_20' title='bbox 3441 481 3598 517; x_wconf 89' lang='grc' dir='ltr'>τινων</span> <span class='ocrx_word' id='word_1_21' title='bbox 3632 461 3796 534; x_wconf 72' lang='grc' dir='ltr'>εὓρη-</span> 
     </span>
    </p>
   </div>
   <div class='ocr_carea' id='block_1_4' title="bbox 556 566 2089 638">
    <p class='ocr_par' dir='ltr' id='par_1_4' title="bbox 556 566 2089 638">
     <span class='ocr_line' id='line_1_4' title="bbox 556 566 2089 638; baseline -0.001 -16"><span class='ocrx_word' id='word_1_22' title='bbox 556 567 616 624; x_wconf 90' lang='lat' dir='ltr'><strong>ln</strong></span> <span class='ocrx_word' id='word_1_23' title='bbox 658 567 857 637; x_wconf 86' lang='lat' dir='ltr'><strong>quibus</strong></span> <span class='ocrx_word' id='word_1_24' title='bbox 903 567 1060 620; x_wconf 85' lang='lat' dir='ltr'><strong>libris</strong></span> <span class='ocrx_word' id='word_1_25' title='bbox 1088 583 1230 635; x_wconf 64' lang='lat' dir='ltr'><strong>sa&#39;pe</strong></span> <span class='ocrx_word' id='word_1_26' title='bbox 1269 582 1392 620; x_wconf 87' lang='lat' dir='ltr'><strong>eum</strong></span> <span class='ocrx_word' id='word_1_27' title='bbox 1427 566 1558 620; x_wconf 85' lang='lat' dir='ltr'><strong>Ario</strong></span> <span class='ocrx_word' id='word_1_28' title='bbox 1593 568 1771 622; x_wconf 87' lang='lat' dir='ltr'><strong>facere</strong></span> <span class='ocrx_word' id='word_1_29' title='bbox 1815 569 2089 638; x_wconf 84' lang='lat' dir='ltr'><strong>deprehen</strong></span> 
     </span>
    </p>
   </div>
   <div class='ocr_carea' id='block_1_5' title="bbox 555 661 2118 732">
    <p class='ocr_par' dir='ltr' id='par_1_5' title="bbox 555 661 2118 732">
     <span class='ocr_line' id='line_1_5' title="bbox 555 661 2118 732; baseline 0.001 -16"><span class='ocrx_word' id='word_1_30' title='bbox 555 661 725 716; x_wconf 88' lang='lat' dir='ltr'><strong>ditur.</strong></span> <span class='ocrx_word' id='word_1_31' title='bbox 751 661 827 714; x_wconf 79' lang='lat' dir='ltr'><strong>Ac</strong></span> <span class='ocrx_word' id='word_1_32' title='bbox 850 661 1032 716; x_wconf 88' lang='lat' dir='ltr'><strong>statim</strong></span> <span class='ocrx_word' id='word_1_33' title='bbox 1069 661 1125 714; x_wconf 90' lang='lat' dir='ltr'><strong>in</strong></span> <span class='ocrx_word' id='word_1_34' title='bbox 1147 661 1270 714; x_wconf 80' lang='lat' dir='ltr'><strong>libri</strong></span> <span class='ocrx_word' id='word_1_35' title='bbox 1299 661 1586 732; x_wconf 81' lang='lat' dir='ltr'><strong>principio,</strong></span> <span class='ocrx_word' id='word_1_36' title='bbox 1634 661 1887 716; x_wconf 77' lang='lat' dir='ltr'><strong>Davidem</strong></span> <span class='ocrx_word' id='word_1_37' title='bbox 1919 663 2118 721; x_wconf 85' lang='lat' dir='ltr'><strong>citans.</strong></span> 
     </span>
    </p>
   </div>
   <div class='ocr_carea' id='block_1_6' title="bbox 559 752 2120 820">
    <p class='ocr_par' dir='ltr' id='par_1_6' title="bbox 559 752 2120 820">
     <span class='ocr_line' id='line_1_6' title="bbox 559 752 2120 820; baseline -0.001 -13"><span class='ocrx_word' id='word_1_38' title='bbox 559 752 679 820; x_wconf 78' lang='lat' dir='ltr'><strong>Ipse</strong></span> <span class='ocrx_word' id='word_1_39' title='bbox 725 753 864 805; x_wconf 75' lang='lat' dir='ltr'><strong>dixit</strong></span> <span class='ocrx_word' id='word_1_40' title='bbox 906 761 955 804; x_wconf 74' lang='lat' dir='ltr'><strong>et</strong></span> <span class='ocrx_word' id='word_1_41' title='bbox 999 753 1145 820; x_wconf 80' lang='lat' dir='ltr'><strong>facta</strong></span> <span class='ocrx_word' id='word_1_42' title='bbox 1181 763 1340 814; x_wconf 78' lang='lat' dir='ltr'><strong>sunt,</strong></span> <span class='ocrx_word' id='word_1_43' title='bbox 1379 754 1488 820; x_wconf 80' lang='lat' dir='ltr'><strong>ipse</strong></span> <span class='ocrx_word' id='word_1_44' title='bbox 1537 752 1802 805; x_wconf 77' lang='lat' dir='ltr'><strong>mandarit</strong></span> <span class='ocrx_word' id='word_1_45' title='bbox 1842 762 1891 806; x_wconf 86' lang='lat' dir='ltr'><strong>et</strong></span> <span class='ocrx_word' id='word_1_46' title='bbox 1941 763 2120 806; x_wconf 83' lang='lat' dir='ltr'><strong>creata</strong></span> 
     </span>
    </p>
   </div>
   <div class='ocr_carea' id='block_1_7' title="bbox 557 842 2124 911">
    <p class='ocr_par' dir='ltr' id='par_1_7' title="bbox 557 842 2124 911">
     <span class='ocr_line' id='line_1_7' title="bbox 557 842 2124 911; baseline 0 -13"><span class='ocrx_word' id='word_1_47' title='bbox 557 845 745 902; x_wconf 77' lang='lat' dir='ltr'><strong>sum&quot;.</strong></span> <span class='ocrx_word' id='word_1_48' title='bbox 800 844 876 897; x_wconf 89' lang='lat' dir='ltr'><strong>ait</strong></span> <span class='ocrx_word' id='word_1_49' title='bbox 907 842 1125 897; x_wconf 86' lang='lat' dir='ltr'><strong>Patrem</strong></span> <span class='ocrx_word' id='word_1_50' title='bbox 1161 854 1213 898; x_wconf 90' lang='lat' dir='ltr'><strong>et</strong></span> <span class='ocrx_word' id='word_1_51' title='bbox 1245 846 1501 898; x_wconf 87' lang='lat' dir='ltr'><strong>factorem</strong></span> <span class='ocrx_word' id='word_1_52' title='bbox 1529 883 1543 906; x_wconf 98' lang='lat'><strong>,</strong></span> <span class='ocrx_word' id='word_1_53' title='bbox 1593 858 1691 911; x_wconf 91' lang='lat' dir='ltr'><strong>pro</strong></span> <span class='ocrx_word' id='word_1_54' title='bbox 1743 844 2026 898; x_wconf 91' lang='lat' dir='ltr'><strong>conditore</strong></span> <span class='ocrx_word' id='word_1_55' title='bbox 2059 859 2124 898; x_wconf 89' lang='lat' dir='ltr'><strong>ac</strong></span> 
     </span>
    </p>
   </div>
   <div class='ocr_carea' id='block_1_8' title="bbox 557 932 2121 1002">
    <p class='ocr_par' dir='ltr' id='par_1_8' title="bbox 557 932 2121 1002">
     <span class='ocr_line' id='line_1_8' title="bbox 557 932 2121 1002; baseline 0.001 -16"><span class='ocrx_word' id='word_1_56' title='bbox 557 932 694 986; x_wconf 90' lang='lat' dir='ltr'><strong>duce</strong></span> <span class='ocrx_word' id='word_1_57' title='bbox 726 933 966 987; x_wconf 67' lang='lat' dir='ltr'><strong>universn</strong></span> <span class='ocrx_word' id='word_1_58' title='bbox 999 933 1208 995; x_wconf 90' lang='lat' dir='ltr'><strong>haberi,</strong></span> <span class='ocrx_word' id='word_1_59' title='bbox 1236 934 1326 1001; x_wconf 91' lang='lat' dir='ltr'><strong>qui</strong></span> <span class='ocrx_word' id='word_1_60' title='bbox 1357 933 1506 1002; x_wconf 89' lang='lat' dir='ltr'><strong>regio</strong></span> <span class='ocrx_word' id='word_1_61' title='bbox 1540 940 1676 986; x_wconf 92' lang='lat' dir='ltr'><strong>nutu</strong></span> <span class='ocrx_word' id='word_1_62' title='bbox 1735 932 1997 1002; x_wconf 78' lang='lat' dir='ltr'><strong>imperet.</strong></span> <span class='ocrx_word' id='word_1_63' title='bbox 2034 949 2121 988; x_wconf 87' lang='lat' dir='ltr'><strong>sc-</strong></span> 
     </span>
    </p>
   </div>
   <div class='ocr_carea' id='block_1_9' title="bbox 557 1022 2124 1093">
    <p class='ocr_par' dir='ltr' id='par_1_9' title="bbox 557 1022 2124 1093">
     <span class='ocr_line' id='line_1_9' title="bbox 557 1022 2124 1093; baseline -0.001 -17"><span class='ocrx_word' id='word_1_64' title='bbox 557 1022 799 1076; x_wconf 90' lang='lat' dir='ltr'><strong>cundum</strong></span> <span class='ocrx_word' id='word_1_65' title='bbox 833 1032 1014 1077; x_wconf 89' lang='lat' dir='ltr'><strong>autem</strong></span> <span class='ocrx_word' id='word_1_66' title='bbox 1048 1025 1116 1077; x_wconf 88' lang='lat' dir='ltr'><strong>ab</strong></span> <span class='ocrx_word' id='word_1_67' title='bbox 1146 1039 1211 1077; x_wconf 89' lang='lat' dir='ltr'><strong>eo</strong></span> <span class='ocrx_word' id='word_1_68' title='bbox 1245 1024 1486 1076; x_wconf 82' lang='lat' dir='ltr'><strong>divinum</strong></span> <span class='ocrx_word' id='word_1_69' title='bbox 1513 1022 1751 1077; x_wconf 77' lang='lat' dir='ltr'><strong>Verbum</strong></span> <span class='ocrx_word' id='word_1_70' title='bbox 1789 1031 2011 1093; x_wconf 86' lang='lat' dir='ltr'><strong>paterna</strong></span> <span class='ocrx_word' id='word_1_71' title='bbox 2028 1039 2124 1076; x_wconf 76' lang='lat' dir='ltr'><strong>ex-</strong></span> 
     </span>
    </p>
   </div>
   <div class='ocr_carea' id='block_1_10' title="bbox 559 1111 2124 1182">
    <p class='ocr_par' dir='ltr' id='par_1_10' title="bbox 559 1111 2124 1182">
     <span class='ocr_line' id='line_1_10' title="bbox 559 1111 2124 1182; baseline -0.001 -14"><span class='ocrx_word' id='word_1_72' title='bbox 559 1111 712 1181; x_wconf 78' lang='lat' dir='ltr'><strong>sequi</strong></span> <span class='ocrx_word' id='word_1_73' title='bbox 737 1111 914 1182; x_wconf 85' lang='lat' dir='ltr'><strong>jussa.</strong></span> <span class='ocrx_word' id='word_1_74' title='bbox 963 1112 1092 1166; x_wconf 79' lang='lat' dir='ltr'><strong>Past</strong></span> <span class='ocrx_word' id='word_1_75' title='bbox 1118 1114 1382 1172; x_wconf 67' lang='lat' dir='ltr'><strong>nonnulla,</strong></span> <span class='ocrx_word' id='word_1_76' title='bbox 1414 1113 1537 1166; x_wconf 82' lang='lat' dir='ltr'><strong>item</strong></span> <span class='ocrx_word' id='word_1_77' title='bbox 1567 1113 1716 1177; x_wconf 94' lang='lat' dir='ltr'><strong>dicit,</strong></span> <span class='ocrx_word' id='word_1_78' title='bbox 1759 1113 1888 1166; x_wconf 88' lang='lat' dir='ltr'><strong>huic</strong></span> <span class='ocrx_word' id='word_1_79' title='bbox 1927 1120 1986 1168; x_wconf 92' lang='lat' dir='ltr'><strong>ut</strong></span> <span class='ocrx_word' id='word_1_80' title='bbox 2021 1112 2124 1166; x_wconf 91' lang='lat' dir='ltr'><strong>Pa-</strong></span> 
     </span>
    </p>
   </div>
   <div class='ocr_carea' id='block_1_11' title="bbox 558 1203 2123 1278">
    <p class='ocr_par' dir='ltr' id='par_1_11' title="bbox 558 1203 2123 1278">
     <span class='ocr_line' id='line_1_11' title="bbox 558 1203 2123 1278; baseline 0.003 -22"><span class='ocrx_word' id='word_1_81' title='bbox 558 1203 660 1257; x_wconf 88' lang='lat' dir='ltr'><strong>tris</strong></span> <span class='ocrx_word' id='word_1_82' title='bbox 683 1206 939 1274; x_wconf 82' lang='lat' dir='ltr'><strong>potenti:e</strong></span> <span class='ocrx_word' id='word_1_83' title='bbox 961 1214 1014 1259; x_wconf 91' lang='lat' dir='ltr'><strong>et</strong></span> <span class='ocrx_word' id='word_1_84' title='bbox 1047 1206 1343 1275; x_wconf 75' lang='lat' dir='ltr'><strong>sapientiae,</strong></span> <span class='ocrx_word' id='word_1_85' title='bbox 1368 1206 1642 1261; x_wconf 88' lang='lat' dir='ltr'><strong>secundas</strong></span> <span class='ocrx_word' id='word_1_86' title='bbox 1674 1215 1858 1278; x_wconf 86' lang='lat' dir='ltr'><strong>partes</strong></span> <span class='ocrx_word' id='word_1_87' title='bbox 1887 1206 2038 1276; x_wconf 90' lang='lat' dir='ltr'><strong>regni</strong></span> <span class='ocrx_word' id='word_1_88' title='bbox 2071 1215 2123 1260; x_wconf 83' lang='lat' dir='ltr'><strong>et</strong></span> 
     </span>
    </p>
   </div>
   <div class='ocr_carea' id='block_1_12' title="bbox 559 1293 2124 1366">
    <p class='ocr_par' dir='ltr' id='par_1_12' title="bbox 559 1293 2124 1366">
     <span class='ocr_line' id='line_1_12' title="bbox 559 1293 2124 1366; baseline 0.002 -19"><span class='ocrx_word' id='word_1_89' title='bbox 559 1293 770 1364; x_wconf 88' lang='lat' dir='ltr'><strong>imperii</strong></span> <span class='ocrx_word' id='word_1_90' title='bbox 825 1295 880 1349; x_wconf 92' lang='lat' dir='ltr'><strong>in</strong></span> <span class='ocrx_word' id='word_1_91' title='bbox 931 1310 1118 1348; x_wconf 89' lang='lat' dir='ltr'><strong>omnes</strong></span> <span class='ocrx_word' id='word_1_92' title='bbox 1149 1310 1272 1350; x_wconf 89' lang='lat' dir='ltr'><strong>esse</strong></span> <span class='ocrx_word' id='word_1_93' title='bbox 1304 1296 1562 1352; x_wconf 89' lang='lat' dir='ltr'><strong>creditas.</strong></span> <span class='ocrx_word' id='word_1_94' title='bbox 1610 1296 1672 1349; x_wconf 78' lang='lat' dir='ltr'><strong>Et</strong></span> <span class='ocrx_word' id='word_1_95' title='bbox 1701 1297 1862 1365; x_wconf 79' lang='lat' dir='ltr'><strong>paulo</strong></span> <span class='ocrx_word' id='word_1_96' title='bbox 1889 1308 2004 1366; x_wconf 76' lang='lat' dir='ltr'><strong>post</strong></span> <span class='ocrx_word' id='word_1_97' title='bbox 2035 1298 2124 1350; x_wconf 85' lang='lat' dir='ltr'><strong>ite-</strong></span> 
     </span>
    </p>
   </div>
   <div class='ocr_carea' id='block_1_13' title="bbox 560 1387 2126 1460">
    <p class='ocr_par' dir='ltr' id='par_1_13' title="bbox 560 1387 2126 1460">
     <span class='ocr_line' id='line_1_13' title="bbox 560 1387 2126 1460; baseline 0.005 -24"><span class='ocrx_word' id='word_1_98' title='bbox 560 1400 713 1439; x_wconf 82' lang='lat' dir='ltr'><strong>rum:</strong></span> <span class='ocrx_word' id='word_1_99' title='bbox 746 1387 822 1440; x_wconf 85' lang='lat' dir='ltr'><strong>Ac</strong></span> <span class='ocrx_word' id='word_1_100' title='bbox 857 1402 979 1440; x_wconf 88' lang='lat' dir='ltr'><strong>esse</strong></span> <span class='ocrx_word' id='word_1_101' title='bbox 1008 1397 1258 1439; x_wconf 86' lang='lat' dir='ltr'><strong>naturam</strong></span> <span class='ocrx_word' id='word_1_102' title='bbox 1302 1388 1616 1456; x_wconf 88' lang='lat' dir='ltr'><strong>quamdam,</strong></span> <span class='ocrx_word' id='word_1_103' title='bbox 1650 1405 1772 1460; x_wconf 76' lang='lat' dir='ltr'><strong>qua:</strong></span> <span class='ocrx_word' id='word_1_104' title='bbox 1801 1398 1925 1443; x_wconf 85' lang='lat' dir='ltr'><strong>ante</strong></span> <span class='ocrx_word' id='word_1_105' title='bbox 1967 1405 2126 1444; x_wconf 89' lang='lat' dir='ltr'><strong>mun-</strong></span> 
     </span>
    </p>
   </div>
   <div class='ocr_carea' id='block_1_14' title="bbox 560 1474 2121 1543">
    <p class='ocr_par' dir='ltr' id='par_1_14' title="bbox 560 1474 2121 1543">
     <span class='ocr_line' id='line_1_14' title="bbox 560 1474 2121 1543; baseline 0.003 -16"><span class='ocrx_word' id='word_1_106' title='bbox 560 1474 688 1528; x_wconf 90' lang='lat' dir='ltr'><strong>dum</strong></span> <span class='ocrx_word' id='word_1_107' title='bbox 721 1476 914 1530; x_wconf 78' lang='lat' dir='ltr'><strong>vixerit</strong></span> <span class='ocrx_word' id='word_1_108' title='bbox 942 1484 995 1530; x_wconf 90' lang='lat' dir='ltr'><strong>et</strong></span> <span class='ocrx_word' id='word_1_109' title='bbox 1018 1475 1342 1543; x_wconf 84' lang='lat' dir='ltr'><strong>substiterit,</strong></span> <span class='ocrx_word' id='word_1_110' title='bbox 1371 1491 1436 1530; x_wconf 88' lang='lat' dir='ltr'><strong>ac</strong></span> <span class='ocrx_word' id='word_1_111' title='bbox 1479 1475 1591 1530; x_wconf 84' lang='lat' dir='ltr'><strong>Deo</strong></span> <span class='ocrx_word' id='word_1_112' title='bbox 1615 1492 1678 1530; x_wconf 91' lang='lat' dir='ltr'><strong>ac</strong></span> <span class='ocrx_word' id='word_1_113' title='bbox 1700 1476 1844 1532; x_wconf 83' lang='lat' dir='ltr'><strong>Patri</strong></span> <span class='ocrx_word' id='word_1_114' title='bbox 1879 1478 2121 1532; x_wconf 76' lang='lat' dir='ltr'><strong>universi</strong></span> 
     </span>
    </p>
   </div>
   <div class='ocr_carea' id='block_1_15' title="bbox 561 1566 2122 1637">
    <p class='ocr_par' dir='ltr' id='par_1_15' title="bbox 561 1566 2122 1637">
     <span class='ocr_line' id='line_1_15' title="bbox 561 1566 2122 1637; baseline 0.003 -18"><span class='ocrx_word' id='word_1_115' title='bbox 561 1566 614 1620; x_wconf 88' lang='lat' dir='ltr'><strong>in</strong></span> <span class='ocrx_word' id='word_1_116' title='bbox 638 1581 815 1620; x_wconf 86' lang='lat' dir='ltr'><strong>rerum</strong></span> <span class='ocrx_word' id='word_1_117' title='bbox 844 1566 1108 1622; x_wconf 87' lang='lat' dir='ltr'><strong>factarum</strong></span> <span class='ocrx_word' id='word_1_118' title='bbox 1133 1568 1353 1637; x_wconf 83' lang='lat' dir='ltr'><strong>opificio</strong></span> <span class='ocrx_word' id='word_1_119' title='bbox 1403 1569 1750 1624; x_wconf 89' lang='lat' dir='ltr'><strong>ministrarit.</strong></span> <span class='ocrx_word' id='word_1_120' title='bbox 1775 1567 1840 1622; x_wconf 89' lang='lat' dir='ltr'><strong>Et</strong></span> <span class='ocrx_word' id='word_1_121' title='bbox 1865 1567 2122 1624; x_wconf 88' lang='lat' dir='ltr'><strong>Salomon</strong></span> 
     </span>
    </p>
   </div>
   <div class='ocr_carea' id='block_1_16' title="bbox 558 1657 2124 1726">
    <p class='ocr_par' dir='ltr' id='par_1_16' title="bbox 558 1657 2124 1726">
     <span class='ocr_line' id='line_1_16' title="bbox 558 1657 2124 1726; baseline 0.001 -15"><span class='ocrx_word' id='word_1_122' title='bbox 558 1657 658 1711; x_wconf 89' lang='lat' dir='ltr'><strong>sub</strong></span> <span class='ocrx_word' id='word_1_123' title='bbox 701 1672 935 1726; x_wconf 84' lang='lat' dir='ltr'><strong>persona</strong></span> <span class='ocrx_word' id='word_1_124' title='bbox 973 1660 1254 1726; x_wconf 65' lang='lat' dir='ltr'><strong>sapientiae</strong></span> <span class='ocrx_word' id='word_1_125' title='bbox 1285 1657 1380 1713; x_wconf 90' lang='lat' dir='ltr'><strong>Dei</strong></span> <span class='ocrx_word' id='word_1_126' title='bbox 1415 1659 1525 1713; x_wconf 91' lang='lat' dir='ltr'><strong>ait:</strong></span> <span class='ocrx_word' id='word_1_127' title='bbox 1579 1657 1838 1712; x_wconf 78' lang='lat' dir='ltr'><strong>Dominus</strong></span> <span class='ocrx_word' id='word_1_128' title='bbox 1888 1659 2124 1712; x_wconf 82' lang='lat' dir='ltr'><strong>condidit</strong></span> 
     </span>
    </p>
   </div>
   <div class='ocr_carea' id='block_1_17' title="bbox 556 1747 2122 1816">
    <p class='ocr_par' dir='ltr' id='par_1_17' title="bbox 556 1747 2122 1816">
     <span class='ocr_line' id='line_1_17' title="bbox 556 1747 2122 1816; baseline 0.001 -17"><span class='ocrx_word' id='word_1_129' title='bbox 556 1764 641 1807; x_wconf 76' lang='lat' dir='ltr'><strong>me,</strong></span> <span class='ocrx_word' id='word_1_130' title='bbox 663 1748 978 1815; x_wconf 81' lang='lat' dir='ltr'><strong>principium</strong></span> <span class='ocrx_word' id='word_1_131' title='bbox 1015 1748 1216 1800; x_wconf 76' lang='lat' dir='ltr'><strong>viarum</strong></span> <span class='ocrx_word' id='word_1_132' title='bbox 1275 1764 1494 1802; x_wconf 76' lang='lat' dir='ltr'><strong>suarum</strong></span> <span class='ocrx_word' id='word_1_133' title='bbox 1525 1749 1566 1814; x_wconf 82' lang='lat'><strong>‘,</strong></span> <span class='ocrx_word' id='word_1_134' title='bbox 1615 1757 1725 1802; x_wconf 89' lang='lat' dir='ltr'><strong>etc.</strong></span> <span class='ocrx_word' id='word_1_135' title='bbox 1761 1747 1959 1801; x_wconf 79' lang='lat' dir='ltr'><strong>Deinde</strong></span> <span class='ocrx_word' id='word_1_136' title='bbox 2005 1756 2122 1816; x_wconf 80' lang='lat' dir='ltr'><strong>post</strong></span> 
     </span>
    </p>
   </div>
   <div class='ocr_carea' id='block_1_18' title="bbox 555 1839 2118 1910">
    <p class='ocr_par' dir='ltr' id='par_1_18' title="bbox 555 1839 2118 1910">
     <span class='ocr_line' id='line_1_18' title="bbox 555 1839 2118 1910; baseline 0.001 -19"><span class='ocrx_word' id='word_1_137' title='bbox 555 1840 664 1892; x_wconf 88' lang='lat' dir='ltr'><strong>alia</strong></span> <span class='ocrx_word' id='word_1_138' title='bbox 689 1839 842 1906; x_wconf 84' lang='lat' dir='ltr'><strong>plura</strong></span> <span class='ocrx_word' id='word_1_139' title='bbox 881 1839 1082 1906; x_wconf 81' lang='lat' dir='ltr'><strong>infert:</strong></span> <span class='ocrx_word' id='word_1_140' title='bbox 1119 1839 1180 1892; x_wconf 87' lang='lat' dir='ltr'><strong>Et</strong></span> <span class='ocrx_word' id='word_1_141' title='bbox 1226 1855 1392 1910; x_wconf 87' lang='lat' dir='ltr'><strong>super</strong></span> <span class='ocrx_word' id='word_1_142' title='bbox 1428 1840 1543 1896; x_wconf 68' lang='lat' dir='ltr'><strong>haec</strong></span> <span class='ocrx_word' id='word_1_143' title='bbox 1591 1840 1775 1894; x_wconf 82' lang='lat' dir='ltr'><strong>omnia</strong></span> <span class='ocrx_word' id='word_1_144' title='bbox 1832 1841 1975 1895; x_wconf 80' lang='lat' dir='ltr'><strong>sicut</strong></span> <span class='ocrx_word' id='word_1_145' title='bbox 2023 1839 2118 1894; x_wconf 91' lang='lat' dir='ltr'><strong>Dei</strong></span> 
     </span>
    </p>
   </div>
   <div class='ocr_carea' id='block_1_19' title="bbox 552 1929 2118 2000">
    <p class='ocr_par' dir='ltr' id='par_1_19' title="bbox 552 1929 2118 2000">
     <span class='ocr_line' id='line_1_19' title="bbox 552 1929 2118 2000; baseline 0.002 -17"><span class='ocrx_word' id='word_1_146' title='bbox 552 1929 812 1994; x_wconf 74' lang='lat' dir='ltr'><strong>Verbum,</strong></span> <span class='ocrx_word' id='word_1_147' title='bbox 837 1931 981 2000; x_wconf 87' lang='lat' dir='ltr'><strong>quod</strong></span> <span class='ocrx_word' id='word_1_148' title='bbox 1012 1939 1137 1984; x_wconf 84' lang='lat' dir='ltr'><strong>ante</strong></span> <span class='ocrx_word' id='word_1_149' title='bbox 1172 1931 1273 1985; x_wconf 89' lang='lat' dir='ltr'><strong>fuit</strong></span> <span class='ocrx_word' id='word_1_150' title='bbox 1319 1941 1373 1987; x_wconf 89' lang='lat' dir='ltr'><strong>et</strong></span> <span class='ocrx_word' id='word_1_151' title='bbox 1403 1941 1531 1987; x_wconf 84' lang='lat' dir='ltr'><strong>ante</strong></span> <span class='ocrx_word' id='word_1_152' title='bbox 1574 1931 1772 1986; x_wconf 71' lang='lat' dir='ltr'><strong>smcula</strong></span> <span class='ocrx_word' id='word_1_153' title='bbox 1812 1932 1994 1986; x_wconf 88' lang='lat' dir='ltr'><strong>omnia</strong></span> <span class='ocrx_word' id='word_1_154' title='bbox 2035 1931 2118 1986; x_wconf 61' lang='lat' dir='ltr'><strong>fac</strong></span> 
     </span>
    </p>
   </div>
   <div class='ocr_carea' id='block_1_20' title="bbox 551 2022 2120 2086">
    <p class='ocr_par' dir='ltr' id='par_1_20' title="bbox 551 2022 2120 2086">
     <span class='ocr_line' id='line_1_20' title="bbox 551 2022 2120 2086; baseline 0.001 -12"><span class='ocrx_word' id='word_1_155' title='bbox 551 2030 702 2075; x_wconf 84' lang='lat' dir='ltr'><strong>ctum</strong></span> <span class='ocrx_word' id='word_1_156' title='bbox 757 2032 859 2086; x_wconf 85' lang='lat' dir='ltr'><strong>est,</strong></span> <span class='ocrx_word' id='word_1_157' title='bbox 921 2023 1286 2078; x_wconf 84' lang='lat' dir='ltr'><strong>venerabilem</strong></span> <span class='ocrx_word' id='word_1_158' title='bbox 1317 2023 1576 2078; x_wconf 88' lang='lat' dir='ltr'><strong>honorem</strong></span> <span class='ocrx_word' id='word_1_159' title='bbox 1604 2039 1634 2076; x_wconf 92' lang='lat' dir='ltr'><strong>a</strong></span> <span class='ocrx_word' id='word_1_160' title='bbox 1668 2022 1777 2078; x_wconf 89' lang='lat' dir='ltr'><strong>Deo</strong></span> <span class='ocrx_word' id='word_1_161' title='bbox 1799 2022 1958 2078; x_wconf 88' lang='lat' dir='ltr'><strong>Patre</strong></span> <span class='ocrx_word' id='word_1_162' title='bbox 1990 2024 2120 2078; x_wconf 85' lang='lat' dir='ltr'><strong>ade-</strong></span> 
     </span>
    </p>
   </div>
   <div class='ocr_carea' id='block_1_21' title="bbox 2227 551 3797 635">
    <p class='ocr_par' dir='ltr' id='par_1_21' title="bbox 2227 551 3797 635">
     <span class='ocr_line' id='line_1_21' title="bbox 2227 551 3797 635; baseline -0.008 -14"><span class='ocrx_word' id='word_1_163' title='bbox 2227 586 2316 622; x_wconf 86' lang='grc' dir='ltr'><strong>ται</strong></span> <span class='ocrx_word' id='word_1_164' title='bbox 2335 583 2348 596; x_wconf 89' lang='grc'><strong>·</strong></span> <span class='ocrx_word' id='word_1_165' title='bbox 2385 562 2655 635; x_wconf 76' lang='grc' dir='ltr'><strong>ἀμφίϐολα</strong></span> <span class='ocrx_word' id='word_1_166' title='bbox 2686 562 2732 616; x_wconf 76' lang='grc' dir='ltr'>δ’</span> <span class='ocrx_word' id='word_1_167' title='bbox 2755 563 2955 623; x_wconf 76' lang='grc' dir='ltr'>ἐκεῖνος</span> <span class='ocrx_word' id='word_1_168' title='bbox 2981 558 3138 617; x_wconf 76' lang='grc' dir='ltr'>αὐτὰ.</span> <span class='ocrx_word' id='word_1_169' title='bbox 3166 558 3232 612; x_wconf 85' lang='grc' dir='ltr'><strong>δι’</strong></span> <span class='ocrx_word' id='word_1_170' title='bbox 3262 551 3337 612; x_wconf 85' lang='grc' dir='ltr'>ὧν</span> <span class='ocrx_word' id='word_1_171' title='bbox 3368 556 3428 607; x_wconf 79' lang='grc' dir='ltr'>ἐν</span> <span class='ocrx_word' id='word_1_172' title='bbox 3451 558 3518 626; x_wconf 73' lang='grc' dir='ltr'>τῇ</span> <span class='ocrx_word' id='word_1_173' title='bbox 3557 555 3797 620; x_wconf 69' lang='grc' dir='ltr'><strong>Ἐκκλη-</strong></span> 
     </span>
    </p>
   </div>
   <div class='ocr_carea' id='block_1_22' title="bbox 2231 645 3792 724">
    <p class='ocr_par' dir='ltr' id='par_1_22' title="bbox 2231 645 3792 724">
     <span class='ocr_line' id='line_1_22' title="bbox 2231 645 3792 724; baseline -0.01 -11"><span class='ocrx_word' id='word_1_174' title='bbox 2231 655 2525 724; x_wconf 78' lang='grc' dir='ltr'>σιαστικῇ</span> <span class='ocrx_word' id='word_1_175' title='bbox 2553 655 2783 722; x_wconf 68' lang='grc' dir='ltr'>ἱστορίᾳ</span> <span class='ocrx_word' id='word_1_176' title='bbox 2809 653 3032 722; x_wconf 74' lang='grc' dir='ltr'>εὓρηται</span> <span class='ocrx_word' id='word_1_177' title='bbox 3068 648 3538 722; x_wconf 70' lang='grc' dir='ltr'><strong>συγγραψάμενος,</strong></span> <span class='ocrx_word' id='word_1_178' title='bbox 3580 645 3792 716; x_wconf 75' lang='grc' dir='ltr'>τίθησι·</span> 
     </span>
    </p>
   </div>
   <div class='ocr_carea' id='block_1_23' title="bbox 2231 738 3797 820">
    <p class='ocr_par' dir='ltr' id='par_1_23' title="bbox 2231 738 3797 820">
     <span class='ocr_line' id='line_1_23' title="bbox 2231 738 3797 820; baseline -0.009 -16"><span class='ocrx_word' id='word_1_179' title='bbox 2231 749 2495 820; x_wconf 79' lang='grc' dir='ltr'>πολλαχοῦ</span> <span class='ocrx_word' id='word_1_180' title='bbox 2528 747 2637 818; x_wconf 78' lang='grc' dir='ltr'>γὰρ</span> <span class='ocrx_word' id='word_1_181' title='bbox 2669 749 2727 799; x_wconf 81' lang='grc' dir='ltr'>ὲν</span> <span class='ocrx_word' id='word_1_182' title='bbox 2758 744 2834 816; x_wconf 77' lang='grc' dir='ltr'>τῷ</span> <span class='ocrx_word' id='word_1_183' title='bbox 2863 742 3135 815; x_wconf 75' lang='grc' dir='ltr'><strong>εἰρημένῳ</strong></span> <span class='ocrx_word' id='word_1_184' title='bbox 3165 739 3554 812; x_wconf 76' lang='grc' dir='ltr'>συγγράμματι</span> <span class='ocrx_word' id='word_1_185' title='bbox 3588 738 3797 807; x_wconf 78' lang='grc' dir='ltr'>’Δρεια-</span> 
     </span>
    </p>
   </div>
   <div class='ocr_carea' id='block_1_24' title="bbox 2229 829 3796 911">
    <p class='ocr_par' dir='ltr' id='par_1_24' title="bbox 2229 829 3796 911">
     <span class='ocr_line' id='line_1_24' title="bbox 2229 829 3796 911; baseline -0.008 -16"><span class='ocrx_word' id='word_1_186' title='bbox 2229 844 2393 908; x_wconf 74' lang='grc' dir='ltr'>νίζων</span> <span class='ocrx_word' id='word_1_187' title='bbox 2427 839 2902 911; x_wconf 73' lang='grc' dir='ltr'>καταλαμϐάνεται</span> <span class='ocrx_word' id='word_1_188' title='bbox 2923 854 2936 866; x_wconf 94' lang='grc'><strong>·</strong></span> <span class='ocrx_word' id='word_1_189' title='bbox 2961 835 3160 888; x_wconf 70' lang='grc' dir='ltr'>αὐτίκα</span> <span class='ocrx_word' id='word_1_190' title='bbox 3192 833 3317 903; x_wconf 75' lang='grc' dir='ltr'>περί</span> <span class='ocrx_word' id='word_1_191' title='bbox 3347 849 3447 885; x_wconf 88' lang='grc' dir='ltr'><strong>που</strong></span> <span class='ocrx_word' id='word_1_192' title='bbox 3485 830 3582 900; x_wconf 86' lang='grc' dir='ltr'><strong>τὴν</strong></span> <span class='ocrx_word' id='word_1_193' title='bbox 3621 829 3796 902; x_wconf 71' lang='grc' dir='ltr'>ἀρχὴν</span> 
     </span>
    </p>
   </div>
   <div class='ocr_carea' id='block_1_25' title="bbox 2226 920 3793 1002">
    <p class='ocr_par' dir='ltr' id='par_1_25' title="bbox 2226 920 3793 1002">
     <span class='ocr_line' id='line_1_25' title="bbox 2226 920 3793 1002; baseline -0.008 -16"><span class='ocrx_word' id='word_1_194' title='bbox 2226 934 2319 987; x_wconf 85' lang='grc' dir='ltr'><strong>τοῦ</strong></span> <span class='ocrx_word' id='word_1_195' title='bbox 2353 932 2554 1002; x_wconf 75' lang='grc' dir='ltr'>βιϐλίου</span> <span class='ocrx_word' id='word_1_196' title='bbox 2585 930 2677 983; x_wconf 83' lang='grc' dir='ltr'><strong>τὸν</strong></span> <span class='ocrx_word' id='word_1_197' title='bbox 2704 927 2866 980; x_wconf 74' lang='grc' dir='ltr'>Δαϐὶδ</span> <span class='ocrx_word' id='word_1_198' title='bbox 2886 926 3120 995; x_wconf 71' lang='grc' dir='ltr'>εἰσάγων</span> <span class='ocrx_word' id='word_1_199' title='bbox 3147 923 3370 992; x_wconf 77' lang='grc' dir='ltr'>λέγοντα</span> <span class='ocrx_word' id='word_1_200' title='bbox 3387 963 3398 981; x_wconf 91' lang='grc'><strong>.</strong></span> <span class='ocrx_word' id='word_1_201' title='bbox 3427 920 3620 986; x_wconf 83' lang='grc' dir='ltr'>Αὐτὸς</span> <span class='ocrx_word' id='word_1_202' title='bbox 3643 921 3793 984; x_wconf 77' lang='grc' dir='ltr'>εἷπε,</span> 
     </span>
    </p>
   </div>
   <div class='ocr_carea' id='block_1_26' title="bbox 2226 1014 3793 1094">
    <p class='ocr_par' dir='ltr' id='par_1_26' title="bbox 2226 1014 3793 1094">
     <span class='ocr_line' id='line_1_26' title="bbox 2226 1014 3793 1094; baseline -0.008 -16"><span class='ocrx_word' id='word_1_203' title='bbox 2226 1026 2320 1078; x_wconf 80' lang='grc' dir='ltr'><strong>καὶ</strong></span> <span class='ocrx_word' id='word_1_204' title='bbox 2337 1019 2870 1094; x_wconf 51' lang='grc' dir='ltr'><strong>ἐγενήθησαν-αὑτί</strong></span> <span class='ocrx_word' id='word_1_205' title='bbox 2883 1039 2911 1084; x_wconf 91' lang='grc' dir='ltr'><em>ς</em></span> <span class='ocrx_word' id='word_1_206' title='bbox 2928 1019 3282 1080; x_wconf 56' lang='grc' dir='ltr'>ἐνετείλατο,</span> <span class='ocrx_word' id='word_1_207' title='bbox 3297 1015 3392 1070; x_wconf 74' lang='grc' dir='ltr'><strong>καὶ</strong></span> <span class='ocrx_word' id='word_1_208' title='bbox 3405 1014 3793 1081; x_wconf 72' lang='grc' dir='ltr'><strong>ἐκτίσθησαν,</strong></span> 
     </span>
    </p>
   </div>
   <div class='ocr_carea' id='block_1_27' title="bbox 2226 1103 3793 1187">
    <p class='ocr_par' dir='ltr' id='par_1_27' title="bbox 2226 1103 3793 1187">
     <span class='ocr_line' id='line_1_27' title="bbox 2226 1103 3793 1187; baseline -0.008 -18"><span class='ocrx_word' id='word_1_209' title='bbox 2226 1118 2359 1187; x_wconf 69' lang='grc' dir='ltr'><strong>φησι</strong></span> <span class='ocrx_word' id='word_1_210' title='bbox 2391 1115 2481 1168; x_wconf 83' lang='grc' dir='ltr'><strong>τὸν</strong></span> <span class='ocrx_word' id='word_1_211' title='bbox 2516 1115 2616 1184; x_wconf 78' lang='grc' dir='ltr'><strong>μὲν</strong></span> <span class='ocrx_word' id='word_1_212' title='bbox 2653 1114 2869 1182; x_wconf 76' lang='grc' dir='ltr'>Πατέρα</span> <span class='ocrx_word' id='word_1_213' title='bbox 2911 1109 3002 1164; x_wconf 73' lang='grc' dir='ltr'><strong>καὶ</strong></span> <span class='ocrx_word' id='word_1_214' title='bbox 3047 1107 3294 1178; x_wconf 72' lang='grc' dir='ltr'>ποιητὴν,</span> <span class='ocrx_word' id='word_1_215' title='bbox 3313 1106 3387 1168; x_wconf 82' lang='grc' dir='ltr'>ὼς</span> <span class='ocrx_word' id='word_1_216' title='bbox 3442 1103 3666 1175; x_wconf 71' lang='grc' dir='ltr'>ποιητὴν</span> <span class='ocrx_word' id='word_1_217' title='bbox 3701 1103 3793 1158; x_wconf 84' lang='grc' dir='ltr'><strong>καὶ</strong></span> 
     </span>
    </p>
   </div>
   <div class='ocr_carea' id='block_1_28' title="bbox 2226 1195 3789 1278">
    <p class='ocr_par' dir='ltr' id='par_1_28' title="bbox 2226 1195 3789 1278">
     <span class='ocr_line' id='line_1_28' title="bbox 2226 1195 3789 1278; baseline -0.009 -16"><span class='ocrx_word' id='word_1_218' title='bbox 2226 1208 2577 1278; x_wconf 84' lang='grc' dir='ltr'>πανηγεμόνα</span> <span class='ocrx_word' id='word_1_219' title='bbox 2604 1203 2936 1275; x_wconf 73' lang='grc' dir='ltr'><strong>νομίζεσθαι,</strong></span> <span class='ocrx_word' id='word_1_220' title='bbox 2975 1199 3233 1271; x_wconf 77' lang='grc' dir='ltr'><strong>βασιλικῷ</strong></span> <span class='ocrx_word' id='word_1_221' title='bbox 3250 1197 3645 1269; x_wconf 76' lang='grc' dir='ltr'>προστάττοντα</span> <span class='ocrx_word' id='word_1_222' title='bbox 3668 1195 3789 1248; x_wconf 78' lang='grc' dir='ltr'>νεύ-</span> 
     </span>
    </p>
   </div>
   <div class='ocr_carea' id='block_1_29' title="bbox 2228 1288 3792 1372">
    <p class='ocr_par' dir='ltr' id='par_1_29' title="bbox 2228 1288 3792 1372">
     <span class='ocr_line' id='line_1_29' title="bbox 2228 1288 3792 1372; baseline -0.01 -17"><span class='ocrx_word' id='word_1_223' title='bbox 2228 1318 2356 1372; x_wconf 88' lang='grc' dir='ltr'>ματι</span> <span class='ocrx_word' id='word_1_224' title='bbox 2377 1318 2390 1330; x_wconf 92' lang='grc'><strong>·</strong></span> <span class='ocrx_word' id='word_1_225' title='bbox 2424 1300 2515 1352; x_wconf 82' lang='grc' dir='ltr'>τὸν</span> <span class='ocrx_word' id='word_1_226' title='bbox 2548 1299 2603 1352; x_wconf 86' lang='grc' dir='ltr'>δὲ</span> <span class='ocrx_word' id='word_1_227' title='bbox 2636 1297 2824 1350; x_wconf 76' lang='grc' dir='ltr'>τούτου</span> <span class='ocrx_word' id='word_1_228' title='bbox 2856 1293 3239 1364; x_wconf 77' lang='grc' dir='ltr'><strong>δευτερεύοντα</strong></span> <span class='ocrx_word' id='word_1_229' title='bbox 3272 1289 3411 1343; x_wconf 84' lang='grc' dir='ltr'>Θεῖον</span> <span class='ocrx_word' id='word_1_230' title='bbox 3452 1288 3641 1357; x_wconf 80' lang='grc' dir='ltr'>Λόγον,</span> <span class='ocrx_word' id='word_1_231' title='bbox 3674 1290 3792 1350; x_wconf 75' lang='grc' dir='ltr'>ταῖς</span> 
     </span>
    </p>
   </div>
   <div class='ocr_carea' id='block_1_30' title="bbox 2225 1378 3795 1463">
    <p class='ocr_par' dir='ltr' id='par_1_30' title="bbox 2225 1378 3795 1463">
     <span class='ocr_line' id='line_1_30' title="bbox 2225 1378 3795 1463; baseline -0.01 -16"><span class='ocrx_word' id='word_1_232' title='bbox 2225 1395 2512 1463; x_wconf 74' lang='grc' dir='ltr'><strong>πατρικαῖς</strong></span> <span class='ocrx_word' id='word_1_233' title='bbox 2563 1387 2935 1460; x_wconf 75' lang='grc' dir='ltr'><strong>ὑπουργοῦντα</strong></span> <span class='ocrx_word' id='word_1_234' title='bbox 2968 1386 3272 1452; x_wconf 74' lang='grc' dir='ltr'><strong>ἐπιταγαῖς.</strong></span> <span class='ocrx_word' id='word_1_235' title='bbox 3327 1381 3434 1435; x_wconf 75' lang='grc' dir='ltr'><strong>Καὶ</strong></span> <span class='ocrx_word' id='word_1_236' title='bbox 3487 1378 3635 1448; x_wconf 81' lang='grc' dir='ltr'>μετά</span> <span class='ocrx_word' id='word_1_237' title='bbox 3665 1397 3795 1433; x_wconf 73' lang='grc' dir='ltr'>τινα</span> 
     </span>
    </p>
   </div>
   <div class='ocr_carea' id='block_1_31' title="bbox 2222 1469 3794 1551">
    <p class='ocr_par' dir='ltr' id='par_1_31' title="bbox 2222 1469 3794 1551">
     <span class='ocr_line' id='line_1_31' title="bbox 2222 1469 3794 1551; baseline -0.009 -15"><span class='ocrx_word' id='word_1_238' title='bbox 2222 1483 2405 1551; x_wconf 72' lang='grc' dir='ltr'>λέγει,</span> <span class='ocrx_word' id='word_1_239' title='bbox 2432 1480 2620 1534; x_wconf 88' lang='grc' dir='ltr'>τοῦτον</span> <span class='ocrx_word' id='word_1_240' title='bbox 2644 1478 2842 1531; x_wconf 73' lang='grc' dir='ltr'>ὡσανεὶ</span> <span class='ocrx_word' id='word_1_241' title='bbox 2869 1475 2962 1528; x_wconf 89' lang='grc' dir='ltr'><strong>τοῦ</strong></span> <span class='ocrx_word' id='word_1_242' title='bbox 2987 1474 3194 1544; x_wconf 72' lang='grc' dir='ltr'>Πατρδς</span> <span class='ocrx_word' id='word_1_243' title='bbox 3229 1473 3539 1542; x_wconf 80' lang='grc' dir='ltr'>ὑπάρχοντα</span> <span class='ocrx_word' id='word_1_244' title='bbox 3567 1469 3794 1538; x_wconf 73' lang='grc' dir='ltr'>δύναμιν</span> 
     </span>
    </p>
   </div>
   <div class='ocr_carea' id='block_1_32' title="bbox 2224 1561 3790 1642">
    <p class='ocr_par' dir='ltr' id='par_1_32' title="bbox 2224 1561 3790 1642">
     <span class='ocr_line' id='line_1_32' title="bbox 2224 1561 3790 1642; baseline -0.008 -14"><span class='ocrx_word' id='word_1_245' title='bbox 2224 1575 2318 1628; x_wconf 75' lang='grc' dir='ltr'><strong>καὶ</strong></span> <span class='ocrx_word' id='word_1_246' title='bbox 2353 1574 2569 1642; x_wconf 64' lang='grc' dir='ltr'>σοφίαν,</span> <span class='ocrx_word' id='word_1_247' title='bbox 2604 1573 2696 1625; x_wconf 71' lang='grc' dir='ltr'>καὶ</span> <span class='ocrx_word' id='word_1_248' title='bbox 2724 1570 2793 1624; x_wconf 74' lang='grc' dir='ltr'>τὰ</span> <span class='ocrx_word' id='word_1_249' title='bbox 2826 1569 3104 1638; x_wconf 79' lang='grc' dir='ltr'>δευτερεῖα</span> <span class='ocrx_word' id='word_1_250' title='bbox 3135 1566 3231 1635; x_wconf 76' lang='grc' dir='ltr'>τῆς</span> <span class='ocrx_word' id='word_1_251' title='bbox 3266 1563 3408 1617; x_wconf 78' lang='grc' dir='ltr'>κατὰ</span> <span class='ocrx_word' id='word_1_252' title='bbox 3439 1563 3652 1616; x_wconf 77' lang='grc' dir='ltr'>πάντων</span> <span class='ocrx_word' id='word_1_253' title='bbox 3693 1561 3790 1632; x_wconf 83' lang='grc' dir='ltr'><strong>βα·-</strong></span> 
     </span>
    </p>
   </div>
   <div class='ocr_carea' id='block_1_33' title="bbox 2227 1651 3790 1734">
    <p class='ocr_par' dir='ltr' id='par_1_33' title="bbox 2227 1651 3790 1734">
     <span class='ocr_line' id='line_1_33' title="bbox 2227 1651 3790 1734; baseline -0.008 -16"><span class='ocrx_word' id='word_1_254' title='bbox 2227 1665 2426 1727; x_wconf 81' lang='grc' dir='ltr'>σιλείας</span> <span class='ocrx_word' id='word_1_255' title='bbox 2450 1667 2542 1718; x_wconf 77' lang='grc' dir='ltr'><strong>καὶ</strong></span> <span class='ocrx_word' id='word_1_256' title='bbox 2579 1663 2752 1734; x_wconf 75' lang='grc' dir='ltr'>ἀρχῆς</span> <span class='ocrx_word' id='word_1_257' title='bbox 2786 1656 3286 1731; x_wconf 81' lang='grc' dir='ltr'>ὲμπεπιστευμένον</span> <span class='ocrx_word' id='word_1_258' title='bbox 3305 1673 3316 1684; x_wconf 92' lang='grc'>·</span> <span class='ocrx_word' id='word_1_259' title='bbox 3348 1655 3442 1708; x_wconf 73' lang='grc' dir='ltr'><strong>καὶ</strong></span> <span class='ocrx_word' id='word_1_260' title='bbox 3471 1651 3643 1720; x_wconf 83' lang='grc' dir='ltr'>αὖθις</span> <span class='ocrx_word' id='word_1_261' title='bbox 3664 1654 3790 1722; x_wconf 82' lang='grc' dir='ltr'>μετ’</span> 
     </span>
    </p>
   </div>
   <div class='ocr_carea' id='block_1_34' title="bbox 2223 1744 3791 1827">
    <p class='ocr_par' dir='ltr' id='par_1_34' title="bbox 2223 1744 3791 1827">
     <span class='ocr_line' id='line_1_34' title="bbox 2223 1744 3791 1827; baseline -0.008 -17"><span class='ocrx_word' id='word_1_262' title='bbox 2223 1758 2419 1827; x_wconf 66' lang='grc' dir='ltr'>ὀλίγου</span> <span class='ocrx_word' id='word_1_263' title='bbox 2453 1759 2562 1810; x_wconf 70' lang='grc' dir='ltr'><strong>Καὶ</strong></span> <span class='ocrx_word' id='word_1_264' title='bbox 2582 1756 2663 1808; x_wconf 81' lang='grc' dir='ltr'><strong>ὅτι</strong></span> <span class='ocrx_word' id='word_1_265' title='bbox 2690 1755 2832 1806; x_wconf 80' lang='grc' dir='ltr'>ἐστιν</span> <span class='ocrx_word' id='word_1_266' title='bbox 2855 1750 3012 1804; x_wconf 76' lang='grc' dir='ltr'>οὐσία</span> <span class='ocrx_word' id='word_1_267' title='bbox 3043 1765 3125 1812; x_wconf 91' lang='grc' dir='ltr'><strong>τις</strong></span> <span class='ocrx_word' id='word_1_268' title='bbox 3147 1748 3498 1817; x_wconf 81' lang='grc' dir='ltr'>προκόσμιος,</span> <span class='ocrx_word' id='word_1_269' title='bbox 3527 1744 3675 1809; x_wconf 75' lang='grc' dir='ltr'><strong>ζῶσα</strong></span> <span class='ocrx_word' id='word_1_270' title='bbox 3698 1747 3791 1800; x_wconf 80' lang='grc' dir='ltr'><strong>καὶ</strong></span> 
     </span>
    </p>
   </div>
   <div class='ocr_carea' id='block_1_35' title="bbox 2224 1837 3790 1916">
    <p class='ocr_par' dir='ltr' id='par_1_35' title="bbox 2224 1837 3790 1916">
     <span class='ocr_line' id='line_1_35' title="bbox 2224 1837 3790 1916; baseline -0.007 -16"><span class='ocrx_word' id='word_1_271' title='bbox 2224 1849 2322 1916; x_wconf 59' lang='lat' dir='ltr'><strong>figas</strong></span> <span class='ocrx_word' id='word_1_272' title='bbox 2332 1846 2530 1910; x_wconf 80' lang='grc' dir='ltr'>στῶσα,</span> <span class='ocrx_word' id='word_1_273' title='bbox 2553 1849 2586 1916; x_wconf 84' lang='grc' dir='ltr'>ὴ</span> <span class='ocrx_word' id='word_1_274' title='bbox 2613 1845 2689 1915; x_wconf 83' lang='grc' dir='ltr'><strong>τῷ</strong></span> <span class='ocrx_word' id='word_1_275' title='bbox 2711 1844 2828 1914; x_wconf 78' lang='grc' dir='ltr'><strong>Θεῷ</strong></span> <span class='ocrx_word' id='word_1_276' title='bbox 2851 1844 2941 1898; x_wconf 70' lang='grc' dir='ltr'><strong>καὶ</strong></span> <span class='ocrx_word' id='word_1_277' title='bbox 2970 1840 3144 1911; x_wconf 81' lang='grc' dir='ltr'>Πατρὶ</span> <span class='ocrx_word' id='word_1_278' title='bbox 3167 1839 3272 1891; x_wconf 84' lang='grc' dir='ltr'><strong>τῶν</strong></span> <span class='ocrx_word' id='word_1_279' title='bbox 3301 1838 3437 1891; x_wconf 80' lang='grc' dir='ltr'><strong>ὅλων</strong></span> <span class='ocrx_word' id='word_1_280' title='bbox 3462 1840 3540 1902; x_wconf 76' lang='grc' dir='ltr'><strong>εἰς</strong></span> <span class='ocrx_word' id='word_1_281' title='bbox 3569 1839 3663 1909; x_wconf 82' lang='grc' dir='ltr'>τὴν</span> <span class='ocrx_word' id='word_1_282' title='bbox 3684 1837 3790 1891; x_wconf 82' lang='grc' dir='ltr'>τῶν</span> 
     </span>
    </p>
   </div>
   <div class='ocr_carea' id='block_1_36' title="bbox 2221 1928 3791 2010">
    <p class='ocr_par' dir='ltr' id='par_1_36' title="bbox 2221 1928 3791 2010">
     <span class='ocr_line' id='line_1_36' title="bbox 2221 1928 3791 2010; baseline -0.006 -19"><span class='ocrx_word' id='word_1_283' title='bbox 2221 1937 2463 2010; x_wconf 76' lang='grc' dir='ltr'>γενητῶν</span> <span class='ocrx_word' id='word_1_284' title='bbox 2488 1937 2549 2007; x_wconf 75' lang='grc' dir='ltr'><strong>δη</strong></span> <span class='ocrx_word' id='word_1_285' title='bbox 2559 1936 2842 2008; x_wconf 79' lang='grc' dir='ltr'>μιουργῐαν</span> <span class='ocrx_word' id='word_1_286' title='bbox 2866 1931 3344 2004; x_wconf 75' lang='grc' dir='ltr'>ὑπηρετησαμένη.</span> <span class='ocrx_word' id='word_1_287' title='bbox 3362 1930 3472 1982; x_wconf 76' lang='grc' dir='ltr'><strong>Καὶ</strong></span> <span class='ocrx_word' id='word_1_288' title='bbox 3491 1931 3520 1982; x_wconf 76' lang='grc' dir='ltr'><strong>ὁ</strong></span> <span class='ocrx_word' id='word_1_289' title='bbox 3545 1928 3791 1999; x_wconf 83' lang='grc' dir='ltr'>Σολομὼν</span> 
     </span>
    </p>
   </div>
   <div class='ocr_carea' id='block_1_37' title="bbox 2221 2018 3790 2101">
    <p class='ocr_par' dir='ltr' id='par_1_37' title="bbox 2221 2018 3790 2101">
     <span class='ocr_line' id='line_1_37' title="bbox 2221 2018 3790 2101; baseline -0.005 -20"><span class='ocrx_word' id='word_1_290' title='bbox 2221 2029 2364 2096; x_wconf 79' lang='grc' dir='ltr'>λέγει</span> <span class='ocrx_word' id='word_1_291' title='bbox 2398 2028 2672 2101; x_wconf 81' lang='grc' dir='ltr'>προσώπῳ</span> <span class='ocrx_word' id='word_1_292' title='bbox 2704 2029 2801 2099; x_wconf 82' lang='grc' dir='ltr'>τῆς</span> <span class='ocrx_word' id='word_1_293' title='bbox 2824 2027 2918 2081; x_wconf 85' lang='grc' dir='ltr'><strong>τοῦ</strong></span> <span class='ocrx_word' id='word_1_294' title='bbox 2943 2027 3078 2080; x_wconf 83' lang='grc' dir='ltr'>Θεοῦ</span> <span class='ocrx_word' id='word_1_295' title='bbox 3104 2027 3290 2095; x_wconf 74' lang='grc' dir='ltr'>σοφίας</span> <span class='ocrx_word' id='word_1_296' title='bbox 3310 2040 3322 2052; x_wconf 89' lang='grc'><strong>·</strong></span> <span class='ocrx_word' id='word_1_297' title='bbox 3361 2024 3570 2090; x_wconf 72' lang='grc' dir='ltr'>Κύριος</span> <span class='ocrx_word' id='word_1_298' title='bbox 3591 2018 3790 2074; x_wconf 82' lang='grc' dir='ltr'>ἐκτισέ</span> 
     </span>
    </p>
   </div>
   <div class='ocr_carea' id='block_1_38' title="bbox 551 2113 2121 2212">
    <p class='ocr_par' dir='ltr' id='par_1_38' title="bbox 551 2113 2119 2184">
     <span class='ocr_line' id='line_1_38' title="bbox 551 2113 2119 2184; baseline 0.003 -19"><span class='ocrx_word' id='word_1_299' title='bbox 551 2120 723 2182; x_wconf 90' lang='lat' dir='ltr'><strong>ptum,</strong></span> <span class='ocrx_word' id='word_1_300' title='bbox 767 2114 984 2167; x_wconf 85' lang='lat' dir='ltr'><strong>adorari</strong></span> <span class='ocrx_word' id='word_1_301' title='bbox 1018 2122 1274 2184; x_wconf 88' lang='lat' dir='ltr'><strong>tanquam</strong></span> <span class='ocrx_word' id='word_1_302' title='bbox 1303 2113 1494 2170; x_wconf 90' lang='lat' dir='ltr'><strong>Deum.</strong></span> <span class='ocrx_word' id='word_1_303' title='bbox 1517 2114 1644 2170; x_wconf 62' lang='lat' dir='ltr'><strong>llaec</strong></span> <span class='ocrx_word' id='word_1_304' title='bbox 1680 2123 1734 2170; x_wconf 91' lang='lat' dir='ltr'><strong>et</strong></span> <span class='ocrx_word' id='word_1_305' title='bbox 1763 2116 1868 2170; x_wconf 86' lang='lat' dir='ltr'><strong>alia</strong></span> <span class='ocrx_word' id='word_1_306' title='bbox 1893 2115 2119 2170; x_wconf 89' lang='lat' dir='ltr'><strong>demon-</strong></span> 
     </span>
    </p>
   </div>
   <div class='ocr_carea' id='block_1_39' title="bbox 2225 2113 3790 2212">
    <p class='ocr_par' dir='ltr' id='par_1_39' title="bbox 2225 2113 3790 2212">
     <span class='ocr_line' id='line_1_39' title="bbox 2225 2113 3790 2212; baseline -0.007 -37"><span class='ocrx_word' id='word_1_307' title='bbox 2225 2137 2294 2189; x_wconf 82' lang='grc' dir='ltr'>με</span> <span class='ocrx_word' id='word_1_308' title='bbox 2319 2119 2515 2188; x_wconf 71' lang='grc' dir='ltr'><strong>ἀρχὴν</strong></span> <span class='ocrx_word' id='word_1_309' title='bbox 2545 2118 2699 2174; x_wconf 79' lang='grc' dir='ltr'><em>ὁδῶν</em></span> <span class='ocrx_word' id='word_1_310' title='bbox 2747 2119 2953 2182; x_wconf 85' lang='grc' dir='ltr'>αὑτοῦ,</span> <span class='ocrx_word' id='word_1_311' title='bbox 2987 2118 3080 2173; x_wconf 78' lang='grc' dir='ltr'><strong>καὶ</strong></span> <span class='ocrx_word' id='word_1_312' title='bbox 3127 2117 3269 2188; x_wconf 77' lang='grc' dir='ltr'>ἑξῆς.</span> <span class='ocrx_word' id='word_1_313' title='bbox 3320 2116 3428 2170; x_wconf 73' lang='grc' dir='ltr'><strong>Καὶ</strong></span> <span class='ocrx_word' id='word_1_314' title='bbox 3448 2115 3586 2212; x_wconf 56' lang='grc' dir='ltr'>μεθ’</span> <span class='ocrx_word' id='word_1_315' title='bbox 3618 2113 3790 2182; x_wconf 71' lang='grc' dir='ltr'>ἕτερα</span> 
     </span>
    </p>
   </div>
   <div class='ocr_carea' id='block_1_40' title="bbox 548 2203 2118 2278">
    <p class='ocr_par' dir='ltr' id='par_1_40' title="bbox 548 2203 2118 2278">
     <span class='ocr_line' id='line_1_40' title="bbox 548 2203 2118 2278; baseline 0.002 -19"><span class='ocrx_word' id='word_1_316' title='bbox 548 2212 731 2259; x_wconf 85' lang='lat' dir='ltr'><strong>strant</strong></span> <span class='ocrx_word' id='word_1_317' title='bbox 783 2203 1078 2260; x_wconf 86' lang='lat' dir='ltr'><strong>Eusebium</strong></span> <span class='ocrx_word' id='word_1_318' title='bbox 1128 2205 1328 2260; x_wconf 81' lang='lat' dir='ltr'><strong>Ariana</strong></span> <span class='ocrx_word' id='word_1_319' title='bbox 1375 2207 1628 2277; x_wconf 78' lang='lat' dir='ltr'><strong>dogmata</strong></span> <span class='ocrx_word' id='word_1_320' title='bbox 1673 2207 1977 2278; x_wconf 86' lang='lat' dir='ltr'><strong>probasse;</strong></span> <span class='ocrx_word' id='word_1_321' title='bbox 2011 2208 2118 2262; x_wconf 87' lang='lat' dir='ltr'><strong>nisi</strong></span> 
     </span>
    </p>
   </div>
   <div class='ocr_carea' id='block_1_41' title="bbox 549 2293 2120 2367">
    <p class='ocr_par' dir='ltr' id='par_1_41' title="bbox 549 2293 2120 2367">
     <span class='ocr_line' id='line_1_41' title="bbox 549 2293 2120 2367; baseline 0.005 -21"><span class='ocrx_word' id='word_1_322' title='bbox 549 2293 676 2362; x_wconf 84' lang='lat' dir='ltr'><strong>quis</strong></span> <span class='ocrx_word' id='word_1_323' title='bbox 701 2295 868 2359; x_wconf 88' lang='lat' dir='ltr'><strong>dicat,</strong></span> <span class='ocrx_word' id='word_1_324' title='bbox 900 2295 954 2350; x_wconf 91' lang='lat' dir='ltr'><strong>id</strong></span> <span class='ocrx_word' id='word_1_325' title='bbox 993 2312 1130 2367; x_wconf 89' lang='lat' dir='ltr'><strong>opus</strong></span> <span class='ocrx_word' id='word_1_326' title='bbox 1155 2305 1279 2352; x_wconf 87' lang='lat' dir='ltr'><strong>ante</strong></span> <span class='ocrx_word' id='word_1_327' title='bbox 1315 2299 1729 2354; x_wconf 89' lang='lat' dir='ltr'><strong>conversionem</strong></span> <span class='ocrx_word' id='word_1_328' title='bbox 1758 2298 1827 2353; x_wconf 91' lang='lat' dir='ltr'><strong>ab</strong></span> <span class='ocrx_word' id='word_1_329' title='bbox 1855 2314 1920 2352; x_wconf 91' lang='lat' dir='ltr'><strong>eo</strong></span> <span class='ocrx_word' id='word_1_330' title='bbox 1949 2296 2120 2354; x_wconf 88' lang='lat' dir='ltr'><strong>fuisse</strong></span> 
     </span>
    </p>
   </div>
   <div class='ocr_carea' id='block_1_42' title="bbox 549 2386 946 2456">
    <p class='ocr_par' dir='ltr' id='par_1_42' title="bbox 549 2386 946 2456">
     <span class='ocr_line' id='line_1_42' title="bbox 549 2386 946 2456; baseline 0.008 -18"><span class='ocrx_word' id='word_1_331' title='bbox 549 2386 946 2456; x_wconf 89' lang='lat' dir='ltr'><strong>conscriptum.</strong></span> 
     </span>
    </p>
   </div>
   <div class='ocr_carea' id='block_1_43' title="bbox 2225 2200 3769 2280">
    <p class='ocr_par' dir='ltr' id='par_1_43' title="bbox 2225 2200 3769 2280">
     <span class='ocr_line' id='line_1_43' title="bbox 2225 2200 3769 2280; baseline -0.005 -18"><span class='ocrx_word' id='word_1_332' title='bbox 2225 2211 2476 2264; x_wconf 71' lang='grc' dir='ltr'>πλείονα</span> <span class='ocrx_word' id='word_1_333' title='bbox 2495 2210 2732 2280; x_wconf 62' lang='grc' dir='ltr'><strong>φάσκει·</strong></span> <span class='ocrx_word' id='word_1_334' title='bbox 2760 2211 2852 2264; x_wconf 74' lang='grc' dir='ltr'><strong>καὶ</strong></span> <span class='ocrx_word' id='word_1_335' title='bbox 2884 2211 2974 2262; x_wconf 71' lang='grc' dir='ltr'><strong>ἐπὶ</strong></span> <span class='ocrx_word' id='word_1_336' title='bbox 2997 2211 3128 2262; x_wconf 77' lang='grc' dir='ltr'>πᾶσι</span> <span class='ocrx_word' id='word_1_337' title='bbox 3146 2208 3374 2271; x_wconf 76' lang='grc' dir='ltr'>τούτοις,</span> <span class='ocrx_word' id='word_1_338' title='bbox 3418 2200 3506 2260; x_wconf 79' lang='grc' dir='ltr'>οἷα</span> <span class='ocrx_word' id='word_1_339' title='bbox 3522 2204 3656 2259; x_wconf 88' lang='grc' dir='ltr'>Θεοῦ</span> <span class='ocrx_word' id='word_1_340' title='bbox 3695 2203 3769 2256; x_wconf 82' lang='grc' dir='ltr'><strong>Λό</strong></span> 
     </span>
    </p>
   </div>
   <div class='ocr_carea' id='block_1_44' title="bbox 2223 2296 3766 2373">
    <p class='ocr_par' dir='ltr' id='par_1_44' title="bbox 2223 2296 3766 2373">
     <span class='ocr_line' id='line_1_44' title="bbox 2223 2296 3766 2373; baseline -0.002 -21"><span class='ocrx_word' id='word_1_341' title='bbox 2223 2316 2319 2368; x_wconf 91' lang='grc' dir='ltr'><strong>γον</strong></span> <span class='ocrx_word' id='word_1_342' title='bbox 2354 2301 2592 2373; x_wconf 86' lang='grc' dir='ltr'>προόντα</span> <span class='ocrx_word' id='word_1_343' title='bbox 2615 2303 2709 2355; x_wconf 68' lang='grc' dir='ltr'><strong>καὶ</strong></span> <span class='ocrx_word' id='word_1_344' title='bbox 2742 2299 3084 2372; x_wconf 58' lang='grc' dir='ltr'>προκαίώνων</span> <span class='ocrx_word' id='word_1_345' title='bbox 3119 2301 3372 2354; x_wconf 75' lang='grc' dir='ltr'>ἁπάντων</span> <span class='ocrx_word' id='word_1_346' title='bbox 3417 2296 3766 2367; x_wconf 70' lang='grc' dir='ltr'>οὖσιωμένων</span> 
     </span>
    </p>
   </div>
   <div class='ocr_carea' id='block_1_45' title="bbox 2227 2387 3789 2464">
    <p class='ocr_par' dir='ltr' id='par_1_45' title="bbox 2227 2387 3789 2464">
     <span class='ocr_line' id='line_1_45' title="bbox 2227 2387 3789 2464; baseline -0.003 -20"><span class='ocrx_word' id='word_1_347' title='bbox 2227 2391 2438 2464; x_wconf 75' lang='grc' dir='ltr'><strong>[Ῑ.-νον]</strong></span> <span class='ocrx_word' id='word_1_348' title='bbox 2485 2392 2581 2463; x_wconf 80' lang='grc' dir='ltr'>τὴν</span> <span class='ocrx_word' id='word_1_349' title='bbox 2612 2393 2902 2462; x_wconf 73' lang='grc' dir='ltr'>σεϐάσμιον</span> <span class='ocrx_word' id='word_1_350' title='bbox 2936 2393 3098 2462; x_wconf 79' lang='grc' dir='ltr'>τιμὴν</span> <span class='ocrx_word' id='word_1_351' title='bbox 3121 2391 3268 2463; x_wconf 72' lang='grc' dir='ltr'>παρὰ</span> <span class='ocrx_word' id='word_1_352' title='bbox 3291 2389 3384 2444; x_wconf 89' lang='grc' dir='ltr'><strong>τοῦ</strong></span> <span class='ocrx_word' id='word_1_353' title='bbox 3409 2388 3618 2462; x_wconf 81' lang='grc' dir='ltr'>Πατρδς</span> <span class='ocrx_word' id='word_1_354' title='bbox 3644 2387 3789 2459; x_wconf 74' lang='grc' dir='ltr'><strong>εἱλη·</strong></span> 
     </span>
    </p>
   </div>
   <div class='ocr_carea' id='block_1_46' title="bbox 553 2478 3788 2556">
    <p class='ocr_par' dir='ltr' id='par_1_46' title="bbox 553 2478 3788 2556">
     <span class='ocr_line' id='line_1_46' title="bbox 553 2478 3788 2556; baseline 0.001 -27"><span class='ocrx_word' id='word_1_355' title='bbox 553 2478 708 2546; x_wconf 82' lang='grc' dir='ltr'>φότα,</span> <span class='ocrx_word' id='word_1_356' title='bbox 742 2479 1160 2551; x_wconf 82' lang='grc' dir='ltr'>προσκυνεῖσθαι</span> <span class='ocrx_word' id='word_1_357' title='bbox 1185 2481 1331 2534; x_wconf 78' lang='grc' dir='ltr'>ώσὰν</span> <span class='ocrx_word' id='word_1_358' title='bbox 1353 2481 1696 2536; x_wconf 83' lang='grc' dir='ltr'>Θεόν.Ταῦτα</span> <span class='ocrx_word' id='word_1_359' title='bbox 1724 2482 1817 2534; x_wconf 73' lang='grc' dir='ltr'><strong>καὶ</strong></span> <span class='ocrx_word' id='word_1_360' title='bbox 1831 2480 2065 2552; x_wconf 72' lang='grc' dir='ltr'>ἕτεραδὲ</span> <span class='ocrx_word' id='word_1_361' title='bbox 2088 2483 2201 2547; x_wconf 89' lang='grc' dir='ltr'>τοῖς</span> <span class='ocrx_word' id='word_1_362' title='bbox 2239 2483 2632 2556; x_wconf 79' lang='grc' dir='ltr'>Ἀρειανίζουσι</span> <span class='ocrx_word' id='word_1_363' title='bbox 2656 2485 2888 2555; x_wconf 83' lang='grc' dir='ltr'><strong>δόγμασι</strong></span> <span class='ocrx_word' id='word_1_364' title='bbox 2919 2483 3249 2537; x_wconf 80' lang='grc' dir='ltr'>δεικνύουσιν</span> <span class='ocrx_word' id='word_1_365' title='bbox 3273 2482 3546 2553; x_wconf 78' lang='grc' dir='ltr'>ὁμόφρονα</span> <span class='ocrx_word' id='word_1_366' title='bbox 3573 2479 3662 2536; x_wconf 85' lang='grc' dir='ltr'><strong>τδν</strong></span> <span class='ocrx_word' id='word_1_367' title='bbox 3687 2478 3788 2534; x_wconf 81' lang='grc' dir='ltr'><strong>Εὑ-</strong></span> 
     </span>
    </p>
   </div>
   <div class='ocr_carea' id='block_1_47' title="bbox 551 2569 3186 2648">
    <p class='ocr_par' dir='ltr' id='par_1_47' title="bbox 551 2569 3186 2648">
     <span class='ocr_line' id='line_1_47' title="bbox 551 2569 3186 2648; baseline 0.003 -26"><span class='ocrx_word' id='word_1_368' title='bbox 551 2569 759 2626; x_wconf 74' lang='grc' dir='ltr'>σέσιοψ</span> <span class='ocrx_word' id='word_1_369' title='bbox 808 2571 854 2624; x_wconf 79' lang='grc' dir='ltr'>εξ</span> <span class='ocrx_word' id='word_1_370' title='bbox 888 2575 961 2644; x_wconf 88' lang='grc' dir='ltr'>μή</span> <span class='ocrx_word' id='word_1_371' title='bbox 1004 2591 1087 2638; x_wconf 87' lang='grc' dir='ltr'><strong>τις</strong></span> <span class='ocrx_word' id='word_1_372' title='bbox 1127 2573 1262 2645; x_wconf 73' lang='grc' dir='ltr'><strong>φαίη</strong></span> <span class='ocrx_word' id='word_1_373' title='bbox 1297 2575 1400 2646; x_wconf 84' lang='grc' dir='ltr'><strong>πρὸ</strong></span> <span class='ocrx_word' id='word_1_374' title='bbox 1442 2575 1540 2645; x_wconf 81' lang='grc' dir='ltr'><strong>τῆς</strong></span> <span class='ocrx_word' id='word_1_375' title='bbox 1591 2576 1922 2648; x_wconf 72' lang='grc' dir='ltr'>ἐπιστροφῆς</span> <span class='ocrx_word' id='word_1_376' title='bbox 1971 2574 2119 2646; x_wconf 71' lang='grc' dir='ltr'>αὐτῷ</span> <span class='ocrx_word' id='word_1_377' title='bbox 2147 2576 2443 2648; x_wconf 83' lang='grc' dir='ltr'>πονηθῆναι</span> <span class='ocrx_word' id='word_1_378' title='bbox 2474 2576 2677 2630; x_wconf 77' lang='grc' dir='ltr'>τούτων</span> <span class='ocrx_word' id='word_1_379' title='bbox 2715 2577 2814 2648; x_wconf 82' lang='grc' dir='ltr'>τὴν</span> <span class='ocrx_word' id='word_1_380' title='bbox 2846 2577 3186 2648; x_wconf 66' lang='grc' dir='ltr'>συγγραφήν.</span> 
     </span>
    </p>
   </div>
   <div class='ocr_carea' id='block_1_48' title="bbox 1531 2751 2816 2823">
    <p class='ocr_par' dir='ltr' id='par_1_48' title="bbox 1531 2751 2816 2823">
     <span class='ocr_line' id='line_1_48' title="bbox 1531 2751 2816 2823; baseline -0.001 -15"><span class='ocrx_word' id='word_1_381' title='bbox 1531 2751 1797 2808; x_wconf 77' lang='lat' dir='ltr'><strong>Baronius</strong></span> <span class='ocrx_word' id='word_1_382' title='bbox 1826 2751 1896 2806; x_wconf 86' lang='lat' dir='ltr'><strong>ad</strong></span> <span class='ocrx_word' id='word_1_383' title='bbox 1925 2769 2123 2807; x_wconf 79' lang='lat' dir='ltr'><strong>armum</strong></span> <span class='ocrx_word' id='word_1_384' title='bbox 2183 2751 2382 2809; x_wconf 80' lang='lat' dir='ltr'><strong>Christi</strong></span> <span class='ocrx_word' id='word_1_385' title='bbox 2411 2753 2537 2818; x_wconf 73' lang='grc' dir='ltr'>διο,</span> <span class='ocrx_word' id='word_1_386' title='bbox 2574 2769 2689 2823; x_wconf 85' lang='lat' dir='ltr'><strong>cap.</strong></span> <span class='ocrx_word' id='word_1_387' title='bbox 2727 2752 2816 2808; x_wconf 80' lang='grc'><strong>58.</strong></span> 
     </span>
    </p>
   </div>
   <div class='ocr_carea' id='block_1_49' title="bbox 617 2929 3790 3009">
    <p class='ocr_par' dir='ltr' id='par_1_49' title="bbox 617 2929 3790 3009">
     <span class='ocr_line' id='line_1_49' title="bbox 617 2929 3790 3009; baseline -0.002 -20"><span class='ocrx_word' id='word_1_388' title='bbox 617 2933 778 2990; x_wconf 87' lang='lat' dir='ltr'><strong>Certe</strong></span> <span class='ocrx_word' id='word_1_389' title='bbox 811 2933 1068 2991; x_wconf 88' lang='lat' dir='ltr'><strong>Socrates</strong></span> <span class='ocrx_word' id='word_1_390' title='bbox 1092 2935 1308 2994; x_wconf 79' lang='lat' dir='ltr'><strong>dealbat</strong></span> <span class='ocrx_word' id='word_1_391' title='bbox 1339 2934 1671 3009; x_wconf 69' lang='lat' dir='ltr'><strong>Ethiopcm,</strong></span> <span class='ocrx_word' id='word_1_392' title='bbox 1719 2937 1847 2994; x_wconf 92' lang='lat' dir='ltr'><strong>dum</strong></span> <span class='ocrx_word' id='word_1_393' title='bbox 1875 2936 2071 2991; x_wconf 87' lang='lat' dir='ltr'><strong>nititur</strong></span> <span class='ocrx_word' id='word_1_394' title='bbox 2101 2937 2278 3008; x_wconf 90' lang='lat' dir='ltr'><strong>ipsum</strong></span> <span class='ocrx_word' id='word_1_395' title='bbox 2311 2937 2604 2995; x_wconf 85' lang='lat' dir='ltr'><strong>Eusebium</strong></span> <span class='ocrx_word' id='word_1_396' title='bbox 2632 2939 2700 2993; x_wconf 90' lang='lat' dir='ltr'><strong>ab</strong></span> <span class='ocrx_word' id='word_1_397' title='bbox 2728 2937 2930 2991; x_wconf 76' lang='lat' dir='ltr'><strong>Ariana</strong></span> <span class='ocrx_word' id='word_1_398' title='bbox 2965 2935 3160 2990; x_wconf 67' lang='lat' dir='ltr'><strong>haeresi</strong></span> <span class='ocrx_word' id='word_1_399' title='bbox 3191 2947 3481 2994; x_wconf 77' lang='lat' dir='ltr'><strong>excusare,</strong></span> <span class='ocrx_word' id='word_1_400' title='bbox 3523 2945 3587 2983; x_wconf 92' lang='lat' dir='ltr'><strong>ac</strong></span> <span class='ocrx_word' id='word_1_401' title='bbox 3613 2929 3790 3001; x_wconf 65' lang='grc' dir='ltr'><strong>τοιαῦθ</strong></span> 
     </span>
    </p>
   </div>
   <div class='ocr_carea' id='block_1_50' title="bbox 545 3018 3787 3102">
    <p class='ocr_par' dir='ltr' id='par_1_50' title="bbox 545 3018 3787 3102">
     <span class='ocr_line' id='line_1_50' title="bbox 545 3018 3787 3102; baseline -0.004 -20"><span class='ocrx_word' id='word_1_402' title='bbox 545 3027 844 3082; x_wconf 89' lang='lat' dir='ltr'><strong>immunem</strong></span> <span class='ocrx_word' id='word_1_403' title='bbox 880 3029 1124 3084; x_wconf 80' lang='lat' dir='ltr'><strong>reddere.</strong></span> <span class='ocrx_word' id='word_1_404' title='bbox 1153 3028 1272 3099; x_wconf 84' lang='lat' dir='ltr'><strong>Ipse</strong></span> <span class='ocrx_word' id='word_1_405' title='bbox 1301 3031 1446 3083; x_wconf 91' lang='lat' dir='ltr'><strong>enim</strong></span> <span class='ocrx_word' id='word_1_406' title='bbox 1487 3029 1756 3084; x_wconf 87' lang='lat' dir='ltr'><strong>Eusebius</strong></span> <span class='ocrx_word' id='word_1_407' title='bbox 1776 3029 1906 3082; x_wconf 90' lang='lat' dir='ltr'><strong>licet</strong></span> <span class='ocrx_word' id='word_1_408' title='bbox 1927 3029 2166 3094; x_wconf 89' lang='lat' dir='ltr'><strong>tandem,</strong></span> <span class='ocrx_word' id='word_1_409' title='bbox 2195 3038 2255 3084; x_wconf 94' lang='lat' dir='ltr'><strong>ut</strong></span> <span class='ocrx_word' id='word_1_410' title='bbox 2289 3031 2601 3102; x_wconf 88' lang='lat' dir='ltr'><strong>imperatori</strong></span> <span class='ocrx_word' id='word_1_411' title='bbox 2633 3044 2838 3084; x_wconf 90' lang='lat' dir='ltr'><strong>morem</strong></span> <span class='ocrx_word' id='word_1_412' title='bbox 2876 3033 3111 3098; x_wconf 78' lang='lat' dir='ltr'><strong>gereret,</strong></span> <span class='ocrx_word' id='word_1_413' title='bbox 3143 3023 3363 3076; x_wconf 61' lang='lat' dir='ltr'><strong>Nicaeno</strong></span> <span class='ocrx_word' id='word_1_414' title='bbox 3396 3021 3625 3075; x_wconf 84' lang='lat' dir='ltr'><strong>concilio</strong></span> <span class='ocrx_word' id='word_1_415' title='bbox 3657 3018 3787 3073; x_wconf 82' lang='lat' dir='ltr'><strong>sub-</strong></span> 
     </span>
    </p>
   </div>
   <div class='ocr_carea' id='block_1_51' title="bbox 547 3111 3784 3197">
    <p class='ocr_par' dir='ltr' id='par_1_51' title="bbox 547 3111 3784 3197">
     <span class='ocr_line' id='line_1_51' title="bbox 547 3111 3784 3197; baseline -0.005 -16"><span class='ocrx_word' id='word_1_416' title='bbox 547 3119 881 3190; x_wconf 74' lang='lat' dir='ltr'><strong>ScripSissel,</strong></span> <span class='ocrx_word' id='word_1_417' title='bbox 917 3121 1105 3178; x_wconf 87' lang='lat' dir='ltr'><strong>iisdem</strong></span> <span class='ocrx_word' id='word_1_418' title='bbox 1137 3125 1293 3192; x_wconf 88' lang='lat' dir='ltr'><strong>plane</strong></span> <span class='ocrx_word' id='word_1_419' title='bbox 1330 3123 1584 3178; x_wconf 89' lang='lat' dir='ltr'><strong>sordibus</strong></span> <span class='ocrx_word' id='word_1_420' title='bbox 1613 3125 1794 3179; x_wconf 89' lang='lat' dir='ltr'><strong>sciens</strong></span> <span class='ocrx_word' id='word_1_421' title='bbox 1819 3124 2115 3194; x_wconf 83' lang='lat' dir='ltr'><strong>volensque</strong></span> <span class='ocrx_word' id='word_1_422' title='bbox 2165 3126 2380 3197; x_wconf 90' lang='lat' dir='ltr'><strong>turpius</strong></span> <span class='ocrx_word' id='word_1_423' title='bbox 2411 3126 2726 3195; x_wconf 90' lang='lat' dir='ltr'><strong>inquinatus</strong></span> <span class='ocrx_word' id='word_1_424' title='bbox 2763 3131 2867 3185; x_wconf 87' lang='lat' dir='ltr'><strong>est,</strong></span> <span class='ocrx_word' id='word_1_425' title='bbox 2904 3131 2960 3175; x_wconf 92' lang='lat' dir='ltr'><strong>ut</strong></span> <span class='ocrx_word' id='word_1_426' title='bbox 2992 3137 3087 3176; x_wconf 92' lang='lat' dir='ltr'><strong>sus</strong></span> <span class='ocrx_word' id='word_1_427' title='bbox 3116 3121 3224 3172; x_wconf 92' lang='lat' dir='ltr'><strong>lota</strong></span> <span class='ocrx_word' id='word_1_428' title='bbox 3257 3119 3311 3172; x_wconf 89' lang='lat' dir='ltr'><strong>in</strong></span> <span class='ocrx_word' id='word_1_429' title='bbox 3340 3115 3626 3172; x_wconf 88' lang='lat' dir='ltr'><strong>volutabro</strong></span> <span class='ocrx_word' id='word_1_430' title='bbox 3662 3111 3784 3182; x_wconf 89' lang='lat' dir='ltr'><strong>luti,</strong></span> 
     </span>
    </p>
   </div>
   <div class='ocr_carea' id='block_1_52' title="bbox 543 3205 3786 3290">
    <p class='ocr_par' dir='ltr' id='par_1_52' title="bbox 543 3205 3786 3290">
     <span class='ocr_line' id='line_1_52' title="bbox 543 3205 3786 3290; baseline -0.001 -26"><span class='ocrx_word' id='word_1_431' title='bbox 543 3220 596 3265; x_wconf 90' lang='lat' dir='ltr'><strong>et</strong></span> <span class='ocrx_word' id='word_1_432' title='bbox 625 3223 681 3266; x_wconf 91' lang='lat' dir='ltr'><strong>ut</strong></span> <span class='ocrx_word' id='word_1_433' title='bbox 714 3215 866 3269; x_wconf 88' lang='lat' dir='ltr'><strong>canis</strong></span> <span class='ocrx_word' id='word_1_434' title='bbox 903 3215 969 3270; x_wconf 89' lang='lat' dir='ltr'><strong>ad</strong></span> <span class='ocrx_word' id='word_1_435' title='bbox 1003 3217 1264 3270; x_wconf 84' lang='lat' dir='ltr'><strong>vomitum</strong></span> <span class='ocrx_word' id='word_1_436' title='bbox 1293 3231 1451 3271; x_wconf 90' lang='lat' dir='ltr'><strong>suum</strong></span> <span class='ocrx_word' id='word_1_437' title='bbox 1486 3234 1755 3273; x_wconf 85' lang='lat' dir='ltr'><strong>reversus.</strong></span> <span class='ocrx_word' id='word_1_438' title='bbox 1780 3216 1929 3272; x_wconf 82' lang='lat' dir='ltr'><strong>Adeo</strong></span> <span class='ocrx_word' id='word_1_439' title='bbox 1954 3225 2012 3270; x_wconf 95' lang='lat' dir='ltr'><strong>ut</strong></span> <span class='ocrx_word' id='word_1_440' title='bbox 2048 3218 2227 3288; x_wconf 88' lang='lat' dir='ltr'><strong>qualis</strong></span> <span class='ocrx_word' id='word_1_441' title='bbox 2267 3219 2382 3290; x_wconf 89' lang='lat' dir='ltr'><strong>ipse</strong></span> <span class='ocrx_word' id='word_1_442' title='bbox 2414 3218 2578 3274; x_wconf 89' lang='lat' dir='ltr'><strong>fuerit</strong></span> <span class='ocrx_word' id='word_1_443' title='bbox 2605 3234 2776 3288; x_wconf 86' lang='lat' dir='ltr'><strong>usque</strong></span> <span class='ocrx_word' id='word_1_444' title='bbox 2825 3217 2892 3270; x_wconf 90' lang='lat' dir='ltr'><strong>ad</strong></span> <span class='ocrx_word' id='word_1_445' title='bbox 2922 3215 3064 3270; x_wconf 87' lang='lat' dir='ltr'><strong>diem</strong></span> <span class='ocrx_word' id='word_1_446' title='bbox 3093 3213 3300 3275; x_wconf 87' lang='lat' dir='ltr'><strong>obitus,</strong></span> <span class='ocrx_word' id='word_1_447' title='bbox 3334 3221 3442 3265; x_wconf 85' lang='lat' dir='ltr'><strong>n0n</strong></span> <span class='ocrx_word' id='word_1_448' title='bbox 3473 3211 3543 3265; x_wconf 85' lang='lat' dir='ltr'><strong>sit</strong></span> <span class='ocrx_word' id='word_1_449' title='bbox 3566 3205 3786 3262; x_wconf 72' lang='lat' dir='ltr'><strong>aliunde.</strong></span> 
     </span>
    </p>
   </div>
   <div class='ocr_carea' id='block_1_53' title="bbox 541 3299 3782 3382">
    <p class='ocr_par' dir='ltr' id='par_1_53' title="bbox 541 3299 3782 3382">
     <span class='ocr_line' id='line_1_53' title="bbox 541 3299 3782 3382; baseline -0.001 -24"><span class='ocrx_word' id='word_1_450' title='bbox 541 3306 913 3372; x_wconf 74' lang='lat' dir='ltr'><strong>quaerendum,</strong></span> <span class='ocrx_word' id='word_1_451' title='bbox 939 3322 1099 3376; x_wconf 88' lang='lat' dir='ltr'><strong>quam</strong></span> <span class='ocrx_word' id='word_1_452' title='bbox 1135 3323 1198 3360; x_wconf 78' lang='lat' dir='ltr'><strong>ex</strong></span> <span class='ocrx_word' id='word_1_453' title='bbox 1228 3309 1390 3364; x_wconf 89' lang='lat' dir='ltr'><strong>rebus</strong></span> <span class='ocrx_word' id='word_1_454' title='bbox 1426 3319 1546 3380; x_wconf 90' lang='lat' dir='ltr'><strong>post</strong></span> <span class='ocrx_word' id='word_1_455' title='bbox 1567 3309 1844 3365; x_wconf 61' lang='lat' dir='ltr'><strong>Nicmnum</strong></span> <span class='ocrx_word' id='word_1_456' title='bbox 1879 3312 2172 3366; x_wconf 90' lang='lat' dir='ltr'><strong>concilium</strong></span> <span class='ocrx_word' id='word_1_457' title='bbox 2203 3311 2272 3366; x_wconf 89' lang='lat' dir='ltr'><strong>ab</strong></span> <span class='ocrx_word' id='word_1_458' title='bbox 2301 3327 2366 3365; x_wconf 89' lang='lat' dir='ltr'><strong>eo</strong></span> <span class='ocrx_word' id='word_1_459' title='bbox 2393 3313 2580 3382; x_wconf 84' lang='lat' dir='ltr'><strong>gestis,</strong></span> <span class='ocrx_word' id='word_1_460' title='bbox 2603 3310 2834 3382; x_wconf 78' lang='lat' dir='ltr'><strong>singulis</strong></span> <span class='ocrx_word' id='word_1_461' title='bbox 2856 3307 3024 3363; x_wconf 85' lang='lat' dir='ltr'><strong>ferme</strong></span> <span class='ocrx_word' id='word_1_462' title='bbox 3055 3308 3214 3361; x_wconf 90' lang='lat' dir='ltr'><strong>annis</strong></span> <span class='ocrx_word' id='word_1_463' title='bbox 3239 3305 3490 3375; x_wconf 86' lang='lat' dir='ltr'><strong>superius</strong></span> <span class='ocrx_word' id='word_1_464' title='bbox 3519 3299 3782 3356; x_wconf 77' lang='lat' dir='ltr'><strong>recitatis.</strong></span> 
     </span>
    </p>
   </div>
   <div class='ocr_carea' id='block_1_54' title="bbox 547 3393 3770 3476">
    <p class='ocr_par' dir='ltr' id='par_1_54' title="bbox 547 3393 3770 3476">
     <span class='ocr_line' id='line_1_54' title="bbox 547 3393 3770 3476; baseline -0.002 -24"><span class='ocrx_word' id='word_1_465' title='bbox 547 3395 613 3452; x_wconf 88' lang='lat' dir='ltr'><strong>Ut</strong></span> <span class='ocrx_word' id='word_1_466' title='bbox 643 3405 822 3454; x_wconf 87' lang='lat' dir='ltr'><strong>autem</strong></span> <span class='ocrx_word' id='word_1_467' title='bbox 846 3409 1070 3457; x_wconf 80' lang='lat' dir='ltr'><strong>excuset</strong></span> <span class='ocrx_word' id='word_1_468' title='bbox 1100 3401 1250 3454; x_wconf 88' lang='lat' dir='ltr'><strong>illum</strong></span> <span class='ocrx_word' id='word_1_469' title='bbox 1277 3403 1347 3456; x_wconf 92' lang='lat' dir='ltr'><strong>ab</strong></span> <span class='ocrx_word' id='word_1_470' title='bbox 1382 3405 1582 3458; x_wconf 86' lang='lat' dir='ltr'><strong>Ariana</strong></span> <span class='ocrx_word' id='word_1_471' title='bbox 1621 3405 1836 3470; x_wconf 77' lang='lat' dir='ltr'><strong>lizercsi,</strong></span> <span class='ocrx_word' id='word_1_472' title='bbox 1867 3406 1999 3459; x_wconf 88' lang='lat' dir='ltr'><strong>citat</strong></span> <span class='ocrx_word' id='word_1_473' title='bbox 2033 3406 2202 3460; x_wconf 90' lang='lat' dir='ltr'><strong>libros</strong></span> <span class='ocrx_word' id='word_1_474' title='bbox 2230 3405 2298 3458; x_wconf 90' lang='lat' dir='ltr'><strong>ab</strong></span> <span class='ocrx_word' id='word_1_475' title='bbox 2326 3421 2391 3460; x_wconf 90' lang='lat' dir='ltr'><strong>eo</strong></span> <span class='ocrx_word' id='word_1_476' title='bbox 2413 3406 2648 3476; x_wconf 88' lang='lat' dir='ltr'><strong>scriptos</strong></span> <span class='ocrx_word' id='word_1_477' title='bbox 2675 3413 2869 3459; x_wconf 92' lang='lat' dir='ltr'><strong>contra</strong></span> <span class='ocrx_word' id='word_1_478' title='bbox 2929 3402 3242 3457; x_wconf 79' lang='lat' dir='ltr'><strong>Marcellum</strong></span> <span class='ocrx_word' id='word_1_479' title='bbox 3274 3401 3624 3468; x_wconf 76' lang='lat' dir='ltr'><strong>Ancyranum</strong></span> <span class='ocrx_word' id='word_1_480' title='bbox 3653 3393 3770 3465; x_wconf 80' lang='lat' dir='ltr'><strong>epi-</strong></span> 
     </span>
    </p>
   </div>
   <div class='ocr_carea' id='block_1_55' title="bbox 543 3487 3769 3568">
    <p class='ocr_par' dir='ltr' id='par_1_55' title="bbox 543 3487 3769 3568">
     <span class='ocr_line' id='line_1_55' title="bbox 543 3487 3769 3568; baseline -0.002 -21"><span class='ocrx_word' id='word_1_481' title='bbox 543 3506 788 3561; x_wconf 90' lang='lat' dir='ltr'><strong>scopum,</strong></span> <span class='ocrx_word' id='word_1_482' title='bbox 842 3495 1143 3565; x_wconf 81' lang='lat' dir='ltr'><strong>reeitatque</strong></span> <span class='ocrx_word' id='word_1_483' title='bbox 1167 3511 1234 3548; x_wconf 77' lang='lat' dir='ltr'><strong>ex</strong></span> <span class='ocrx_word' id='word_1_484' title='bbox 1271 3495 1377 3550; x_wconf 88' lang='lat' dir='ltr'><strong>illis</strong></span> <span class='ocrx_word' id='word_1_485' title='bbox 1411 3495 1712 3566; x_wconf 83' lang='lat' dir='ltr'><strong>fragmenta</strong></span> <span class='ocrx_word' id='word_1_486' title='bbox 1753 3498 2002 3568; x_wconf 58' lang='lat' dir='ltr'><strong>quaedam</strong></span> <span class='ocrx_word' id='word_1_487' title='bbox 2056 3499 2260 3568; x_wconf 87' lang='lat' dir='ltr'><strong>quibus</strong></span> <span class='ocrx_word' id='word_1_488' title='bbox 2307 3496 2738 3560; x_wconf 88' lang='lat' dir='ltr'><strong>demonstratur,</strong></span> <span class='ocrx_word' id='word_1_489' title='bbox 2781 3511 2902 3550; x_wconf 90' lang='lat' dir='ltr'><strong>eam</strong></span> <span class='ocrx_word' id='word_1_490' title='bbox 2929 3494 2997 3550; x_wconf 89' lang='lat' dir='ltr'><strong>de</strong></span> <span class='ocrx_word' id='word_1_491' title='bbox 3023 3492 3164 3548; x_wconf 87' lang='lat' dir='ltr'><strong>Filio</strong></span> <span class='ocrx_word' id='word_1_492' title='bbox 3199 3491 3292 3546; x_wconf 88' lang='lat' dir='ltr'><strong>Dei</strong></span> <span class='ocrx_word' id='word_1_493' title='bbox 3323 3488 3540 3543; x_wconf 85' lang='lat' dir='ltr'><strong>Eusebii</strong></span> <span class='ocrx_word' id='word_1_494' title='bbox 3597 3487 3769 3542; x_wconf 86' lang='lat' dir='ltr'><strong>fuisse</strong></span> 
     </span>
    </p>
   </div>
   <div class='ocr_carea' id='block_1_56' title="bbox 543 3579 3782 3662">
    <p class='ocr_par' dir='ltr' id='par_1_56' title="bbox 543 3579 3782 3662">
     <span class='ocr_line' id='line_1_56' title="bbox 543 3579 3782 3662; baseline -0.003 -22"><span class='ocrx_word' id='word_1_495' title='bbox 543 3587 887 3652; x_wconf 89' lang='lat' dir='ltr'><strong>sententiam,</strong></span> <span class='ocrx_word' id='word_1_496' title='bbox 914 3595 972 3640; x_wconf 93' lang='lat' dir='ltr'><strong>ut</strong></span> <span class='ocrx_word' id='word_1_497' title='bbox 1005 3587 1218 3658; x_wconf 85' lang='lat' dir='ltr'><strong>negarit</strong></span> <span class='ocrx_word' id='word_1_498' title='bbox 1243 3588 1417 3658; x_wconf 91' lang='lat' dir='ltr'><strong>ipsum</strong></span> <span class='ocrx_word' id='word_1_499' title='bbox 1447 3606 1570 3644; x_wconf 90' lang='lat' dir='ltr'><strong>esse</strong></span> <span class='ocrx_word' id='word_1_500' title='bbox 1595 3598 1927 3654; x_wconf 86' lang='lat' dir='ltr'><strong>creaturam,</strong></span> <span class='ocrx_word' id='word_1_501' title='bbox 1961 3599 2217 3662; x_wconf 89' lang='lat' dir='ltr'><strong>tanquam</strong></span> <span class='ocrx_word' id='word_1_502' title='bbox 2259 3606 2422 3644; x_wconf 90' lang='lat' dir='ltr'><strong>unam</strong></span> <span class='ocrx_word' id='word_1_503' title='bbox 2446 3605 2512 3644; x_wconf 81' lang='lat' dir='ltr'><strong>ex</strong></span> <span class='ocrx_word' id='word_1_504' title='bbox 2538 3590 2762 3658; x_wconf 87' lang='lat' dir='ltr'><strong>reliquis</strong></span> <span class='ocrx_word' id='word_1_505' title='bbox 2790 3587 3088 3650; x_wconf 83' lang='lat' dir='ltr'><strong>creaturis,</strong></span> <span class='ocrx_word' id='word_1_506' title='bbox 3121 3600 3187 3639; x_wconf 82' lang='lat' dir='ltr'><strong>ex</strong></span> <span class='ocrx_word' id='word_1_507' title='bbox 3242 3583 3415 3637; x_wconf 88' lang='lat' dir='ltr'><strong>nihilo</strong></span> <span class='ocrx_word' id='word_1_508' title='bbox 3437 3596 3469 3634; x_wconf 89' lang='lat' dir='ltr'><strong>a</strong></span> <span class='ocrx_word' id='word_1_509' title='bbox 3499 3579 3609 3634; x_wconf 90' lang='lat' dir='ltr'><strong>Deo</strong></span> <span class='ocrx_word' id='word_1_510' title='bbox 3631 3589 3782 3634; x_wconf 82' lang='lat' dir='ltr'><strong>crea-</strong></span> 
     </span>
    </p>
   </div>
   <div class='ocr_carea' id='block_1_57' title="bbox 542 3669 3781 3753">
    <p class='ocr_par' dir='ltr' id='par_1_57' title="bbox 542 3669 3781 3753">
     <span class='ocr_line' id='line_1_57' title="bbox 542 3669 3781 3753; baseline -0.002 -25"><span class='ocrx_word' id='word_1_511' title='bbox 542 3676 632 3729; x_wconf 86' lang='lat' dir='ltr'><strong>tis.</strong></span> <span class='ocrx_word' id='word_1_512' title='bbox 699 3672 899 3728; x_wconf 85' lang='lat' dir='ltr'><strong>Verum</strong></span> <span class='ocrx_word' id='word_1_513' title='bbox 929 3676 1058 3729; x_wconf 90' lang='lat' dir='ltr'><strong>dum</strong></span> <span class='ocrx_word' id='word_1_514' title='bbox 1084 3676 1277 3730; x_wconf 89' lang='lat' dir='ltr'><strong>nititur</strong></span> <span class='ocrx_word' id='word_1_515' title='bbox 1309 3695 1376 3733; x_wconf 74' lang='lat' dir='ltr'><strong>ex</strong></span> <span class='ocrx_word' id='word_1_516' title='bbox 1402 3679 1486 3733; x_wconf 92' lang='lat' dir='ltr'><strong>his</strong></span> <span class='ocrx_word' id='word_1_517' title='bbox 1511 3679 1805 3735; x_wconf 88' lang='lat' dir='ltr'><strong>Eusebium</strong></span> <span class='ocrx_word' id='word_1_518' title='bbox 1846 3699 2102 3752; x_wconf 84' lang='lat' dir='ltr'><strong>purgare,</strong></span> <span class='ocrx_word' id='word_1_519' title='bbox 2132 3691 2320 3753; x_wconf 87' lang='lat' dir='ltr'><strong>aperte</strong></span> <span class='ocrx_word' id='word_1_520' title='bbox 2354 3681 2647 3751; x_wconf 87' lang='lat' dir='ltr'><strong>signiticat,</strong></span> <span class='ocrx_word' id='word_1_521' title='bbox 2673 3695 2730 3734; x_wconf 89' lang='lat' dir='ltr'><strong>sc</strong></span> <span class='ocrx_word' id='word_1_522' title='bbox 2765 3679 2880 3732; x_wconf 83' lang='lat' dir='ltr'><strong>Arii</strong></span> <span class='ocrx_word' id='word_1_523' title='bbox 2912 3686 2964 3733; x_wconf 87' lang='lat' dir='ltr'><strong>et</strong></span> <span class='ocrx_word' id='word_1_524' title='bbox 2994 3676 3318 3730; x_wconf 85' lang='lat' dir='ltr'><strong>Arianorum</strong></span> <span class='ocrx_word' id='word_1_525' title='bbox 3349 3672 3572 3727; x_wconf 64' lang='lat' dir='ltr'><strong>hmresis</strong></span> <span class='ocrx_word' id='word_1_526' title='bbox 3628 3669 3781 3740; x_wconf 83' lang='lat' dir='ltr'><strong>laby-</strong></span> 
     </span>
    </p>
   </div>
   <div class='ocr_carea' id='block_1_58' title="bbox 543 3762 3780 3844">
    <p class='ocr_par' dir='ltr' id='par_1_58' title="bbox 543 3762 3780 3844">
     <span class='ocr_line' id='line_1_58' title="bbox 543 3762 3780 3844; baseline -0.001 -29"><span class='ocrx_word' id='word_1_527' title='bbox 543 3763 785 3818; x_wconf 88' lang='lat' dir='ltr'><strong>rinthum</strong></span> <span class='ocrx_word' id='word_1_528' title='bbox 814 3766 1038 3820; x_wconf 91' lang='lat' dir='ltr'><strong>minime</strong></span> <span class='ocrx_word' id='word_1_529' title='bbox 1071 3775 1407 3836; x_wconf 87' lang='lat' dir='ltr'><strong>penetrasse.</strong></span> <span class='ocrx_word' id='word_1_530' title='bbox 1440 3769 1508 3824; x_wconf 87' lang='lat' dir='ltr'><strong>Et</strong></span> <span class='ocrx_word' id='word_1_531' title='bbox 1537 3773 1696 3839; x_wconf 85' lang='lat' dir='ltr'><strong>paulo</strong></span> <span class='ocrx_word' id='word_1_532' title='bbox 1725 3784 1843 3844; x_wconf 78' lang='lat' dir='ltr'><strong>post</strong></span> <span class='ocrx_word' id='word_1_533' title='bbox 1875 3791 1892 3828; x_wconf 93' lang='lat'><em>:</em></span> <span class='ocrx_word' id='word_1_534' title='bbox 1923 3775 2192 3828; x_wconf 65' lang='lat' dir='ltr'><strong>Caaterum</strong></span> <span class='ocrx_word' id='word_1_535' title='bbox 2230 3773 2447 3828; x_wconf 86' lang='lat' dir='ltr'><strong>Eusebii</strong></span> <span class='ocrx_word' id='word_1_536' title='bbox 2479 3771 2746 3841; x_wconf 89' lang='lat' dir='ltr'><strong>Pamphili</strong></span> <span class='ocrx_word' id='word_1_537' title='bbox 2796 3767 3239 3828; x_wconf 88' lang='lat' dir='ltr'><strong>inconstantiam,</strong></span> <span class='ocrx_word' id='word_1_538' title='bbox 3267 3775 3319 3820; x_wconf 91' lang='lat' dir='ltr'><strong>et</strong></span> <span class='ocrx_word' id='word_1_539' title='bbox 3353 3771 3474 3835; x_wconf 83' lang='lat' dir='ltr'><strong>post</strong></span> <span class='ocrx_word' id='word_1_540' title='bbox 3500 3762 3780 3816; x_wconf 69' lang='lat' dir='ltr'><strong>Nicmnum</strong></span> 
     </span>
    </p>
   </div>
   <div class='ocr_carea' id='block_1_59' title="bbox 543 3855 3778 3936">
    <p class='ocr_par' dir='ltr' id='par_1_59' title="bbox 543 3855 3778 3936">
     <span class='ocr_line' id='line_1_59' title="bbox 543 3855 3778 3936; baseline -0.004 -17"><span class='ocrx_word' id='word_1_541' title='bbox 543 3855 856 3919; x_wconf 73' lang='grc' dir='ltr'><strong>οοηοὶίίιιῐη,</strong></span> <span class='ocrx_word' id='word_1_542' title='bbox 885 3857 1040 3924; x_wconf 79' lang='lat' dir='ltr'><strong>cujus</strong></span> <span class='ocrx_word' id='word_1_543' title='bbox 1073 3859 1194 3914; x_wconf 82' lang='lat' dir='ltr'><strong>fidei</strong></span> <span class='ocrx_word' id='word_1_544' title='bbox 1223 3861 1423 3930; x_wconf 77' lang='lat' dir='ltr'><strong>regulae</strong></span> <span class='ocrx_word' id='word_1_545' title='bbox 1481 3865 1905 3936; x_wconf 79' lang='lat' dir='ltr'><strong>Subscripserat,</strong></span> <span class='ocrx_word' id='word_1_546' title='bbox 1933 3866 2000 3919; x_wconf 89' lang='lat' dir='ltr'><strong>ad</strong></span> <span class='ocrx_word' id='word_1_547' title='bbox 2031 3882 2248 3921; x_wconf 89' lang='lat' dir='ltr'><strong>errores</strong></span> <span class='ocrx_word' id='word_1_548' title='bbox 2286 3867 2550 3936; x_wconf 86' lang='lat' dir='ltr'><strong>pristinos</strong></span> <span class='ocrx_word' id='word_1_549' title='bbox 2589 3863 2824 3918; x_wconf 84' lang='lat' dir='ltr'><strong>reditum</strong></span> <span class='ocrx_word' id='word_1_550' title='bbox 2870 3861 3124 3931; x_wconf 84' lang='lat' dir='ltr'><strong>suggillat</strong></span> <span class='ocrx_word' id='word_1_551' title='bbox 3181 3857 3378 3928; x_wconf 56' lang='lat' dir='ltr'><strong>sa‘pius</strong></span> <span class='ocrx_word' id='word_1_552' title='bbox 3409 3855 3778 3919; x_wconf 80' lang='lat' dir='ltr'><strong>Athanasius;</strong></span> 
     </span>
    </p>
   </div>
   <div class='ocr_carea' id='block_1_60' title="bbox 542 3944 3771 4028">
    <p class='ocr_par' dir='ltr' id='par_1_60' title="bbox 542 3944 3771 4028">
     <span class='ocr_line' id='line_1_60' title="bbox 542 3944 3771 4028; baseline -0.002 -25"><span class='ocrx_word' id='word_1_553' title='bbox 542 3964 777 4018; x_wconf 89' lang='lat' dir='ltr'><strong>eumque</strong></span> <span class='ocrx_word' id='word_1_554' title='bbox 810 3949 1150 4006; x_wconf 89' lang='lat' dir='ltr'><strong>demonstrat</strong></span> <span class='ocrx_word' id='word_1_555' title='bbox 1177 3954 1232 4007; x_wconf 92' lang='lat' dir='ltr'><strong>in</strong></span> <span class='ocrx_word' id='word_1_556' title='bbox 1261 3952 1478 4008; x_wconf 78' lang='lat' dir='ltr'><strong>Nicaeno</strong></span> <span class='ocrx_word' id='word_1_557' title='bbox 1525 3959 1758 4012; x_wconf 87' lang='lat' dir='ltr'><strong>concilio</strong></span> <span class='ocrx_word' id='word_1_558' title='bbox 1785 3967 2044 4028; x_wconf 88' lang='lat' dir='ltr'><strong>tanquam</strong></span> <span class='ocrx_word' id='word_1_559' title='bbox 2083 3959 2358 4013; x_wconf 84' lang='lat' dir='ltr'><strong>ludionem</strong></span> <span class='ocrx_word' id='word_1_560' title='bbox 2387 3960 2442 4013; x_wconf 88' lang='lat' dir='ltr'><strong>in</strong></span> <span class='ocrx_word' id='word_1_561' title='bbox 2484 3972 2648 4013; x_wconf 82' lang='lat' dir='ltr'><strong>scena</strong></span> <span class='ocrx_word' id='word_1_562' title='bbox 2676 3957 2905 4021; x_wconf 88' lang='lat' dir='ltr'><strong>lusisse,</strong></span> <span class='ocrx_word' id='word_1_563' title='bbox 2935 3954 3122 4007; x_wconf 88' lang='lat' dir='ltr'><strong>habitu</strong></span> <span class='ocrx_word' id='word_1_564' title='bbox 3150 3950 3424 4005; x_wconf 89' lang='lat' dir='ltr'><strong>catholico</strong></span> <span class='ocrx_word' id='word_1_565' title='bbox 3475 3944 3771 4016; x_wconf 66' lang='lat' dir='ltr'><strong>super‘in-</strong></span> 
     </span>
    </p>
   </div>
   <div class='ocr_carea' id='block_1_61' title="bbox 541 4041 3781 4123">
    <p class='ocr_par' dir='ltr' id='par_1_61' title="bbox 541 4041 3781 4123">
     <span class='ocr_line' id='line_1_61' title="bbox 541 4041 3781 4123; baseline 0 -29"><span class='ocrx_word' id='word_1_566' title='bbox 541 4041 707 4095; x_wconf 87' lang='lat' dir='ltr'><strong>ducto</strong></span> <span class='ocrx_word' id='word_1_567' title='bbox 732 4059 746 4108; x_wconf 93' lang='lat'><strong>;</strong></span> <span class='ocrx_word' id='word_1_568' title='bbox 776 4057 957 4111; x_wconf 90' lang='lat' dir='ltr'><strong>quem,</strong></span> <span class='ocrx_word' id='word_1_569' title='bbox 986 4059 1240 4113; x_wconf 88' lang='lat' dir='ltr'><strong>egressus</strong></span> <span class='ocrx_word' id='word_1_570' title='bbox 1269 4045 1416 4112; x_wconf 89' lang='lat' dir='ltr'><strong>inde,</strong></span> <span class='ocrx_word' id='word_1_571' title='bbox 1471 4063 1702 4112; x_wconf 78' lang='lat' dir='ltr'><strong>exuens,</strong></span> <span class='ocrx_word' id='word_1_572' title='bbox 1735 4067 2050 4122; x_wconf 86' lang='lat' dir='ltr'><strong>personam,</strong></span> <span class='ocrx_word' id='word_1_573' title='bbox 2081 4068 2332 4123; x_wconf 71' lang='lat' dir='ltr'><strong>quaenam</strong></span> <span class='ocrx_word' id='word_1_574' title='bbox 2375 4059 2539 4115; x_wconf 83' lang='lat' dir='ltr'><strong>esset,</strong></span> <span class='ocrx_word' id='word_1_575' title='bbox 2575 4052 2629 4105; x_wconf 92' lang='lat' dir='ltr'><strong>in</strong></span> <span class='ocrx_word' id='word_1_576' title='bbox 2659 4050 2934 4109; x_wconf 87' lang='lat' dir='ltr'><strong>omnibus,</strong></span> <span class='ocrx_word' id='word_1_577' title='bbox 2969 4055 3029 4100; x_wconf 89' lang='lat' dir='ltr'><strong>ut</strong></span> <span class='ocrx_word' id='word_1_578' title='bbox 3058 4046 3133 4098; x_wconf 92' lang='lat' dir='ltr'><strong>ait</strong></span> <span class='ocrx_word' id='word_1_579' title='bbox 3177 4042 3541 4113; x_wconf 89' lang='lat' dir='ltr'><strong>Epiphanius,</strong></span> <span class='ocrx_word' id='word_1_580' title='bbox 3577 4055 3692 4109; x_wconf 55' lang='lat' dir='ltr'><strong>pra}</strong></span> <span class='ocrx_word' id='word_1_581' title='bbox 3719 4054 3781 4094; x_wconf 85' lang='lat' dir='ltr'><strong>se</strong></span> 
     </span>
    </p>
   </div>
   <div class='ocr_carea' id='block_1_62' title="bbox 539 4133 3776 4213">
    <p class='ocr_par' dir='ltr' id='par_1_62' title="bbox 539 4133 3776 4213">
     <span class='ocr_line' id='line_1_62' title="bbox 539 4133 3776 4213; baseline 0 -28"><span class='ocrx_word' id='word_1_582' title='bbox 539 4133 686 4188; x_wconf 89' lang='lat' dir='ltr'><strong>tulit.</strong></span> <span class='ocrx_word' id='word_1_583' title='bbox 715 4133 864 4189; x_wconf 85' lang='lat' dir='ltr'><strong>Adeo</strong></span> <span class='ocrx_word' id='word_1_584' title='bbox 882 4145 938 4190; x_wconf 89' lang='lat' dir='ltr'><strong>ut</strong></span> <span class='ocrx_word' id='word_1_585' title='bbox 969 4137 1108 4191; x_wconf 90' lang='lat' dir='ltr'><strong>idem</strong></span> <span class='ocrx_word' id='word_1_586' title='bbox 1141 4137 1409 4194; x_wconf 86' lang='lat' dir='ltr'><strong>Eusebius</strong></span> <span class='ocrx_word' id='word_1_587' title='bbox 1437 4139 1672 4195; x_wconf 89' lang='lat' dir='ltr'><strong>Eusebio</strong></span> <span class='ocrx_word' id='word_1_588' title='bbox 1703 4141 2109 4198; x_wconf 85' lang='lat' dir='ltr'><strong>Nicomediensi</strong></span> <span class='ocrx_word' id='word_1_589' title='bbox 2144 4145 2497 4213; x_wconf 81' lang='lat' dir='ltr'><strong>conjunctus,</strong></span> <span class='ocrx_word' id='word_1_590' title='bbox 2553 4144 2676 4213; x_wconf 85' lang='lat' dir='ltr'><strong>biga</strong></span> <span class='ocrx_word' id='word_1_591' title='bbox 2707 4139 2997 4210; x_wconf 90' lang='lat' dir='ltr'><strong>impietatis</strong></span> <span class='ocrx_word' id='word_1_592' title='bbox 3027 4137 3202 4192; x_wconf 76' lang='lat' dir='ltr'><strong>effecti</strong></span> <span class='ocrx_word' id='word_1_593' title='bbox 3242 4135 3425 4196; x_wconf 88' lang='lat' dir='ltr'><strong>ambo,</strong></span> <span class='ocrx_word' id='word_1_594' title='bbox 3463 4134 3580 4203; x_wconf 90' lang='lat' dir='ltr'><strong>pari</strong></span> <span class='ocrx_word' id='word_1_595' title='bbox 3611 4148 3776 4187; x_wconf 75' lang='lat' dir='ltr'><strong>cursu</strong></span> 
     </span>
    </p>
   </div>
   <div class='ocr_carea' id='block_1_63' title="bbox 535 4225 3766 4306">
    <p class='ocr_par' dir='ltr' id='par_1_63' title="bbox 535 4225 3766 4306">
     <span class='ocr_line' id='line_1_63' title="bbox 535 4225 3766 4306; baseline 0.001 -30"><span class='ocrx_word' id='word_1_596' title='bbox 535 4229 591 4276; x_wconf 88' lang='lat' dir='ltr'><strong>et</strong></span> <span class='ocrx_word' id='word_1_597' title='bbox 629 4225 852 4294; x_wconf 90' lang='lat' dir='ltr'><strong>impetu,</strong></span> <span class='ocrx_word' id='word_1_598' title='bbox 888 4227 1184 4297; x_wconf 88' lang='lat' dir='ltr'><strong>impulsore</strong></span> <span class='ocrx_word' id='word_1_599' title='bbox 1216 4246 1448 4299; x_wconf 85' lang='lat' dir='ltr'><strong>nequam</strong></span> <span class='ocrx_word' id='word_1_600' title='bbox 1497 4232 1693 4301; x_wconf 86' lang='lat' dir='ltr'><strong>spiritu</strong></span> <span class='ocrx_word' id='word_1_601' title='bbox 1721 4235 1934 4303; x_wconf 83' lang='lat' dir='ltr'><strong>agitati,</strong></span> <span class='ocrx_word' id='word_1_602' title='bbox 1973 4236 2030 4289; x_wconf 91' lang='lat' dir='ltr'><strong>in</strong></span> <span class='ocrx_word' id='word_1_603' title='bbox 2062 4252 2220 4290; x_wconf 92' lang='lat' dir='ltr'><strong>suum</strong></span> <span class='ocrx_word' id='word_1_604' title='bbox 2247 4237 2492 4306; x_wconf 89' lang='lat' dir='ltr'><strong>ipsorum</strong></span> <span class='ocrx_word' id='word_1_605' title='bbox 2515 4235 2820 4290; x_wconf 89' lang='lat' dir='ltr'><strong>etaliorum</strong></span> <span class='ocrx_word' id='word_1_606' title='bbox 2847 4231 3145 4287; x_wconf 77' lang='lat' dir='ltr'><strong>exitiumin</strong></span> <span class='ocrx_word' id='word_1_607' title='bbox 3174 4245 3415 4300; x_wconf 58' lang='lat' dir='ltr'><strong>praeceps</strong></span> <span class='ocrx_word' id='word_1_608' title='bbox 3443 4227 3606 4282; x_wconf 88' lang='lat' dir='ltr'><strong>delati</strong></span> <span class='ocrx_word' id='word_1_609' title='bbox 3631 4227 3766 4280; x_wconf 90' lang='lat' dir='ltr'><strong>sint.</strong></span> 
     </span>
    </p>
   </div>
   <div class='ocr_carea' id='block_1_64' title="bbox 541 4315 3764 4397">
    <p class='ocr_par' dir='ltr' id='par_1_64' title="bbox 541 4315 3764 4397">
     <span class='ocr_line' id='line_1_64' title="bbox 541 4315 3764 4397; baseline 0 -26"><span class='ocrx_word' id='word_1_610' title='bbox 541 4315 610 4371; x_wconf 84' lang='lat' dir='ltr'><strong>Ut</strong></span> <span class='ocrx_word' id='word_1_611' title='bbox 643 4335 750 4374; x_wconf 91' lang='lat' dir='ltr'><strong>non</strong></span> <span class='ocrx_word' id='word_1_612' title='bbox 784 4322 1056 4378; x_wconf 88' lang='lat' dir='ltr'><strong>immerito</strong></span> <span class='ocrx_word' id='word_1_613' title='bbox 1089 4326 1351 4395; x_wconf 89' lang='lat' dir='ltr'><strong>appellari</strong></span> <span class='ocrx_word' id='word_1_614' title='bbox 1380 4328 1494 4397; x_wconf 90' lang='lat' dir='ltr'><strong>ipse</strong></span> <span class='ocrx_word' id='word_1_615' title='bbox 1529 4328 1798 4385; x_wconf 86' lang='lat' dir='ltr'><strong>Eusebius</strong></span> <span class='ocrx_word' id='word_1_616' title='bbox 1841 4330 2197 4385; x_wconf 73' lang='lat' dir='ltr'><strong>Cmsariensis</strong></span> <span class='ocrx_word' id='word_1_617' title='bbox 2225 4330 2483 4384; x_wconf 84' lang='lat' dir='ltr'><strong>meruerit</strong></span> <span class='ocrx_word' id='word_1_618' title='bbox 2522 4344 2551 4382; x_wconf 91' lang='lat' dir='ltr'><strong>a</strong></span> <span class='ocrx_word' id='word_1_619' title='bbox 2583 4338 2774 4383; x_wconf 83' lang='lat' dir='ltr'><strong>sancto</strong></span> <span class='ocrx_word' id='word_1_620' title='bbox 2806 4326 3135 4396; x_wconf 82' lang='lat' dir='ltr'><strong>Hieronymo</strong></span> <span class='ocrx_word' id='word_1_621' title='bbox 3159 4330 3214 4377; x_wconf 89' lang='lat' dir='ltr'><strong>et</strong></span> <span class='ocrx_word' id='word_1_622' title='bbox 3243 4323 3386 4384; x_wconf 90' lang='lat' dir='ltr'><strong>aliis,</strong></span> <span class='ocrx_word' id='word_1_623' title='bbox 3414 4320 3629 4374; x_wconf 63' lang='lat' dir='ltr'><strong>Arianae</strong></span> <span class='ocrx_word' id='word_1_624' title='bbox 3681 4315 3764 4370; x_wconf 85' lang='lat' dir='ltr'><strong>fa—</strong></span> 
     </span>
    </p>
   </div>
   <div class='ocr_carea' id='block_1_65' title="bbox 537 4411 3779 4492">
    <p class='ocr_par' dir='ltr' id='par_1_65' title="bbox 537 4411 3779 4492">
     <span class='ocr_line' id='line_1_65' title="bbox 537 4411 3779 4492; baseline -0.002 -26"><span class='ocrx_word' id='word_1_625' title='bbox 537 4411 737 4468; x_wconf 92' lang='lat' dir='ltr'><strong>ctionis</strong></span> <span class='ocrx_word' id='word_1_626' title='bbox 763 4415 1012 4486; x_wconf 80' lang='lat' dir='ltr'><strong>signifer,</strong></span> <span class='ocrx_word' id='word_1_627' title='bbox 1041 4429 1412 4491; x_wconf 82' lang='lat' dir='ltr'><strong>propugnator</strong></span> <span class='ocrx_word' id='word_1_628' title='bbox 1438 4424 1836 4492; x_wconf 88' lang='lat' dir='ltr'><strong>apertissimus,</strong></span> <span class='ocrx_word' id='word_1_629' title='bbox 1866 4432 1920 4478; x_wconf 91' lang='lat' dir='ltr'><strong>et</strong></span> <span class='ocrx_word' id='word_1_630' title='bbox 1945 4425 2085 4477; x_wconf 89' lang='lat' dir='ltr'><strong>inter</strong></span> <span class='ocrx_word' id='word_1_631' title='bbox 2129 4424 2362 4478; x_wconf 84' lang='lat' dir='ltr'><strong>Arianos</strong></span> <span class='ocrx_word' id='word_1_632' title='bbox 2403 4423 2560 4477; x_wconf 79' lang='lat' dir='ltr'><strong>facile</strong></span> <span class='ocrx_word' id='word_1_633' title='bbox 2593 4423 2865 4492; x_wconf 89' lang='lat' dir='ltr'><strong>princeps.</strong></span> <span class='ocrx_word' id='word_1_634' title='bbox 2902 4419 3076 4490; x_wconf 89' lang='lat' dir='ltr'><strong>Cujus</strong></span> <span class='ocrx_word' id='word_1_635' title='bbox 3103 4425 3158 4474; x_wconf 89' lang='lat' dir='ltr'><strong>et</strong></span> <span class='ocrx_word' id='word_1_636' title='bbox 3177 4414 3492 4472; x_wconf 87' lang='lat' dir='ltr'><strong>memoriam</strong></span> <span class='ocrx_word' id='word_1_637' title='bbox 3520 4412 3655 4464; x_wconf 86' lang='lat' dir='ltr'><strong>adeo</strong></span> <span class='ocrx_word' id='word_1_638' title='bbox 3683 4422 3779 4462; x_wconf 81' lang='lat' dir='ltr'><strong>ex-</strong></span> 
     </span>
    </p>
   </div>
   <div class='ocr_carea' id='block_1_66' title="bbox 538 4501 3774 4583">
    <p class='ocr_par' dir='ltr' id='par_1_66' title="bbox 538 4501 3774 4583">
     <span class='ocr_line' id='line_1_66' title="bbox 538 4501 3774 4583; baseline 0 -28"><span class='ocrx_word' id='word_1_639' title='bbox 538 4511 749 4556; x_wconf 86' lang='lat' dir='ltr'><strong>secrata</strong></span> <span class='ocrx_word' id='word_1_640' title='bbox 780 4511 864 4558; x_wconf 90' lang='lat' dir='ltr'><strong>est</strong></span> <span class='ocrx_word' id='word_1_641' title='bbox 891 4505 1108 4562; x_wconf 69' lang='lat' dir='ltr'><strong>Nicmna</strong></span> <span class='ocrx_word' id='word_1_642' title='bbox 1155 4509 1401 4579; x_wconf 83' lang='lat' dir='ltr'><strong>synodus</strong></span> <span class='ocrx_word' id='word_1_643' title='bbox 1437 4511 1699 4578; x_wconf 90' lang='lat' dir='ltr'><strong>secunda,</strong></span> <span class='ocrx_word' id='word_1_644' title='bbox 1755 4519 1814 4565; x_wconf 90' lang='lat' dir='ltr'><strong>ut</strong></span> <span class='ocrx_word' id='word_1_645' title='bbox 1843 4513 2002 4582; x_wconf 89' lang='lat' dir='ltr'><strong>plane</strong></span> <span class='ocrx_word' id='word_1_646' title='bbox 2031 4528 2154 4566; x_wconf 90' lang='lat' dir='ltr'><strong>eum</strong></span> <span class='ocrx_word' id='word_1_647' title='bbox 2201 4511 2314 4583; x_wconf 91' lang='lat' dir='ltr'><strong>jam</strong></span> <span class='ocrx_word' id='word_1_648' title='bbox 2370 4513 2662 4568; x_wconf 88' lang='lat' dir='ltr'><strong>defendere</strong></span> <span class='ocrx_word' id='word_1_649' title='bbox 2690 4513 2848 4575; x_wconf 85' lang='lat' dir='ltr'><strong>velle,</strong></span> <span class='ocrx_word' id='word_1_650' title='bbox 2878 4511 3014 4566; x_wconf 90' lang='lat' dir='ltr'><strong>nihil</strong></span> <span class='ocrx_word' id='word_1_651' title='bbox 3050 4507 3198 4562; x_wconf 89' lang='lat' dir='ltr'><strong>aliud</strong></span> <span class='ocrx_word' id='word_1_652' title='bbox 3229 4504 3650 4561; x_wconf 79' lang='lat' dir='ltr'><strong>existimandum</strong></span> <span class='ocrx_word' id='word_1_653' title='bbox 3679 4501 3774 4564; x_wconf 84' lang='lat' dir='ltr'><strong>sit,</strong></span> 
     </span>
    </p>
   </div>
   <div class='ocr_carea' id='block_1_67' title="bbox 536 4596 3775 4676">
    <p class='ocr_par' dir='ltr' id='par_1_67' title="bbox 536 4596 3775 4676">
     <span class='ocr_line' id='line_1_67' title="bbox 536 4596 3775 4676; baseline 0 -28"><span class='ocrx_word' id='word_1_654' title='bbox 536 4610 699 4664; x_wconf 87' lang='lat' dir='ltr'><strong>quam</strong></span> <span class='ocrx_word' id='word_1_655' title='bbox 730 4596 1028 4654; x_wconf 77' lang='lat' dir='ltr'><strong>Ecclesiam</strong></span> <span class='ocrx_word' id='word_1_656' title='bbox 1075 4603 1400 4658; x_wconf 87' lang='lat' dir='ltr'><strong>catholicam</strong></span> <span class='ocrx_word' id='word_1_657' title='bbox 1435 4605 1774 4675; x_wconf 85' lang='lat' dir='ltr'><strong>impugnare.</strong></span> <span class='ocrx_word' id='word_1_658' title='bbox 1810 4604 1966 4661; x_wconf 89' lang='lat' dir='ltr'><strong>Unde</strong></span> <span class='ocrx_word' id='word_1_659' title='bbox 1995 4613 2048 4660; x_wconf 90' lang='lat' dir='ltr'><strong>et</strong></span> <span class='ocrx_word' id='word_1_660' title='bbox 2071 4606 2277 4676; x_wconf 86' lang='lat' dir='ltr'><strong>pudere</strong></span> <span class='ocrx_word' id='word_1_661' title='bbox 2310 4605 2522 4660; x_wconf 78' lang='lat' dir='ltr'><strong>Sixtum</strong></span> <span class='ocrx_word' id='word_1_662' title='bbox 2573 4613 2843 4676; x_wconf 84' lang='lat' dir='ltr'><strong>oporteat,</strong></span> <span class='ocrx_word' id='word_1_663' title='bbox 2877 4605 3009 4658; x_wconf 91' lang='lat' dir='ltr'><strong>dum</strong></span> <span class='ocrx_word' id='word_1_664' title='bbox 3042 4603 3305 4657; x_wconf 90' lang='lat' dir='ltr'><strong>adversus</strong></span> <span class='ocrx_word' id='word_1_665' title='bbox 3338 4599 3582 4654; x_wconf 90' lang='lat' dir='ltr'><strong>omnium</strong></span> <span class='ocrx_word' id='word_1_666' title='bbox 3633 4598 3775 4650; x_wconf 89' lang='lat' dir='ltr'><strong>anti-</strong></span> 
     </span>
    </p>
   </div>
   <div class='ocr_carea' id='block_1_68' title="bbox 533 4686 3772 4764">
    <p class='ocr_par' dir='ltr' id='par_1_68' title="bbox 533 4686 3772 4764">
     <span class='ocr_line' id='line_1_68' title="bbox 533 4686 3772 4764; baseline 0.001 -26"><span class='ocrx_word' id='word_1_667' title='bbox 533 4700 766 4754; x_wconf 91' lang='lat' dir='ltr'><strong>quorum</strong></span> <span class='ocrx_word' id='word_1_668' title='bbox 798 4686 1020 4744; x_wconf 88' lang='lat' dir='ltr'><strong>Patrum</strong></span> <span class='ocrx_word' id='word_1_669' title='bbox 1048 4695 1367 4758; x_wconf 85' lang='lat' dir='ltr'><strong>sententias,</strong></span> <span class='ocrx_word' id='word_1_670' title='bbox 1398 4697 1575 4764; x_wconf 90' lang='lat' dir='ltr'><strong>ipsum</strong></span> <span class='ocrx_word' id='word_1_671' title='bbox 1619 4695 1912 4751; x_wconf 88' lang='lat' dir='ltr'><strong>Eusebium</strong></span> <span class='ocrx_word' id='word_1_672' title='bbox 1942 4699 2274 4754; x_wconf 88' lang='lat' dir='ltr'><strong>catholicum</strong></span> <span class='ocrx_word' id='word_1_673' title='bbox 2306 4712 2625 4753; x_wconf 79' lang='lat' dir='ltr'><strong>asseverare</strong></span> <span class='ocrx_word' id='word_1_674' title='bbox 2649 4713 2757 4751; x_wconf 91' lang='lat' dir='ltr'><strong>non</strong></span> <span class='ocrx_word' id='word_1_675' title='bbox 2787 4695 3002 4750; x_wconf 91' lang='lat' dir='ltr'><strong>dubitat</strong></span> <span class='ocrx_word' id='word_1_676' title='bbox 3028 4711 3042 4760; x_wconf 89' lang='lat'>;</span> <span class='ocrx_word' id='word_1_677' title='bbox 3075 4709 3196 4746; x_wconf 87' lang='lat' dir='ltr'><strong>cum</strong></span> <span class='ocrx_word' id='word_1_678' title='bbox 3241 4691 3432 4761; x_wconf 84' lang='lat' dir='ltr'><strong>frigide</strong></span> <span class='ocrx_word' id='word_1_679' title='bbox 3458 4705 3583 4744; x_wconf 91' lang='lat' dir='ltr'><strong>eum</strong></span> <span class='ocrx_word' id='word_1_680' title='bbox 3603 4703 3772 4743; x_wconf 78' lang='lat' dir='ltr'><strong>excu-</strong></span> 
     </span>
    </p>
   </div>
   <div class='ocr_carea' id='block_1_69' title="bbox 534 4780 3770 4861">
    <p class='ocr_par' dir='ltr' id='par_1_69' title="bbox 534 4780 3770 4861">
     <span class='ocr_line' id='line_1_69' title="bbox 534 4780 3770 4861; baseline 0.002 -28"><span class='ocrx_word' id='word_1_681' title='bbox 534 4795 683 4842; x_wconf 88' lang='lat' dir='ltr'><strong>sans,</strong></span> <span class='ocrx_word' id='word_1_682' title='bbox 715 4780 938 4837; x_wconf 87' lang='lat' dir='ltr'><strong>Eusebii</strong></span> <span class='ocrx_word' id='word_1_683' title='bbox 970 4783 1404 4843; x_wconf 82' lang='lat' dir='ltr'><strong>Nicomediensis</strong></span> <span class='ocrx_word' id='word_1_684' title='bbox 1427 4807 1548 4844; x_wconf 89' lang='lat' dir='ltr'><strong>esse</strong></span> <span class='ocrx_word' id='word_1_685' title='bbox 1580 4791 1769 4854; x_wconf 83' lang='lat' dir='ltr'><strong>tradit,</strong></span> <span class='ocrx_word' id='word_1_686' title='bbox 1801 4790 1949 4861; x_wconf 91' lang='lat' dir='ltr'><strong>quod</strong></span> <span class='ocrx_word' id='word_1_687' title='bbox 1998 4793 2205 4849; x_wconf 87' lang='lat' dir='ltr'><strong>erroris</strong></span> <span class='ocrx_word' id='word_1_688' title='bbox 2257 4792 2556 4848; x_wconf 81' lang='lat' dir='ltr'><strong>ascribitur</strong></span> <span class='ocrx_word' id='word_1_689' title='bbox 2605 4790 2844 4846; x_wconf 86' lang='lat' dir='ltr'><strong>Eusebio</strong></span> <span class='ocrx_word' id='word_1_690' title='bbox 2897 4787 3164 4859; x_wconf 86' lang='lat' dir='ltr'><strong>Pamphili</strong></span> <span class='ocrx_word' id='word_1_691' title='bbox 3191 4805 3204 4841; x_wconf 93' lang='lat'>:</span> <span class='ocrx_word' id='word_1_692' title='bbox 3262 4785 3485 4856; x_wconf 90' lang='lat' dir='ltr'><strong>perinde</strong></span> <span class='ocrx_word' id='word_1_693' title='bbox 3509 4799 3572 4839; x_wconf 91' lang='lat' dir='ltr'><strong>ac</strong></span> <span class='ocrx_word' id='word_1_694' title='bbox 3603 4784 3647 4838; x_wconf 90' lang='lat' dir='ltr'><strong>si</strong></span> <span class='ocrx_word' id='word_1_695' title='bbox 3674 4798 3770 4838; x_wconf 86' lang='lat' dir='ltr'><strong>eo-</strong></span> 
     </span>
    </p>
   </div>
   <div class='ocr_carea' id='block_1_70' title="bbox 534 4873 3772 4954">
    <p class='ocr_par' dir='ltr' id='par_1_70' title="bbox 534 4873 3772 4954">
     <span class='ocr_line' id='line_1_70' title="bbox 534 4873 3772 4954; baseline 0.001 -26"><span class='ocrx_word' id='word_1_696' title='bbox 534 4873 780 4929; x_wconf 87' lang='lat' dir='ltr'><strong>rumdem</strong></span> <span class='ocrx_word' id='word_1_697' title='bbox 805 4874 1030 4931; x_wconf 88' lang='lat' dir='ltr'><strong>Patrum</strong></span> <span class='ocrx_word' id='word_1_698' title='bbox 1052 4881 1333 4935; x_wconf 72' lang='lat' dir='ltr'><strong>sententia:</strong></span> <span class='ocrx_word' id='word_1_699' title='bbox 1365 4881 1432 4936; x_wconf 92' lang='lat' dir='ltr'><strong>dc</strong></span> <span class='ocrx_word' id='word_1_700' title='bbox 1463 4883 1650 4938; x_wconf 89' lang='lat' dir='ltr'><strong>eodem</strong></span> <span class='ocrx_word' id='word_1_701' title='bbox 1673 4883 1940 4954; x_wconf 74' lang='lat' dir='ltr'><strong>ambigum</strong></span> <span class='ocrx_word' id='word_1_702' title='bbox 1968 4885 2100 4947; x_wconf 83' lang='lat' dir='ltr'><strong>sint,</strong></span> <span class='ocrx_word' id='word_1_703' title='bbox 2135 4899 2198 4940; x_wconf 92' lang='lat' dir='ltr'><strong>ac</strong></span> <span class='ocrx_word' id='word_1_704' title='bbox 2230 4884 2297 4939; x_wconf 89' lang='lat' dir='ltr'><strong>de</strong></span> <span class='ocrx_word' id='word_1_705' title='bbox 2331 4883 2568 4939; x_wconf 88' lang='lat' dir='ltr'><strong>Eusebio</strong></span> <span class='ocrx_word' id='word_1_706' title='bbox 2600 4881 3002 4937; x_wconf 74' lang='lat' dir='ltr'><strong>Nicomediensi</strong></span> <span class='ocrx_word' id='word_1_707' title='bbox 3029 4880 3236 4949; x_wconf 86' lang='lat' dir='ltr'><strong>possint</strong></span> <span class='ocrx_word' id='word_1_708' title='bbox 3265 4877 3630 4948; x_wconf 89' lang='lat' dir='ltr'><strong>interpretari.</strong></span> <span class='ocrx_word' id='word_1_709' title='bbox 3652 4876 3772 4932; x_wconf 82' lang='lat' dir='ltr'><strong>Uti-</strong></span> 
     </span>
    </p>
   </div>
   <div class='ocr_carea' id='block_1_71' title="bbox 533 4969 3774 5046">
    <p class='ocr_par' dir='ltr' id='par_1_71' title="bbox 533 4969 3774 5046">
     <span class='ocr_line' id='line_1_71' title="bbox 533 4969 3774 5046; baseline 0.002 -27"><span class='ocrx_word' id='word_1_710' title='bbox 533 4982 656 5021; x_wconf 85' lang='lat' dir='ltr'><strong>nam</strong></span> <span class='ocrx_word' id='word_1_711' title='bbox 685 4969 765 5023; x_wconf 86' lang='lat' dir='ltr'><strong>vel</strong></span> <span class='ocrx_word' id='word_1_712' title='bbox 795 4970 1026 5040; x_wconf 70' lang='lat' dir='ltr'><strong>exiguus</strong></span> <span class='ocrx_word' id='word_1_713' title='bbox 1053 4973 1246 5027; x_wconf 91' lang='lat' dir='ltr'><strong>saltem</strong></span> <span class='ocrx_word' id='word_1_714' title='bbox 1275 4973 1398 5043; x_wconf 83' lang='lat' dir='ltr'><strong>ejus</strong></span> <span class='ocrx_word' id='word_1_715' title='bbox 1431 4976 1733 5031; x_wconf 83' lang='lat' dir='ltr'><strong>excusandi</strong></span> <span class='ocrx_word' id='word_1_716' title='bbox 1769 4977 2172 5046; x_wconf 89' lang='lat' dir='ltr'><strong>relinqueretur</strong></span> <span class='ocrx_word' id='word_1_717' title='bbox 2192 4979 2370 5032; x_wconf 89' lang='lat' dir='ltr'><strong>locus.</strong></span> <span class='ocrx_word' id='word_1_718' title='bbox 2403 4976 2576 5042; x_wconf 86' lang='lat' dir='ltr'><strong>Quam</strong></span> <span class='ocrx_word' id='word_1_719' title='bbox 2613 4976 2977 5030; x_wconf 89' lang='lat' dir='ltr'><strong>libentissime</strong></span> <span class='ocrx_word' id='word_1_720' title='bbox 3011 4974 3126 5043; x_wconf 91' lang='lat' dir='ltr'><strong>ipse</strong></span> <span class='ocrx_word' id='word_1_721' title='bbox 3156 4973 3450 5026; x_wconf 89' lang='lat' dir='ltr'><strong>historicus</strong></span> <span class='ocrx_word' id='word_1_722' title='bbox 3479 4985 3578 5041; x_wconf 91' lang='lat' dir='ltr'><strong>pro</strong></span> <span class='ocrx_word' id='word_1_723' title='bbox 3601 4971 3774 5026; x_wconf 85' lang='lat' dir='ltr'><strong>histo-</strong></span> 
     </span>
    </p>
   </div>
   <div class='ocr_carea' id='block_1_72' title="bbox 534 5058 3774 5139">
    <p class='ocr_par' dir='ltr' id='par_1_72' title="bbox 534 5058 3774 5139">
     <span class='ocr_line' id='line_1_72' title="bbox 534 5058 3774 5139; baseline -0.001 -24"><span class='ocrx_word' id='word_1_724' title='bbox 534 5064 647 5116; x_wconf 89' lang='lat' dir='ltr'><strong>rico</strong></span> <span class='ocrx_word' id='word_1_725' title='bbox 673 5063 1001 5132; x_wconf 84' lang='lat' dir='ltr'><strong>laborarem,</strong></span> <span class='ocrx_word' id='word_1_726' title='bbox 1055 5065 1143 5120; x_wconf 89' lang='lat' dir='ltr'><strong>cui</strong></span> <span class='ocrx_word' id='word_1_727' title='bbox 1177 5067 1342 5136; x_wconf 89' lang='lat' dir='ltr'><strong>(quod</strong></span> <span class='ocrx_word' id='word_1_728' title='bbox 1374 5083 1567 5138; x_wconf 87' lang='lat' dir='ltr'><strong>magna</strong></span> <span class='ocrx_word' id='word_1_729' title='bbox 1601 5067 1800 5123; x_wconf 84' lang='lat' dir='ltr'><strong>llducia</strong></span> <span class='ocrx_word' id='word_1_730' title='bbox 1846 5069 2079 5139; x_wconf 87' lang='lat' dir='ltr'><strong>ingenue</strong></span> <span class='ocrx_word' id='word_1_731' title='bbox 2113 5068 2455 5138; x_wconf 80' lang='lat' dir='ltr'><strong>profitemur)</strong></span> <span class='ocrx_word' id='word_1_732' title='bbox 2482 5067 2566 5121; x_wconf 86' lang='lat' dir='ltr'><strong>vel</strong></span> <span class='ocrx_word' id='word_1_733' title='bbox 2593 5081 2658 5122; x_wconf 74' lang='lat' dir='ltr'><strong>ex</strong></span> <span class='ocrx_word' id='word_1_734' title='bbox 2691 5082 2754 5121; x_wconf 90' lang='lat' dir='ltr'><strong>ea</strong></span> <span class='ocrx_word' id='word_1_735' title='bbox 2778 5071 2934 5136; x_wconf 88' lang='lat' dir='ltr'><strong>parte</strong></span> <span class='ocrx_word' id='word_1_736' title='bbox 2972 5063 3262 5132; x_wconf 88' lang='lat' dir='ltr'><strong>plurimum</strong></span> <span class='ocrx_word' id='word_1_737' title='bbox 3303 5061 3548 5116; x_wconf 81' lang='lat' dir='ltr'><strong>Ecclesia</strong></span> <span class='ocrx_word' id='word_1_738' title='bbox 3589 5058 3774 5112; x_wconf 85' lang='lat' dir='ltr'><strong>catho-</strong></span> 
     </span>
    </p>
   </div>
   <div class='ocr_carea' id='block_1_73' title="bbox 533 5154 3773 5236">
    <p class='ocr_par' dir='ltr' id='par_1_73' title="bbox 533 5154 3773 5236">
     <span class='ocr_line' id='line_1_73' title="bbox 533 5154 3773 5236; baseline -0.001 -27"><span class='ocrx_word' id='word_1_739' title='bbox 533 5157 635 5210; x_wconf 91' lang='lat' dir='ltr'><strong>lica</strong></span> <span class='ocrx_word' id='word_1_740' title='bbox 651 5158 830 5223; x_wconf 87' lang='lat' dir='ltr'><strong>debet,</strong></span> <span class='ocrx_word' id='word_1_741' title='bbox 848 5159 994 5230; x_wconf 91' lang='lat' dir='ltr'><strong>quod</strong></span> <span class='ocrx_word' id='word_1_742' title='bbox 1022 5176 1203 5214; x_wconf 90' lang='lat' dir='ltr'><strong>rerum</strong></span> <span class='ocrx_word' id='word_1_743' title='bbox 1232 5163 1727 5218; x_wconf 78' lang='lat' dir='ltr'><strong>ecciesiasticarum</strong></span> <span class='ocrx_word' id='word_1_744' title='bbox 1773 5165 2174 5236; x_wconf 88' lang='lat' dir='ltr'><strong>quamplurima</strong></span> <span class='ocrx_word' id='word_1_745' title='bbox 2205 5162 2430 5232; x_wconf 90' lang='lat' dir='ltr'><strong>antiqua</strong></span> <span class='ocrx_word' id='word_1_746' title='bbox 2459 5170 2807 5218; x_wconf 88' lang='lat' dir='ltr'><strong>monumenta</strong></span> <span class='ocrx_word' id='word_1_747' title='bbox 2833 5174 3030 5230; x_wconf 83' lang='lat' dir='ltr'><strong>magno</strong></span> <span class='ocrx_word' id='word_1_748' title='bbox 3057 5159 3239 5212; x_wconf 87' lang='lat' dir='ltr'><strong>labore</strong></span> <span class='ocrx_word' id='word_1_749' title='bbox 3265 5158 3520 5219; x_wconf 81' lang='lat' dir='ltr'><strong>collecta,</strong></span> <span class='ocrx_word' id='word_1_750' title='bbox 3541 5154 3773 5209; x_wconf 79' lang='lat' dir='ltr'><strong>ﬁdeliter</strong></span> 
     </span>
    </p>
   </div>
   <div class='ocr_carea' id='block_1_74' title="bbox 531 5247 3774 5330">
    <p class='ocr_par' dir='ltr' id='par_1_74' title="bbox 531 5247 3774 5330">
     <span class='ocr_line' id='line_1_74' title="bbox 531 5247 3774 5330; baseline -0.002 -24"><span class='ocrx_word' id='word_1_751' title='bbox 531 5254 770 5322; x_wconf 88' lang='lat' dir='ltr'><strong>posteris</strong></span> <span class='ocrx_word' id='word_1_752' title='bbox 821 5255 1140 5310; x_wconf 79' lang='lat' dir='ltr'><strong>tradiderit!</strong></span> <span class='ocrx_word' id='word_1_753' title='bbox 1183 5255 1290 5312; x_wconf 87' lang='lat' dir='ltr'><strong>Ter</strong></span> <span class='ocrx_word' id='word_1_754' title='bbox 1317 5265 1618 5329; x_wconf 90' lang='lat' dir='ltr'><strong>quaterque</strong></span> <span class='ocrx_word' id='word_1_755' title='bbox 1653 5259 1778 5313; x_wconf 80' lang='lat' dir='ltr'><strong>felix</strong></span> <span class='ocrx_word' id='word_1_756' title='bbox 1815 5267 1894 5313; x_wconf 89' lang='lat' dir='ltr'><strong>tot</strong></span> <span class='ocrx_word' id='word_1_757' title='bbox 1917 5256 2251 5330; x_wconf 83' lang='lat' dir='ltr'><strong>peregregiis</strong></span> <span class='ocrx_word' id='word_1_758' title='bbox 2285 5255 2756 5310; x_wconf 86' lang='lat' dir='ltr'><strong>lucubrationibus</strong></span> <span class='ocrx_word' id='word_1_759' title='bbox 2788 5254 2969 5316; x_wconf 87' lang='lat' dir='ltr'><strong>editis,</strong></span> <span class='ocrx_word' id='word_1_760' title='bbox 2993 5253 3100 5308; x_wconf 92' lang='lat' dir='ltr'><strong>nisi</strong></span> <span class='ocrx_word' id='word_1_761' title='bbox 3132 5268 3256 5307; x_wconf 89' lang='lat' dir='ltr'><strong>cum</strong></span> <span class='ocrx_word' id='word_1_762' title='bbox 3281 5251 3533 5320; x_wconf 85' lang='lat' dir='ltr'><strong>impietas</strong></span> <span class='ocrx_word' id='word_1_763' title='bbox 3565 5247 3774 5302; x_wconf 74' lang='lat' dir='ltr'><strong>Ariana</strong></span> 
     </span>
    </p>
   </div>
   <div class='ocr_carea' id='block_1_75' title="bbox 527 5343 3772 5422">
    <p class='ocr_par' dir='ltr' id='par_1_75' title="bbox 527 5343 3772 5422">
     <span class='ocr_line' id='line_1_75' title="bbox 527 5343 3772 5422; baseline 0 -28"><span class='ocrx_word' id='word_1_764' title='bbox 527 5353 610 5400; x_wconf 74' lang='lat' dir='ltr'><strong>tot</strong></span> <span class='ocrx_word' id='word_1_765' title='bbox 641 5347 917 5417; x_wconf 86' lang='lat' dir='ltr'><strong>tantisque</strong></span> <span class='ocrx_word' id='word_1_766' title='bbox 941 5349 1196 5406; x_wconf 87' lang='lat' dir='ltr'><strong>sordibus</strong></span> <span class='ocrx_word' id='word_1_767' title='bbox 1219 5352 1451 5422; x_wconf 89' lang='lat' dir='ltr'><strong>turpiter</strong></span> <span class='ocrx_word' id='word_1_768' title='bbox 1474 5353 1820 5422; x_wconf 85' lang='lat' dir='ltr'><strong>aspersissct,</strong></span> <span class='ocrx_word' id='word_1_769' title='bbox 1846 5360 1901 5408; x_wconf 90' lang='lat' dir='ltr'><strong>et</strong></span> <span class='ocrx_word' id='word_1_770' title='bbox 1921 5360 2067 5414; x_wconf 89' lang='lat' dir='ltr'><strong>ante,</strong></span> <span class='ocrx_word' id='word_1_771' title='bbox 2101 5350 2500 5420; x_wconf 87' lang='lat' dir='ltr'><strong>persecutionis</strong></span> <span class='ocrx_word' id='word_1_772' title='bbox 2530 5357 2791 5419; x_wconf 88' lang='lat' dir='ltr'><strong>tempore,</strong></span> <span class='ocrx_word' id='word_1_773' title='bbox 2825 5349 3014 5417; x_wconf 89' lang='lat' dir='ltr'><strong>lapsus</strong></span> <span class='ocrx_word' id='word_1_774' title='bbox 3067 5362 3096 5399; x_wconf 89' lang='lat' dir='ltr'><strong>a</strong></span> <span class='ocrx_word' id='word_1_775' title='bbox 3133 5346 3258 5411; x_wconf 84' lang='lat' dir='ltr'><strong>ﬁde,</strong></span> <span class='ocrx_word' id='word_1_776' title='bbox 3300 5343 3545 5399; x_wconf 86' lang='lat' dir='ltr'><strong>eamdem</strong></span> <span class='ocrx_word' id='word_1_777' title='bbox 3589 5348 3772 5395; x_wconf 85' lang='lat' dir='ltr'><strong>tanto-</strong></span> 
     </span>
    </p>
   </div>
   <div class='ocr_carea' id='block_1_76' title="bbox 528 5431 3771 5513">
    <p class='ocr_par' dir='ltr' id='par_1_76' title="bbox 528 5431 3771 5513">
     <span class='ocr_line' id='line_1_76' title="bbox 528 5431 3771 5513; baseline -0.002 -22"><span class='ocrx_word' id='word_1_778' title='bbox 528 5451 658 5508; x_wconf 86' lang='lat' dir='ltr'><strong>pere</strong></span> <span class='ocrx_word' id='word_1_779' title='bbox 689 5437 1085 5497; x_wconf 88' lang='lat' dir='ltr'><strong>labefactasset.</strong></span> <span class='ocrx_word' id='word_1_780' title='bbox 1121 5441 1275 5508; x_wconf 85' lang='lat' dir='ltr'><strong>Quod</strong></span> <span class='ocrx_word' id='word_1_781' title='bbox 1301 5458 1429 5497; x_wconf 80' lang='lat' dir='ltr'><strong>vero</strong></span> <span class='ocrx_word' id='word_1_782' title='bbox 1459 5443 1809 5513; x_wconf 88' lang='lat' dir='ltr'><strong>simplicitate</strong></span> <span class='ocrx_word' id='word_1_783' title='bbox 1838 5444 2074 5512; x_wconf 92' lang='lat' dir='ltr'><strong>quadam</strong></span> <span class='ocrx_word' id='word_1_784' title='bbox 2110 5449 2164 5498; x_wconf 87' lang='lat' dir='ltr'><strong>et</strong></span> <span class='ocrx_word' id='word_1_785' title='bbox 2208 5457 2391 5496; x_wconf 89' lang='lat' dir='ltr'><strong>rerum</strong></span> <span class='ocrx_word' id='word_1_786' title='bbox 2441 5439 2659 5495; x_wconf 89' lang='lat' dir='ltr'><strong>inscitia</strong></span> <span class='ocrx_word' id='word_1_787' title='bbox 2698 5441 2751 5494; x_wconf 91' lang='lat' dir='ltr'><strong>in</strong></span> <span class='ocrx_word' id='word_1_788' title='bbox 2785 5455 2888 5494; x_wconf 90' lang='lat' dir='ltr'><strong>suo</strong></span> <span class='ocrx_word' id='word_1_789' title='bbox 2934 5437 3253 5494; x_wconf 76' lang='lat' dir='ltr'><strong>Sanctorum</strong></span> <span class='ocrx_word' id='word_1_790' title='bbox 3294 5434 3534 5504; x_wconf 82' lang='lat' dir='ltr'><strong>catalogo</strong></span> <span class='ocrx_word' id='word_1_791' title='bbox 3573 5431 3771 5486; x_wconf 78' lang='lat' dir='ltr'><strong>Petrus</strong></span> 
     </span>
    </p>
   </div>
   <div class='ocr_carea' id='block_1_77' title="bbox 527 5524 3774 5604">
    <p class='ocr_par' dir='ltr' id='par_1_77' title="bbox 527 5524 3774 5604">
     <span class='ocr_line' id='line_1_77' title="bbox 527 5524 3774 5604; baseline -0.002 -19"><span class='ocrx_word' id='word_1_792' title='bbox 527 5533 672 5585; x_wconf 89' lang='lat' dir='ltr'><strong>inter</strong></span> <span class='ocrx_word' id='word_1_793' title='bbox 702 5540 926 5586; x_wconf 90' lang='lat' dir='ltr'><strong>sanctos</strong></span> <span class='ocrx_word' id='word_1_794' title='bbox 951 5535 1198 5589; x_wconf 89' lang='lat' dir='ltr'><strong>eumdem</strong></span> <span class='ocrx_word' id='word_1_795' title='bbox 1229 5535 1523 5591; x_wconf 89' lang='lat' dir='ltr'><strong>Eusebium</strong></span> <span class='ocrx_word' id='word_1_796' title='bbox 1555 5537 1760 5599; x_wconf 89' lang='lat' dir='ltr'><strong>retulit,</strong></span> <span class='ocrx_word' id='word_1_797' title='bbox 1785 5545 1840 5589; x_wconf 85' lang='lat' dir='ltr'><strong>et</strong></span> <span class='ocrx_word' id='word_1_798' title='bbox 1870 5551 2059 5590; x_wconf 89' lang='lat' dir='ltr'><strong>errore</strong></span> <span class='ocrx_word' id='word_1_799' title='bbox 2100 5543 2264 5604; x_wconf 90' lang='lat' dir='ltr'><strong>atque</strong></span> <span class='ocrx_word' id='word_1_800' title='bbox 2306 5535 2518 5588; x_wconf 88' lang='lat' dir='ltr'><strong>incuria</strong></span> <span class='ocrx_word' id='word_1_801' title='bbox 2550 5533 2786 5603; x_wconf 88' lang='lat' dir='ltr'><strong>quadam</strong></span> <span class='ocrx_word' id='word_1_802' title='bbox 2827 5533 2883 5587; x_wconf 91' lang='lat' dir='ltr'><strong>in</strong></span> <span class='ocrx_word' id='word_1_803' title='bbox 2916 5529 3138 5602; x_wconf 90' lang='lat' dir='ltr'><strong>aliquod</strong></span> <span class='ocrx_word' id='word_1_804' title='bbox 3165 5527 3611 5601; x_wconf 76' lang='lat' dir='ltr'><strong>Martyrologium</strong></span> <span class='ocrx_word' id='word_1_805' title='bbox 3637 5524 3774 5580; x_wconf 83' lang='lat' dir='ltr'><strong>irre-</strong></span> 
     </span>
    </p>
   </div>
   <div class='ocr_carea' id='block_1_78' title="bbox 527 5621 2627 5698">
    <p class='ocr_par' dir='ltr' id='par_1_78' title="bbox 527 5621 2627 5698">
     <span class='ocr_line' id='line_1_78' title="bbox 527 5621 2627 5698; baseline 0.001 -23"><span class='ocrx_word' id='word_1_806' title='bbox 527 5622 654 5690; x_wconf 89' lang='lat' dir='ltr'><strong>psit,</strong></span> <span class='ocrx_word' id='word_1_807' title='bbox 689 5621 744 5675; x_wconf 89' lang='lat' dir='ltr'><strong>in</strong></span> <span class='ocrx_word' id='word_1_808' title='bbox 774 5622 979 5676; x_wconf 87' lang='lat' dir='ltr'><strong>nostris</strong></span> <span class='ocrx_word' id='word_1_809' title='bbox 1009 5622 1075 5677; x_wconf 86' lang='lat' dir='ltr'><strong>ad</strong></span> <span class='ocrx_word' id='word_1_810' title='bbox 1101 5623 1404 5678; x_wconf 72' lang='lat' dir='ltr'><strong>Romanum</strong></span> <span class='ocrx_word' id='word_1_811' title='bbox 1435 5623 1877 5698; x_wconf 74' lang='lat' dir='ltr'><strong>Martyrologium</strong></span> <span class='ocrx_word' id='word_1_812' title='bbox 1901 5625 2068 5691; x_wconf 87' lang='lat' dir='ltr'><strong>notis,</strong></span> <span class='ocrx_word' id='word_1_813' title='bbox 2094 5625 2344 5695; x_wconf 85' lang='lat' dir='ltr'><strong>pluribus</strong></span> <span class='ocrx_word' id='word_1_814' title='bbox 2370 5624 2627 5679; x_wconf 73' lang='lat' dir='ltr'><strong>diximus.</strong></span> 
     </span>
    </p>
   </div>
   <div class='ocr_carea' id='block_1_79' title="bbox 599 5765 1558 5846">
    <p class='ocr_par' dir='ltr' id='par_1_79' title="bbox 599 5765 1558 5846">
     <span class='ocr_line' id='line_1_79' title="bbox 599 5765 1558 5846; baseline 0 -15"><span class='ocrx_word' id='word_1_815' title='bbox 599 5777 618 5809; x_wconf 68' lang='grc' dir='ltr'><strong><em>τ</em></strong></span> <span class='ocrx_word' id='word_1_816' title='bbox 649 5775 743 5833; x_wconf 84' lang='lat' dir='ltr'><strong>Ps.</strong></span> <span class='ocrx_word' id='word_1_817' title='bbox 782 5791 952 5845; x_wconf 64' lang='lat' dir='ltr'><strong>xxsn,</strong></span> <span class='ocrx_word' id='word_1_818' title='bbox 983 5776 1038 5832; x_wconf 82' lang='lat'><strong>9.</strong></span> <span class='ocrx_word' id='word_1_819' title='bbox 1093 5769 1113 5801; x_wconf 77' lang='grc'>⁸</span> <span class='ocrx_word' id='word_1_820' title='bbox 1136 5765 1299 5823; x_wconf 74' lang='lat' dir='ltr'><strong>Prov.</strong></span> <span class='ocrx_word' id='word_1_821' title='bbox 1327 5787 1444 5846; x_wconf 78' lang='lat' dir='ltr'><strong>vm,</strong></span> <span class='ocrx_word' id='word_1_822' title='bbox 1471 5776 1558 5831; x_wconf 59' lang='lat'><strong>“2&#39;2.</strong></span> 
     </span>
    </p>
   </div>
  </div>
