4126 6482
369 420 442 477 97
1209 413 1543 471 VETERUM
1581 412 2001 467 'l‘ESTiMONlA
2041 411 2322 467 CONTRA
2360 410 2734 468 EUSEBIUM.
3546 414 3614 470 ες

1385 554 1621 626 Scaliger
1650 555 1702 606 in
1727 553 1964 608 Elcncho
1986 552 2323 620 Trihteresii,
2346 570 2463 622 cap.
2495 552 2587 605 ΞΠ.

442 713 730 775 Eusebius,
753 727 861 781 quo
892 711 1077 767 nullus
1099 712 1597 766 ecclesiasticorum
1621 720 1867 767 veterum
1899 712 2055 779 plura
2088 710 2155 764 ad
2183 708 2467 764 historiam
2501 708 2907 764 Christianismi
2940 708 3170 764 contulit
3198 726 3213 775 ;
3249 708 3434 763 nullus
3458 708 3611 779 plura

375 815 555 863 errata
583 806 635 861 in
670 806 890 876 scriptis
916 806 1030 861 suis
1053 806 1273 875 reliquit
1295 824 1309 871 ;
1329 806 1532 860 nullius
1570 806 1751 876 plures
1777 805 2234 859 ballucinationes
2256 809 2474 857 exstant
2508 802 2690 864 hodie,
2723 811 2832 857 etc.

1032 959 1179 1014 Idem
1211 961 1264 1013 in
1297 960 1430 1012 libra
1460 975 1511 1014 γι
1542 958 1613 1014 De
1636 958 2020 1013 emendatione
2054 965 2381 1028 temporum,
2412 972 2529 1025 cap.
2566 958 2618 1021 1,
2646 958 2739 1012 sub
2765 960 2939 1028 ﬁnem.

446 1053 660 1121 Quanto
684 1056 942 1124 majorem
968 1052 1303 1127 diligentiam
1338 1054 1689 1123 acjudicium
1726 1055 1781 1107 in
1809 1054 1977 1107 tantis
2010 1053 2143 1106 viris
2173 1053 2570 1115 desideramus,
2606 1058 2759 1108 tanto
2791 1056 3088 1127 impensior
3129 1056 3253 1109 data
3302 1058 3386 1108 est
3418 1065 3606 1120 opera,

378 1156 439 1203 ut
484 1166 593 1204 non
636 1151 967 1222 negligenter
1000 1151 1217 1206 illorum
1259 1153 1465 1221 scripta
1495 1166 1525 1204 a
1554 1151 1715 1206 nobis
1745 1151 2013 1219 legantur.
2066 1149 2199 1203 Nam
2249 1160 2302 1203 et
2332 1148 2488 1219 longe
2539 1148 2693 1217 plura
2726 1151 3088 1221 deprehendet
3126 1151 3297 1204 leclor
3330 1145 3604 1206 eruditus,

379 1242 582 1311 majore
636 1245 815 1298 studio
844 1261 1006 1313 quam
1032 1246 1243 1315 judicio
1287 1247 1357 1300 ab
1389 1245 1626 1300 Eusebio
1660 1253 1714 1300 et
1744 1246 1868 1300 aliis
1905 1244 2180 1300 veteribus
2227 1245 2476 1298 collecta.
2532 1242 2644 1298 Nos
2688 1261 2854 1298 unum
2886 1255 3097 1300 tantum
3156 1245 3450 1299 Eusebium
3495 1240 3609 1296 dis-

378 1335 666 1400 cussimus,
695 1338 839 1407 quod
866 1339 1001 1409 ipse,
1034 1347 1094 1393 ut
1127 1340 1389 1405 diximus,
1415 1339 1662 1395 omnium
1691 1340 1911 1393 illorum
1952 1347 2197 1394 veterum
2235 1338 2484 1393 clausula
2510 1345 2614 1393 est.
2646 1337 2834 1408 Itaque
2884 1356 3051 1393 unum
3101 1339 3392 1394 Eusebium
3430 1337 3605 1401 noris,

376 1444 566 1485 omnes
596 1433 766 1489 noris.

378 1587 524 1642 Idem
559 1588 796 1661 Scaliger
829 1593 885 1646 in
908 1593 1492 1649 Animadversionibus
1524 1592 1591 1646 ad
1624 1592 1953 1648 ChrOnicum
1982 1593 2371 1658 Eusebianum,
2398 1608 2516 1662 pag.
2549 1592 2604 1657 8,
2646 1607 2907 1660 exponens
2941 1590 3094 1644 verba
3122 1590 3217 1643 illa
3254 1590 3554 1660 Hieronymi
3586 1606 3606 1648 :

484 1725 502 1759 ι
539 1708 710 1774 Quam
743 1708 1012 1765 Eusebius
1039 1711 1204 1780 hujus
1237 1711 1487 1765 conditor
1514 1711 1660 1776 libri,
1698 1728 1808 1765 non
1834 1718 1943 1765 tam
1976 1711 2258 1780 ignorasse
2292 1715 2478 1781 utpote
2509 1709 2942 1771 eruditissimus,
2964 1727 2983 1760 ι
3038 1717 3172 1773 etc.,
3200 1710 3277 1761 ita
3310 1717 3457 1762 notat
3485 1724 3505 1760 :

445 1821 502 1876 Si
542 1825 945 1881 eruditissimus
975 1824 1255 1879 vocandus
1304 1826 1397 1897 qui
1445 1827 1612 1880 multa
1643 1827 1793 1897 legit.
1838 1842 1969 1883 sane
1999 1842 2159 1882 nemo
2193 1826 2269 1879 illi
2305 1827 2448 1881 hanc
2486 1822 2704 1880 laudem
2754 1822 3001 1879 invidere
3042 1829 3239 1893 potest.
3278 1822 3372 1877 Sin
3425 1831 3606 1879 autem

374 1913 422 1968 is
454 1913 858 1970 eruditissimus
886 1915 1269 1985 quijudicium
1297 1932 1420 1970 cum
1454 1918 1622 1971 multa
1655 1918 1889 1973 lectione
1942 1919 2260 1989 conjunxit,
2305 1918 2471 1971 alium
2521 1917 2703 1988 potius
2751 1932 2916 1988 quam
2975 1915 3264 1971 Eusebium
3307 1917 3608 1986 producere

374 2004 581 2060 debuit.

1624 2145 1819 2201 Suidas
1849 2147 1903 2200 in
1935 2162 2054 2201 voce
2077 2145 2354 2217 Διόδωρος.

443 2265 706 2335 Διόδωρος
733 2264 996 2335 μονάζων,
1031 2267 1089 2317 ἐν
1120 2269 1232 2331 τοῖς
1263 2268 1474 2339 χρόνοις
1511 2268 1800 2323 Ἰουλιανοῦ
1847 2270 1943 2323 καὶ⁸
1971 2275 2013 2331 Α

1974 2275 2013 2331 Α
2119 2267 2384 2322 Diodorus
2412 2265 2734 2329 monachus,
2774 2265 2865 2336 qui
2897 2264 3190 2336 episcopus
3215 2266 3317 2321 fuit
3345 2268 3500 2326 Tarsi
3548 2273 3603 2327 in

374 2356 666 2421 Οὐάλεντος
690 2358 1060 2426 ἐπισκοπήσας
1091 2359 1315 2430 Ταρσῶν
1346 2360 1443 2429 τῆς
1472 2359 1740 2423 Κιλικίας.
1768 2353 1937 2424 Οὗτος

2040 2356 2257 2422 Cilicia,
2289 2356 2625 2425 temporibus
2676 2350 2876 2409 Iuliani
2909 2370 2973 2408 ac
3006 2350 3267 2410 Valentis.
3314 2355 3413 2411 llic
3454 2361 3604 2413 varia

371 2445 706 2516 ἐγραψεν,ὦς
721 2464 850 2516 φησι
862 2446 1131 2518 Θεόδωρος
1159 2446 1531 2519 ’Λναγνώστης
1542 2449 1598 2501 ὲν
1612 2451 1677 2518 τῇ
1696 2448 1937 2516 Ἐκκλη-

2043 2449 2263 2518 scripsit
2318 2449 2602 2518 opuscula,
2647 2456 2708 2501 ut
2746 2447 2913 2502 refert
2959 2446 3282 2502 Theodorus
3304 2446 3500 2504 Lector
3539 2452 3600 2505 in

370 2535 655 2606 σιαστικῇ
674 2539 924 2607 ἱστορίᾳ,
947 2538 1175 2609 διάφορα
1194 2556 1207 2567 ·
1228 2540 1332 2592 εἰσὶ
1362 2539 1418 2593 δὲ
1464 2540 1589 2593 τάδε
1622 2543 1932 2609 Χρονικὸν,

2041 2539 2417 2595 Ecclesiastt'ca
2457 2539 2741 2594 Historia:
2776 2540 2891 2594 hate
2945 2550 3130 2595 autem
3175 2539 3552 2596 inscribuntur
3585 2563 3598 2597 :

368 2624 743 2698 διορθούμενον
770 2626 831 2680 τὸ
854 2626 1073 2697 σφάλμα
1098 2625 1355 2679 Εὐσεϐίου
1377 2626 1469 2679 τοῦ
1490 2627 1774 2698 Παμφίλου
1806 2627 1934 2699 περὶ

2041 2630 2376 2695 Clironicnm,
2410 2632 2467 2687 in
2487 2647 2596 2703 quo
2616 2632 2836 2688 Eusebii
2889 2631 3153 2704 Pamphili
3205 2631 3260 2686 in
3290 2631 3513 2703 digeren
3553 2638 3598 2693 is

366 2715 477 2774 τῶν
507 2715 731 2791 χρόνων.

2039 2724 2374 2794 temporibus
2388 2738 2547 2780 error
2574 2723 2892 2795 castigatur.
