4126 6462
529 346 594 400 99
1239 347 1506 404 EUSEBII
1543 343 2018 403 CAESARlliNSIS
2057 343 2206 399 OPP.
2243 345 2428 404 PARS
2465 349 2504 404 1.
2533 379 2602 392 --
2631 349 3026 406 HISTORICA.
3663 347 3762 400 10]

867 926 1914 1140 EUSEBII
2105 903 3418 1134 PAMPHILI

1509 1355 2188 1436 CJESABIENSIS
2259 1355 2727 1437 EPISCOPI

745 1677 2310 1862 CHRONICORUM
2399 1685 2982 1858 LIBRI
3071 1679 3522 1860 DUO

1087 2136 1181 2198 (Ex
1204 2137 1324 2186 edit.
1351 2139 1479 2200 Aug.
1507 2137 1620 2202 Mss,
1647 2137 1828 2202 Script.
1855 2145 1946 2190 uet.
1971 2152 2096 2190 noua
2119 2133 2360 2198 Cotlectio,
2383 2143 2503 2188 tom.
2527 2137 2658 2198 VIII,
2681 2137 2864 2196 Rome,
2887 2133 3026 2194 1835,
3047 2132 3176 2184 ιιι-ι.
3199 2133 3220 2198 )

1816 2525 2500 2619 ΡΒᾹΞΡΑΤΙΟ.

590 2805 721 2861 Post
763 2803 1028 2859 inventum
1071 2803 1286 2861 Eusebii
1329 2805 1726 2861 Chronicorum
1757 2804 1986 2872 priorem
2017 2801 2244 2868 librum,
2291 2818 2442 2872 quem
2487 2799 2670 2856 Latini
2707 2815 2897 2856 ueteres
2937 2817 3204 2874 nunquam
3231 2801 3554 2866 habuerunt,
3587 2797 3762 2858 Graeci

513 2897 631 2968 jam
682 2899 772 2954 diu
820 2897 1223 2964 desiderabant,
1257 2899 1495 2953 Armenii
1517 2895 1736 2968 denique
1771 2898 1886 2952 orbi
1921 2899 2296 2962 restituerunt,
2331 2897 2450 2952 dua:
2487 2897 2850 2951 tantummodo
2889 2897 3050 2950 totius
3081 2898 3246 2964 operis
3277 2897 3528 2950 editiones
3559 2907 3758 2950 curata

515 3003 673 3056 sunt,
709 2993 1116 3048 Mediolanensis
1163 2995 1399 3050 videlicet
1435 3003 1588 3062 atque
1643 2991 1836 3046 Veneta
1867 3009 1884 3045 :
1914 3008 2065 3062 quin,
2107 2993 2370 3063 separatis
2421 2992 2548 3046 locis
2585 2990 2874 3060 studiisque
2923 2993 3113 3059 factae,
3147 2989 3288 3042 haud
3332 2989 3490 3044 semel
3531 2989 3664 3040 inter
3703 3003 3760 3039 se

515 3087 816 3152 dissident,
863 3101 1048 3144 neutra
1083 3107 1200 3144 vero
1245 3089 1320 3144 vel
1367 3089 1434 3143 ad
1475 3104 1696 3160 unguem
1749 3087 1968 3140 climata
2009 3086 2087 3140 vel
2131 3086 2360 3156 perfecta
2391 3095 2470 3141 est
2505 3104 2522 3140 :
2565 3101 2864 3156 quanquam
2895 3099 2985 3152 ego
3027 3082 3230 3136 Veneta:
3273 3083 3519 3142 editioni,
3549 3087 3759 3148 prapter

515 3182 819 3238 Armeniaci
851 3193 1018 3238 textus
1053 3183 1428 3254 doctorumque
1455 3183 1772 3237 scholiorum
1807 3183 2150 3246 comitatum,
2184 3183 2507 3251 pra'cipuum
2538 3179 2783 3234 honorem
2833 3189 3014 3248 sponte
3061 3177 3256 3245 defero.
3309 3175 3569 3241 Quazcum
3600 3173 3676 3226 ita
3703 3189 3760 3226 se

511 3275 759 3342 habeant,
782 3294 1047 3349 nunquam
1089 3297 1192 3334 non
1217 3279 1392 3348 optavi
1427 3279 1632 3333 tertiam
1659 3277 1869 3331 demum
1901 3277 2160 3331 adornare
2186 3277 2462 3331 editionem
2483 3315 2498 3335 ,
2523 3291 2640 3346 qua:
2667 3275 2844 3328 omnia
2873 3273 3198 3342 superiorum
3230 3270 3366 3324 bona
3391 3271 3756 3338 conjungeret,

513 3369 710 3425 mendis
741 3371 966 3424 exclusis
996 3387 1014 3423 :
1038 3370 1090 3422 id
1119 3371 1256 3440 quod
1288 3371 1350 3426 de
1375 3373 1548 3439 priore
1571 3373 1864 3436 prassertim
1898 3369 2030 3424 libro
2061 3369 2260 3424 dictum
2293 3369 2398 3432 sit,
2441 3369 2534 3438 qui
2579 3368 2722 3421 unici
2765 3367 2960 3420 codicis
2999 3364 3300 3418 Armeniaci
3339 3361 3658 3416 auctoritate
3701 3367 3759 3414 et

518 3459 822 3515 Graecorum
866 3461 1281 3528 fragmentorum
1313 3460 1636 3514 adminiculo
1676 3463 1884 3514 nititur.
1915 3459 1983 3512 In
2015 3461 2305 3528 posteriore
2346 3468 2521 3512 autem
2554 3457 2685 3510 libro
2722 3457 2870 3528 longe
2901 3457 3056 3526 plura
3097 3457 3403 3526 adjumenta
3445 3459 3760 3520 suppetunt,

512 3551 698 3620 quibus
744 3552 1006 3621 egregium
1054 3550 1265 3614 Eusebii
1318 3569 1446 3622 opus
1493 3552 1561 3606 ad
1607 3555 1875 3608 meliorem
1929 3554 2131 3622 frugem
2187 3567 2426 3606 revocare
2481 3552 2600 3605 licet
2651 3567 2670 3605 :
2717 3561 2840 3605 sunt
2883 3553 3019 3604 enim
3063 3551 3118 3603 in
3183 3550 3438 3603 Vaticana
3484 3544 3760 3614 Pontificis

516 3641 746 3698 Maximi
775 3643 1084 3697 bibliotheca
1111 3647 1416 3712 posterioris
1445 3645 1842 3700 Chronicorum
1879 3648 2002 3700 libri
2032 3653 2232 3702 codices
2263 3648 2380 3708 plus
2409 3647 2592 3716 viginti
2612 3685 2627 3709 ,
2651 3661 2777 3716 quos
2809 3647 2942 3698 inter
2973 3646 3174 3714 aliquot
3205 3653 3394 3698 veteres
3419 3651 3468 3696 et
3497 3650 3760 3710 prcestan-

519 3739 734 3795 tissimi.
766 3737 1031 3791 Pra'terea
1076 3754 1192 3790 cum
1225 3739 1280 3790 in
1326 3735 1709 3794 Mediolanensi
1747 3757 1809 3793 ac
1845 3739 2038 3794 Veneta
2070 3743 2227 3794 unius
2271 3749 2472 3794 tantum
2507 3739 2722 3793 Eusebii
2761 3739 2914 3792 verba
2955 3739 3352 3799 contineantur,
3397 3751 3644 3804 magnum
3675 3743 3756 3788 est

519 3831 690 3898 operis
715 3829 1106 3892 detrimentum,
1141 3829 1278 3899 quod
1301 3831 1574 3897 permultis
1600 3840 1753 3901 atque
1781 3831 2056 3900 prwclaris
2085 3831 2145 3886 S.
2171 3831 2476 3900 Hieronymi
2502 3829 2874 3884 additamentis
2897 3837 3060 3882 caret.
3089 3827 3268 3896 Neque
3297 3830 3507 3896 ipsemet
3541 3825 3754 3880 Eusebii

522 3931 696 3976 textus
741 3921 794 3976 in
825 3921 1093 3990 pra’dictis
1124 3919 1444 3975 editionibus
1465 3961 1480 3985 ,
1511 3937 1626 3990 queo
1655 3937 1720 3976 ea:
1751 3923 2065 3976 Armeniaca
2093 3923 2268 3977 codice
2299 3931 2552 3986 manant,
2581 3922 2775 3992 integer
2807 3931 2882 3976 est
2917 3933 3070 3992 atque
3115 3918 3352 3974 illibatus
3384 3921 3612 3974 :etenim
3645 3921 3760 3972 luce

522 4014 816 4068 meridiana
856 4014 1052 4068 clarius
1090 4023 1200 4078 est,
1247 4030 1352 4068 non
1396 4030 1566 4082 pauca
1607 4015 1914 4086 Armenium
1951 4014 2030 4069 vel
2069 4015 2454 4070 Amanuensem
2501 4014 2581 4068 vel
2629 4015 2957 4083 interpretem
2997 4013 3062 4068 de
3101 4013 3338 4082 genuinis
3393 4011 3602 4066 Eusebii
3645 4013 3760 4082 fra-

520 4107 742 4176 gmentis
785 4107 1182 4176 prwtermisisse
1225 4122 1244 4160 :
1287 4121 1445 4175 quam
1490 4123 1596 4160 rem
1647 4106 1921 4178 Syncellus
1969 4109 2296 4174 prwsertim,
2342 4117 2392 4161 et
2435 4107 2748 4162 Chronicon
2783 4107 3038 4177 paschale
3079 4105 3248 4176 (cujus
3295 4105 3654 4160 nobilissimus
3705 4107 3758 4157 in

533 4194 789 4251 Vaticana
817 4197 1128 4252 bibliotheca
1157 4197 1320 4251 codex
1354 4205 1488 4268 est),
1523 4209 1697 4269 aperte
1722 4199 2116 4262 demonstrant,
2151 4199 2214 4252 de
2241 4216 2461 4270 quorum
2503 4199 2664 4254 veluti
2693 4199 2982 4253 rivulorum
3019 4197 3084 4250 ab
3123 4197 3350 4252 Eusebio
3379 4197 3582 4267 origine
3611 4195 3760 4248 nullo

520 4289 676 4345 modo
720 4288 958 4342 dubitari
981 4298 1169 4358 potest.
1207 4288 1454 4357 Profecto
1483 4301 1696 4347 sanctus
1725 4291 2078 4364 Hieronymus
2107 4293 2348 4360 affirmat
2375 4293 2428 4346 in
2471 4293 2808 4361 prtefatione,
2843 4308 2897 4345 se
2927 4301 3048 4345 ante
3093 4291 3328 4360 Trojana
3365 4299 3598 4356 tempora
3627 4289 3760 4342 nihil

517 4395 734 4447 prorsus
764 4379 988 4434 Eusebio
1015 4381 1284 4435 addidisse
1313 4391 1402 4436 :et
1427 4391 1600 4436 tamen
1627 4383 1852 4436 Latinus
1906 4383 2302 4438 Chronicorum
2343 4392 2511 4438 textus
2545 4382 2816 4453 complura
2839 4385 2990 4438 habet
3015 4395 3136 4438 ante
3177 4383 3354 4452 Trojel:
3381 4383 3757 4450 captivitatem,

517 4491 552 4530 a
579 4473 775 4530 Graecis
815 4491 951 4544 swpe
981 4475 1290 4545 fragmentis
1320 4477 1662 4544 conﬁrmata,
1693 4493 1809 4547 qua
1841 4477 2185 4532 Armeniacus
2212 4479 2375 4533 codex
2397 4479 2682 4534 desiderat.
2715 4477 2844 4533 Post
2883 4479 3100 4548 Trojam
3129 4493 3330 4548 quoque
3357 4485 3564 4544 captam
3589 4477 3758 4528 multa

517 4577 640 4623 sunt
666 4567 730 4621 ab
757 4570 1069 4642 Armeniaca
1101 4570 1376 4636 interprete
1401 4571 1790 4637 prwtermissa,
1817 4585 1933 4638 qua:
1959 4569 2308 4642 Hieronymus
2337 4573 2555 4636 retinet,
2587 4589 2678 4626 nec
2711 4582 2880 4626 tamen
2913 4573 3048 4626 inter
3081 4571 3194 4640 ejus
3229 4571 3594 4624 additamenta
3637 4587 3758 4623 cen-

517 4679 631 4718 sere
669 4661 825 4725 licet,
857 4641 1130 4731 quia‘cum
1164 4658 1362 4716 ercis
1396 4661 1706 4730 fragmentis
1741 4663 1852 4715 sine
1883 4661 2042 4716 dubio
2077 4641 2384 4718 Eusebianis
2425 4663 2754 4718 adamussim
2783 4673 3098 4734 congruunt.
3133 4663 3318 4732 Opera:
3349 4665 3510 4734 igitur
3529 4665 3756 4732 pretium

521 4771 600 4810 me
640 4755 910 4825 facturum
951 4755 1190 4821 speravi,
1231 4755 1279 4808 si
1316 4753 1614 4808 universum
1649 4753 1865 4808 Eusebii
1891 4755 2187 4810 Chronicon
2222 4773 2354 4810 nova
2389 4755 2487 4810 hac
2521 4756 2747 4810 editione
2789 4757 3062 4825 integrius,
3093 4755 3419 4810 emendatius
3453 4755 3758 4824 pleniusque

521 4849 746 4919 facerem
769 4865 786 4904 :
809 4851 1036 4918 priorem
1066 4850 1261 4904 scilicet
1295 4849 1488 4903 librum
1520 4849 1745 4901 duarum
1774 4849 2052 4904 collatione
2080 4851 2368 4904 editionum
2387 4891 2403 4915 ,
2433 4853 2630 4905 criticis
2677 4851 2878 4921 aliquot
2921 4849 3462 4904 animaduersionibus
3487 4889 3502 4914 ,
3531 4849 3760 4912 philolo-

519 4945 632 5013 gico
669 4941 844 4998 studio
885 4959 946 4996 ac
976 4942 1253 4996 sedulitate
1283 4943 1566 5010 expolirem
1597 4951 1648 4996 et
1693 4943 2036 5012 reformarem
2075 4959 2092 4997 :
2136 4946 2478 5012 posteriorem
2525 4963 2674 5012 vero,
2709 4963 2814 5000 non
2851 4947 3022 5002 solum
3061 4947 3430 5016 pra'termissis
3471 4945 3536 4998 ab
3571 4945 3758 4998 Arme-

523 5037 675 5090 niaca
725 5036 1003 5104 interprete
1049 5034 1360 5090 Eusebianis
1406 5036 1714 5105 fragmentis
1759 5051 2036 5104 augerem,
2088 5053 2264 5092 verum
2307 5041 2469 5092 etiam
2511 5039 2680 5094 doctis
2729 5039 3040 5110 Hieronymi
3082 5041 3352 5096 laboribus
3395 5041 3756 5102 cumularem;

523 5141 572 5184 et
599 5131 734 5202 quod
779 5134 1017 5202 apprime
1057 5137 1346 5196 intererat,
1391 5141 1467 5186 tot
1509 5131 1746 5187 codicum
1778 5129 2152 5184 Vaticanorum
2187 5135 2387 5188 auxilio
2417 5135 2584 5205 fretus
2621 5153 2754 5190 noua
2801 5151 3016 5204 prorsus
3058 5137 3274 5192 lectione
3311 5137 3586 5192 donarem.
3631 5136 3758 5190 Herc

521 5231 598 5276 est
623 5225 782 5292 igitur
818 5224 1030 5279 consilii
1058 5225 1158 5278 mei
1181 5239 1388 5278 summa
1410 5239 1428 5275 :
1453 5223 1538 5275 cui
1549 5221 1668 5290 jam
1691 5221 1827 5275 illud
1857 5219 2154 5276 addendum
2179 5233 2290 5288 est,
2315 5226 2454 5294 quod
2489 5227 2736 5280 lacunam
2769 5227 2962 5282 codicis
2993 5229 3326 5292 Armeniaci,
3363 5231 3500 5282 inter
3527 5230 3756 5299 priorem

525 5317 846 5388 alterumque
878 5319 1070 5372 librum
1102 5319 1424 5390 interjectam
1448 5359 1463 5384 ,
1489 5315 1544 5370 id
1575 5325 1654 5371 est
1688 5315 1961 5370 consulum
2008 5315 2412 5388 Caesarumque,
2461 5335 2580 5374 cum
2632 5321 3024 5378 decurrentibus
3071 5323 3458 5394 olympiadibus
3481 5365 3494 5386 ,
3531 5325 3750 5390 seriem,

523 5409 763 5465 invocato
813 5407 1066 5468 Chronici
1115 5413 1388 5483 paschalis
1439 5411 1640 5466 auxilio
1699 5411 2006 5475 certissime,
2055 5417 2114 5462 ut
2173 5409 2425 5479 arbitror,
2475 5415 2688 5482 sustuli,
2737 5425 2786 5470 et
2848 5415 3060 5470 Eusebii
3115 5431 3244 5484 opus
3300 5416 3758 5492 absolutissimum

523 5502 751 5559 reddidi.

2007 5673 2262 5694 ⁸³*-
