4126 6468
358 357 458 415 117

357 564 434 617 sis
458 561 717 632 quinque.
746 561 786 614 A
813 558 1080 613 Xisuthro
1123 565 1178 611 et
1222 571 1253 610 a
1294 557 1528 622 diluvio,
1577 556 1751 612 donec
1782 557 1922 613 Medi

357 655 682 725 Babylonem
711 659 1069 723 occuparunt,
1104 664 1369 706 summam
1403 665 1592 719 regum
1643 665 1736 705 sex
1755 666 1920 720 supra

357 745 633 815 octoginta
690 750 947 813 supputat
979 740 1309 812 Polyhistor,
1347 741 1705 811 singulosque
1742 743 1926 796 nomi-

356 837 526 892 natim
559 852 590 891 e
611 835 795 891 Berosi
818 836 956 889 libro
978 843 1242 889 recenset.
1268 833 1342 887 Ex
1379 834 1572 888 horum
1602 844 1781 890 autem
1802 851 1924 890 om-

358 930 506 983 nium
532 928 781 983 aetatibus
803 935 914 982 tres
934 927 1203 996 myriades
1222 940 1493 978 annorum
1527 926 1765 992 conﬁcit,
1785 943 1924 997 pra:-

358 1025 614 1088 tereaque
651 1034 822 1073 annos
851 1025 930 1072 ter
969 1017 1118 1070 mille
1145 1024 1198 1070 et
1226 1031 1396 1070 unum
1428 1031 1592 1086 supra
1627 1018 1925 1088 nonaginta

361 1110 458 1182 (2).
490 1109 618 1166 Post
663 1109 783 1172 hos,
820 1109 913 1178 qui
939 1106 1296 1164 successione
1327 1106 1656 1164 inconcussa
1696 1125 1925 1178 regnum

357 1202 726 1269 obtinuerant,
758 1203 1051 1272 derepente
1109 1199 1296 1254 Medos
1337 1199 1584 1254 collectis
1619 1199 1793 1268 c0piis
1822 1198 1925 1252 Ba-

359 1294 608 1366 bylonem
648 1297 856 1363 cepisse
889 1295 986 1359 ait,
1016 1292 1204 1362 ibique
1239 1291 1307 1346 de
1332 1291 1448 1346 suis
1479 1299 1744 1362 tyrannos
1791 1307 1925 1344 con-

359 1387 622 1443 stituisse.
657 1385 794 1441 Hinc
821 1387 1041 1441 nomina
1073 1399 1290 1455 quoque
1323 1391 1685 1455 tyrannorum
1737 1382 1925 1437 Medo-

357 1494 479 1532 rum
503 1478 754 1532 edisserit
776 1485 921 1540 octo,
955 1490 1240 1544 annosque
1256 1489 1445 1528 eorum
1475 1473 1664 1543 viginti
1693 1480 1930 1544 quatuor

354 1583 523 1638 supra
550 1567 817 1623 ducentos
855 1569 969 1638 (3):
1004 1582 1067 1621 ac
1100 1580 1295 1620 rursus
1343 1564 1596 1619 undecim
1653 1579 1808 1635 reges
1829 1602 1844 1628 ,
1874 1571 1930 1620 et

354 1673 528 1714 annos
556 1666 680 1713 octo
705 1673 871 1727 supra
893 1655 1254 1727 quadraginta
1278 1655 1390 1727 (4):
1425 1664 1537 1709 tum
1561 1663 1616 1710 et
1643 1655 1927 1711 Chaldaeos

353 1765 510 1821 reges
541 1751 900 1820 quadraginta
951 1762 1168 1814 novem,
1203 1762 1482 1818 annosque
1499 1748 1926 1818 quadringentos

353 1848 408 1896 et
430 1850 554 1897 octo
576 1855 742 1910 supra
777 1838 1170 1908 quinquaginta
1203 1855 1216 1890 :
1253 1846 1440 1907 postea
1475 1845 1528 1893 et
1548 1838 1756 1894 Arabes
1780 1843 1798 1862 ⁶
1829 1853 1928 1893 no-

353 1947 476 1988 vem
510 1948 689 2003 reges,
726 1944 1010 1998 annosque
1053 1927 1320 1984 ducentos
1356 1929 1717 1999 quadraginta
1774 1929 1929 1999 quin-

353 2039 482 2094 que.
519 2022 728 2076 Horum
788 2035 1057 2074 annorum
1100 2020 1422 2076 recensione
1481 2022 1806 2090 perscripta,
1861 2021 1928 2076 de

356 2113 716 2172 Semiramide
741 2126 959 2182 quoque
989 2118 1178 2165 narrat
1198 2126 1319 2181 qua:
1350 2111 1639 2181 imperavit
1660 2112 1923 2183 Assyriis.

353 2205 705 2275 Rursumque
725 2205 979 2260 distincte
1003 2203 1293 2257 admodum
1328 2205 1550 2258 nomina
1580 2219 1769 2274 regum
1793 2220 1930 2273 qua-

353 2295 602 2364 draginta
654 2293 896 2364 quinque
925 2300 1210 2347 enumerat
1257 2332 1271 2356 ,
1303 2293 1481 2363 iisque
1513 2309 1688 2350 annos
1735 2297 1928 2351 tribuit

351 2386 542 2456 viginti
565 2401 658 2440 sex
685 2399 850 2455 supra
875 2385 1220 2455 quingentos.
1253 2383 1387 2440 Post
1411 2386 1512 2441 hos
1540 2386 1617 2440 ait
1649 2387 1929 2444 exstitisse

351 2479 730 2536 Chaldaeorum
762 2492 972 2548 regem,
1007 2479 1096 2532 cui
1117 2492 1315 2532 nomen
1344 2475 1554 2533 Phulus
1571 2485 1728 2533 erat:
1765 2494 1926 2548 quem

351 2568 702 2626 Hebrzeorum
717 2581 936 2638 quoque
949 2567 1175 2622 historia
1192 2573 1486 2632 memorat,
1514 2581 1784 2636 quemque
1797 2566 1927 2622 item

349 2659 584 2716 Phulum
623 2660 857 2730 appellat
883 2658 979 2729 (5).
1014 2656 1113 2713 llic
1133 2655 1376 2712 Judaeam
1408 2658 1678 2715 invasisse
1705 2657 1926 2718 dicitur.

351 2750 558 2808 Deinde
582 2749 894 2822 Polyhistor
923 2748 1371 2806 Senecherimum
1401 2748 1478 2822 (6)
1499 2766 1667 2822 regno
1694 2753 1926 2822 potitum

349 2860 475 2901 esse
498 2845 574 2899 ait
606 2862 619 2900 :
653 2859 815 2917 quem
837 2842 1058 2915 quidem
1073 2842 1424 2898 Hebraeorum
1447 2844 1572 2898 libri
1605 2853 1925 2915 regnantem

348 2936 599 2994 referunt
639 2935 942 3006 imperante
994 2933 1230 2989 Ezechia
1277 2941 1332 2990 et
1374 2935 1737 3005 prophetante
1789 2937 1928 2994 Isaia

349 3027 454 3098 (εἴ).
488 3027 580 3080 Ait
607 3034 784 3079 autem
815 3025 1018 3079 diserte
1037 3024 1253 3079 divinus
1276 3024 1412 3079 liber
1430 3025 1528 3095 (8):
1559 3042 1578 3078 ι
1600 3041 1745 3082 anno
1762 3044 1930 3098 quar-

345 3119 628 3176 todeeimo
655 3117 901 3174 Ezechiae
949 3118 1098 3188 regis
1127 3117 1446 3174 ascendisse
1481 3117 1928 3177 Senecherimum

1589 351 2087 411 CHRONICORUM
2127 357 2254 412 LIB.
2291 360 2334 414 Ι.

357 487 389 524 a
421 469 532 525 ﬁlio
561 467 679 538 ejus
699 437 1061 523 Chomasbelo
1094 464 1171 536 (1)
1203 464 1352 521 neris
1383 471 1622 534 quatuor
1651 481 1772 520 cum
1805 481 1925 521 sos-
1953 476 2000 528 Α

3495 375 3593 432 118

2644 469 2872 526 CAPUT
2909 471 2975 526 ν.
3655 487 3659 520 ὲ

2027 576 2278 656 Ejusdem
2318 581 2610 635 Alexandri
2640 582 2704 636 de
2730 583 3093 656 senecherimo
3122 586 3285 656 deque
3312 587 3598 645 Nabucho-

2023 688 2054 721 ξ.
2095 649 2356 772 don-(250m
2395 668 2675 721 eorumque
2706 654 2858 709 rebus
2903 657 3062 723 gestis
3098 666 3147 709 et
3183 649 3413 711 strenuis
3460 661 3606 728 faci-

2023 759 2041 772 .
2095 737 2208 772 non
2249 737 2328 772 us.

2022 759 2051 789 ι
2095 737 2328 775 nonam.

2097 832 2149 885 l.
2189 830 2483 904 Postquam
2527 849 2699 904 regno
2755 833 3048 892 defunctus
3087 845 3171 893 est
3218 837 3598 895 Senecherimi

2028 921 2220 987 frater,
2253 931 2307 978 et
2329 932 2453 994 post
2474 923 2689 996 Hagisae
2711 927 2767 980 in
2794 927 3122 1000 Babylonios
3140 929 3592 993 dominationem,

2026 1015 2119 1083 qui
2150 1015 2368 1084 quidem
2421 1017 2664 1071 nondum
2697 1019 2914 1089 expleto
2943 1019 3225 1090 trigesimo
3267 1021 3479 1092 imperii
3511 1022 3598 1077 die

2027 1121 2056 1158 a
2092 1106 2423 1162 Marudac’ho
2467 1105 2707 1164 Baldane
2760 1111 3121 1182 interemptus
3166 1122 3287 1180 est;
3339 1114 3598 1170 Maruda-

2028 1195 2167 1250 chus
2201 1195 2319 1265 ipse
2366 1195 2637 1252 Baldanes
2671 1199 3013 1268 tyrannidem
3060 1199 3263 1256 invasit
3310 1203 3594 1258 mensibus

2028 1300 2122 1338 sex
2155 1303 2169 1352 ;
2219 1285 2392 1340 donec
2420 1301 2544 1340 eum
2601 1288 2824 1343 sustulit
2852 1290 2936 1343 vir
2964 1289 3186 1359 quidam
3227 1293 3451 1349 nomine
3481 1293 3595 1347 Eli-

2028 1375 2162 1441 hus,
2210 1378 2302 1448 qui
2345 1385 2399 1431 et
2437 1379 2494 1433 in
2533 1394 2762 1450 regnum
2814 1383 3100 1438 successit.
3155 1383 3271 1440 Hoc
3317 1393 3595 1456 postremo

2029 1469 2243 1524 tertium
2273 1468 2386 1538 jam
2445 1483 2645 1524 annum
2699 1480 2990 1541 regnante,
3049 1471 3464 1533 Senecherimus
3497 1493 3595 1532 rex

2029 1559 2374 1630 Assyriorum
2406 1561 2592 1631 copias
2622 1561 2911 1618 adversum
2947 1561 3279 1635 Babylonios
3307 1567 3595 1624 contrahe-

2029 1652 2142 1714 bat,
2175 1652 2472 1722 praelioque
2516 1667 2640 1706 cum
2681 1652 2750 1708 iis
2779 1661 3056 1721 conserto,
3113 1656 3365 1726 superior
3395 1658 3597 1714 evade-

2027 1743 2120 1798 bat
2155 1764 2168 1798 :
2205 1752 2534 1815 captumque
2571 1743 2788 1798 Elihum
2836 1760 2960 1800 cum
2994 1744 3357 1805 familiaribus
3390 1749 3510 1820 ejus
3537 1751 3592 1805 in

1959 1853 2002 1907 Β
2027 1835 2602 1904 Assyriamtransl‘erri
2622 1835 2869 1905 jubebat.
2900 1837 2948 1892 ls
2969 1838 3152 1908 igitur,
3173 1839 3594 1911 Babyloniorum

2028 1930 2258 1998 potitus,
2296 1931 2464 1986 ﬁlium
2515 1947 2673 1986 suum
2705 1931 3043 1986 Asordanem
3072 1931 3153 1987 eis
3188 1948 3368 2003 regem
3417 1933 3597 2004 impo-

2028 2021 2241 2086 nebat,
2289 2023 2404 2092 ipse
2465 2031 2643 2078 autem
2689 2023 2744 2075 in
2787 2021 3066 2093 Assyriam
3133 2023 3369 2078 reditum
3417 2033 3597 2080 matu-

2028 2108 2209 2165 rabat.
2281 2109 2401 2164 Mox
2477 2127 2600 2166 cum
2656 2110 2723 2165 ad
2779 2111 2900 2181 ejus
2967 2126 3128 2167 aures
3199 2127 3390 2166 rumor
3449 2121 3598 2168 esset

2029 2198 2292 2270 perlatus,
2317 2200 2536 2254 Graecos
2565 2201 2621 2254 in
2645 2199 2891 2255 Ciliciam
2931 2202 3139 2256 coactis
3172 2203 3342 2272 c0piis
3395 2204 3601 2259 bellum

2030 2291 2401 2355 transtulisse,
2435 2305 2530 2346 eos
2553 2291 2806 2361 protinus
2826 2307 3119 2362 aggressus
3164 2301 3271 2360 est,
3306 2294 3603 2366 praelioque

2029 2384 2184 2449 inito,
2213 2386 2398 2440 multis
2432 2400 2658 2440 suorum
2705 2385 2947 2451 amissis,
2999 2383 3186 2439 hostes
3241 2385 3600 2442 nihilominus

2029 2476 2336 2547 proﬂigavit
2367 2495 2380 2531 :
2415 2491 2678 2546 suamque
2709 2476 3020 2547 imaginem,
3073 2482 3132 2527 ut
3161 2481 3307 2531 esset
3355 2476 3601 2532 victoriae

2028 2575 2465 2634 monumentum,
2489 2584 2556 2624 eo
2577 2569 2698 2624 loco
2731 2574 2970 2622 erectam
3001 2565 3221 2636 reliquit
3255 2583 3270 2622 :
3321 2567 3412 2621 cui
3437 2566 3604 2622 Chal-

2028 2660 2204 2716 daicis
2242 2659 2442 2716 litteris
2475 2675 2567 2717 res
2599 2674 2632 2714 a
2660 2675 2719 2715 se
2749 2666 2930 2729 gestas
2962 2657 3196 2728 insculpi
3224 2658 3501 2712 mandavit
3533 2659 3601 2715 ad

2029 2751 2348 2806 memoriam
2396 2758 2703 2822 temporum
2750 2749 3158 2821 sempiternam.
3195 2747 3432 2808 Tarsum
3460 2767 3599 2822 quo-

2027 2859 2135 2912 que
2164 2844 2356 2899 urbem
2391 2845 2458 2898 ab
2487 2859 2552 2899 eo
2579 2849 2844 2898 structam
2872 2843 2949 2898 ait
2969 2843 3038 2898 ad
3078 2842 3371 2915 Babylonis
3413 2860 3601 2899 exem-

2029 2935 2167 3005 plar,
2198 2935 2483 3005 eidemque
2507 2948 2705 2989 nomen
2741 2933 2973 2989 inditum
3008 2933 3264 2991 Tharsin.
3288 2933 3407 2989 Jam
3433 2947 3486 2990 et
3514 2952 3601 2992 re-

2031 3026 2196 3099 liquis
2227 3025 2601 3082 Senecherimi
2649 3024 2818 3095 gestis
2867 3025 3224 3096 perscriptis,
3260 3026 3445 3082 subdit
3475 3041 3600 3082 eum

2031 3118 2193 3172 annis
2234 3118 2438 3173 vixisse
2478 3125 2782 3187 regnantem
2825 3116 3154 3182 octodecim,
3203 3117 3377 3173 donec
3422 3118 3598 3173 eidem

341 3210 424 3266 ad
458 3211 623 3266 urbes
648 3208 844 3264 Iudaeae
894 3210 1156 3272 munitas,
1197 3225 1397 3279 easque
1416 3210 1688 3279 cepisse.»
1753 3210 1924 3282 Cujus
1952 3233 1993 3291 ρ
2027 3209 2250 3265 structis
2280 3223 2310 3263 a
2341 3209 2452 3263 ﬁlio
2479 3207 2858 3264 Ardumuzane
2890 3207 3003 3280 (12)
3048 3208 3264 3264 insidiis
3294 3209 3602 3266 exstinctus

337 3302 435 3360 rei
459 3310 680 3372 peracta
705 3301 934 3356 historia
959 3341 974 3365 ,
1013 3300 1233 3354 subdit:
1272 3299 1370 3352 (Et
1401 3301 1650 3370 regnavit
1684 3300 1926 3355 Asorda-

335 3411 455 3452 nes
479 3393 623 3449 ﬁlius
656 3393 777 3462 ejus
798 3407 896 3462 pro
929 3406 995 3446 eo
1030 3390 1127 3462 (9).
1161 3409 1181 3441 ›
1231 3390 1557 3460 Rursusque
1590 3407 1926 3462 pergens,cca

341 3493 676 3555 tempestate
692 3485 769 3539 ait
783 3493 1078 3554 aegrotasse
1093 3481 1376 3537 Ezechiam
1402 3482 1539 3553 (10).
1563 3505 1581 3537 ›
1611 3482 1748 3537 Tum
1766 3485 1928 3538 etiam

347 3576 872 3634 ordinatimceodem
926 3583 1171 3643 tempore
1205 3573 1598 3628 Marudachum
1634 3573 1927 3630 Baldanem

347 3668 774 3739 Babyloniorum
809 3682 988 3737 regem
1023 3668 1244 3723 misisse
1298 3673 1546 3720 oratores
1578 3680 1700 3718 cum
1733 3666 1928 3721 litteris

343 3769 406 3818 et
433 3761 755 3816 muneribus
781 3760 847 3814 ad
873 3757 1159 3813 Ezechiam
1195 3757 1328 3828 (11).
1360 3777 1379 3811 ι
1414 3756 1541 3810 Haec
1571 3757 1791 3811 tradunt
1816 3758 1928 3813 He-

344 3852 623 3908 braeorum
679 3850 994 3920 Scriptum.
1053 3848 1122 3902 Et
1176 3849 1396 3919 quidem
1453 3846 1923 3912 Senecherimum,

342 3958 480 4000 cum
511 3943 632 4012 ejus
675 3941 785 3995 ﬁlio
819 3942 1104 3996 Asordane
1147 3955 1249 3996 nec
1281 3955 1390 3994 non
1439 3937 1773 3992 Marudacho
1801 3938 1927 3992 Bal-

343 4034 516 4100 dane,
541 4032 916 4086 Chaldzcorum
960 4045 1177 4100 quoque
1209 4026 1686 4096 historiographus
1719 4042 1925 4081 memo—

343 4133 488 4181 rat:
528 4139 651 4178 cum
707 4122 908 4193 quibus
940 4122 1104 4176 etiam
1159 4118 1790 4185 Nabuchodonosorum,
1845 4118 1925 4172 uti

344 4235 481 4274 mox
507 4217 740 4272 dicetur.
769 4213 882 4270 I-lac
912 4221 1090 4269 autem
1118 4214 1328 4266 ratione
1356 4211 1423 4266 de
1461 4211 1530 4266 iis
1566 4213 1779 4266 scribit.

343 4349 699 4433 τρισμρρίοις
723 4348 1026 4433 ἔέξσινικαὶ..
1044 4347 1148 4433 δεῖ,
1173 4343 1320 4433 sou-ar:
1354 4344 1500 4433 ἐσξιγ
1547 4345 1622 4433 si
1635 4343 1838 4431 ’σάροις
1865 4344 1928 4408 θ’,
2071 4346 2341 4433 νήροεξιρκ

2033 3307 2136 3354 est.
2168 3297 2293 3353 Haec
2318 3297 2649 3369 Polyhistor.
3159 3372 3163 3375 _

2103 3390 2156 3445 2.
2192 3388 2335 3446 Sane
2365 3391 2524 3446 etiam
2548 3402 2790 3461 tempora
2809 3405 2933 3446 cum
2955 3391 3270 3447 narratione
3293 3391 3599 3448 divinorum

2035 3480 2295 3536 librorum
2345 3487 2677 3549 congruunt.
2710 3479 2825 3536 Sub
2863 3480 3096 3536 Ezechia
3127 3480 3271 3535 enim
3338 3479 3605 3539 Seneche-

2036 3573 2209 3627 rimus
2239 3573 2503 3643 regnavit,
2533 3573 2610 3626 uti
2641 3571 2949 3644 Polyhistor
2998 3572 3202 3637 innuit,
3234 3576 3394 3628 annis
3447 3585 3597 3629 octo-

2035 3659 2210 3714 decim
2248 3679 2260 3715 :
2298 3668 2422 3731 post
2445 3677 2604 3731 quem
2644 3661 2889 3732 ejusdem
2933 3662 3079 3718 ﬁlius
3108 3665 3266 3719 annis
3293 3671 3452 3719 octo:
3486 3674 3598 3719 tum

2034 3752 2193 3807 annis
2221 3752 2413 3818 viginti
2439 3761 2491 3808 et
2515 3769 2624 3808 uno
2644 3753 2906 3824 Samuges
2932 3795 2947 3820 ,
2982 3756 3220 3825 itemque
3253 3756 3415 3826 hujus
3435 3756 3598 3813 frater

2031 3845 2222 3915 viginti
2253 3854 2305 3900 et
2326 3861 2437 3900 uno
2463 3865 2477 3901 :
2504 3846 2696 3902 deinde
2724 3847 3166 3918 Nabupalasarus
3188 3849 3347 3902 annis
3370 3851 3562 3919 viginti
3584 3869 3598 3906 :

2034 3937 2268 4009 denique
2307 3937 2966 4012 Nabucodrossorus(l5)
3017 3943 3194 3998 tribus
3242 3942 3402 3996 annis
3436 3956 3599 4012 supra

2030 4029 2436 4102 quadraginta:
2485 4032 2561 4086 ita
2603 4039 2664 4086 ut
2710 4048 2740 4086 a
2793 4032 3184 4089 Senecherimo
3237 4033 3304 4088 ad
3347 4033 3601 4090 Nabuco-

2032 4121 2351 4176 drossorum
2385 4122 2658 4192 octoginta
2687 4132 2741 4177 et
2782 4132 2906 4178 octo
2935 4125 3062 4178 anni
3105 4133 3422 4180 excurrant.
3473 4125 3598 4180 Jam

2034 4212 2080 4266 si
2104 4212 2227 4283 quis
2255 4211 2603 4268 Hebraaorum
2635 4215 2802 4268 libros
2817 4224 3112 4279 scrutetur,
3132 4216 3284 4286 paria
3315 4216 3477 4272 dictis
3503 4216 3589 4270 in-

2385 4348 2476 4401 καὶ
2493 4346 2841 4424 Ασιὶξᾳσο-ις-ῃκ
2899 4348 3029 4424 ’ἐπὸ
3063 4348 3119 4424 ᾃὲ
3147 4347 3332 4402 τούτου
3355 4349 3446 4424 tofi
3471 4350 3602 4424 xpe-

343 4413 444 4477 νὸυ
473 4413 586 4504 ita}
610 4418 828 4504 3:41.630
847 4418 962 4504 ‘ti'sv'
984 4416 1276 4504 Χαξδαίῳκζ
1295 4413 1558 4504 βαῖσιξέων
1582 4413 1814 4504 Ξῖύηχξου
1858 4417 1966 4504 ’καὶ
2007 4413 2408 4504 Χωρξδσὸήιλοψ
2448 4417 2529 4504 πεδ’
2551 4417 2628 4504 ἐξ
2927 4418 3320 4504 prdatatptv;
3341 4420 3432 4504 ταὶ
3464 4413 3601 4504 frob;-

351 4492 473 4562 μετ’
505 4491 666 4544 αὑτὸν
693 4489 734 4552 ζ’
761 4485 1038 4569 Χαλδαίων
1069 4486 1304 4569 βαριλξῖς
1327 4485 1558 4569 εἰσάχει,
1574 4485 1672 4569 Ern
1707 4485 2084 4569 κρατήςαηίτας
2109 4485 2308 4569 ήλιοξκὰ
2328 4493 2437 4569 put"
2505 4485 3029 4569 qusblg‘ﬂokpiormp,
3054 4489 3151 4569 093:
3181 4485 3260 4540 ἔτι
3291 4488 3378 4569 8t}
3417 4487 3598 4569 σάρῳν

520 4561 532 4576 ρ

346 4553 447 4614 Stati
474 4561 657 4682 vi}ng
683 4560 777 4611 καὶ
800 4558 1022 4611 σώσσων
1068 4553 1160 4609 καὶ
1190 4555 1290 4624 τῆς
1327 4553 1521 4622 λοιπῆς
1563 4553 1755 4621 ἀλόγού
1797 4553 2031 4626 μυθικῆς
2061 4553 2486 4626 ἱσέορίαςζὰλλὰ
2510 4556 2595 4609 διὰ
2624 4558 2864 4627 ἡλιακῶν
2891 4553 3046 4611 ὲτῶν.
3079 4557 3208 4612 Ηαξε
3234 4573 3296 4613 ea:
3325 4553 3593 4628 Synce'llo,

346 4648 402 4682 υ.
437 4631 507 4682 78
599 4669 611 4682 .
643 4629 728 4680 sed
756 4629 904 4681 valde
925 4627 1262 4682 interpolata.

344 4648 402 4702 p.
437 4631 507 4685 78
531 4627 728 4702 illased
756 4629 906 4702 valde
925 4627 1262 4702 interpolata.

421 4702 489 4772 (*)
518 4698 845 4772 Atisas'gavro‘
860 4695 1262 4772 tthXaitﬁdiwv
1295 4693 1570 4772 βριςιλεξᾳν
1606 4693 1838 4772 Ἄραϐες
1861 4694 1954 4772 ὲτξξ
1989 4693 2081 4772 ξῖη
2105 4697 2340 4772 ρἰεἎΑΕατ
2361 4697 2569 4772 eodem,
2592 4714 2643 4768 p.
2675 4698 2745 4753 90
2776 4698 2840 4772 υτ

431 4763 500 4824 Ἦ
533 4769 643 4823 τῶν
683 4763 924 4839 Ἀράϐωξί
950 4766 1220 4839 βα-σιλεία-
1235 4763 1447 4839 διάδεξαι

334 4844 604 4910 εδέξαντο
630 4833 864 4910 "Agentis;
892 4833 1144 4905 βάσιλεϊς.
1175 4834 1258 4888 Ea:
1276 4833 1475 4898 eodem,
1500 4850 1550 4902 p.
1579 4833 1648 4888 9‘2
1685 4833 1768 4887 Β.

1455 4763 1745 4840 μέγηῌίτὴν-
1768 4765 1876 4817 τῶν
1911 4763 2191 4818 xamsz
2233 4767 2514 4840 διήρκεσεν
2547 4763 2638 4839 Ern
2672 4775 2785 4822 σιε’.
2821 4769 3036 4840 Ταύτην
3080 4769 3377 4840 Ἀσσυρίων
3413 4764 3503 4840 μα’
3523 4767 3597 4824 δι-

410 4951 822 5036 (Ιχξςηεειιιιβ
854 4967 906 5020 p.
938 4949 1007 5005 90
1037 4951 1086 5032 ,Ο
1116 4949 1731 5036 εονὶὺὶιΙΧοσμὰξςϐολον,
1771 4967 1925 5036 eum-

2029 4951 2434 5036 narrasset-

317 5022 547 5104 queait
577 5022 897 5093 regnavisse
922 5022 1082 5076 annis
1111 5037 1220 5076 non
1268 5022 1393 5092 plus
1423 5029 1630 5090 septem
1675 5037 1798 5076 cum
1840 5023 1924 5077 di-

317 5099 369 5157 ιὶι
389 5099 532 5155 idio.
596 5140 598 5143 .

405 5169 487 5235 (2)
510 5166 743 5219 Graecus
775 5171 956 5216 textus
985 5161 1184 5215 54080.

405 5241 490 5309 (5)
521 5237 582 5309 l_n
620 5237 868 5298 margine
896 5247 1153 5286 ccxxxw.

403 5299 487 5378 (Α)
525 5305 692 5378 Hunc
729 5318 1017 5378 numerum
1068 5316 1235 5354 vam
1270 5299 1920 5378 supplevit_amanuensis

324 5383 384 5438 in
412 5370 702 5443 in'arginc.
751 5373 844 5426 sed
882 5373 1119 5427 fortasse
1171 5370 1644 5443 perperam.ldem
1693 5387 1919 5427 amanu—

324 5451 486 5510 ensis
517 5441 675 5499 retro
695 5459 794 5513 pro
821 5458 1017 5498 ccxxtv
1045 5443 1339 5510 scripserat
1368 5441 1422 5493 in
1455 5442 1700 5510 margine
1729 5457 1916 5500 xxxrv.

325 5524 656 5578 Aucunnus.

408 5587 592 5664 (5UV
637 5585 775 5652 [ἰθε-
798 5601 930 5664 ,ξῩοη
953 5586 1041 5649 19,
1084 5596 1193 5654 quo
1234 5580 1356 5635 loco
1384 5581 1709 5664 Vaticanum
1741 5597 1924 5664 exgm-

329 5653 748 5736 pla'rCnecum
794 5653 1363 5736 Biblioru‘m’ne'c'non
1411 5653 1726 5708 earumdem
1757 5654 1924 5710 inter-

329 5721 578 5809 pretatio
602 5725 932 5809 Armeniaca
956 5725 1157 5809 habent
1177 5721 1350 5809 Plauts:

403 5804 485 5871 (6)
517 5799 662 5857 Cod.
679 5795 838 5851 Arm.
863 5795 1024 5851 modo
1052 5791 1467 5862 Senecheribum,
1493 5792 1653 5851 modo
1670 5792 1916 5850 Seneclic-

2101 5025 2180 5095 (7)
2208 5021 2289 5095 ΑΥ
2313 5023 2448 5095 Reg.
2473 5039 2604 5076 xvm
2636 5029 2700 5095 et
2723 5038 2835 5078 xIx.

2099 5091 2178 5166 (8)
2205 5091 2269 5166 LV
2298 5091 2430 5166 Reg:
2460 5093 2724 5166 “111,15.

2097 5163 2175 5233 (9)
2208 5162 2342 5233 Cap.
2372 5162 2485 5222 itx,
2521 5163 2590 5217 57

2094 5231 2206 5302 (10)
2231 5231 2297 5285 IV
2315 5234 2440 5302 Reg.
2461 5249 2552 5294 xx,
2587 5250 2623 5286 ι.

2095 5303 2208 5371 (ll)
2236 5304 2352 5372 Cap
2409 5319 2498 5364 xx,
2533 5303 2622 5356 12.

2094 5369 2207 5447 (lg)
2254 5369 2602 5447 iri—margine
2630 5372 3044 5447 Ardamttzanc;
3084 5379 3137 5447 et
3177 5369 3421 5447 quidem,
3445 5375 3591 5447 apud

2021 5442 2257 5514 lV'Reg.
2301 5459 2422 5506 III,
2463 5444 2554 5505 57,
2591 5450 2645 5497 et
2681 5442 2976 5514 Josephum
3006 5481 3021 5506 ,
3066 5442 3246 5514 Antii].
3289 5459 3342 5514 ις,
3401 5443 3454 5506 1,
3480 5442 3592 5514 ’δε-

2029 5511 2378 5570 necheiimus
2402 5514 2721 5568 interﬁcitur
2749 5528 2779 5565 a
2819 5512 2944 5565 ﬁliis
2998 5511 3365 5568 Adremeleclio
3397 5523 3452 5569 et
3485 5513 3594 5568 Sa-

2034 5601 2248 5646 rasaro,
2306 5585 2400 5653 qui
2443 5599 2472 5636 a
2513 5583 2846 5638 Chorenensi
2886 5581 3030 5638 Hist.
3071 5599 3130 5651 ι,
3185 5584 3276 5648 2'3,
3329 5584 3590 5638 dicuntur

2026 5649 2338 5709 Adiamelus
2378 5663 2431 5708 ct
2472 5653 2798 5709 Sanasarus.

2141 5669 2338 5709 amems
2378 5669 2431 5708 ει
2472 5669 2798 5709 δαηαεαναε.

2095 5725 2206 5796 (15)
2244 5723 2318 5777 Ita
2359 5740 2503 5794 serpe
2540 5721 3062 5791 Nabucodrocsorus,
3089 5725 3222 5781 alias
3246 5735 3426 5779 tamen
3466 5723 3585 5778 Na-

2021 5795 2467 5852 butodonosorus.
