4126 6478
400 409 504 464 “5

1601 404 2104 462 CHRONICORUM
2144 405 2269 460 LIB.
2306 408 2346 462 I.

3548 412 3652 469 Μ’)

395 530 616 586 nomine
653 526 854 583 Ninum
903 527 1230 599 appellatam
1263 525 1438 587 aiunt.
1493 539 1615 596 quae
1653 535 1769 580 erat
1796 524 1968 594 prima
1997 531 2043 584 A
2070 525 2235 588 visse,
2262 539 2423 594 quam
2451 525 2688 581 hominis
2721 531 2805 580 est
2840 545 2852 579 :
2881 524 3026 595 quod
3057 541 3282 596 prorsus
3303 527 3371 582 de
3399 528 3655 588 universa

394 618 743 691 Assyriorum
783 619 916 674 urbs
943 618 1112 690 regia,
1147 631 1374 689 quasque
1400 617 1668 672 Assurum
1696 622 1977 670 auctorem

399 715 668 785 agnoscit.
700 711 831 767 Erat
861 720 1039 767 autem
1063 713 1150 766 hic
1178 711 1246 766 de
1274 709 1399 765 ﬁliis
1433 709 1602 775 Semi,
1635 725 1664 764 a
1702 725 1813 781 quo
1835 710 1979 766 dixi-

394 821 522 862 mus
545 813 840 876 occupatas
868 819 1056 860 omnes
1085 804 1272 874 plagas
1297 801 1554 858 Orientis.
1573 801 1694 857 Nati
1715 818 1779 858 ex
1815 801 1976 859 Semo

393 897 648 954 feruntur
675 896 752 970 (1)
780 898 940 954 etiam
971 897 1192 953 Elamus
1221 905 1276 953 et
1327 899 1567 955 Assurus
1593 904 1647 952 et
1685 897 1974 966 Arphaxa-

395 991 493 1046 des
521 999 574 1047 et
600 991 831 1047 Aramus
857 998 911 1046 et
937 989 1142 1046 Ludus.
1167 989 1236 1044 At
1258 1005 1324 1046 ex
1347 990 1536 1044 Elamo
1557 989 1663 1045 orti
1698 996 1827 1044 sunt
1849 987 1974 1042 Ela-

398 1084 562 1151 mitae,
609 1099 738 1154 gens
768 1083 940 1154 prima
993 1081 1282 1138 Persarum
1316 1082 1391 1153 (2)
1425 1100 1440 1139 :
1499 1082 1567 1136 ab
1602 1081 1690 1137 his
1719 1079 1967 1152 Elymais

399 1175 532 1231 urbs
563 1175 919 1230 condebatur.
959 1174 1170 1230 Assuro
1228 1174 1439 1245 Assyrii
1491 1174 1751 1245 progeniti
1801 1183 1922 1227 sunt
1951 1191 1971 1228 :

397 1265 770 1336 condebatque
800 1266 1042 1322 Assurus
1071 1267 1261 1322 urbem
1288 1265 1513 1332 Ninum,
1550 1281 1672 1336 quae
1703 1282 1827 1320 mox
1876 1265 1971 1322 Ni-

395 1355 518 1409 nive
551 1355 700 1408 dicta
732 1365 838 1410 est.
868 1355 948 1410 Ex
976 1357 1302 1427 Arphaxade
1347 1358 1733 1428 Arphaxadmi,
1789 1359 1884 1429 qui
1916 1365 1971 1414 et

391 1444 626 1502 Chaldaei
663 1449 884 1502 vocitati
949 1458 1076 1504 sunt
1155 1450 1254 1520 (5).
1318 1449 1399 1504 Ex
1453 1450 1658 1506 Aramo
1711 1450 1966 1516 Aramaei,

387 1535 587 1604 quibus
644 1544 963 1592 estnomen
1001 1539 1166 1594 etiam
1218 1537 1364 1610 Syri.
1396 1537 1475 1594 Ex
1531 1539 1686 1596 Ludo
1732 1541 1970 1612 denique

388 1624 519 1697 Lydi
552 1627 652 1693 (4).
693 1627 1034 1697 Arphaxadis
1060 1636 1241 1683 autem
1279 1629 1424 1685 ﬁlius
1481 1628 1584 1684 fuit
1613 1629 1769 1697 Sala;
1801 1632 1966 1703 hujus

385 1713 653 1782 IIeberus,
684 1733 714 1771 a
747 1735 858 1789 quo
886 1717 1239 1775 Hebraeorum
1267 1737 1463 1779 nomen
1506 1730 1561 1778 et
1591 1741 1724 1796 gens
1763 1741 1963 1797 propa-

381 1811 635 1879 gabatur.
669 1811 882 1866 Hebero
937 1815 1206 1868 successit
1239 1825 1396 1871 sexto
1447 1818 1568 1874 loco
1614 1818 1960 1876 Abrahamus

2077 616 2360 674 hominum
2388 618 2557 689 stirpe
2585 617 2960 690 designavisse
2983 619 3324 690 exploratum
3350 628 3435 678 est
3458 623 3559 694 ('6).

2148 707 2201 761 5.
2241 705 2348 762 Sed
2379 707 2522 763 enim
2559 716 2748 763 nostra
2773 708 2888 763 haec
2915 708 3272 780 chronologia
3303 711 3509 766 nullam
3531 713 3654 782 ejus

2075 798 2348 853 incolatus
2371 799 2635 854 rationem
2668 800 2924 856 habebit:
2957 817 3135 872 neque
3187 802 3424 857 ordietur
3453 819 3484 858 a
3511 806 3653 862 caelo

2075 902 2331 963 terraque
2352 892 2610 958 conditis,
2641 894 2721 948 uti
2746 894 2992 950 nonnulli
3021 895 3122 950 sibi
3148 895 3448 966 faciendum
3471 900 3652 954 existi-

2074 994 2390 1050 maverunt;
2426 983 2522 1040 sed
2550 985 2618 1040 ab
2670 1001 2737 1040 eo
2763 993 3007 1056 tempore
3053 1002 3163 1057 quo
3206 1001 3403 1043 natura
3458 999 3648 1044 nostra

2073 1076 2242 1146 coepit
2285 1091 2430 1140 esse,
2495 1077 2576 1131 uti
2631 1092 2780 1132 nunc
2811 1093 2871 1134 se
2927 1079 3108 1146 habet,
3164 1082 3450 1149 mortalis;
3484 1089 3650 1152 atque

2070 1168 2342 1238 ejusmodi
2375 1168 2500 1224 vitae
2523 1168 2764 1225 conditio
2796 1182 2828 1224 a
2871 1171 3052 1240 prisco
3086 1171 3180 1226 illo
3229 1179 3457 1242 parente
3485 1172 3646 1229 nobis

2070 1257 2263 1314 oborta
2289 1265 2374 1314 est
2411 1277 2425 1313 :
2451 1258 2567 1324 illo,
2600 1258 2847 1334 inquam,
2870 1261 2962 1330 qui
2983 1262 3239 1331 paradiso
3275 1262 3496 1330 excidit,
3528 1263 3645 1318 dul-

2069 1351 2228 1422 cique
2247 1365 2312 1406 ac
2337 1351 2582 1408 feliciore
2609 1352 2718 1408 vita
2737 1353 2996 1423 depulsus
3012 1361 3116 1422 est,
3136 1362 3190 1410 et
3218 1358 3436 1413 nomine
3461 1357 3642 1413 dictus

2067 1445 2330 1499 Adamus.
2377 1442 2554 1515 Hujus
2582 1460 2683 1516 ego
2708 1460 2904 1511 annos,
2932 1448 3133 1517 quibus
3187 1447 3404 1504 fatalem
3432 1460 3640 1506 morta-

2068 1537 2284 1608 Iemque
2310 1535 2477 1591 vitam
2501 1536 2792 1602 conclusit,
2812 1554 2879 1594 ex
2912 1537 3198 1595 Hebraicis
3224 1541 3508 1596 codicibus
3526 1541 3643 1596 col-

2067 1628 2252 1700 ligam,
2281 1627 2640 1698 sequentique
2701 1643 2954 1687 sermone
2982 1631 3246 1686 recitabo.
3284 1631 3341 1686 Id
3388 1633 3642 1690 videlicet

2064 1720 2349 1776 Hebraicae
2373 1721 2742 1793 chronologiae
2768 1732 2932 1794 caput
2953 1731 3058 1788 est,
3075 1723 3218 1780 unde
3237 1724 3403 1780 etiam
3438 1723 3642 1784 Mosai-

2065 1829 2164 1870 cus
2195 1813 2333 1869 liber
2367 1813 2471 1868 hoc
2498 1820 2658 1885 pacto
2690 1814 3028 1884 auspicatur.

378 1899 623 1956 Judaicae
644 1902 823 1972 gentis
877 1903 1210 1971 patriarcha,
1254 1907 1465 1963 decima
1523 1919 1647 1980 post
1695 1910 1957 1967 diluvium
1992 1887 2036 1943 Β
2133 1905 2188 1961 6.
2222 1923 2241 1957 ι
2279 1909 2321 1930 ’⁸
2349 1904 2417 1960 Ει
2461 1907 2645 1962 emisit
2675 1921 2820 1971 eum,
2871 1906 3069 1977 inquit,
3130 1908 3340 1965 scilicet
3398 1909 3636 1980 primum

380 1996 756 2064 generatione.
801 1993 928 2049 Haec
968 1995 1253 2055 hactenus.
1291 2001 1501 2072 Quippe
1551 2005 1722 2058 multa
1768 2006 1960 2076 paucis

379 2085 618 2139 diximus
640 2087 706 2141 ad
729 2087 1206 2145 demonstrandam
1237 2089 1589 2148 Hebraeorum
1647 2109 1771 2149 cum
1797 2093 1962 2150 Chal-

378 2178 512 2234 daeis
551 2188 604 2236 et
635 2179 874 2253 Assyriis
920 2183 1253 2240 afﬁnitatem.
1307 2183 1464 2240 Nunc
1511 2201 1692 2257 operae
1721 2191 1959 2259 pretium

378 2277 482 2333 est,
557 2288 617 2328 re
659 2275 822 2344 paulo
868 2277 1034 2333 altius
1088 2278 1339 2349 repetita,
1397 2279 1730 2350 principium
1779 2280 1958 2337 facere

377 2365 744 2437 chronologiae
765 2367 1138 2426 Hebraeorum.

442 2455 498 2512 5.
532 2456 650 2512 Jam
685 2459 848 2530 hujus
903 2463 1062 2519 initio
1091 2462 1277 2518 statim
1309 2477 1373 2518 ea
1403 2473 1594 2519 narrat
1627 2464 1801 2521 Moses
1833 2482 1956 2538 quae

373 2549 749 2621 primigeniam
808 2563 1054 2610 nostram
1100 2556 1429 2612 creationem
1487 2565 1738 2628 spectant
1777 2577 1792 2614 :
1829 2569 1954 2629 post

370 2639 668 2697 bonitatem
722 2651 903 2700 autem
957 2646 1251 2714 amissam,
1301 2649 1532 2718 primam
1585 2648 1950 2704 humanarum

368 2733 624 2805 stirpium
674 2737 876 2792 evolvit
937 2738 1250 2806 historiam,
1302 2756 1535 2811 quarum
1576 2743 1949 2813 patriarcham

368 2827 624 2898 praedicat
661 2829 947 2895 Adamum,
975 2831 1070 2902 qui
1099 2832 1319 2903 quidem
1352 2834 1537 2902 generi
1565 2835 1824 2890 universo
1855 2834 1951 2891 ho-

366 2933 658 2992 monymus
682 2930 767 2976 est
803 2941 816 2977 ε
847 2937 1084 2993 namque
1133 2922 1306 2978 Adam
1353 2925 1409 2979 in
1464 2923 1816 2981 Hebraeorum
1868 2927 1949 2983 lo-

367 3013 525 3080 quela
549 3022 783 3070 cunctos
811 3015 1062 3071 homines
1093 3013 1390 3073 universi’m
1421 3017 1712 3088 signiﬁcat.
1744 3019 1946 3074 [Erum

368 3101 554 3172 igitur,
589 3120 701 3174 quo
747 3105 837 3160 hic
892 3107 1148 3177 paradiso
1183 3107 1376 3176 pulsus
1422 3110 1590 3164 vitam
1635 3111 1943 3181 protelavit,

368 3191 588 3248 divinus
620 3210 718 3263 per
755 3193 960 3251 Mosem
990 3196 1234 3266 Spiritus
1274 3197 1528 3254 edisserit
1571 3217 1584 3254 :
1629 3209 1746 3254 tum
1795 3210 1946 3256 recta
1973 3230 2014 3288 ο

365 3285 509 3340 serie
571 3296 916 3357 posterorum
963 3288 1085 3358 ejus
1151 3290 1561 3346 successionem
1621 3299 1942 3357 enumerat,

365 3374 606 3445 itemque
636 3385 884 3447 tempora
923 3393 1025 3449 pro
1067 3378 1409 3450 singulorum
1439 3379 1691 3436 aetatibus
1727 3399 1740 3434 :
1788 3397 1946 3451 pror-

363 3482 461 3522 sus
495 3474 556 3521 ut
584 3467 698 3537 jam
759 3468 886 3524 inde
915 3469 984 3524 ab
1009 3469 1220 3527 Adamo
1271 3479 1566 3526 contexere
1597 3471 1757 3528 nobis
1783 3473 1946 3528 liceat

359 3568 525 3631 atque
549 3561 808 3617 ordinare
829 3561 1180 3619 Hebraeorum
1202 3563 1632 3634 chronologiam.

429 3651 487 3707 4.
516 3651 652 3706 Nam
684 3659 930 3724 tempora
956 3659 996 3720 θ,
1029 3655 1232 3725 quibus
1276 3656 1581 3711 habitatum
1613 3662 1698 3712 est
1719 3655 1775 3711 in
1822 3655 1935 3722 illo,

359 3743 456 3814 qui
505 3741 602 3799 Dei
651 3743 830 3802 dictus
855 3753 960 3811 est,
995 3747 1273 3817 paradiso,
1322 3763 1483 3804 nemo
1525 3758 1610 3804 est
1647 3747 1742 3818 qui
1783 3747 1937 3803 eﬁari

358 3844 543 3910 queat.
571 3837 684 3894 Imo
714 3839 850 3894 mihi
877 3841 1090 3896 videtur
1116 3841 1382 3898 mirabilis
1434 3842 1526 3896 ille
1558 3839 1758 3906 Moses,
1795 3841 1929 3898 divi-

358 3943 433 3984 no
462 3925 672 3998 Spiritu
695 3943 852 3994 usus,
881 3930 1067 3986 nescio
1097 3930 1245 4001 quod
1276 3929 1640 3984 diversorium
1681 3929 1813 3984 orbe
1836 3943 1936 3984 no-

357 4026 476 4075 stro
503 4019 724 4084 melius,
754 4027 810 4076 et
857 4021 1232 4078 beatissimum
1273 4021 1506 4092 aliquem
1564 4019 1676 4076 Deo
1723 4021 1935 4076 dilectae

356 4114 484 4168 vitae
511 4111 808 4168 incolatum
843 4113 1091 4178 innuere,
1115 4129 1240 4169 cum
1270 4114 1476 4184 primas
1510 4112 1736 4167 humani
1765 4128 1930 4184 gene-

357 4204 436 4262 ris
466 4203 625 4262 sedes
649 4205 964 4275 paradisum
999 4207 1235 4277 appellat
1266 4205 1384 4279 (5):
1421 4220 1616 4275 nempe
1657 4204 1930 4260 Adamum

355 4293 415 4350 in
442 4295 700 4367 paradiso
732 4298 1042 4355 suaviorem
1085 4297 1496 4368 dulcioremque
1535 4297 1705 4353 vitam
1760 4295 1933 4369 agita-

2063 1999 2360 2065 hominem,
2395 1999 2662 2058 Dominus
2694 1999 2838 2057 Deus
2865 2015 2896 2055 e
2926 1999 3182 2070 paradiso
3200 2001 3540 2068 deliciarum,
3576 2009 3638 2060 ut

2061 2096 2264 2145 terram
2319 2091 2592 2147 excoleret
2632 2091 2700 2147 de
2755 2107 2861 2161 qua
2897 2101 3148 2162 sumptus
3203 2100 3341 2150 erat.
3391 2092 3456 2147 Et
3476 2095 3639 2164 ejecit

2059 2183 2353 2249 Adamum,
2385 2199 2621 2256 eumque
2672 2200 2706 2240 e
2745 2185 2966 2254 regione
3021 2185 3259 2255 paradisi
3316 2185 3635 2242 deliciarum

2059 2276 2366 2332 collocavit.
2409 2294 2428 2329 ›
2465 2275 2604 2331 Tum
2635 2277 2786 2331 addit
2811 2280 2874 2314 “9
2920 2296 2933 2332 :
2997 2296 3016 2329 ι
3075 2275 3360 2350 Ingressus
3393 2277 3635 2335 Adamus

2057 2368 2126 2423 ad
2157 2369 2325 2423 Evam
2349 2384 2575 2425 uxorem
2601 2385 2759 2425 suam
2793 2376 2900 2435 est,
2933 2384 3054 2440 quae
3100 2371 3353 2442 concepit
3395 2373 3628 2443 peperit-

2056 2475 2163 2530 que
2214 2459 2468 2516 Cainum.
2541 2480 2561 2515 ›
2616 2461 2795 2532 Atque
2835 2462 2962 2517 hinc
3005 2461 3232 2518 omnino
3271 2469 3462 2519 nostra
3517 2464 3634 2520 haec

2055 2551 2415 2622 chronologia
2459 2552 2746 2609 exordium
2791 2553 2972 2623 capiat
3025 2571 3040 2608 :
3102 2553 3402 2624 superioris
3449 2562 3632 2610 autem

2055 2646 2337 2714 temporis,
2367 2644 2414 2700 si
2444 2659 2554 2715 qua
2582 2653 2687 2711 est,
2723 2645 2978 2710 historia,
3008 2661 3072 2702 ea
3109 2661 3337 2718 prorsus
3360 2655 3421 2702 ut
3443 2647 3633 2704 ineﬁ‘a-

2053 2735 2182 2792 bilis
2214 2751 2244 2790 a
2268 2737 2506 2807 posteris
2529 2738 2867 2808 temporibus
2893 2738 3139 2807 seiuncta
3180 2740 3469 2796 habeatur.
3517 2739 3630 2811 Age

2051 2839 2184 2880 vero
2220 2825 2324 2895 ipsi
2356 2823 2571 2881 Hebrai
2629 2827 2687 2882 in
2717 2828 2834 2884 suis
2882 2829 3222 2900 temporibus
3266 2832 3629 2902 supputandis

2050 2916 2210 2973 valde
2240 2917 2511 2974 dissident
2534 2918 2681 2974 inter
2711 2935 2770 2976 se
2807 2938 2820 2974 ε
2856 2936 3028 2992 quare
3058 2928 3239 2992 operae
3276 2925 3514 2994 pretium
3543 2931 3628 2980 est

2051 3015 2297 3064 textuum
2335 3009 2482 3081 apud
2504 3011 2662 3081 ipsos
2686 3014 3016 3068 exstantium
3047 3015 3296 3071 notitiam
3321 3016 3542 3082 habere,
3569 3027 3629 3071 ut

2049 3115 2116 3154 ex
2165 3100 2414 3155 instituta
2479 3102 2582 3158 rite
2628 3104 3039 3173 comparatione
3081 3107 3282 3162 veritas
3332 3107 3623 3164 elucescat.

2050 3189 2223 3248 Porro
2253 3193 2476 3248 Mosaici
2505 3194 2746 3264 quinque
2774 3193 2902 3249 libri
2933 3195 3084 3251 orbis
3114 3196 3411 3266 Opiﬁcium,
3438 3207 3626 3255 aetates

2049 3290 2166 3353 tum
2189 3285 2489 3340 viventium
2515 3291 2641 3340 ante
2670 3285 2936 3341 diluvium
2962 3297 3075 3342 tum
3108 3289 3415 3358 priscorum
3440 3290 3622 3346 homi-

2047 3392 2178 3431 num
2204 3384 2325 3447 post
2359 3377 2516 3443 illud,
2551 3392 2654 3433 nec
2687 3393 2797 3434 non
2838 3377 3133 3434 Hebraicas
3175 3383 3524 3452 propagines,
3570 3392 3625 3439 et

2046 3462 2283 3533 denique
2307 3462 2474 3520 Mosis
2505 3481 2571 3521 ex
2612 3465 2715 3521 hac
2738 3466 2848 3520 vita
2872 3483 3160 3523 excessum
3193 3471 3445 3528 recitant.

2117 3552 2169 3608 7.
2213 3553 2318 3609 Sed
2342 3555 2488 3610 enim
2516 3553 2674 3628 Legis
2701 3555 3122 3629 Volumenapud
3149 3558 3460 3618 Iudaeorum
3496 3578 3623 3620 suc-

2044 3659 2294 3702 cessores
2330 3647 2490 3704 aliter
2537 3663 2597 3704 se
2627 3649 2817 3718 habet,
2861 3658 3024 3722 atque
3070 3653 3214 3724 apud
3243 3652 3619 3715 Samaritanos

2041 3741 2136 3809 qui
2187 3739 2406 3795 fuerunt
2461 3739 2773 3814 Iudaeorum
2821 3745 3099 3817 proselyti.
3155 3747 3298 3813 Quin
3325 3749 3459 3804 adeo
3487 3752 3618 3822 ipsa:

2040 3831 2234 3887 litterae
2260 3833 2366 3888 alia
2391 3831 2565 3888 forma
2595 3835 2835 3906 praedita:
2863 3833 2991 3893 sunt
3027 3839 3170 3908 apud
3206 3838 3485 3908 Hebraeos,
3510 3845 3616 3899 alia

2041 3923 2186 3994 apud
2225 3922 2602 3983 Samaritanos
2639 3947 2651 3982 :
2694 3929 2846 3999 atqui
2872 3927 3246 3988 Samaritanas
3270 3935 3533 4004 genuinas
3560 3944 3616 3992 et

2039 4015 2392 4087 primigenias
2423 4017 2700 4074 habendas
2738 4035 2893 4086 esse,
2943 4037 3013 4077 ne
3039 4020 3349 4078 Judaaorum
3393 4026 3614 4096 quidem

2035 4107 2284 4164 haeredes
2311 4109 2516 4167 inﬁtias
2543 4112 2823 4167 ibunt"“.
2858 4111 3023 4184 Igitur
3043 4115 3169 4170 ante
3201 4123 3439 4174 mutatas
3466 4119 3614 4175 litte-

2034 4215 2126 4256 ras
2173 4201 2384 4257 nullum
2427 4205 2571 4258 inter
2597 4218 2692 4260 eos
2723 4205 3012 4261 discidium
3046 4205 3167 4262 fuit.
3218 4206 3432 4266 Rursus
3466 4212 3613 4282 quod

2033 4293 2228 4350 attinet
2250 4291 2320 4349 ad
2346 4293 2753 4367 chronologiam
2781 4296 3105 4355 manifestus
3131 4305 3217 4355 est
3243 4295 3479 4370 partium
3502 4298 3618 4355 dis-

427 4496 493 4568 (‘)
536 4498 648 4571 Τὴν
688 4499 785 4570 μὲν
817 4501 1091 4572 ποσότητα
1123 4499 1217 4554 τοῦ
1238 4501 1431 4574 χρόνου
1458 4498 1558 4570 τῆς
1584 4500 1642 4551 ὲν
1671 4496 1750 4568 τῷ
1784 4500 2098 4624 παὲαδείσῳ
2143 4502 2422 4573 διαγωγῆς
2463 4501 2572 4556 τῶν
2601 4501 3040 4573 πρωτοπλάστων
3082 4501 3392 4574 ἀτράνωτον
3422 4504 3552 4575 ἡμῖν
3584 4506 3616 4557 o

427 4567 588 4624 6mm:
625 4571 865 4624 Μωῦσῆς
893 4571 1266 4624 καταλέλοιπε.
1305 4571 1390 4624 Ea:
1418 4568 1760 4624 Suncellom.
1791 4569 1826 4622 4
1908 4613 1922 4624 .

352 4565 865 4643 θεόπτηξΜὼῦσῆς
893 4565 1287 4626 κατὰλὲλοιπέῖ
1305 4571 1390 4626 Ea:
1418 4565 1690 4641 Syrtcello,
1791 4569 1826 4622 4

425 4659 510 4732 (“)
551 4663 660 4715 Καὶ
697 4661 1075 4727 ἐξαπέστειλεν
1115 4663 1276 4717 αὐτὸν
1300 4665 1504 4734 Κύριος
1544 4663 1574 4714 ὁ
1623 4659 1851 4746 Θεὸςρκ
1909 4665 2002 4719 τοῦ
2051 4667 2380 4739 παραδείσου
2423 4666 2522 4738 τῆς
2553 4666 2782 4746 τρυφῆς,
2818 4664 3142 4790 ὲὲγάζεσθαι
3174 4665 3272 4739 τὴν
3315 4666 3419 4749 γῆν
3463 4662 3612 4791 ὲξές

425 4730 581 4791 ἥφθη.
641 4733 751 4785 Καὶ
805 4733 1026 4791 ἐξέϐαλε
1083 4733 1172 4788 τὸν
1236 4734 1442 4791 Ἀδὰμ..
1493 4734 1588 4788 καὶ
1647 4747 1952 4791 κατῳκισεν
2000 4737 2165 4791 αὐτὸν
2212 4737 2474 4791 ἀπέναντι
2533 4753 2627 4790 του
2688 4754 2838 4791 παοα
2871 4738 3016 4791 είσου
3070 4755 3172 4791 της
3229 4754 3462 4791 cautam.
3574 4753 3612 4791 at

350 4730 581 4810 Qtﬁcpﬂ'q.
618 4733 780 4810 Αῐξα)-
805 4733 1026 4798 ἐξέϐαλε
1083 4733 1172 4788 τὸν
1236 4730 1442 4806 Ἀδὰμ,
1493 4734 1588 4788 καὶ
1647 4730 1952 4801 κατῴκισεν
2000 4730 2165 4792 αὐτὸν
2212 4730 2490 4792 ἀπέναντι
2533 4730 2627 4790 τοῦ
2671 4730 3016 4809 ’παραδείσου
3070 4737 3172 4810 τῆς
3229 4730 3462 4810 τροφῆς.
3507 4730 3613 4792 'Ee

353 4798 480 4855 Geta.
508 4798 592 4867 ιιί,
615 4801 807 4869 23,24.

421 4895 532 4969 (“⁴)
583 4896 755 4968 Ἀδὰμ
778 4896 833 4950 δὲ
859 4895 1000 4966 ἔγνω
1026 4897 1171 4953 Εὕαν
1198 4898 1297 4972 τὴν
1323 4903 1556 4970 γυναῖκα
1583 4903 1768 4958 αὐτοῦ’
1798 4904 1891 4959 καὶ
1925 4902 2183 4958 συνέλαϐε
2209 4904 2304 4958 καὶ
2325 4903 2479 4958 ἔτεκε
2515 4903 2606 4958 τὸν
2640 4901 2893 4960 Κάῖν.Ε.π
2917 4903 3186 4969 Cen.tv,I.

423 4989 920 5116 (κηέλΔιαφωνοῦσι
948 4992 1020 5046 τὰ
1052 4993 1311 5077 Elimia
1342 4997 1647 5069 ἀντίγραφα
1676 4999 1811 5071 πρὸς
1824 4999 1886 5052 τὸ
1914 5000 2266 5125 ξαμοὲξειτῶν
2293 5000 2644 5071 ἀρναιὸτατον
2675 5000 2768 5054 καὶ
2792 5003 2903 5066 τοῖς
2920 5001 3260 5074 χαρακτῆρσι
3277 4999 3609 5068 διαλλάττον,

349 5059 378 5114 ὃ
410 5061 505 5116 καὶ
597 5061 725 5125 ηθὲς
746 5058 886 5116 εἶναι
919 5064 1011 5117 καὶ
1039 5081 1254 5125 πρωτον
1311 5066 1550 5125 Ἑϐραῖοι
1575 5068 2022 5125 καθομολογουσι.
2101 5087 2138 5124 a3
2167 5045 2432 5125 Suncello.
2460 5087 2513 5125 υ.
2548 5065 2620 5125 85
2645 5069 2710 5125 C.

597 5058 725 5134 ηθὲς
746 5058 886 5116 εἶναι
919 5064 1011 5117 καὶ
1039 5058 1254 5136 πρῶτον
1311 5058 1550 5138 Ἑϐραῖοι
1575 5058 2022 5142 ἱιαθοξιολογοῦσί.

421 5213 498 5284 (1)
519 5210 658 5272 Gen.
687 5232 744 5282 x,
768 5215 862 5273 22.

421 5301 858 5379 (2)_Suﬂ'ragatur
873 5305 1077 5379 diserte
1099 5305 1370 5379 Iosephus
1389 5313 1572 5379 Antiq.
1598 5329 1639 5374 I,
1667 5312 1733 5368 6:
1764 5313 1929 5368 Ἔλα-

421 5329 497 5374 (ι)
519 5329 695 5359 auum
735 5329 858 5360 atur
873 5329 1077 5365 ument:
1099 5329 1370 5379 Josepnus
1389 5329 1516 5367 mm
1559 5352 1572 5366 .
1598 5329 1639 5374 I,
1667 5329 1733 5368 σε
1765 5329 1928 5368 Ἐλα-

350 5391 450 5446 μος
487 5329 840 5455 Ἐτλαμαῇυςῄ,
871 5376 1098 5448 Περσῶν
1145 5377 1305 5455 δντας
1335 5329 1669 5455 ἀρχηγὲτας,
1711 5385 1928 5438 κατέλι-

347 5444 449 5498 πεν
472 5461 487 5474 ·
516 5444 740 5500 Ela‘mus
773 5444 1063 5525 Elamreos,
1089 5450 1178 5518 qui
1207 5444 1326 5506 sum
1357 5444 1664 5508 partem"!
1681 5455 1926 5525 progeni-

348 5523 506 5583 tores,
541 5519 854 5586 procreavit.

417 5602 496 5672 (5)
527 5603 674 5692 Idem
725 5607 886 5692 plane
912 5608 1102 5692 tradit
1122 5606 1572 5692 ‘Jo'sephusdoco
1610 5613 1871 5692 praedicto
1904 5633 1921 5671 :

331 5672 699 5798 .‘ggqtaﬁdo‘qc
723 5672 850 5741 τοὺς
882 5672 975 5734 ν’ὑν
1000 5672 1300 5745 Χαλδαίουξ
1312 5672 1699 5764 ..καλουμένους
1726 5685 1927 5757 Ἀρφα-

347 5742 377 5798 Ε
447 5745 598 5798 atoue
643 5747 950 5798 wvéwmsv.
979 5749 1151 5798 ἄρξας
1199 5752 1378 5798 αὑτων
1407 5768 1421 5781 ο
1452 5753 1796 5798 ΑτηΙυιειταιΙρς
1829 5773 1923 5798 nn-

347 5742 622 5835 assensi
642 5742 950 5835 myopaosy,
979 5749 1151 5835 αρξας
1199 5742 1378 5807 αὐτῶν
1398 5768 1421 5835 θ’
1449 5742 1923 5835 ΑὶρήΙαωῖεάεὲᾐὶιοτ

345 5831 465 5954 Εἷς
480 5815 868 5886 Arphaxadwis
893 5815 1038 5891 fecit,
1070 5837 1292 5893 quorum
1326 5815 1566 5894 princeps
1585 5824 1605 5895 (
1626 5823 1706 5879 vel
1731 5825 1921 5896 pater)

2101 5045 2710 5142 ἶὲξιὶιοῖῐῶῖρῗέξίόξ

1959 5229 2013 5290 D
2111 5223 2335 5298 (4)1mo
2369 5227 2426 5280 hi
2483 5225 2622 5298 Ludt
2671 5226 2802 5298 olim
2850 5224 3178 5298 dicebantur
3204 5232 3345 5298 teste
3367 5223 3605 5298 Joserpho

2035 5293 2361 5367 Ioconuper
2381 5297 2604 5367 laudato
2641 5315 2655 5351 :
2702 5296 2907 5360 Λυδοὺς
2945 5293 3042 5350 νῦν
3084 5295 3329 5361 καλοῦσι,
3372 5293 3607 5352 Λούδουο·

2033 5368 2090 5422 δὲ
2110 5367 2253 5432 τότε,
2275 5366 2490 5431 Λούδας
2523 5366 2727 5422 ἔκτισε.

2103 5456 2180 5529 (5)
2204 5457 2280 5513 De
2302 5459 2577 5529 paradiso,
2597 5458 2651 5512 in
2668 5473 2779 5529 quo
2795 5457 2972 5515 Moses
2987 5459 3312 5515 collocatum
3331 5459 3602 5516 Adamum

2030 5528 2253 5600 narrat,
2309 5529 2454 5582 haud
2509 5528 2750 5600 absimili
2807 5529 2972 5584 modo
3010 5530 3272 5600 iloquitur
3333 5531 3600 5587 Eusebius

2038 5597 2219 5668 Prwp.
2277 5615 2354 5654 ev.
2390 5614 2488 5661 ιιι,
2519 5599 2607 5660 II.
2643 5599 2730 5661 15,
2785 5600 2877 5668 qui
2909 5607 2963 5654 et
3009 5597 3304 5656 Mosaicam
3335 5604 3607 5658 narratio-

2035 5684 2157 5725 nem
2187 5669 2511 5740 opportunis
2541 5669 2786 5724 Platonis
2810 5671 2946 5726 locis
2975 5673 3284 5728 conﬁrmat.

2103 5761 2180 5832 (6)
2236 5759 2623 5837 Suhohscurus
2675 5762 2761 5817 vel
2805 5763 3093 5835 perplexus
3147 5771 3200 5820 et
3235 5765 3520 5837 ambiguus
3546 5765 3600 5819 in

2030 5831 2345 5890 Armeniam
2384 5840 2531 5890 textu
2563 5833 2738 5890 locus.
