4154 6482
1011 509 1241 564 CAPUT
1281 507 1520 564 XXXIX.

983 601 1358 655 Thessalorum
1407 619 1570 670 reges.

557 697 606 748 1.
640 691 892 748 Thessali
919 701 973 748 et
1005 692 1242 762 Epirota:
1279 693 1372 747 diu
1409 701 1708 762 paruerunt
1739 693 1929 749 iisdem
1963 693 2056 765 qui

484 783 872 839 Macedonibus
899 783 1292 853 priesidebant;
1329 799 1356 838 a
1391 783 1648 839 Romanis
1689 795 1868 840 autem
1899 785 2060 840 liber-

481 887 646 930 tatem
695 891 820 928 cum
883 875 1008 944 jure
1063 875 1248 928 utendi
1291 876 1409 930 suis
1457 876 1668 944 legibus
1717 877 1896 946 adepti
1932 887 2058 932 sunt

485 977 608 1037 post
635 967 948 1037 Philippum
995 968 1050 1020 in
1093 965 1376 1020 Thessalia
1421 971 1586 1024 armis
1617 967 1728 1022 Titi
1781 967 2058 1024 Romano-

483 1075 606 1112 rum
641 1059 798 1112 ducis
842 1059 1184 1128 proﬂigatum
1229 1058 1325 1127 (1).
1363 1057 1466 1114 Sed
1495 1069 1548 1114 et
1577 1059 1682 1129 ipsi
1711 1059 1924 1114 demum
1955 1063 2057 1116 sti-

453 1149 756 1220 pendiarii
795 1149 1166 1206 Romanorum
1205 1131 1332 1205 [lacti
1361 1159 1488 1206 sunt
1511 1153 1702 1208 eadem
1733 1167 1840 1223 qua
1882 1151 2054 1208 Mace-

483 1239 656 1294 dones
683 1253 872 1293 causa.

553 1331 609 1384 2.
666 1329 882 1384 Scilicet
933 1337 1055 1400 post
1100 1331 1308 1384 obitum
1359 1332 1654 1387 Alexandri
1711 1331 1796 1388 his
1839 1349 2058 1402 quoque

483 1421 765 1484 Aridaeus,
820 1421 912 1488 qui
957 1429 1011 1474 et
1061 1419 1366 1492 Philippus,
1415 1422 1704 1494 imperavit
1757 1423 1918 1478 annis
1971 1439 2058 1478 se-

482 1521 648 1580 ptem.
729 1509 866 1565 IIuic
927 1512 1192 1566 successit
1247 1511 1554 1568 Cassander
1607 1513 1948 1584 Epirotarum
2003 1523 2058 1570 et

489 1599 878 1655 Thessalorum
915 1616 1012 1656 rex
1059 1603 1220 1656 annis
1250 1604 1650 1658 novemdecim.
1685 1603 1820 1657 Tum
1857 1603 2060 1675 Philip-

485 1705 588 1758 pus
615 1690 734 1758 ejus
766 1689 910 1744 ﬁlius
935 1691 1222 1745 mensibus
1253 1692 1328 1762 (Ξ)
1359 1700 1612 1762 quatuor.
1649 1691 1850 1748 Deinde
1873 1701 1926 1748 et
1955 1695 2060 1748 hu-

479 1781 572 1848 jus
615 1778 813 1833 fratres
853 1779 1138 1849 Antipater
1187 1785 1243 1834 et
1294 1779 1600 1836 Alexander
1650 1781 1809 1838 annis
1843 1781 2058 1838 duobus

1201 393 1470 450 EUSI‘ZBII
1510 394 1988 450 CAESAItII-JNSIS
2013 393 2162 450 OPP.
2203 392 2385 448 PARS
2425 393 2462 446 l.
2497 423 2566 434 —
2605 391 2992 448 HISTORICA.

3619 391 3722 445 256

2082 517 2126 572 Α
2156 509 2437 564 Thessalia
2489 508 2738 574 fuerunt;
2779 507 3035 576 deinceps
3067 523 3194 561 vero
3225 507 3502 578 principes
3551 523 3718 563 annui

2159 599 2430 670 suffragiis
2475 599 2709 668 publicis
2759 597 2860 668 legi
2911 607 3216 666 creperum.
3269 597 3486 654 Primus
3539 611 3718 655 autem

2157 699 2376 746 creatus
2403 699 2488 743 est
2523 689 2820 743 Pausanias
2857 689 3159 754 Eclieerati,
3197 687 3477 744 Pherazus.
3517 691 3719 746 Deinde

2157 779 2420 849 Amyntas
2464 777 2716 840 Cratetis,
2769 777 3000 840 Pierius,
3062 793 3170 848 quo
3217 780 3519 849 imperante
3567 782 3722 838 Titus

2157 867 2385 922 Romam
2424 885 2678 924 reversus
2723 877 2826 924 est.
2861 867 3066 925 Deinde
3099 869 3354 925 Aiacides
3387 871 3570 928 Calliae
3613 889 3728 928 me-

2159 961 2544 1030 tropolitanus.
2593 961 2798 1014 Deinde
2832 959 3160 1030 Epidromus
3191 961 3579 1026 Andromachi,
3617 963 3710 1018 La-

2157 1054 2402 1117 rissaeus,
2435 1053 2714 1107 mensibus
2755 1061 2910 1118 octo;
2961 1053 3170 1122 reliqua
3215 1061 3395 1108 autem
3444 1055 3564 1124 ejus
3595 1057 3720 1110 anni

2159 1155 2312 1214 parte
2371 1143 2648 1198 Eunomus
2697 1143 2980 1213 Polycleti,
3041 1141 3378 1208 Larissaeus,
3443 1147 3724 1204 mensibus

2158 1243 2412 1304 quatuor.
2469 1233 2732 1288 Posthinc
2793 1233 3072 1290 Eunomus
3130 1249 3272 1289 anno
3337 1251 3466 1290 uno.
3519 1235 3724 1294 Deinde

2158 1327 2416 1382 Aiacides
2442 1326 2626 1381 Callia?
2649 1327 3096 1396 metmpolitanus
3127 1325 3345 1380 iterum.
3371 1325 3574 1382 Deinde
3595 1325 3724 1382 Pra-

2157 1419 2298 1473 vilus
2321 1419 2430 1488 (11)
2459 1417 2697 1482 Phaxiae,
2733 1417 3058 1473 Scotusaeus.
3083 1415 3284 1472 Deinde
3315 1417 3590 1474 Eunomus
3619 1419 3724 1474 Po-

2159 1511 2362 1582 lycleti,
2419 1509 2742 1574 Larissasus,
2795 1511 3014 1564 iterum.
3065 1509 3269 1564 Deinde
3311 1507 3722 1568 Androsthenes

2159 1603 2330 1666 Itlalii,
2345 1601 2643 1673 Gyrtonius
2665 1601 2796 1672 (I9).
2817 1599 3015 1657 Deinde
3031 1599 3472 1674 Thrasymachus
3489 1603 3724 1658 Alexan-

2157 1692 2264 1756 dri,
2315 1693 2592 1748 Atracius.
2645 1691 2850 1748 Deinde
2905 1691 3302 1748 Laontomenes
3341 1691 3720 1756 Damothonis,

2159 1779 2439 1834 Pheraeus.
2497 1779 2702 1836 Deinde
2747 1779 3048 1834 Pausanias
3103 1779 3474 1838 Damothonis.
3523 1781 3724 1840 Deinde

487 1869 882 1940 mensibusque
911 1887 1029 1926 sex.
1072 1871 1203 1926 Item
1235 1871 1543 1928 Demetrius
1572 1873 1828 1942 Antigoni
1861 1875 1936 1944 (5)
1962 1891 2058 1928 an-
2089 1867 2130 1922 B
2159 1870 2476 1926 Theodorus
2499 1871 2810 1936 Alexandri,
2831 1873 3064 1942 Argivus
3092 1873 3224 1943 (l3).
3259 1871 3459 1928 Deinde
3479 1873 3726 1929 Nicocra-

485 1967 573 2020 nis
603 1981 698 2019 sex
735 1965 1068 2034 totidemque
1101 1967 1398 2021 mensibus.
1441 1965 1636 2022 Postea
1669 1965 1914 2038 Pyrrhus
1943 1969 2055 2040 (δ’)

484 2056 646 2111 annis
677 2063 914 2126 quatuor
951 2057 1288 2126 totidemque
1321 2059 1622 2113 mensibus.
1669 2057 1872 2114 Deinde
1905 2059 2058 2130 Lysi-

487 2147 721 2202 machus
767 2146 1087 2217 Agathoelis
1117 2149 1276 2203 anuis
1311 2163 1428 2202 sex.
1459 2149 1580 2204 Mox
1621 2159 1674 2206 et
1709 2147 2054 2216 Ptolema-us,

485 2245 848 2307 cognomento
911 2237 1220 2302 Ceraunus,
1284 2253 1429 2294 anno
1488 2256 1597 2294 uno
1671 2243 2061 2314 mensibusque

487 2331 776 2398 quinque:
811 2345 972 2399 quem
1020 2333 1234 2400 excepit
1277 2331 1544 2401 Meleager
1589 2335 1868 2391 mensibus
1923 2337 2060 2392 duo-

487 2419 626 2474 bus:
667 2427 789 2490 post
831 2437 994 2491 quem
1049 2421 1337 2492 Antipater
1385 2423 1694 2494 Lysimachi
1722 2427 1798 2498 (4)
1822 2428 2062 2499 quinque

487 2519 542 2566 et
571 2511 930 2582 quadraginta
956 2512 1149 2568 diebus
1185 2535 1196 2568 :
1235 2525 1354 2584 post
1386 2531 1546 2586 quem
1579 2515 1878 2574 Sosthenes
1919 2535 2061 2575 anno

489 2619 628 2658 uno.
661 2603 1028 2658 Consecutum
1061 2613 1144 2660 est
1179 2605 1551 2678 interregnum
1581 2607 1796 2663 duobus
1827 2611 1988 2666 annis
2009 2621 2062 2666 et

489 2695 773 2750 mensibus
807 2697 1056 2750 totidem.
1103 2695 1240 2752 Exin
1285 2699 1601 2755 dominatus
1643 2709 1727 2756 est
1756 2701 2062 2774 Antigonus

491 2783 749 2838 Demetrii
779 2785 940 2841 annis
973 2786 1194 2856 triginta
1223 2795 1479 2857 quatuor,
1514 2789 1906 2862 mensibusque
1928 2793 2064 2848 duo-

491 2877 616 2932 bus.
651 2877 812 2930 Circa
846 2877 946 2932 hos
989 2893 1162 2933 annos
1183 2879 1428 2950 Pyrrhus
1473 2883 1708 2951 receptis
1745 2883 1797 2936 in
1833 2883 2066 2938 deditio-

489 2983 612 3022 nem
649 2969 904 3038 Antigoni
932 2971 1122 3038 copiis,
1155 2975 1450 3042 paucisque
1483 2975 1616 3028 locis
1671 2975 1898 3044 potitus,
1931 2993 2064 3048 prse-

491 3059 569 3112 lio
599 3057 794 3113 deinde
827 3059 1004 3113 Dei-dii
1029 3059 1106 3130 (5)
1142 3075 1170 3112 a
1217 3059 1488 3116 Demetrio
1527 3063 1638 3116 lilio
1679 3064 1938 3134 Antigoni
1971 3066 2065 3120 de—

491 3149 727 3204 bellatus
763 3159 866 3215 est,
916 3152 1187 3221 rebusque
1239 3164 1438 3210 exutus
1481 3154 1579 3224 (6).
1619 3153 1776 3210 Brevi
1823 3165 2064 3226 tempore

491 3249 632 3310 post,
655 3242 924 3296 exstincto
949 3242 1240 3314 Antigono,
1277 3247 1520 3318 regnavit
1545 3246 1666 3314 ejus
1695 3245 1838 3302 ﬁlius
1865 3248 2058 3303 Deme-

493 3331 634 3386 trius
679 3333 838 3388 annis
884 3332 1091 3387 decem.
1137 3333 1270 3390 Post
1315 3336 1460 3391 hunc
1507 3337 1814 3406 Antigonus
1871 3340 2062 3394 Deme.—

495 3423 584 3476 trii
632 3423 708 3494 (Ἰ)
752 3424 888 3492 ejus,
944 3426 1040 3494 qui
1091 3427 1354 3497 Cyrenem
1383 3417 1690 3498 profectus
1739 3439 1826 3484 est
1868 3431 1969 3500 (8),
2008 3439 2061 3486 et

491 3511 828 3584 Olympiadis
860 3515 935 3586 (9)
989 3515 1110 3570 ﬁliae
1143 3515 1402 3587 Polycleti
1441 3517 1714 3586 Larissmi,
1761 3521 1921 3575 annis
1965 3537 2064 3575 no—

493 3619 637 3658 vem.
669 3603 768 3659 Hic
802 3605 1013 3662 Achaeis
1047 3610 1324 3678 suppetias
1350 3609 1562 3665 validas
1605 3601 1791 3666 ferens
1817 3611 2063 3670 Cleome-

493 3710 618 3749 nem
675 3693 1120 3752 Lacedzemonum
1165 3707 1454 3770 tyrannum
1505 3703 1695 3772 prtelio
1751 3707 2060 3776 superavit,

499 3783 909 3856 Spartanosque
949 3789 1200 3844 libertate
1251 3790 1494 3856 donavit,
1529 3807 1592 3848 ac
1634 3795 1849 3850 divinos
1895 3809 2063 3866 prope

485 3879 734 3948 (honores
809 3880 952 3949 apud
1035 3881 1354 3936 Achaeorum
1433 3895 1648 3954 gentem
1733 3887 2065 3957 promeritus

497 3979 582 4025 est
613 3969 745 4042 (16).
801 3969 934 4026 Post
981 3971 1126 4026 hunc
1175 3971 1456 4044 Philippus
1512 3975 1768 4032 Demetrii
1821 3980 2065 4047 regnavit

499 4060 660 4114 annis
691 4075 826 4114 xxiii
860 4077 984 4114 cum
1018 4063 1298 4118 mensibus
1333 4081 1388 4119 ix
1415 4084 1430 4121 :
1455 4073 1567 4120 tum
1594 4067 1780 4136 praelio
1809 4068 1862 4122 in
1893 4067 2068 4124 Thes-

500 4153 636 4206 salia
667 4168 696 4206 a
725 4151 846 4210 Tito
890 4153 1028 4209 duce
1057 4153 1286 4210 Romani
1319 4157 1594 4212 exercitus
1623 4159 1928 4214 debellatus
1956 4168 2068 4214 est.-

499 4245 546 4300 Α
575 4243 834 4302 Romanis
867 4257 1046 4304 autem
1078 4248 1379 4304 libertatem
1415 4257 1848 4320 potestatemque
1875 4252 2061 4306 utendi

499 4354 616 4394 suis
659 4337 864 4409 legibus
912 4349 1240 4410 acceperunt
1297 4339 1542 4397 Thessali
1581 4344 1817 4414 itemque
1861 4345 2060 4416 reliqui

499 4431 670 4486 Graeci
698 4432 790 4502 qui
821 4433 1050 4503 vectigal
1080 4431 1328 4502 Philippo
1357 4433 1688 4502 pendebant.

2158 1973 2240 2020 tes
2266 1963 2522 2030 Phaxiui,
2567 1963 2902 2020 Scotusaeus.
2941 1964 3143 2020 Deinde
3183 1965 3554 2036 Hippolochus
3595 1969 3724 2022 Ale-

2158 2057 2327 2126 xippi,
2356 2055 2678 2110 Larissaeus.
2713 2055 2916 2110 Deinde
2945 2055 3358 2111 Cleomachides
3387 2057 3581 2122 (Enei,
3619 2057 3726 2112 La-

2161 2147 2404 2203 rissmus.
2427 2145 2626 2202 Deinde
2644 2145 2914 2218 Pliyrinus
2929 2147 3312 2214 Aristomenis,
3335 2147 3720 2218 Gomphensis.

2228 2241 2282 2294 4.
2325 2237 2402 2292 Eo
2440 2253 2584 2291 anno
2637 2236 2918 2307 Philippus
2971 2253 3062 2292 res
3107 2237 3240 2292 obiit
3289 2239 3346 2293 in
3385 2237 3721 2304 Macedonia,

2159 2333 2428 2400 potestate
2459 2327 2514 2380 in
2547 2327 2716 2380 lilium
2751 2325 3008 2381 Perseum
3041 2326 3326 2382 translata.
3365 2325 3420 2380 Is
3447 2325 3724 2382 Thessalis

2159 2423 2540 2492 imperaverat,
2575 2417 2854 2472 utdictum
2873 2427 2976 2480 est,
3008 2417 3164 2472 annis
3191 2417 3381 2486 viginti
3407 2417 3518 2488 (11)
3547 2417 3722 2471 tribus

2161 2527 2284 2566 cum
2333 2511 2612 2564 mensibus
2653 2523 2869 2574 novem,
2907 2505 3296 2564 Hacedonibus
3341 2517 3520 2564 autem
3565 2509 3723 2564 annis

2161 2603 2383 2658 omnino
2425 2601 2782 2674 quadraginta
2833 2601 3046 2656 duobus
3094 2609 3148 2656 et
3189 2601 3468 2656 mensibus
3497 2615 3712 2656 novem.

2159 2695 2280 2752 Iam
2309 2713 2440 2752 vero
2472 2713 2502 2750 a
2531 2697 2844 2752 centesima:
2879 2705 2932 2752 et
2969 2705 3178 2766 quarta:
3205 2697 3429 2752 decima:
3457 2697 3724 2768 olympia-

2161 2789 2248 2846 dis
2277 2805 2421 2843 anno
2449 2788 2647 2852 altero,
2687 2803 2796 2858 quo
2827 2795 3067 2860 tempore
3099 2787 3264 2843 rebus
3291 2789 3614 2858 prmpositus
3642 2795 3724 2843 est

2163 2877 2445 2951 Philippus
2469 2879 2782 2951 (Aridwus),
2817 2893 2992 2949 usque
3025 2877 3092 2931 ad
3119 2875 3428 2950 Philippum
3469 2875 3722 2934 Demetrii

2163 2973 2516 3036 exstinctum,
2575 2971 2734 3042 cujus
2775 2971 2958 3026 obitus
2987 2971 3178 3025 incidit
3217 2971 3272 3025 in
3311 2971 3623 3026 centesimae
3669 2979 3724 3026 et

2165 3065 2630 3134 quinquagesimae
2687 3063 3010 3135 Olympiadis
3057 3077 3258 3116 annum
3319 3063 3548 3116 alterum
3597 3077 3722 3117 cum

2165 3157 2408 3226 quinque
2457 3155 2768 3220 mensibus,
2814 3153 3122 3210 conﬂantur
3165 3153 3296 3208 anni
3343 3169 3524 3218 chtv,
3573 3169 3728 3210 men-

2165 3257 2362 3312 sesque
2387 3257 2440 3296 ν.

2233 3335 2286 3388 5.
2329 3331 2714 3389 Thessalorum
2745 3349 2928 3406 regum
2965 3347 3200 3388 summa.

2235 3423 2276 3480 Ι.
2317 3422 2586 3486 Aridasus,
2617 3423 2868 3492 idemque
2897 3419 3198 3492 Philippus,
3225 3423 3384 3476 annis
3409 3435 3504 3477 vn.

2233 3515 2298 3572 ll.
2337 3515 2648 3572 Cassander
2677 3517 2836 3570 annis
2867 3533 2979 3570 xix.

2235 3607 2324 3662 Ill.
2365 3607 2650 3678 Philippus
2675 3607 2954 3664 mensibus
2983 3623 3056 3664 tv.

2235 3699 2326 3756 IV.
2369 3700 2654 3770 Antipater
2675 3699 2792 3772 (15)
2821 3707 2876 3756 et
2899 3699 3206 3754 Alexander
3231 3701 3390 3756 annis
3421 3715 3458 3754 ιι
3483 3705 3538 3756 et
3565 3713 3726 3756 men-

2165 3795 2320 3850 sibus
2341 3811 2416 3850 v1.

2245 3882 2304 3936 ν.
2349 3883 2655 3940 Demetrius
2685 3885 2924 3948 annis,“
2949 3893 3002 3939 et
3029 3887 3308 3944 mensibus
3329 3901 3404 3942 vt.

2237 3973 2326 4032 VI.
2365 3973 2609 4046 Pyrrhus
2647 3977 2806 4032 annis
2829 3993 2888 4030 ιιι
2913 3976 3024 4046 (16)
3057 3989 3110 4034 et
3143 3979 3424 4036 mensibus
3449 3993 3524 4032 tv.

2235 4067 2350 4122 Vll.
2389 4067 2747 4140 Lysimachus
2777 4070 2934 4124 annis
2955 4085 3032 4127 Vl.

2239 4158 2372 4216 VIII.
2415 4159 2756 4228 Ptolemaeus,
2797 4161 3049 4233 idemque
3089 4163 3398 4228 Ceraunus,
3436 4173 3626 4217 annos
3671 4167 3728 4217 et

2167 4251 2446 4307 mensibus
2471 4267 2525 4306 v.

2237 4341 2330 4397 IX.
2371 4341 2634 4412 Meleager
2661 4339 2944 4397 mensibus
2969 4335 3034 4393 Il.

2237 4435 2302 4488 Χ.
2343 4433 2626 4504 Antipater
2651 4433 2844 4488 diebus
2875 4449 3000 4490 XLV.

571 4521 623 4576 5.
673 4521 737 4574 Et
795 4522 969 4591 primo
1019 4521 1238 4591 quidem
1288 4535 1431 4574 anno
1485 4521 1619 4576 nulli
1675 4522 1950 4596 principes
2005 4521 2059 4575 in
2095 4545 2142 4602 ι)
2237 4523 2330 4578 XI.
2373 4523 2670 4580 Sosthenes
2711 4539 2856 4579 anno
2887 4541 2922 4578 I.

573 4699 648 4770 (1)
689 4699 968 4770 Legendus
1006 4700 1192 4756 Livius
1215 4715 1388 4764 xxxii,
1425 4701 1490 4755 10
1530 4715 1675 4769 sqq.,
1719 4707 1834 4753 tum
1865 4713 2063 4764 xxxiii,

501 4770 591 4826 52.
627 4787 812 4826 xxxiv.
841 4773 892 4824 1.

577 4811 591 4832 ,
627 4787 812 4832 XXXIV,
841 4787 892 4824 1.

575 4841 650 4909 (9.)
688 4839 870 4896 Codex
907 4841 1056 4896 Arin.
1087 4841 1174 4894 hic
1202 4843 1377 4904 annis,
1404 4840 1498 4896 sed
1521 4839 1750 4893 inferius
1781 4837 2066 4894 mensibus.

575 4841 630 4909 (ι).
688 4841 870 4896 Codex
907 4841 1056 4896 Arin.
1087 4841 1174 4894 hic
1202 4843 1377 4904 annis,
1404 4841 1498 4896 sed
1521 4841 1750 4893 inferius
1781 4841 2064 4894 mensibus.

574 4841 652 4982 (δὲ
691 4909 870 4982 Codex
901 4910 1063 4982 Ar_m._
1086 4912 1374 4982 Antipatri,
1415 4910 1560 4980 quod
1591 4909 1782 4964 vitium
1813 4909 2064 4963 emenda-

501 4979 680 5034 viiims
709 4981 870 5034 etiam
905 4979 1009 5036 col.
1035 4979 1164 5043 219,
1201 4994 1260 5039 n.
1288 4981 1344 5041 1.

575 5051 690 5172 (5‘)
730 5049 988 5120 Pyrrhus.
1021 5059 1098 5102 Ita
1145 5061 1228 5106 est
1259 5057 1422 5103 etiam
1459 5050 1512 5104 in
1545 5047 1752 5104 Veneta
1789 5049 2066 5113 editione;

575 5137 578 5172 1
629 5128 806 5172 tamen
847 5121 1197 5172 scribendum
1231 5123 1454 5172 omnino
1493 5127 1578 5172 est
1603 5119 1900 5172 Alexander
1931 5119 2066 5172 I’ur-

504 5119 598 5202 sed
629 5119 806 5202 tamen
847 5121 1197 5176 scribendum
1231 5123 1454 5176 omnino
1493 5127 1578 5174 est
1603 5119 1900 5174 Alexander
1931 5119 2072 5190 Pyr-

503 5191 780 5312 rhiflius.
1018 5260 1028 5270 _
1284 5259 1294 5268 _
1707 5261 1758 5272 Η
1835 5261 1846 5271 ⁸
1985 5260 1994 5269 .

577 5265 592 5326 (
639 5266 652 5327 )
713 5259 922 5330 Itursiis
981 5260 1195 5314 vuletur
1243 5259 1534 5314 dicendum
1614 5259 1868 5330 Philippi.
1933 5257 2070 5314 Vide

505 5343 626 5399 sup.
668 5327 773 5399 col.
803 5328 928 5395 254,
958 5346 1011 5384 ιι.
1043 5331 1076 5386 6

575 5398 650 5470 (5)
693 5398 916 5470 Yidetur
943 5402 1230 5455 dicendum
1260 5399 1438 5470 Argis.

575 5469 652 5535 (6)
693 5469 924 5538 Legendi
958 5481 1085 5524 sunt
1114 5467 1362 5525 Justinus
1396 5485 1521 5530 xxv,
1559 5477 1612 5521 et
1648 5467 1976 5524 Plutarchus
2015 5467 2068 5520 in

495 5537 734 5611 Pyrrho.
776 5537 892 5611 1am
933 5541 996 5611 si
1032 5541 1244 5596 scribas
1285 5541 1536 5611 superius
1580 5539 1758 5608 Argis,
1791 5539 1942 5594 dices
1981 5539 2072 5592 hic

496 5607 756 5678 Tellusque
785 5610 1024 5662 humanis
1050 5621 1260 5665 exutus.

579 5677 654 5748 (7)
698 5679 970 5748 Immerito
1015 5681 1297 5748 igiturhic
1333 5679 1638 5744 Antigonus
1667 5677 1952 5734 videbatur
1979 5677 2072 5731 Al-

505 5747 692 5818 cyOnei
743 5749 884 5804 [ilius
933 5747 1220 5802 Iteiiieccio
1253 5749 1526 5803 Munarch.
1581 5759 1697 5803 [ει-ι.
1736 5765 1806 5818 γρ.
1856 5749 1980 5804 129.
2025 5751 2070 5800 A

505 5817 776 5874 Pausania
805 5835 897 5886 vn,
934 5819 982 5885 7,
1023 5819 1222 5875 dicitur
1267 5821 1588 5892 Antigonus
1621 5817 1838 5887 ἀνεψιὸς
1866 5821 1942 5890 τῷ
1981 5821 2072 5872 Φι-

2165 4703 2368 4773 λίππῳ,
2395 4705 2487 4756 καὶ
2526 4703 2719 4774 μητέρι
2751 4703 2914 4759 αὑτοῦ
2947 4705 3230 4764 συνοικῶο,
3259 4701 3492 4772 Philippi
3517 4713 3730 4770 patrus-

2169 4775 2234 4827 lis
2255 4785 2302 4826 et
2333 4774 2568 4828 vitricus.

2239 4845 2312 4910 (8)
2353 4842 2566 4912 Videsis
2601 4858 2720 4912 cap.
2753 4841 2842 4906 '58,
2878 4859 2933 4898 ιι.
2969 4843 3024 4898 9.

2239 4907 2314 4984 (9)
2353 4911 2608 4984 Demetrii
2647 4907 2786 4968 uxor
2833 4923 2986 4984 erat,
3019 4911 3412 4984 Phthia;_ergo
3453 4907 3728 4984 Qlympias

2169 4979 2492 5052 concubina.
2525 4981 2708 5052 Neque
2741 4984 2846 5036 huc
2887 4979 3416 5052 trahendaividetur
3451 4979 3729 5052 Olympias

2169 5051 2364 5132 Pyrrhi
2409 5051 2635 5132 epirotai
2667 5051 2966 5132 regislilia,
3005 5069 3128 5121 quae
3165 5051 3424 5132 Demetrii
3465 5051 3726 5106 auxilium

2171 5122 2498 5190 imploravit,
2533 5122 2900 5178 testeJiistino
2933 5139 3122 5184 xxviii,
3159 5123 3210 5176 1.

2241 5189 2352 5260 (10)
2395 5190 2518 5245 llaec
2537 5193 2604 5247 de
2631 5195 2899 5258 Antigono
2931 5196 3036 5248 late
3065 5193 3358 5262 praedicant
3383 5189 3639 5262 Polybius
3669 5205 3730 5262 l_t,

2171 5261 2264 5326 70;
2297 5261 2482 5316 Livius
2509 5277 2598 5324 xc,
2645 5263 2746 5330 5i;
2775 5259 3078 5318 Pausanias
3101 5279 3164 5322 ιι.
3189 5263 3242 5324 9,
3267 5277 3356 5326 vr;
3389 5259 3495 5328 16έ
3539 5275 3638 5323 sit,
3669 5259 3728 5312 7·

2171 5345 2286 5392 vtit,
2323 5333 2385 5398 8;
2421 5331 2666 5386 Justinus
2696 5349 2886 5396 xxvnt,
2911 5333 3026 5398 δή.
3051 5343 3106 5389 et
3131 5331 3348 5388 Suidas.

2271 5403 2350 5468 Il)
2393 5402 2642 5462 Inferius,
2669 5403 2922 5456 Praviles.

2267 5463 2354 5532 12)
2395 5473 2474 5543 l_t_a
2504 5473 2555 5525 in
2583 5475 2820 5543 margine
2841 5473 3046 5528 codicis
3079 5471 3313 5538 Arm.;at
3339 5471 3394 5526 in
3423 5476 3572 5526 textu
3597 5463 3732 5522 Gor-

2171 5539 2364 5595 tonius.
2397 5539 2537 5612 l‘lum
2573 5539 2896 5612 Gorti'piius?

2243 5611 2260 5684 (
2273 5612 2356 5684 l5)
2381 5611 2520 5684 Puta
2541 5628 2619 5684 eas,
2637 5611 2790 5684 Argis
2825 5611 3236 5676 amphilochicis.

2267 5681 2352 5746 H)
2381 5680 2536 5753 Deest
2569 5680 2658 5753 hic
2688 5680 2864 5753 viginti
2893 5684 2946 5736 iii
2981 5683 3102 5738 cod.
3131 5683 3278 5736 Arni.

2269 5753 2355 5822 I5)
2381 5750 2560 5822 Codex
2591 5750 2766 5814 Armf.
2799 5753 3112 5822 Antigonus.

2244 5819 2356 5893 (16)
2383 5819 2644 5892 Superius
2669 5838 2742 5878 iv.
