4154 6440
364 364 485 419 289‘
1623 345 2004 404 CIIRONICOF

1623 343 2127 404 CIIRONICORUM
2170 342 2315 399 ΗΒ..
2340 341 2381 394 1.

875 478 1026 531 ΡΠΕ¹
1063 472 1443 531 ΟΛΥΜΠΙΑΣ.
1989 472 2031 529 Α

364 574 439 627 I".
468 573 563 626 ὑπ.
592 570 969 643 Κορνεφηκίου
996 570 1091 624 καὶ
1115 568 1420 640 Πομπηΐου.

365 671 438 720 Δ’.
468 667 564 720 ὑπ.
586 639 927 717 ’Ἄντωνίνου
953 663 1048 717 καὶ
1072 639 1333 724 Λίϐωνος.

1311 678 1333 712 ι,
2054 644 2145 700 IV.
2181 642 2459 697 Antonino
2485 648 2541 696 et
2566 639 2774 696 Libone
2804 653 2951 695 coss.

367 761 443 813 E'.
474 759 570 812 ὑπ.
608 755 959 811 ὐκταϐιανοῦ
988 753 1298 823 Αὐγούστου
1332 750 1425 806 καὶ
1449 748 1780 820 Κικέρωνος.

1645 764 1780 811 ιινος.
2055 735 2122 790 V.
2161 733 2460 790 Octaviano
2487 731 2735 802 Augusto
2764 737 2815 788 et
2845 729 3112 787 Cicerone
3138 741 3285 784 coss.

370 855 461 909 σν.
491 850 587 905 ὑπ.
629 846 982 904 Ὀκταϐιανοῢ
1021 819 1331 917 Αὐγούστου
1369 843 1433 898 τὸ
1455 844 1499 915 β’
1642 836 1952 912 Κορϐιλίου.

1728 836 1952 912 ρϐιλίου,
2058 827 2149 884 VI.
2184 826 2485 883 Octaviano
2510 822 2759 894 Augusto
2798 837 2837 875 ιι
2867 832 2921 877 et
2951 819 3193 914 Carvilio
3220 833 3367 875 coss.

863 963 1030 1030 Ρῐιεῖι
1069 960 1447 1016 οΑΥΜΠιΑΣ.
2489 941 2503 991 1

1728 899 1740 912 ’
2489 934 2801 993 CLXXXVI
2833 899 3206 991 emimus.

368 1059 443 1112 Z'.
471 1057 565 1111 ὑπ.
606 1052 960 1109 Ὀκταϐιανοῦ
990 1026 1302 1122 Αὐγούστου
1324 1050 1387 1104 τὸ
1412 1057 1460 1119 γ’
1486 1048 1581 1103 καὶ
1605 1045 1883 1119 Κράσσου.

1711 1045 1883 1100 ῑισσου.
2058 1033 2175 1089 VII.
2205 1031 2503 1089 Octaviano
2522 1030 2770 1100 Augusto
2801 1043 2859 1081 ιιι
2892 1035 2947 1082 et
2969 1026 3173 1082 Crasso
3200 1038 3351 1079 coss.

369 1155 453 1207 ιιι.
483 1153 578 1206 ὑπ.
639 1147 994 1205 Ὀκταϐίανοῦ
1044 1116 1358 1215 Αὐγούστου
1394 1116 1457 1198 τί)
1493 1143 1536 1196 δ’
1560 1116 1672 1196 καὶ*
1701 1140 1957 1211 Κράσσου

1799 1140 1957 1194 iam,
2058 1123 2196 1181 VIII.
2227 1122 2526 1181 Octaviano
2552 1119 2802 1190 Augusto
2833 1133 2888 1173 Iv
2915 1126 2969 1173 ct
2989 1116 3193 1173 Crasso
3221 1131 3262 1170 ιι
3292 1130 3439 1172 coss.

440 1242 501 1295 τὺ
531 1242 595 1295 ϐ’.

440 1242 501 1295 τὺ
563 1248 595 1294 ’.

371 1336 448 1387 Θθ.
483 1241 579 1388 ὐτῗ.
620 1332 978 1405 Ἀενοϐάρϐου
1007 1331 1101 1385 καὶ
1138 1329 1402 1383 Σωσσίου.

378 1381 407 1387 υ
436 1381 448 1387 -
488 1381 579 1388 --η
634 1381 971 1405 ---ηηΓη
1141 1381 1284 1383 Α---
1331 1381 1340 1382 ,
1390 1381 1399 1382 ,

374 1429 431 1481 I'.
462 1428 556 1481 ὑπ.
602 1424 951 1480 Ὀκταϐιανοῦ
980 1423 1290 1493 Αὐγούστου
1332 1421 1395 1475 τὸ
1420 1427 1460 1474 ε’
1491 1420 1584 1473 καὶ
1616 1416 1957 1488 Ἀπουληῖου.

1671 1416 1957 1488 mgnum
2061 1391 2131 1447 X.
2161 1390 2460 1447 Octaviano
2480 1386 2728 1458 Augusto
2758 1400 2793 1438 v
2822 1390 2878 1439 et
2908 1381 3138 1453 Apuleio
3165 1394 3311 1435 coss.

850 1538 997 1590 PIIZ'
1039 1497 1416 1588 οΑιίιιιΙιΑΣ.
2477 1503 2490 1553 ε

2477 1494 2812 1555 CLXXXVII
2846 1489 3220 1550 OLYMPIAS.

377 1630 478 1683 IA'.
511 1629 607 1683 ὑπ.
640 1583 992 1681 Ὁκταϐιανοὺ
1456 1625 1509 1684 ς’
1533 1618 1628 1671 καὶ
1662 1615 1959 1690 Ἀγρίππα.
2191 1591 2493 1694 θξίθνίίξῐιο
2511 1590 2758 1694 Αξιέυειο
2789 1601 2845 1639 Vl
2868 1593 2922 1641 ει
2950 1583 3191 1686 Asrippa
3218 1594 3367 1637 0°35-

378 1724 477 1776 IB'.
521 1722 615 1775 ὑπ.
661 1675 1349 1785 ὈκταϐιανοῦήΑὐγούστου
1380 1711 1441 1765 τὸ
1466 1675 1527 1776 ,ζ’
1561 1710 1655 1764 καὶ
1690 1675 1965 1779 Ἀγρίππα

1872 1724 1965 1761 ma
2064 1685 2182 1743 XII.
2219 1684 2523 1741 Octaviano
2554 1682 2803 1753 Augusto
2830 1694 2905 1735 vn
2927 1684 2982 1732 et
3013 1675 3251 1747 Agrippa
3275 1689 3312 1727 ιι
3338 1686 3481 1727 coss.
3509 1719 3512 1724 .

378 1814 607 1967 ΙΓῖὲὺβπ..
648 1901 1002 1959 Ὀκταϐιανοῢ
1029 1897 1342 1968 Αὐγούστου
1368 1895 1430 1949 τὸ
1450 1901 1501 1967 η’
1533 1895 1627 1949 καὶ
1653 1891 1890 1965 Ταύρου.
1990 1827 2036 1884 Β
2239 1866 2546 1968 Ροίθνίδηο
2571 1863 2821 1935 Αυευειο
2846 1874 2946 1917 VI"
2976 1865 3037 1968 ei
3062 1856 3245 1912 Tauro
3273 1870 3417 1912 (³0⁸⁸·

377 1960 483 2051 IA'.
508 1997 603 2051 ὑπ.
647 1991 998 2049 Ὀκταϐιανοῦ
1024 1949 1333 2059 Αὐγούστου
1356 1986 1419 2040 τὸ
1452 1949 1497 2040 δ’
1525 1986 1619 2040 καὶ
1644 1949 1889 2037 Σιλανοῦ.

1726 1949 1889 2037 ιηιξιοῦ,
2066 1960 2207 2017 XIV.
2231 1958 2532 2016 Octaviano
2562 1957 2812 2027 Augusto
2837 1970 2890 2009 IX
2916 1960 2970 2009 et
3004 1949 3191 2006 Silano
3219 1964 3366 2006 coss.

886 2105 1045 2158 PIIH'
1085 2099 1466 2158 οΑΥΜιιιΑΣ.
2475 2072 2526 2128 Cl

2475 2067 2835 2128 CLXXXVIII
2873 2063 3241 2123 OLYMPIAS.

378 2197 480 2250 IE'.
517 2197 612 2251 ὑπ.
655 2157 1024 2251 ὐκταϐιανοὺη
1052 2193 1365 2262 Αὐγούστου
1402 2190 1465 2243 τὸ
1505 2195 1534 2242 ι’
1564 2188 1658 2242 καλ⁸
1695 2185 1965 2241 Φλάκκου.

1696 2185 1965 2241 Φλάκκου,
2070 2168 2187 2224 XV.
2221 2166 2523 2224 Octaviano
2554 2165 2802 2235 Augusto
2821 2177 2857 2215 ι
2883 2167 2937 2215 et
2964 2157 3164 2214 Flacco
3190 2171 3336 2212 coss.

380 2287 467 2355 1C7
467 2295 499 2342 '.
526 2289 620 2343 ὑπ.
669 2287 1020 2342 Ὀκταϐίανοῦ
1053 2250 1364 2354 Αὐγούστου
1394 2283 1456 2336 τὸ
1485 2288 1552 2335 ια’
1581 2280 1676 2334 καὶ
1705 2279 1967 2343 Πίσωνος.

1763 2279 1967 2343 ῑσωνος,
2068 2260 2209 2317 XVI.
2243 2260 2541 2317 Octaviano
2577 2255 2827 2327 Augusto
2859 2269 2916 2309 ιιι
2947 2259 3003 2308 et
3035 2250 3234 2306 Pisone
3258 2262 3403 2303 coss.

381 2383 479 2434 IZ'.
506 2382 602 2435 ὑπ.
643 2380 993 2436 Ὀκταϐίανοῦ
1017 2341 1327 2447 Αὐγύύστου
1346 2373 1408 2427 τὸ
1426 2372 1491 2445 ιβ’
1513 2372 1606 2427 καὶ
1636 2341 1966 2444 Ἀρουντίου.

1822 2341 1966 2424 πίοι),
2068 2352 2234 2408 XVII.
2264 2351 2564 2408 Octaviano
2589 2348 2837 2418 Augusto
2860 2359 2947 2411 ,ιιι
2972 2353 3028 2398 et
3055 2341 3291 2397 Aruntio
3316 2351 3462 2395 coss.

2503 454 2791 514 CLXXXV
2830 452 3201 512 OLYHPIAS.

2055 553 2144 609 III.
2185 550 2479 608 Corniﬁcio
2508 559 2562 607 et
2590 551 2851 622 Pompeio
2887 563 3035 606 coss.

2061 1298 2154 1355 IX.
2188 1296 2507 1353 IEnobarbo
2533 1302 2590 1350 et
2621 1291 2781 1348 Sosio
2808 1305 2958 1346 coss.

380 2474 489 2527 IH'.
520 2474 615 2528 ὑπ.
643 2474 854 2529 Κέλσου
882 2473 976 2527 καὶ
1004 2470 1279 2542 Τιϐερίου.

884 2585 1035 2640 ΡΠΘ¹
1075 2579 1453 2637 ΟΑΥΜΠΙΑΣ.

393 2680 494 2732 ΙΘ’.
527 2680 624 2734 ὑπ.
653 2677 877 2733 Λολλίου
916 2678 1013 2731 καὶ
1044 2674 1297 2730 Λεπίδου.

391 2773 478 2826 Κ’.
517 2771 625 2824 ὑπ.
676 2768 993 2840 Ἀπουληῖου
1033 2765 1128 2820 καὶ
1160 2761 1366 2836 Νερϐά.

404 2863 534 2914 KA'.
572 2862 668 2915 ὑπ.
702 2857 1060 2930 Σατουρνίλου
1089 2853 1185 2909 καὶ
1216 2852 1577 2925 Λουκρητίου.

388 2953 519 3008 ΚΒ’.
549 2952 643 3005 ὑπ.
674 2949 972 3006 Λεντούλου
996 2948 1094 3002 καὶ
1118 2944 1436 3001 Δεντούλου.

902 3061 1037 3115 ΡΠΙ⁹
1078 3056 1458 3113 ΟΛΥΜΠΙΑΣ.

395 3158 523 3214 Kl".
554 3157 649 3210 ὑπ.
684 3153 980 3210 Λεντούλου
1010 3151 1072 3207 τὸ
1106 3150 1150 3222 β’
1182 3150 1279 3205 καὶ
1303 3147 1626 3221 Κορνηλίου.

392 3248 517 3301 ΚΔ’.
554 3246 650 3300 ὑπ.
689 3243 973 3316 Φορνικίου
1002 3241 1098 3296 xui.
1132 3236 1381 3300 Σιλανοῦ.

392 3341 524 3394 KE'.
560 3339 656 3392 ὑπ.
695 3336 956 3408 Δομετίου
992 3334 1088 3389 καὶ
1136 3331 1520 3405 Ἀενοϐάρϐου.

396 3432 544 3498 KG’.
585 3430 682 3484 ὑπ.
723 3427 967 3491 Λίϐωνος
1002 3426 1099 3480 καὶ
1119 3424 1384 3488 Πίσωνος.

794 3558 797 3559 ν
894 3538 1071 3593 PIllA'
1111 3535 1492 3591 ΟΛΥΜΠΙΑΣ.
1598 3596 1599 3603 γ

394 3637 523 3689 ΚΖ’.
550 3633 645 3686 ὑπ.
668 3620 929 3705 Κράσσου
964 3630 1060 3684 καὶ
1092 3627 1413 3683 Λεντούλου.

396 3727 533 3780 ΚΗ’.
571 3727 667 3780 ὑπ.
704 3725 957 3796 Νέρωνος
988 3722 1085 3777 καὶ
1116 3720 1359 3793 Κλάρου.

398 3819 529 3875 ΚΘ¹.
557 3821 651 3874 ὑπ.
686 3815 949 3872 Μεσσαλὰ
974 3815 1067 3870 καὶ
1091 3812 1375 3886 Κυρινίου.

398 3912 479 3966 Λθ.
513 3910 610 3965 ὑπ.
654 3907 993 3964 Ῥουϐελλίου
1028 3905 1123 3961 καὶ
1147 3903 1492 3977 Σατορνίνου.

891 4019 1069 4074 PIIIB'
1107 4015 1488 4073 ΟΛΥΜΠΙΑΣ.

402 4116 527 4169 ΛΑ’.
556 4114 652 4170 ὑπ.
685 4113 941 4186 Μαξίμου
979 4110 1075 4166 καὶ
1118 4108 1486 4181 Τουϐέρωνος.

401 4209 526 4262 ΛΒ’.
559 4209 653 4261 ὑπ.
700 4202 1028 4277 Ἀφρικανοῦ
1059 4202 1154 4257 καὶ
1185 4199 1441 4272 Μαξίμου
1466 4197 1528 4252 τὸ
1561 4196 1628 4269 β’.

400 4298 521 4352 AI".
562 4298 652 4351 ὑπ.
688 4294 924 4367 Δρούσου
956 4293 1053 4349 καὶ
1090 4290 1416 4365 Κρισπίνου.

402 4394 521 4446 ΛΔ’.
553 4391 650 4444 ὑπ.
680 4387 1025 4459 Κενσωρίνου
1059 4386 1155 4440 καὶ
1186 4383 1412 4438 Γάλλου.

887 4502 1062 4555 ΡΠΙΓ⁹
1104 4498 1480 4554 ΟΛΥΜΠῙΑΣ.

405 4598 526 4652 AE'.
553 4597 649 4650 ὑπ.
683 4595 936 4667 Νέρωνος
960 4592 1023 4647 τδ
1054 4592 1098 4665 β’
1130 4593 1224 4647 καὶ
1252 4592 1496 4654 Πίσωνος
1517 4589 1579 4643 τὺ
1612 4588 1677 4661 β’.

404 4691 529 4755 Λς¹.
558 4689 657 4743 ὑπ.
680 4686 890 4742 Βάλϐου
912 4685 1007 4740 καὶ
1040 4685 1295 4757 Βετέρου.

404 4783 526 4836 ΛΖν.
557 4781 653 4833 ὑπ.
695 4775 1050 4833 Ὀκταϐιανοῦ
1082 4776 1222 4846 Αὐγ.
1257 4774 1318 4829 τὺ
1340 4780 1410 4844 ιγ’
1442 4773 1536 4829 καὶ
1567 4770 1788 4826 Σύλλου.

407 4876 538 4929 ΑΠ’.
575 4873 670 4927 ὑπ.
701 4871 932 4926 Σαϐίνου
957 4868 1051 4925 καὶ
1091 4868 1397 4940 Ῥουφίνου.

893 4985 1066 5040 ΡΠῙΔ¹
1117 4978 1497 5047 ΟΛΥΜΠΙΑΣ.

410 5084 532 5138 ΛΘθ.
559 5084 655 5136 ὑπ.
697 5073 1054 5134 Ὀκταϐιανοῦ
1085 5075 1224 5143 Αὑγ.
1245 5072 1307 5127 τὸ
1342 5072 1402 5126 ιδ’
1433 5072 1530 5125 καὶ
1560 5066 1805 5123 Σιλανοῦ.

409 5178 497 5231 Μ’.
531 5177 627 5229 ὑπ.
662 5170 964 5227 Λεντούλου
995 5168 1262 5229 Πίσωνος.

410 5270 547 5325 MA'.
583 5270 678 5322 ὑπ.
714 5264 981 5320 Πουϐλίου
1002 5261 1281 5332 Καίσαρος
1313 5260 1407 5314 καὶ
1433 5256 1669 5312 Παύλου.

412 5362 543 5416 MB'.
573 5362 670 5415 ὑπ.
707 5355 1011 5412 Ουίνδικίου
1040 5352 1133 5407 καὶ
1163 5351 1398 5423 Οὐάρου.

898 5469 1078 5524 PIIIE'
1127 5463 1506 5520 ΟΛΥΜΠΙΑΣ,

413 5567 544 5622 MP.
577 5565 673 5619 ὑπ.
702 5563 913 5635 Λαμίου
942 5559 1039 5614 καὶ
1059 5553 1377 5629 Σερϐηλίου.

414 5662 544 5714 MA’.
586 5659 681 5711 ὑπ.
708 5657 932 5725 Μάγνου
961 5651 1054 5707 καὶ
1087 5648 1370 5718 Βαλερίου.

413 5751 549 5809 ME’.
586 5750 681 5804 ὑπ.
714 5746 944 5802 Λεπίδου
982 5745 1077 5798 καὶ
1109 5740 1381 5806 Πλάγκου.

420 5842 572 5907 MCT.
604 5842 702 5895 ὑπ.
725 5838 978 5909 Τιϐερίου
1011 5834 1289 5905 Καίσαρος
1317 5831 1411 5884 καὶ
1435 5827 1795 5899 Καπήτωνος.
1832 5904 1836 5907 _

2002 3179 2049 3239 C

2014 4535 2070 4597 ι)

2070 2445 2262 2503 XVIII.
2291 2444 2455 2501 Celso
2478 2452 2532 2499 et
2563 2439 2784 2496 Tiberio
2811 2453 2959 2494 coss.

2501 2549 2820 2610 CLXXXIX
2857 2541 3230 2604 OLYMPIAS.

1962 2674 1975 2681 ‘
2073 2652 2221 2709 XIX.
2253 2648 2430 2705 Lollio
2453 2653 2510 2703 et
2534 2643 2741 2715 Lepido
2757 2656 2904 2698 coss.

2073 2745 2194 2801 XX.
2230 2743 2462 2814 Apuleio
2483 2746 2536 2795 et
2556 2737 2733 2793 Nerva
2750 2746 2904 2790 coss.

2073 2838 2217 2896 XXI.
2246 2833 2530 2892 Saturnilo
2553 2838 2609 2887 et
2636 2825 2894 2884 Lucretio
2927 2838 3077 2881 coss.

2078 2928 2241 2987 XXII.
2274 2926 2506 2985 Lentulo
2523 2931 2579 2980 et
2598 2920 2830 2978 Lentulo
2855 2931 3007 2973 coss.

2611 3032 2746 3091 CXC
2776 3025 3147 3089 OLYMPIAS.

2085 3131 2278 3192 XXIII.
2313 3129 2546 3188 Lentulo
2572 3145 2613 3183 ιι
2650 3135 2707 3183 et
2730 3124 2988 3181 Cornelio
3008 3135 3153 3177 coss.

2081 3227 2271 3285 XXIV.
2301 3223 2562 3282 Fornicio
2589 3228 2644 3278 et
2670 3217 2858 3274 Silano
2886 3231 3033 3272 coss.

2078 3316 2246 3373 XXV.
2281 3312 2518 3370 Domitio
2545 3318 2602 3367 et
2632 3305 2950 3364 IEnobarbo
2977 3315 3123 3358 coss.

2079 3408 2271 3466 XXVI.
2303 3406 2514 3463 Libone
2534 3411 2589 3460 et
2621 3401 2821 3457 Pisone
2850 3410 2999 3451 coss.

2572 3513 2733 3571 CXCI
2790 3505 3095 3565 OLYMPIA
3105 3503 3165 3562 ‘5.

2080 3611 2296 3671 XXVII.
2329 3611 2530 3667 Crasso
2558 3615 2615 3664 et
2643 3602 2878 3661 Lentulo
2915 3614 3063 3656 coss.

2080 3705 2321 3763 XXVIII.
2350 3703 2568 3760 Nerone
2589 3711 2645 3757 ot
2665 3698 2829 3755 Claro
2860 3710 3007 3752 coss.

2080 3800 2272 3859 XXIX.
2306 3795 2539 3853 Messala
2561 3800 2616 3848 ct
2646 3789 2871 3862 Cyrinio
2895 3800 3042 3842 coss.

2084 3892 2254 3950 XXX.
2297 3889 2551 3946 Rubellio
2577 3895 2631 3941 et
2650 3880 2951 3938 Saturnino
2973 3890 3120 3931 coss.

2115 4047 2121 4054 -
2581 3994 2771 4055 CXCII
2800 3984 3172 4051 OLYMPIAS.

2082 4097 2279 4152 XXXI.
2312 4093 2550 4149 Maximo
2569 4098 2624 4147 et
2653 4089 2946 4143 Tuberone
2966 4097 3114 4139 coss.

2084 4188 2305 4246 XXXII.
2339 4184 2602 4242 Africano
2626 4189 2683 4239 et
2735 4177 2975 4235 Maximo
3000 4190 3042 4231 ιι
3068 4186 3216 4230 coss.

2086 4278 2329 4337 XXXIII.
2360 4276 2540 4331 Druso
2562 4281 2617 4329 et
2642 4269 2901 4340 Crispino
2930 4279 3079 4322 coss.

2084 4368 2329 4429 XXXIV.
2359 4364 2666 4424 Censorino
2697 4368 2754 4417 et
2775 4358 2930 4415 Gallo
2957 4371 3107 4412 coss.

2579 4452 2787 4532 CXCIII
2812 4464 3182 4527 OLYMPIAS.

2091 4591 2309 4651 XXXV.
2330 4591 2548 4648 Nerone
2573 4604 2614 4644 ιι
2637 4595 2692 4644 et
2715 4585 2917 4641 Pisone
2949 4596 2991 4638 ιι
3022 4595 3170 4637 coss.

2090 4683 2336 4742 XXXVI.
2362 4683 2532 4738 Balbo
2562 4688 2618 4737 et
2643 4677 2842 4734 Vetere
2886 4689 3033 4731 coss.

2092 4775 2361 4843 XXXVII.
2393 4772 2695 4831 Octaviano
2731 4768 2873 4840 Aug.
2907 4782 3006 4821 xm
3035 4771 3092 4821 et
3120 4761 3268 4836 Sylla
3305 4774 3452 4815 coss.

2092 4869 2381 4927 XXXVIII.
2409 4865 2614 4923 Sabino
2637 4870 2692 4919 et
2720 4860 2918 4917 Rullno
2938 4874 3083 4914 coss.

2573 4970 2783 5031 CXCIV
2814 4965 3185 5027 OLYMPIAS.

2091 5068 2338 5129 XXXIX.
2359 5065 2663 5125 Octaviano
2689 5063 2829 5132 Aug.
2858 5073 2953 5115 le
2979 5063 3034 5113 et
3055 5054 3242 5110 Silano
3263 5061 3413 5104 coss.

2095 5164 2209 5221 XL.
2231 5159 2462 5218 Lentqu
2490 5167 2544 5214 et
2562 5155 2762 5212 Pisone
2781 5166 2926 5208 coss.

2095 5257 2235 5314 XLI.
2267 5253 2463 5311 Publio
2487 5251 2703 5307 Caesare
2733 5253 2789 5304 et
2818 5242 2988 5300 Paulo
3014 5254 3163 5296 coss.

1977 5406 1987 5413 ,
2095 5348 2256 5404 XLII.
2290 5344 2543 5402 Vindicio
2561 5351 2617 5396 et
2642 5338 2810 5395 Vario
2838 5351 2984 5393 coss.

2594 5449 2779 5511 CXCV
2807 5440 3180 5506 OLYMPIAS.

2095 5548 2285 5608 XLIII.
2314 5545 2504 5602 Lamia
2525 5552 2582 5599 et
2611 5540 2846 5599 Servilio
2876 5552 3023 5595 coss.

2101 5642 2285 5700 XLIV.
2314 5639 2510 5711 Magno
2527 5645 2582 5694 et
2606 5634 2825 5691 Valerio
2855 5645 3003 5688 coss.

2096 5736 2256 5792 XLV.
2290 5731 2496 5803 Lepido
2527 5738 2580 5786 et
2613 5727 2818 5783 Planco
2839 5739 2989 5780 coss.

2097 5825 2514 5887 XLV|.'I‘iberio
2533 5823 2746 5881 Caesare
2771 5827 2829 5876 et
2848 5816 3113 5886 Capitone
3133 5824 3283 5867 coss.
3354 5866 3361 5874 ,
