4154 6436
487 341 586 398 ΞΞΗ

975 459 1181 518 CXCVI
1233 461 1600 520 OLYMPIAS.

493 547 703 605 XLVII.
723 547 910 608 Cretio
943 561 997 608 et
1021 553 1198 610 Nerva
1223 571 1370 614 coss.
1643 567 1648 574 ‘

491 639 724 698 XLVIII.
757 643 991 700 Camillo
1027 655 1082 700 et
1113 647 1452 712 Quintiliano
1479 667 1624 708 coss.

490 731 680 790 XLIX.
713 735 1005 793 Camerino
1032 749 1084 794 et
1115 739 1322 796 Sabino
1341 757 1486 798 coss.

489 826 552 884 L.
585 827 862 885 Dolabella
881 840 935 886 et
969 830 1158 887 Silano
1189 849 1336 890 coss.

967 945 1200 1003 CXCVII
1232 947 1598 1006 OLVMPIAS.

489 1033 576 1094 LI.
601 1035 830 1106 Lepidio
865 1047 918 1094 et
942 1037 1125 1094 Tauro
1157 1057 1304 1096 coss.

487 1125 604 1184 LII.
635 1129 854 1186 Tiberio
883 1131 1096 1188 Carsare
1125 1150 1164 1188 ιι
1198 1143 1252 1190 οι
1279 1133 1533 1207 Scipione
1565 1153 1710 1194 coss.

489 1219 622 1278 LIII.
649 1221 845 1278 Flacco
873 1233 926 1279 et
953 1224 1140 1280 Silano
1165 1243 1308 1284 coss.

493 1313 626 1372 LIV.
659 1314 826 1374 Sexto
857 1326 912 1373 et
939 1317 1103 1374 Sexto
1121 1335 1264 1376 coss.

939 1433 1196 1490 CXCVIII
1223 1433 1614 1498 .OLYMPIAS.

487 1517 597 1574 LV.
625 1517 887 1592 Pompeio
915 1521 1110 1593 Magno
1141 1533 1196 1579 et
1221 1525 1454 1596 Apuleio
1478 1543 1626 1584 coss.

483 1608 617 1668 LVI.
651 1611 818 1668 Bruto
837 1621 892 1669 et
923 1611 1122 1670 Flacco
1149 1633 1186 1670 ιι
1217 1633 1363 1673 coss.

555 1705 914 1780 [Octavianus
939 1709 1218 1780 Augustus
1250 1713 1484 1767 moritur
1499 1711 1646 1769 Nola:
1659 1719 2064 1788 septuagesimo

1227 343 1498 401 EUSEBII
1535 347 2016 404 (LESARIENSIS
2055 345 2206 404 OPP.
2247 349 2432 404 PARS
2471 349 2509 405 I.
2553 381 2620 390 —
2659 349 3048 406 HISTORICA.

2113 475 2161 532 Λ

3651 345 3760 402 29£

2667 469 2858 534 Pnlq-
2895 467 3272 522 camaras.

2177 561 2306 616 MZ’.
2338 561 2432 614 ὑπ.
2463 561 2704 632 Κρητίου
2731 563 2824 615 καὶ
2855 559 3062 632 Νερϐά.

2173 652 2317 706 MH’.
2347 653 2442 706 ὑπ.
2481 653 2774 725 Καμήλλου
2803 657 2898 707 καὶ
2933 649 3336 708 Κυντιλλιανοῦ.

2175 743 2308 798 ΜΘ.
2345 745 2440 798 ὑπ.
2475 745 2788 816 Καμερίνου
2823 747 2916 800 καὶ
2945 747 3194 798 Σαϐίνου.

2176 836 2256 888 N'.
2295 837 2390 890 ὑπ.
2429 835 2731 891 Δολαϐελλὰ
2761 839 2854 890 καὶ
2879 837 3124 891 Σιλανοῦ.

2663 951 2840 1006 PIIIZ’
2885 949 3264 1004 ΟΛΥΜΠΙΔΣ.

2174 1041 2300 1094 NA'.
2331 1044 2426 1094 ὑπ.
2460 1043 2714 1098 Λεπιδίου
2743 1047 2838 1099 καὶ
2859 1044 3094 1118 Ταύρου.

2173 1133 2296 1186 NB‘.
2336 1137 2430 1190 ὑπ.
2478 1137 2728 1210 Τιϐερίου
2784 1139 3062 1208 Καίσαρος
3107 1137 3170 1190 τὸ
3198 1135 3244 1208 β’
3291 1133 3386 1188 καὶ
3419 1132 3756 1204 Σκηπίωνος.

2171 1227 2296 1280 ΝΡ.
2329 1229 2422 1281 ὑπ.
2445 1229 2693 1283 Φλάκκου
2717 1231 2811 1284 καὶ
2837 1229 3080 1284 Σιλανοῦ.

2171 1317 2294 1372 ΝΔ’.
2331 1321 2424 1374 ὑπ.
2455 1323 2690 1377 Σέκστου
2712 1325 2804 1376 καὶ
2831 1323 3090 1377 Σέκστου.

2643 1438 2827 1492 ΡΠΙΗ⁹
2876 1437 3256 1492 ΟΛΥΜΠΙᾹΣ.

2168 1525 2294 1582 NE'.
2329 1529 2424 1580 61:.
2463 1529 2751 1602 Πομπηΐου
2781 1533 3006 1600 Μάγνου
3035 1533 3128 1586 καὶ
3167 1531 3508 1602 ’Δπουληῖου.

2167 1618 2316 1688 Νςθ.
2347 1621 2442 1674 ὑπ.
2465 1621 2702 1694 Βρούτου
2727 1623 2821 1678 καὶ
2851 1623 3100 1678 Φλάκκου
3133 1623 3194 1677 τὸ
3221 1625 3286 1694 β’.

2237 1709 2624 1782 [Ὀκταϐιανὺς
2681 1711 2988 1782 Αὔγουστος
3021 1713 3262 1785 τελευτᾷ
3319 1717 3378 1768 ὲν
3429 1713 3628 1786 Νὼλᾳ,
3669 1713 3752 1770 ὢν

481 1803 538 1852 et
565 1807 720 1852 sexto
743 1800 921 1854 aetatis
959 1813 1126 1866 anno,
1151 1801 1343 1858 diebus
1361 1805 1605 1876 quinque
1637 1817 1692 1862 et
1717 1807 1938 1878 triginta
1966 1810 2031 1864 mi

2165 1801 2304 1856 ἑτῶν
2331 1809 2422 1866 οεν,
2461 1821 2590 1876 μην.
2627 1809 2682 1870 ι’,
2716 1807 2814 1876 ἡμ.
2853 1813 2932 1860 κε’
2959 1805 3057 1878 (I).
3087 1803 3110 1878 ]

479 1901 606 1941 nus.
624 1885 644 1958 3

552 1977 928 2036 Romanorum
984 1984 1283 2044 imperator
1307 1989 1376 2044 III
1399 1987 1654 2046 Tiberius
1681 1989 1868 2051 Caesar
1901 1999 2061 2056 annis

477 2083 616 2122 XXII.

478 2161 522 2216 I.
553 2159 736 2217 Tauro
765 2171 818 2218 et
841 2163 1221 2224 Libone'coss.

478 2251 542 2307 II.
577 2254 778 2310 Crasso
797 2265 852 2312 et
871 2256 1014 2313 Rufo
1047 2273 1198 2317 coss.

961 2367 1172 2424 CXCIX
1199 2369 1568 2432 OLYMPIAS.

479 2453 568 2512 IlI.
606 2455 829 2514 Tiberio
856 2461 1074 2518 Caesare
1103 2479 1164 2517 ιιι
1187 2472 1240 2518 et
1265 2463 1412 2521 Ilul'o
1443 2484 1485 2521 ιι
1505 2483 1653 2525 coss.

477 2545 567 2604 IV.
602 2551 791 2608 Silano
822 2563 876 2608 et
901 2555 1068 2612 Balbo
1091 2573 1236 2614 coss.

479 2638 546 2694 V.
577 2640 807 2698 Messala
835 2653 890 2700 et
915 2645 1084 2702 Grato
1108 2663 1257 2705 coss.

479 2727 566 2787 VI.
609 2731 834 2790 Tiberio
857 2735 1072 2794 Caesare
1109 2755 1162 2794 tv
1187 2753 1243 2796 et
1275 2739 1452 2796 Druso
1484 2759 1630 2800 coss.

1009 2853 1096 2910 CC
1149 2853 1520 2914 OLYMPIAS.

473 2936 586 2992 VII.
611 2939 850 3012 Agrippa
876 2952 932 2999 et
970 2943 1141 3002 Galba
1175 2959 1324 3005 coss.

473 3027 609 3088 VIII.
644 3031 890 3090 Pollione
913 3045 969 3092 et
999 3035 1190 3096 Vetere
1219 3057 1368 3100 coss.

473 3122 563 3178 IX.
595 3121 832 3199 Cethego
855 3137 908 3184 et
932 3127 1076 3186 Varo
1105 3145 1251 3190 coss.

472 3215 542 3272 Κ.
571 3216 809 3290 Agrippa
833 3235 874 3274 ιι
910 3231 967 3277 et
993 3221 1230 3281 Lentulo
1249 3241 1398 3284 coss.

921 3401 924 3404 γ
984 3334 1094 3391 CCI
1135 3337 1507 3394 OLYMPIAS.

471 3421 560 3475 XI.
591 3421 842 3482 Getulico
861 3436 918 3483 et
953 3427 1162 3485 Sabino
1185 3447 1334 3488 coss.

469 3512 585 3570 XII.
632 3517 834 3575 Crasso
879 3531 934 3575 et
963 3520 1166 3580 Pisone
1194 3541 1340 3582 coss.

469 3605 611 3664 XIII.
639 3605 826 3663 Silano
853 3619 908 3665 et
929 3611 1107 3669 Nerva
1135 3631 1283 3672 coss.

467 3694 608 3751 XIV.
635 3695 862 3754 Gemino
890 3713 945 3756 et
967 3701 1200 3761 Gemino
1229 3721 1375 3763 coss.

965 3817 1098 3872 CCII
1140 3817 1511 3878 OLYMPIAS.

466 3899 588 3958 XV.
617 3901 764 3960 Rufo
787 3913 843 3961 et
873 3905 1166 3965 Rubellino
1204 3925 1352 3968 coss.

467 3993 608 4050 XVI.
645 3994 863 4053 Vinicio
893 4009 947 4055 et
975 4001 1224 4073 Longino
1258 4021 1405 4062 coss.

467 4085 629 4140 XVII.
667 4087 890 4146 Tiberio
912 4091 1050 4150 Car.
1091 4109 1122 4146 ν
1157 4097 1277 4150 solo
1301 4113 1416 4154 cos.

467 4177 654 4235 XVIII.
686 4181 908 4240 Persico
935 4194 990 4242 et
1024 4185 1242 4244 Vitellio
1271 4203 1421 4246 coss.

963 4301 1120 4356 CCIII
1171 4303 1544 4362 OLYMPIAS.

469 4385 608 4445 XIX.
629 4391 864 4447 Aruntio
887 4401 940 4448 et
971 4393 1288 4452 Enobarbo
1327 4381 1474 4456 coris.

467 4479 582 4538 XX.
612 4481 780 4540 Galba
807 4493 860 4540 et
887 4485 1032 4557 Sylla
1059 4503 1205 4544 coss.

464 4573 606 4630 XXI.
639 4573 794 4632 Gallo
823 4585 876 4632 et
897 4577 1186 4636 Nonniano
1220 4597 1369 4638 coss.

464 4667 630 4722 XXII.
659 4668 898 4726 Laeliano
918 4679 972 4726 et
1003 4669 1196 4728 Plauto
1222 4691 1370 4733 coss.

531 4761 785 4821 Tiberius
817 4765 1114 4836 imperator
1133 4771 1352 4840 prOpria
1386 4779 1563 4828 morte
1589 4775 1825 4832 moritur
1853 4775 2041 4835 Romae

461 4855 518 4911 in
557 4857 784 4928 palatio,
825 4858 1032 4930 absque
1085 4861 1272 4917 liberis
1303 4874 1358 4918 et
1383 4865 1602 4932 caalebs,
1647 4877 1812 4924 natus
1863 4885 2040 4930 annos

460 4963 587 5005 LXX.

530 5040 904 5100 Romanorum
933 5045 1233 5118 imperator
1263 5045 1332 5102 IV
1363 5049 1530 5106 Caius
1569 5052 1812 5126 Caligula
1854 5055 2040 5114 Caesar

459 5149 621 5194 anuis
651 5153 723 5190 IV.

955 5251 1112 5309 CCIV
1157 5253 1527 5313 OLYMPIAS.

458 5335 500 5394 I.
543 5337 776 5397 Proculo
797 5351 852 5399 et
885 5342 1110 5416 Nigrino
1137 5361 1284 5404 coss.

530 5519 614 5605 (1).
647 5521 806 5605 Deest
833 5527 1112 5605 in__c_odi_ce
1140 5543 1266 5605 vat.»
1305 5533 1564 5589 Chronici
1597 5538 1890 5605 paschalis,
1925 5555 2030 5594 nec

461 5594 654 5680 ponlin
687 5597 807 5680 eius
836 5595 1186 5680 erliﬂonibus,
1215 5603 1491 5680 _August_i_
1525 5594 1696 5672 mors,
1733 5594 1900 5678 quain
1929 5625 2032 5680 ego

461 5663 1269 5748 facilcsupplevi.Caeteroquin
1299 5663 1439 5730 hanc
1458 5663 1766 5748 Suetonius
1783 5663 2032 5748 subiprfé-

459 5733 776 5805 cedentibus
805 5741 1126 5796 consulibus
1153 5733 1347 5798 recitat
1379 5765 1392 5798 :
1443 5747 1571 5800 obiit
1607 5733 1810 5802 duobus
1849 5733 2026 5805 Serxtis

461 5801 712 5878 Pompeio
734 5818 783 5864 et
815 5808 1036 5878 Apuleio
1073 5809 1211 5870 coss.
1242 5813 1320 5868 Ex
1352 5817 1552 5887 quibus
1581 5801 1808 5892 insuper
1831 5801 2028 5878 sieta;

2249 1981 2537 2054 Ῥωμαίων
2579 1989 2626 2050 γ’
2675 1983 3048 2054 ὲμονάρχησεν
3090 1983 3338 2056 Τιϐέριος
3389 1985 3606 2058 Καῖσαρ
3649 1985 3744 2057 ἐτη

2166 2077 2268 2148 κβ’.

2113 2199 2118 2204 ι
2167 2171 2244 2222 A'.
2273 2171 2370 2224 ὑπ.
2393 2171 2609 2242 Ταύρου
2635 2171 2728 2226 καὶ
2755 2171 3018 2234 Λίϐωνος.

2163 2261 2242 2316 B'.
2274 2265 2372 2318 ὑπ.
2403 2265 2662 2336 Κράσσου
2683 2265 2778 2318 καὶ
2811 2263 3062 2334 Ῥούφου.

2665 2379 2840 2432 PIIIO'
2867 2379 3242 2438 ΟΛΥΜΠῙΑΣ.

2161 2473 2236 2526 Γ.
2261 2471 2354 2528 ὑπ.
2393 2471 2644 2543 Τιϐερίου
2692 2473 2972 2544 Καίσαρος
3013 2471 3074 2526 τὺ
3107 2481 3156 2542 γ’
3185 2475 3279 2528 καὶ
3333 2473 3559 2543 Ῥούφου
3587 2475 3650 2530 τὺ
3669 2475 3740 2548 β’.

2161 2567 2236 2620 Δν.
2268 2563 2365 2619 ὑπ.
2403 2564 2628 2618 Σιλανοῦ
2657 2565 2750 2618 καὶ
2781 2564 3012 2620 Βάλϐου.

2161 2653 2238 2710 Ε’.
2273 2655 2368 2710 ὑπ.
2403 2653 2664 2709 Μεσσαλὰ
2691 2657 2784 2710 καὶ
2819 2657 3050 2728 Γράτου.

2163 2745 2252 2810 ς’.
2282 2745 2376 2798 ὑπ.
2405 2744 2657 2816 Τιϐερίου
2685 2749 2964 2820 Καίσαρος
2981 2749 3042 2802 τὸ
3067 2749 3110 2802 δ’
3141 2751 3234 2804 καὶ
3258 2749 3524 2824 Δρούσου.

2709 2863 2762 2916 Σ¹
2791 2865 3174 2920 ΟΛΥΜΠΙΑΣ.

2159 2953 2232 3006 Ζ’.
2259 2953 2352 3006 ὑπ.
2403 2953 2680 3024 Ἀγρίππα
2709 2957 2801 3008 καὶ
2827 2955 3026 3014 Γαλϐά.

2158 3047 2240 3100 H’.
2275 3047 2372 3099 ὑπ.
2413 3047 2744 3112 Πουλλίωνος
2775 3049 2866 3102 καὶ
2897 3051 3150 3124 Βετέρου.

2157 3137 2234 3192 8'.
2275 3141 2368 3194 ὑπ.
2397 3139 2647 3212 Κεθήγου
2675 3143 2769 3196 καὶ
2799 3143 3032 3214 Οὐάρου.

2161 3231 2216 3285 I'.
2253 3235 2348 3288 ὑπ.
2391 3235 2666 3306 Ἀγρίππα
2693 3235 2755 3288 τὸ
2789 3235 2834 3307 β’
2871 3237 2966 3292 καὶ
2995 3238 3316 3296 Λεντούλου.

2693 3349 2790 3402 ΣΑ¹
2820 3351 3200 3405 ΟΛΥΜΠΙΔΣ.

2157 3439 2261 3494 IA’.
2293 3441 2389 3495 61:.
2427 3443 2749 3496 Γετουλικοῦ
2779 3443 2874 3496 καὶ
2901 3443 3151 3498 Σαϐίνου.

2157 3531 2256 3586 IB’.
2293 3533 2388 3585 ὑπ.
2425 3533 2680 3606 Κράσσου
2709 3535 2802 3588 καὶ
2835 3537 3096 3600 Πίσωνος.

2155 3625 2256 3678 II".
2289 3625 2385 3678 ὑπ.
2419 3625 2640 3680 Σιλανοῦ
2675 3629 2768 3681 καὶ
2797 3629 3028 3700 Νεροῦα.

2157 3719 2253 3772 IA'.
2288 3721 2383 3772 ὑπ.
2415 3719 2644 3790 Γεμίνου
2677 3721 2772 3775 καὶ
2802 3723 3050 3794 Γεμίνου.

2689 3839 2784 3890 ΣΒ⁹
2819 3839 3198 3894 ΟΛΥΜΠΙΛΣ.

2155 3927 2256 3981 IE'.
2288 3927 2382 3981 ὑπ.
2435 3927 2662 3998 Ῥούφου
2695 3931 2790 3984 καὶ
2833 3931 3220 3988 Ῥουϐελλίνου.

2155 4023 2236 4091 Ιεῖ
2239 4029 2273 4076 ⁸.
2309 4025 2406 4078 ὑπ.
2443 4026 2755 4081 Οὑεννικῐου
2782 4028 2877 4082 καὶ
2903 4029 3188 4100 Λογγίνου.

2153 4113 2253 4167 IZ'.
2283 4115 2380 4169 ὑπ.
2409 4115 2658 4190 Τιϐερίου
2693 4119 2972 4192 Καίσαρος
3001 4121 3066 4174 τὸ
3099 4129 3140 4176 ε’
3163 4121 3350 4194 μόνου.

2152 4205 2261 4260 Iﬂ'.
2293 4207 2387 4260 ὑπ.
2421 4209 2694 4284 Περσικοῦ
2727 4213 2824 4266 καὶ
2853 4211 3155 4268 Βετελλίου.

2687 4325 2782 4378 SI"
2821 4325 3196 4380 ΟΛΥΜΠΙΑΣ.

2153 4409 2251 4468 IB'.
2287 4413 2383 4468 ὑπ.
2431 4417 2742 4488 Ἀρουντίου
2769 4419 2861 4472 καὶ
2906 4421 3282 4493 ’Δενοϐάρϐοω

2073 4535 2118 4591 D
2149 4503 2234 4560 K'.
2271 4507 2367 4562 61:.
2404 4507 2444 4560 Γ
2446 4507 2585 4563 αλϐὰ
2618 4511 2712 4564 καὶ
2737 4513 2957 4567 Σύλλου.

2147 4597 2281 4652 KA'.
2315 4599 2412 4655 ὑπ.
2441 4601 2644 4656 Γάλλου
2677 4605 2772 4658 καὶ
2799 4606 3115 4664 Νοννιανοῦ.

2145 4691 2272 4744 ΚΒ¹.
2305 4693 2400 4748 ὑπ.
2429 4696 2692 4751 Λελιανοῦ
2725 4699 2818 4752 καὶ
2851 4699 3118 4756 Πλαύτου.

2227 4785 2287 4837 '0
2317 4784 2570 4856 βασιλεὺς
2599 4787 2851 4861 Τιϐέριος
2878 4791 3106 4864 τελευτᾷ
3149 4793 3264 4862 ίδίῳ
3301 4793 3519 4868 θανάτῳ
3561 4797 3622 4852 ἐν
3643 4795 3724 4868 τῷ

2145 4875 2392 4946 παλατίῳ
2435 4879 2676 4951 Ῥώμης,
2711 4883 2878 4946 ἄπαις
2909 4883 3004 4936 καὶ
3034 4883 3312 4952 ἁγύναιος,
3343 4885 3420 4940 ὢν
3453 4888 3592 4942 ἐτῶν
3613 4896 3676 4943 ον.

2228 5057 2514 5128 Ῥωμαίων
2543 5059 2586 5112 δ’
2605 5059 2953 5116 ἐϐασίλευσεν
2990 5065 3150 5130 Γάϊος
3177 5067 3378 5133 Γάλλος
3401 5067 3480 5140 (2)
3501 5071 3721 5144 Καῖσαρ

2139 5145 2234 5214 ἐτη
2258 5145 2321 5200 δ’.

2665 5267 2778 5323 ΣΝ.
2805 5270 3182 5326 ΟΛΥΜΠΙΑΣ.

2135 5352 2220 5402 A'.
2251 5351 2346 5406 ὑπ.
2383 5353 2691 5426 Προκούλου
2715 5359 2810 5410 καὶ
2841 5357 3122 5430 Νιγρινου.

2133 5535 2218 5614 nii_
2241 5535 2425 5614 verbis
2448 5540 2834 5614 cognoscimus
2867 5542 3054 5598 Sexto;
3077 5546 3415 5614 praenomina
3443 5561 3566 5604 esse
3579 5561 3720 5603 co::-.

2133 5607 2314 5682 sulum
2341 5603 2582 5682 Ponipéii
2614 5619 2668 5666 et
2697 5611 2936 5682 Apuleii,
2957 5631 3066 5668 non
3079 5603 3274 5670 'autcm
3299 5617 3550 5674 diversos
3579 5631 3712 5673 con-

2131 5679 2392 5762 sulcant
2431 5679 2626 5762 horum
2665 5679 2932 5740 fastorum
2965 5695 3160 5762 auctor
3209 5689 3302 5744 hic
3329 5697 3382 5742 ct
3409 5704 3556 5761 saepe
3581 5687 3710 5746 alibi

2131 5749 2188 5802 in
2223 5749 2408 5804 multis
2438 5761 2604 5806 errat.
2985 5749 3041 5762 "
3069 5755 3085 5766 '
3121 5759 3124 5762 ’

2203 5819 2280 5891 (ιι.)
2317 5819 2392 5873 Ita
2419 5823 2542 5878 cod.
