4154 6444
339 375 450 431 293

343 497 417 546 ll'.
446 491 540 548 ὑπ.
586 487 873 545 Ἰουλιανοῦ
905 487 1002 541 καὶ
1038 483 1430 557 Ἀσπρενάτου.

343 584 416 636 I".
452 583 547 637 ὑπ.
584 580 851 636 Κλαυδίου
884 580 1161 650 Καίσαρος
1188 577 1284 630 καὶ
1314 571 1638 645 Κερσιανοῦ.

341 675 416 728 .3'.
443 674 539 728 ὑπ.
572 672 841 728 Κλαυδίου
873 670 1149 740 Καίσαρος
1181 667 1243 720 τὸ
1272 665 1316 736 β’
1352 664 1536 736 μόνου.

416 766 542 819 Ἐπὶ
573 764 683 819 τῶν
719 761 1095 836 προκειμένων
1119 761 1344 816 ὑπάτων
1365 757 1524 820 Γάϊος
1540 756 1738 819 Γάλλος
1767 755 1927 823 ὲσφά,

341 875 418 930 γη
443 859 502 911 ὲν
534 856 612 928 τῷ
645 856 890 928 παλατίῳ
921 853 1138 926 Ῥώμης
1170 853 1275 906 ὑπὸ
1296 851 1404 905 τῶν
1432 851 1576 905 ἰδίων
1609 846 1926 919 σπαθαρίων

343 948 806 1020 κουϐικουλαρίων
831 946 1120 1017 εὐνούχων,
1144 945 1288 999 κατὰ
1316 941 1543 1013 γνώμην
1565 941 1665 1012 τῆς
1698 938 1927 1009 συγκλή-

344 1061 462 1108 του,
495 1041 571 1094 ὣν
603 1041 739 1094 ἐτῶν
768 1040 868 1098 λθ’.

883 1129 980 1181 ΣΕ¹
1013 1125 1392 1181 ΟΛΥΜΠῙΑΣ.

431 1220 717 1292 Ῥωμαίων
738 1227 781 1275 ε’
804 1219 1153 1275 ἐϐασίλευσεν
1183 1216 1450 1281 Κλαύδιος
1471 1215 1566 1286 ἐτη
1596 1214 1678 1269 ιδ’.

345 1314 427 1366 A’.
464 1313 559 1366 ὑπ.
595 1312 864 1366 Κλαυδίου
902 1312 1182 1384 Καίσαρος
1217 1310 1277 1363 τὸ
1307 1315 1355 1379 γ’
1382 1309 1476 1363 καὶ
1517 1305 1853 1360 Ἀντωνῖνου.

348 1406 422 1457 B'.
460 1405 554 1460 ὑπ.
589 1405 858 1460 Κλαυδίου
893 1404 1264 1478 Καίσαροςπὸ
1295 1403 1336 1456 δ’
1369 1403 1463 1457 καὶ
1489 1401 1730 1473 Λάργον.

349 1497 424 1551 I".
458 1499 552 1550 ὑπ.
572 1497 836 1552 Κλαυδίου
867 1497 1148 1570 Καίσαρος
1189 1496 1250 1550 τὸ
1283 1501 1324 1549 ε’
1347 1496 1442 1549 καὶ
1472 1492 1756 1548 Βετελλιου
1773 1491 1834 1546 τὸ
1854 1490 1922 1564 β’.

348 1587 422 1642 Δ’.
459 1589 554 1642 ὑπ.
591 1588 838 1658 Κρίσπου
872 1589 970 1642 καὶ
1000 1589 1234 1661 Ταύρου.

875 1681 989 1749 sq"
1022 1681 1399 1736 ΟΛΥΜΠΙΑΣ.

351 1771 426 1826 E’.
453 1771 547 1826 ὑπ.
572 1772 882 1828 Ούεννικίου
907 1775 1002 1829 καὶ
1030 1773 1316 1846 Κορϐενου.

349 1863 446 1930 ς’.
468 1863 563 1919 ὑπ.
612 1864 918 1920 ’Δσιατικοῦ
949 1865 1044 1921 καὶ
1074 1865 1298 1921 Σιλανοῦ
1329 1865 1428 1938 (2).

353 4355 454 4412 lI".
495 4355 591 4411 ὑπ.
629 4355 965 4428 Καπήτωνος
989 4356 1084 4411 καὶ
1118 4355 1366 4427 Ῥούφου.

350 4448 454 4504 1Δ’.
495 4448 592 4504 ὑπ.
630 4448 890 4503 Ἰταλικοῦ
920 4450 1014 4504 καὶ
1038 4449 1342 4521 Τραχάλου.

1579 353 2080 416 (ΣΗΕΟΝΙΕΟΒΗΜ
2119 353 2251 409 LIB.
2296 355 2334 407 I.

1953 482 2000 540 Α
2027 471 2091 526 Il.
2131 469 2348 525 Juliano
2368 476 2422 524 et
2451 468 2757 537 Asprenate
2781 484 2928 525 coss.

3502 355 3610 411 296

2028 562 2118 618 Ill.
2154 559 2387 616 Claudio
2409 558 2551 615 Caes.
2586 567 2640 614 et
2662 559 2929 615 Cersiano
2957 560 3034 632 (I)
3068 576 3214 617 coss.

2025 654 2114 709 IV.
2143 653 2375 710 Claudio
2409 653 2628 709 Caesare
2650 669 2689 707 ιι
2713 654 2832 709 solo
2854 669 2972 710 cos.

2096 746 2194 803 His
2220 746 2498 817 praedictis
2521 760 2668 800 coss.
2704 744 2872 801 Caius
2915 745 3160 818 Caligula
3193 745 3384 803 Roma:
3421 749 3480 804 in
3511 763 3609 820 pa-

2026 840 2159 894 latio
2190 837 2513 893 interfectus
2545 846 2629 892 est
2656 852 2686 890 a
2733 838 2851 893 suis
2888 839 3297 908 protectoribus
3323 841 3611 895 cubicula-

2025 931 2126 986 riis
2160 929 2449 994 eunuchis,
2504 928 2886 983 consentiente
2936 939 3153 990 senatu,
3187 945 3311 984 cum
3339 944 3612 986 annorum

2026 1031 2174 1082 esset
2204 1039 2391 1078 χχχιι.

2544 1111 2680 1167 CCV
2711 1110 3082 1168 OLYMPIAS.

2099 1206 2472 1261 Romanorum
2506 1205 2637 1277 imp.
2668 1204 2712 1260 V
2740 1205 3004 1261 Claudius
3032 1223 3122 1262 an.
3149 1223 3263 1262 xxv.

2028 1302 2071 1358 I.
2096 1301 2325 1357 Claudio
2343 1301 2558 1356 Caesare
2582 1315 2637 1354 ιιι
2664 1308 2720 1354 ει
2744 1299 3024 1355 Antonino
3039 1315 3185 1356 coss.

2028 1391 2091 1448 II.
2124 1393 2357 1448 Claudio
2387 1390 2610 1447 Caesare
2642 1407 2695 1446 tv
2721 1399 2776 1446 et
2797 1390 2974 1462 Largo
2997 1407 3146 1446 coss.

2029 1483 2116 1541 III.
2147 1483 2376 1539 Claudio
2408 1483 2623 1538 Caesare
2645 1499 2677 1536 ν
2695 1490 2749 1538 ει
2780 1482 2998 1539 Vitellio
3024 1499 3059 1538 ιι
3085 1497 3232 1540 coss.

2028 1576 2118 1633 IV.
2140 1578 2336 1648 Crispo
2357 1584 2410 1632 et
2435 1576 2618 1631 Tauro
2658 1591 2804 1632 coss.

2535 1668 2695 1724 CCVI
2745 1667 3114 1726 OLYMPIAS.

2032 1761 2096 1815 V.
2123 1761 2339 1817 Vinicio
2363 1770 2417 1819 et
2448 1761 2687 1818 Corvino
2718 1777 2866 1817 coss.

1962 1856 2008 1916 Β
2036 1853 2123 1908 VI.
2147 1853 2392 1910 Asiatico
2413 1863 2468 1910 et
2496 1853 2685 1909 Silano
2716 1868 2864 1908 coss.

2034 1946 2146 2002 VII.
2179 1947 2408 2002 Claudio
2430 1946 2571 2002 Caes.
2597 1962 2648 2000 vr
2677 1953 2731 2001 et
2761 1943 2981 2000 Vitellio
3016 1961 3075 2000 ιιι
3108 1961 3254 2003 coss.

2033 2037 2172 2095 VIII.
2205 2037 2424 2094 Vitellio
2452 2054 2504 2093 ιν
2531 2045 2584 2094 ει
2617 2037 2901 2092 Ριιὶιιίεοιιι
2931 2053 3078 2094 coss.

2526 2126 2712 2183 CCVII
2744 2126 3116 2185 OLYMPIAS.

2034 2220 2127 2277 IX.
2155 2219 2395 2278 Veriano
2421 2229 2476 2277 et
2510 2220 2667 2276 Gallo
2693 2236 2843 2276 coss.

2032 2313 2102 2368 Χ.
2136 2312 2331 2370 Vetere
2346 2324 2400 2369 et
2428 2313 2759 2369 Nerviniano
2787 2329 2935 2369 coss.

2032 2404 2123 2460 XI.
2159 2407 2387 2462 Claudio
2409 2406 2546 2462 Caes.
2581 2422 2656 2460 vn
2689 2413 2743 2460 et
2775 2405 2948 2462 Orﬁto
2973 2421 3122 2463 coss.

2031 2497 2150 2555 XII.
2179 2498 2327 2572 Sylla
2343 2507 2396 2555 et
2421 2498 2629 2555 Catone
2658 2515 2805 2556 coss.

2518 2612 2720 2670 CCVIII
2747 2611 3132 2673 OLYIIPIAS.

2034 2705 2172 2761 XIII.
2217 2705 2408 2761 Silano
2438 2713 2493 2762 et
2525 2705 2806 2761 Antonino
2831 2722 2978 2763 coss.

2033 2797 2175 2856 XIV.
2203 2798 2464 2857 Marcello
2489 2805 2543 2854 et
2570 2797 2762 2853 Aviola
2800 2813 2949 2854 coss.

2100 2885 2479 2944 Romanorum
2514 2887 2648 2958 imp.
2683 2886 2753 2941 VI
2779 2886 2922 2944 Nero
2939 2888 3098 2944 annis
3116 2904 3232 2946 xw.

2033 2978 2076 3035 I.
2097 2979 2313 3036 Nerone
2340 2989 2395 3034 et
2426 2979 2621 3035 Vetere
2653 2995 2799 3035 coss.

2035 3070 2099 3127 ll.
2133 3070 2432 3127 Saturnino
2459 3082 2514 3129 et
2543 3071 2802 3142 Scipione
2824 3087 2969 3128 coss.

2539 3163 2701 3219 CCIX
2749 3162 3100 3218 OLYMPIAS

2038 3255 2126 3311 III.
2159 3255 2376 3312 Nerone
2410 3273 2449 3312 ιι
2474 3263 2528 3313 ει
2556 3256 2757 3312 Pisone
2787 3271 2933 3312 coss.

2037 3346 2130 3404 IV.
2159 3347 2372 3403 Nerone
2405 3365 2464 3403 ιιι
2490 3358 2544 3405 ει
2571 3350 2802 3406 Messala
2816 3366 2964 3407 coss.

2037 3436 2105 3493 V.
2142 3440 2459 3509 Aproniano
2476 3449 2530 3496 et
2559 3441 2827 3511 Capitone
2854 3459 3000 3501 coss.

2037 3527 2127 3585 VI.
2156 3529 2375 3587 Nerone
2399 3547 2452 3587 IV
2481 3540 2536 3588 ει
2562 3532 2796 3588 Lentulo
2827 3549 2976 3590 coss.

2559 3623 2698 3679 CCX
2737 3623 3110 3681 OLYMPIAS.

2037 3711 2150 3770 VII.
2186 3713 2352 3771 Lacio
2384 3717 2460 3788 (ὅ)
2490 3724 2544 3772 et
2567 3716 2890 3789 Turpiliano
2909 3733 3058 3775 coss.

2038 3807 2177 3864 VIII.
2207 3809 2378 3864 Mario
2411 3817 2468 3866 et
2497 3809 2655 3866 Gallo
2689 3826 2840 3867 coss.

2038 3901 2129 3957 IX.
2154 3901 2295 3958 Iiul‘o
2318 3911 2373 3958 et
2402 3901 2611 3974 Regulo
2631 3919 2779 3960 coss.

2037 3992 2109 4050 Χ.
2139 3993 2346 4051 Crasso
2381 4004 2436 4052 et
2456 3996 2630 4052 Basso
2653 4011 2802 4052 coss.

2548 4089 2706 4146 CCXI
2733 4087 3108 4167 omnem.

2041 4178 2131 4236 XI.
2169 4179 2339 4236 Helva
2367 4189 2423 4237 et
2455 4180 2684 4239 Vestino
2717 4199 2866 4239 coss.

2041 4271 2156 4328 XII.
2193 4273 2447 4332 Telesino
2499 4273 2719 4329 etRul‘o
2748 4289 2895 4330 coss.

2044 4361 2181 4418 XIII.
2217 4363 2482 4434 Capitone
2513 4371 2568 4420 et
2597 4362 2740 4419 Rufo
2770 4379 2914 4420 coss.

2041 4451 2178 4509 XIV.
2213 4453 2407 4510 Italico
2434 4462 2489 4511 et
2523 4454 2794 4511 Trachalo
2828 4471 2976 4511 coss.

437 4538 562 4592 Ἐπὶ
590 4537 793 4593 τούτων
830 4539 938 4593 τῶν
986 4541 1206 4594 ὑπάτων
1233 4538 1446 4612 ἀφανὴς
1471 4542 1694 4611 γέγονεν
1719 4541 1930 4614 Νέρων,

2110 4547 2208 4603 His
2235 4549 2555 4605 consulibus
2580 4547 2726 4605 Nero
2754 4549 2990 4620 amplius
3029 4562 3140 4603 non
3171 4551 3495 4622 comparuit,
3517 4567 3620 4608 ex-

352 4630 450 4684 καὶ
469 4630 714 4703 τελευτᾷ,
741 4631 818 4686 ὢν
844 4632 980 4686 ἐτῶν
1013 4631 1087 4698 ξθ¹
1123 4632 1223 4705 (ὁ).

425 4723 580 4778 Μετὰ
604 4725 835 4798 Νέρωνα
857 4725 1070 4790 Γαλϐὰς
1090 4725 1434 4780 ἐϐασίλευσεν
1456 4727 1515 4779 ὲν
1545 4726 1776 4801 Ἰϐηρίᾳ,
1807 4729 1936 4782 0ὐῖ-

355 4816 567 4888 τήλλιος
598 4821 657 4872 ὲν
681 4818 1169 4892 Γερμανίᾳ,”09ων
1194 4819 1288 4874 ἐπὶ
1323 4819 1542 4892 Ῥώμης
1557 4837 1572 4852 °
1593 4821 1822 4885 ἕκαστος
1842 4821 1939 4876 αὑ-

352 4911 462 4964 τῶν
501 4912 608 4983 ἰδίᾳ
635 4911 805 4984 ἐπέϐη
841 4915 908 4985 τῇ
940 4914 1108 4985 ἀρχῇ.

427 5001 638 5065 Γαλϐὰς
664 5001 1013 5057 ἐϐασίλευσεν
1045 5005 1220 5076 μῆνας
1251 5005 1318 5071 ζ’,
1339 5005 1434 5060 καὶ
1457 5005 1516 5060 ὲν
1548 5006 1690 5078 μέσῃ
1709 5009 1776 5078 τῇ
1804 5007 1940 5060 Ῥω-

357 5095 535 5165 μαίων
567 5097 741 5168 ἀγορᾷ
766 5096 866 5168 τὴν
896 5096 1138 5169 κεφαλὴν
1165 5096 1478 5170 ἀπετμήθη.

432 5186 610 5242 Ὄθων
677 5185 1002 5260 βασιλεύσας
1058 5189 1234 5260 μῆνας
1296 5195 1351 5256 ς’
1374 5229 1391 5256 ,
1446 5189 1639 5245 ἑαυτὸν
1688 5189 1940 5264 διεχειρί-

350 5292 510 5332 σατο.

459 5411 508 5479 Ι)
542 5413 640 5469 Dic
668 5413 933 5471 Cwsiano.

451 5481 992 5563 g)_In.codi_ce_Vat.,
1019 5503 1076 5557 p.
1118 5486 1222 5544 I72
1246 5487 1324 5563 b,_
1343 5487 1412 5563 ad
1444 5504 1597 5544 oram
1623 5488 1940 5563 inferiorem

354 5554 662 5631 Scribitur:
711 5554 1049 5613 desideratur
1079 5554 1358 5630 quaternio
1391 5559 1522 5625 (non
1569 5574 1676 5613 una
1715 5561 1937 5631 pagina,

357 5633 419 5698 ut
444 5624 536 5678 alii
567 5626 847 5698 dixerunt)
876 5639 926 5684 et
955 5645 1072 5682 cum
1090 5624 1162 5686 ἐο
1198 5646 1269 5686 xx
1309 5624 1569 5684 annorum
1602 5624 1936 5686 consulatus.

358 5689 496 5771 Hinc
525 5697 690 5771 etiarn
726 5689 892 5767 patet,
927 5701 1174 5755 codicem
1214 5698 1538 5771 Vaticanum
1571 5715 1694 5755 esse
1729 5701 1939 5756 fontem

360 5765 581 5842 unicum
623 5765 888 5842 Chrbnicii
908 5771 1199 5842 paschalis,
1217 5773 1348 5842 quia
1374 5768 1942 5842 etMonacenSOPW‘

357 5829 628 5900 Smphum
653 5851 775 5894 cum
806 5829 1141 5898 editionibus
1187 5829 1344 5914 teque
1397 5841 1530 5897 hiat.
1584 5839 1758 5899 Porro
1790 5829 1939 5897 nan-

2041 4643 2388 4712 stinctusque
2415 4650 2521 4706 est,
2563 4657 2738 4698 annos
2767 4651 2931 4697 natus
2953 4657 3102 4698 Lxu.

2108 4731 2241 4788 Post
2270 4731 2540 4788 Neronem
2579 4733 2869 4804 imperavit
2917 4734 2972 4788 in
3005 4731 3267 4804 Hispania
3297 4731 3489 4802 Galba,
3515 4732 3616 4789 Vi-

2039 4824 2225 4881 tellius
2259 4825 2316 4879 in
2343 4822 2654 4888 Germania,
2681 4823 2824 4879 Otho
2864 4823 3076 4882 Romae.
3125 4825 3191 4880 Ili
3227 4828 3427 4898 singuli
3467 4842 3622 4884 seor-

2041 4933 2165 4973 sum
2199 4917 2488 4988 imperium
2519 4918 2892 4988 arripuerunt.

2110 5008 2282 5064 Galba
2332 5024 2521 5066 mense
2571 5010 2786 5082 imperii
2831 5014 3064 5084 septimo
3108 5013 3166 5068 in
3206 5011 3388 5068 medio
3434 5009 3626 5072 Romae

2041 5103 2162 5160 foro
2190 5103 2368 5174 capite
2417 5111 2704 5162 truncatus
2733 5113 2836 5163 est.

2113 5197 2258 5253 Otho
2291 5212 2480 5253 mense
2526 5197 2741 5271 imperii
2794 5211 2952 5256 sexto
2981 5201 3100 5270 ipse
3142 5199 3250 5256 sibi
3297 5213 3495 5256 manus
3544 5209 3628 5254 at-

2041 5288 2184 5344 tulit.

2043 5437 2175 5476 num
2207 5423 2646 5495 supplementgtm
2671 5438 2736 5478 ex
2765 5422 2936 5479 Idalio
2979 5425 3211 5495 sumpsi,
3239 5438 3401 5494 quem
3426 5429 3622 5479 aucto-

2042 5508 2158 5564 [ειη
2189 5492 2330 5564 cuin
2347 5501 2496 5548 textu
2532 5492 2782 5547 Chronici
2837 5492 3141 5560 paschalis,
3211 5492 3443 5564 ideoque
3491 5509 3621 5549 cum

2044 5561 2306 5635 Eusebio,
2333 5564 2490 5635 valde
2522 5565 2863 5635 conspirare,
2892 5565 3232 5635 exploratum
3262 5561 3367 5620 est.

2117 5634 2193 5704 (3)
2223 5633 2320 5688 Dic
2341 5632 2606 5690 Cwsom’o.

2117 5703 2200 5770 (4⁷)
2233 5704 2522 5760 Ridiculus
2551 5719 2728 5761 error.
2761 5703 3041 5774 Siquidem
3061 5703 3208 5762 Nero
3237 5719 3382 5760 anno
3415 5703 3622 5760 ﬂoridae

2044 5777 2222 5831 aetatis
2251 5789 2402 5829 xxxn
2440 5775 2678 5829 violenta
2722 5784 2899 5830 morte
2949 5776 3104 5830 obiit.
3160 5776 3267 5835 Sed
3313 5775 3421 5830 alia
3451 5779 3624 5830 multa

2043 5845 2429 5916 hujuscemodi
2461 5845 2658 5902 menda
2691 5862 2802 5904 non
2836 5847 3131 5914 corrigam.
