4154 6438
569 381 676 442 299

577 507 620 562 I.
649 505 943 562 Camerino
973 509 1028 558 et
1059 501 1227 574 Nigro
1255 517 1403 559 coss.

577 599 641 652 II.
675 597 952 652 Antonino
979 595 1307 666 Augusto'ct
1339 593 1678 652 Praesentino
1709 613 1860 652 coss.

575 690 662 747 III.
687 688 968 745 Antonino
989 690 1235 759 Augusto
1258 702 1295 740 ιι
1331 696 1384 742 et
1409 687 1592 744 Marco
1617 689 1840 746 Aurelio
1865 687 2008 746 Vero
2035 688 2146 744 ﬁlio

711 791 835 847 eius
867 791 1014 832 coss.

1031 886 1266 943 CCXXX
1311 885 1680 949 OLYMPIAS.

569 979 658 1036 IV.
693 979 896 1038 Severo
927 999 979 1036 IV
1003 990 1056 1038 et
1089 983 1278 1038 Silano
1305 999 1452 1040 coss.

567 1073 638 1131 V.
671 1074 868 1132 Ruﬁno
893 1085 946 1132 et
975 1077 1252 1142 Quadrato
1289 1093 1436 1134 coss.

569 1163 662 1220 VI.
698 1165 976 1236 Torquato
997 1175 1050 1222 et
1075 1165 1286 1226 Herode
1311 1181 1458 1222 coss.

571 1257 688 1315 VII.
717 1259 906 1314 Aviola
935 1267 988 1314 et
1015 1258 1250 1313 Maximo
1281 1274 1428 1314 coss.

1021 1371 1282 1428 CCXXXI
1317 1369 1684 1428 OLVMPIAS.

576 1461 701 1517 VIII.
731 1464 1012 1518 Antonino
1037 1465 1176 1533 Aug.
1221 1475 1284 1516 ιιι
1313 1469 1368 1517 et
1399 1461 1620 1516 Aurelio
1661 1476 1700 1514 ιι
1735 1475 1882 1516 coss.

563 1650 658 1707 IX.
693 1650 895 1708 Severo
925 1667 958 1704 v
984 1659 1039 1706 et
1065 1649 1274 1706 Verino
1305 1665 1452 1708 coss.

565 1741 634 1799 X.
679 1743 857 1816 Largo
885 1751 940 1799 et
971 1743 1267 1799 Messalino
1305 1757 1451 1800 coss.

567 1833 657 1888 XI.
693 1832 972 1904 Torquato
997 1847 1038 1887 ιι
1065 1841 1120 1888 et
1145 1832 1366 1888 Iuliano
1393 1847 1540 1900 coss.

997 1941 1284 2000 CCXXXII
1321 1943 1460 2000 OLY
1469 1943 1694 2000 MPIAS.

563 2035 680 2090 XII.
714 2035 886 2092 Orﬁto
917 2043 972 2091 et
1003 2034 1194 2090 Prisco
1217 2051 1364 2090 coss.

563 2127 702 2184 XIII.
729 2127 1023 2184 Glabrione
1047 2139 1102 2183 et
1129 2125 1325 2183 Vetere
1353 2141 1500 2182 coss.

563 2219 703 2275 XIV.
731 2219 1016 2276 Condiano
1041 2227 1094 2275 et
1117 2219 1355 2274 Maximo
1375 2233 1524 2276 coss.

564 2309 684 2368 XV.
719 2309 1013 2368 Glabrione
1037 2325 1076 2364 ιι
1101 2317 1156 2364 et
1187 2307 1411 2364 Jumilio
1445 2309 1522 2380 (I)
1554 2319 1700 2364 coss.

995 2421 1308 2479 CCXXXIII
1339 2419 1710 2477 OLYMPIAS.

563 2515 705 2574 XVI.
729 2515 1004 2573 Pratsente
1021 2524 1076 2573 et
1103 2515 1303 2571 Ruﬁno
1333 2529 1480 2572 coss.

565 2605 727 2662 XVII.
761 2607 1060 2664 Commodo
1087 2615 1142 2663 et
1175 2605 1447 2662 Laterano
1477 2621 1628 2663 coss-

563 2697 751 2757 XVIII.
781 2699 984 2756 Severo
1013 2716 1066 2756 VI
1097 2707 1152 2756 et
1185 2698 1484 2756 Sabiniano
1509 2714 1656 2756 coss.

561 2789 706 2846 XIX.
743 2791 966 2848 Silvano
984 2799 1040 2848 et
1071 2791 1355 2863 Augurino
1377 2805 1525 2847 coss.

991 2899 1300 2958 CCXXXIV
1345 2891 1715 2957 OLYMPIAS.

564 2993 683 3050 XX.
718 2993 960 3050 Barbaro
987 3003 1042 3050 et
1069 2993 1278 3066 Regulo
1305 3009 1452 3052 coss.

569 3085 716 3142 XXI.
743 3085 990 3143 Tertullo
1009 3093 1064 3144 et
1095 3087 1394 3143 Sacerdote
1425 3101 1572 3144 coss.

563 3176 732 3235 XXII.
766 3177 1030 3245 Quintilio
1049 3187 1104 3234 et
1129 3177 1322 3236 Prisco
1354 3193 1505 3236 coss.

561 3271 756 3328 XXIII.
785 3271 998 3328 Bradua
1027 3281 1084 3329 et
1111 3271 1256 3330 Vero
1277 3289 1424 3332 coss.

579 3405 586 3410 .
633 3363 730 3421 His
757 3379 902 3422 coss.
931 3367 1226 3439 (mortuus)
1261 3374 1346 3424 εει
1385 3365 1566 3424 Elius
1588 3365 1904 3423 Antoninus
1947 3365 2140 3440 (Lorii)

563 3469 740 3511 annos
778 3463 941 3512 natus
967 3472 1134 3512 LXVII.

637 3546 1004 3604 Romanorum
1033 3549 1331 3620 imperator
1347 3547 1491 3615 XIV,
1515 3548 1733 3605 Mart-us
1759 3549 2012 3606 Aurelius
2031 3549 2144 3604 An-

565 3637 810 3708 toninus,
841 3639 938 3710 qui
965 3649 1021 3696 et
1059 3639 1235 3698 Verus
1267 3641 1485 3710 dictus,
1543 3643 1686 3698 ﬁiius
1737 3643 2002 3698 Antonini
2033 3641 2140 3708 I’ii,

565 3745 668 3786 nec
695 3745 804 3786 non
841 3731 1045 3789 Lucius
1077 3734 1335 3790 Aurelius
1383 3733 1744 3800 Commodus,
1773 3735 1920 3790 illius
1951 3734 2140 3802 frater,

567 3838 730 3880 anms
753 3839 871 3880 XIX-

1003 3933 1290 3992 CCXXXV
1335 3935 1708 3993 OLYMPIAS.

565 4021 606 4083 I.
637 4027 822 4083 Marco
849 4026 1074 4085 Aurelio
1093 4027 1238 4086 Vero
1262 4037 1314 4086 et
1354 4030 1526 4087 Lucio
1555 4029 1858 4088 Commodo
1889 4031 2140 4104 Augusto

635 4138 674 4176 II
708 4137 853 4180 COSS.

563 4211 629 4268 II.
665 4213 848 4270 Marco
876 4213 1096 4272 Aurelio
1117 4215 1260 4272 Vero
1289 4223 1345 4274 et
1369 4215 1540 4272 Lucio
1565 4215 1865 4274 Commodo
1892 4217 2140 4290 Angusto

626 4323 691 4363 ιιι
721 4323 868 4365 COSS.

561 4399 651 4456 Ill.
685 4397 936 4456 Rusticio
957 4407 1012 4456 et
1027 4391 1286 4473 Aquilino
1311 4413 1460 4456 coss.

561 4491 651 4549 IV.
681 4491 900 4548 Atiliano
926 4499 982 4548 et
1019 4491 1248 4548 Pastore
1277 4505 1424 4548 coss.

983 4605 1294 4662 CCXXXVI
1335 4605 1472 4664 OLY
1481 4603 1708 4661 MPIAS.

561 4697 626 4754 V.
661 4697 906 4754 Macrino
933 4705 988 4755 et
1014 4699 1176 4756 Celso
1199 4715 1349 4756 coss.

558 4792 647 4846 VI.
681 4791 854 4847 Orﬁto
873 4799 927 4848 et
951 4791 1198 4848 Pudente
1227 4807 1376 4848 coss.

558 4887 671 4942 VII.
708 4887 956 4944 Pudente
981 4903 1019 4942 ιι
1047 4893 1102 4943 et
1125 4885 1370 4942 Pollione
1388 4903 1536 4944 coss.

555 4977 694 5034 VIII.
725 4979 910 5036 Marco
927 4978 1062 5038 Aur.
1100 4977 1244 5036 Vero
1278 4995 1337 5034 ιιι
1357 4989 1411 5035 et
1432 4977 1712 5046 Quadrato
1745 4995 1887 5037 coss.

971 5206 1302 5267 CCXXXVII
1331 5205 1707 5264 OLYMPIAS.

557 5302 648 5360 IX.
671 5304 986 5374 Aproniano
1011 5311 1067 5359 et
1093 5303 1263 5358 Paulo
1299 5317 1447 5358 coss.

561 5395 630 5453 X.
665 5395 856 5454 Prisco
886 5406 942 5451 et
961 5395 1280 5466 Apollinare
1308 5409 1462 5451 coss.

557 5489 651 5545 XI.
679 5490 918 5559 Cethego
941 5498 996 5545 et
1019 5489 1184 5546 Claro
1217 5504 1368 5546 coss.

557 5581 675 5638 XII.
709 5581 910 5639 Severo
941 5590 996 5639 et
1021 5581 1370 5638 Ilerenniano
1402 5595 1550 5636 coss.

961 5693 1316 5751 CCXXXVIII
1361 5690 1734 5749 OLYMPIAS.

559 5783 696 5848 XIII.
721 5783 891 5840 Orﬁto
921 5797 960 5838 ιι
983 5789 1038 5839 et
1069 5782 1306 5838 Maximo
1329 5797 1477 5838 coss.

628 5897 706 5972 (I)
739 5895 944 5967 Nempe
975 5891 1252 5951 Homullo.

1293 383 1562 440 EUSEBII
1601 385 2080 442 CESARIENSIS
2115 385 2266 444 OPP.
2307 387 2489 442 PARS
2527 389 2566 440 Ι.
2609 419 2676 426 —-
2717 387 3106 442 IIISTORICA.

3723 387 3830 441 300

2173 515 2220 572 Α
2247 511 2326 564 A'.
2363 511 2456 564 ὑπ.
2493 511 2808 582 Καμερίνου
2845 511 2938 564 καὶ
2971 511 3204 580 Νίγρου.

2247 605 2322 658 B’.
2355 607 2448 658 ὑπ.
2489 604 2800 658 ’Λντωνίνου
2825 603 3134 672 Αὐγούστου
3167 600 3260 652 καὶ
3291 593 3698 670 Πραισεντίνου.

2247 696 2320 748 Γ’.
2357 698 2450 750 ὑπ.
2485 696 2798 750 Ἀντωνίνου
2821 695 3128 763 Αὐγούστου
3175 691 3234 744 τὺ
3259 690 3302 760 β’
3351 687 3446 742 καὶ
3473 686 3702 756 Μάρκου
3727 682 3834 735 Αὑ-

2245 843 2250 852 1
2315 784 2500 857 ρηλίου
2531 783 2648 836 υίοῦ
2681 783 2868 836 αὐτοῦ.

2819 897 2916 949 ΣΝ
2941 892 3318 949 ΟΛΥΜΠΙΑΣο

2249 989 2320 1042 A'.
2359 987 2452 1041 ὑπ.
2489 987 2730 1060 Σεϐήρου
2763 987 2824 1040 τὺ
2851 987 2892 1040 δ’
2923 987 3018 1040 καὶ
3051 983 3296 1040 Σιλανοῦ.
3513 967 3546 1004 ⁸

2249 1079 2323 1136 E'.
2363 1082 2456 1135 ὑπ.
2503 1081 2782 1150 Ῥουφίνου
2807 1083 2900 1134 καὶ
2921 1079 3286 1151 Κουαδράτου.

2249 1173 2466 1238 Critia.
2502 1173 2842 1242 Τορκουάτου
2881 1171 2976 1224 xai.
3021 1169 3280 1240 Ἡρώδου.

2247 1266 2320 1318 Ζ¹.
2357 1265 2452 1318 ὑπ.
2503 1265 2718 1318 ’Ᾱϐιολᾶ
2749 1265 2842 1318 καὶ
2876 1265 3151 1334 Μαξίμου.

2757 1381 2899 1433 ΣΛΑ¹
2943 1381 3028 1432 UA
3037 1377 3318 1431 ΥΜΠῘΔΣ.

2253 1477 2331 1528 H'.
2373 1475 2470 1528 ὑπ.
2523 1473 2838 1528 Ἀντωνίνου
2881 1471 3191 1540 Αὐγούστου
3233 1469 3296 1524 τὸ
3345 1477 3392 1538 γ’
3437 1469 3528 1524 καὶ
3565 1467 3834 1540 Αύρηλίου

2321 1567 2384 1620 τὸ
2414 1567 2478 1622 β’.

2321 1567 2384 1620 τὸ
2447 1573 2478 1622 ’.

2247 1661 2324 1714 Θί.
2365 1567 2470 1714 ὑτῗ.
2495 1659 2736 1730 Σεϐήρου
2765 1659 2825 1712 τὸ
2857 1665 2894 1711 ε’
2929 1659 3020 1712 καὶ
3049 1657 3336 1728 Οὑηρίνου.

2251 1758 2308 1810 I'.
2343 1757 2438 1810 ὑπ.
2473 1755 2690 1827 Λάργου
2717 1755 2810 1808 καὶ
2837 1751 3198 1808 Μεσσαλίνου.

2177 1861 2220 1932 ὴ
2251 1841 2352 1902 ῙΑθ.
2389 1848 2484 1900 ὑπ.
2519 1847 2858 1918 Τορκουάτου
2897 1845 2960 1898 τὸ
2993 1845 3034 1916 β’
3071 1845 3166 1896 καὶ
3207 1840 3513 1894 Ἰουλιανοῦ.

2759 1961 2898 2016 ΣΛΒ¹
2943 1957 3322 2014 ΟΛΥΜΠΙΑΣ.

2247 2055 2348 2107 IB'.
2384 2054 2478 2108 ὑπ.
2527 2055 2778 2126 Ὀρφίτου
2813 2055 2906 2108 καὶ
2939 2053 3202 2122 Πρίσκου.

2249 2147 2344 2200 ΙΓ’.
2371 2147 2466 2201 ὑπ.
2497 2147 2834 2218 Γλαϐρίωνος
2857 2145 2952 2200 καὶ
2981 2146 3232 2218 Βετὲρου.

2249 2241 2322 2292 1Δ⁸
2359 2240 2451 2295 ὑπ.
2477 2239 2768 2294 Κονδιανοῦ
2801 2241 2896 2292 καὶ
2925 2239 3200 2309 Μαξίμου.

2249 2333 2348 2388 ιε’.
2389 2333 2482 2389 ὑπ.
2519 2331 2860 2404 Γλαϐρίωνος
2887 2333 2946 2384 τὺ
2981 2331 3022 2402 β’
3059 2331 3152 2385 καὶ
3193 2329 3498 2400 Ἰουμιλίου.

2757 2435 2900 2501 ΣΛΓ¹
2959 2445 3336 2500 ΟΛΥΜΠΙΑΣ.

2249 2541 2364 2608 ις’.
2395 2539 2492 2592 ὑπ.
2521 2537 2850 2610 Πραίσεντος
2879 2537 2972 2590 καὶ
3009 2531 3310 2606 Ῥουφίνου.

2249 2631 2344 2684 ῐΖ’.
2373 2631 2468 2683 ὑπ.
2499 2629 2744 2699 Κομόδου
2777 2629 2874 2680 καὶ
2899 2627 3231 2698 Λατεράνου.

2247 2717 2353 2774 I'H'.
2388 2721 2482 2774 ὑπ.
2515 2721 2754 2792 Σεϐήρου
2783 2719 2845 2773 τὸ
2879 2727 2930 2784 ς’
2961 2719 3056 2772 καὶ
3078 2717 3418 2774 Σαϐινιανοῦ.

2217 2808 2350 2864 ἸΘ’.
2371 2813 2464 2864 ὑπ.
2501 2811 2760 2866 Σιλϐανοῦ
2788 2813 2880 2866 καὶ
2911 2812 3262 2883 Αὐγουρῖνου.

2757 2925 2896 2978 ΣΛΔ⁹
2941 2924 3322 2980 ΟΛΥΜΠΙΑΣ.

2247 3017 2332 3070 K'.
2367 3017 2462 3072 ὑπ.
2499 3015 2786 3088 Βαρϐάρου
2823 3017 2918 3070 καὶ
2963 3017 3277 3088 Ῥηγούλου.

2245 3109 2378 3163 KA’.
2413 3109 2506 3162 ὑπ.
2542 3107 2844 3181 Τερτύλλου
2877 3109 2971 3164 καὶ
2999 3109 3354 3182 Σακερδότου.

2169 3221 2214 3281 C
2247 3197 2374 3254 KB'.
2411 3201 2504 3254 ὑπ.
2539 3201 2874 3256 Κυϊντύλλου
2906 3203 3002 3256 καὶ
3035 3203 3296 3274 Πρίσκου.

2247 3294 2372 3346 KI".
2407 3295 2502 3348 ὑπ.
2539 3294 2784 3366 Βραδούα
2815 3296 2908 3348 καὶ
2933 3295 3166 3366 Οὐήρου.

2331 3385 2453 3438 Ἐπὶ
2499 3385 2704 3439 τούτων
2753 3385 2860 3438 τῶν
2911 3385 3134 3439 ὑπάτων
3189 3385 3585 3456 (ἐτελεύτησεν)
3643 3383 3832 3450 Αἴλιος

2259 3479 2570 3543 Ἀντωνῖνος
2597 3479 2679 3550 (ἐν
2711 3479 2928 3550 Δωρίῳ)
2957 3478 3033 3532 ὣν
3062 3479 3198 3532 ὲτῶν
3223 3477 3316 3542 ξζν.

2329 3567 2614 3640 Ῥωμαίων
2653 3569 2712 3622 ιδ’
2751 3569 3097 3623 ἐϐασίλευσεν
3148 3571 3371 3640 Μάρκος
3404 3565 3666 3639 Αὐρήλιος
3713 3563 3832 3614 'Av—

2245 3661 2488 3726 τωνῖνος,
2521 3662 2550 3714 ὀ
2589 3661 2684 3714 καὶ
2719 3661 2952 3732 υύἧρος,
3001 3661 3116 3724 υίὸς
3167 3659 3484 3712 Ἀντωνίνου
3521 3655 3615 3709 τοῦ
3661 3653 3832 3706 Εὐσε-

2245 3749 2394 3815 ϐοῦς,
2429 3751 2524 3806 καὶ
2557 3751 2785 3816 Λούκιος
2809 3752 3073 3824 Αὐρήλιος
3101 3751 3358 3823 Κὸμοδος,
3385 3747 3612 3818 ἁδελφὸς
3639 3743 3826 3808 αὐτοῦ,

2245 3843 2340 3914 ἐτη
2369 3843 2455 3897 ιϐ’.

2759 3959 2903 4014 ΣΛΕ⁹
2935 3957 3308 4013 ΟΛΥΜΠΙΑΣ.

2243 4050 2320 4102 A'.
2353 4049 2446 4104 ὑπ.
2477 4051 2705 4120 Μάρκου
2729 4051 2995 4124 Αὐρηλίου
3029 4051 3244 4122 Οὐήρου
3272 4049 3367 4103 καὶ⁸
3399 4047 3628 4102 Λουκξω
3653 4043 3832 4114 Κομό-

2315 4143 2404 4196 δου
2437 4145 2750 4214 Αὐγούστου
2773 4145 2834 4200 τὸ
2861 4145 2926 4216 β’.

2243 4235 2316 4290 Β’.
2345 4235 2442 4290 ὑπ.
2473 4237 2701 4308 Μάρκου
2731 4237 3005 4309 Αὐρηλίου
3027 4237 3240 4308 Οὐήρου
3263 4235 3356 4288 καὶ
3385 4231 3616 4286 Λουκίου
3647 4219 3824 4292 Κτιμὺ-

2303 4329 2392 4382 δου
2423 4331 2734 4399 Αὐγούστου
2764 4331 2824 4386 τὸ
2855 4339 2924 4401 γ’.

2241 4420 2318 4474 Γ’.
2356 4421 2448 4474 ὑπ.
2499 4421 2830 4476 Ῥουστικίου
2861 4423 2958 4476 καὶ
3001 4421 3300 4476 Ἀκυλίνου.

2243 4513 2314 4564 A'.
2345 4513 2438 4565 ὑπ.
2475 4513 2726 4568 Αίλιανού
2757 4515 2851 4567 καὶ
2887 4515 3182 4586 Πάστορος.

2747 4629 2907 4696 EAG"
2941 4627 3316 4684 ΟΛΥΜΠΙΑΣ,

2242 4721 2318 4774 E'.
2350 4721 2446 4774 ὑπ.
2478 4722 2766 4794 Μακρίνου
2789 4723 2882 4776 καὶ
2917 4721 3148 4776 Κέλσου.

2243 4816 2332 4881 (Γ.
2368 4814 2770 4884 ὑπ.ὶ’ορφίτου
2799 4815 2894 4868 καὶ
2925 4813 3239 4876 Πούδεντος.

2239 4907 2313 4958 Z'.
2351 4907 2448 4961 ὑπ.
2477 4905 2776 4972 Ποὺδεντος
2803 4908 2866 4960 τὺ·
2897 4905 2938 4976 β’
2973 4907 3066 4960 καὶ
3095 4901 3444 4963 Πουλλίωνος.

2243 5001 2323 5053 H'.
2359 4999 2455 5052 ὑπ.
2485 4998 2714 5070 Μάρκου
2749 4999 3020 5071 Αὐρηλίου
3067 4997 3280 5066 Οὐήρου
3327 4991 3388 5042 τὸ
3429 4993 3478 5056 γ’
3503 4985 3596 5040 καὶ
3640 4983 3826 5038 Κουα-

2303 5089 2522 5165 δράτου.

2753 5201 2894 5257 ΣᾹΖ¹
2924 5197 3302 5256 ΟΛΥΜΠΙᾹΣ.

2240 5295 2316 5348 9'.
2355 5295 2452 5351 ὑπ.
2497 5295 2866 5367 Ἀπρωνιανοῢ
2897 5295 2990 5348 καὶ
3015 5291 3252 5346 Παύλου.

2239 5387 2298 5442 l'.
2329 5384 2424 5436 ὑπ.
2455 5383 2696 5457 Πρίσκου
2719 5385 2815 5438 καὶ
2856 5381 3252 5453 ’Δπολιναρίου.

2239 5475 2340 5530 IA'.
2377 5475 2470 5528 ὑπ.
2509 5477 2757 5548 Κεθήγου
2788 5477 2881 5530 καὶ
2909 5473 3148 5543 Κλάρον.

2239 5568 2339 5620 IB'.
2372 5569 2464 5622 ὑπ.
2493 5568 2730 5640 Σεϐήρου
2759 5569 2852 5622 καὶ
2889 5561 3258 5638 Ἐρεννιανοῦ.

2741 5682 2892 5736 ΣΛΗ¹
2926 5675 3303 5732 ΟΔΥΜΠῙΔΣ.

2241 5773 2340 5829 II".
2377 5773 2472 5828 ὑπ.
2517 5773 2766 5842 Ὀρφίτου
2787 5769 2849 5824 τὸ
2885 5769 2928 5839 β’
2955 5768 3050 5822 καὶ
3075 5765 3352 5836 Μαξίμου.
