4154 6474
299 415 406 469 501

305 537 370 586 ιΔ
393 573 409 587 .
486 550 544 586 π.
572 532 811 603 Σεὸήρου
843 532 903 584 τὸ
929 531 973 600 β’
1007 533 1101 586 καὶ
1133 530 1504 604 Πομπηῖανοῦ.

301 625 389 676 tE'
423 624 522 677 67:.
559 623 760 676 Γάλλου
790 623 884 676 καὶ
916 622 1187 678 Φλάκκου.

300 713 403 780 ις’
438 714 536 765 ὑπ.
583 711 836 783 Ὀρφίτου
864 711 924 766 τὸ
953 718 1002 779 γ’
1036 713 1130 765 καὶ
1171 711 1417 781 Ῥούφου.

838 824 982 879 ΣΛΘ¹
1022 827 1106 879 ΟΛ
1114 826 1395 881 ΥΜΠΙΑΣ.

294 915 406 973 IZ'.
443 917 541 973 67:.
577 916 910 982 Πουλλίωνος
941 917 1036 971 καὶ
1074 919 1305 992 Ἀπρου.

293 1012 415 1064 IH'.
453 1011 550 1064 67:.
585 1010 833 1082 Κομόδου
866 1010 960 1063 καὶ
999 1011 1337 1066 Κυϊντίλλου.

287 1100 400 1157 ῘΘ’.
439 1103 537 1156 ὑπ.
586 1102 838 1174 ὐρφίτου
869 1101 990 1156 τὸδ’
1019 1105 1111 1157 καὶ
1152 1104 1379 1174 Ῥούφου
1405 1105 1464 1159 τὸ
1496 1106 1556 1178 β’.

365 1195 712 1259 Ἀντωνῖνος,
761 1194 790 1246 6
831 1195 924 1248 καὶ
971 1196 1200 1266 Οὐῆρος,
1251 1199 1482 1269 νοσήσας
1526 1198 1792 1252 ἀπέθανεν
1839 1198 1896 1254 ἐν

1585 407 2085 464 CIIRONICORUM
2149 406 2279 464 LIB.
2315 409 2354 463 I.

1799 487 1804 492 Ι
1924 536 1974 592 Α
1997 526 2137 583 XIV.
2167 527 2368 584 Severo
2394 542 2432 581 ιι
2464 534 2519 583 et
2547 525 2881 604 Pompeiano
2909 543 3054 587 coss.

3469 410 3575 466 501

1999 619 2116 674 XV.
2144 618 2298 673 Gallo
2327 626 2380 673 et
2402 616 2596 672 Flacco
2622 634 2767 675 coss.

2005 709 2146 765 XVI.
2172 709 2344 764 Orﬁto
2374 724 2435 763 ιιι
2476 721 2531 766 et
2563 708 2706 765 Rufo
2721 727 2867 768 coss.

2422 822 2730 878 CCXXXIX
2781 821 3148 878 OLYMPIAS.

2003 913 2168 968 XVII.
2196 913 2440 970 Pollione
2468 922 2522 969 et
2551 913 2698 982 Apro
2722 928 2870 969 coss.

2001 1007 2187 1062 XVIII.
2216 1005 2513 1062 Commodo
2536 1012 2590 1060 et
2619 1004 2880 1071 Quintillo
2903 1022 3048 1063 coss.

2001 1098 2146 1153 XIX.
2176 1097 2346 1153 Orﬁto
2377 1113 2431 1153 1v
2472 1106 2527 1153 et
2553 1097 2696 1154 Rufo
2726 1113 2766 1152 ιι
2794 1113 2940 1154 coss.
3468 1159 3471 1162 _

2071 1192 2409 1255 Antoninus,
2438 1191 2531 1262 qui
2561 1197 2615 1246 et
2658 1189 2834 1249 Verus
2865 1191 3048 1248 dictus
3077 1196 3184 1258 est,
3219 1191 3416 1248 morbo
3444 1206 3578 1246 con-

283 1286 671 1352 Παννωνίαις,
724 1289 830 1360 πρὸ
879 1288 1022 1342 ὀκτὼ
1054 1289 1331 1344 καλανδῶν
1385 1291 1702 1363 ἁπριλλίων,
1728 1291 1886 1366 ἄρξας

1999 1285 2241 1342 ﬂictatus
2282 1286 2336 1340 in
2366 1285 2666 1341 Pannoniis
2697 1286 2854 1353 obiit,
2881 1301 2981 1341 vm
3025 1285 3145 1340 Kal.
3180 1284 3415 1358 Apriles,
3451 1301 3576 1341 cum

285 1377 392 1447 ἔτη
437 1375 522 1430 ιϐ’.

376 1470 674 1542 Ῥωμαίων
706 1471 764 1525 ιε’
793 1472 1137 1528 ἐϐασίλευσεν
1171 1473 1416 1543 Κόμοδος
1446 1474 1539 1544 ἔτη
1575 1473 1660 1527 ιϐ’.

281 1561 370 1614 Α’.
411 1564 512 1616 ὑπ.
548 1566 790 1636 Κομὸδου
821 1566 1128 1635 Αὐγούστου
1159 1567 1220 1620 τὸ
1252 1565 1298 1638 β’
1331 1567 1426 1620 καὶ
1452 1567 1646 1638 Βήρου.

819 1674 930 1730 ΣΜ⁹
964 1676 1342 1730 ΟΛΥΜΠΙΑΣ.

280 1765 365 1822 Β’.
417 1768 518 1821 ὑπ.
556 1769 888 1840 Πραίσεντος
921 1768 1014 1821 καὶ
1046 1767 1358 1840 Γορδιανοῦ.

280 1856 363 1911 I".
406 1859 511 1914 67:.
542 1860 788 1930 Κομόδου
816 1859 1125 1927 Αὐγούστου
1161 1859 1222 1912 τὸ
1252 1858 1301 1929 γ’
1335 1861 1428 1913 καὶ
1456 1861 1633 1932 Βήρου
1663 1862 1723 1914 τὸ
1755 1861 1821 1931 β’.

277 1949 362 2004 Δ¹.
403 1952 506 2004 ὑπ.
541 1951 890 2023 Μαμερτίνου
921 1952 1015 2004 καὶ
1057 1950 1284 2021 Ῥούφου
1311 1952 1370 2005 τὸ
1398 1953 1467 2022 γ’.

277 2041 363 2096 E'.
405 2043 508 2098 67:.
548 2044 797 2115 Κομόδου
827 2044 1135 2114 Αὐγούστου
1169 2042 1230 2097 τὸ
1260 2043 1300 2098 δ’
1329 2047 1422 2100 καὶ
1451 2047 1784 2117 Βικτορίνου.

820 2157 975 2213 ΣΜΑ⁹
1007 2159 1380 2214 ΟΛΥΜΠΙΑΣ.

279 2241 385 2315 ς’.
425 2249 524 2302 ὑπ.
559 2250 880 2322 Μαρκέλλου
913 2253 1008 2306 καὶ
1035 2251 1306 2308 Αἱλιανοῦ.

277 2337 365 2392 Z'.
409 2341 510 2394 ὑπ.
540 2341 826 2413 Ματέρνου
855 2344 952 2396 καὶ
985 2340 1254 2414 Βραδοῦα.

278 2423 372 2481 H'.
419 2427 516 2480 67:.
556 2429 804 2500 Κομόδου
855 2430 1168 2500 Αὐγούστου
1218 2430 1278 2483 τὸ
1311 2429 1352 2484 ε’
1391 2432 1485 2486 καὶ
1532 2433 1892 2507 Γλαϐρίωνος.

277 2517 364 2572 Θ.
407 2518 508 2572 ὑπ.
544 2520 848 2592 Κρισπίνου
889 2522 984 2577 καὶ
1017 2522 1291 2577 Αίλιανοῦ.

819 2637 974 2692 ΣΜΒ¹
1008 2639 1384 2695 ΟΛΥΜΠΙΑΣ.

280 2723 340 2779 Ῑ’.
379 2727 485 2781 ὑπ.
518 2729 853 2784 Φουσκιανοῦ
889 2733 983 2785 καὶ
1021 2731 1264 2786 Σιλανοῦ.

279 2816 385 2873 ΙΑ’.
425 2819 530 2876 ὑπ.
565 2822 810 2894 Κομόδου
851 2824 1162 2894 Αὐγούστου
1194 2827 1255 2880 τὸ
1285 2827 1338 2895 ς’
1371 2831 1464 2884 καὶ
1509 2831 1890 2903 Σεπτιμιανοῦ.

276 2909 382 2966 ΙΒ’.
423 2912 814 2990 ὑπ..Κομόδου
857 2918 1167 2987 Αὐγούστου
1212 2920 1272 2974 τὸ
1305 2919 1348 2985 ζ’
1397 2922 1492 2976 καὶ
1536 2925 1892 2996 Περ-πίνακος.

352 3005 609 3076 Κόμοδος
638 3008 899 3078 αἰφνίδιον
937 3011 1286 3086 ἐτελεύτησεν
1312 3015 1635 3085 ἀποπνιγεὶς
1662 3019 1720 3072 ἐν
1750 3020 1898 3092 οἰκίᾳ

1999 1379 2325 1448 imperasset
2353 1379 2514 1433 annis
2553 1385 2667 1433 nx.

2069 1469 2438 1526 Romanorum
2471 1471 2601 1542 imp.
2620 1470 3053 1526 XVCommodus
3080 1485 3168 1526 an.
3196 1487 3296 1526 xu.

2000 1561 2042 1618 Ι.
2075 1563 2375 1620 Commodo
2401 1562 2646 1635 Augusto
2676 1581 2713 1619 ιι
2741 1573 2794 1619 et
2834 1563 2975 1619 Vero
3001 1581 3146 1621 coss.

2496 1676 2677 1732 CCXL
2708 1675 3079 1732 OLYMPIAS.

1998 1762 2065 1820 II.
2090 1765 2365 1823 Praesente
2393 1775 2446 1822 et
2486 1766 2766 1822 Gordiano
2790 1782 2936 1822 coss.

1926 1893 1970 1949 Β
2000 1858 2089 1916 III.
2122 1861 2423 1937 Commodo
2453 1860 2590 1938 Aug.
2623 1876 2683 1916 ιιι
2717 1867 2771 1914 et
2799 1859 2943 1915 Vero
2970 1876 3006 1914 ιι
3042 1873 3186 1916 coss.

1999 1951 2089 2006 IV.
2127 1951 2452 2007 Mamertino
2479 1962 2533 2007 et
2563 1951 2706 2008 Rufo
2739 1968 2800 2006 ιιι
2831 1967 2978 2007 coss.

1999 2044 2064 2098 V.
2096 2045 2397 2101 Commodo
2435 2043 2684 2115 Augusto
2716 2061 2768 2098 iv
2801 2053 2856 2099 et
2887 2043 3174 2100 Victorino
3209 2058 3355 2100 coss.

2467 2155 2672 2212 CCXLI
2706 2155 3076 2215 OLYMPIAS.

1998 2245 2087 2301 Vl.
2120 2246 2380 2302 Marcello
2412 2253 2466 2303 et
2499 2246 2720 2302 :Eliano
2758 2262 2906 2304 coss.

1997 2338 2111 2393 VII.
2146 2338 2393 2395 Materno
2427 2347 2481 2394 et
2508 2338 2725 2394 Bradua
2755 2355 2900 2396 coss.

1997 2430 2134 2486 VIII.
2165 2431 2464 2487 Commodo
2496 2431 2635 2501 Aug.
2668 2448 2702 2486 ν
2728 2439 2782 2488 et
2811 2432 3082 2488 Gabrione
3115 2447 3260 2490 coss.

1997 2523 2087 2578 1X.
2113 2523 2369 2596 Crispino
2398 2533 2452 2581 et
2471 2524 2692 2580 IEliano
2720 2541 2865 2582 coss.

2475 2636 2707 2693 CCXLII
2735 2635 3112 2694 OLYMPIAS.

1998 2730 2068 2787 X.
2108 2730 2381 2788 Fusciano
2409 2738 2463 2786 et
2489 2729 2680 2786 Silano
2711 2747 2858 2788 coss.

1996 2823 2089 2879 XI.
2121 2823 2423 2880 Commodo
2446 2823 2585 2894 Aug.
2620 2839 2675 2880 vl
2704 2832 2758 2880 et
2781 2823 3119 2895 Septimiano
3148 2840 3293 2882 coss.

1997 2915 2115 2971 XII.
2139 2915 2441 2972 Commodo
2464 2899 2606 2986 Aug.
2641 2931 2715 2970 vn
2747 2922 2800 2969 et
2833 2913 3121 2972 Pertinace
3153 2932 3306 2975 coss.

2067 3007 2402 3064 Commodus
2424 3013 2647 3078 repente
2673 3007 2880 3063 interiit
2915 3007 3213 3064 suﬂ‘ocatus
3242 3011 3296 3063 in
3327 3008 3442 3065 κᾶε
3469 3006 3578 3066 Ve-

276 3094 586 3175 Βεστιανοῦ
646 3100 944 3168 συγγενοῦς
1011 3105 1176 3158 αὐτοῦ
1231 3107 1327 3160 καὶ¹
1393 3108 1745 3182 Ἀτταλιανῆς
1794 3112 1886 3183 τῆς

1999 3101 2166 3158 stiani
2195 3099 2374 3156 aIIinis
2403 3101 2486 3155 sui
2508 3107 2561 3155 et
2581 3099 2872 3155 Attaliana:
2887 3100 3102 3156 feminae
3129 3103 3437 3159 consularis
3463 3101 3576 3158 Ro-

279 3188 602 3297 ὑπατίσσης
629 3194 688 3245 ὲν
730 3190 920 3268 Ῥώμῃ
970 3197 1078 3268 πρὸ
1107 3195 1155 3250 α’
1202 3198 1478 3254 καλανδῶν
1540 3204 1886 3277 ἰανουαρίων,

1998 3208 2130 3260 mae,
2185 3192 2361 3265 pridie
2416 3191 2644 3248 Kalend.
2682 3189 3008 3258 Ianuarias,
3064 3207 3191 3247 cum
3241 3192 3562 3262 imperasset

275 3279 455 3350 ἄρξας
501 3282 600 3354 ἔτη
635 3283 723 3340 ιϐ’.

359 3373 660 3446 Ῥωμαίων
710 3377 784 3444 ις’
822 3377 1435 3449 ἐϐασίλευσεν-Λούκιος
1471 3385 1738 3460 Περτίναξ
1782 3389 1886 3460 μῆ*

279 3479 378 3528 νας
414 3466 486 3537 β’.

349 3557 652 3632 Περτίναξ,
701 3563 730 3615 6
769 3565 865 3618 καὶ
897 3565 1146 3631 Λούκιος,
1189 3569 1401 3642 ἐσφάγη
1435 3573 1538 3626 ὑπὸ
1572 3573 1679 3626 τῶν
1723 3591 1887 3646 στρα-

277 3652 519 3716 τιωτῶν,
550 3653 627 3716 ὡς
655 3655 933 3728 ἐξέρχεται
959 3659 1066 3714 ἀπὸ
1093 3659 1186 3714 τοῦ
1219 3661 1480 3717 παλατίου
1500 3667 1580 3729 εἰς
1606 3665 1697 3718 τὸν
1725 3667 1884 3737 Μάρτ

279 3758 396 3801 τιον
423 3746 506 3803 ὢν
531 3747 669 3805 ἐτῶν
695 3746 760 3807 o'.

364 3843 661 3915 Ῥωμαίων
701 3845 767 3910 ιζ’
797 3847 1146 3905 ἐϐασίλευσεν
1183 3852 1355 3916 Δίδιος
1394 3853 1699 3918 Ἰουλιανὸς,
1733 3855 1763 3907 6
1792 3854 1886 3908 καὶ

283 3934 521 4000 Σίλϐιος,
556 3937 732 4009 μῆνας
765 3937 828 4004 ζ’.

281 4024 360 4080 Α’.
397 4029 493 4082 ὑπ.
534 4027 780 4083 Φλάκκου
811 4031 905 4085 καὶ
937 4033 1174 4104 Κλάρουε

356 4118 471 4172 Καὶ
517 4113 671 4183 οὗτος
719 4123 748 4174 ὁ
774 4121 947 4186 Δίδιος
990 4125 1204 4195 ἐσφάγη
1255 4125 1361 4179 ὑπὸ
1415 4126 1879 4200 κουϐικουλαρίου,

285 4211 364 4270 εἰς
394 4211 712 4296 τῂνπηγὴν
740 4213 835 4267 τοῦ
869 4215 1152 4280 παλατίου,
1199 4217 1420 4290 Ῥώμης
1451 4218 1579 4285 ἔσω,
1610 4219 1685 4284 ὡς
1712 4237 1881 4294 προσ-

287 4295 401 4368 έχει
432 4295 547 4364 τοϊς
581 4303 810 4375 ἰχθύσιν,
845 4307 912 4360 ἐκ
959 4310 1227 4380 συσκευῆς
1275 4310 1382 4364 τῶν
1429 4311 1545 4382 μετ’
1586 4312 1771 4380 αὐτοῦ,
1805 4311 1882 4366 ὢν

289 4390 424 4445 ἐτῶν
452 4390 518 4460 ξ’.

369 4483 658 4556 Ῥωμαίων
692 4488 758 4560 ιη’
791 4490 1137 4544 ἐϐασίλευσεν
1183 4493 1410 4556 Λούκιος
1455 4493 1744 4564 Σεπτίμιος
1782 4495 1881 4548 Σε-

1993 3301 2154 3340 annis
2181 3300 2287 3343 ΧΙῙ.

2063 3375 2437 3432 Romanorum
2464 3375 2870 3448 imperat.XVI,
2910 3373 3113 3430 Lucius
3131 3361 3385 3430 Pertinax
3417 3389 3572 3428 mer:-

1993 3467 2147 3526 sibus
2171 3485 2233 3524 ιι.

2063 3560 2345 3627 Pertinax,
2378 3561 2473 3633 qui
2505 3569 2560 3618 et
2579 3545 2783 3618 Lucius
2809 3560 3010 3626 dictus,
3046 3575 3078 3615 a
3107 3559 3376 3615 militibus
3400 3560 3570 3614 inter--

1992 3653 2171 3711 fectus
2204 3664 2308 3722 est,
2328 3655 2457 3710 dum
2476 3671 2541 3711 ex
2567 3654 2767 3726 palatio
2790 3654 2846 3708 in
2876 3669 3131 3725 campum
3159 3653 3414 3709 Martium
3442 3668 3570 3724 pro-

1991 3747 2276 3816 ﬁciscitur,
2310 3763 2440 3803 ann.
2467 3756 2630 3805 natus
2659 3764 2789 3806 Lxx.

2063 3843 2434 3901 Romanorum
2470 3845 2722 3916 imperat.
2755 3841 2916 3906 XVII,
2948 3841 3140 3899 Didius
3173 3841 3444 3908 Julianus,
3473 3843 3567 3915 qui

1989 3945 2044 3994 et
2078 3937 2282 3994 Silvius
2314 3939 2388 4010 (I)
2425 3938 2628 4004 dictus,
2657 3937 2941 3994 mensibus
2977 3952 3073 3993 vu.

1989 4031 2031 4086 Ι.
2064 4029 2258 4087 Flacco
2281 4038 2335 4086 et
2363 4030 2524 4087 Claro
2543 4046 2692 4087 coss.

2062 4123 2324 4180 Similiter
2351 4131 2406 4180 et
2447 4124 2536 4178 hic
2572 4123 2763 4179 Didius
2803 4138 2834 4178 a
2865 4121 3226 4188 cubiculario,
3273 4136 3371 4192 per
3396 4119 3569 4177 comi-

1991 4223 2108 4270 tum
2161 4215 2392 4271 insidias
2452 4214 2775 4272 interfectus
2831 4222 2916 4271 est
2963 4204 3032 4269 ad
3084 4212 3291 4269 fontem
3346 4211 3563 4280 Palatii,

1989 4306 2196 4374 Romae,
2222 4308 2351 4363 dum
2382 4297 2628 4379 piscibus
2650 4298 2904 4375 intendit,
2934 4322 3107 4363 annos
3139 4314 3302 4362 natus
3331 4323 3420 4361 ιιι.

2057 4491 2430 4549 Romanorum
2455 4493 2754 4565 imperator
2782 4481 2969 4558 XVIII,
3013 4491 3218 4548 Lucius
3267 4489 3563 4560 Septimius

289 4573 491 4648 θῆρος,
549 4580 658 4633 ἀπὸ
733 4583 832 4654 τῆς
902 4585 1206 4657 συγκλήτου
1270 4585 1488 4658 Ῥώμης
1553 4585 1880 4658 ψηφισθεὶς,

1991 4582 2227 4640 Severus
2249 4600 2280 4639 a
2308 4582 2558 4640 Romano
2589 4594 2784 4640 senatu
2818 4587 3045 4650 electus,
3077 4584 3238 4640 annis
3266 4597 3382 4637 ιιι.

291 4665 382 4740 ἔτη
407 4669 493 4726 ιϐ’.

807 4790 958 4844 ΣΜΓ¹
991 4792 1367 4846 ΟΛΥΜΠΙΑΣ.

288 4864 364 4927 A'.
404 4877 498 4930 67:.
535 4878 772 4952 Σεὸήρου
803 4881 1112 4950 Αὐγούστου
1147 4884 1240 4936 καὶ
1273 4883 1519 4940 Σαϐίνου.

291 4962 361 5016 Β’.
397 4967 492 5022 67:.
528 4970 827 5039 Τερτύλλου
855 4974 950 5025 καὶ
981 4974 1318 5046 Κλήμεντος.

289 5053 361 5110 Γ’.
392 5059 486 5115 ὑπ.
519 5061 747 5134 Δέξτρου
779 5064 873 5116 καὶ
901 5065 1166 5136 Πρίσκου.

290 5145 361 5204 Δ’.
395 5151 489 5208 ὑπ.
532 5155 844 5226 Λατεράνου
875 5157 970 5210 καὶ
1005 5158 1311 5228 Ῥουφίνου.

805 5269 959 5325 ΣΜΔ’
991 5274 1365 5328 ΟΛΥΜΠΙΑΣ.

291 5371 363 5427 E'.
397 5379 492 5436 ὑπ.
527 5382 847 5456 Σατορνίνου
879 5387 975 5439 κα)⁸
1001 5388 1228 5443 Γάλλου.

293 5464 381 5531 (Τ.
413 5470 507 5526 67:.
556 5474 888 5531 Ἀνουλλίνου
918 5479 1013 5532 καὶ
1036 5481 1369 5551 Φρόντωνος.

395 5561 487 5619 ὐπ.
525 5565 762 5638 Σεὸήρου
793 5565 1105 5637 Αὐγούστου
1134 5572 1194 5625 τὸ
1225 5571 1269 5643 β’
1305 5575 1400 5628 καὶ
1434 5576 1764 5648 Βικτορίνου,

294 5645 368 5704 Η’.
403 5654 495 5712 ὑπ.
530 5659 820 5714 Μωκιανοῦ
854 5663 948 5716 καὶ
971 5665 1258 5720 Φαϐιανοῦ.

361 5861 434 5928 (ί)
451 5868 559 5926 'Dic
590 5870 828 5927 Salvius.

2442 4783 2693 4842 CCXLIII
2726 4781 3100 4842 OLYMPIAS.

1984 4876 2026 4930 I.
2063 4875 2265 4933 Severo
2287 4876 2534 4949 Augusto
2575 4886 2629 4934 et
2661 4879 2862 4934 Sabino
2885 4895 3032 4935 coss.

1982 4965 2048 5022 II.
2083 4967 2328 5023 Tertullo
2351 4978 2406 5023 et
2436 4967 2714 5025 Clemente
2743 4986 2890 5027 coss.

1982 5056 2071 5116 III.
2102 5057 2306 5114 Dextro
2330 5068 2383 5114 et
2405 5059 2596 5116 Prisco
2618 5050 2763 5117 coss'.

1980 5143 2072 5206 1V.
2104 5151 2373 5207 Laterano
2405 5161 2460 5209 et
2495 5153 2692 5210 Rulino
2720 5172 2866 5212 coss.

2438 5266 2688 5323 CCXLIV
2727 5264 3093 5324 OLYMPIAS.

1986 5380 2046 5436 V.
2084 5381 2384 5438 Saturnino
2412 5391 2466 5438 et
2492 5383 2647 5439 Gallo
2680 5399 2828 5440 coss.

1979 5471 2070 5528 Vl.
2094 5473 2353 5528 Anullino
2383 5480 2437 5528 et
2468 5472 2743 5528 Frontone
2772 5489 2920 5528 coss.

1979 5562 2093 5619 VII.
2124 5563 2326 5620 Severo
2345 5563 2595 5636 Augusto
2622 5580 2660 5618 ιι
2697 5571 2752 5619 et
2781 5562 3063 5620 Victorino
3089 5577 3240 5621 coss.

1978 5659 2120 5716 VIII.
2147 5658 2399 5714 Muciano
2431 5665 2485 5713 et
2515 5657 2770 5731 _Fabiauo
2800 5671 2947 5714 coss.
