4154 6452
350 413 454 467 515
1585 413 2084 471 CHBONICORUM
2124 414 2251 470 LIB.
2295 415 2360 470 ll.
3503 427 3608 480 51$

958 773 1819 954 EUSEBII
1923 769 2996 951 PAMPHILI

668 1093 1823 1228 CHRONICORUM
1897 1093 2374 1222 LIBER
2467 1092 3285 1229 SECUNDUS

1035 1337 1096 1400 S.
1138 1332 1633 1398 HIERONYMO
1678 1331 2190 1393 INTERPBETE
2230 1332 2334 1392 ET
2377 1330 2907 1396 AMPLIATORE

1300 1497 1417 1574 ;Ad
1447 1495 1702 1560 codices
1735 1493 2076 1557 Vaticanos
2113 1511 2320 1574 nuper
2353 1501 2636 1558 exactus.

498 1805 811 1872 SANCTI
831 1801 1324 1868 HIERONYMI
1353 1796 1809 1861 ΡΒΔΞΕΑΤΙΟ
1837 1798 1937 1861 IN
1964 1795 2294 1860 LIBRUM
2317 1797 2392 1857 II
2422 1795 3044 1862 CHRONICORUM
3065 1791 3422 1863 EUSEBII

493 1972 840 2029 thnomuus
878 1967 1180 2024 VINCENTIO
1201 1980 1274 2023 nr
1309 1964 1550 2020 GALIENO
1589 1979 1703 2020 SUlS
1737 1977 2003 2018 SALUTEM.

407 2108 461 2162 l.
484 2106 653 2184 Vetus
672 2107 775 2162 iste
804 2106 1136 2161 disertorum
1160 2121 1280 2162 mos
1309 2105 1432 2170 fuit,
1462 2113 1523 2159 ut
1547 2101 1840 2160 exercendi
1869 2102 2069 2174 ingenii
2100 2117 2266 2157 causa
2286 2101 2504 2156 Graecos
2534 2102 2704 2158 libros
2728 2101 2923 2159 Latino
2946 2118 3200 2161 sermone
3224 2104 3597 2170 absolverem,

331 2208 410 2266 et,
441 2201 586 2270 quod
612 2201 736 2270 plus
766 2201 819 2255 in
855 2217 914 2256 se
948 2200 1282 2257 dilIicultatis
1319 2201 1502 2264 habet,
1522 2207 1772 2270 poemata
1796 2198 2089 2254 illustrium
2124 2199 2388 2262 virorum,
2422 2199 2609 2253 addita
2638 2200 2798 2254 metri
2830 2200 3179 2267 necessitate,
3209 2199 3598 2256 transferrent.

335 2292 493 2350 Unde
526 2303 581 2349 et
613 2304 801 2350 noster
833 2294 1045 2352 Tullius
1069 2293 1315 2351 Platonis
1336 2295 1578 2365 integros
1605 2293 1776 2348 libros
1809 2292 1876 2346 ad
1908 2293 2134 2347 verbum
2166 2293 2557 2362 interpretatus
2587 2300 2673 2348 est
2706 2311 2720 2348 :
2753 2300 2956 2348 etcum
2986 2293 3212 2348 Aratum
3243 2295 3355 2363 jam
3397 2293 3598 2348 Roma-

329 2404 465 2442 num
496 2390 828 2446 hexametris
852 2393 1103 2447 versibus
1131 2391 1414 2456 edidisset,
1470 2391 1526 2444 in
1563 2389 1941 2459 Xenophontis
1982 2387 2338 2443 (Economico
2368 2389 2500 2444 lusit
2535 2407 2550 2444 :
2595 2387 2649 2442 in
2699 2403 2808 2459 quo
2859 2403 3022 2459 opere
3054 2389 3128 2442 ita
3181 2403 3324 2458 saepe
3371 2403 3600 2443 aureum

330 2477 469 2532 illud
497 2478 696 2533 ﬁumen
724 2480 1047 2550 eloquentia;
1069 2479 1397 2550 quibusdam
1431 2477 1642 2534 scabris
1675 2488 1728 2532 et
1761 2477 2087 2532 turbulentis
2108 2477 2358 2534 obicibus
2389 2476 2720 2546 retardatur,
2737 2485 2798 2533 ut
2824 2478 2918 2549 qui
2946 2478 3299 2548 interpretata
3323 2480 3596 2546 nesciunt,

331 2583 364 2622 a
389 2568 653 2625 Cicerone
685 2571 831 2625 dicta
862 2587 973 2625 non
993 2570 1240 2625 credant.
1275 2569 1500 2626 Dillicile
1524 2577 1610 2625 est
1631 2571 1777 2625 enim
1811 2570 2020 2624 alienas
2046 2571 2218 2626 lineas
2249 2572 2627 2641 insequentem
2650 2587 2761 2626 non
2791 2572 2994 2627 alicubi
3021 2571 3313 2627 excedere:
3339 2573 3594 2636 arduum,

331 2671 394 2719 ut
424 2679 545 2734 quer-
575 2664 632 2718 in
681 2665 856 2718 aliena
884 2665 1067 2736 lingua
1097 2664 1418 2720 bene-dicta
1453 2671 1602 2730 sunt,
1656 2664 1907 2719 eumdem
1933 2664 2186 2719 decorem
2242 2665 2297 2719 in
2322 2667 2684 2722 translatione
2713 2676 3064 2725 conservent.
3103 2667 3478 2738 Signiﬁcatqu
3515 2679 3603 2724 est

330 2760 539 2830 aliquid
590 2759 756 2816 unius
796 2760 948 2814 verbi
982 2760 1344 2830 proprietate;
1375 2774 1486 2813 non
1516 2758 1690 2813 habeo
1717 2773 1896 2813 meum
1928 2775 2038 2828 quo
2069 2758 2126 2812 id
2169 2757 2389 2814 elferam
2416 2776 2432 2826 ;
2482 2767 2536 2816 et
2590 2760 2720 2814 dum
2769 2775 2957 2830 quaero
2986 2761 3215 2831 implere
3247 2764 3597 2828 sententiam,

329 2853 492 2922 longo
515 2852 720 2907 ambitu
752 2852 841 2906 vix
873 2851 1054 2907 brevis
1080 2851 1180 2906 viae
1206 2851 1380 2922 spatia
1408 2866 1749 2906 consummo.
1768 2850 2049 2905 Accedunt
2070 2851 2490 2922 hyperbatorum
2512 2852 2817 2918 anfractus,
2841 2853 3315 2912 dissimilitudines
3346 2873 3598 2924 casuum,

327 2949 566 3002 varietas
602 2949 898 3018 ﬁgurarum
933 2966 947 3002 :
1001 2948 1180 3018 ipsum
1213 2954 1489 3017 postremo
1528 2963 1708 3012 suum,
1740 2956 1814 3012 et,
1869 2955 1930 3001 ut
1963 2947 2037 3000 ita
2069 2947 2270 3014 dicam,
2302 2949 2657 3002 vernaculum
2701 2949 2898 3019 linguae
2941 2965 3132 3018 genus.
3169 2951 3226 3006 Si
3275 2952 3342 3006 ad
3377 2955 3598 3008 verbum

327 3036 680 3107 interpretor,
703 3039 942 3094 absurde
969 3050 1194 3094 resonat
1227 3059 1240 3093 :
1279 3039 1325 3095 si
1349 3039 1421 3094 ob
1449 3040 1836 3095 nesessitatem
1870 3038 2077 3110 aliquid
2115 3039 2173 3094 in
2199 3039 2391 3096 ordine
2409 3041 2495 3095 vel
2534 3041 2591 3095 in
2623 3054 2875 3096 sermone
2906 3049 3209 3109 mutavero,
3237 3045 3306 3099 ab
3334 3045 3601 3116 interpre-

326 3134 402 3188 tis
439 3132 665 3188 videhor
697 3133 875 3187 ollicio
897 3135 1213 3188 recessisse.

399 3227 454 3282 2.
489 3227 698 3299 Itaque,
722 3228 799 3282 mi
832 3226 1090 3283 Vincenti
1118 3228 1466 3293 charissime,
1489 3236 1542 3284 et
1567 3235 1627 3282 tu
1653 3227 1876 3283 Galiene
1905 3244 2032 3300 pars
2058 3228 2252 3284 animae
2280 3243 2433 3291 meae,
2453 3228 2704 3295 obsecro,
2739 3237 2798 3284 ut
2830 3229 3097 3301 quidquid
3122 3230 3224 3285 hoc
3251 3234 3599 3288 tumultuarii

327 3325 513 3394 operis
545 3333 650 3390 est,
705 3325 1028 3390 amicorum,
1059 3341 1168 3380 non
1199 3324 1448 3395 judicum
1484 3324 1668 3378 animo
1696 3324 1952 3395 relegatis
1987 3343 2000 3379 :
2036 3324 2339 3393 praesertim
2371 3339 2497 3378 cum
2528 3331 2584 3380 et
2627 3324 2878 3389 notario,
2919 3331 2977 3378 ut
3018 3325 3192 3388 scitis,
3249 3326 3596 3382 velocissime

327 3418 676 3482 dictaverim,
707 3425 762 3473 et
794 3417 1163 3473 dilﬁcultatem
1198 3418 1275 3472 rei
1307 3417 1472 3472 etiam
1506 3416 1819 3472 divinorum
1858 3417 2198 3472 voluminum
2258 3416 2624 3471 instrumenta
2674 3424 2968 3483 testentur,
3021 3433 3142 3488 quin
3195 3434 3225 3472 a
3284 3416 3426 3473 LXX
3507 3418 3596 3473 In-

326 3515 665 3586 terpretibus
696 3515 863 3580 edita,
899 3530 1010 3569 non
1041 3514 1292 3570 eumdem
1321 3528 1574 3583 saporem
1610 3513 1666 3566 in
1718 3509 1908 3567 Graeco
1957 3527 2210 3568 sermone
2267 3511 2604 3568 custodiunt.
2643 3510 3010 3580 Quamobrem
3063 3512 3293 3582 Aquila,
3328 3523 3383 3569 et
3437 3513 3599 3586 Sym-

325 3607 583 3672 machus,
607 3614 661 3662 et
698 3605 1269 3670 Theodotio-incitati,
1305 3604 1582 3660 diversum
1617 3619 1755 3676 pene
1785 3619 1922 3674 opus
1960 3603 2017 3658 in
2048 3603 2236 3660 eodem
2262 3619 2429 3675 opere
2460 3601 2821 3674 prodiderunt
2855 3621 2867 3658 :
2903 3604 3008 3659 alio
3037 3603 3243 3658 nitente
3272 3606 3498 3658 verbum
3527 3606 3596 3660 de

325 3703 496 3758 verbo
527 3701 855 3772 eXprimere,
888 3700 995 3754 alio
1021 3715 1241 3755 sensum
1274 3699 1455 3767 potius
1491 3697 1666 3767 sequi,
1698 3698 1859 3753 tertio
1895 3711 2003 3751 non
2037 3697 2272 3751 multum
2313 3712 2344 3750 a
2378 3695 2658 3752 veteribus
2699 3695 3032 3766 discrepare.
3069 3695 3272 3762 Quinta
3306 3713 3508 3763 autem,
3539 3713 3595 3757 et

326 3800 505 3856 sexta,
524 3799 578 3846 et
615 3790 842 3861 septima
865 3788 1055 3852 editio,
1089 3788 1214 3843 licet
1241 3787 1442 3857 quibus
1471 3795 1800 3843 censeantur
1837 3788 2176 3850 auctoribus,
2201 3788 2506 3859 ignoretur,
2543 3794 2726 3842 tamen
2770 3787 2845 3842 ita
2878 3789 3212 3858 probabilem
3239 3791 3324 3845 sui
3363 3791 3594 3846 diversi-

325 3894 492 3942 tatem
520 3891 727 3950 tenent,
756 3891 817 3938 ut
851 3883 1232 3938 auctoritatem
1269 3883 1388 3937 sine
1421 3867 1737 3937 nominibus
1765 3885 2088 3938 meruerint.
2108 3881 2239 3938 Inde
2272 3883 2409 3939 adeo
2439 3884 2608 3947 venit,
2630 3892 2688 3938 ut
2715 3895 2886 3938 sacrae
2912 3884 3105 3940 littera:
3135 3884 3317 3939 minus
3341 3895 3591 3955 comptae,

325 3985 382 4033 et
402 3978 539 4034 dure
566 3983 825 4032 sonantes
856 3975 1174 4042 videantur;
1200 3975 1346 4046 quod
1383 3977 1474 4031 isti
1504 3975 1757 4031 homines
1786 3977 2170 4047 interpretatas
2195 3992 2290 4032 eas
2323 3975 2390 4031 de
2421 3975 2648 4032 Hebrzeo
2681 3975 3011 4042 nescientes,
3047 3975 3178 4031 dum
3225 3978 3592 4047 superﬁciem,

324 4083 438 4125 non
491 4067 787 4122 medullam
817 4066 1135 4137 inspiciunt,
1172 4074 1299 4121 ante
1335 4066 1493 4136 quasi
1520 4073 1726 4122 vestem
1764 4067 2030 4123 orationis
2064 4068 2342 4122 sordidam
2373 4068 2822 4137 perhorrescunt,
2864 4085 3026 4139 quam
3070 4071 3358 4140 pulchrum
3392 4071 3594 4126 intrin-

325 4175 490 4218 secus
515 4175 698 4216 rerum
732 4175 931 4230 corpus
963 4159 1263 4214 inveniant.
1294 4157 1539 4230 Denique
1565 4158 1696 4229 quid
1725 4158 1992 4214 Psalterio
2022 4160 2299 4224 canorius,
2335 4159 2484 4229 quod
2514 4161 2569 4214 in
2605 4177 2812 4217 morem
2860 4163 3035 4217 nostri
3057 4161 3268 4228 Flacci,
3319 4172 3373 4217 et
3418 4162 3584 4219 Graeci

325 4254 573 4320 Pindari,
609 4270 754 4310 nunc
799 4255 982 4310 iambo
1013 4253 1208 4318 currit,
1258 4269 1406 4309 nunc
1433 4253 1656 4309 Alcaico
1697 4262 1980 4324 personat,
2032 4270 2181 4308 nunc
2213 4254 2488 4325 Sapphico
2537 4263 2732 4320 tumet,
2764 4273 2912 4313 nunc
2939 4258 3215 4326 semipede
3253 4256 3595 4328 ingreditur?

326 4348 470 4416 Quid
497 4347 903 4402 Deuteronomii
928 4355 982 4401 et
1013 4343 1165 4400 Isaia:
1186 4345 1402 4400 cantico
1422 4346 1745 4415 pulchrius?
1775 4345 1917 4413 Quid
1959 4346 2252 4402 Salomone
2291 4347 2552 4417 gravius?
2574 4345 2716 4415 Quid
2752 4348 3048 4418 perfectius
3077 4347 3218 4403 Job?
3245 4348 3375 4415 Quze
3407 4351 3591 4405 omnia

323 4438 659 4496 hexametris
691 4444 746 4493 et
776 4437 1133 4508 pentametris
1167 4435 1436 4499 versibus,
1465 4443 1524 4490 ut
1549 4436 1822 4508 Josephus
1854 4445 1909 4493 et
1942 4436 2208 4508 Origenes
2261 4440 2532 4504 scribunt,
2580 4441 2722 4510 apud
2776 4457 2908 4496 suos
2940 4443 3240 4511 composita
3265 4443 3588 4498 decurrunt.

323 4533 454 4587 Haac
486 4546 612 4587 cum
643 4529 828 4585 Graece
860 4530 1111 4600 legimus,
1145 4527 1293 4581 aliud
1322 4527 1580 4598 quiddam
1603 4537 1820 4591 sonant,
1853 4544 1979 4582 cum
2013 4528 2224 4594 Latine,
2257 4530 2476 4599 penitus
2503 4546 2612 4586 non
2636 4531 2932 4586 cohaerent.
2967 4529 3125 4598 Quod
3157 4534 3201 4586 si
3242 4533 3331 4586 cui
3366 4548 3475 4586 non
3507 4533 3590 4588 vi-

323 4627 484 4684 detur
510 4627 712 4698 linguae
742 4626 972 4698 gratiam
1025 4624 1477 4694 interpretatione
1503 4624 1726 4688 mutari,
1757 4623 2053 4678 Homerum
2088 4624 2157 4679 ad
2204 4625 2434 4680 verbum
2480 4625 2754 4695 exprimat
2801 4625 2856 4679 in
2890 4625 3166 4680 Latinum.
3197 4624 3327 4681 Plus
3380 4626 3587 4695 aliquid

323 4720 525 4784 dicam,
556 4713 809 4776 eumdem
842 4719 897 4773 in
933 4732 1032 4773 sua
1050 4718 1246 4789 'lingua
1271 4732 1448 4788 prosae
1474 4717 1656 4774 verbis
1689 4718 2104 4789 interpretetur,
2135 4719 2340 4774 videbit
2363 4717 2612 4787 ordinem
2634 4718 2965 4785 ridiculum,
3001 4726 3056 4773 et
3083 4725 3300 4788 poetam
3327 4717 3588 4788 eloquen-

323 4813 602 4885 tissimum
632 4814 726 4868 vix
761 4814 1090 4883 loquentem.

395 4911 450 4966 5.
486 4909 761 4976 Qitorsum
795 4906 936 4962 ista?
969 4903 1230 4960 Videlicet
1263 4913 1323 4958 ut
1351 4920 1460 4959 non
1495 4904 1650 4960 vobis
1703 4905 1904 4959 mirum
1943 4905 2213 4974 videatur,
2262 4905 2310 4960 si
2355 4905 2560 4960 alicubi
2611 4903 2961 4970 oﬁ’endimus,
3000 4905 3045 4960 si
3077 4905 3230 4960 tarda
3264 4905 3440 4960 oratio
3491 4913 3587 4960 aut

325 5003 753 5063 consonantibus
787 5009 1095 5070 aSperatur,
1121 5004 1216 5052 aut
1245 4998 1526 5054 vocalibus
1559 4997 1743 5052 hiulca
1774 4997 1858 5053 vel
1887 4997 2064 5054 divisa
2098 4996 2177 5062 ﬁt,
2211 5005 2306 5051 aut
2334 5012 2516 5052 rerum
2559 4997 2804 5068 ipsarum
2851 4997 3116 5052 brevitate
3165 4998 3582 5064 constringitur,

324 5113 450 5156 cum
479 5081 834 5151 eruditissimi
870 5091 1118 5147 homines
1148 5092 1206 5146 in
1234 5093 1424 5148 eodem
1454 5107 1618 5162 opere
1647 5092 1984 5158 sudaverint,
2047 5101 2101 5146 et
2124 5091 2191 5146 ad
2214 5105 2559 5147 communem
2591 5091 2992 5156 difficultatem,
3033 5107 3197 5162 quam
3231 5092 3285 5145 in
3310 5092 3460 5146 omni
3500 5093 3586 5148 in—

325 5188 715 5260 terpretatione
740 5185 951 5240 causali
990 5199 1203 5248 sumus,
1241 5183 1346 5240 hoc
1370 5185 1528 5241 nobis
1553 5185 1833 5254 proprium
1869 5186 2124 5248 accedat,
2161 5182 2304 5253 quod
2340 5183 2572 5238 historia
2621 5183 2906 5252 multiplex
2945 5192 3060 5250 est,
3111 5183 3320 5238 habens
3351 5185 3584 5239 barbara

324 5284 568 5350 nomina,
594 5297 684 5337 res
715 5279 1022 5349 incognitas
1040 5275 1270 5344 Latinis,
1304 5293 1561 5334 numeros
1587 5277 2014 5340 inextricabiles,
2042 5275 2284 5346 virgulas
2316 5275 2480 5329 rebus
2509 5275 2718 5347 pariter
2760 5291 2824 5330 ac
2855 5277 3100 5332 numeris
3144 5278 3485 5343 intertextas,
3522 5287 3584 5336 ut

323 5391 464 5446 pene
492 5368 764 5428 diﬁicilius
792 5372 864 5428 sit
905 5369 1120 5441 legendi
1148 5369 1398 5426 ordinem
1427 5368 1641 5425 discere
1682 5385 1847 5440 quam
1879 5369 1946 5423 ad
1998 5368 2250 5423 lectionis
2283 5367 2534 5422 notitiam
2567 5367 2873 5436 pervenire.
2932 5365 3002 5430 Ut
3051 5374 3232 5422 autem
3287 5369 3582 5427 manifesto

323 5476 686 5542 cognoscatur
709 5463 932 5529 indicio,
958 5462 1027 5517 ad
1060 5476 1223 5534 quem
1243 5475 1530 5516 numerum
1551 5461 1782 5516 historia
1815 5475 2044 5532 quaeque
2077 5459 2362 5529 pertineat,
2403 5458 2503 5513 has
2537 5459 2914 5513 distinctiones
2941 5459 3148 5528 positas
3182 5459 3354 5515 lector
3386 5461 3583 5518 adver-

324 5571 421 5625 tat,
455 5570 513 5617 ut
543 5561 590 5616 si
620 5559 687 5613 ad
717 5557 953 5628 primum
990 5567 1276 5610 numerum
1297 5551 1448 5623 regni
1483 5551 1738 5621 primitus
1763 5554 1969 5609 enotati
1990 5552 2217 5609 historia
2243 5551 2528 5606 referenda
2555 5557 2661 5613 est,
2697 5550 2928 5621 primam
2958 5550 3194 5606 litteram
3222 5554 3278 5607 in
3320 5556 3584 5626 explana-

323 5653 473 5708 tione
506 5651 748 5707 historiae
777 5647 1172 5717 contempletur
1206 5661 1221 5700 :
1247 5653 1301 5699 et
1330 5643 1598 5713 siquidem
1627 5659 1749 5699 eam
1769 5661 1836 5700 ex
1868 5644 2040 5700 minio
2085 5643 2301 5708 viderit,
2329 5643 2405 5697 illi
2438 5642 2669 5712 tempori
2713 5642 3092 5713 applicandam
3123 5644 3208 5697 vel
3240 5662 3385 5701 anno
3418 5649 3582 5715 sciat,

323 5758 483 5813 quem
511 5740 845 5813 suggesserit
867 5753 1128 5794 numerus
1156 5737 1407 5793 similiter
1444 5737 1633 5792 eodem
1655 5738 1826 5795 minio
1856 5739 2142 5810 ﬁguratus.
2175 5737 2233 5792 Si
2271 5753 2403 5793 vero
2427 5753 2714 5792 numerum
2761 5753 2870 5792 non
2903 5753 3043 5808 puro
3065 5737 3256 5804 minio,
3289 5740 3384 5796 sed
3415 5743 3582 5798 misto

324 5835 482 5910 nigro
516 5841 762 5902 notatum
797 5842 918 5889 esse
942 5830 1259 5912 perviderit,
1293 5831 1546 5894 secundae
1569 5830 1725 5892 linea:
1751 5845 1978 5887 numero
2009 5829 2236 5885 debetur
2261 5830 2583 5888 historia.ai
2608 5836 2789 5886 autem
2820 5831 2984 5887 tertio
3014 5845 3368 5888 numerorum
3398 5832 3580 5888 ordini
