4154 6462
570 372 685 440 ’323

1211 375 1482 440 EUSEBII
1520 371 2003 432 CESABIENSIS
2040 369 2192 428 OPP.
2230 367 2414 425 PARS
2447 368 2489 424 1.
2530 396 2597 409 -
2639 365 3030 422 HISTORICA.
3070 348 3083 355 ’

3726 363 3835 420 324

578 497 852 553 Abraham
891 494 1016 550 Nini
1058 500 1217 550 astate
1247 490 1587 565 generatum,
1615 488 1771 561 juxta
1804 504 1929 545 eum
1968 495 2149 544 tamen
2181 493 2225 550 Α
2253 500 2429 556 usque
2453 483 2519 539 ad
2546 484 2840 540 secundam
2864 479 3318 537 instaurationem
3348 478 3498 549 ejus;
3526 479 3595 534 ab
3622 481 3836 538 instau-

574 598 888 647 uumerum,
908 597 1069 650 «ptem
1102 584 1517 637 contractiorem
1550 584 1786 639 editione
1806 586 2019 655 vulgata
2042 599 2154 640 ser-
2253 577 2470 632 ratione
2496 575 2616 645 ejus
2648 590 2822 644 usque
2853 573 2922 627 ad
2952 572 3243 628 adventum
3275 571 3512 628 Domini.
3551 572 3597 626 A
3628 575 3834 629 nativi-

574 686 667 725 mo
700 672 901 742 praebet
934 670 1209 728 Hehrmus.
1242 673 1433 727 Verum
1468 672 1934 744 incuriosiuteU)
1959 689 2150 731 neces-

567 780 686 833 ses;
712 774 765 820 et
787 779 911 821 cum
932 762 1174 819 divinam
1199 766 1536 833 Scripturam
1556 764 1841 833 diligenter
1858 767 2142 829 evolveris,

564 872 599 913 a
632 846 913 912 nativitate
934 841 1167 911 Abraha
1188 870 1360 925 usque
1384 855 1452 909 ad
1480 853 1648 909 totius
1674 855 1825 910 orbis
1854 855 2140 921 diluvium,

574 952 819 1008 invenies
851 957 1150 1005 retrorsum
1169 962 1342 1002 annos
1371 960 1669 1001 nccccxut.
1695 944 1825 1001 Item
1858 941 1889 1000 a
1919 946 2145 1011 diluvio,

571 1058 748 1113 usque
776 1041 841 1095 ad
877 1036 1048 1095 Adam
1073 1055 1348 1105 nuccxut,
1383 1039 1437 1092 in
1470 1038 1672 1108 quibus
1705 1041 1720 1059 ¹
1745 1037 1894 1092 nulla
1934 1038 2149 1109 penitus

571 1150 673 1190 nec
700 1133 909 1197 Graeca,
943 1147 1041 1187 nec
1068 1132 1316 1197 barbara,
1343 1139 1417 1194 et,
1443 1137 1502 1183 ut
1533 1130 1727 1199 loquar
1756 1129 1812 1183 in
1835 1144 2145 1196 commune,

574 1226 798 1298 gentilis
833 1225 1107 1279 invenitur
1131 1223 1383 1277 historia.

643 1314 695 1370 6.
733 1313 1096 1381 Quamobrem
1140 1327 1382 1382 prmsens
1412 1311 1737 1382 opusculum
1767 1309 1836 1364 ab
1872 1310 2147 1365 Abraham

569 1416 625 1463 et
644 1406 785 1461 Nino
806 1420 981 1477 usque
1008 1405 1075 1459 ad
1094 1414 1338 1460 nostram
1366 1411 1581 1458 aetatem
1612 1402 1869 1457 inferiora
1904 1410 2145 1471 tempora

567 1506 960 1569 persequetur:
992 1503 1048 1552 et
1075 1495 1261 1550 statim
1292 1493 1348 1548 in
1381 1493 1651 1564 principio
1689 1492 1773 1547 sui
1795 1486 2146 1547 Hebraeorum

566 1589 861 1652 Abraham,
898 1588 1248 1660 Assyriorum
1283 1586 1484 1641 Ninum
1529 1593 1584 1643 et
1623 1585 1968 1640 Semiramim
2016 1600 2146 1656 pro-

565 1693 766 1754 ponet:
815 1682 947 1753 quia
982 1684 1023 1704 “
1052 1695 1229 1751 neque
1270 1679 1609 1735 Athenarum
1652 1678 1831 1732 adhuc
1867 1678 2019 1739 urbs.
2051 1692 2147 1731 ne-

567 1792 674 1848 que
700 1776 1023 1847 Argivorum
1058 1788 1284 1846 regnum
1330 1787 1531 1827 nomen
1559 1777 1874 1841 acceperat,
1901 1770 2035 1825 solis
2061 1768 2143 1822 Si-

564 1843 855 1947 cyoniis'in
872 1865 1081 1922 Gracia
1103 1843 1459 1928 ﬂorentibus;
1484 1861 1629 1933 apud
1651 1876 1792 1932 quos
1808 1860 2148 1931 temporibus
2180 1843 2221 1897 Β

564 1943 797 2015 Abrahae
848 1967 902 2014 et
932 1957 1057 2012 Nini
1099 1957 1373 2027 Europem
1417 1954 1720 2010 secundum
1761 1969 2022 2023 regnasse
2073 1951 2144 2006 l'e.

560 2059 711 2107 runt.
745 2036 902 2117 Quod
925 2064 1026 2103 cur
1053 2048 1217 2103 etiam
1253 2062 1357 2101 nos
1388 2056 1664 2115 putemus,
1691 2059 1757 2099 ex
1788 2044 2144 2112 sequentibus

559 2141 1045 2200 demonstrabitur.
1065 2139 1123 2194 Si
1151 2140 1295 2195 enim
1308 2138 1596 2209 diligenter
1617 2151 1907 2191 enumeres
1933 2131 2002 2189 ab
2018 2136 2145 2189 ulti-

559 2250 649 2291 ma
663 2224 821 2289 tetate
837 2232 963 2287 Nini
983 2247 1156 2302 usque
1187 2230 1255 2285 ad
1280 2227 1459 2298 Trojae
1476 2218 1870 2299 captivitatem,
1896 2226 2143 2282 invenies

561 2327 737 2381 annos
759 2329 1088 2379 neccxxxiv.
1125 2321 1256 2377 Item
1281 2321 1337 2376 in
1375 2318 1611 2391 Sicyone
1633 2318 1702 2373 ab
1730 2333 1878 2373 anno
1913 2334 2026 2372 xm
2057 2333 2145 2373 re-

560 2400 644 2490 gis
670 2417 900 2488 Europis
936 2432 1109 2487 usque
1144 2413 1214 2469 ad
1241 2413 1618 2484 supradictum
1658 2420 1894 2481 tempus,
1918 2411 2142 2466 eosdem

559 2526 736 2566 annos
765 2508 1009 2564 invenies
1038 2521 1359 2562 ncccxxnv.
1396 2496 1553 2575 Apud
1578 2502 1835 2559 Hebraeos
1862 2519 2082 2575 quoque
2110 2519 2141 2559 a

560 2594 848 2657 nativitate
878 2599 1113 2656 Abrahae
1144 2608 1320 2668 usque
1362 2598 1430 2652 ad
1458 2594 1682 2653 Labdon
1714 2604 1770 2652 et
1799 2596 2143 2666 Samtonju-

558 2694 708 2751 dices
735 2671 1110 2757 Hebraeorum,
1143 2691 1234 2762 qui
1263 2688 1518 2759 Trojanis
1559 2686 1900 2759 temporibus
1940 2688 2142 2758 populo

557 2786 915 2860 praefuerunt.
934 2799 1090 2854 aeque
1118 2785 1440 2854 supputabis
1462 2796 1637 2837 annos
1652 2795 1973 2836 ncccxxxrv.
2007 2779 2140 2835 item

558 2879 703 2951 apud
737 2866 1024 2950 Egyptios
1059 2878 1129 2932 ab
1149 2885 1307 2932 :etate
1339 2875 1466 2931 Nini
1508 2883 1564 2931 et
1597 2875 1994 2939 Semiramidis,
2029 2888 2141 2945 quo

2250 676 2363 723 tate
2407 668 2610 738 quippe
2642 666 2874 721 Abrahae
2903 680 3076 735 usque
3098 665 3166 720 ad
3200 663 3440 737 Moysem
3467 674 3524 722 et
3548 680 3832 736 egressum

2249 757 2470 815 lsraelis
2518 774 2585 813 ex
2630 757 2888 829 Egypto,
2935 765 3324 827 computantur
3373 759 3503 812 anni
3551 773 3620 812 nv
3664 757 3834 828 (2).A

2251 850 2437 923 Moyse
2453 858 2634 906 autem
2679 864 2854 920 usque
2883 848 2951 903 ad
2980 848 3326 904 Salomonem
3354 856 3410 905 et
3448 848 3681 919 primam
3702 849 3836 904 ardi-

2252 945 2559 999 licationem
2608 944 2818 1014 templi,
2876 941 3005 996 anni
3048 956 3344 997 ccccuxtx
3376 940 3477 1011 (ὅ),
3526 942 3832 1007 secundum

2250 1038 2515 1091 minorem
2545 1043 2726 1091 tamen
2759 1049 3071 1100 numerum,
3101 1048 3263 1104 quem
3290 1033 3487 1088 tertius
3518 1030 3833 1103 Regnorum

2249 1127 2389 1182 liber
2408 1131 2672 1182 continet.
2705 1126 2840 1181 Nam
2881 1127 3038 1196 juxta
3067 1126 3321 1181 volumen
3348 1121 3604 1179 Judicum
3631 1138 3838 1194 suppu-

2250 1227 2435 1275 tantur
2463 1221 2592 1274 anni
2611 1234 2675 1274 nc
2779 1219 2877 1290 (ι).
2904 1219 2945 1272 Α
2968 1218 3261 1273 Salomone
3283 1231 3415 1271 vero
3436 1230 3611 1287 usque
3639 1214 3709 1269 ad
3741 1216 3831 1269 in-

2250 1318 2644 1374 staurationem
2680 1318 2887 1387 templi,
2923 1331 3045 1387 quae
3079 1316 3181 1370 sub
3204 1314 3368 1369 Dario
3390 1312 3682 1369 Persarum
3706 1326 3833 1376 rege

2248 1412 2392 1466 facta
2428 1418 2532 1472 eSt,
2568 1410 2899 1479 colliguntur
2948 1407 3075 1461 anni
3110 1406 3344 1476 01:1(5).
3398 1402 3571 1458 Porro
3604 1418 3635 1456 a
3667 1400 3831 1456 Dario

2249 1522 2424 1577 usque
2457 1506 2524 1559 ad
2544 1504 2987 1573 praedicationem
3006 1502 3220 1557 Domini
3248 1502 3425 1557 nostri
3453 1499 3582 1555 Jesu
3599 1500 3828 1561 Christi.

2247 1607 2301 1655 et
2325 1613 2498 1668 usque
2527 1598 2591 1651 ad
2624 1597 2876 1666 quintum
2908 1594 3181 1650 decimum
3213 1608 3417 1648 annum
3443 1589 3646 1648 Tiberii
3678 1593 3831 1663 prin-

2248 1693 2387 1761 cipis
2418 1688 2813 1750 Romanorum,
2857 1687 3147 1760 explentur
3187 1686 3315 1740 anni
3346 1699 3551 1740 orum
3582 1684 3680 1754 (6).
3717 1686 3829 1739 Ita-

2248 1796 2355 1851 que
2388 1780 2552 1835 simul
2607 1778 2741 1831 liunt
2790 1776 2859 1831 ab
2900 1775 3174 1830 Abraham
3233 1790 3408 1845 usque
3462 1774 3530 1829 ad
3575 1774 3828 1846 quintum

2249 1873 2522 1929 decimum
2558 1872 2763 1925 Tiberii
2795 1884 3024 1927 annum.
3055 1868 3185 1923 anni
3218 1883 3445 1924 Inuv.

2320 1963 2374 2017 8.
2409 1962 2719 2017 Similitera
2748 1961 2889 2015 Nino
2912 1969 2966 2016 et
2998 1958 3357 2015 Semiramide
3387 1971 3561 2030 usque
3584 1958 3653 2013 ad
3681 1958 3831 2031 Moy-

2251 2073 2364 2113 sem
2391 2064 2445 2111 et
2473 2055 2791 2125 Cecropem,
2810 2055 2939 2108 anni
2963 2070 3050 2107 nv.
3078 2055 3122 2107 A
3146 2052 3388 2123 Cecrope
3412 2068 3587 2123 usque
3612 2052 3679 2107 ad
3701 2068 3831 2123 cap-

2249 2149 2517 2204 tivitatem
2558 2146 2756 2218 Trojae,
2807 2147 2936 2201 anni
2990 2160 3221 2200 occur:
3268 2145 3368 2215 (7).
3419 2145 3831 2216 A'captivitate

2250 2239 2428 2310 Trojaa
2440 2256 2613 2310 usque
2627 2240 2693 2294 ad
2723 2240 2953 2310 primam
2968 2237 3357 2310 olympiadem,
3375 2224 3505 2293 anni
3520 2253 3703 2293 ccccvt
3726 2238 3826 2309 (8).

2249 2332 2291 2387 A
2327 2333 2501 2402 prima
2540 2331 2849 2403 olympiade
2883 2346 3056 2402 usque
3099 2329 3166 2384 ad
3210 2330 3511 2387 secundum
3541 2329 3686 2386 Darii
3731 2346 3830 2385 an-

2250 2436 2381 2476 num
2416 2429 2471 2475 et
2519 2420 2976 2475 instaurationem
3009 2419 3217 2490 templi,
3261 2421 3388 2475 anni
3425 2436 3602 2475 ccut.
3655 2422 3694 2474 Α
3741 2437 3826 2478 se-

2248 2510 2429 2567 cundo
2454 2511 2600 2565 Darii
2636 2526 2781 2566 anno
2813 2519 2867 2566 et
2904 2512 3303 2567 instauratione
3345 2512 3531 2582 templi
3557 2529 3729 2584 usque
3758 2512 3825 2568 ad

2248 2606 2499 2676 quintum
2557 2605 2831 2659 decimum
2877 2619 3083 2659 annum
3131 2603 3336 2660 Tiberii
3390 2605 3656 2671 Caesaris,
3697 2607 3830 2661 anni

2248 2700 2452 2751 bitt'vttt
2505 2695 2606 2765 (9).
2659 2694 2823 2749 Fiunt
2860 2695 3023 2750 simul
3069 2710 3102 2748 a
3152 2693 3293 2749 Nino
3338 2703 3393 2750 et
3445 2696 3824 2759 Semiramide,

2248 2802 2423 2857 usque
2455 2786 2521 2840 ad
2570 2786 2820 2857 quintum
2854 2787 3127 2840 decimum
3174 2785 3382 2840 Tiberii
3424 2801 3651 2864 annum,
3697 2786 3828 2841 anni

2247 2894 2471 2944 unmv,
2491 2893 2631 2949 quos
2663 2886 2717 2933 et
2744 2878 2814 2932 ab
2830 2877 3104 2932 Abraham
3124 2891 3300 2947 usque
3332 2876 3401 2932 ad
3432 2874 3710 2931 Tiberium
3732 2892 3829 2931 os-

2248 2970 2523 3025 tendimus
2547 2975 2888 3039 supputatos.
2911 2969 2955 3020 A
2972 2965 3173 3023 Tiberii
3200 2974 3380 3022 autem
3407 2966 3601 3038 quinto
3613 2965 3828 3022 decimo

557 2979 807 3056 tempore
834 2977 987 3026 sexta
1020 2968 1232 3023 decima
1259 2967 1371 3037 jam
1402 2967 1654 3039 dynaStia
1690 2958 1907 3022 Thebaei
1967 2965 2142 3037 Egy-

2249 3075 2423 3130 usque
2447 3060 2513 3114 ad
2540 3058 2888 3114 Constantini
2922 3059 3149 3113 victoris
3172 3058 3389 3129 augusti
3407 3058 3710 3113 vicenualia
3731 3073 3830 3112 nu-

557 3064 688 3136 ptiis
715 3062 1077 3133 imperabant,
1110 3076 1283 3129 usque
1309 3059 1377 3114 ad
1413 3059 1728 3114 vicesimam
1745 3059 2053 3131 dynastiam
2086 3060 2140 3113 et

555 3171 738 3227 regem
768 3142 986 3224 Egypti
1014 3150 1282 3215 Thuorin,
1305 3150 1399 3221 qui
1428 3149 1497 3205 ab
1524 3147 1761 3204 Homero
1782 3148 2020 3220 Polybus
2041 3164 2139 3203 vo-
2249 3150 2670 3206 meranturanni
2686 3163 2781 3203 ccc
2802 3146 3129 3220 (l0).ltaque
3153 3148 3289 3202 ﬁunt
3304 3162 3495 3203 omnes
3510 3147 3639 3202 anni
3654 3147 3830 3202 histo-

555 3257 733 3316 catur,
794 3248 898 3305 sub
921 3261 1031 3318 quo
1083 3246 1247 3301 etiam
1278 3235 1443 3315 Troja
1474 3249 1632 3313 capta
1663 3250 1769 3307 est,
1804 3242 2137 3312 colliguntur
2164 3228 2206 3286 C
2239 3242 2334 3296 riae
2353 3242 2513 3299 istius
2535 3243 2991 3316 uncccxuvﬂl).
3017 3241 3084 3297 Et
3100 3258 3169 3298 ne
3194 3243 3389 3313 longus
3409 3243 3552 3299 forte
3565 3244 3702 3298 ordo
3718 3259 3827 3298 nu-

556 3338 856 3410 supradicti
888 3336 1016 3392 anni
1049 3349 1370 3390 ncccxxxrv.
1401 3332 1571 3403 Igitur
1598 3340 2000 3401 consequenter
2028 3345 2140 3386 uno
2240 3347 2516 3387 merorum
2544 3333 2751 3403 aliquid
2780 3335 3114 3391 turbationis
3140 3334 3382 3401 aﬂerret,
3406 3349 3626 3390 omnem
3651 3350 3829 3390 anno-

554 3429 857 3499 eodemque
884 3436 1131 3499 tempore
1158 3427 1216 3481 in
1262 3425 1429 3481 libelli
1470 3424 1649 3478 fronte
1676 3424 1935 3494 ponimus
1964 3423 2141 3478 Abra—
2239 3437 2362 3476 rum
2421 3422 2732 3489 congeriem
2777 3424 2835 3477 in
2892 3423 3130 3481 decadas
3178 3424 3516 3491 caecidimus,
3571 3440 3711 3496 quas
3757 3441 3828 3482 ex

555 3519 706 3585 ham,
752 3519 973 3582 Ninum,
1005 3517 1376 3581 Semiramim,
1420 3514 1717 3586 Europem,
1757 3514 2142 3587 1Egyptiorum
2242 3515 2583 3586 singularum
2615 3516 2855 3585 gentium
2894 3517 3144 3573 historiis
3175 3526 3576 3590 congregantes
3610 3519 3715 3574 sibi
3746 3519 3828 3576 fe-

557 3609 843 3667 Thebteos.
877 3610 945 3664 Et
976 3611 1089 3666 haec
1115 3609 1334 3680 quidem
1370 3610 1445 3664 ita
1489 3624 1549 3666 se
1591 3608 1816 3674 habere,
1848 3615 1909 3663 ut
1934 3607 2146 3679 praelati
2241 3608 2419 3663 cimus
2446 3606 2679 3661 invicem
2711 3621 2835 3663 esse
2859 3609 3191 3673 contrarias,
3222 3617 3284 3664 ut
3315 3608 3494 3665 facilis
3518 3610 3828 3682 praebeatur

560 3719 773 3767 sumus,
804 3703 1078 3774 posterior
1106 3709 1289 3758 textus
1308 3707 1565 3771 exponet.
2248 3701 2511 3768 inventio,
2554 3701 2713 3770 cujus
2740 3700 2912 3756 Graeci
2947 3709 3107 3757 :etate
3145 3703 3230 3757 vel
3267 3702 3509 3769 barbari,
3550 3705 3830 3776 prophetae

631 3794 681 3848 7.
715 3792 871 3849 Nunc
921 3794 1055 3848 illud
1095 3794 1150 3853 in
1180 3806 1311 3848 cura
1340 3800 1445 3857 est,
1483 3799 1543 3846 ut
1572 3792 1736 3847 etiam
1785 3790 2139 3847 Hebraeorum
2246 3801 2303 3848 et
2323 3808 2479 3864 reges
2497 3800 2551 3848 et
2574 3793 2887 3849 sacerdotes
2901 3793 3595 3868 fuerintHebraaorumUQ)
3624 3819 3636 3852 :
3668 3799 3828 3853 item-

559 3899 737 3941 annos
764 3887 820 3941 in
849 3892 1085 3956 quatuor
1121 3895 1367 3954 tempora
1388 3883 1719 3939 dividamus.
1753 3881 1836 3936 Ah
1863 3881 2140 3937 Abraham
2246 3899 2354 3955 que
2399 3883 2540 3939 falso
2576 3884 2916 3938 diversarum
2952 3886 3193 3955 gentium
3232 3886 3426 3941 crediti
3462 3888 3572 3954 dii;
3604 3889 3698 3959 qui
3728 3888 3829 3944 be-

562 3991 738 4046 usque
764 3976 833 4030 ad
861 3974 1117 4047 Moysen;
1151 3991 1181 4030 a
1212 3973 1395 4046 Moyse
1424 3989 1600 4043 usque
1644 3972 1711 4028 ad
1742 3974 1974 4043 primam
2009 3973 2141 4028 aedi-
2245 3991 2403 4041 roes;
2430 3992 2570 4046 quae,
2603 3976 2822 4043 quando
2846 3977 2979 4031 urbs
3001 3979 3250 4044 condita;
3286 3979 3380 4049 qui
3413 3978 3482 4034 de
3515 3980 3827 4038 illustribus

561 4060 874 4124 ﬁcationem
930 4068 1154 4139 templi;
1218 4082 1248 4123 a
1302 4068 1480 4139 prima
1528 4065 1892 4121 aediﬁcatione
1953 4066 2138 4137 templi
2245 4062 2379 4123 viris
2428 4066 2760 4139 philosophi,
2817 4073 3010 4138 poetae,
3061 4070 3357 4140 principes,
3419 4062 3828 4144 scriptoresque

560 4224 619 4309 δὲ
642 4223 751 4309 ἀτξῇ
778 4222 870 4309 τοᾷ
899 4223 1245 4309 δηλωθέντος..
1270 4222 1424 4309 ἔτους
1448 4221 1550 4291 τῆς
1574 4222 1862 4309 ιςέκροπος
1874 4220 2166 4309 ⁸βειεξιξκεςας
2189 4222 2281 4309 τὸν
2302 4222 2577 4309 ’ἀνειδτέρω
2606 4223 2796 4297 χρόνον
2828 4224 3332 4309 ἀττεξριθμοὲἳμενοςἔ
3365 4231 3459 4283 ἐπὶ
3479 4231 3827 4309 ’Νἰῃνρἦξςις

562 4293 1003 4417 τδζὰἊσΞύριον,
1044 4294 1102 4347 ὃν
1134 4293 1348 4365 πρῶτόν
1395 4308 1559 4362 φασιν
1600 4293 1817 4362 ἁπάσης
1839 4293 1939 4361 τῆς
1985 4293 2188 4357 Ἀσίας,
2224 4294 2358 4365 πλὴν
2396 4293 2592 4357 Ἰνδῶν,
2635 4293 3062 4366 ἱιεκρατηκέναιῖ
3096 4293 3237 4352 ὥὰτε
3280 4296 3419 4354 εἶναι
3444 4302 3534 4354 τὸν
3574 4293 3828 4374 ’.16ρἁιί

562 4381 635 4417 κα
728 4382 936 4417 τουτον.
1015 4405 1030 4417 .
1107 4406 1119 4417 .
1202 4400 1215 4417 .
2846 4398 2853 4409 ’

560 4377 705 4417 κατα
728 4382 936 4418 τουτον.
1015 4405 1030 4421 ο
1107 4406 1119 4418 .
1202 4400 1215 4417 ο
2846 4398 2853 4409 ι

632 4438 697 4504 (')
737 4434 826 4507 Ἐν
856 4431 936 4499 οἷς
959 4434 1115 4507 οὐδὲν
1136 4435 1404 4507 ἐπίσημον
1427 4432 1653 4507 γξγονὸςΔ
1676 4434 2135 4507 ἱςικτεορεῖαιταιπαρ’Δ
2163 4428 2386 4506 Ἕλλησι
2427 4475 2441 4489 .
2520 4476 2536 4507 .
2615 4475 2630 4488 .

631 4502 917 4584 (“)LOi'mﬁ)
940 4506 1061 4584 core
1106 4502 1402 4584 Ἀθηνάίων
1438 4502 1569 4584 opt;
1605 4503 1702 4584 τὴν
1736 4502 1889 4559 πόλιν
1934 4502 2148 4584 abyssi;

2248 4502 2617 4584 τ-ρὸσηγορίιξν.
2648 4503 2734 4584 Ea:
2771 4504 2993 4584 {Eusebio
3025 4506 3185 4584 Prwp

558 4573 674 4630 loco
694 4573 825 4629 dicit
857 4573 1116 4630 Eusebius
1146 4573 1347 4647 setiam
1371 4573 1631 4628 evidenter
1652 4573 2092 4631 demonstravisse
2117 4573 2148 4627 ὲῖ

2248 4578 2313 4639 ῆς
2345 4573 2657 4647 πονηθεῖσιν

560 4662 595 4699 a
624 4663 678 4700 se
710 4647 971 4700 chronicis
1006 4644 1317 4699 canonibua.

559 4716 966 4842 ng“£'Ecrat
998 4718 1028 4770 ὁ
1055 4718 1163 4779 πᾶς
1191 4715 1290 4785 τῆς
1318 4712 1499 4779 ἐξόδου
1535 4715 1722 4788 χρόνος
1751 4718 1844 4770 ἐπὶ
1877 4717 1975 4789 τὴν
2021 4718 2113 4772 τοῦ

2248 4715 2289 4771 »ὖ
2321 4716 2666 4789 κατασκευὴν
2708 4718 2845 4772 ἑτῶν
2863 4718 2908 4789 χ’
2942 4719 3085 4775 κατὰ
3130 4719 3409 4775 Εὑσέσιον.
3465 4722 3742 4794 Syncellus
3765 4739 3821 4794 ρ.

3190 4552 3203 4565 .
3238 4527 3314 4565 ev.
3347 4527 3400 4575 ι,
3436 4511 3470 4566 9
3503 4510 3576 4583 (et
3610 4514 3696 4581 12)
3722 4530 3825 4583 quo

2695 4578 2827 4648 ἡμῖν
2869 4578 3160 4649 χρονικοῖς⁷
3184 4583 3394 4646 κανόσι,
3441 4584 3497 4637 in
3513 4578 3823 4637 elaboratis.

629 4966 709 5041 (1)
741 4966 991 5041 Scaliger
1006 4976 1091 5041 et
1137 4967 1355 5025 codices
1412 4970 1622 5041 aliquot
1679 4971 1734 5024 in
1789 4974 2133 5038 curiositate;
2166 4980 2213 5035 D

557 5053 681 5164 qulaa
707 5054 841 5096 sane
892 5040 1073 5097 facilis
1114 5049 1169 5096 et
1216 5041 1472 5111 ambigua
1512 5040 1811 5112 Scriptura:
1859 5045 2136 5100 abet-ratio

555 5125 619 5166 es
647 5150 662 5164 .

651 5177 707 5245 2)
735 5178 853 5235 Lib.
885 5195 925 5245 l,
962 5180 1053 5244 16,
1080 5179 1166 5244 19,
1200 5179 1292 5237 20.

653 5250 708 5322 ὅ)
736 5248 858 5322 Lib.
887 5267 926 5315 l,
960 5251 1051 5316 16,
1083 5250 1155 5322 27
1181 5267 1312 5322 seqq

655 5320 707 5388 1)
730 5320 851 5377 Lib.
885 5338 924 5388 I,
958 5322 1048 5386 16,
1078 5321 1151 5376 25
1183 5331 1237 5376 et
1260 5320 1357 5376 Ἦ.

630 5389 713 5457 (5)
742 5390 863 5446 Lib.
884 5408 927 5455 ι,
954 5392 1044 5458 18,
1079 5393 1135 5457 4,
1163 5394 1480 5449 scribuntur
1499 5409 1598 5449 nu.

630 5459 708 5533 (ξ)
736 5460 855 5533 μὴ.
884 5462 1039 5527 1,18,
1070 5463 1124 5518 9.

631 5529 709 5599 (7i
739 5530 1015 5588 Pontacus
1033 5534 1286 5589 emendat
1300 5531 1674 5589 cccr.xxv.Sed
1694 5533 1895 5589 habent
1909 5550 2136 5590 cccxxtx

558 5603 783 5675 passim
795 5601 1036 5675 codices,
1066 5618 1167 5675 nec
1198 5619 1309 5659 non
1345 5605 1599 5675 princeps
1628 5604 1816 5671 editio,
1852 5614 1906 5661 et
1932 5605 2137 5662 Veneta

558 5670 691 5724 anni
722 5670 883 5736 1485,
915 5682 970 5728 et
1001 5672 1265 5736 Scaliger.

631 5740 710 5883 ξε»
736 5740 857 5823 Lib.
894 5757 934 5806 ι,
975 5758 1092 5815 cap.
1122 5740 1212 5814 51,
1237 5744 1555 5803 scribuntur
1584 5758 1750 5803 cnvn.

656 5802 712 5883 9)
743 5810 865 5868 Lib.
897 5828 937 5881 ι,
970 5812 1059 5880 18,
1087 5812 1142 5870 9.

656 5802 712 5883 9)
743 5810 865 5868 Lib.
897 5802 937 5881 ι,
970 5802 1059 5880 is;
1087 5812 1142 5870 9.

2314 4974 2428 5045 (10)
2462 4973 2540 5028 lta
2571 4968 2841 5029 Eusebius
2890 4972 3069 5044 priore
3106 4972 3269 5036 libro,
3316 4988 3436 5045 cap.
3477 4973 3566 5037 18.
3615 4973 3669 5037 9,
3701 4990 3824 5044 quae

2244 5043 2411 5101 verba
2442 5045 2551 5099 huc
2566 5043 2945 5099 transferenda
2970 5045 3189 5098 fuerunt
3210 5059 3309 5113 pro
3338 5043 3818 5114 Hieronymianis:

2245 5130 2409 5180 usque
2453 5114 2523 5168 ad
2562 5124 2811 5185 quartum
2849 5114 3109 5168 decimum
3147 5129 3346 5167 annum
3404 5113 3675 5180 Valentis,

2246 5186 2469 5237 interiit.
2497 5195 2846 5237 numerantur
2876 5184 3003 5237 anni
3045 5185 3214 5237 coitu.
3259 5181 3513 5237 Onortuit
3541 5186 3689 5237 enim
3710 5130 3822 5237 Et:

2246 5186 2469 5248 interiit,
2497 5181 2846 5240 nuntiarentur
2876 5184 3003 5239 anni
3045 5185 3214 5239 ccizu.
3259 5181 3513 5254 Oportuit
3541 5186 3689 5239 enim
3710 5181 3822 5238 Eu-

2246 5255 2385 5311 sebii
2433 5263 2640 5309 textum
2677 5256 2948 5309 illibatum
3004 5255 3286 5319 exhibere,
3321 5256 3452 5323 quia
3490 5256 3823 5325 prooemium

2243 5326 2465 5381 nomine
2496 5326 2615 5393 ejus
2649 5326 2916 5380 titulatur.

2315 5397 2428 5467 (ll)
2458 5393 2821 5467 Hieronymus
2846 5393 3037 5450 scribit
3067 5410 3085 5448 :
3115 5396 3293 5467 itaque
3322 5395 3627 5467 ﬁuntistiu
3660 5395 3822 5467 histor

2245 5464 2343 5522 rite
2376 5464 2677 5523 Ilcccxcv.
2710 5465 2817 5521 Sed
2852 5480 2954 5520 nos
2988 5464 3227 5534 spatium
3276 5464 3659 5534 subtraximus
3675 5464 3822 5533 quod

2245 5545 2332 5593 est
2369 5537 2513 5591 inter
2547 5536 2857 5592 vicennalia
2884 5533 3235 5590 Constantini
3271 5537 3589 5604 obitumque
3622 5533 3823 5588 Valen-

2244 5607 2340 5672 tis,
2374 5622 2445 5678 ne
2470 5606 2767 5678 Eusebium
2793 5606 2964 5678 aliter
2990 5607 3326 5674 loquentem,
3359 5616 3415 5663 et
3443 5606 3664 5678 quidem
3691 5618 3821 5660 cum

2244 5676 2691 5747 anachronismo,
2714 5675 3122 5747 induceremus.

2314 5747 2429 5821 (12)
2457 5746 2659 5805 Confer
2675 5744 3014 5820 prooemium
3046 5744 3171 5802 libri
3197 5760 3238 5813 ι,
3266 5744 3316 5801 1.

1321 5291 1335 5304 .
1375 5249 1696 5307 scribuntur
1725 5267 1957 5310 cnuxx.
