4164 6446
603 314 710 369 547

675 425 762 480 15.
797 425 1108 480 Antoninus
1159 423 1290 480 Pius
1335 441 1458 480 cum
1493 425 1620 481 filiis
1651 425 1872 480 Aurelio
1923 433 1978 482 et
2017 425 2186 482 Lucio
2215 441 2254 498 Α
2287 451 2292 456 ·

601 517 760 570 annis
783 531 920 580 xm,
945 516 1226 572 mensibus
1263 533 1342 570 Ill.

675 607 760 662 14.
795 607 864 660 Μ.
901 608 1234 672 Antoninus,
1272 607 1366 678 qui
1404 615 1458 662 et
1509 605 1706 672 Verus,
1736 615 1790 662 et
1837 605 1898 662 L.
1925 607 2177 664 Aurelius

601 699 934 758 Commodus
965 701 1125 756 annis
1145 717 1258 762 xix,
1295 715 1484 754 mense
1511 715 1550 752 ι.

671 795 758 848 15.
789 793 1124 848 Commodus
1155 794 1314 847 annis
1339 807 1468 846 xui-.-

671 883 761 938 16.
793 882 1018 938 Helvius
1065 881 1324 936 Pertinax—
1351 883 1633 938 mensibus
1659 899 1735 938 vr.

670 973 757 1028 17.
787 973 1024 1028 Severus
1059 975 1217 1028 annis
1247 989 1404 1030 xvm.
1677 957 1688 968 ’

669 1064 758 1120 18.
785 1065 1094 1120 Antoninus
1123 1063 1406 1118 Caracalla
1435 1067 1601 1120 annis
1627 1083 1726 1120 vu.

669 1157 756 1210 19.
802 1156 1076 1212 Macrinus
1099 1172 1244 1210 anno
1275 1171 1313 1210 ι.

667 1245 758 1300 20.
790 1245 860 1301 Μ.
891 1245 1146 1302 Aurelius
1173 1247 1488 1302 Antoninus
1521 1263 1611 1303 an.
1651 1265 1724 1303 Iv.

663 1336 728 1390 21
747 1381 752 1386 .
771 1333 1087 1390 'Alexander
1115 1334 1412 1392 Mammaea:
1457 1337 1603 1393 ﬁlius
1629 1337 1786 1394 annis
1819 1353 1942 1394 xm:

665 1425 755 1480 22.
789 1425 1122 1482 Maximinus
1146 1427 1306 1482 annis
1333 1443 1414 1481 Ill.

663 1517 756 1572 25.
786 1517 1095 1574 Gordianus
1117 1517 1278 1572 annis
1309 1533 1386 1573 vi.

667 1609 760 1664 24.
794 1607 1082 1679 Philippus
1109 1609 1269 1664 annis
1295 1625 1392 1664 vn.

663 1699 754 1752 25.
783 1700 978 1754 Decius
1013 1715 1157 1754 anno
1183 1717 1222 1764 ι,
1259 1701 1542 1757 mensibus
1573 1716 1656 1756 nl.-

662 1789 754 1845 26.
789 1789 976 1846 Gallus
1009 1799 1064 1846 et
1103 1790 1436 1847 Volusianus
1463 1793 1622 1848 annis
1653 1807 1710 1846 ιι.

663 1879 755 1935 27.
793 1877 1118 1938 Valerianus
1149 1889 1203 1937 et
1235 1881 1516 1938 Gallienus
1548 1897 1639 1936 an.
1671 1899 1762 1938 xv.

660 1969 754 2024 28.
777 1967 1041 2025 Claudius
1064 1985 1207 2026 anno
1238 1987 1278 2035 ι,
1305 1973 1586 2029 mensibus
1621 1988 1696 2026 Ix.

659 2059 752 2114 29.
779 2059 1108 2118 Aurelianus
1139 2061 1297 2118 annis
1335 2077 1392 2128 v,
1425 2077 1604 2118 mens.
1635 2077 1714 2116 vr.

658 2151 746 2206 50.
786 2151 1012 2208 Tacitus
1044 2153 1326 2210 mensibus
1350 2169 1425 2208 vr.

663 2245 752 2298 31.
787 2243 1000 2301 Probus
1031 2247 1193 2301 annis
1219 2263 1292 2314 vi,
1320 2246 1553 2303 mensib.
1585 2263 1662 2302 ιν.

661 2333 754 2390 32.
789 2335 966 2392 Carus
1024 2352 1150 2392 cum
1215 2337 1341 2394 ﬁliis
1371 2337 1572 2394 Carino
1610 2347 1666 2394 et
1711 2337 2054 2396 Numeriano
2073 2357 2172 2397 an-

590 2439 676 2480 IIIS
715 2440 779 2480 ll.

661 2517 754 2572 55.
791 2517 1167 2576 Diocletianus
1200 2521 1358 2576 annis
1391 2537 1482 2576 xx.

657 2609 745 2663 54.
777 2609 1028 2665 Galerius
1046 2612 1208 2668 annis
1225 2627 1286 2667 ιι.

661 2701 749 2756 55.
775 2700 1174 2760 Constantinus
1199 2719 1290 2758 an.
1321 2721 1454 2772 xxx,
1481 2721 1626 2764 men.
1655 2725 1706 2765 x.

1285 307 1552 362 EUSEBII
1593 307 2070 364 CESARIENSIS
2101 306 2250 364 OPP.
2295 307 2476 364 PARS
2517 307 2557 364 I.
2599 339 2666 348 —
2707 307 3096 364 HISTORICA.

3745 311 3852 366 548

2371 426 2684 490 Ἀντωνῖνος
2709 427 2738 478 ὁ
2775 425 3092 497 ἐπικληθεὶς
3125 425 3366 496 Εὐσεϐὴς
3407 426 3502 480 σὺν
3535 427 3644 490 τοῖς
3673 429 3830 482 παισὶ

2281 517 2536 589 Αὑρηλίῳ
2573 517 2664 570 καὶ
2689 517 2900 586 Λουκίῳ
2933 517 3028 588 ἐτη
3059 522 3164 584 κγ’.

2351 611 2576 682 Μάρκος
2619 613 2928 673 ’Δντωνῖνος
2959 611 2987 664 ὁ
3024 611 3117 662 καὶ
3147 609 3375 680 Οὑῆρος,
3409 609 3632 672 Auximo;
3657 627 3714 662 τε
3745 610 3852 664 Αὐ-

2287 699 2470 770 ρήλιος
2513 703 2540 754 ὁ
2575 701 2666 754 καὶ
2701 700 2942 770 Κόμοιδος
2977 699 3070 768 ἐτη
3099 697 3183 750 ιθ’.

2351 791 2592 862 Κόμοδος
2621 791 2715 862 ἔτη
2747 797 2832 859 ιγ’.

2363 883 2600 946 Ἐλούῖος
2636 881 2904 954 ΙΙερτίναξ
2941 881 3112 952 μῆνας
3145 887 3213 946 ς’.

2355 973 2590 1046 ἣϐἧρος
2621 975 2714 1044 ἐτη
2743 993 2795 1046 ιη
2817 1015 2831 1026 .

2367 1067 2682 1130 Ἀντωνῖνος
2709 1069 2736 1120 ὁ
2767 1067 3076 1136 ἐπικληθεὶς
3111 1065 3464 1138 Καράκαλλος
3499 1065 3592 1138 ἔτη
3619 1067 3685 1130 ζ’.

2347 1157 2626 1230 Μακρῖνος
2651 1159 2766 1222 ἔτος
2797 1167 2862 1212 α’.

2365 1249 2679 1316 Ἀντωνῖνος
2703 1252 2966 1322 Αὐρήλιος
2995 1253 3086 1322 ἔτη
3117 1249 3178 1304 δ’.

2367 1339 2716 1412 Ἀλέξανδρος
2749 1343 2778 1393 ὁ
2809 1343 3114 1412 Μαμμαῖας
3143 1339 3254 1404 υἱὸς
3289 1341 3380 1410 ἐτη
3411 1347 3495 1408 ιγ’.

2349 1429 2650 1500 Μαξιμῖνος
2678 1432 2770 1502 ἐτη
2793 1441 2860 1500 τ’.

2349 1521 2636 1593 Γορδιανὸς
2661 1523 2754 1594 ἐτη
2787 1531 2860 1588 ς’.

2345 1613 2608 1676 Φίλιππος
2633 1613 2724 1682 ἔτη
2753 1613 2818 1677 ζ’.

2347 1706 2536 1768 Δέκιος
2569 1707 2662 1776 ἐτη
2697 1705 2760 1776 β’.
2978 1761 2980 1763 .

2349 1798 2548 1861 Γάλλος
2583 1801 2676 1851 καὶ
2707 1799 3054 1862 Βολουσιανὺς
3081 1799 3174 1870 ἔτη
3211 1797 3274 1870 β’.

2349 1887 2714 1958 Οὐαλεριανὸς
2739 1891 2832 1942 κα).
2861 1888 3146 1960 Γαλλιηνὸς
3177 1891 3268 1960 ἐτη
3305 1897 3382 1944 ιε’.

2349 1977 2614 2042 Κλαύδιος
2641 1979 2759 2042 ἔτος
2793 1987 2860 2033 α’.

2349 2071 2680 2142 Αὑρηλιανὺς
2709 2071 2804 2142 ἐτη
2833 2079 2904 2136 ς’.

2351 2163 2582 2227 Τάκιτος
2619 2164 2794 2234 μῆνας
2823 2171 2898 2228 ς’.

2349 2255 2558 2326 Πρόὗος
2591 2255 2686 2324 ἔτη
2721 2263 2792 2321 ς’,
2831 2255 3006 2327 μῆνας
3037 2257 3098 2310 δ’.

2345 2345 2528 2416 Κύρος
2581 2347 2678 2400 σὺν
2723 2351 2832 2410 τοῖς
2879 2349 3036 2400 παισὶ
3087 2347 3308 2421 Καρίνῳ
3351 2351 3444 2404 καὶ
3491 2351 3846 2424 Νουμεριανῷ

2276 2437 2370 2510 ἔτη
2407 2431 2478 2502 β’.

2345 2529 2730 2602 Διοκλητιανὸς
2755 2531 2850 2604 ἐτη
2879 2539 2948 2586 κ’.

2345 2623 2482 2674 Γαλέ
2493 2639 2604 2694 ριος
2635 2623 2729 2694 ἔτη
2769 2621 2834 2692 β’.

2343 2713 2754 2777 Κωνσταντίνος
2795 2714 2889 2786 ἐτη
2925 2713 2990 2780 λ’,
3029 2713 3202 2784 μῆνας
3233 2721 3282 2770 t'.

1551 2825 1994 2887 ROMANORUM
2033 2831 2540 2889 IMPERATORUM
2581 2833 2878 2890 MOHTES.

628 2918 822 2996 :Gaius
857 2935 1040 2992 Caesar
1068 2939 1292 2996 occisus
1321 2949 1405 2996 est
1439 2943 1494 2997 in
1531 2945 1738 3014 palatio
1773 2947 1871 3016 (1).

657 3028 940 3097 Augustus
969 3035 1218 3088 mortUus
1249 3041 1333 3088 est
1361 3031 1510 3088 Nola:
1537 3035 1635 3106 (2).

657 3115 910 3178 Tiberius
937 3129 1185 3178 mortuus
1209 3132 1293 3179 est
1337 3125 1528 3181 Miseni
1564 3129 1642 3198 (5)

655 3207 822 3266 Caius
861 3211 1106 3284 Caligula
1147 3215 1474 3275 interfectus
1501 3222 1664 3276 estin
1719 3221 1941 3292 palatio.

655 3301 812 3358 Titus
843 3303 1105 3363 Claudius
1138 3307 1218 3380 (4)
1273 3319 1527 3367 mortuus
1561 3321 1646 3368 est
1675 3313 1731 3367 in
1757 3313 1984 3384 palatio.

651 3393 796 3450 Nero
825 3397 964 3468 fugit
994 3415 1160 3470 seque
1191 3402 1378 3470 vivum
1401 3405 1674 3475 sepelivit.

654 3483 822 3542 Galba
853 3489 1072 3547 occisus
1093 3500 1178 3547 est
1207 3492 1414 3549 Romae.

657 3575 801 3632 Ozho
835 3593 891 3634 se
925 3580 1100 3651 ipsum
1137 3583 1433 3640 interemit.

655 3667 914 3726 Vitellius
943 3675 1163 3730 occisus
1204 3685 1288 3730 est
1317 3677 1372 3731 in
1403 3679 1627 3747 palatio.

653 3759 1025 3829 Vespasianus
1053 3765 1190 3818 obiit
1225 3767 1278 3820 in
1306 3767 1480 3823 hortis
1514 3769 1888 3826 Sallustianis.

656 3849 814 3906 Titus
841 3852 976 3906 obiit
1003 3855 1057 3908 in
1087 3856 1311 3924 palatio.

656 3941 1003 3999 Domitianus
1043 3947 1264 4001 occisus
1287 3955 1394 4004 est.

657 4031 833 4086 Nerva
859 4033 996 4089 obiit
1033 4035 1088 4090 in
1111 4037 1288 4094 hortis
1321 4039 1698 4097 Sallustianis.

656 4123 926 4192 Traianus
956 4127 1089 4181 obiit
1129 4129 1410 4186 Selinunte
1450 4133 1556 4202 (5).
1641 4175 1644 4180 .

655 4214 931 4272 Adrianus
960 4219 1096 4273 obiit
1125 4221 1368 4292 liydrope
1410 4224 1767 4294 dysenterico.

665 4307 980 4364 Antoninus
1029 4309 1156 4366 Pius
1191 4313 1326 4367 obiit
1359 4313 1531 4369 Lorii.

663 4397 833 4454 Verus
859 4401 1010 4455 'obiit
1041 4401 1231 4458 Altini.

2339 2947 2560 3004 Marcus
2589 2949 2898 3004 Antoninus
2927 2949 3063 3005 obiit
3097 2951 3150 3005 in
3179 2951 3486 3008 Pannonia.

2336 3039 2674 3094 Commodus
2714 3039 2960 3110 sepullus
2997 3049 3083 3096 est
3123 3041 3200 3112 (6)
3231 3043 3287 3098 in
3308 3041 3512 3100 Vitellii
3545 3043 3708 3100 domo
3735 3045 3838 3116 (7).

2195 3113 2238 3171 (ἶ
2343 3129 2602 3186 Pertinax
2631 3131 2850 3188 occisus
2883 3139 2968 3186 est
3001 3133 3056 3186 in
3085 3135 3310 3204 palatio.

2340 3219 2592 3276 Julianus
2621 3223 2840 3278 occisus
2871 3230 2956 3278 est
2981 3223 3036 3278 in
3061 3225 3287 3280 Palatio.

2343 3311 2576 3370 Severus
2599 3323 2847 3372 mortuus
2881 3323 2965 3370 est
2998 3315 3250 3370 Eboraci.

2339 3407 2650 3462 Antoninus
2707 3407 3004 3464 Bassianus
3037 3409 3114 3480 (8)
3151 3409 3294 3464 inter
3340 3409 3540 3467 Carras
3577 3421 3630 3467 et
3671 3411 3844 3468 Edes-

2271 3511 2388 3550 sam
2429 3497 2780 3566 (interfectus
2807 3499 2934 3568 est).

2337 3587 2614 3642 Macrinus
2636 3591 2853 3645 occisus
2887 3599 2971 3646 est
3001 3592 3056 3646 in
3099 3607 3222 3648 arce
3257 3591 3420 3648 Laida
3449 3595 3547 3666 (9).
3583 3595 3721 3666 (10).

2337 3683 2650 3738 Antoninus
2691 3683 3072 3756 Heliogabalus
3109 3685 3432 3742 interfectus
3469 3695 3552 3742 est
3582 3686 3786 3742 Romae.

2347 3777 2656 3832 Alexander
2685 3778 2902 3833 occisus
2933 3788 3017 3834 est
3045 3777 3369 3850 Moguntiaci
3403 3781 3540 3852 (11).-

2338 3867 2668 3926 Maximinus
2693 3872 2908 3925 occisus
2937 3879 3021 3926 est
3051 3871 3330 3941 Aquileiae.

2335 3961 2646 4016 Gordianus
2681 3975 2740 4018 se
2771 3963 2946 4032 ipsum
2981 3961 3271 4018 suﬂ'oeavit
3303 3965 3356 4018 in
3393 3965 3600 4020 Africa.

2335 4051 2611 4124 Pupienus
2633 4061 2686 4107 et
2717 4053 2998 4110 Balbinus-
3021 4056 3196 4112 occisi
3221 4067 3346 4110 sunt
3377 4055 3555 4112 Roma
3587 4058 3720 4130 (12).

2335 4141 2644 4198 Gordianus
2672 4145 2908 4198 excessit
2941 4143 2996 4198 in
3029 4145 3230 4202 finibus
3259 4147 3512 4204 Parthia.

2337 4231 2456 4288 Duo
2473 4231 2728 4306 Philippi.
2772 4233 2966 4292 Senior
2995 4239 3216 4294 occisus
3253 4251 3338 4294 est
3363 4237 3610 4306 Veronae,
3647 4243 3838 4312 junior

2263 4325 2448 4382 Romae
2475 4327 2528 4382 in
2559 4331 2757 4386 castris
2789 4331 3076 4400 praetoriis.

2340 4419 2533 4476 Decius
2573 4423 2790 4476 occisus
2815 4431 2898 4479 est
2922 4423 2976 4478 in
3009 4423 3264 4493 praetorio
3287 4421 3532 4494 Abrypti.

663 4553 758 4634 (ﬁ)
785 4553 968 4634 Cod?!
1011 4557 1169 4634 -Αι-ιη-
1206 4559 1468 4615 mendose
1513 4559 1688 4615 Νοῖωο
1727 4561 2061 4634 scripsimus
2111 4569 2162 4622 in
2265 4539 2616 4634 maculosum.
2673 4573 2878 4630 Revera
2933 4577 3266 4632 Commodus
3297 4584 3444 4632 certe
3475 4575 3676 4632 dicitur
3709 4596 3828 4632 ma-

589 4625 815 4706 ραιαιῖο2
852 4627 930 4706 uti
972 4631 1189 4706 crat__iu
1227 4625 2056 4706 sequente‘versutquanquam
2095 4638 2159 4698 C.

585 4697 857 4766 Ctesariin
892 4695 1134 4766 Pompeii
1167 4695 1318 4754 curia
1353 4699 1670 4758 interfectus
1691 4695 1824 4759 fuit.

646 4765 733 4845 (9.)
768 4765 946 4819 Codex
983 4765 1136 4822 Arm.
1182 4771 1440 4845 mendose
1489 4773 1542 4826 in
1583 4773 1802 4842 palatio.
1859 4773 2023 4834 Vides
2074 4779 2158 4832 ni-

587 4841 803 4904 mirum
821 4851 1136 4904 perversum
1165 4841 1434 4895 ordinem.

658 4905 757 4986 (5)-
789 4903 992 4986 Deinde
1047 4907 1166 4962 Caii
1209 4908 1468 4986 Caligula?
1511 4927 1659 4969 mors
1699 4917 2150 4986 prastermittitur.

589 4973 976 5046 Supplevimus
1008 4989 1186 5032 autem
1219 4995 1282 5032 ex
1309 4973 1434 5035 cod.
1475 4993 1582 5036 vat.

654 5044 729 5116 (4)
763 5044 1212 5116 Scribei'l‘iberius
1247 5049 1523 5106 Claudius.

655 5117 731 5184 (5)
765 5117 918 5185 Apud
941 5115 1232 5172 Eusebium
1277 5121 1386 5174 dici
1418 5129 1690 5176 mortuum
1721 5124 1993 5182 Selinunte
2019 5127 2152 5182 Tra-

578 5183 979 5260 janumttestis
1017 5195 1101 5260 est
1137 5187 1422 5258 Syncellus
1455 5209 1508 5260 p.
1540 5193 1670 5246 518.
1703 5195 1766 5250 A.

656 5257 732 5324 (6)
781 5256 1012 5337 Videtur
1039 5256 1346 5337 d_icendum_
1391 5256 1774 5337 strangulatus
1799 5275 1916 5337 est;_
1953 5283 2149 5337 quam-

587 5335 840 5408 quamct
870 5325 1012 5408 illud
1060 5327 1292 5408 fortasse
1323 5329 1450 5385 ferri
1499 5325 1698 5402 potest.
1735 5334 1866 5390 Vide
1899 5325 2148 5408 Lampri-

583 5391 730 5448 dium
765 5399 818 5449 in
865 5391 1172 5451 Commodo.

654 5465 731 5542 (__7)
765 5465 822 5542 l_n
853 5469 1144 5542 canonejid
1173 5486 1262 5526 an.
1295 5469 1459 5542 2208.
1484 5472 1684 5528 dicitur
1731 5475 1784 5527 in
1804 5475 2005 5542 palatio
2052 5477 2146 5530 Ve-

584 5535 820 5614 stiliani;
867 5535 1022 5614 Apud
1048 5537 1282 5614 Petrum
1331 5535 1846 5614 [ilesenscmrcpis'L
1903 5547 2036 5604 207,
2089 5549 2142 5602 in

583 5603 738 5680 duino
772 5603 1011 5680 Yescizli.
1040 5609 1286 5680 Catalog.
1337 5610 1498 5666 Vind.
1530 5615 1584 5666 in
1633 5603 1787 5668 domo
1835 5615 2138 5673 Vicriliana.

651 5673 727 5741 (8)
771 5675 843 5729 De
867 5679 1126 5732 vocabulo
1143 5673 1466 5736 Armeniaco
1487 5699 1634 5738 BISAG
1663 5684 1900 5738 diximus
1926 5687 2141 5741 col.‘2i0

583 5745 714 5800 11.4.
746 5744 1086 5816 Caeteroquin
1123 5751 1264 5806 idem
1309 5753 1634 5809 vocabulum
1681 5756 1949 5827 signiﬁcat
1975 5759 2137 5813 etiam

2265 4647 2476 4700 culosus
2519 4648 2586 4702 ab
2605 4647 2852 4700 Ausonio
2881 4647 2936 4700 in
2965 4645 3288 4702 Cresaribus.

2334 4718 2410 4788 (9)
2439 4719 2514 4788 Ita
2550 4717 2674 4772 cod.
2701 4715 3173 4788 Vindobonensis.
3197 4733 3376 4788 neque
3401 4715 3828 4788 abluditArme-

2259 4785 2410 4842 nius.
2457 4785 2669 4857 Reapse
2714 4788 3007 4856 quominus
3049 4785 3301 4840 scribam’
3339 4787 3672 4848 Archelaide.
3727 4787 3828 4840 οι)-

2258 4865 2368 4911 stat
2392 4857 2736 4927 Capitolinus
2767 4858 2858 4926 qui
2893 4865 3079 4910 narrat
3115 4857 3410 4910 Macrinum
3443 4859 3714 4912 'occisum
3767 4859 3822 4912 in

2256 4929 2379 4982 vico
2403 4925 2640 4998 quodam
2673 4925 2973 4998 Bithyniae;
3009 4927 3292 4982 Archelais
3327 4935 3508 4982 autem
3543 4929 3610 4982 ad
3641 4927 3824 4998 Bithy-

2255 4999 2403 5052 niam
2439 5013 2546 5066 non
2573 4999 2830 5066 pertinet.

2325 5069 2436 5136 (10)
2464 5065 2684 5122 Creticus
2715 5075 2896 5122 textus
2921 5065 3034 5120 fere
3063 5065 3339 5123 invenitur
3361 5067 3416 5120 in
3441 5065 3498 5120 S.
3525 5065 3817 5136 Nicepliori

2258 5137 2496 5208 Ερὶιοηις
2521 5137 2985 5208 chronpgraphica.

2325 5207 2434 5280 (11)
2477 5205 2552 5260 Ita
2583 5215 2641 5280 et
2667 5204 2950 5278 Svncellus
2983 5221 3035 5277 p.
3059 5205 3189 5280 559,
3223 5205 3288 5260 A.
3321 5204 3506 5261 Codex
3535 5205 3684 5262 Arm.
3717 5205 3818 5258 ha-

2251 5278 2341 5332 bet
2369 5277 2666 5346 Mogenaci.

2321 5349 2433 5418 (12)
2466 5345 2689 5402 Codicis
2715 5347 2864 5402 Arm.
2905 5347 3102 5417 pagina
3147 5349 3228 5401 sic
3255 5345 3458 5418 desinit
3498 5363 3559 5400 oc
3625 5389 3669 5418 ,Δ
3705 5383 3720 5398 .
3798 5383 3812 5396 .

2249 5413 2478 5488 abrupta
2535 5418 2744 5487 reliqua
2793 5413 3239 5496 vocabulihparte.
3275 5417 3604 5496 Caeterorum
3629 5413 3814 5496 (ᾖα-εει-

2247 5503 2366 5542 rum
2389 5485 2606 5542 inortes
2633 5485 2700 5542 ex
2731 5490 2984 5556 catalogo
3009 5485 3418 5557 Viudobonensi
3449 5485 3812 5557 sumpsimus,

2247 5559 2338 5626 qui
2395 5567 2478 5614 est
2531 5559 2674 5626 apud
2729 5553 3052 5612 Roncalium
3104 5557 3158 5610 in
3191 5556 3470 5612 Chronicis
3505 5553 3678 5618 nfx.
3719 5556 3810 5622 qui

2247 5645 2378 5683 sane
2405 5629 2688 5696 catalogus
2725 5645 2847 5682 cum
2871 5627 3178 5683 Armeniaci
3213 5629 3418 5684 codicis
3441 5635 3592 5698 parte
3621 5641 3794 5696 super-

2247 5700 2374 5754 stite
2407 5701 2688 5770 conspirat
2719 5700 2772 5754 in
2802 5699 3070 5770 plurimis.
