4164 6440
370 348 476 404 489

1645 342 2148 401 CHRONICORUM
2187 339 2318 400 LIB.
2347 338 2417 399 II.

3532 346 3638 403 490

445 614 477 650 a
511 594 819 652 Alexander
871 595 1162 650 adversum
1212 591 1424 665 Illyrios
1457 599 1512 647 et
1565 589 1811 646 Thracas
1858 590 2093 646 feliciter
2137 589 2387 652 dimicat,
2440 595 2495 644 et
2532 587 2812 644 subversis
2857 586 3064 644 Thebis
3099 586 3179 661 (1)
3215 586 3274 642 in
3308 584 3538 653 Achaia,
3577 583 3638 641 in

373 691 572 750 Persas
602 707 757 748 arma
791 693 1087 757 convertit,
1118 697 1172 748 et
1207 689 1353 762 apud
1387 688 1684 745 Granicum
1726 687 1926 744 ﬂumen
1960 687 2127 760 regiis
2161 685 2394 742 ducibus
2422 685 2722 756 oppressis,
2756 684 2950 741 urbem
2981 681 3178 740 Sardis
3215 680 3385 757 capit.

1326 821 1520 861 οιῑιίρ.
1596 821 1830 860 ABRAHA-
1902 817 2099 858 MACEI).
2209 817 2358 857 PERS.
2499 813 2628 854 1⁷101.

1659 891 1764 932 ηε
1847 943 2133 1014 Philippus
2181 941 2379 997 Darius
2453 935 2668 1066 GozssuL

1649 1177 1790 1257 ξιξξὲ
1999 1175 2036 1257 2
2282 1173 2319 1257 ε
2497 1171 2603 1257 129

805 1300 1203 1375 n.0nxx.
1360 1299 1501 1368 412
1647 1249 1790 1372 ἷὲῗῗ
2001 1245 2037 1369 ῗ
2283 1244 2322 1367 ῗ
2499 1242 2605 1367 ἓξὲξ

444 1441 772 1507 Alexander,
806 1449 963 1512 capta
992 1439 1159 1512 Tyro,
1198 1436 1442 1493 Iudaeam
1474 1433 1706 1496 invadit,
1754 1446 1786 1485 a
1819 1444 1926 1501 qua
1959 1427 2335 1484 favorabiliter
2361 1432 2648 1496 exceptus,
2682 1423 2795 1482 Deo
2827 1423 3079 1482 victimas
3113 1421 3382 1487 immolat,
3418 1430 3474 1478 et
3503 1417 3633 1478 Jad-

378 1537 509 1590 dum
547 1535 856 1606 pontilicem
893 1533 1080 1604 templi
1121 1531 1428 1586 honoribus
1480 1527 1731 1600 plurimis
1766 1523 2142 1596 prosequitur,
2188 1521 2576 1576 Andromacho
2626 1520 2871 1575 locorum
2915 1517 3144 1575 custode
3181 1517 3432 1582 dimisso,
3467 1532 3631 1588 quem

372 1639 559 1703 postea
597 1628 932 1685 Samaritani
971 1626 1368 1684 interﬁciumt:
1399 1623 1471 1678 ob
1504 1637 1626 1693 quae
1661 1620 1730 1674 ab
1757 1613 1997 1690 ngypto
2027 1630 2288 1674 reversus
2317 1613 2627 1669 Alexander
2656 1615 2871 1685 magnis
2900 1627 2995 1669 eos
3034 1609 3319 1682 suppliciis
3350 1607 3550 1676 affecit,
3580 1618 3635 1666 et

372 1727 562 1784 urbem
592 1739 784 1780 eorum
816 1732 1032 1794 captam
1067 1718 1454 1776 Macedonibus
1484 1717 1550 1772 ad
1589 1712 2005 1770 inhabitandum
2041 1711 2194 1768 dedit
2230 1724 2375 1766 anno
2409 1710 2562 1780 regni
2595 1709 2681 1765 sui
2710 1717 2927 1780 quarto.

1645 1805 1787 1861 1685

440 1889 470 1942 6
511 1887 822 1944 Alexander
847 1885 1086 1940 obtinuit
1115 1883 1219 1936 Ba-
1641 1876 1783 1932 1686

366 1963 623 2033 ιιγιοηθηι
666 1952 962 2033 interfecto
999 1954 1164 2008 Dario
1201 1970 1216 2006 :

368 2025 422 2087 in
473 2046 584 2100 quo
634 2043 864 2099 regnum
927 2025 1220 2100 Persarum

365 2093 724 2157 desti-uctum'
740 2105 826 2152 est
869 2112 1015 2152 anno
1049 2093 1216 2166 septi-

365 2186 452 2226 mo
491 2169 648 2241 regni
678 2169 819 2239 ejus.

2284 1804 2320 1859 5
2501 1802 2597 1857 181

2285 1873 2319 1928 6
2498 1871 2604 1928 182
2754 1887 2784 1926 c
2819 1863 3194 1925 Romanorum
3241 1863 3437 1924 consul
3481 1861 3636 1922 Manu

2692 1940 3166 2012 liusiTorquatus
3219 1939 3392 2012 ﬁlium
3441 1952 3630 2012 suum,

2691 2011 2836 2083 quod
2877 2007 3069 2066 conira
3101 2011 3391 2083 imperium
3438 2009 3493 2062 in
3541 2007 3637 2062 ίιοο

2697 2080 2836 2138 stem
2888 2080 3226 2152 pugnaverat
3278 2080 3631 2152 viceratque,

2688 2154 2858 2224 virgis
2888 2148 3102 2208 'cze'sum
3129 2150 3310 2207 securi
3342 2148 3632 2221 percussit.

434 2281 470 2336 ά
509 2282 820 2339 Alexander
847 2281 1128 2354 llyrcanos
1157 2279 1306 2350 capit
1337 2285 1392 2334 et
1422 2275 1642 2332 Mardos
1681 2294 1695 2332 :
1731 2283 2162 2346 revertensque,
2197 2288 2323 2329 cum
2356 2270 2699 2329 ascendisset
2727 2271 2796 2326 ad
2829 2268 3152 2327 Hammonis
3178 2267 3467 2340 templum,
3501 2278 3635 2321 con-

363 2375 506 2432 didit
537 2379 816 2434 civitatem
848 2376 906 2432 in
945 2375 1117 2447 Libya
1159 2373 1438 2440 inferiore,
1467 2389 1632 2446 quam
1663 2383 1862 2430 vocant
1894 2371 2286 2430 Paraetonium.

1467 2661 1658 2702 onur.
1735 2655 1968 2702 nnum-
2034 2650 2237 2699 tuest).

1805 2730 1908 2770 Ιυε

1460 2952 1958 2968 δὺ--Ψ

1783 3016 1921 3072 1687

2028 2955 2240 2968 -ῌ

2349 2652 2474 2698 ιιοιι.

2024 2783 2252 2839 Διειειιιο

2081 2855 2178 2909 der

2138 3016 2168 3070 7
2381 3013 2487 3069 185
2702 3011 3236 3087 Romanisamnilas
3266 3011 3550 3087 subigunt,
3576 3027 3633 3074 et

2637 3083 2886 3138 colonias
2916 3083 3217 3139 deducunt.

435 3228 465 3267 ε
500 3207 832 3267 Alexandria
858 3209 914 3265 in
950 3205 1190 3281 Egypto
1217 3205 1442 3262 condita
1481 3205 1718 3278 septimo
1750 3205 1852 3278 [αι.
1890 3201 2072 3277 sexto]
2105 3217 2252 3259 anno
2282 3203 2434 3275 regni
2472 3201 2768 3258 Alexandri
2800 3215 2949 3272 :quo
2974 3209 3218 3273 tempore
3251 3203 3415 3259 etiam
3449 3201 3629 3260 Latini

367 3319 398 3357 ιι
428 3301 696 3357 Romanis
727 3302 1018 3373 perdomiti
1055 3307 1204 3360 sunt.
1235 3299 1547 3356 Alexander
1583 3308 1778 3372 regnat
1817 3298 1965 3354 Asia:
2012 3312 2159 3353 anno
2210 3297 2362 3369 regni
2415 3296 2500 3353 sui
2539 3296 2774 3367 septimo
2816 3295 2916 3368 [αι.
2965 3294 3138 3367 sexto]
3177 3303 3233 3351 ct
3265 3298 3634 3366 tenetomnia

368 3396 528 3451 armis
563 3393 874 3450 duodecim.

1498 3506 1528 3574 4
1548 3506 1638 3576 13
1776 3500 1916 3558 1688

435 3575 464 3646 f
491 3573 804 3631 Alexander
835 3573 1060 3628 Aornim
1093 3581 1304 3646 petram
1339 3586 1423 3627 ca-
1778 3573 1920 3646 168?

365 3643 445 3719 pit
467 3654 522 3702 et
540 3647 734 3701 Indum
761 3660 978 3700 amnem
999 3643 1420 3717 transgreditur.
1781 3645 1803 3719 l_
1817 3643 1923 3719 (:1ng

1504 3816 1646 3886 ,Μ
1783 3714 1922 3840 :23;

2132 3500 2166 3576 β
2383 3500 2486 3576 181
2700 3497 2971 3573 Harpalus
3004 3499 3141 3573 fugit
3170 3498 3225 3558 in
3246 3502 3431 3559 Asiam
3457 3503 3532 3576 (2)

2103 3573 2172 3700 ὦ
2703 3641 2911 3698 Bellum
2947 3641 3240 3699 Alexandri
3275 3645 3329 3697 in
3363 3641 3517 3700 India
3539 3653 3632 3702 ad-

2101 3714 2164 3769 11
2387 3711 2491 3769 187
2629 3728 2848 3770 versum
2881 3712 3082 3768 Porum
3101 3724 3159 3769 et
3191 3713 3457 3770 Taxilem.

2101 3785 2171 3839 12
2385 3784 2492 3839 188
2632 3852 2646 3856 _
2700 3802 2734 3856 g
2757 3784 3123 3841 Anaximenes
3139 3791 3191 3840 et
3204 3784 3474 3856 Epicurus
3495 3787 3632 3844 clari

2631 3852 2924 3910 habentur.

434 3949 470 4003 Ιι
506 3948 816 4006 Alexander
845 3947 1127 4005 tricesimo
1155 3946 1401 4006 secundo
1431 3945 1532 4018 [αι.
1555 3961 1688 4010 xxx,
1725 3945 1801 4000 al.
1839 3945 2038 4019 χχχιιι]
2061 3947 2238 4002 aetatis
2279 3961 2392 4002 suae
2428 3961 2574 4002 anno
2605 3947 2663 4003 in
2690 3947 2965 4019 Babylone
2991 3946 3227 4002 moritur
3257 3965 3270 4001 :
3305 3955 3432 4018 post
3465 3960 3630 4018 quem
3653 3953 3668 3972 ‘

369 4043 638 4098 translato
687 4045 743 4098 in
779 4045 982 4099 multos
1034 4041 1289 4113 imperio,
1344 4039 1550 4096 diversi
1588 4049 1975 4108 regnaverunt.
2025 4039 2166 4095 Hinc
2215 4040 2712 4096 Alexandrinorum
2757 4039 3007 4096 nascitur
3056 4053 3282 4112 regnum
3350 4038 3500 4111 quod
3541 4043 3626 4099 est

365 4132 589 4206 Egypti
619 4153 635 4191 :
661 4143 717 4192 et
746 4151 844 4207 per
872 4136 1120 4194 diversas
1151 4141 1367 4206 gentes,
1395 4147 1536 4204 quas
1561 4131 1874 4188 Alexander
1901 4140 2174 4201 tenuerat,
2209 4132 2412 4189 diversi
2443 4142 2832 4205 regnaverunt.

435 4417 468 4455 a
512 4399 860 4471 Ἀλέξανδρος
904 4395 1194 4470 Ἰλλυρίους
1220 4395 1314 4451 καὶ
1345 4397 1566 4469 Θρᾷκας
1598 4392 1730 4462 εἷλε,
1761 4395 1942 4470 Θήόας

363 4493 674 4565 κατέσκαψε
697 4533 713 4557 ,
756 4492 885 4555 τοὺς
927 4491 1154 4562 Δαρείου
1191 4493 1530 4562 στρατηγοὺς
1563 4491 1657 4544 ἐπὶ
1693 4488 1940 4562 Γρανικῷ

359 4587 591 4658 ποταμῷ
623 4585 809 4639 Λυδῶν
833 4585 1070 4655 ἐνίκησε,
1099 4583 1324 4655 Σάρδεις
1347 4578 1480 4651 εἷλε,
1504 4583 1679 4654 Τύρον
1704 4581 1942 4651 ἐπολιόρ-

357 4696 552 4751 κησεν,
617 4677 876 4731 Ἰουδαίαν
936 4675 1336 4748 πῳσελάόετο,
1392 4676 1488 4730 καὶ
1532 4675 1625 4730 τὸν
1679 4673 1940 4747 ἀρχιερέα

371 4771 603 4834 Ἰαδδοῦς
637 4769 864 4842 ἐτίμησε
907 4768 1074 4833 θύσας
1115 4767 1193 4839 τῷ
1221 4769 1358 4841 Θεὶξν
1392 4763 1462 4842 ἧς
1500 4766 1815 4839 (Ἰουδαίας)
1847 4765 1941 4818 καὶΙ

361 4860 696 4934 ἐπιμελητὴν
756 4860 893 4932 μετὰ
940 4859 1049 4913 τῶν
1099 4859 1302 4914 λοιπῶν
1353 4861 1533 4913 τόπων
1577 4857 1940 4929 Ἀνδρόμαχον

361 4954 718 5025 κατέστησεν,
738 4952 797 5006 ὃν
821 4952 1102 5017 ἀνελόντες
1125 4954 1173 5006 οἱ
1199 4954 1298 5025 τὴν
1323 4950 1624 5024 Σαμαρέων
1642 4948 1939 5012 οἰκοῦντες,

359 5043 514 5107 δίκας
540 5043 723 5097 ἔτισαν
750 5042 1135 5106 ἐπανελθόντος
1167 5042 1516 5113 Ἀλεξάνδρου
1550 5041 1610 5108 ἐξ
1642 5040 1937 5111 Αἰγύπτου·

361 5130 459 5203 τὴν
503 5131 817 5204 Σαμάρειαν
865 5129 1018 5185 πόλιν
1062 5132 1198 5186 ἑλὼν
1249 5130 1593 5203 Ἀλέξανδρος
1625 5129 1943 5194 Μακεδόνας

361 5225 419 5275 ιν
443 5223 581 5294 αὐτῇ
615 5223 938 5294 κατῴκισεν.
967 5221 1118 5277 Idem
1151 5241 1204 5294 ρ.
1234 5223 1368 5287 26οξ
1390 5218 1519 5277 261.

432 5315 462 5366 b
497 5314 776 5387 Κατέσχεν
804 5314 1098 5368 Βαϐυλῶνα
1131 5313 1497 5385 Ἀλέξανδρος,
1533 5314 1627 5368 καὶ
1654 5315 1687 5386 ὴ
1713 5313 1940 5385 Περσῶν

361 5402 611 5475 βασιλεία
646 5406 938 5478 κατελύθη,
967 5405 1290 5479 διαμείνασα
1325 5405 1421 5461 σλ’.
1460 5402 1610 5460 Idem
1635 5421 1690 5476 ρ.
1718 5405 1841 5472 170,
1872 5403 1935 5462 C.

359 5670 510 5796 Μςιὲ)
543 5669 628 5726 Al.
664 5683 765 5741 pro
815 5668 1078 5724 subversi:
1126 5667 1315 5725 Thebis
1365 5667 1530 5726 habet
1553 5666 1765 5741 {quibus
1819 5666 1945 5724 sub-

450 5759 472 5794 s
497 5758 542 5796 ε.

642 5835 915 5894 Ριτιοι..
947 5832 1067 5896 Gn.
1096 5833 1274 5898 XIX.

2118 4410 2146 4449 ο
2179 4393 2520 4466 (Ῥωμαίων)
2574 4391 2778 4460 ὕπατος
2822 4391 2916 4450 τὸν
2961 4391 3090 4450 [διον
3127 4390 3243 4450 υἱὸν
3286 4390 3624 4456 ἐπελέκισεν,

2045 4485 2200 4559 παρὰ
2237 4488 2464 4560 γνώμην
2501 4486 2667 4541 αὑτοῦ
2713 4487 3060 4558 συμϐαλόντα
3085 4487 3318 4560 πόλεμον
3346 4487 3442 4542 καὶ
3472 4488 3627 4560 νική-

2047 4596 2237 4635 σαντα.
2271 4578 2468 4635 Chron.
2502 4579 2686 4651 pascit.
2710 4595 2762 4648 ρ.
2791 4579 2916 4646 171,
2952 4579 3017 4634 Β.

2114 4671 2150 4724 d
2195 4670 2544 4743 Ἀλέξανδρος
2586 4671 2882 4742 Ὑρκανοὺς
2926 4673 3020 4726 καὶ
3048 4671 3304 4745 Μαρδοὺς
3332 4669 3628 4744 ἐχειρώσα-

2043 4774 2122 4812 το.
2150 4758 2307 4831 Sync.
2339 4776 2392 4830 ρ.
2416 4759 2542 4825 261,
2567 4759 2634 4814 Β.

2113 4869 2140 4907 e
2182 4852 2556 4924 Ἀλεξάνδρεια
2581 4854 2615 4924 ἡ
2649 4853 2771 4908 κατ’
2796 4853 3067 4922 Αἴγυπτον
3099 4851 3311 4925 ἑϐδόμῳ
3334 4850 3443 4905 ἔτει
3481 4849 3628 4904 Ἀλε-

2044 4941 2267 5016 ξάνδρου
2298 4943 2541 5016 ἐκτίσθη.
2580 4943 2806 5010 Ibidem,
2837 4946 2903 4999 A.

2112 5036 2142 5106 Ῑ
2180 5035 2527 5109 Ἀλέξανδρος
2555 5037 2654 5107 τὴν
2687 5038 2916 5108 Ἀορνον
2947 5038 3152 5108 πέτραν
3175 5031 3508 5110 ἐχειρώσατο
3529 5033 3624 5089 καὶ

2043 5129 2287 5201 ποταμὸν
2327 5129 2484 5183 Ἰνδὸν
2520 5129 2693 5201 διέϐη.
2731 5129 2890 5200 Sync.
2921 5147 2972 5200 p.
3005 5129 3132 5196 261,
3164 5129 3232 5184 Β.

2118 5237 2150 5291 g
2190 5219 2544 5294 Ἀναξιμένης
2573 5220 2671 5275 καὶ
2711 5221 3028 5294 Ἐπίκουρος
3057 5219 3419 5294 ὲγνωρίζοντο
3475 5218 3625 5273 Jdem

2044 5326 2100 5381 ρ.
2130 5311 2258 5376 275,
2287 5312 2354 5366 Α.

2116 5404 2150 5458 It
2192 5403 2534 5476 Ἀλέξανδρος
2559 5402 2636 5458 λ6¹
2663 5402 2782 5468 ἔτος
2807 5403 2955 5472 ἄγων
2984 5402 3214 5476 τελευτᾷ
3239 5403 3300 5460 ὲν
3321 5401 3627 5459 Βαϐυλῶνι.

2060 5665 2352 5809 Πέἓέοξωο
2389 5682 2454 5722 ea:
2497 5666 2630 5722 Asia
2663 5662 3041 5735 scribendum,
3091 5666 3421 5725 admonente
3483 5661 3625 5721 Sca-

3308 5833 3383 5895 16
