4158 6458
392 393 489 449 521
1600 392 2102 451 CHRONICORUM
2131 394 2260 452 LIB.
2296 396 2361 452 ll.
3527 408 3633 463 523

397 551 3618 582 W—W

1898 944 2114 957 —_

1339 650 1530 690 OLYIP.
1601 649 1839 711 ABBAHA-
1898 651 2083 692 EGYPT
2092 677 2104 689 .
2229 651 2250 690 εἰ
2259 652 2346 691 UD.
2513 653 2643 693 ROII.

1671 719 1774 760 nus
1893 775 2121 846 Cle0pa-
2188 775 2394 848 Hyrca-
2436 777 2718 848 Augustus

1963 853 2050 898 tra
2227 864 2334 901 nus

465 975 738 1061 Antonius
789 975 1077 1061 adversum
1119 986 1306 1056 Augu-
1336 945 1545 959 ‘—
1616 943 1828 956 *-
1898 944 2114 957 -ῌ
2185 943 2398 1042 ’Ἷῦῖ
2431 947 2689 1041 ῶιέξῆ
2741 988 3119 1049 AUGUSTUS
3165 993 3636 1061 OCTAVIANUS,

402 1059 848 1139 stthit‘Zaysareni
879 1056 1077 1139 bellum
1103 1063 1304 1112 movet.
2417 1060 2578 1139 annis
2607 1074 2716 1121 LVI,
2753 1065 3046 1139 mensibus
3076 1081 3152 1125 νι,
3196 1082 3223 1118 a
3256 1083 3364 1136 quo
3393 1077 3447 1122 et
3477 1056 3637 1139 reges

477 1124 708 1202 Publius
749 1125 1157 1202 mimographus
1206 1143 1307 1181 na-
1685 1139 1805 1202 _'A__
2031 1195 2056 1202 _
2279 1196 2344 1202 ___
2414 1126 2784 1202 Romanorum
2817 1133 3049 1202 Augusti
3086 1124 3356 1202 appellati.

400 1194 876 1292 £39."€§3'1'1'§.“.9'
903 1223 987 1291 Β.
1017 1194 1316 1292 πως.
1677 1196 1815 1253 "’7"
2025 1195 2042 1251 ³

2025 1195 2063 1253 8
2275 1196 2347 1252 25
2595 1201 2622 1254 1
2733 1269 2777 1292 η
2804 1194 2998 1284 Cicero
3026 1205 3086 1292 iltl‘
3115 1194 3402 1292 [*‘or_iiiiano
3441 1223 3540 1292 suo
3569 1211 3638 1264 ab

392 1280 495 1319 mae
537 1281 755 1321 scenam
797 1275 876 1320 te-
903 1269 987 1291 μ’
1061 1269 1316 1292 νυυ¹⁴³⁹
2733 1269 3006 1326 Herennio
3045 1273 3311 1344 Pompilio
3366 1279 3640 1334 occiditur

394 1347 506 1391 net.
2733 1353 2859 1397 LXIV
2885 1345 3062 1398 aetatis
3092 1361 3204 1398 suae
3229 1362 3396 1401 anno.

467 1472 498 1527 b
526 1472 610 1529 Ab
631 1473 752 1530 loco
782 1475 1104 1529 Antiocheni
1139 1488 1238 1529 sua
1266 1480 1512 1544 tempora
1542 1481 1880 1546 computant.

462 1565 729 1624 Laberius
768 1571 1058 1624 mimorum
1090 1568 1327 1638 scriptor
1346 1568 1556 1622 decimo
1585 1584 1773 1624 mense
1795 1578 1918 1640 post
1957 1569 2148 1626 Caium
2174 1570 2445 1628 Cazsarem
2475 1552 2714 1629 Puteolis
2745 1573 2993 1627 moritur‘

460 1661 742 1722 Ciceronis
763 1674 927 1737 caput
957 1678 1082 1718 cum
1115 1678 1280 1717 manu
1307 1661 1530 1718 dextera
1559 1679 1658 1734 pro
1687 1665 1886 1720 rostris
1917 1666 2157 1738 positum
2192 1685 2204 1720 :
2229 1666 2497 1738 juxtaque
2533 1675 2795 1722 coronata
2824 1653 3080 1738 Pompilii
3099 1653 3292 1723 militis
3313 1667 3513 1740 imago,
3542 1669 3642 1740 qui

390 1769 515 1811 eum
537 1756 833 1811 o‘cciderat.

463 1891 692 1949 Ovidius
749 1891 896 1948 Naso
945 1890 1191 1946 nascitur
1240 1889 1299 1946 in
1657 1891 1798 1964 1975
1995 1891 2046 1964 9
2259 1890 2334 1964 ἓξ
2577 1891 2613 1964 2
2793 1889 3010 1945 Vibium
3052 1891 3344 1945 Maximum
3380 1893 3637 1964 designa-

390 1961 650 2057 Pelignis.
754 2039 770 2057 θ
809 2031 1133 2057 “wn-“Lm
1179 2032 1266 2057 ΛΔ
1399 1985 1534 2057 185
1665 1961 1802 2016 1976
1987 1963 2055 2016 10
2263 1962 2336 2016 27
2583 1963 2618 2018 5
2727 1977 2838 2057 tum
2869 1961 3637 2057 qumstoremnagpqvit.domi-

461 2031 675 2098 Ci’ccro,
714 2039 773 2086 ut
805 2031 1134 2102 quibusdam
1179 2032 1300 2102 pla-
1411 2031 1534 2057 ’νυ
2731 2048 2836 2102 nus
2871 2049 3020 2091 suus.
3054 2042 3215 2101 atque
3246 2031 3492 2087 abduxit.

395 2102 948 2176 ce_t_.inte_rlici_tur_in
1002 2100 1224 2176 Caietis.
2796 2100 3049 2176 Secunda
3103 2100 3346 2176 secessio
3399 2105 3633 2176 Augusti

462 2171 683 2241 Templa
706 2172 1044 2226 Rhodiorum
1067 2171 1309 2242 depopu-
2710 2181 2767 2228 ct
2799 2172 3024 2226 Antonii
3051 2174 3319 2229 consulis.

393 2241 540 2297 latus
568 2250 653 2296 est
681 2242 928 2298 Cassius.

471 2376 804 2432 Corniﬁcius
833 2383 994 2446 poeta
1025 2391 1056 2430 a
1086 2375 1354 2432 militibus
1386 2354 1638 2432 desertus
1670 2350 1896 2444 interiit,
1919 2392 2060 2447 quos
2118 2392 2260 2446 saepe
2283 2375 2550 2448 fugientes
2575 2375 2816 2446 galeatos
2860 2375 3072 2446 lepores
3110 2377 3428 2448 appellarat.
3457 2377 3635 2451 Hujus

392 2483 548 2524 soror
577 2461 890 2530 Corniﬁcia,
930 2468 1088 2538 cujus
1118 2468 1357 2534 insignia
1391 2478 1607 2525 exstant
1638 2471 2079 2542 epigrammata..

459 2559 523 2615 C.
557 2558 837 2615 Falcidius
860 2559 1116 2614 tribunus
1138 2559 1314 2629 plebis
1355 2560 1529 2630 legem
1557 2561 1701 2626 tulit,
1731 2576 1800 2616 ne
1829 2562 1952 2630 quis
1983 2565 2311 2616 testamento
2339 2559 2463 2628 plus
2495 2558 2718 2627 legaret,
2751 2568 2914 2626 quam
2941 2563 3000 2610 ut
3024 2564 3217 2626 quarta
3253 2573 3381 2630 pars
3406 2559 3638 2616 haeredi-

388 2655 494 2710 bus
528 2664 860 2726 superesset,
895 2655 942 2710 si
971 2665 1211 2726 quatuor
1247 2663 1343 2709 aut
1376 2656 1558 2712 minus
1580 2665 1786 2712 essent.
1823 2655 1879 2710 Si
1905 2665 2086 2710 autem
2114 2656 2236 2725 plus
2279 2662 2534 2725 quatuor,
2563 2652 2824 2708 medietas
2849 2667 2915 2706 eo
2955 2660 3161 2718 tenore,
3190 2661 3251 2708 ut
3303 2655 3418 2710 sive
3450 2657 3638 2714 liberis

392 2750 510 2805 sive
543 2751 864 2822 propinquis
895 2759 1050 2821 pater
1079 2766 1180 2806 sua
1218 2751 1445 2820 legaret,
1479 2752 1571 2805 illa
1613 2768 1740 2822 pars
1765 2768 1928 2823 quam
1953 2751 2228 2806 Falcidius
2275 2748 2580 2814 constituit,
2625 2747 2733 2802 nisi
2767 2754 2919 2817 pater
2957 2747 3323 2814 interdixerit,
3355 2755 3410 2803 et
3439 2749 3633 2821 legatis

389 2832 722 2910 ﬂuentibus,
753 2850 807 2898 et
845 2844 1038 2899 iisdem
1068 2845 1384 2901 carentibus
1417 2846 1700 2915 aequaliter
1730 2847 2045 2916 partiretur.

462 2935 684 2992 Curtius
714 2935 969 2992 Salassus
1004 2934 1108 3007 [αι.
1137 2933 1459 3009 Thalassus]
1488 2937 1541 2992 in
1571 2938 1749 2993 insula
1777 2938 1956 2993 Arado
1984 2953 2108 2994 cum
2157 2942 2390 3007 quatuor
2427 2931 2747 2989 cohortibus
2797 2931 2955 2988 vivus
2988 2930 3309 2987 combustus
3341 2938 3446 2999 est,
3486 2931 3634 3002 quod

387 3030 598 3086 tributa
627 3031 848 3102 gravius
870 3030 1128 3099 exigeret.

461 3125 505 3180 E
529 3126 756 3182 taberna
778 3124 1057 3180 Meritoria
1086 3132 1240 3181 trans
1272 3124 1513 3182 Tiberim
1545 3120 1725 3182 oleum
1751 3135 1894 3183 terra
1922 3126 2124 3197 erupit,
2160 3122 2431 3196 ﬁnxitque
2456 3130 2588 3178 tota
2607 3120 2696 3176 die
2726 3121 2844 3176 sine
2869 3117 3295 3185 intermissione,
3317 3117 3634 3190 significans

387 3215 595 3273 Christi
626 3215 854 3284 gratiam
879 3228 945 3268 ex
975 3213 1228 3284 gentibus

463 3305 764 3360 Antonium
796 3312 1017 3374 superat
1043 3302 1345 3375 Augustus,
1369 3313 1423 3362 et
1450 3307 1854 3364 interveniente
1894 3315 2089 3364 senatu
2117 3322 2242 3363 cum
2293 3323 2360 3364 eo
2387 3307 2445 3362 in
2479 3305 2777 3362 amicitiam
2809 3301 3136 3376 regreditur.

456 3427 763 3484 lCornelius
827 3425 1024 3496 Nepos,
1072 3425 1306 3496 scriptor
1658 3432 1797 3486 1977
1975 3433 2036 3485 11

969 3440 1024 3496 is,
1072 3425 1306 3496 scriptor
1658 3432 1797 3486 1977
1975 3433 2036 3485 11
2256 3431 2326 3487 28
2575 3432 2611 3487 4

387 3498 686 3556 historicus
729 3497 913 3553 clarus
938 3495 1202 3551 habetur.
1652 3502 1793 3556 1978
1973 3501 2029 3555 19

967 3495 1202 3551 labetur.
1652 3502 1793 3556 1978
1973 3501 2041 3555 12
2254 3502 2325 3556 29
2575 3502 2609 3556 5

1658 3573 1798 3626 1979
1981 3573 2050 3626 15
2262 3572 2334 3626 50
2580 3571 2614 3625 6

462 3707 828 3788 Ευτηίίιιθιριῒ
872 3714 928 3788 εει
975 3705 1118 3762 ﬁlius
1166 3705 1300 3762 clari
1370 3666 1507 3736 ηδ
2721 3778 2825 3788 .-
2866 3778 2900 3788 ..
2980 3775 3012 3788 _.
3158 3775 3188 3788 ..

390 3781 638 3848 oratores
675 3775 963 3832 habentur
1008 3795 1021 3830 :
1069 3790 1303 3846 quorum
1661 3782 1801 3837 1982
1981 3782 2049 3836 16
2261 3783 2329 3837 55
2579 3781 2613 3836 9
2721 3782 2726 3788 ’
2792 3775 3085 3834 Sallustius
3139 3775 3464 3848 diem_obiit
3499 3792 3638 3848 qua-

390 3845 534 3930 tilius
579 3848 885 3904 consularis
917 3854 1046 3902 ante
1087 3845 1309 3916 patrem
2715 3850 2968 3930 dri'ennio
3015 3853 3141 3900 ante
3195 3845 3481 3901 Actiacum
3517 3845 3636 3903 bel-

388 3929 764 4044 mgll'iugavius
781 3994 966 4056 poeta,
995 4002 1156 4057 quem
1179 3987 1300 4044 Vir-
1653 3991 1792 4048 1985
1971 3992 2039 4046 17
2251 3991 2321 4046 51
2541 3991 2610 4046 10
2719 3921 2953 4042 “Edita!
2998 3985 3298 4042 secundum
3355 3986 3633 4046 Romanos

425 4057 552 4113 ilius
610 4057 667 4112 in
713 4057 980 4111 Bucolicis
1020 4065 1207 4128 notat,
1253 4059 1309 4113 in
2717 4073 2914 4114 cursus
2935 4059 3188 4112 inventus
3213 4064 3315 4111 est.

436 4128 736 4200 appadocia
765 4129 1020 4183 moritur.

459 4320 487 4358 c
512 4302 818 4374 Antigonus
840 4309 1030 4357 contra
1057 4299 1276 4356 Judmos
1303 4299 1574 4355 dimicans
1610 4299 1829 4354 tandem
1856 4301 2128 4356 occiditur
2158 4319 2170 4355 :
2207 4317 2235 4354 a
2277 4317 2385 4371 quo
2417 4317 2591 4371 usque
2618 4303 2673 4357 in
2709 4314 3185 4376 praesenstcmpus
3219 4305 3634 4379 Hierosolymo-

385 4408 507 4450 rum
532 4410 760 4466 regnum
785 4396 1124 4451 destructum
1154 4402 1258 4449 est.
1284 4394 1566 4465 Siquidem
1593 4394 1835 4450 Herodes
1867 4403 1989 4465 post
2021 4413 2143 4452 eum
2183 4413 2212 4450 a
2249 4398 2512 4454 Romanis
2545 4401 2881 4456 constitutus
2910 4409 2994 4457 est
3027 4403 3278 4473 princeps
3308 4404 3631 4476 alienigena,

385 4499 441 4549 et
464 4491 601 4548 nihil
627 4493 852 4547 omnino
880 4491 948 4546 ad
979 4490 1221 4546 Iudaeam
1246 4493 1548 4561 pertinens.

455 4581 744 4653 Hyrcanus
775 4590 963 4636 contra
984 4581 1217 4637 Parthos
1254 4594 1526 4652 pugnans,
1561 4581 1810 4650 captivus
1838 4581 1982 4651 apud
2014 4582 2133 4638 illos
2155 4583 2352 4638 ductus
2382 4591 2485 4639 est.
2514 4582 2767 4655 Hyrcano
2790 4586 3006 4656 captivo
3036 4585 3200 4649 iacto,
3232 4584 3474 4642 Herodes
3505 4587 3626 4643 Anc

383 4673 574 4743 tipatri
603 4672 931 4728 Ascalonita
958 4684 1010 4728 et
1055 4675 1248 4729 matris
1274 4673 1526 4744 Cypridis
1547 4675 1798 4729 Arabica:
1851 4675 1994 4729 lilius
2047 4690 2076 4727 ει
2105 4675 2365 4731 Romanis
2395 4675 2708 4732 Iudaeorum
2763 4679 2995 4749 suscipit
3031 4679 3396 4752 principatum
3427 4699 3440 4735 :
3470 4680 3629 4750 cujus

381 4777 630 4840 tempore
659 4769 862 4826 Christi
891 4771 1174 4827 nativitate
1204 4772 1406 4834 vicina,
1447 4787 1673 4842 regnum
1696 4781 1750 4826 et
1796 4769 2166 4826 sacerdotium
2199 4771 2420 4836 Iudaeae,
2464 4774 2608 4843 quod
2637 4775 2790 4844 prius
2820 4791 2916 4844 per
2939 4775 3316 4830 successiones
3350 4774 3627 4828 minorum

385 4863 696 4927 tenebatur,
731 4861 1070 4918 destructum
1105 4873 1207 4926 est,
1243 4865 1510 4934 completa
1546 4865 1852 4935 prophetia,
1885 4880 2005 4934 quae
2046 4865 2119 4918 ita
2167 4881 2263 4935 per
2307 4864 2544 4936 Moysem
2588 4865 2866 4936 loquitur:
2904 4864 3026 4920 Non
3051 4864 3255 4934 deﬁciet
3295 4867 3530 4932 princeps
3563 4879 3628 4917 ea:

383 4955 551 5023 Iuda,
577 4975 739 5030 neque
767 4957 876 5011 dua:
903 4958 966 5012 de
996 4958 1281 5028 femoribus
1311 4961 1445 5028 ejus,
1464 4962 1626 5014 donec
1647 4960 1819 5014 veniat
1844 4961 1928 5012 cui
1948 4959 2325 5028 repromissum
2341 4970 2436 5014 est.
2469 4958 2538 5013 Et
2568 4961 2677 5030 ipse
2707 4962 2806 5014 erit
2833 4961 3153 5032 exspectatio
3183 4960 3436 5031 gentium.
3472 4956 3625 5028 (Cen.

384 5066 536 5119 nix,
557 5053 670 5122 ιο.)
697 5053 752 5106 in
772 5053 878 5108 hoc
903 5053 1047 5107 enim
1078 5053 1199 5107 loco
1220 5053 1496 5119 Christus,
1520 5068 1680 5122 quem
1712 5051 1950 5106 Danielis
1974 5052 2243 5120 scriptura
2267 5051 2545 5119 praefatur,
2565 5052 2775 5120 accepit
2806 5050 3134 5107 tinem.Nam
3167 5066 3337 5120 usque
3363 5051 3429 5105 ad
3457 5049 3632 5105 Hero-

382 5142 507 5198 dem
539 5143 752 5208 chi‘isti,
786 5142 842 5197 id
879 5148 964 5196 est
991 5141 1326 5209 sacerdotes,
1359 5148 1516 5196 erant
1545 5157 1702 5212 reges
1722 5137 2036 5196 Judaeorum
2062 5155 2074 5191 :
2106 5140 2198 5211 qui
2224 5140 2492 5210 imperare
2515 5148 2794 5211 coeperant
2814 5156 2845 5194 a
2866 5142 3202 5213 sexagesima
3232 5140 3422 5202 quinta
3449 5141 3630 5212 olym-

453 5384 486 5422 a
541 5365 826 5438 ⁹Ρωμαίων
876 5365 1127 5438 δεύτερος
1165 5363 1479 5418 ἐϐασίλευσε
1519 5365 1737 5436 Καῖσαρ
1777 5363 1949 5417 Σεϐα-
2057 5364 2151 5418 καὶ
2192 5360 2362 5416 πολλὰ
2387 5361 2883 5433 διαμαχησὰμενος,
2915 5361 3235 5429 ἀναιρεῖταυ
3273 5358 3366 5412 καὶ
3395 5358 3628 5414 ἐνταῦθα

379 5459 505 5524 στος
529 5457 852 5528 Αὔγουστος,
886 5461 915 5511 ὁ
945 5459 1039 5512 καὶ
1083 5457 1385 5522 Ὀκτάϐιος,
1412 5455 1507 5527 ἔτη
1530 5462 1637 5520 νςν,
1668 5456 1844 5526 μῆνας
1872 5461 1945 5520 ς’.
2056 5455 2353 5525 καταλήγει
2376 5455 2436 5506 τὸ
2463 5455 2569 5506 τῶν
2608 5454 2873 5507 Ἰουδαίων
2903 5451 3188 5522 βασίλειον.
3229 5451 3491 5504 Ἐνταῦθα
3519 5451 3574 5505 δὲ
3598 5453 3626 5504 ὁ

381 5551 578 5608 Chron.
619 5551 799 5620 pasclz.
836 5569 890 5621 p.
933 5552 1056 5614 189,
1092 5551 1160 5604 Ι).

2057 5543 2526 5613 προφητευόμενος
2561 5542 2709 5613 παρὰ
2737 5542 2816 5612 τῷ
2847 5541 3041 5611 Δανιὴλ
3070 5541 3300 5612 Χριστὸς
3329 5541 3625 5611 ἡγούμενος

450 5645 478 5696 b
510 5647 572 5697 Οἱ
626 5644 915 5713 Ἀντιοχεῖς
950 5643 1098 5696 ἔνθεν
1135 5641 1427 5714 ἀριθμοῦσι
1464 5639 1590 5703 τοὺς
1621 5636 1798 5692 αὐτῶν
1825 5639 1948 5709 χρό-
2053 5638 2205 5700 τέλος
2229 5636 2512 5707 λαμϐάνει·
2548 5637 2708 5708 μέχρι
2735 5636 2843 5707 γὰρ
2886 5634 3121 5707 Ἡρώδου
3157 5635 3365 5706 χριστοὶ
3392 5634 3626 5706 ἡγούμε-

377 5751 518 5800 νους.
552 5734 712 5806 Sync.
739 5751 790 5804 p.
819 5736 945 5799 505,
979 5733 1042 5791 C.
2051 5749 2150 5788 νοι·
2182 5725 2324 5784 οὗτοι
2345 5730 2402 5783 δὲ
2422 5725 2562 5801 ἦσαν
2581 5731 2629 5782 οἱ
2658 5731 2950 5800 ἀρχιερεῖς,
2975 5729 3169 5792 οἵτινες
3196 5729 3626 5800 προεστήκεισαν

447 5845 474 5880 c
525 5828 844 5896 ’Δντίγονος,
889 5832 956 5898 τῇ
987 5819 1280 5881 ’Ἰουδαίων
1327 5825 1571 5896 βασιλείᾳ.
1612 5820 1941 5886 ἐπαναστὰς,
2051 5820 2142 5874 τοῦ
2179 5819 2440 5873 Ἰουδαίων
2479 5817 2682 5886 ἔθνους,
2725 5818 3018 5890 ἀρξάμενοι
3059 5820 3157 5890 μὲν
3203 5820 3312 5873 ἀπὸ
3349 5819 3446 5890 τῆς
3485 5817 3626 5873 κατὰ

703 5919 978 5981 Parnm.
1013 5920 1130 5980 Gn.
1153 5919 1330 5980 XIX.
1803 6011 1822 6014 ﬁ
2283 6012 2290 6018 κ
3222 5914 3302 5976 17
