4158 6434
525 395 634 452 8ἳῦ
1181 393 1455 452 EUSEBII
1494 392 1860 452 CJESARIEN
1868 391 1974 450 SlS
2009 389 2081 448 οι

2199 391 2381 450 PARS
2417 391 2462 452 1.
2497 423 2568 434 -
2605 393 2995 452 lllSTOlllCA.
3671 399 3780 456 εει

525 643 710 716 piade,
743 649 798 699 et
829 643 900 699 ab
941 643 1340 700 instauratione
1371 643 1560 713 templi
1594 643 1700 699 sub
1746 641 1931 710 Dario,
1963 657 2138 713 usque
2172 643 2242 698 ad
2292 641 2609 715 Hyrcanum
2654 650 2710 700 et
2751 644 3110 700 centesimam
3139 643 3528 715 octogesimam
3567 652 3777 700 sextam

409 798 416 805 ,
525 738 910 812 Olympiadem,
935 741 1094 794 annis
1123 752 1464 793 ccccuxxm
1487 738 1544 792 in
1571 738 1752 794 medio
1778 738 2101 802 transactis,
2135 754 2277 810 quos
2311 738 2498 795 Daniel
2531 739 2805 812 significat
2833 740 3026 798 dicens
3057 738 3158 792 :Et
3183 742 3316 795 scies
3343 747 3395 794 et
3421 739 3682 811 intelliges
3709 739 3777 794 ab

522 832 677 887 initio
705 833 962 886 sermonis
995 829 1340 900 respondendi
1359 838 1410 884 et
1437 829 1744 899 aediﬁcandi
1770 829 2132 894 Hierusalem,
2165 847 2330 902 usque
2356 832 2425 885 ad
2453 830 2656 887 Christi
2682 833 3059 903 principatum,
3097 831 3439 888 hebdomade
3471 844 3689 904 septem,
3725 843 3780 889 et

519 923 863 980 hebdomadw
899 924 1173 994 sexaginta
1201 922 1322 977 dua
1352 921 1518 994 (Dan.
1562 938 1640 988 ix,
1693 923 1788 992 25)
1819 943 1832 979 :
1869 939 1991 995 qua:
2021 939 2148 980 uix
2203 924 2558 980 hebdomadas
2606 924 2815 980 faciunt
2849 940 3025 981 annos
3056 940 3435 983 ccccuxxm:
3471 927 3528 981 in
3576 926 3779 997 quibus

520 1021 739 1088 christi,
774 1021 826 1076 id
872 1027 957 1076 est
989 1019 1326 1086 sacerdotes,
1363 1034 1460 1090 per
1518 1018 1833 1076 unctionem
1883 1019 2218 1083 consecrati,
2257 1027 2629 1091 regnaverunt
2676 1035 2852 1091 usque
2898 1019 2964 1074 ad
2998 1019 3310 1092 Hyrcanum
3343 1037 3356 1074 :
3386 1035 3496 1092 quo
3532 1029 3778 1076 extremo
3826 1019 3833 1028 ’

519 1115 767 1170 omnium
799 1130 829 1169 a
859 1113 1077 1169 Parthis
1103 1125 1283 1185 capto,
1317 1113 1562 1171 Herodes
1589 1112 1863 1183 Antipatri
1915 1113 2059 1168 ﬁlius
2090 1113 2224 1168 nihil
2255 1113 2325 1168 ad
2356 1129 2415 1170 se
2446 1114 2808 1185 pertinentem
2850 1114 3092 1170 Iudaeam
3119 1114 3188 1170 ab
3233 1114 3480 1182 Augusto
3501 1119 3557 1168 et
3584 1119 3781 1168 senatu

520 1207 756 1279 accipit;
795 1205 1000 1277 ﬁliique
1023 1207 1144 1276 ejus
1170 1215 1292 1277 post
1319 1221 1443 1262 eum
1473 1211 1863 1277 regnaverunt,
1889 1221 2066 1270 usque
2095 1204 2162 1258 ad
2193 1205 2550 1261 novissimam
2581 1206 3086 1279 Hierosolymorum
3138 1206 3539 1276 captivitatem,
3567 1218 3783 1274 nequa-

521 1315 684 1370 quam
714 1315 779 1355 ex
815 1300 1170 1355 successione
1193 1298 1553 1355 sacerdotalis
1581 1299 1798 1370 generis
1832 1299 2184 1370 pontiﬁcibus
2206 1301 2547 1364 constitutis,
2583 1315 2760 1372 neque
2807 1301 3173 1372 perpetuitate
3199 1299 3324 1354 vitae
3364 1295 3669 1354 secundum
3697 1295 3780 1351 le-

515 1407 638 1462 gem
666 1390 838 1462 Moysi
873 1391 1247 1446 servientibus
1293 1389 1424 1445 Deo.
1455 1387 1734 1462 lgnobiles
1763 1403 1896 1444 vero
1939 1389 2188 1460 quidam,
2219 1396 2274 1446 et
2319 1390 2429 1445 alio
2472 1397 2721 1460 tempore
2745 1390 2862 1453 alii,
2907 1398 2962 1445 et
2993 1389 3242 1444 nonnulli
3285 1387 3450 1443 unius
3479 1388 3630 1452 anni,
3662 1387 3780 1444 sive

515 1485 732 1540 modico
752 1485 1009 1556 amplius,
1038 1499 1068 1538 a
1103 1482 1370 1537 Romanis
1397 1483 1821 1554 imperatoribus
1841 1483 2210 1540 sacerdotium
2235 1485 2508 1540 emebant.
2549 1482 2683 1551 Quae
2707 1485 2893 1540 omnia
2925 1483 3090 1538 etiam
3125 1481 3316 1538 Daniel
3345 1480 3609 1553 propheta
3635 1481 3779 1536 vati-

514 1578 734 1635 cinatur
761 1576 834 1632 ita
861 1577 1052 1632 dicens
1080 1593 1093 1628 :
1129 1575 1199 1629 Et
1231 1585 1348 1644 post
1381 1574 1729 1630 hebdomades
1768 1591 1845 1630 vn
1875 1584 1925 1630 et
1961 1591 2100 1641 un,
2127 1576 2368 1631 interibit
2409 1577 2665 1642 chrisma,
2699 1585 2750 1631 et
2771 1575 3037 1645 judicium
3072 1591 3178 1629 non
3208 1576 3312 1630 erit
3341 1576 3397 1630 in
3424 1591 3484 1629 eo
3513 1589 3532 1628 :
3565 1583 3616 1628 et
3638 1585 3772 1629 tem-

511 1672 656 1742 plum
679 1679 730 1726 et
759 1680 1003 1725 sanctum
1026 1679 1323 1736 corrumpet
1348 1670 1570 1738 populus
1593 1667 1725 1723 duce
1755 1669 1988 1724 veniente
2011 1685 2030 1724 :
2059 1676 2112 1724 et
2151 1668 2418 1724 cwdentur
2440 1670 2495 1723 in
2538 1669 2863 1740 cataclysmo
2899 1667 3024 1722 belli
3063 1667 3213 1738 (ibid.
3241 1665 3355 1737 26).
3391 1665 3459 1720 Et
3491 1666 3548 1721 in
3573 1682 3771 1724 conse-

514 1765 810 1835 quentibus
841 1782 855 1818 :
891 1762 962 1816 Et
991 1777 1145 1832 super
1194 1763 1464 1831 templum,
1490 1763 1681 1834 inquit,
1709 1761 2041 1817 abominatio
2093 1763 2486 1818 desolationum
2512 1778 2532 1818 :
2574 1773 2625 1818 et
2657 1780 2821 1835 usque
2870 1761 2940 1816 ad
2980 1762 3486 1819 consummationem
3525 1761 3775 1832 temporis

512 1856 896 1912 consummatio
921 1853 1138 1909 dabitur
1164 1870 1322 1925 super
1350 1853 1734 1910 desolationem
1753 1851 1920 1924 (Ibid.
1951 1853 2065 1925 27).

1469 2028 1662 2070 οιῐιιν.
1738 2028 1976 2068 ΔΒΒΑΗΑ-
2034 2027 2239 2069 ΞΕΥΡΤ.
2362 2029 2477 2070 ιυο.

2636 2029 2765 2070 IOI.

2022 2153 2255 2224 Cleopa-
2298 2152 2544 2211 Herodes
2618 2155 2802 2225 Augu-

2095 2231 2182 2278 tra

1469 2325 1675 2336 ——_
1746 2322 1955 2334 c—o—n—
2029 2323 2170 2340 ψ.-
2195 2321 2242 2334 ι-
2313 2322 2527 2336 --ιοσ-

2637 2236 2760 2280 ειυς

2597 2323 2809 2335 ..α-ι-

2081 2425 2116 2462 a
2141 2407 2182 2464 Ι.
2209 2407 2535 2481 HERODES
2565 2409 2894 2479 alienigena,
2925 2408 3214 2481 deﬁciente
3250 2421 3388 2481 pon-

580 2543 802 2598 Antonii
971 2543 1048 2613 n,
1094 2539 1406 2612 Dccxx,
1490 2566 1627 2635 187
1771 2542 1909 2599 1984

505 2645 562 2692 et
586 2637 812 2708 Augusti
835 2634 1031 2694 lmdus.

2087 2549 2157 2605 i8

2225 2480 2434 2604 tilicun‘i
2461 2481 2794 2603 principatu,
2829 2480 2991 2535 annis
3019 2495 3227 2535 xxxvu.

577 2759 609 2812 b
634 2757 877 2814 llerodes
912 2756 1216 2812 Ananelum
1242 2754 1537 2826 quemdam
1563 2759 1631 2810 de
1661 2753 1941 2826 Babylone
1963 2753 2202 2810 accitum
2232 2755 2540 2827 pontiﬁcem
2573 2757 2886 2814 Iudaeorum
2915 2759 3204 2815 constituit
3229 2775 3242 2811 :
3269 2767 3324 2815 et
3357 2766 3482 2830 post
3511 2759 3768 2832 exiguum

505 2851 793 2924 temporis,
825 2852 1198 2908 Aristobulum
1249 2849 1473 2906 fratrem
1517 2849 1710 2904 uxoris
1747 2864 1886 2915 suae,
1940 2858 2195 2922 nepotem
2244 2851 2508 2925 Hyrcani,
2547 2869 2926 2912 successorem
2953 2855 3006 2912 ei
3031 2855 3219 2912 dedit:
3253 2871 3362 2928 quo
3399 2865 3523 2929 post
3565 2873 3768 2912 annum

509 2944 825 3013 interfecto,
855 2959 1075 3001 rursum
1101 2943 1348 2998 Ananelo
1373 2940 1612 2997 reddidit
1635 2942 2029 2999 sacerdotium.

1781 3066 1804 3118 1
1817 3063 1922 3120 985

1779 3138 1804 3191 1
1814 3135 1919 3191 986

581 3067 836 3124 Colonias
863 3065 1139 3122 deduxere
1170 3062 1422 3120 Romani.

577 3155 605 3192 c
629 3143 907 3209 Augustus
945 3135 1297 3209 triumphavit
1325 3149 1422 3209 pe-

507 3206 1072 3265 destris'certaminis
1126 3206 1424 3274 triumpho.

2097 3065 2168 3121 i9

2095 3137 2169 3192 20

2414 3067 2452 3123 2
2667 3069 2737 3124 l2

2415 3139 2452 3194 5
2667 3141 2736 3196 l5

575 3321 793 3378 Nicetes
811 3332 864 3379 et
883 3320 1128 3392 Hybreas
1159 3320 1256 3393 Iul.
1290 3317 1560 3392 Tybreas)
1605 3326 1659 3374 et
1682 3317 2027 3392 Theodorus,
2055 3327 2112 3376 et
2144 3318 2325 3379 Plutio
2354 3321 2684 3382 nobilissimi
2713 3326 2855 3383 artis
2884 3326 3174 3386 rhetorica:
3199 3327 3372 3386 Graeci
3400 3339 3769 3405 praeceptores

505 3417 794 3474 habentur.

503 3602 730 3672 Δαρεῖον
756 3594 1108 3660 ἀνανεώσεως
1137 3595 1231 3650 τοῦ
1275 3595 1442 3670 ἱεροῦ,
1480 3596 1621 3651 κατὰ
1649 3595 1748 3668 τὴν
1781 3596 2081 3669 ἑξηκοστὴν

504 3695 600 3748 καὶ
627 3691 885 3762 πέμπτην
928 3689 1280 3760 Ὀλυμπιάδα,
1302 3689 1562 3762 λήξαντες
1586 3690 1644 3744 δὲ
1668 3691 1761 3745 ἐπὶ
1793 3683 2079 3761 Ὑρκανὸν,

506 3787 602 3840 ἰπὶ
629 3787 728 3857 τῆς
759 3790 889 3856 ρπς¹
933 3782 1312 3856 Ὀλυμπιάδος·
1342 3783 1411 3837 τὰ
1437 3784 1492 3837 δὲ
1521 3783 1722 3856 μεταξὺ
1753 3783 1956 3837 τούτων
1989 3800 2082 3852 γε·

503 3881 693 3938 νέσθαι
738 3878 835 3950 ἔτη
883 3884 1032 3947 υπγ’,
1057 3877 1230 3932 ὁπόσα
1257 3877 1322 3950 δὴ
1355 3881 1388 3952 ή
1419 3879 1512 3934 τοῦ
1546 3879 1745 3952 Δανιὴλ
1777 3879 2080 3952 προφητεία

506 3971 752 4037 θεσπίζει
785 3971 1038 4040 λέγουσα’
1070 3970 1182 4026 Kal
1223 3970 1426 4041 γνώσῃ
1475 3973 1573 4027 καί
1621 3971 1916 4040 συνήσεις
1959 3970 2080 4027 ἀπὸ

507 4065 724 4132 ἐξόδου
752 4065 938 4142 ἲλόγου
966 4065 1072 4120 τοῦ
1100 4064 1516 4135 ἀποκριθῆναι,
1563 4067 1661 4120 καί
1707 4066 1815 4121 τοῦ
1855 4067 2082 4121 οἰκοδο-

507 4155 699 4230 μῆσαι
740 4155 1148 4228 Ἰερουσαλὴμ,
1185 4157 1311 4224 ἕως·
1330 4158 1586 4227 Χριστοῦ
1615 4160 1952 4230 ἡγουμένου
1987 4160 2081 4214 ἐϐ-

507 4247 762 4319 δομάδες
793 4249 944 4304 ἑπτὰ
989 4235 1089 4305 καί
1139 4248 1458 4320 ἐϐδομάδες
1485 4249 1591 4315 ξδ’.
1635 4244 1802 4304 Αὗται
1834 4253 1888 4306 al
1925 4251 2080 4306 ἐννέα

507 4340 604 4394 καὶ
648 4335 908 4412 ἐξήκοντα
953 4341 1243 4412 ὲὸδομάδες
1289 4341 1667 4414 συμπληροῦσι
1709 4342 1898 4414 χρόνον
1942 4341 2080 4396 ἐτῶν

507 4437 654 4500 υπγ’·
687 4433 856 4486 ὁπόσα
883 4430 974 4506 ἐτη
1008 4431 1267 4502 τυγχάνει
1313 4431 1416 4501 τῆς
1461 4430 1638 4503 ἀρχῆς
1681 4431 1790 4484 τῶν
1840 4430 2079 4504 χριστῶν

507 4523 842 4596 ἡγουμένων
891 4519 966 4578 ὧν
1012 4523 1320 4578 τελευταίου
1375 4522 1642 4594 Ὑρκανοῦ
1693 4523 1802 4576 ἀπὸ
1851 4523 2084 4596 Πάρθων

506 4613 851 4687 αἰχμαλώτου
887 4613 1202 4686 ληφθέντος,
1239 4615 1268 4667 ὁ
1309 4611 1554 4686 Ἡρώδης
1585 4613 1680 4667 τοῦ
1726 4614 2081 4684 Ἀντιπάτρου

509 4707 676 4779 μηδὲν
718 4709 1098 4780 προσήκουσαν
1143 4705 1290 4779 αὐτῷ
1333 4705 1432 4779 τὴν
1477 4707 1587 4762 τῶν
1634 4706 1902 4760 Ἰουδαίων
1929 4706 2083 4778 βασι-

504 4798 656 4856 λείαν
687 4800 792 4854 ὑπὸ
829 4799 1140 4870 Αὐγούστου
1182 4801 1276 4854 καὶ
1310 4798 1610 4871 συγκλήτου
1650 4799 1936 4871 Ῥωμαίων
1977 4817 2082 4854 πα-

509 4891 864 4964 ραλαμϐιὶινει⁸
913 4892 1150 4947 κᾶπειτα
1198 4894 1246 4946 οί
1295 4891 1487 4946 τούτου
1534 4891 1722 4955 παῖδες
1773 4891 1933 4964 μέχρι
1982 4893 2083 4966 τῆς

509 4985 748 5057 ὑστάτης
791 4983 1175 5058 Ἱεροσολύμων
1205 4985 1538 5056 πολιορκίας·
1569 4985 1668 5039 οὐκ
1699 4984 1778 5040 ἔτι
1809 4987 1857 5038 oi
1881 4987 1944 5040 ὲκ
1969 4986 2085 5041 δια-

507 5077 669 5150 δοχῆς
693 5077 785 5132 τοῦ
817 5077 1087 5151 ἱερατικοῦ
1117 5077 1306 5147 γένους
1336 5077 1558 5149 ίερῶντο
1585 5077 1664 5148 τῷ
1687 5077 1824 5150 Θεῷ,
1859 5077 1979 5132 οὐδὲ
1997 5077 2084 5133 διὰ

510 5168 627 5239 βίου
657 5168 800 5224 κατά
827 5170 918 5224 τδν
951 5169 1231 5234 Μωῦσέως
1263 5169 1446 5240 νόμον
1485 5169 1688 5241 ἄσημοι
1720 5169 1778 5222 δέ
1809 5186 1954 5234 τινες
1983 5169 2081 5224 ἅλ-

509 5260 630 5314 λοτε
653 5261 821 5316 ἄλλοι·
847 5263 940 5316 καὶ
959 5263 1012 5316 oi
1041 5263 1138 5334 μὲν
1157 5261 1440 5327 ἐνιαύσιοι,
1464 5263 1514 5316 oi
1530 5261 1587 5316 δὲ
1604 5263 1682 5316 ἔτι
1710 5261 1876 5333 ὀλίγῳ
1897 5260 2078 5324 πλέον,

510 5355 660 5427 παρὰ
689 5357 796 5410 τῶν
841 5355 1164 5427 Ῥωμαϊκῶν
1188 5355 1508 5428 ἡγουμένων
1545 5354 1644 5427 τὴν
1675 5353 2082 5426 ἀρχιερωσύνην

508 5444 819 5514 ἑξωνοῦντο.

590 5536 837 5611 Ἡρώδης
881 5539 1238 5612 Ἀντιπάτρου
1280 5539 1374 5594 τοῦ
1419 5537 1816 5594 Ἀσκαλωνίτου
1852 5538 1946 5592 καὶ
1985 5555 2084 5609 μη-

509 5627 641 5698 τρὸς
663 5627 938 5700 Κύπριδος
979 5631 1307 5704 Ἀραϐίσσης
1339 5630 1492 5685 οὐδὲν
1519 5629 1669 5702 αύτῳ
1701 5630 2082 5701 προσήκουσαν

510 5717 612 5788 τὴν
646 5717 913 5774 Ἰουδαίων
945 5719 1220 5791 βασιλείαν
1251 5719 1356 5774 ὑπὸ
1386 5721 1672 5792 Ῥωμαίων
1697 5718 2079 5792 ἐγχειρίζεται,

514 5807 636 5860 καθ’
665 5806 726 5863 ὃν
755 5805 856 5876 τῆς
882 5807 974 5862 τοῦ
1005 5809 1240 5878 Χριστοῦ
1268 5811 1571 5880 γεννήσεως
1597 5809 2017 5876 πλησιαζούσης,
2044 5811 2076 5880 ἡ

2188 3600 2254 3653 ὲκ
2279 3599 2544 3670 προγόνου
2575 3601 2816 3676 διαδοχὴ,
2853 3604 3237 3677 ἀρχιερωσύνη
3257 3623 3319 3660 τε
3349 3609 3444 3662 καὶ
3482 3609 3625 3683 ἀρχὴ
3658 3609 3768 3664 τῶν

2201 3690 2468 3745 Ἰουδαίων
2530 3693 2824 3764 κατελύθη,
2889 3697 3386 3770 συμπληρουμένης
3449 3700 3553 3774 τῆς
3617 3703 3770 3776 παρά

2187 3782 2391 3854 Μωῢσῇ
2429 3783 2694 3858 λεγούσης
2723 3790 3076 3861 προφητείαςο
3113 3793 3234 3846 Οὐκ
3267 3793 3535 3862 ἐκλείψει
3567 3793 3768 3866 ἅρχων

2183 3874 2255 3938 ἐξ
2305 3875 2510 3939 Ἰούδα,
2557 3878 2657 3932 καὶ
2696 3878 2896 3950 ἄρχων
2927 3883 2995 3936 ἐκ
3031 3882 3150 3938 τῶν
3172 3884 3383 3954 μηρῶν
3409 3885 3616 3950 αὑτοῦ,
3655 3886 3768 3954 ἕως

2184 3963 2262 4022 ἂν
2283 3968 2432 4037 ἔλθῃ
2453 3961 2503 4034 ᾧ
2523 3971 2852 4039 ἀπόκειται,
2876 3973 2975 4028 καὶ
2997 3975 3180 4042 αὐτὸς
3199 3978 3534 4045 προσδοκία
3553 3977 3764 4034 ἐθνῶν.

2196 4059 2353 4132 Ἑξῆς
2379 4062 2437 4116 δὲ
2468 4063 2497 4116 ὁ
2531 4063 2727 4136 Δανιὴλ
2759 4067 3091 4138 προφητεύει
3115 4067 3308 4136 λέγων’
3342 4070 3450 4124 Kal
3478 4071 3633 4140 μετὰ
3658 4071 3767 4137 τὰς

2182 4149 2228 4214 ζ’
2259 4153 2356 4208 καὶ
2390 4153 2476 4219 ξδ’
2503 4155 2836 4226 ἑϐδομάδας
2860 4158 3453 4230 ἐξολοθρευθήσεται,
3493 4162 3594 4218 καί
3638 4164 3768 4234 χρί-

2183 4260 2308 4316 σμα
2335 4250 2444 4302 οὐκ
2463 4247 2637 4302 ἔσται
2659 4249 2730 4304 ἐν
2747 4249 2929 4316 αὐτῷ,
2959 4253 3059 4307 καὶ
3086 4253 3153 4307 τὸ
3186 4257 3346 4322 ἱερὸν
3377 4255 3477 4310 καὶ
3504 4255 3572 4310 τὸ
3595 4256 3767 4327 ἄτιον

2183 4337 2485 4408 διαφθερεῖ
2505 4341 2656 4408 λαὸς
2679 4343 3016 4413 ἡγουμένου
3061 4345 3410 4416 ἐρχομένου,
3453 4347 3553 4402 καί
3588 4346 3769 4414 uomi-

2183 4445 2394 4483 σον-ται
2420 4431 2494 4484 ἐν
2537 4432 2944 4502 κατακλυσμῷ
2987 4435 3276 4506 πολέμου·
3316 4439 3412 4492 καὶ
3451 4438 3581 4510 ἑξῆς
3610 4455 3765 4511 φησι·

2183 4523 2296 4577 Καὶ
2323 4523 2421 4578 ἐπὶ
2468 4524 2536 4579 τὸ
2583 4525 2744 4594 ἱερὸν
2764 4525 3080 4600 ,Βδέλυγμα
3118 4528 3238 4582 τῶν
3266 4529 3639 4600 ἐρημώσεων,
3669 4529 3768 4606 καὶ

2183 4615 2290 4682 ἕως
2321 4618 2679 4685 συντελείας
2715 4619 2924 4688 καιροῦ
2963 4619 3285 4674 συντέλεια
3319 4619 3638 4687 δοθήσεται
3665 4619 3766 4674 ἐπὶ

2183 4708 2301 4778 τὴν
2321 4708 2644 4778 ἐρήμωσιν.
2672 4709 2831 4782 Sync.
2857 4727 2908 4781 p.
2939 4712 3062 4776 309,
3090 4713 3215 4768 3l0.

2257 4816 2291 4853 a
2319 4799 2441 4852 Τῶν
2489 4800 2641 4874 παρά
2701 4801 2976 4868 Ἰουδαίοις
3029 4804 3331 4877 ἀρχιερέων
3382 4803 3762 4868 ἐκλειπόντων,

2197 4892 2443 4966 Ἡρώδης
2491 4892 2788 4964 ἀλλόφυλος
2847 4893 3139 4966 βασιλεύει.
3200 4895 3399 4954 Chron.
3463 4897 3646 4968 pascit.
3708 4910 3763 4965 Ρ.

2187 4985 2312 5050 189,
2349 4985 2418 5039 Α.

2259 5073 2288 5126 b
2338 5073 2600 5148 Ἡρώδης,
2648 5075 2934 5148 Ἀνάνηλόν
2967 5060 3104 5131 τινα.
3127 5077 3623 5151 μεταπεμψάμενος
3658 5076 3766 5132 ἀπὸ

2187 5165 2524 5232 Βαϐυλῶνος,
2568 5167 2848 5222 Ἰουδαίων
2887 5169 3150 5243 ἀρχιερέα
3192 5168 3500 5241 καθίστησι.
3540 5171 3674 5224 Μετ’
3701 5169 3764 5221 οὐ

2189 5259 2324 5314 πολὺ
2363 5259 2456 5324 δὲ,·
2485 5258 2672 5314 τοῦτον
2712 5259 2943 5327 παύσας,
2986 5262 3389 5334 Ἀριστόϐουλον
3418 5262 3510 5315 τὸν
3539 5260 3765 5330 ἀδελφὸν

2186 5353 2287 5424 τῆς
2329 5351 2521 5406 ἑαυτοῦ
2567 5353 2844 5422 γυναικὸς,
2887 5353 3003 5407 υίδν
3043 5353 3172 5408 ὄντα
3219 5353 3511 5426 Ὑρκανοῦ,
3541 5353 3636 5408 ἐπὶ
3665 5351 3764 5423 τὴν

2187 5445 2353 5516 τιμὴν
2386 5445 2634 5516 προάγει.
2684 5447 2961 5500 Ἐνιαυτοῦ
2988 5446 3046 5500 δὲ
3068 5445 3471 5517 διαγενομένου,
3505 5445 3666 5501 πάλιν
3686 5441 3765 5514 τῷ

2201 5534 2476 5606 Ἀνανήλῳ
2535 5536 2847 5603 ἀποδίδωσι,
2915 5536 3006 5590 τὸν
3076 5536 3485 5610 Ἀριστόϐουλον
3535 5534 3761 5592 ἀνελών.

2190 5626 2339 5682 Idem
2371 5643 2425 5697 p.
2451 5628 2576 5692 190,
2606 5628 2672 5692 Β,
2700 5637 2752 5683 et
2780 5628 2939 5700 Sync.
2967 5644 3020 5697 ρ.
3051 5629 3177 5692 5H,
3214 5628 3264 5683 Ι)

2257 5735 2285 5774 c
2318 5719 2624 5789 Αὔγουστος
2669 5721 2833 5786 πεζὸν
2868 5720 3234 5793 ἐθριάμϐευσε
3273 5719 3562 5794 θρίαμδον.
3597 5717 3761 5791 Sync.

2184 5825 2236 5878 p.
2268 5809 2392 5874 505,
2418 5809 2485 5863 D.
