4158 6416
363 387 467 442 59.5
1585 381 2005 444 CHRONICORI

1949 384 2082 442 RUM
2115 385 2244 444 LIB.
2283 388 2346 442 ll.
3489 408 3591 459 520'

1237 677 1244 682 _
1341 616 1528 664 OLYIIP.
1582 624 1817 662 ABRAIIA-
1870 625 2110 665 ΛΕϐΥΡΤ..
2200 625 2318 667 ιω).
2474 627 2604 669 ROM.

1315 916 1526 930 -Ἧ

1639 695 1744 734 IIUS

1890 746 2049 834 Cleo-
2134 747 2377 807 Herodes
2450 751 2630 834 Augu-
2724 754 2816 834 Jb
2852 755 3085 834 Augusti
3127 766 3181 834 et
3221 762 3594 834 Antoniigter-

1897 827 2052 887 patra
2479 831 2598 877 stus
2720 827 2812 878 tia:
2853 827 3216 900 dissensionis
3277 831 3592 900 exordium,

408 882 769 974 _‘a‘Aptonius
796 881 1096 954 Cleopatrae
1133 893 1244 940 tra-
1315 916 1526 930 —-—--
1592 918 1804 974 π
1875 881 2088 974 "—3——
2156 917 2370 974 ---_——-
2441 921 2653 974 —_—_-—
2722 881 3397 974 quo’drepudi—ata—jsorore
3415 881 3596 958 Caesa:

368 952 446 1007 dit
473 955 745 1011 Arabiam.
929 952 945 954 ⁷
1618 958 1758 1014 1987
1933 955 1997 1010 21

1953 956 1997 1010 ιι
2256 959 2291 1012 4
2506 961 2574 1016 η
2714 952 2792 1018 ris
2815 952 3158 1036 Cleopatram
3168 952 3595 1028 ’άὶιῖίέὲὲιῖιῐᾶ-

433 1092 679 1182 gulisque
707 1097 774 1152 ad
803 1097 1142 1182 Cleopatram
1174 1095 1299 1182 _P_to-
1374 1075 1511 1145 188
1624 1097 1759 1152 1988
1935 1095 2007 1149 22

1952 1095 2007 1149 22
2264 1096 2298 1151 ὅ
2515 1099 2582 1154 15
2715 1047 3044 1182 Γθῐὲτιοῐ-ξιιε
3083 1109 3340 1182 ῐιῑρθίοιιεΔ
3364 1111 3594 1182 Augusti

364 1163 555 1241 lemzeni.
590 1163 678 1235 qui
708 1163 1294 1241 vocabanturLagidze,
2722 1181 2845 1241 post
2864 1178 3138 1230 Actiacam
3154 1163 3594 1237 victoriami'bau;

367 1235 421 1286 in
461 1234 693 1314 Αἰξωηο
739 1246 1098 1314 regpaverunt
1142 1234 1298 1291 annis
2719 1234 2893 1313 i‘ragio
2921 1247 3081 1314 perit.

362 1317 492 1357 ccxc
531 1304 628 1376 [αι.
660 1304 870 1378 ccxcv].

426 1500 642 1572 Egypti
679 1485 926 1570 regnum,
960 1504 1106 1574 quod
1137 1503 1239 1558 fuit
1265 1503 1321 1556 in
1350 1498 1698 1565 Alexandria,
1731 1501 2070 1556 destructum
2106 1505 2208 1569 est,
2242 1511 2297 1560 et
2328 1504 2585 1560 Romanis
2606 1515 2805 1575 paruit.

431 1592 466 1644 d
493 1595 781 1666 CleOpatra
819 1603 873 1652 et
901 1595 1169 1651 Antonius
1216 1603 1387 1650 semet
1421 1594 1775 1657 interficiunt,
1814 1599 1869 1648 et
1911 1591 2181 1665 Egyptus
2220 1591 2281 1650 ﬂt
2312 1592 2562 1653 Romana
2609 1601 2888 1670 provincia
2926 1621 2940 1658 :
2973 1619 3138 1675 quam
3169 1607 3380 1676 primus
3406 1609 3589 1667 tenuit

360 1689 522 1745 Caius
564 1689 849 1746 Cornelius
876 1690 1082 1755 Gallus,
1111 1691 1177 1744 de
1199 1705 1308 1760 quo
1337 1688 1598 1759 Virgilius
1621 1689 1811 1745 scribit
1846 1689 1903 1744 in
1932 1689 2219 1746 Bucolicis.

428 1781 591 1836 Gesta
657 1791 785 1837 sunt
830 1783 897 1836 ab
940 1782 1183 1852 Augusto
1213 1771 1353 1836 bella
1383 1800 1396 1835 :
1422 1781 1742 1848 Mutinense,
1775 1799 1883 1855 quo
1928 1799 2025 1854 per
2066 1784 2216 1837 illum
2251 1784 2318 1839 ab
2353 1786 2638 1844 obsidione
2668 1788 2885 1846 Antonii
2933 1792 3140 1850 Brutus
3167 1795 3428 1852 liberatus
3464 1808 3580 1866 est;

356 1872 498 1941 apud
528 1869 834 1936 Perusium,
869 1870 1078 1926 Tusciae
1109 1871 1405 1938 civitatem,
1437 1872 1722 1929 adversum
1754 1873 1816 1928 L.
1846 1875 2141 1930 Antonium
2176 1877 2394 1932 Antonii
2421 1879 2639 1934 fratrem
2667 1884 2975 1951 consulem;
3002 1885 3398 1955 Pharsalicum,
3439 1893 3584 1961 apud

357 1965 655 2036 Philippos,
683 1965 1008 2020 Macedoniae
1057 1966 1268 2032 urbem,
1312 1967 1602 2022 adversum
1635 1968 1861 2024 Brutum
1906 1977 1961 2026 et
2004 1971 2253 2026 Cassium
2289 1971 2666 2031 interfectores
2694 1976 2961 2046 Caesaris;
2994 1979 3257 2045 Siculum,
3294 1983 3581 2039 adversum

358 2061 580 2115 Sextum
604 2061 919 2130 Pompeium
948 2060 1192 2133 Pompeii
1220 2061 1418 2131 ﬁlium;
1449 2063 1754 2133 Actiacum,
1774 2065 2062 2128 adversum
2084 2067 2376 2123 Antonium
2411 2077 2467 2124 et
2493 2068 2869 2142 Cleopatram;
2893 2074 2985 2144 qui
3013 2075 3166 2132 locus
3198 2077 3252 2131 in
3287 2077 3448 2149 Epiro
3475 2084 3582 2136 est.

1441 2284 1635 2325 ouur.
1693 2285 1927 2326 ABBAHA~
2030 2275 2144 2326 ιω).
2300 2288 2428 2329 xou.

1747 2356 1852 2396 MUS

1998 2409 2172 2483 I-lcro-
2278 2411 2464 2483 Augu-

2035 2482 2133 2536 des
2303 2482 2422 2538 stus

1421 2576 1631 2588 *ι’-

1977 2578 2466 2594 ——‘_.——-

1747 2657 1882 2715 1989
2093 2658 2129 2714 ϐ
2339 2663 2409 2717 16

417 2789 448 2828 e
475 2773 659 2829 Caesar
682 2773 982 2844 appellatus
1014 2770 1310 2844 Augustus,
1339 2788 1368 2828 a
1390 2789 1499 2846 quo
1524 2773 1744 2832 Sextilis
1776 2775 1979 2832 mensis
2005 2777 2235 2849 Augusti
2260 2795 2458 2837 nomen
2488 2785 2714 2854 accepit.

420 2865 696 2938 Nicopolis
715 2867 866 2937 juxta
900 2868 1115 2922 Actium
1148 2871 1386 2935 condita,
1417 2878 1472 2926 et
1501 2885 1641 2943 agon
1675 2871 1867 2928 Actius
1894 2888 1962 2929 ex
1987 2889 2051 2930 eo
2073 2877 2418 2933 constitutus.

421 2957 450 3026 f
473 2957 701 3022 Quidam
728 2959 796 3012 ab
820 2959 922 3014 hoc
953 2960 1075 3014 loco
1099 2960 1333 3028 primum
1363 2977 1565 3017 annum
1597 2963 1826 3036 Augusti
1855 2967 2186 3021 monarcbiae
2209 2975 2526 3039 supputant.

308 3071 312 3075 -
420 3049 720 3105 Anaxilaus
741 3049 1041 3107 Larissaeus
1068 3048 1467 3124 Pythagoricus
1499 3061 1554 3110 et
1577 3069 1770 3127 magus
1807 3056 1876 3112 ab
1901 3056 2150 3128 Augusto
2177 3056 2324 3114 Urbe
2350 3057 2612 3132 Italiaque
2633 3059 2872 3132 pellitur.

1718 3174 1856 3231 1990
2067 3177 2100 3230 7
2317 3179 2380 3232 17

421 3309 451 3362 g
481 3289 614 3346 Cum
644 3292 849 3362 ingenti
887 3291 1166 3382 triumpho
1197 3301 1253 3349 et
1297 3309 1491 3366 pompa
1523 3295 1806 3369 Augustus
1847 3296 2076 3354 Romam
2107 3299 2406 3374 ingressus,
2436 3308 2492 3358 et
2531 3300 2830 3372 Cleopatrae
2869 3295 3023 3354 liberi
3069 3295 3163 3356 Sol
3191 3305 3244 3354 et
3271 3296 3424 3358 Luna
3455 3313 3580 3360 ante

349 3399 570 3440 currum
601 3384 719 3454 ejus
747 3383 914 3440 ducti.

416 3474 702 3530 Cornelius
734 3475 920 3532 Gallus
947 3474 1338 3548 Forojuliensis
1367 3487 1548 3552 poeta,
1576 3496 1608 3536 a
1639 3497 1747 3553 quo
1778 3482 2010 3553 primum
2036 3482 2332 3557 Egyptum
2374 3491 2576 3542 rectam
2609 3499 2773 3555 supra
2802 3482 3063 3548 diximus,
3110 3497 3246 3538 xun
3289 3482 3385 3557 [aL
3416 3485 3577 3561 Lxm]

349 3570 522 3624 tetatis
550 3582 661 3622 suae
691 3581 833 3622 anno
863 3570 1081 3640 propria
1109 3585 1167 3625 se
1192 3585 1358 3624 manu
1383 3571 1659 3626 interﬁcit.

419 3665 452 3716 h
484 3664 764 3746 Augustus
787 3663 973 3721 Romae
992 3666 1260 3736 plurimas
1285 3667 1358 3722 le-
1707 3667 1835 3726 1991
2056 3669 2091 3724 8
2301 3669 2370 3725 18
2682 3667 2806 3746 Indi
2840 3685 2938 3741 per
2968 3670 3175 3746 legatos
3219 3671 3288 3728 ab
3327 3671 3576 3746 Augusto

347 3750 441 3806 ges
469 3737 677 3790 statuit.
2601 3737 2898 3794 amicitiam
2929 3737 3220 3811 postulant.

417 3828 644 3885 Messala
673 3829 940 3886 Corvinus
964 3829 1172 3901 primus
1194 3829 1482 3902 praefectus
1512 3829 1643 3889 Urbi
1670 3830 1872 3899 Iactus,
1916 3841 2069 3890 sexto
2104 3832 2191 3889 die
2227 3832 2544 3903 magistratu
2587 3846 2647 3886 se
2685 3829 2975 3898 abdicavit,
3026 3833 3296 3890 incivilem
3335 3842 3575 3904 potesta-

348 3927 455 3974 tem
489 3935 547 3975 se
574 3935 695 3976 esse
723 3928 1060 3977 contestans.

417 4015 436 4066 i
463 4013 640 4070 Censu
690 4015 874 4071 Romae
918 4016 1382 4086 agitato,inventa
1403 4023 1530 4072 sunt
1562 4016 1759 4073 civium
1787 4015 2160 4074 Romanorum
2184 4013 2514 4089 quadragies
2564 4013 2735 4069 semel
2765 4012 2862 4086 [αι.
2894 4015 3232 4088 quindecies]
3263 4026 3490 4071 centena
3519 4024 3575 4071 et

347 4123 476 4186 1.va
500 4111 710 4186 millia._
766 4181 780 4186 _
1475 4117 1614 4186 {89
1723 4113 1865 4168 1992
2073 4115 2108 4171 9
2319 4111 2386 4167 19
2678 4110 2900 4186 _Theba2
2923 4112 3116 4168 civitas
3148 4111 3371 4184 IEgypti
3397 4129 3574 4184 usque

418 4179 657 4236 Colonia:
681 4180 945 4238 deductae.
1483 4179 1513 4185 “
1529 4179 1604 4186 ⁷⁷
2629 4179 2700 4236 ad
2731 4181 2908 4236 solum
2933 4189 3120 4237 erutae.

418 4335 625 4391 Tralles
655 4336 848 4391 civitas
877 4343 1188 4392 terraemotu
1218 4337 1606 4395 consederunt.

417 4426 637 4484 Marcus
673 4427 964 4484 Terentius
1003 4427 1176 4484 Varro
1205 4429 1564 4500 philosophus
1597 4445 1767 4501 prope
1794 4432 2200 4503 nonagenarius
2228 4429 2481 4485 moritur.

417 4519 691 4576 Munatius
720 4517 952 4577 Plancus
983 4523 1266 4580 Ciceronis
1292 4522 1616 4596 discipulus,
1649 4530 1837 4580 orator
1871 4526 2106 4582 habetur
2134 4523 2364 4596 insignis
2408 4541 2422 4578 :
2455 4521 2549 4594 qui
2579 4533 2701 4577 cum
2737 4519 2968 4576 Galliam
3009 4527 3222 4594 regeret
3261 4520 3568 4586 Comatam,

348 4610 673 4682 Lugdunum
706 4611 971 4668 condidit.

419 4808 452 4845 a
484 4789 760 4854 Ἀντώνιος
786 4789 1041 4862 Ἀραϐίαν
1068 4790 1386 4864 Κλεοπάτρᾳ
1408 4791 1712 4863 παρεδωκε.
1742 4787 1902 4864 Sync!
2007 4791 2059 4845 λι

1710 4836 1712 4844 .
1742 4787 1902 4864 Sync!
2007 4791 2089 4856 λις
2117 4794 2313 4866 ἡκατὰ
2350 4795 2565 4853 Ἀκτίαν
2593 4797 2836 4869 ἐκτίσθη.
2872 4795 3016 4851 Idem
3046 4811 3098 4865 p.
3130 4793 3254 4859 508,
3291 4792 3352 4850 Ο.

349 4893 400 4952 ρ.
439 4883 562 4948 508,
592 4882 659 4936 Α.
2079 4885 2108 4954 f
2149 4885 2424 4941 Ἐντεῦθέν
2463 4907 2606 4955 τινες
2649 4890 2938 4963 ἀριθμοῦσι
2973 4889 3034 4942 τὸ
3080 4887 3293 4958 πρῶτον
3319 4886 3436 4950 ἔτος
3461 4887 3571 4941 Αύ-

420 4975 449 5027 b
488 4975 630 5048 Πρὸς
674 4973 950 5028 Ἀντώνιον
985 4973 1266 5028 ἀνίσταται
1308 4972 1544 5046 πόλεμος
1577 4973 1908 5044 Αὐγούστου.
2009 4978 2235 5054 γούστου
2281 4982 2594 5052 μοναρχίας.
2645 4981 2867 5036 Ibidem.
2916 4982 2978 5034 0i
3015 4978 3072 5032 δὲ
3109 4980 3166 5031 ὲν
3203 4976 3574 5048 Ἀλεξανδρείᾳ

349 5068 498 5124 Idem
522 5089 575 5140 p.
605 5070 728 5137 5H,
761 5069 824 5125 A.
2011 5061 2118 5120 ἀπὸ
2139 5067 2230 5121 τοῦ
2256 5068 2314 5120 ιδ’
2335 5069 2488 5134 ἔτους
2516 5071 2806 5143 ἀριθμοῦσι
2832 5072 2958 5134 τοὺς
2984 5067 3292 5136 Αὐγούστου
3320 5067 3568 5139 χρόνους.

418 5181 445 5216 c
472 5165 647 5235 Μέχρι
677 5163 826 5217 τοῦδε
859 5163 906 5216 οἱ
939 5161 1184 5230 Δαγίδαι.
1219 5159 1366 5215 Idem
1393 5175 1444 5229 p.
1466 5159 1593 5226 -508,
1629 5158 1692 5215 C.
2015 5155 2060 5209 It

859 5163 906 5216 οἱ
939 5161 1184 5230 Δαγίδαι.
1219 5159 1366 5215 Idem
1393 5175 1444 5229 p.
1466 5159 1593 5226 508,
1629 5158 1692 5215 Ο.
2015 5155 2162 5211 Idem
2187 5175 2240 5228 p.
2272 5159 2395 5223 3H,
2425 5160 2486 5216 C.

416 5253 451 5304 d
496 5252 770 5315 Ἀντώνιος
801 5253 892 5306 καὶ
908 5251 1229 5323 Κλεοπάτρα
1255 5250 1639 5321 παραχρῶνται
1658 5247 1898 5313 ἑαυτούς.
2078 5265 2109 5319 g
2142 5249 2500 5322 Κλεοπάτρας
2531 5252 2723 5315 παῖδας
2756 5251 2942 5306 Ἥλιον
2969 5252 3060 5304 καὶ
3086 5249 3322 5322 Σελήνην
3335 5247 3570 5320 κατῆξεν
3644 5311 3650 5318 _

351 5343 496 5400 Idem
522 5360 574 5413 ρ.
615 5345 738 5409 511,
784 5347 852 5400 Α.
899 5345 1224 5413 Αὔγουστος,
1271 5341 1440 5396 ἐλθὼν
1491 5343 1571 5404 εὶς
1607 5341 1899 5411 Αἴγυπτον,
2008 5339 2087 5401 εἰς
2127 5339 2342 5411 Ῥώμην
2376 5340 2700 5411 Αὔγουστος,
2738 5341 2998 5414 θρίαμϐον
3027 5343 3113 5395 ἐπ’
3140 5343 3322 5405 αὐτοῖς
3353 5341 3569 5412 ἥδιστον

346 5440 535 5509 κρατεῖ
560 5437 656 5508 τῆς
680 5436 975 5505 Αἰγύπτου,
1005 5436 1102 5508 τὴν
1135 5435 1242 5488 τῶν
1270 5433 1618 5504 Πτολεμαίων
1657 5433 1901 5490 καθελὼν
2019 5428 2304 5502 Ῥωμαίοις
2332 5433 2714 5504 ἐνδειξάμενος.
2745 5432 2888 5488 Idem
2914 5451 2965 5502 p.
2998 5434 3121 5493 511.
3157 5433 3221 5488 Β.
3368 5513 3370 5515 γ

349 5527 640 5598 βασιλείαν,
673 5529 1034 5601 διαρκέσασαν
1072 5528 1213 5580 ἔτεσι
1242 5526 1387 5594 σιις’.
1408 5525 1601 5581 Chron.
1631 5525 1811 5594 pasch.
1842 5543 1895 5595 p.

2078 5521 2111 5573 Ιι
2137 5521 2438 5590 Αὔγουστος
2511 5525 2797 5595 Ῥωμαίοις
2849 5524 3252 5595 ἐνομοθέτησεν.
3306 5522 3456 5580 Idem
3510 5539 3561 5593 ρ.

351 5620 468 5678 192,
501 5621 571 5677 Β.
2004 5612 2130 5678 515,
2161 5613 2222 5670 C.

555 5661 571 5677 .
2004 5620 2130 5678 515,
2161 5620 2222 5670 (ἶ.

381 5620 758 5778 9ἓ”ἕκτά6ιος
773 5712 1077 5782 Αὔγουστος
1097 5707 1530 5782 προσηγορεύθη·
1553 5709 1645 5762 καὶ
1665 5710 1692 5760 ὁ
1720 5706 1902 5771 Σεξτί-
2074 5709 2093 5760 i
2121 5709 2406 5778 Τιμήσεως
2447 5709 2741 5781 γενομένης
2784 5711 2841 5762 ὲν
2901 5709 3109 5783 Ῥώμῃ,
3169 5709 3571 5784 ἀπεγράφησιν

345 5813 455 5864 νιος
489 5803 595 5867 μὴν
615 5803 814 5865 ὁμοίως
839 5802 998 5866 αὐτὸς
1023 5800 1381 5870 ἀνηγορεύθη.
1411 5799 1634 5852 Ibidem.
1666 5797 1901 5851 Νικόπο-
1955 5880 1961 5882 Ἴ
2013 5800 2297 5870 Ῥωμαίων
2315 5802 2569 5872 μυριάδες
2607 5801 2716 5867 υις¹
2748 5802 2842 5858 καὶ
2870 5802 2932 5866 ,6.
2958 5803 3188 5868 Ibidem,
3214 5799 3282 5855 υ.
