4158 6498
454 387 558 443 533
1692 374 2192 442 CHRONICOBUM
2232 373 2361 430 LIB.
2405 373 2466 429 ll.
3602 361 3700 421 ⁸551

464 545 893 562 __._._._
910 526 3695 558 _________________________________.——_.————————-

1557 659 1750 700 ΟΙ-ΫΜΡ.
1829 655 2089 696 CHRISTUS
2159 654 2276 692 ιω).
2455 652 2587 692 ROI.

2144 750 2318 806 Hero-
2389 751 2646 808 Tiberius

2152 823 2249 878 des

519 970 721 1027 Caius"
749 973 973 1028 Asinius
1013 972 1199 1028 Gallus
1222 1014 1236 1036 ,
1284 977 1503 1034 orator,
2281 979 2313 1014 a
2341 958 2428 1016 Ill.
2461 955 2785 1012 TIBERIUS
2812 958 3109 1030 imperator
3136 960 3298 1015 annis
3332 978 3470 1018 nul

451 1042 622 1112 Asinii
663 1041 922 1100 Pollionis
951 1045 1112 1106 ﬁlius,
1153 1044 1319 1112 cujus,
1339 1042 1499 1100 etiam
1542 1105 1548 1111 _
1970 1108 1979 1112 _
2155 1097 2475 1112 --κωκυ
2513 1106 2523 1112 .
2569 1105 2579 1112 .
2717 1097 2729 1112 .
2924 1099 2935 1110 .

455 1110 710 1182 Virgilius
761 1097 1192 1178 "imminutis
1218 1097 1248 1167 ἐι
1279 1097 1500 1168 Tiberio
1542 1105 1548 1111 '
1677 1144 1682 1150 .
1964 1108 1992 1158 υ
2032 1102 2097 1160 lll

1489 1127 1500 1162 ι
1542 1105 1548 1111 ’
1677 1144 1682 1150 -
1964 1108 1992 1158 b
2032 1102 2122 1162 111.
2155 1097 2481 1157 HERODES
2510 1097 2783 1155 tetrarcha
2812 1099 2970 1154 annis
2999 1106 3131 1154 ΠΝ

451 1183 732 1254 suppliciis
773 1194 1019 1240 necatur.

1891 1270 1961 1324 15
2209 1267 2235 1318 1
2498 1262 2523 1315 1

1892 1339 1961 1393 16
2210 1335 2247 1389 2
2502 1332 2540 1385 2

1541 1393 1678 1461 199
1895 1411 1964 1462 l7
2217 1406 2252 1458 5
2506 1403 2541 1456 5

529 1485 712 1559 Livius
776 1485 1252 1559 historiographus
1303 1483 1512 1538 Patavii
1903 1480 1970 1533 18
2221 1477 2256 1529 4
2504 1473 2540 1527 4
2648 1551 2661 1559 Α
2705 1471 3088 1559 _Germanicus
3150 1473 3336 1530 Caesar
3373 1477 3440 1532 de
3490 1477 3707 1535 Parthis

452 1557 700 1614 moritur.
847 1544 909 1546 Π
1015 1544 1043 1559 ’³
1112 1544 1130 1557 ³
2647 1544 2964 1613 triumphat.

518 1729 545 1766 c
574 1709 998 1779 Quatuordecim
1030 1707 1106 1778 (l)
1136 1706 1313 1762 urbes
1343 1709 1656 1759 terrmmotu
1698 1706 2046 1766 corruerunt,
2084 1697 2351 1769 Ephesus,
2410 1697 2710 1768 Magnesia,
2769 1696 2980 1761 Sardis,
3024 1698 3326 1766 Mosthene,
3372 1699 3542 1772 Egon,
3575 1702 3706 1758 llic-

449 1820 769 1869 rocaasarea,
801 1801 1198 1870 Philadelphia,
1227 1797 1475 1860 Tmolus,
1507 1793 1769 1861 Temnus,
1793 1792 1981 1864 Cyme,
2017 1791 2272 1862 Smyrna,
2303 1790 2614 1860 Apollonia,
2647 1791 2766 1859 Dia,
2804 1789 3099 1862 Hyrcania.

517 1895 747 1952 Ovidius
777 1901 938 1964 poeta
975 1893 1028 1945 in
1047 1889 1240 1946 exsilio
1268 1887 1429 1958 perit,
1461 1892 1516 1942 et
1539 1885 1692 1957 juxta
1721 1883 1980 1956 oppidum
2021 1881 2221 1938 Tomos
2241 1880 2538 1952 (sepelitur.

516 2115 855 2178 Fenestella,
907 2051 1076 2168 hi-R°
1119 2045 1494 2116 DCCLXX'
2491 2034 2528 2158 ἓ

447 2187 741 2267 storiarum
772 2184 1005 2255 scriptor
1016 2193 1069 2239 et
1091 2182 1418 2282 carminum,
1435 2193 1520 2282 s'e-
1551 2213 1690 2282 200

450 2257 786 2326 ptungesimo
832 2246 974 2309 anno
1016 2254 1270 2318 moritur,
1321 2251 1515 2322 sepeli-
1551 2246 1690 2282 ‘UU
1903 2250 1968 2305 21
2219 2249 2250 2301 7
2505 2246 2536 2299 7

448 2324 645 2398 torque
673 2324 883 2382 Cumis.

517 2480 768 2536 Tiberius
795 2479 995 2536 mtitos
1025 2494 1182 2550 reges
1208 2477 1276 2534 ad
1306 2494 1365 2534 se
1389 2493 1487 2548 per
1514 2476 1811 2534 blanditias
1840 2484 2100 2534 evocatos
2138 2491 2422 2547 nunquam
2452 2475 2664 2531 remisit
2689 2493 2704 2528 ει
2728 2476 2782 2530 ἰιι
2804 2475 3006 2546 quibus
3028 2483 3082 2531 et
3115 2475 3444 2532 Archelaum
3475 2474 3694 2549 Cappa-

445 2577 655 2642 docem,
686 2575 844 2646 cujus
893 2590 1062 2648 regno
1099 2575 1156 2629 in
1188 2575 1526 2646 provinciam
1554 2589 1736 2641 verso,
1771 2572 2048 2628 Mazacam
2093 2571 2496 2628 nobilissimam
2532 2570 2838 2634 civitatem,
2862 2569 3170 2626 Caesaream
3208 2572 3474 2644 appellari
3502 2573 3692 2643 jussit.

1885 2667 1957 2722 22
2210 2668 2244 2723 8
2490 2664 2524 2735 8
2701 2664 2735 2718 ά
2768 2662 3014 2735 Pompeii
3064 2665 3332 2720 theatrum
3387 2667 3696 2722 incensum-

513 2756 543 2794 e
582 2739 837 2796 Tiberius
886 2738 1125 2796 Drusum
1181 2744 1496 2794 consortem
1884 2737 1958 2793 25
2211 2739 2245 2793 9
2493 2734 2528 2788 9

444 2811 595 2865 reirni
631 2811 780 2865 facit.

563 2897 722 2937 rusus
750 2882 933 2937 Caesar
963 2894 1170 2936 veneno
1205 2881 1362 2950 perit.
1884 2878 1956 2934 24
2175 2878 2243 2933 10
2461 2875 2527 2930 16

513 2974 542 3043 ι’
561 2971 845 3044 Philippus
874 2971 1152 3027 tetrarcha
1183 2971 1239 3027 in
1264 2970 1423 3045 Syria
1451 2973 1714 3030 Phoenice
1758 2971 2037 3029 civitatem
2079 2971 2346 3036 condidit,
2371 2985 2494 3040 quae
2533 2985 2680 3024 nunc
2703 2968 2908 3024 dicitur
2943 2967 3244 3033 Paneades,
3279 2969 3335 3024 in
3377 2986 3484 3042 qua
3525 2972 3698 3041 pluri-

444 3082 561 3123 mas
588 3066 734 3122 aedes
764 3073 1169 3129 construxerat,
1198 3081 1362 3136 quam
1387 3074 1520 3123 tunc
1570 3067 1878 3124 Casaream
1904 3065 2168 3139 _Pbilippi
2197 3063 2433 3121 vocavit.
2497 3063 2563 3118 Et
2588 3060 2860 3117 Juliadem
2896 3061 3040 3118 idem
3090 3060 3370 3132 Philippus
3420 3063 3700 3118 tetrarcha

443 3158 606 3212 aiam
633 3156 912 3214 civitatem
935 3154 1200 3212 condidit.

511 3311 580 3379 Q.
617 3310 896 3374 Haterius,
927 3321 1214 3381 promptus
1247 3317 1302 3366 et
1319 3325 1497 3383 popu-
1531 3315 1663 3383 201
1887 3310 1960 3367 25
2173 3311 2235 3366 11
2456 3311 2513 3364 11
2707 3309 2930 3366 Servius
2991 3309 3260 3383 Plautus.
3287 3310 3530 3383 corrupti
3600 3311 3696 3366 lilii

441 3383 574 3438 laris
609 3389 817 3448 orator,
842 3379 1018 3451 usrjue
1035 3379 1102 3434 ad
1120 3379 1566 3452 nonage’sil’uum”
1592 3379 1614 3383 θ
1643 3379 1654 3382 ⁷
2627 3398 2780 3449 reus,
2815 3388 2987 3436 semet
3015 3381 3068 3435 in
3089 3380 3302 3450 judicio
3340 3379 3622 3435 interﬁcit.

441 3468 614 3524 prope
662 3467 868 3524 annum
922 3454 981 3508 in
1038 3467 1252 3510 summo
1298 3454 1507 3505 honore
1895 3521 1948 3524 _7
2219 3523 2229 3524 ί
2464 3522 2508 3524 Α
2758 3523 2780 3524 7
3302 3517 3306 3520 _

441 3518 812 3580 consenescit.
1887 3521 1959 3596 eo
2173 3523 2246 3596 {12
2456 3522 2524 3596 12
2644 3523 2966 3596 MgPilatus
3019 3518 3350 3596 pprocuratt'lr
3405 3518 3608 3575 Iudaea:
3663 3538 3695 3575 a

1889 3593 1961 3652 27
2168 3593 2238 3647 15
2453 3593 2522 3647 15
2643 3593 2864 3650 Tiberio
2893 3594 3148 3646 mittitur.
3271 3595 3275 3598 ’

517 3663 782 3719 Votienus
800 3661 1108 3726 Montanus,
1125 3661 1498 3718 Narbonensis
1888 3663 1960 3718 28
2168 3665 2243 3718 14-
2454 3664 2524 3716 14
2709 3665 2741 3718 Ιι
2775 3663 3018 3719 Herodes
3041 3663 3316 3716 civitatem
3350 3659 3695 3717 Tiberiadcm

441 3734 936 3827 9:?!95__i33_.l3_a1?3-
955 3753 1042 3826 R.
1073 3753 1503 3827 DCCLXXX.
1533 3755 1676 3826 202
1887 3734 1960 3791 99

2168 3733 2238 3791 15
2451 3735 2520 3789 15
2639 3735 2906 3819 condidit,
2934 3748 3096 3827 gnam
3113 3733 3498 3827 Aob'lgtonorem
3529 3731 3697 3827 :I‘Iibe:

441 3809 593 3864 ribus
615 3805 811 3860 insulis
829 3801 1042 3857 m0-"'
1073 3801 1503 3827 νυ⁹”⁴““““
1535 3801 1676 3826 ⁸υ⁸
2638 3807 2702 3861 rii
2745 3801 3066 3865 nominavit,
3110 3810 3164 3858 et
3202 3801 3483 3859 Liviadem
3529 3804 3697 3858 aliam

441 3879 601 3942 ritur,
627 3892 659 3931 a
684 3875 905 3931 Tiberio
930 3871 1042 3928 illic
1067 3874 1360 3944 relegatus.
2640 3875 2885 3932 condidit
2909 3875 3206 3930 civitatem.

508 3990 785 4049 iJoannes
822 3991 966 4047 ﬁlius
999 3991 1280 4048 Zacharia:
1301 3994 1355 4048 in
1384 3994 1602 4051 deserto
1623 3996 1780 4066 juxta
1807 3997 2102 4055 Jordanem
2151 3996 2378 4054 ﬂuvium
2412 3997 2742 4070 praedicans,
2766 3995 3044 4052 Christum
3073 3993 3275 4050 Filium
3309 3993 3402 4051 Dei
3427 3995 3484 4049 in
3515 3995 3697 4049 medio

437 4098 630 4139 eorum
679 4083 872 4139 adesse
899 4090 1147 4140 testatur.
1189 4082 1311 4154 Ipse
1337 4101 1557 4157 quoque
1582 4087 1846 4147 Dominus
1877 4088 2038 4146 Jesus
2069 4088 2323 4146 Christus
2352 4090 2480 4145 hinc
2514 4091 2568 4144 in
2599 4090 2832 4160 populos
2873 4089 3168 4144 salutarem
3205 4086 3350 4141 viam
3381 4086 3694 4148 annuntiat,

439 4178 610 4250 simis
639 4187 800 4250 atque
826 4177 1118 4234 virtutibus
1147 4194 1276 4234 vera
1305 4183 1673 4252 comprobans
1701 4199 1846 4247 esse,
1876 4200 2000 4255 quae
2032 4184 2264 4239 diceret.
2295 4182 2698 4254 Computantur
2735 4181 2791 4235 in
2818 4188 3138 4251 praesentem
3174 4194 3403 4242 annum,
3437 4177 3490 4232 id
3519 4185 3604 4232 est
3627 4193 3697 4232 xv

437 4268 640 4326 Tiberii
672 4268 925 4336 Caesaris,
958 4285 990 4324 a
1025 4270 1268 4326 secundo
1293 4286 1439 4328 anno
1475 4275 1895 4331 instaurationis
1931 4277 2140 4345 templi,
2176 4289 2299 4346 quae
2337 4274 2482 4328 facta
2510 4283 2596 4329 est
2619 4273 2726 4328 sub
2753 4273 2926 4328 altero
2953 4287 3097 4325 anno
3140 4270 3286 4324 Darii
3328 4271 3471 4340 regis
3498 4268 3693 4325 Persa-

440 4376 582 4425 rum,
607 4362 734 4416 anni
762 4377 987 4426 nxnvili.
1011 4363 1058 4416 A
1089 4361 1382 4420 Salomone
1435 4375 1640 4432 autem,
1671 4375 1725 4423 et
1769 4369 1945 4437 prima
1977 4367 2338 4424 aediﬁcatione
2366 4369 2576 4438 templi,
2615 4367 2742 4422 anni
2771 4366 2921 4421 mille
2950 4381 3019 4420 Lx
3051 4363 3150 4436 [aL
3189 4362 3303 4436 XL].
3344 4363 3392 4416 A
3431 4363 3613 4434 Moyse
3643 4378 3698 4424 et

438 4469 688 4524 regressu
731 4453 952 4510 Israelis
992 4471 1059 4510 ex
1106 4456 1361 4528 IEgypto,
1392 4459 1522 4513 anni
1566 4476 1830 4516 unxxxu.
1857 4459 1940 4516 Ab
1989 4461 2263 4517 Abraham
2309 4469 2364 4518 et
2403 4477 2575 4532 regno
2609 4459 2735 4515 Nini
2775 4468 2829 4515 et
2857 4453 3265 4524 Semiramidis,
3305 4459 3435 4512 anni
3466 4473 3694 4513 ιπηιγ-

438 4543 484 4598 A
513 4543 716 4598 diluvio
740 4560 916 4614 usque
952 4545 1019 4601 ad
1035 4545 1329 4616 Abraham,
1359 4549 1487 4603 anni
1513 4565 1781 4606 ncccxul.
1817 4552 1901 4608 Ab
1929 4552 2102 4608 Adam
2132 4569 2308 4624 usque
2337 4553 2406 4608 ad
2427 4553 2717 4617 diluvium,
2751 4551 2882 4606 anni
2911 4560 3208 4606 nuccxut.‘

507 4720 541 4756 a
586 4700 874 4772 Ῥωμαίων
899 4701 950 4770 γ’
981 4702 1248 4776 μόναρχος
1290 4703 1541 4775 Τιϐέριος
1565 4704 1660 4776 ἐτη
1711 4703 1817 4776 κγ’.
1849 4704 2010 4776 Sync.
2115 4706 2338 4778 σάρειαν
2366 4707 2633 4761 Φιλιππου
2655 4679 3202 4778 προσωνόμασεν.
3236 4704 3398 4770 αὐτὸς
3434 4704 3694 4761 Ἰουλιάδα

435 4810 489 4865 p.
520 4795 645 4860 519,
678 4794 748 4850 Α.
1371 4833 1383 4845 .

2113 4799 2422 4870 ἀνήγειρεν.
2455 4798 2680 4852 Ibidem.
3189 4835 3195 4861 _-

506 4889 537 4944 b
575 4887 842 4942 Ἰουδαίων
872 4892 919 4953 γ’
955 4886 1206 4958 Ἡρώδης
1237 4887 1332 4960 ἔτη
1359 4887 1437 4942 κδ’
1469 4929 1482 4943 .
1523 4887 1750 4945 Ibidem.
2181 4909 2213 4962 g
2243 4892 2492 4961 Τιϐέριος
2548 4891 2774 4944 Πόντιον
2830 4889 3060 4944 Πιλᾶτον
3112 4890 3356 4962 ἡγεμόνα
3403 4889 3504 4959 τῆς
3562 4889 3694 4942 Ἰου-

507 4997 533 5034 c
564 4979 630 5033 ἰδ’
654 4977 836 5040 πόλεις
853 4975 1393 5048 κατετπώθησανίὲ),
1414 4979 1668 5048 Ἔφεσος,
1696 4978 2013 5050 Μαγνησία,
2111 4985 2266 5048 δαίας
2301 4982 2628 5054 ἐξέπεμψεν.
2660 4980 2884 5036 Ibidem.

437 5073 679 5145 Σάρδεις,
706 5065 984 5138 Μοστηνὴ,
1031 5067 1215 5135 Αἰγαὶ,
1259 5069 1706 5141 Ἱεροκαισάρεια,
1757 5070 2010 5124 Φιλαδελ-
2187 5077 2218 5130 lt
2263 5074 2508 5148 Ἡρώδης
2555 5074 2767 5128 ἔκτισεν
2801 5073 3093 5145 Τιϐεριάδα
3125 5076 3204 5148 εἰς
3237 5073 3407 5144 ὄνομα
3442 5073 3691 5144 Τιϐερίου

437 5165 555 5233 φία,
576 5162 824 5234 Τμῶλος,
867 5159 1104 5230 Τῆμνος,
1139 5160 1375 5230 Μυρῖνα,
1421 5161 1612 5234 Κύμη,
1659 5161 2013 5229 Ἀπολλωνία,
2116 5147 2414 5240 Καίσαρος.
2447 5165 2674 5221 Ibidem.
3184 5147 3188 5154 I

437 5256 555 5321 Δία,
600 5253 882 5326 Ὑρκανία.
912 5250 1139 5315 Ibidem,
1165 5250 1230 5303 Β·
2187 5258 2206 5310 i
2247 5257 2520 5329 Ἰωάννης,
2547 5257 2816 5329 Ζαχαρίου
2847 5257 2980 5324 υἱὸς,
3014 5258 3072 5310 ἐν
3114 5260 3180 5329 τῇ
3214 5258 3408 5329 ἐρήμῳ
3437 5255 3588 5330 παρὰ
3614 5255 3694 5328 τῷ

506 5348 542 5400 d
569 5347 857 5422 Πομπηΐου
909 5346 1134 5416 θέατρον
1176 5345 1512 5419 ἐνεπρήσθη.·
1536 5346 1684 5403 Idem
1707 5365 1759 5420 ρ.
1784 5349 1908 5413 520,
1941 5349 2006 5405 Β.
2133 5350 2370 5422 Ἰορδάνῃ
2424 5349 2656 5421 ποταμῷ
2685 5345 2848 5421 ἦλθεν
2903 5348 3384 5419 εὐαγγελιζόμενος
3414 5350 3472 5402 ἐν
3508 5348 3694 5419 μέσοις

505 5457 533 5495 ϐ
563 5439 833 5511 Τιδέριοςν
880 5437 1113 5511 Δροῦσον
1168 5437 1270 5505 τῆς
1322 5437 1500 5508 ἀρχῆς
1555 5440 1808 5495 κοινωνὸν
1841 5457 2010 5511 προσ-
2115 5441 2298 5505 αὐτοῖς
2337 5442 2436 5514 ἥδη
2481 5445 2733 5514 παρεῖναι
2794 5440 2885 5495 τὸν
2935 5432 3169 5513 Χριστὸν
3225 5443 3318 5496 τοῦ
3375 5441 3533 5496 Θεοῦ.
3585 5441 3694 5495 Καὶ

435 5530 749 5601 λαϐόμενος,
762 5530 901 5584 κατὰ
917 5529 1108 5601 μικρὸν
1133 5524 1210 5590 ὡς
1231 5528 1507 5602 φαρμάκῳ
1523 5531 1752 5585 ἀνεῖλεν.
1776 5530 2000 5586 Ibidem.

2111 5535 2273 5598 αὐτὸς
2313 5536 2342 5588 ὁ
2392 5535 2606 5607 Ἰησοῦςι
2667 5534 2919 5608 Χριστὸς,
2973 5553 3026 5590 κ.
3079 5551 3128 5588 τ.
3177 5535 3226 5588 λ.
3265 5533 3460 5591 Chron.
3511 5533 3697 5603 pascit.

508 5625 536 5693 f
560 5624 822 5687 Φίλιππος
864 5623 1188 5697 τετράρχης,
1221 5621 1496 5677 Παναιάδα
1526 5623 1840 5688 ἀνακτίσας,
1867 5626 2004 5678 Και-
2106 5640 2158 5692 p'
2189 5625 2312 5692 209,
2339 5626 2402 5680 Β.

507 5737 583 5813 (1)
611 5738 686 5813 Ita
711 5739 970 5813 antiquus
989 5739 1158 5794 codex
1197 5739 1318 5813 Vat.
1350 5739 1769 5813 quatuordecim,
1801 5755 1930 5805 non,
1951 5728 2016 5813 ut
2055 5742 2233 5813 vulgo,
2275 5741 2537 5797 tredecim.

505 5809 582 5880 (2)
623 5808 877 5871 Fortasse
899 5812 1005 5883 leg.
1040 5808 1439 5882 κατεπόθησαν,
1473 5810 1734 5880 absorpta‘
1769 5822 1908 5866 sunt.
1948 5811 2103 5869 Eon.
