4158 6492
373 438 483 495 545
1605 438 1939 498 CHRONICO

2024 438 2104 496 5M
2142 438 2270 496 LIB.
2310 440 2376 496 ll.
3513 447 3616 504 546

1482 695 1672 737 οιπικρ.
1729 698 1989 739 CHRISTUS
2073 699 2189 740 ιω).
2345 699 2454 739 ROI

2030 828 2224 898 Agrip-
2332 826 2473 881 Nero

2087 914 2156 968 pa

371 1033 456 1102 Β.
527 1033 895 1105 ncccxx.
1186 1089 1193 1096 .
1451 992 1662 1107 ’ΞΕ
1733 996 1939 1091 ἿςῑΓ

2024 997 2446 1091 ἛῙ-’ῐὶ

437 1229 502 1287 L.
534 1233 773 1291 Annaeus
809 1232 996 1300 Melas,
1033 1231 1254 1288 Senecae
1286 1233 1454 1289 frater
1480 1242 1534 1290 et
1557 1234 1850 1297 Gallionis,
1881 1235 2024 1290 bona
2051 1233 2259 1291 Lucani
2292 1238 2487 1308 p‘oetre,
2512 1238 2608 1293 ﬁlii
2639 1242 2750 1308 sui,
2781 1240 3045 1298 aNerone
3066 1251 3430 1313 promeretur.

442 1346 476 1384 a
507 1329 709 1384 Contra
744 1327 985 1395 Judaaos,
1018 1330 1113 1400 qui
1142 1328 1313 1384 Cesﬁi
1344 1327 1490 1382 Elori
1521 1329 1806 1382 avaritiam
1839 1344 1950 1383 non
1997 1327 2235 1386 ferentes
2266 1332 2623 1401 rebellabant,
2651 1332 3024 1405 Vespasianus
3049 1336 3314 1408 magister
3346 1339 3554 1394 militiae
3579 1355 3610 1394 a

362 1419 582 1478 Nerone
607 1425 1016 1493 transmittitur,
1051 1427 1150 1497 qui
1175 1429 1434 1498 plurimas
1463 1425 1663 1482 Judaeae
1691 1428 1852 1482 urbes
1886 1426 2053 1495 capit.

437 1514 466 1567 ὸ
493 1514 712 1572 Flavius
729 1516 997 1589 Josephus
1025 1521 1260 1589 scriptor
1288 1519 1608 1584 historicus,
1635 1519 1741 1573 dux
1776 1516 1901 1572 belli
1923 1515 2255 1586 Juda’a’orum,
2283 1518 2408 1574 cum
2440 1536 2472 1575 a
2492 1519 2753 1578 Romanis
2779 1522 3191 1579 interﬁciendus
3213 1533 3380 1591 esset,
3405 1525 3613 1598 Vespa-

366 1607 521 1663 siano
552 1611 880 1678 praenuntiat
907 1611 974 1666 de
1009 1619 1184 1666 morte
1209 1609 1460 1676 Neronis,
1497 1619 1552 1664 et
1580 1610 1697 1676 ejus
1721 1609 1973 1678 imperio.

436 1718 466 1758 ο
493 1702 654 1771 Nero,
684 1720 806 1759 cum
839 1722 870 1759 a
912 1716 1104 1761 senatu
1126 1712 1461 1776 quaereretur
1490 1702 1556 1756 ad
1585 1716 1822 1772 poenam,
1851 1717 1882 1755 e
1946 1700 2149 1770 palatio
2179 1699 2413 1772 fngiens,
2447 1704 2515 1759 ad
2549 1714 2807 1775 quartum
2840 1705 3002 1762 Urbis
3048 1707 3361 1762 milliarium
3393 1709 3448 1764 in
3480 1711 3612 1765 sub-

357 1775 578 1851 ‘urbano
625 1797 804 1852 liberti
832 1798 1090 1852 sisi-inter
1126 1798 1394 1851 Salariam
1437 1803 1489 1850 et
1524 1793 1914 1848 Nomentanam
1971 1793 2116 1848 viam
2152 1795 2505 1865 semetipsum
2536 1796 2832 1864 interﬁcit,
2869 1813 3015 1852 anno
3048 1799 3226 1855 aetatis
3271 1816 3386 1857 suae
3426 1817 3608 1872 xxxv,

362 1893 528 1958 atque
557 1888 613 1944 in
646 1902 711 1942 eo
739 1889 920 1942 omnis
953 1887 1183 1956 Augusti
1214 1885 1422 1938 familia
1445 1890 1825 1938 consummata
1857 1888 1960 1935 est.

434 1980 470 2034 εί
503 1980 632 2036 Post
663 1977 934 2034 Neronem
965 1978 1134 2032 Galba
1168 1979 1224 2031 in
1255 1975 1497 2040 Hiberia,
1524 1973 1776 2030 Vitellius
1804 1975 1858 2027 in
1897 1971 2210 2039 Germania,
2244 1971 2385 2029 Otho
2414 1973 2620 2044 Roma,
2657 1978 2945 2048 imperium
2969 1981 3336 2051 arripuerunt.

436 2072 654 2127 Marcus
684 2071 886 2126 Fabius
917 2069 1288 2136 Quintilianus
1316 2068 1544 2122 Romam
1578 2083 1608 2120 a
1640 2066 1806 2122 Galba
1838 2064 2177 2134 perducitur.

439 2181 467 2217 ε
491 2161 862 2232 Vespasianus
891 2162 1105 2217 duobus
1137 2161 1340 2231 praeliis
1366 2167 1654 2230 superatos
1673 2157 1890 2213 Judaeos
1920 2158 1987 2212 ad
2012 2173 2202 2214 muros
2227 2160 2510 2231 compulit.

435 2253 606 2309 Galba
648 2254 878 2323 septimo
906 2268 1093 2309 mense
1127 2253 1339 2324 imperii
1377 2253 1463 2307 sui
1491 2252 1544 2304 in
1573 2249 1752 2304 medio
1779 2249 2038 2305 Romanae
2069 2251 2220 2304 urbis
2254 2250 2370 2306 foro
2405 2252 2586 2323 capite
2615 2260 2924 2310 truncatur.

436 2344 579 2400 Otho
610 2346 770 2401 tertio
805 2346 956 2416 regni
987 2345 1070 2400 sui
1103 2360 1289 2400 mense
1307 2344 1450 2414 apud
1483 2341 1795 2397 Vetriacum
1827 2340 1934 2412 [αι.
1959 2340 2308 2414 Bebriacum]
2339 2344 2560 2412 propria
2591 2360 2758 2400 manu
2789 2348 3068 2406 occubuit.

429 2437 700 2503 Vitellius,
731 2453 761 2491 a
799 2423 1120 2507 Vespasiani
1170 2437 1402 2492 ducibus
1452 2436 1691 2502 occisus,
1729 2434 1784 2488 in
1820 2433 2057 2489 Tiberim
2092 2435 2395 2504 projicitur,
2436 2445 2628 2494 octavo
2664 2455 2854 2499 mense
2906 2443 3116 2516 imperii
3141 2445 3249 2516 sui,
3271 2453 3324 2503 et
3349 2448 3438 2506 die
3471 2465 3604 2509 uno.

319 2595 322 2597 Α
433 2531 623 2596 Galba,
651 2531 811 2600 Otho,
843 2532 1115 2599 Vitellius,
1151 2537 1516 2604 regnaverunt
1538 2545 1684 2585 anno
1712 2544 1843 2592 uno,
1868 2527 2149 2584 mensibus
2180 2543 2293 2585 sex.

430 2623 458 2691 f
487 2621 791 2681 Antiochia:
825 2623 1104 2682 secundus
1133 2624 1424 2697 episcopus
1448 2623 1736 2682 ordinatur
1761 2623 2022 2697 lgnatius.

1797 3055 1867 3109 70

2151 2820 2182 2873 g
2211 2803 2326 2858 Vll.
2395 2801 2872 2865 VESPASIANUS
2906 2810 3064 2868 annis
3091 2826 3170 2878 ιχ,
3203 2815 3488 2873 mensibus
3519 2831 3600 2881 ιι,

2252 2894 2446 2953 diebus
2470 2897 2606 2954 x'xn.

2081 3054 2153 3110 25
2401 3059 2428 3112 1

424 3210 459 3264 It
486 3208 855 3278 Vespasianus
889 3207 1032 3278 apud
1056 3207 1303 3264 Judaeam
1338 3208 1636 3279 imperator
1663 3211 1733 3268 ab
1757 3209 2007 3268 exercitu
2040 3212 2367 3285 appellatus,
2391 3219 2446 3271 et
2490 3211 2693 3270 bellum
2734 3211 2858 3270 Tito
2889 3213 3002 3270 ﬁlio
3031 3216 3451 3286 commendans,
3480 3217 3598 3276 Ro-

356 3323 502 3365 mam
533 3322 629 3378 per
653 3304 1038 3362 Alexandriam
1070 3305 1461 3378 proﬁciscitur.

421 3465 752 3540 Capitolium
780 3467 964 3536 Romae
992 3468 1298 3525 incensum.
1795 3470 1857 3527 7i

2073 3470 2144 3526 26
2388 3473 2425 3527 2

423 3669 654 3737 iTitus,
686 3663 872 3724 Iudaea
913 3673 1071 3738 capta
1116 3675 1169 3723 et
1211 3666 1601 3739 Hierosolymis
1633 3667 1944 3736 subversis,
1977 3678 2043 3723 nc
2077 3669 2246 3724 millia
2293 3670 2538 3724 virorum
2587 3666 2863 3724 interﬁcit.
2907 3665 3178 3738 Iosephus
3225 3680 3358 3723 vero
3407 3667 3602 3727 scribit

353 3761 612 3817 undecies
643 3770 875 3817 centena
901 3761 1072 3814 millia
1103 3761 1245 3815 fame
1276 3767 1329 3814 et
1370 3759 1550 3831 gladio
1583 3760 1835 3829 periisse,
1867 3767 1922 3815 et
1953 3761 2059 3815 alia
2088 3770 2305 3817 centum
2335 3761 2504 3816 millia
2533 3763 2875 3831 captivorum
2908 3760 3126 3832 publice
3158 3760 3489 3816 venundata.
3527 3757 3600 3817 Ut

350 3861 531 3908 autem
566 3860 718 3908 tanta
743 3851 1038 3907 multitudo
1067 3851 1463 3922 Hierosolymis
1493 3851 1850 3920 reperiretur,
1879 3869 2106 3910 causam
2135 3858 2448 3924 azymorum
2479 3851 2652 3908 fuisse
2675 3854 2842 3909 refert
2866 3862 2880 3908 ἑ
2911 3853 2982 3908 ob
3010 3865 3133 3922 quae
3159 3864 3223 3908 ex
3255 3852 3405 3907 omni
3439 3859 3601 3924 gente

348 3939 520 3999 Judaei
545 3944 612 3999 ad
643 3943 902 4013 templum
925 3941 1282 4009 conﬂuentes,
1317 3941 1448 3996 urbe
1480 3943 1638 4012 quasi
1668 3958 1894 4001 carcere
1949 3953 2081 4002 sunt
2125 3943 2341 4000 reclusi.
2381 3941 2633 4015 Oportuit
2663 3943 2809 4000 enim
2838 3944 2895 4000 in
2924 3944 3010 4001 his
3037 3943 3230 4002 diebus
3260 3942 3484 4000 Paschac
3502 3959 3599 4002 eos

351 4040 608 4110 interﬁci,
631 4041 687 4095 in
712 4039 911 4112 quibus
947 4036 1286 4093 Salvatorem
1313 4037 1722 4094 cruciﬁxerant.

419 4259 453 4296 a
489 4239 728 4293 Ἰουδαῖοι
758 4235 1042 4306 Ῥωμαίων
1071 4232 1384 4305 ἀπέστησαν
1405 4235 1498 4288 ἐπὶ
1525 4235 1745 4290 Γεστίου
1771 4236 1917 4291 Φλώ-

349 4348 445 4407 ρου
477 4331 565 4384 διὰ
597 4327 904 4392 πλεονεξίαν
947 4323 1111 4380 αὐτοῦ
1145 4324 1380 4398 ἄμετρον
1399 4344 1411 4357 ·
1445 4329 1528 4396 ἐφ’
1561 4327 1652 4392 οὒς
1679 4331 1706 4383 ὁ
1727 4329 1917 4400 Νέρων

345 4420 754 4480 Οὐεσπασιανὸν
820 4416 1295 4490 στρατοπεδάρχην
1363 4419 1688 4491 ἐξέπεμψεν.
1767 4420 1916 4474 Idem

347 4529 400 4586 ρ.
427 4515 550 4579 536,
580 4512 650 4567 D.

418 4607 447 4661 b
484 4605 714 4668 Φλάϐιος
764 4603 1069 4676 Ἱώσηππος
1119 4604 1500 4677 συγγραφεὺς,
1540 4602 1919 4673 στρατηγήσας

346 4698 488 4770 ὑπὲρ
523 4691 801 4750 ’Ἰουδαίων
820 4734 835 4758 ,
885 4696 980 4750 καὶ
1015 4695 1223 4766 μέλλων
1253 4696 1332 4758 είς
1363 4693 1453 4747 τὸν
1486 4693 1720 4764 πόλεμον
1765 4694 1918 4746 ἀναι-

354 4787 559 4860 ρεῖσθαι
583 4827 602 4854 ,
650 4784 893 4850 θεσπίζει
937 4784 1327 4856 Οὐεσπασιανῷ
1367 4785 1495 4857 περὶ
1534 4786 1633 4856 τῆς
1669 4784 1919 4856 Νέρωνος

346 4882 638 4953 τελευτῆς,
672 4879 766 4934 καὶ
807 4879 908 4949 τῆς
948 4877 1111 4933 αὐτοῦ
1159 4875 1568 4931 Οὐεσπασιανοῦ
1622 4874 1914 4947 βασιλείας.

349 4973 540 5029 Chron.
569 4971 750 5042 pasch.
772 4988 825 5040 p.
851 4969 978 5035 250,
1002 4969 1072 5024 1).

342 5109 347 5117 .
415 5082 445 5120 c
472 5065 662 5136 Νέρων
688 5061 878 5117 ἐαυτὸν
909 5061 1139 5115 ἀνεῖλεν.
1169 5060 1436 5116 Cedrenus
1465 5075 1520 5130 p.
1550 5059 1675 5124 215,
1708 5059 1774 5114 1).

344 5175 348 5181 ·
416 5156 451 5208 d
482 5155 640 5208 Μετὰ
667 5154 920 5226 Νέρωνος
961 5152 1173 5215 Γάλϐας
1216 5151 1563 5205 ἐϐασίλευσεν
1596 5151 1654 5203 ἐν
1687 5148 1916 5221 Ἰϐηρίᾳ,

348 5243 651 5307 Οὐιτέλλιος
674 5244 731 5296 ἐν
758 5242 1060 5314 Γερμανίᾳ·
1092 5241 1267 5294 Ὄθων
1298 5242 1389 5294 ἐπὶ⁸
1417 5240 1662 5312 Ῥώμης·
1691 5239 1918 5302 ἕκαστος

349 5336 524 5391 αὐτῶν
561 5336 667 5407 ἰδίᾳ
707 5335 879 5406 ἐπέϐη
917 5337 984 5406 τῇ
1025 5335 1188 5405 ἀρχῇ.
1236 5331 1432 5388 Chron.
1477 5333 1658 5401 pasch.
1699 5348 1752 5402 p.
1786 5332 1913 5400 245,

346 5428 471 5483 246.

414 5536 443 5574 e
475 5518 880 5583 Οὐεσπασιανὸς
913 5519 1032 5572 δυσὶ
1075 5517 1330 5588 πολέμοις
1376 5519 1661 5582 Ἰουδαίους
1716 5519 1918 5591 τρεψά-

351 5627 508 5682 μενος
543 5611 884 5665 ἀπέκλεισεν.
924 5608 1084 5680 Sync.
1113 5624 1166 5677 p.
1202 5607 1338 5672 540,
1379 5608 1445 5663 Β.
1476 5609 1689 5672 Γάλϐας
1731 5609 1916 5662 ἐϐασί-

346 5702 506 5756 λευσε
557 5704 732 5775 μῆνας
779 5703 845 5766 ζ’,
892 5701 985 5755 καὶ
1031 5703 1087 5754 ἐν
1129 5700 1269 5772 μέσῃ
1301 5702 1364 5769 τῇ
1413 5700 1700 5771 Ῥωμαίων
1743 5701 1919 5771 ἀγορᾷ

347 5795 448 5866 τὴν
470 5794 711 5867 κεφαλὴν
738 5789 1051 5862 ἀπετμήθη.
1084 5791 1261 5843 Ὄθων
1288 5791 1607 5861 βασιλεύσας
1637 5791 1810 5862 μῆνας
1844 5799 1913 5860 γ’,

349 5885 704 5958 διεχειρίσατο
737 5885 947 5939 ἑαυτόν.
983 5881 1159 5938 Chron
1208 5881 1382 5954 pasch.
1416 5901 1466 5954 ρ,
1495 5884 1621 5950 245,
1649 5883 1774 5950 246,
1801 5883 1865 5937 Α.

2093 4235 2120 4300 f
2141 4234 2468 4305 Ἀντιοχείας
2490 4233 2786 4296 ἐπίσκοπος
2813 4232 3092 4300 Ἰγνάτιος.
3115 4232 3278 4304 Sync.
3301 4249 3353 4302 ρ.
3381 4235 3507 4302 542,
3527 4235 3594 4290 Β.

2091 4381 2135 4434 9,
2167 4361 2447 4433 Ῥωμαίων
2484 4359 2528 4424 ζ’
2580 4357 2926 4411 ἐϐασίλευσεν
2959 4357 3363 4422 Οὐεσπασιανὸς
3405 4358 3499 4430 ἔτη
3527 4358 3594 4414 θ’.

2026 4455 2221 4510 Chron.
2252 4451 2431 4523 pasch.
2464 4467 2518 4521 p.
2545 4449 2674 4515 246,
2700 4447 2768 4502 Α.

2096 4575 2130 4628 h
2155 4575 2563 4636 Οὐεσπασιανὸς
2587 4571 2962 4643 αὐτοκράτωρ,
2991 4570 3282 4641 στέψαντος
3306 4571 3468 4625 αὐτὸν
3498 4571 3598 4626 τοῦ

2027 4663 2280 4737 στρατοῦ,
2308 4662 2397 4716 τὸν
2421 4661 2565 4715 κατά
2606 4661 2872 4714 Ἰουδαίων
2900 4660 3211 4732 ἐγχειρίσας
3237 4659 3470 4730 πόλεμον
3502 4659 3599 4713 Τί-

2024 4775 2120 4827 τῳ,
2141 4756 2302 4818 αὐτὸς
2323 4755 2389 4806 δι’
2418 4751 2820 4824 Ἀλεξανδρείας
2838 4753 2917 4815 εἰς
2930 4752 3031 4822 τὴν
3059 4751 3344 4821 Ῥωμαίων
3369 4751 3598 4821 ἀφίκετο

2025 4849 2199 4902 πόλιν.
2234 4847 2382 4902 Idem
2410 4863 2463 4917 p.
2485 4845 2612 4910 246,
2642 4842 2783 4900 Αοϐ.

2095 4965 2113 5018 ἱ
2135 4963 2310 5026 Τῖτος,
2343 4960 2626 5024 Ἰουδαίους
2649 4958 3032 5029 πολιορκήσας,
3047 4956 3141 5010 καὶ
3161 4957 3228 5011 τὰ
3253 4955 3598 5028 Ἰεροσόλυμα

2024 5053 2403 5124 κατασκάψας,
2421 5054 2514 5107 καὶ
2540 5051 2805 5123 μυριάδας
2836 5048 3044 5122 ἀνδρῶν
3071 5048 3348 5118 ἐφόνευσε.
3373 5049 3510 5120 Φησὶ
3539 5047 3598 5101 δὲ

2023 5149 2116 5202 καὶ
2151 5145 2452 5218 Ἰώσηππος
2485 5144 2627 5216 λιμῷ
2661 5144 2755 5198 καὶ
2791 5142 3034 5215 μαχαίρᾳ
3069 5142 3330 5213 μυριάδας
3371 5148 3437 5213 ρι’
3464 5143 3599 5195 ἀπο-

2024 5236 2245 5302 λέσθαι,
2304 5237 2398 5290 καὶ
2443 5233 2608 5299 ἄλλας
2663 5237 2814 5308 τρεῖς
2871 5233 3136 5306 μυριάδας
3195 5231 3598 5304 διαπεπράσθαι

2023 5328 2410 5401 αἰχμαλώτων·
2452 5330 2622 5382 αἴτιον
2653 5327 2708 5380 δὲ
2737 5327 2796 5380 τὸ
2823 5326 3044 5380 τοσοῦτο
3079 5325 3282 5396 πλῆθος
3321 5323 3464 5378 κατά
3499 5323 3600 5396 τὴν

2025 5425 2176 5478 πόλιν
2229 5423 2490 5496 εὑρῆσθαί
2533 5439 2666 5494 φησι
2699 5421 2797 5493 τὴν
2828 5419 2922 5475 τοῦ
2964 5421 3155 5490 Πάσχα
3194 5420 3420 5491 ἑορτὴν,
3466 5420 3524 5472 ἐν

2025 5517 2224 5580 πάντες
2248 5517 2298 5569 ot
2341 5515 2435 5568 τοῦ
2480 5499 3143 5583 ἔθνουςσυνεληλυθόντες
3180 5511 3256 5575 ὼς
3299 5512 3358 5564 ἐν
3403 5511 3596 5584 εἱρκτῇ

2025 5607 2479 5677 συνεκλείσθησαν
2498 5621 2512 5635 '
2549 5604 2654 5663 ἔδει
2682 5605 2789 5676 γὰρ
2815 5605 2941 5668 τοὺς
2972 5606 3030 5657 ἐν
3057 5605 3242 5675 ἡμέρᾳ
3283 5601 3376 5656 τοῦ
3405 5602 3598 5674 Πάσχα

2022 5700 2102 5771 τῷ
2145 5701 2357 5771 Σωτῆρι
2384 5697 2838 5760 ἐπιϐουλευκὸτας
2879 5695 2952 5768 μὴ
2987 5695 3175 5752 ἄλλοτε
3204 5695 3273 5749 τὰ
3320 5693 3595 5766 ἐπίχειρα,

2023 5785 2098 5846 ὧν
2126 5791 2452 5862 ἐτόλμησαν,
2493 5789 2704 5844 παθεῖν.
2737 5788 2995 5842 Eusebius
3034 5789 3172 5857 apud
3204 5789 3364 5860 Sync.
3388 5803 3440 5858 ρ.
3467 5788 3598 5858 342,

2026 5886 2092 5954 Α,
2120 5894 2167 5940 et
2199 5885 2337 5956 apud
2373 5882 2569 5941 Chron.
2595 5882 2851 5954 ναίοιμι).
2881 5882 3006 5954 247,
3041 5884 3176 5938 Α-Β.
