4158 6420
639 357 740 412 551
1322 355 1594 412 EUSEBII
1633 356 2112 414 CESARIENSIS
2146 357 2298 414 OPP.
2341 357 2522 414 PARS
2559 360 2600 416 I.
2639 391 2712 402 —
2751 359 3140 420 HISTORICA.
3791 373 3894 428 55‘!

1865 613 2058 654 omne.
2135 613 2396 656 cantsrus
2503 615 2632 656 non.
2789 619 2824 654 a
2854 601 3140 674 Secundus
3177 613 3302 674 post
3335 605 3602 662 Neronem
3631 605 3894 664 Domitia-

2707 687 2813 728 nus
2839 673 3194 746 Christianos
3212 679 3560 746 persequitur
3588 697 3600 731 :
3627 687 3682 733 et
3703 679 3808 734 sub
3828 696 3896 736 eo

2461 739 2651 796 Domi-
2701 745 2981 814 apostolus
3043 739 3281 802 Joannes
3343 739 3404 802 in
3441 747 3690 802 Patmum
3741 751 3896 806 insu-

2463 814 2646 866 tianus
2700 813 2806 866 lam
2861 815 3132 890 relegatus
3184 819 3566 890 Apocalypsin]
3613 819 3770 888 vidit,
3813 822 3892 876 uti

1864 909 2079 926 ...._._
2149 910 2362 926 ---
2435 913 2645 924 --
2699 894 2885 938 narrat
2923 885 3178 942 lrenzeus.

1849 999 2170 1058 SECUNDA
2229 1001 2684 1060 PERSECUTIO.

2215 1117 2284 1172 95
2503 1119 2568 1174 14
2675 1191 2688 1202 _
2823 1123 3146 1202 Apollonius
3195 1121 3449 1202 Tyaneus
3493 1135 3548 1182 et
3585 1126 3894 1202 Euphrates

2675 1191 2920 1264 insignes
2955 1191 3266 1265 philosophi
3299 1197 3590 1253 habentur.

701 1298 732 1338 ε
757 1278 1098 1336 Domitianus
1129 1295 1248 1347 eos,
1288 1281 1382 1351 qui
1413 1280 1482 1336 de
1516 1295 1716 1352 genere
1751 1280 1918 1337 David
1965 1289 2143 1348 erant,
2181 1279 2418 1338 interﬁci
2464 1285 2744 1354 praecepit,
2783 1291 2844 1340 ut
2887 1287 3072 1342 nullus
3107 1287 3422 1344 Judzeorum
3459 1293 3613 1362 regni
3645 1291 3892 1364 reliquus

628 1379 788 1434 foret.

585 1519 595 1529 .
699 1473 898 1529 Scribit
959 1471 1209 1529 Bruttius
1260 1473 1532 1544 plurimos
1582 1473 2020 1530 Christianorum
2075 1475 2180 1532 sub
2231 1473 2544 1531 Domitiano
2579 1473 2778 1530 fecisse
2805 1476 3128 1549 martyrium
3159 1497 3174 1534 :
3209 1479 3353 1536 inter
3377 1495 3518 1552 quos
3556 1489 3610 1537 et
3647 1479 3889 1538 Flaviam

621 1569 956 1624 Domitillam
983 1568 1156 1625 Flavii
1193 1568 1490 1625 Clementis
1518 1571 1764 1626 consulis
1801 1587 1868 1626 ex
1903 1585 2092 1626 sorore
2121 1578 2359 1642 neptem,
2393 1571 2448 1626 in
2483 1571 2718 1626 insulam
2745 1567 2996 1628 Pontiam
3031 1573 3342 1646 relegatam,
3375 1577 3502 1646 quia
3532 1591 3592 1633 se
3619 1575 3890 1632 Christia-

621 1679 748 1718 nam
779 1679 902 1717 esse
937 1671 1134 1716 testata
1165 1667 1267 1717 est.
3011 1677 3014 1679 λ

694 1759 812 1814 Hoc
843 1777 982 1814 anno
1013 1761 1192 1813 beatus
1227 1759 1514 1830 Dionysius
1557 1763 1710 1830 atque
1757 1759 2011 1816 Nicasius
2059 1777 2179 1815 cum
2227 1763 2384 1818 sociis
2421 1765 2532 1818 suis
2576 1781 2669 1834 per
2697 1783 2946 1821 coronam
2975 1765 3222 1838 martyrii
3259 1779 3596 1836 pervenerunt
3632 1769 3702 1823 ad
3731 1769 3888 1826 Chri-

619 1869 784 1910 stum.

1815 2011 1822 2020 ,
1950 2023 1973 2026 Α
2006 2023 2018 2026 _
2052 2025 2066 2026 γ
2225 1947 2297 2026 9Q
2511 1952 2580 2026 15
2757 1959 2790 2026 d
2824 1953 2988 2008 Multa
3021 1952 3372 2026 signaatque
3415 1963 3668 2026 portenta
3698 1953 3884 2016 Romae

687 2017 1030 2090 Domitianus
1079 2018 1296 2090 occisus
1345 2019 1398 2072 in
1443 2017 1686 2086 Palatio,
1737 2017 1835 2089 per
1940 2023 2084 2090 219
2227 2017 2297 2072 97
2515 2023 2582 2076 16
2687 2031 2744 2078 et
2773 2025 2827 2078 in
2853 2033 2968 2078 toto
2995 2017 3128 2080 orbe
3165 2017 3331 2080 facta.

617 2089 948 2158 vespillones
971 2089 1282 2160 ignobiliter
1307 2097 1645 2160 exportatur,
1687 2105 1832 2146 anno

617 2157 1098 2231 aetatisxxxvjal.
1133 2159 1284 2231 xiv].
1358 2157 1394 2231 ξ
1577 2230 1582 2231 γ
1631 2157 1637 2158 “
1777 2225 1788 2231 Δ
2300 2177 2329 2214 e
2367 2157 2436 2215 Χ.
2465 2159 2702 2216 NERVA
2732 2177 2877 2217 anno
2917 2180 2957 2230 ι,
2989 2165 3272 2222 mensibus
3301 2183 3376 2222 tv.

691 2229 720 2299 f
748 2225 1142 2303 Alexandrinae
1161 2225 1432 2303 Ecclesia:
1459 2230 1658 2303 tertius
1683 2225 1825 2303 _epi-
2219 2231 2288 2286 98
2539 2233 2566 2288 1
2749 2251 2780 2303 g
2807 2225 3000 2288 Justus
3028 2249 3058 2287 a
3091 2235 3382 2293 Tiberiade
3405 2235 3716 2294 Judaeorum
3739 2236 3872 2293 scri-

617 2297 819 2369 scopus
856 2300 1074 2370 praefuit
1104 2297 1281 2354 Cerdo
1306 2299 1468 2355 annis
1501 2297 1778 2356 undecim.
2685 2297 2810 2374 ptor
2839 2307 3177 2374 agnoScitur.

685 2389 864 2448 Nerva
892 2392 1087 2447 morbo
1119 2393 1262 2462 perit
1291 2397 1346 2446 in
1377 2393 1555 2448 hortis
1591 2393 1944 2451 Sallustianis
1976 2409 2123 2450 anno
2145 2397 2324 2452 aetatis
2359 2411 2530 2462 Lxxu,
2565 2411 2688 2452 cum
2711 2397 2824 2466 jam
2866 2395 3166 2468 Trajanum
3203 2397 3520 2470 adoptasset
3553 2402 3610 2456 in
3651 2401 3842 2458 ﬁlium.

688 2481 964 2554 Trajanus
993 2483 1307 2555 Agrippinae
1337 2485 1392 2540 in
1418 2483 1610 2542 Galliis
1643 2495 1942 2556 Imperator
1971 2485 2170 2552 factus,
2203 2497 2366 2544 natus
2393 2488 2596 2544 Italica:
2621 2491 2678 2544 in
2709 2489 2990 2560 Hispania.

685 2575 720 2629 h
759 2573 996 2635 Senatus
1039 2579 1304 2646 decrevit,
1355 2587 1416 2633 ut
1449 2581 1634 2635 omnia
1679 2595 1800 2651 quae
1851 2581 2195 2639 Domitianus
2228 2591 2518 2650 statuerat,
2579 2583 2636 2638 in
2675 2581 2891 2638 irritum
2920 2582 3274 2638 ducerentur.
3309 2583 3498 2651 Itaque
3525 2583 3706 2648 multi,
3739 2598 3880 2653 quos

613 2671 823 2743 injuste
871 2672 1128 2743 ejecerat,
1173 2673 1242 2729 de
1293 2673 1488 2730 exsilio
1535 2674 1766 2738 reversi,
1807 2675 2062 2730 nonnulli
2105 2677 2248 2731 bona
2299 2678 2522 2748 propria
2573 2683 2912 2747 receperunt.
2972 2676 3140 2730 Aiunt
3185 2683 3242 2730 et
3275 2676 3582 2746 apostolum
3609 2673 3876 2729 Joannem

611 2767 720 2822 hoc
757 2773 1004 2836 tempore
1030 2765 1226 2822 exsilio
1271 2765 1574 2823 resolutum
1605 2764 1880 2838 Ephesum
1913 2766 2132 2824 venisse
2159 2785 2172 2822 :
2197 2767 2254 2822 in
2281 2781 2390 2840 qua
2428 2769 2566 2824 urbe
2596 2775 2651 2824 et
2689 2768 2986 2839 hospitium
3015 2771 3069 2822 et
3105 2767 3314 2822 amicos
3342 2767 3748 2822 amantissimos
3790 2767 3878 2823 sui

613 2859 869 2916 habebat.

683 2951 719 3024 It
742 2949 1008 3008 Joannem
1039 2954 1365 3024 apostolum,
1395 2967 1572 3023 usque
1594 2951 1661 3006 ad
1693 2951 1830 3008 Tra—
2356 2957 2378 3010 ί
2405 2953 2497 3014 XI.
2532 2953 2898 3012 TRAJANUS
2927 2955 3086 3010 annis
3119 2969 3235 3016 xix.
3269 2953 3554 3010 mensibus
3585 2967 3662 3007 vt.

607 3023 725 3094 jani
774 3030 1018 3095 tempora
1065 3023 1301 3080 Irenaeus
1352 3027 1644 3095 episcopus
1703 3039 1828 3090 per-

611 3091 904 3149 ὶηθιιείεεέ
919 3095 1110 3166 scribit
1147 3113 1160 3149 ε
1387 3091 1474 3166 Β.
1517 3094 1813 3166 DCCCL.
2215 3097 2253 3152 9’

2232 3097 2285 3152 i9
2536 3097 2564 3150 1
2746 3096 2975 3152 Deereto
3038 3101 3262 3152 senatus
3317 3091 3492 3149 Nerva
3543 3094 3689 3149 inter
3741 3093 3874 3151 deos

609 3170 735 3246 post
761 3179 928 3246 quem
960 3165 1248 3246 auditores
1283 3235 1319 3246 _
1522 3233 1582 3246 "-
1653 3165 1666 3166 ί
1703 3165 1716 3166 ί
2177 3168 2283 3223 100
2531 3166 2568 3220 2
2671 3167 2901 3246 relatus.
3168 3233 3210 3246 _
3280 3235 3294 3246 _
3363 3235 3374 3246 _
3571 3235 3582 3246 _

609 3233 732 3315 ejus
761 3233 1004 3315 insignes
1035 3235 1498 3315 fuerunt-Papias,
1522 3233 1830 3315 Hiergpoli-
2757 3237 2777 3290 ι
2835 3235 3096 3291 Romana:
3168 3233 3450 3315 Ecglesig
3499 3235 3875 3315 episcopatum

608 3304 775 3362 tanus
813 3304 1128 3379 episcopus,
1179 3315 1237 3379 et
1253 3304 1612 3379 Polyearpus,
1645 3304 1834 3378 Sinyr—
2690 3315 2922 3379 quartus
2965 3306 3210 3376 suscepit
3243 3305 3525 3361 Evaristus
3563 3305 3725 3360 annis
3769 3321 3874 3361 no-

609 3391 784 3445 natus,
818 3375 873 3432 et
913 3375 1178 3448 lgnatius,
1210 3375 1610 3454 Antidchenus.
1743 3375 1759 3378 ⁷
1940 3381 2082 3451 220
2193 3377 2293 3434 101
2551 3379 2586 3434 5
2695 3375 2837 3434 vem.

2195 3517 2301 3590 ΝΞ
2551 3519 2588 3590 4
2763 3535 2814 3572 m
2830 3517 2955 3590 Traj
2963 3535 3100 3576 anus
3119 3517 3188 3572 de
3207 3515 3368 3572 Dacis
3383 3525 3438 3572 et
3455 3515 3674 3589 Scythis
3690 3517 3876 3573 trium-

2195 3589 2302 3645 105
2553 3589 2588 3643 5
2692 3591 2846 3659 phat.

691 3699 728 3738 η
766 3679 1061 3752 Traianus,
1114 3675 1261 3738 victo
1307 3697 1437 3754 rege
1481 3667 1758 3751 Decibalo,
1809 3683 2030 3740 Daciam
2083 3681 2210 3740 fecit
2257 3686 2596 3756 provinciam
2639 3702 2651 3737 :
2693 3681 2896 3748 Iberos,
2947 3680 3248 3746 Sarmatas,
3299 3679 3596 3746 Osroenos,
3640 3677 3866 3744 Arabas,

607 3777 1014 3849 Bosphoranos,
1043 3778 1298 3846 Colchos,
1330 3779 1388 3834 in
1422 3779 1582 3837 ﬁdem
1629 3780 1839 3851 accepit
1868 3799 1882 3836 :
1913 3779 2240 3846 Seleuciam,
2281 3779 2721 3852 Ctesiphontem,
2757 3777 3090 3848 Babylonem
3127 3775 3419 3846 occupavit
3475 3781 3531 3831 et
3580 3773 3778 3829 tenuit.
3815 3771 3876 3840 in

617 3869 760 3926 mari
787 3865 978 3927 Rubro
1009 3871 1242 3928 classem
1272 3871 1532 3939 instituit,
1570 3881 1630 3928 ut
1656 3889 1754 3944 per
1785 3888 1906 3930 eam
1936 3872 2104 3929 India:
2131 3873 2268 3930 ﬁnes
2295 3881 2560 3931 vastaret.

680 4086 714 4124 a
745 4069 1006 4142 Δεύτερος
1039 4073 1178 4142 μετά
1203 4071 1296 4124 τὸν
1322 4057 1552 4143 Νέρωνα
1579 4070 1904 4141 Δομετιανὸς
1927 4071 2187 4142 Χριστια-
2356 4089 2389 4142 g
2432 4069 2663 4134 Ἰοῦστος
2688 4069 2950 4142 Τιϐερεὺς
2977 4073 3228 4137 Ἰουδαῖος
3261 4087 3608 4144 συγγραφευς
3641 4069 3872 4140 ἐγνωρί-

607 4163 734 4226 vain;
759 4162 999 4228 ἐδίωξεν·
1033 4165 1118 4216 ἐπ’
1150 4155 1314 4218 αὐτοῦ
1349 4163 1405 4217 δὲ
1432 4164 1527 4217 καὶ
1551 4165 1580 4216 ὁ
1601 4163 1897 4226 ἀπόστολος
1933 4163 2187 4236 Ἰωάννης
2289 4163 2435 4228 ζετο.
2467 4163 2696 4230 Ibidem,
2728 4164 2796 4219 D.
3149 4215 3154 4222 .

609 4254 688 4316 είς
715 4252 936 4324 Πάτμον
964 4251 1266 4325 ὲξορίζεται
1304 4252 1402 4324 τὴν
1441 4255 1624 4324 νῆσον,
1655 4252 1781 4307 ἔνθα
1814 4251 1911 4323 τὴν
1958 4253 2190 4307 Ἀποκά-
2361 4257 2394 4310 h
2426 4257 2753 4328 Δομετιανοῦ
2781 4259 2838 4312 al
2872 4257 3027 4328 τιμαὶ
3055 4257 3440 4331 καθῃρέθησαν
3471 4255 3576 4309 ὑπὸ
3611 4255 3710 4325 τῆς
3741 4271 3874 4324 συγ-

605 4341 764 4413 λυψιν
797 4343 1101 4414 ἑωρακέναι
1124 4343 1365 4412 λέγεται,
1388 4344 1463 4408 ὡς
1487 4344 1638 4416 δηλοῖ
1655 4343 1962 4416 Εἰρηναῖος.
1988 4344 2184 4400 Chron.
2289 4347 2510 4420 κλήτου·
2539 4347 2635 4402 καὶ
2662 4349 2710 4401 οἱ
2745 4347 2946 4412 ἀδίκως
2971 4347 3369 4412 ἀπελασθέντες
3392 4346 3714 4418 ἐπανῆλθον·
3741 4345 3872 4398 ἔνιοι

604 4434 784 4504 pascit.
825 4451 877 4504 p.
899 4433 1026 4501 250,
1059 4435 1122 4490 C.

2286 4440 2560 4494 ἀπέλαϐον
2588 4441 2683 4494 καὶ
2707 4441 2805 4504 τάς
2825 4441 3030 4504 οὐσίας.
3067 4439 3214 4494 Idem
3239 4457 3289 4510 p.
3321 4441 3446 4505 ⁵245,
3474 4439 3536 4494 C.
3567 4439 3725 4493 Κατὰ
3745 4437 3872 4492 τοῦ-

677 4525 707 4580 b
753 4525 1108 4592 Ἀπολλώνιος
1139 4529 1168 4582 ὁ
1196 4529 1438 4592 Τυανεὺς
1473 4531 1568 4582 καὶ
1593 4531 1886 4603 Εὐφράτης
1913 4532 2187 4603 φιλόσοφοι
2286 4549 2379 4586 τον
2412 4533 2502 4586 τὸν
2535 4531 2724 4604 χρόνον
2751 4534 2780 4585 ὁ
2815 4531 3068 4602 βασιλεὺς
3105 4533 3354 4604 Νερούας
3387 4531 3751 4586 ἀνεκαλέσατο
3775 4529 3858 4582 τὸν

604 4619 874 4692 ἤκμαζον.
911 4617 1064 4674 Idem
1093 4633 1147 4690 Ρ·
1179 4619 1305 4686 545,
1341 4619 1382 4675 C
1390 4660 1404 4676 ο
2286 4625 2582 4680 ἀπόστολον
2621 4626 2875 4696 Ἰωάννην
2895 4625 3002 4678 ἀπὸ
3025 4627 3138 4680 Πάτ
3149 4643 3250 4696 μου
3280 4628 3380 4696 τῆς
3403 4626 3590 4696 νήσου,
3615 4623 3708 4677 καὶ
3735 4619 3862 4694 ἦλθ’

677 4727 704 4765 c
735 4712 1065 4782 Δομετιανὸς
1105 4713 1234 4776 τοὺς
1272 4710 1381 4766 ἀπὸ
1421 4713 1613 4782 γένους
1656 4714 1819 4768 Δαυῖδ
1846 4715 2187 4788 ἀναιρεῖσθαι
2287 4737 2319 4772 τι

1977 4715 2187 4788 ρεῖσθαι
2287 4719 2449 4773 πάλιν
2475 4719 2554 4782 εἰς
2583 4719 2837 4786 Ἔφεσον.
2873 4717 3068 4772 Chron.
3094 4717 3274 4788 pascit.
3307 4733 3360 4786 p.
3392 4717 3519 4784 251,
3553 4717 3619 4772 Β.

607 4803 960 4876 προσέταξεν,
996 4803 1083 4857 ἵνα
1125 4805 1198 4875 μή
1238 4821 1322 4869 τις
1363 4805 1630 4860 Ἰουδαίων
1672 4808 1951 4878 βασιλικοῦ
1998 4809 2190 4878 γένους
2363 4813 2382 4865 i
2419 4809 2704 4881 Ῥωμαίων
2737 4815 2804 4864 ια’
2837 4809 3152 4863 ἐϐασίλευσε
3179 4807 3446 4881 Τραϊανὸς
3467 4809 3559 4880 ἐτη
3589 4807 3674 4862 ιϐ’.
3704 4805 3865 4878 Sync.

603 4894 928 4966 ἀπολειφθῇ.
965 4895 1156 4948 Πολλοὶ
1181 4895 1238 4949 δὲ
1267 4898 1606 4969 Χριστιανῶν
1632 4901 2016 4975 ἐμαρτύρησαν
2047 4901 2189 4956 κατά
2285 4919 2338 4973 p.
2373 4901 2498 4968 546,
2526 4901 2594 4955 D.

603 4987 950 5058 Δομετιανὸν,
991 4989 1066 5052 ὡς
1093 4989 1397 5060 ὁΒρέττιος
1429 4992 1648 5064 ἱστορεῖ,
1677 4995 1734 5046 ὲν
1765 4989 1846 5058 οἷς
1867 4994 1963 5048 καὶ
1983 4993 2193 5048 Φλαυῒα
2358 4993 2388 5046 k
2431 4992 2681 5064 Ἰωάννην
2723 4992 3020 5046 ἀπόστολον
3064 4993 3352 5064 Εἰρηναῖος
3392 4991 3485 5044 καὶ
3529 4989 3678 5044 ἄλλοι
3725 4989 3868 5041 ἱστο-

603 5079 922 5150 Δομετίλλα,
973 5080 1238 5152 ὲξαδέλφη
1277 5082 1596 5154 Κλήμεντος
1635 5085 1866 5141 Φλαυῖου
1893 5085 2185 5150 ὑπατικοῦ,
2291 5082 2443 5156 ροῦσι
2478 5085 2816 5155 παραμεῖναι
2845 5084 2921 5156 τῷ
2956 5083 3055 5156 βίῳ
3081 5085 3185 5148 ἕως
3209 5083 3315 5136 τῶν
3341 5083 3548 5154 χρόνων
3574 5079 3862 5153 Τραϊανοῦ·

603 5169 680 5234 ὡς
712 5171 1014 5244 Χριστιανὴ
1041 5173 1124 5238 εἰς
1149 5174 1312 5246 νῆσον
1337 5173 1568 5230 Ποντίαν
1607 5177 1988 5247 φυγαδεύεται.
2039 5177 2188 5232 Idem
2291 5175 2409 5248 μεθ’
2432 5175 2491 5230 ὃν
2503 5175 2786 5240 Παππίας,
2815 5175 3184 5250 Ἱεραπολίτης
3201 5175 3294 5228 καὶ
3313 5174 3668 5246 Πολύκαρπος
3691 5171 3870 5243 Σμύρ-

603 5277 659 5330 Ρο
686 5264 815 5328 544.
841 5264 910 5320 Α·
2286 5285 2385 5340 νης
2412 5269 2706 5334 ἐπίσκοπος
2738 5270 3000 5325 ἀκουσταὶ
3027 5271 3193 5324 αὐτοῦ
3229 5269 3609 5342 ἐγνωρίζοντο.
3641 5267 3790 5322 Idem
3811 5281 3861 5336 p.

675 5355 712 5408 ά
758 5357 844 5411 Ἐν
884 5357 1070 5432 Ῥώμῃ
1097 5359 1411 5432 θεοσημεῖαι
1441 5359 1633 5415 πολλιώ¹
1662 5364 1754 5416 καὶ
1780 5363 1900 5418 καθ’
1927 5364 2054 5434 ὅλης
2078 5361 2180 5432 τῆς
2288 5361 2412 5430 547,
2443 5361 2504 5416 C.

601 5449 928 5521 οἰκουμένης
953 5453 1230 5521 γεγόνασι.
1257 5452 1484 5508 Ibidem.
2359 5455 2376 5506 ί
2423 5455 2707 5526 Ῥωμαίων
2745 5455 3042 5520 ἐπίσκοπος
3090 5457 3394 5528 Εὐάρεστος
3442 5455 3537 5526 ἐτη
3592 5453 3656 5508 θ’.
3701 5451 3862 5522 Sync.

676 5557 704 5592 ε
746 5541 1029 5613 Ῥωμαίων
1093 5543 1348 5614 βασιλεὺς
1412 5551 1442 5597 ι’
1493 5545 1740 5616 Νερούας
1827 5545 2180 5602 ἐϐασίλευσεν
2283 5563 2336 5616 p.
2372 5547 2496 5612 544,
2525 5547 2592 5600 Α.

604 5629 720 5695 ἔτος
753 5633 830 5688 ἓν.
861 5633 1010 5688 Idem
1035 5651 1087 5704 p.
1115 5637 1238 5704 546,
1265 5635 1326 5693 C.

2355 5657 2407 5694 m
2435 5641 2702 5712 Τραϊανὸς
2734 5642 2915 5706 Δάκας
2945 5644 3037 5696 καὶ
3069 5643 3281 5708 Σκύθας
3311 5642 3546 5708 ὑπέταξε
3587 5641 3679 5695 καὶ
3717 5639 3865 5710 ἐθρι-

673 5723 701 5792 f
746 5723 1149 5800 ’Δλεξανδρείας
1193 5729 1490 5798 ἐπίσκοπος
1533 5733 1756 5806 Κέρδων
1789 5733 1882 5804 ἔτη
1931 5739 1980 5788 ι’.
2029 5731 2178 5788 Idem
2289 5733 2576 5803 άμὸευσεν.
2609 5731 2834 5789 Ibidem.

601 5831 659 5887 P-
689 5813 813 5883 547a
839 5813 906 5872 Β·
2359 5843 2390 5882 n
2408 5825 2674 5896 Τραϊανὸς
2697 5827 3204 5900 ἐπαρχίανὲποίησε
3233 5829 3332 5896 τὴν
3361 5829 3584 5884 Δακίαν.
3611 5823 3860 5890 ιὸίάηΑ.
