4158 6490
387 422 502 481 577

1622 429 2121 488 ΕΗΒΟΝῘΟΟΒΗΜ
2161 431 2290 491 LIB.
2311 431 2375 488 Il.

3540 446 3646 500 578

407 585 3618 623 .___._______________*___________________________

1631 689 1820 730 OLYMP.
1882 691 2142 732 CHRISTUS

1626 985 2118 999 ——-————

1941 1049 2048 1107 270
2260 1053 2328 1106 M

2205 691 2339 730 R011.

2129 744 2450 803 Valerianus

2256 823 2310 870 et

2142 883 2420 941 Gallienus

2187 983 2390 997 —-.___

2505 1050 2690 1107 Gallias
2721 1069 2817 1122 per
2851 1054 3211 1112 Postliumum
3243 1063 3298 1112 et
3322 1054 3626 1112 Victorium

2450 1131 2506 1177 et
2540 1123 2819 1177 Tetricum
2849 1136 3101 1196 receptae.

458 1226 494 1265 a
523 1210 723 1268 Paulus
745 1210 1132 1269 Samosatenus
1165 1225 1194 1265 a
1228 1219 1556 1266 cunctorum
1589 1212 1975 1283 praedicatione
2008 1212 2345 1278 desciscens,
2380 1213 2694 1269 Artemonis
2726 1215 2978 1270 haeresim
3017 1216 3327 1272 suscitavit.
3368 1214 3426 1269 In
3464 1216 3625 1286 cujus

381 1297 568 1356 locum
599 1304 950 1359 Antiochena:
985 1301 1244 1356 Ecclesia:
1283 1311 1472 1358 sextus
1501 1302 1746 1358 decimus
1778 1302 2067 1358 ordinatur
2104 1303 2396 1373 episc0pus
2432 1302 2696 1360 Domnus.

459 1396 487 1446 ιι
522 1395 798 1452 Gallienus
826 1396 1112 1453 Mediolani
1142 1394 1437 1450 occiditur.
1948 1393 2046 1450 271

2266 1395 2334 1450 15

1776 1481 1804 1518 c
1830 1463 2070 1520 XXVIII.
2096 1463 2442 1520 CLAUDIUS
2471 1481 2617 1522 anno
2647 1483 2685 1534 I,
2717 1466 2999 1522 mensibus
3027 1482 3103 1520 ιι.

1944 1603 2052 1658 272
2303 1606 2326 1658 1

453 1693 510 1750 In
541 1695 870 1752 Alexandria
907 1711 1016 1751 una
1054 1711 1204 1767 pars,
1237 1710 1358 1765 qua:
1390 1695 1695 1764 appellatur
1727 1695 2204 1765 Bruchium,‘qua2
2229 1711 2326 1765 per
2352 1697 2552 1751 multos
2585 1711 2761 1752 annos
2791 1696 2968 1752 fuerat
2992 1695 3237 1761 obsessa,
3273 1694 3400 1765 quia
3437 1694 3620 1751 rebel-

383 1788 550 1858 labat,
583 1792 800 1846 tandem
836 1791 1156 1846 destruitur.

451 1881 712 1938 Claudius
743 1882 970 1948 Gothos,
1015 1879 1288 1950 Illyricum
1335 1888 1390 1936 et
1428 1879 1802 1936 Macedoniam
1830 1887 2111 1940 vastantes
2135 1891 2376 1952 superat.
2421 1883 2503 1938 Ob
2528 1901 2648 1956 qua:
2678 1884 2734 1940 in
2767 1885 2921 1940 curia
2955 1886 3176 1959 clypeus
3220 1885 3271 1941 ei
3309 1898 3531 1950 aureus,
3562 1893 3616 1939 et

382 1974 436 2028 in
463 1973 731 2044 Capitolio
756 1980 933 2028 statua
963 1985 1126 2026 aurea
1156 1971 1419 2026 collocata
1453 1979 1550 2027 est.

450 2063 485 2116 d
518 2062 779 2119 Claudius
815 2059 1002 2115 Sirmii
1037 2061 1289 2116 moritur.

1687 2065 1832 2136 263
1935 2061 2043 2116 275

2284 2063 2322 2117 2

450 2223 746 2290 Quintilius
772 2223 987 2278 Claudii
1033 2222 1203 2279 frater
1239 2237 1271 2277 a
1301 2234 1493 2279 senatu
1525 2223 1804 2296 Augustus
1836 2223 2163 2295 appellatus,
2201 2224 2415 2280 decimo
2453 2225 2686 2296 septimo
2717 2224 2816 2297 [αι.
2849 2242 2996 2282 nono
3019 2228 3254 2300 decimo]
3287 2227 3497 2298 imperii
3523 2228 3614 2286 die

382 2315 642 2388 Aquileiae
675 2315 963 2372 occiditur.

449 2522 795 2586 Aurelianus,
828 2521 1044 2576 Tetrico
1073 2518 1212 2590 apud
1227 2519 1583 2590 ‘Catalaunos

279 2609 286 2614 '
378 2594 644 2675 prodente
671 2591 972 2648 exercitum
1002 2587 1184 2658 suum,
1211 2587 1413 2644 Gallias
1445 2605 1588 2644 rece

377 2675 478 2735 mu

1937 2584 2043 2641 274
2293 2587 2321 2640 1

1935 2726 2043 2782 275
2286 2725 2323 2782 2

2053 2442 2078 2481 e
2110 2425 2302 2483 XXIX.
2332 2424 2776 2482 AURELIANUS
2807 2427 2966 2482 annis
2996 2443 3050 2492 ν,
3087 2428 3368 2485 mensibus
3392 2445 3466 2484 v1.

2503 2584 2856 2642 Antiochenaa
2883 2587 3142 2643 Ecclesia:
3171 2591 3435 2658 septimus
3461 2591 3613 2647 deci-

2438 2671 2562 2712 mus
2598 2659 2881 2713 ordinatur
2915 2662 3205 2730 episcopus
3236 2660 3576 2718 Timotheus.

361 2913 370 2922 ι
451 2849 479 2918 f
505 2846 740 2903 Zenobia
775 2848 918 2919 apud
951 2847 1148 2904 Immas
1174 2848 1318 2903 haud
1348 2850 1510 2920 longe
1539 2848 1607 2902 ab
1632 2845 1922 2901 Antiochia
1949 2846 2188 2902 vincitur
2222 2861 2396 2916 :quaa,
2415 2845 2601 2902 occiso
2623 2844 2908 2900 Odenatho
2937 2848 3157 2913 marito,
3182 2843 3428 2904 orientis
3458 2855 3610 2906 tene-

376 2941 472 2997 bat
495 2940 781 3010 imperium
811 2960 825 2995 :
859 2941 913 2994 in
943 2955 1049 3010 qua
1081 2956 1261 3011 pugna
1289 2941 1670 2996 strenuissime
1703 2940 1966 2996 adversus
1997 2954 2116 2995 eam
2151 2937 2431 2992 dimicavit
2458 2937 2824 3008 Pompeianus
2847 2938 2952 2993 dux
2979 2949 3338 3010 cognomento
3365 2939 3608 2995 Francus

378 3031 484 3104 [αι.
521 3031 806 3105 Staticus],
841 3033 1000 3102 cujus
1033 3033 1239 3088 familia
1270 3034 1539 3106 hodieque
1563 3032 1706 3106 apud
1750 3033 2095 3089 Antiochiam
2125 3039 2458 3104 perseverat,
2502 3047 2565 3086 ex
2590 3032 2746 3102 cujus
2769 3032 3034 3104 Evagrius
3063 3034 3422 3090 charissimus
3449 3034 3610 3089 nobis

373 3124 663 3197 presbyter
698 3126 867 3196 stirpe
900 3125 1203 3182 descendit.

444 3237 709 3294 Eusebius
751 3236 1102 3294 Laodicensis
1141 3238 1372 3309 insignis
1411 3238 1579 3296 habe-
1680 3242 1825 3313 264
1927 3237 2035 3295 276

371 3318 484 3364 tur.

2279 3241 2317 3295 ὅ

442 3425 798 3488 Aurelianum
844 3423 1031 3480 Romae
1077 3425 1503 3495 triumphantem
1546 3424 1798 3482 Tetricus
1849 3433 1904 3482 et
1953 3426 2195 3482 Zenobia
2239 3434 2661 3497 praecesserunt.
2699 3424 2743 3478 E
2783 3424 2984 3494 quibus
3027 3422 3278 3478 Tetricus
3327 3432 3608 3478 corrector

338 3507 560 3590 'postea
605 3518 864 3575 Lucaniae
901 3519 1006 3574 fuit
1045 3539 1058 3577 :
1092 3529 1148 3576 et
1195 3519 1434 3576 Zeuobia
1472 3521 1530 3577 in
1583 3520 1728 3578 Urbe
1778 3537 1996 3580 summo
2033 3523 2246 3580 honore
2275 3523 2568 3578 consenuit
2601 3539 2616 3577 :
2648 3537 2679 3576 a
2709 3535 2818 3592 quo
2847 3519 3118 3591 hodieque
3147 3519 3334 3574 Romae
3367 3518 3608 3573 Zenobia

369 3613 577 3669 familia
615 3620 982 3684 nuncupatur.

435 3746 470 3798 g
513 3728 851 3798 Aurelianus,
875 3726 1134 3798 templum
1162 3724 1273 3780 Soli
1306 3724 1566 3798 aediﬁcat,

365 3807 421 3856 et
437 3796 682 3853 Romam
713 3796 1048 3853 ﬁrmioribus
1078 3798 1253 3850 muris
1283 3797 1465 3849 vallat.

1140 3866 1564 3939 R.MXXX.

439 3939 472 3991 h
498 3938 756 3994 Romanaa
783 3937 1040 3994 Ecclesiae

363 4011 738 4080 epiSEOpatum
780 4010 1073 4065 vicesimus
1117 4008 1340 4079 quintus
1384 4022 1571 4064 susce-

367 4079 446 4150 pit
482 4079 631 4134 Felix
671 4080 828 4134 annis
855 4095 908 4133 ν.

1917 3724 2026 3780 277

1915 3796 2025 3851 278

1917 3933 2023 3990 279

2266 3727 2305 3850 ἓ
2471 3795 2700 3868 Primus
2726 3809 2866 3868 agon
2900 3793 3046 3852 Solis
3092 3793 3160 3850 ab
3185 3794 3481 3851 Aureliano
3519 3793 3607 3853 in-

2269 3934 2306 3989 6
2414 3866 2655 3923 stitutus.

1640 4249 1827 4307 NONA
1863 4249 2316 4306 PERSECUTIO.

429 4422 450 4489 ί
497 4431 824 4487 Aurelianus
853 4447 978 4486 cum
1011 4431 1302 4487 adversum
1336 4443 1438 4484 nos
1473 4429 1912 4500 persecutionem
1939 4430 2222 4495 movisset,
2252 4429 2452 4486 fulmen
2487 4431 2642 4503 juxta
2671 4446 2795 4486 eum
2826 4431 3163 4504 comitesque
3196 4435 3317 4505 ejus
3348 4435 3460 4492 ruit
3486 4456 3500 4494 :
3532 4456 3599 4497 ac

362 4541 472 4581 non
499 4525 673 4581 multo
703 4534 828 4595 post
856 4524 997 4579 inter
1022 4521 1562 4591 Constantinopolim
1585 4528 1641 4576 et
1662 4519 1972 4576 Heracliam
1998 4521 2055 4577 in
2085 4514 2468 4594 cachophrurio
2499 4523 2612 4580 Viae
2638 4523 2851 4581 Veteris
2878 4525 3167 4579 occiditur.

432 4760 464 4796 a
497 4739 706 4804 Παῦλος
751 4736 1122 4809 Σαμοσατεὺς,
1169 4734 1266 4806 τὴν
1311 4732 1648 4804 Ἀρτέμωνος
1687 4733 1924 4790 ἀνανεω-

360 4835 590 4906 σάμενος
627 4831 857 4903 αἵρεσιν,
902 4827 1132 4899 ὲξώσθη.
1179 4826 1508 4897 Ἀντιοχείας
1544 4825 1925 4889 ἑκκαιδέκατος

358 4930 649 4989 ἐπίσκοπος
679 4925 953 4996 Δομνῖνος.
982 4921 1140 4992 Sync.
1170 4937 1223 4990 ρ.
1255 4920 1380 4983 581,
1409 4919 1471 4982 Α,
1503 4919 1563 4973 Β.

428 5020 456 5073 b
495 5017 752 5079 Γαλιανὸς
814 5013 1028 5083 ἐσφάγη
1085 5013 1141 5065 ἐν
1196 5010 1527 5081 Μεδιολάνῳ.
1597 5007 1820 5079 Niceph.
1866 5025 1919 5078 ρ.

245 5171 248 5174 ,
354 5109 479 5176 401,
514 5106 575 5163 C.

426 5217 471 5254 c.
523 5197 741 5271 Ῥώμης
783 5203 869 5268 κη’
912 5194 1224 5248 ἐϐασίλευσε
1247 5193 1512 5257 Κλαύδιος
1538 5194 1656 5256 ἔτος
1701 5193 1777 5260 ἓν,
1812 5193 1919 5266 μῆ-

356 5309 452 5356 νας
477 5290 542 5344 0'.
581 5289 738 5361 Sync.
765 5303 818 5358 ρ.
847 5287 972 5353 584,
998 5287 1063 5351 Β,
1096 5295 1146 5340 et
1175 5285 1396 5354 Niceplt.
1435 5300 1488 5353 ρ.
1527 5286 1653 5349 401,
1680 5285 1742 5341 C.

425 5381 461 5435 ά
496 5380 762 5443 Κλαύδιος
799 5378 1026 5451 τελευτᾷ
1070 5379 1161 5431 τὸν
1212 5377 1343 5447 βίονο
1384 5375 1502 5447 μεθ’
1546 5376 1605 5429 ὃν
1643 5378 1919 5442 Κεντίλιος

354 5475 617 5546 κατέσχεν
661 5473 789 5539 ὅλας
834 5471 1047 5546 ἡμέρας
1098 5469 1182 5536 ιζ’,
1230 5470 1322 5524 καὶ
1365 5468 1618 5525 ἀπέθανε.
1666 5469 1828 5541 Sync.
1862 5488 1916 5541 ρ.

351 5568 475 5632 584,
508 5565 570 5624 C.

421 5675 449 5712 e
497 5644 713 5729 Ῥώμής
740 5656 820 5710 κθ¹
845 5655 1188 5710 ἐϐασίλευσεν
1220 5653 1551 5726 Αὐρηλιανὺς
1587 5653 1682 5726 ἔτη
1714 5651 1775 5719 ε’,
1818 5656 1922 5728 μῆ-

352 5768 450 5814 νας
478 5748 550 5815 ς’.
583 5749 744 5821 Sync.
771 5765 822 5817 p.
857 5749 985 5813 585.
1013 5749 1075 5811 ϐ,
1106 5758 1154 5802 et
1183 5747 1402 5817 Niceph.
1436 5747 1540 5802 fac.
1569 5746 1789 5816 praedic.

425 5841 454 5908 f
483 5838 816 5911 Αὐρηλιανὸς
863 5840 988 5904 τοὺς
1030 5837 1422 5909 Παλμυρηνοὺς
1461 5835 1792 5909 ἐχειρώσατο
1825 5839 1918 5894 καὶ

2029 4734 2258 4791 Γαλλίαν
2281 4735 2566 4802 ὑπέταξεν.
2603 4737 2763 4808 Sync.
2792 4753 2842 4806 ρ.
2869 4739 2995 4804 584,
3030 4739 3097 4796 D.
3147 4744 3232 4797 Ἐν
3263 4745 3466 4815 Ἰμμας
3495 4763 3592 4800 καρ-

2027 4825 2273 4898 λουμένῳ
2321 4830 2504 4900 χωρίῳ
2545 4831 2672 4893 τοὺς
2715 4832 2812 4902 μὲν
2863 4832 3256 4905 Παλμυρηνοὺς
3302 4835 3591 4910 διέφθειρε,

2027 4919 2287 4990 Ζηνοϐίαν
2331 4921 2388 4974 δὲ
2431 4923 2832 4994 χειρωσάμενος
2879 4927 2960 4988 εἰς
3001 4925 3218 5000 Ῥώμην
3263 4929 3458 4998 ἤγαγε,
3499 4931 3593 4983 καὶ

2029 5007 2405 5084 φιλανθρωπία
2456 5015 2800 5086 χρησάμενος
2852 5018 3017 5089 πολλῇ
3074 5021 3332 5075 συνάπτει
3389 5021 3596 5093 ταύτην

2027 5101 2250 5167 ἐνδόξως
2279 5103 2434 5174 ἀνδρὶ
2458 5103 2568 5157 τῶν
2592 5107 2650 5158 ὲν
2667 5107 2948 5178 γερουσίᾳ.
2974 5107 3199 5161 Ibidem.

2096 5209 2128 5262 g
2164 5194 2497 5267 Αὐρηλιανὸς
2543 5196 2696 5267 ἡλίου
2737 5198 2862 5251 ναὸν
2890 5201 2948 5251 ἐν
2982 5198 3169 5272 Ῥώμῃ
3198 5198 3589 5260 κατεσκεύασε.

2027 5282 2198 5349 Idem,
2227 5301 2279 5354 p.
2317 5286 2441 5350 585,
2472 5288 2538 5340 Α.

2093 5376 2128 5428 h
2175 5377 2460 5448 Ῥωμαίων
2517 5379 2813 5443 ἐπίσκοπος
2871 5379 3039 5451 Φῆλιξ
3089 5379 3182 5453 ἔτη
3232 5387 3294 5436 ε’.
3337 5380 3593 5454 ldem,p.

2024 5468 2151 5534 586,
2177 5469 2246 5526 B.

2097 5565 2116 5615 ί
2151 5563 2241 5633 Τῷ
2271 5569 2325 5628 ς’
2361 5563 2524 5616 αὐτοῦ
2559 5563 2670 5616 ἔτει
2714 5562 3051 5634 Αὑρηλιανὺς
3102 5563 3310 5634 μέλλων
3353 5563 3592 5637 διωγμὸν

2025 5659 2194 5710 κινεῖν
2231 5656 2373 5711 κατὰ
2410 5656 2750 5728 Χριστιανῶν
2777 5657 2903 5729 θείῳ
2932 5657 3180 5730 κεραυνῷ
3211 5658 3591 5715 διακωλύεταν

2027 5748 2300 5818 ωσκευῆς
2329 5748 2386 5801 δὲ
2416 5748 2716 5820 γενομένης
2743 5750 2872 5820 περὶ
2899 5747 3087 5817 αὐτοῦ,
3110 5751 3175 5802 ὲκ
3207 5749 3316 5804 τῶν
3347 5752 3465 5804 κατ’
3494 5753 3589 5808 αὑ-

2024 5839 2117 5893 τὸν
2146 5837 2503 5910 ἐδολοφονήθη
2535 5841 2592 5893 ὲν
2624 5837 2792 5910 καινῷ
2817 5841 3080 5916 φρουρίῳ.
3101 5839 3272 5913 Idem,
3297 5859 3349 5913 p.
3369 5841 3494 5908 585,
3525 5840 3588 5901 (Σ.
