4158 6422
519 400 620 458 891
645 456 664 473 ,
1298 389 1570 447 EUSEBH
1605 382 2084 446 CESARIENSIS
2121 382 2273 441 OPP.
2315 378 2498 438 PARS
2535 380 2576 435 I.
2605 410 2673 422 —
2702 375 3093 435 HISTORICA.
3671 373 3777 430 593

529 531 3745 568 MM

1776 644 1972 686 OLYIP.
2047 641 2311 684 CHRISTUS
2390 643 2517 682 ιιοΙ.

2299 766 2572 845 Constan-

2389 844 2502 889 tius

2325 930 2540 946 ~—

1761 940 2506 1070 ’ᾖἷῖἶᾶ

600 1144 806 1202 Bellum
838 1143 1118 1202 Persicum
1153 1155 1483 1204 nocturnum
1511 1143 1656 1215 apud
1691 1141 1979 1213 Singaram
2001 1183 2016 1208 ,
2050 1142 2104 1196 in
2149 1155 2257 1211 quo
2282 1137 2429 1194 haud
2472 1134 2694 1192 dubiam
2728 1133 3016 1189 victoriam
3053 1129 3286 1186 militum
3324 1127 3620 1186 stoliditate
3651 1141 3780 1198 per-

530 1241 789 1298 didimus.
822 1239 1010 1312 Neque
1039 1257 1170 1297 vero
1195 1242 1364 1296 ullum
1390 1241 1716 1297 Constantio
1746 1253 1814 1293 ex
1848 1253 2045 1299 novem
2087 1233 2426 1307 gravissimis
2459 1230 2657 1301 praeliis
2692 1236 2885 1284 contra
2921 1225 3120 1282 Persas
3156 1225 3376 1296 gravius
3411 1224 3611 1280 bellum
3657 1223 3778 1279 fuit.

529 1330 687 1397 Nam,
721 1341 774 1387 ut
805 1334 910 1388 alia
945 1335 1219 1400 omittam,
1252 1333 1429 1390 Nisibi
1460 1335 1712 1399 obsessa,
1748 1330 1999 1385 Bizabdze
2027 1339 2079 1384 et
2111 1327 2303 1382 Amida
2339 1333 2510 1396 captaa
2539 1333 2685 1378 sunt.

597 1423 1062 1495 Quadragesimus
1102 1427 1370 1483 Maximus
1398 1434 1522 1497 post
1569 1426 1866 1481 Macarium
1924 1423 2423 1494 Hierosolymorum
2477 1419 2771 1490 episcopus
2820 1415 3074 1471 moritur.
3125 1411 3258 1468 Post
3284 1428 3444 1484 quem
3483 1409 3781 1467 Ecclesiam

531 1516 721 1570 Ariani
751 1515 1057 1572 invadunt:
1090 1517 1142 1573 id
1168 1526 1253 1573 est
1280 1517 1541 1590 Cyrillus,
1581 1515 1909 1588 Eutychius,
1945 1530 2169 1570 rursum
2203 1512 2463 1585 Cyr-illus,
2495 1509 2752 1574 fremens,
2798 1509 2960 1563 tertio
2983 1506 3240 1579 Cyrillus,
3276 1505 3542 1567 Hilarius,
3584 1510 3785 1573 quarto

526 1611 806 1681 Cyrillus;
850 1626 1084 1681 quorum
1135 1611 1395 1684 Cyrillus,
1450 1626 1576 1666 cum
1608 1627 1638 1664 a
1670 1608 1907 1664 Maximo
1957 1607 2152 1664 fuisset
2182 1610 2465 1680 presbyter
2507 1603 2814 1667 ordinatus,
2863 1610 3074 1686 etpost
3106 1607 3335 1656 mortem
3379 1599 3498 1669 ejus
3527 1598 3602 1650 ita
3631 1595 3679 1650 ei
3713 1595 3786 1650 ab

527 1702 1036 1773 Acacio,episcopo
1063 1702 1412 1768 Caesariensi,
1472 1712 1528 1759 et
1557 1704 1774 1758 ca‘teris
1805 1703 2082 1774 episcopis
2136 1702 2357 1758 Arianis
2402 1701 2754 1772 episcopatus
2795 1696 3229 1766 promitterctur,
3282 1692 3327 1748 si
3375 1691 3782 1747 ordinationem

531 1785 749 1846 Maximi
801 1791 1168 1862 repudiasset,
1225 1791 1494 1849 diaconus
1553 1793 1610 1847 in
1660 1793 1893 1849 ecclesia
1941 1794 2347 1849 administravit
2394 1813 2407 1848 :
2457 1792 2528 1847 ob
2576 1805 2740 1861 quam
2798 1789 3135 1860 impietatem
3193 1787 3485 1844 sacerdotii
3534 1785 3783 1840 mercede

526 1891 812 1954 pensatus,
843 1883 1175 1952 Heraclium,
1209 1901 1372 1956 quem
1418 1885 1663 1941 moriens
1705 1883 1974 1942 Maximus
2019 1885 2076 1940 in
2118 1902 2279 1942 suum
2312 1885 2492 1940 locum
2525 1883 2908 1948 substituerat,
2952 1883 3109 1937 varia
3139 1880 3332 1936 fraude
3354 1878 3679 1943 sollicitans,
3714 1875 3785 1932 de

529 1978 790 2048 episcopo
813 1976 869 2030 in
893 1976 1272 2048 presbyterum
1302 1976 1634 2050 regradavit.

2045 939 2257 952 ——_

2097 2068 2203 2125 554
2416 2068 2485 2125 15

603 2180 872 2238 Romanae
900 2181 1161 2236 Ecclesiae
1193 2181 1508 2236 tricesimus
1539 2189 1770 2258 quartus
1812 2180 2100 2237 ordinatur
2134 2181 2424 2252 episcOpus
2461 2180 2729 2238 Liberius.
2753 2180 2874 2248 Quo
2905 2181 2959 2237 in
3005 2181 3257 2238 exsilium
3297 2180 3370 2236 ob
3419 2180 3576 2236 fidem
3607 2189 3786 2250 truso,

527 2290 720 2331 omnes
749 2274 934 2330 clerici
959 2275 1281 2345 juraverunt
1323 2272 1468 2344 quod
1501 2274 1711 2328 nullum
1743 2273 1911 2328 alium
1943 2273 2306 2343 susciperent.
2341 2273 2540 2329 Verum
2588 2290 2717 2328 cum
2761 2272 2910 2328 Felix
2944 2275 3012 2329 ab
3031 2273 3249 2329 Arianis
3279 2271 3473 2328 fuisset
3513 2276 3567 2330 in
3596 2289 3782 2330 sacer-

531 2365 744 2421 dotium
773 2366 1126 2430 substitutus,
1171 2366 1392 2438 plurimi
1424 2366 1812 2438 pejerarerunt
1844 2384 1858 2422 :
1903 2375 1957 2422 et
1992 2376 2117 2438 post
2147 2381 2350 2422 annum
2387 2382 2512 2422 cum
2545 2364 2727 2423 Felice
2758 2366 2917 2436 ejecti
2955 2374 3119 2434 sunt;
3165 2366 3294 2437 quia
3339 2363 3589 2422 Liberius
3621 2367 3789 2422 taedio

537 2461 714 2517 victus
740 2461 942 2526 exsilii,
972 2471 1026 2516 et
1056 2463 1111 2517 in
1131 2462 1387 2518 haeretica
1413 2463 1684 2533 pravitate
1713 2463 2094 2531 subscribens,
2125 2462 2356 2519 Romam
2387 2463 2546 2535 quasi
2570 2463 2746 2520 victor
2770 2463 3088 2518 intraverat.

599 2552 785 2628 Romae
819 2556 1056 2626 populus
1084 2555 1350 2628 adversus
1389 2557 1731 2628 Magnentta-
2640 2557 2962 2614 Vetranioni
2994 2557 3135 2625 apud
3171 2557 3421 2612 Naissum
3447 2571 3478 2609 a
3501 2555 3776 2611 Constan-

530 2627 965 2750 nosd.:ebellans
1015 2628 1086 2684 ab
1131 2625 1422 2684 Heraclida
1478 2625 1733 2685 senatore
2569 2631 2650 2686 tio
2690 2631 2900 2701 regium
2933 2629 3145 2699 insigne
3165 2628 3494 2682 detractum.

533 2712 630 2766 pro
676 2714 688 2750 ι
720 2713 804 2754 ur.

603 2787 918 2860 Magnentio
943 2791 1087 2862 apud
1111 2791 1570 2864 Augustodunum
1609 2790 1906 2861 arripiente
1956 2790 2268 2862 imperium,
2318 2791 2592 2848 Constans
2637 2791 2783 2846 haud
2813 2791 2974 2861 longe
3011 2789 3079 2846 ab
3110 2788 3394 2858 Hispania,
3433 2801 3577 2842 anno
3607 2784 3787 2842 aetatis

527 2897 643 2936 sum
673 2882 976 2948 tricesimo,
1011 2885 1225 2958 imperij
1263 2885 1347 2942 sui
1377 2885 1544 2941 tertio
1565 2885 1802 2951 decimo,
1849 2885 1902 2940 in
1929 2886 2177 2950 castello,
2203 2887 2290 2942 cui
2337 2900 2533 2939 nomen
2563 2892 2646 2940 est
2693 2884 2914 2950 Helene,
2957 2882 3303 2938 interficitur.
3350 2879 3524 2948 Quam
3561 2877 3634 2934 ob
3671 2891 3790 2932 rem

529 2973 744 3028 turbata
769 2989 827 3030 re
855 2973 1096 3046 publica,
1127 2973 1387 3031 Vetranio
1420 2974 1638 3039 Mursaz,
1659 2975 1995 3048 Nepotianus
2030 2978 2218 3033 Romae
2251 2976 2605 3046 imperatores
2637 2974 2786 3029 facti.

597 3067 888 3138 Nepotiani
918 3076 1086 3140 caput
1116 3071 1228 3140 pilo
1257 3085 1354 3142 per
1381 3068 1582 3126 Urbem
1617 3071 2022 3140 circumlatum,
2087 3071 2383 3141 multaeque
2436 3069 2866 3142 proscriptiones
2904 3066 3173 3122 nobilium
3207 3073 3263 3123 et
3293 3063 3472 3120 caedes
3501 3061 3681 3119 factae.

598 3253 859 3326 Nonnulli
889 3255 1154 3313 nobilium
1176 3256 1485 3313 Antiochia:
1513 3271 1544 3312 a
1574 3256 1733 3314 Gallo
2667 3253 2851 3311 Gallus
2871 3253 3179 3311 Constantii
3215 3251 3480 3326 patruelis
3496 3249 3679 3307 Caesar
3711 3248 3792 3304 fa-

527 3325 820 3383 interfecti.
2573 3333 2719 3382 etus.

480 3444 488 3452 '
596 3437 944 3510 Magnentius
970 3438 1168 3496 Mursae
1190 3441 1406 3498 victus:
1438 3443 1493 3497 in
1524 3458 1633 3513 quo
1663 3443 1849 3514 praelio
1886 3441 2145 3499 Romanae
2173 3443 2318 3497 vires
2350 3439 2728 3497 conciderunt.

595 3530 786 3588 Gallus
832 3529 1075 3598 Judzeos,
1126 3533 1220 3603 qui
1276 3533 1580 3592 interfectis
1632 3551 1731 3605 per
1779 3545 1996 3590 noctem
2065 3534 2336 3590 militibus
2388 3547 2538 3588 arma
2585 3531 2652 3587 ad
2697 3529 3072 3586 rebellandum
3109 3529 3444 3592 invaserant,
3493 3529 3789 3597 oppressit,

526 3625 688 3681 caesis
711 3623 902 3679 multis
932 3623 1216 3679 hominum
1249 3625 1516 3694 millibus,
1565 3641 1742 3711 usque
1772 3627 1838 3682 ad
1872 3627 2146 3681 innoxiam
2186 3634 2398 3682 aetatem
2435 3642 2449 3678 :
2490 3633 2544 3680 et
2576 3623 2828 3679 civitates
2856 3637 3046 3678 eorum
3079 3619 3493 3684 Dioeresaream,
3519 3617 3786 3674 Tiberia—

527 3721 676 3785 dem,
723 3727 778 3777 et
807 3718 1131 3791 Diospolim,
1165 3721 1514 3794 plurimaque
1545 3722 1746 3795 oppida
1779 3723 1893 3794 igni
1926 3721 2170 3777 tradidit.

1837 3843 1983 3915 284
2123 3838 2229 3915 ἔ)ῧῖ
2445 3835 2513 3915 19

599 3905 1740 3979 GennadiusForojuliensisoratorllomae
1839 3891 1983 3915 ὐτ
2121 3891 2229 3964 338
2448 3905 2515 3960 l7
2656 3903 2955 3979 Minervius
2995 3899 3412 3979 Burdigalensis
3461 3897 3652 3954 rhetor
3683 3891 3793 3948 Ro-

529 3977 766 4048 lnsignis
795 3979 1046 4034 habetur.
1079 3972 1096 3979 ⁷
2581 3991 2684 4030 mae
2712 3973 3100 4028 florentissime
3126 3972 3304 4027 docet.

599 4063 942 4138 Magnentius
971 4067 1221 4141 Lugduni
1253 4070 1309 4125 in
1339 4072 1543 4142 palatio
1577 4070 1800 4142 propria
1832 4085 1892 4127 se
1917 4083 2083 4124 manu
2121 4067 2380 4123 interﬁcit
2413 4082 2427 4120 :
2464 4075 2518 4122 et
2556 4063 2852 4120 Decentius
2893 4061 3062 4118 frater
3084 4061 3228 4132 ejus,
3265 4074 3427 4132 quem
3455 4058 3525 4114 ad
3560 4055 3796 4114 tuendas

529 4159 734 4216 Gallias
758 4158 1034 4218 Caesarem
1071 4161 1320 4228 miserat,
1351 4162 1495 4236 apud
1533 4162 1784 4219 Senonas
1814 4162 2013 4234 laqueo
2041 4161 2208 4214 vitam
2240 4160 2442 4230 explet.

1394 4280 1477 4351 Β.
1525 4279 1744 4354 MCX.
2137 4273 2243 4331 559
2458 4272 2527 4331 18
2598 4343 2631 4354 Α
2667 4269 2858 4354 Gallus
2885 4271 3068 4354 Caesar
3093 4269 3423 4352 sollicitatus
3447 4268 3792 4354 _a_Constan:

2595 4343 2672 4396 tio
2733 4343 3001 4411 patrueli,
3061 4341 3148 4395 cui
3205 4342 3258 4394 iu
3310 4338 3794 4412 suspicionem_ob

604 4411 866 4469 Silvanus
909 4413 965 4468 in
1012 4413 1188 4469 Gallia
1233 4430 1326 4471 res
1369 4431 1542 4471 novas
1585 4418 1750 4472 moli-
2591 4406 2798 4480 regiam
2848 4412 3080 4466 indolem
3135 4406 3426 4476 venerat,‘
3455 4411 3627 4466 lstriaa
3676 4406 3790 4480 [αι.

529 4493 621 4540 tus
652 4485 917 4541 vicesimo
955 4495 1150 4540 octavo
1184 4484 1273 4540 die
1297 4487 1608 4543 exstinctus
1635 4497 1743 4544 est.
2591 4480 2842 4554 Histone]
2869 4482 3159 4538 occiditur.

604 4600 923 4657 Victorinus
954 4601 1142 4656 rhetor
1166 4608 1220 4656 et
1254 4599 1500 4658 Donatus
1527 4600 1923 4672 grammaticus
1958 4610 2264 4674 praeceptor
2297 4614 2455 4656 meus
2486 4596 2676 4654 Romae
2706 4595 2951 4667 insignes
2984 4594 3257 4652 habentur
3279 4609 3297 4646 :
3317 4609 3349 4649 e
3374 4593 3577 4665 quibus
3599 4591 3794 4648 Victo-

525 4693 683 4749 rinus
715 4691 881 4746 etiam
907 4697 1144 4745 statuam
1174 4690 1230 4744 in
1270 4689 1392 4745 foro
1419 4689 1643 4761 Trajani
1675 4689 1776 4764 [αι.
1805 4687 2082 4762 Romano]
2119 4686 2337 4743 meruit.

598 4801 848 4857 Alcimus
906 4807 961 4855 et
1015 4797 1338 4870 Delphidius
1385 4800 1636 4856 rhetores
1689 4802 1743 4855 in
2137 4798 2244 4854 560
2459 4796 2526 4852 l9
2671 4794 2937 4870 Paulinus
2955 4792 3326 4870 etRhodanus
3357 4792 3656 4870 Galliarum
3688 4793 3795 4864 θρὶ-

525 4873 824 4937 Aquitania
855 4865 1249 4925 florentissime
1279 4870 1502 4926 docent.
2593 4866 2748 4937 scapi
2777 4868 2832 4920 in
2857 4866 3108 4922 exsilium
3126 4867 3197 4920 ob
3227 4865 3388 4921 fidem
3412 4865 3574 4921 trusi.

525 5014 560 5070 d
591 4940 797 4997 Petrus
824 4940 1265 5011 Caesaraugustae
1289 4949 1478 4996 orator
1507 4941 1743 5012 insignis

564 5022 709 5070 ocet.

601 5125 869 5197 Donatus,
905 5145 937 5186 a
968 5146 1078 5202 quo
1108 5145 1273 5203 supra
1299 5129 1637 5186 Donatianos
1667 5129 1778 5186 dici
1813 5131 1868 5184 in
1894 5127 2080 5184 Africa
2112 5124 2542 5183 memoravimus
2563 5161 2580 5189 ,
2615 5120 2967 5193 ICarthagine
3011 5120 3251 5192 pellitur.
3295 5120 3530 5188 Quidam
3558 5129 3795 5178 sectato-

531 5243 623 5283 res
649 5225 774 5298 ejus
800 5228 966 5281 etiam
1000 5223 1314 5282 Montenses
1349 5235 1569 5288 vocant,
1609 5239 1678 5280 eo
1709 5224 1855 5293 quod
1882 5221 2171 5279 ecclesiam
2204 5219 2390 5275 Romae
2421 5217 2657 5288 primum
2690 5215 2747 5269 in
2778 5222 2962 5269 monte
2989 5214 3191 5271 habere
3222 5221 3528 5284 cmperunt.

597 5317 869 5375 Eusebius
929 5316 1294 5373 Vercellcnsis
1324 5316 1636 5387 episeOpus,
1672 5325 1727 5372 et
1750 5313 1989 5378 Lucifer,
2023 5328 2087 5369 ac
2125 5312 2420 5385 Dionysius
2462 5307 2812 5370 Caralitanze,
2844 5314 2897 5362 et
2920 5305 3345 5363 Mediolancnsis
3377 5305 3637 5364 Ecclesia:
3676 5305 3795 5378 epi-

529 5412 705 5482 scopi,
759 5410 1084 5468 Paneratius
1109 5424 1328 5481 quoque
1378 5408 1659 5465 Romanus
1702 5407 2008 5479 presbyter,
2045 5413 2099 5462 et
2132 5404 2350 5460 Hilarus
2396 5403 2664 5458 diaconus
2705 5398 3042 5454 distantibus
3071 5399 3213 5454 inter
3241 5413 3302 5457 se
3329 5399 3399 5454 ab
3423 5399 3646 5455 Arianis
3667 5405 3721 5453 et
3760 5414 3791 5453 a

529 5506 854 5561 Constantio
883 5507 1214 5560 damnantur
1238 5503 1470 5559 exsiliis.

601 5621 851 5679 Julianus
899 5623 1070 5679 frater
1101 5622 1242 5678 Galli
1288 5619 1580 5679 Mediolani
1619 5619 1734 5675 Cte-
1900 5691 1907 5692 7
2130 5685 2225 5692 ___
2445 5685 2506 5692 μ
2659 5609 2974 5692 _Sar_matl_ia,
2999 5607 3284 5689 ématlms,
3323 5616 3380 5692 et
3398 5605 3674 5692 Macarius
3707 5603 3792 5660 di-

534 5677 1039 5775 εδειξρρεὲίειιυτοί
1086 5761 1219 5775 ..-.
1614 5770 1626 5775 _
1836 5691 1977 5763 285
2130 5687 2176 5742 δι

2130 5685 2230 5742 561
2441 5685 2514 5741 ²⁰
2591 5677 3612 5775 δί’ίινξξξῖἒῗξῗῗίεί.ΞῗῗὲῗὶδηὲῗΡὲἔῖξίῚῑ
3655 5745 3766 5775 --.ς

604 5747 868 5834 Reliquiae
891 5763 1122 5834 apostoli
1153 5761 1433 5820 Timothei
1461 5762 1732 5819 Constan-
1837 5747 1973 5763 ’ν’
2605 5821 2617 5833 _
2664 5747 2915 5832 Liberius
2936 5750 3227 5819 episcopus
3247 5747 3528 5805 Romanus
3560 5749 3614 5802 in
3653 5747 3793 5802 exsi-

604 5835 778 5889 vnolim
805 5834 1052 5889 invectae.
1388 5841 1392 5845 '
2583 5823 2715 5878 lium
2742 5829 2992 5877 mittitur.

532 5849 778 5908 noponm
805 5849 1052 5889 Invecue.
2583 5849 2715 5878 nutu
2742 5849 2992 5877 tantum.
