4158 6482
403 364 509 421 593
1626 362 2123 421 CHRONICORUM
2157 363 2285 419 LIB.
2328 364 2393 418 II.
3542 368 3643 427 59.]

1636 628 1827 669 OLYIP.
1878 629 2140 670 CHRISTUS
2213 628 2345 668 BOI.

2155 796 2429 877 Constan-

2221 875 2332 921 tius

469 1045 738 1103 Antonius
768 1045 1070 1102 monachus
1120 1046 1416 1102 centesimo
1452 1047 1642 1118 quinto
1676 1060 1823 1101 anno
1850 1047 2025 1103 aetatis
2072 1044 2131 1101 in
2174 1061 2359 1102 eremo
2407 1045 2657 1110 moritur,
2691 1044 2886 1101 solitus
2937 1043 3123 1101 multis
3155 1045 3223 1101 ad
3273 1061 3334 1101 se
3372 1044 3635 1102 venienti-

401 1140 504 1198 bus
534 1140 600 1196 de
633 1137 805 1195 Paulo
829 1138 1062 1211 quodam
1095 1137 1328 1195 Thebano
1366 1140 1515 1196 mirae
1564 1141 1913 1197 beatitudinis
1968 1141 2085 1195 viro
2138 1139 2341 1196 referre
2383 1139 2699 1210 complura:
2734 1138 2894 1208 cujus
2924 1152 3025 1195 nos
3050 1139 3253 1193 exitum
3273 1139 3423 1197 brevi
3452 1140 3632 1197 libello

400 1230 782 1301 explicuimus.

472 1320 709 1376 Ililarius
763 1320 1051 1391 episcOpus
1090 1318 1446 1376 Pictaviensis
1503 1319 1737 1376 factione
1791 1319 2072 1376 Saturnini
2127 1320 2456 1376 Arelatensis
2489 1320 2750 1391 episcopi,
2781 1321 3222 1391 reliquorumque
3263 1320 3355 1390 qui
3399 1333 3523 1375 cum
3564 1337 3629 1378 eo

402 1420 578 1480 erant,
606 1412 956 1477 Arianorum,
985 1422 1109 1467 ante
1133 1413 1429 1469 triennium
1461 1415 1518 1468 in
1554 1412 1841 1485 Phrygiam
1870 1415 2061 1484 pulsus
2092 1414 2260 1469 libros
2288 1412 2355 1468 de
2383 1420 2570 1469 nostra
2591 1413 2853 1483 religione
2880 1412 3176 1482 componit.

473 1502 729 1560 Saraceni
777 1505 834 1559 in
872 1505 1264 1559 monasterium
1303 1504 1445 1559 beati
1472 1503 1690 1559 Antonii
1718 1505 1988 1562 irruentes
2023 1504 2365 1559 Sarmatham
2393 1504 2743 1559 interficiunt.

470 1593 674 1669 Magnae
709 1595 1135 1650 Alamannorum
1170 1594 1337 1666 c0pize
1366 1594 1508 1665 apud
1536 1595 1956 1667 Argentoratum
1988 1593 2086 1667 [αι.
2109 1594 2508 1666 Argentarium,
2533 1594 2676 1664 infra
2704 1591 3396 1667 Argentariam],oppidum
3427 1590 3629 1648 Gallia-

400 1705 542 1758 rum,
571 1706 602 1745 a
639 1690 851 1747 Caesare
870 1687 1086 1745 Iuliano
1112 1704 1403 1761 oppressae.

475 1840 773 1913 Evanthius
826 1841 1231 1898 eruditissimus
1277 1843 1596 1912 grammati-
1944 1841 2050 1897 562
2258 1842 2323 1900 21
2527 1842 2853 1897 Constantio
2888 1840 3126 1913 Romam
3174 1843 3450 1913 ingresso,
3503 1857 3628 1899 ossa

399 1928 601 1985 eorum
632 1912 1102 1985 Constantinopoli
1144 1910 1296 1985 diem
1332 1913 1465 1966 obiit
1494 1931 1507 1966 :
1539 1913 1596 1967 in
2431 1915 2657 1985 Andreas
2684 1912 2959 1985 apostoliL
2983 1920 3039 1969 et
3063 1910 3257 1985 Lunai
3283 1913 3631 1985 evangelista

401 1984 558 2106 eujtus
588 1982 769 2038 locum
806 1998 873 2038 ex
910 1981 1091 2039 Africa
1133 1982 1397 2038 Chrestus
1432 1997 1593 2038 assu-
2432 1998 2463 2037 a
2496 1981 3109 2052 Constantinopolitanis
3139 1984 3278 2039 miro
3301 1981 3483 2040 favore
3509 1999 3631 2041 sus-

402 2069 472 2108 nn
503 2069 588 2107 ur.
2184 2116 2187 2119 η
2428 2062 2607 2124 cepta.

468 2144 730 2200 Paulinus
781 2142 1127 2201 Trevirorum
1172 2145 1460 2216 episc0pus
1492 2146 1547 2199 in
1577 2143 1808 2217 Phrygia
1850 2144 1948 2217 [αι.
1984 2116 2202 2219 Pythia]
2229 2116 2512 2205 exsulans-
2534 2147 2784 2204 moritur.

472 2234 785 2293 Nicomedia
810 2241 967 2291 terrm
993 2242 1143 2290 motu
1176 2233 1420 2291 funditus
1446 2249 1658 2300 eversa,
1692 2234 1885 2290 vicinis
1916 2234 2145 2292 urbibus
2175 2252 2241 2292 ex
2273 2243 2427 2306 parte
2454 2236 2713 2291 versatis.

1934 2325 2040 2381 565
2253 2326 2326 2381 2‘2

471 2440 719 2513 Synmlus
752 2440 893 2511 apud
931 2441 1235 2496 Ariminum
1278 2448 1334 2496 et
1375 2438 1675 2496 Seleuciam
1706 2437 1928 2494 Isauria:
1971 2436 2160 2495 facta:
2208 2440 2263 2495 in
2308 2456 2413 2511 qua
2447 2439 2675 2511 antiqua
2719 2435 2942 2494 Patrum
2978 2438 3133 2505 fides,
3162 2439 3351 2499 decem
3394 2441 3629 2513 primum

402 2534 722 2602 legatorum,
751 2534 946 2588 dehinc
976 2533 1217 2587 omnium
1250 2532 1552 2603 proditione
1583 2530 1836 2585 damnata
1862 2536 1965 2586 est.

468 2623 727 2689 Hilarius,
769 2640 891 2679 cum
944 2623 1086 2694 apud
1134 2623 1596 2693 Constantinopo-
1946 2620 2052 2678 564
2262 2623 2336 2680 23
2437 2693 2467 2695 ἢ
2511 2622 2817 2695 Honoratus
2839 2638 2905 2678 ex
2935 2623 3475 2695 praefectopmtorio
3502 2622 3631 2695 Gal.

401 2694 492 2747 lim
526 2694 721 2766 librum
760 2710 864 2764 pro
890 2710 948 2766 se
972 2692 1290 2750 Constantio
1320 2692 1598 2766 porreris-
2435 2693 2878 2766 liarumprimus
2924 2692 3395 2766 Constantinopoli
3437 2692 3631 2764 praefe-

402 2771 503 2821 set.
531 2765 596 2818 ad
627 2762 832 2820 Gallias
858 2764 1037 2819 rediit.
1320 2762 1336 2766 “
2425 2771 2548 2818 ctus
2582 2763 2699 2816 urbi
2732 2762 2928 2819 factus.

470 2833 821 2891 Macedonius
842 2834 1314 2906 Constantinopoli
1352 2834 1602 2906 pellitur-
2504 2831 2819 2955 Gratianus.
2854 2834 2948 2904 qui
2980 2847 3131 2889 nunc
3182 2834 3479 2904 imperator
3521 2839 3626 2895 est,

2427 2918 2580 2958 nasci
2610 2918 2698 2957 ur.

468 3017 669 3076 Omnes
700 3037 836 3091 pene
861 3028 974 3076 toto
997 3022 1128 3079 orbe
1151 3020 1407 3078 Ecclesia:
1433 3022 1535 3077 sub
1552 3021 1778 3076 nomine
1800 3021 1950 3092 pacis
1970 3027 2025 3077 et
2052 3021 2197 3095 regis
2217 3020 2545 3076 Arianorum
2572 3019 2853 3075 consortio
2874 3019 3210 3089 polluuntur.

431 3178 443 3189 .
478 3108 832 3197 Constantius
878 3110 1417 3197 Mopsocrenisinter
1457 3112 1591 3168 Cili-
1658 3126 1798 3197 286
1944 3111 2049 3169 365
2264 3111 2335 3166 24
2454 3111 2978 3197 "constantinopoli
3007 3110 3241 3166 maxima
3285 3107 3516 3165 ecclesia
3543 3109 3632 3165 de~

396 3181 537 3252 ciam
587 3181 1092 3252 Cappadociamque
1133 3183 1398 3249 moritur,
1448 3198 1592 3238 anno
1660 3181 1797 3197 ’νυ
2436 3181 2672 3252 dicatur.

394 3250 569 3303 aetatis
589 3246 822 3323 λιῖἱαι.
849 3246 1021 3323 nu]:
1383 3246 1392 3249 ⁷
2442 3321 2449 3323 ξ
2505 3251 2681 3323 tlaltia
2703 3249 3090 3323 perAIIilarium
3137 3248 3500 3323 Ariminensis
3526 3246 3628 3321 [αι.

2425 3320 2665 3393 Arianae]
2699 3319 2939 3392 perfidia:
2961 3319 3115 3377 dolos
3144 3320 3385 3375 damnat.

465 3453 713 3511 Meletius
752 3454 1013 3511 Sebastia:
1043 3456 1421 3512 Armeniorum
1457 3456 1745 3527 episcopus
1776 3454 1845 3511 ab
1878 3454 2080 3510 Acacio
2129 3470 2186 3515 et
2221 3456 2454 3530 Georgio
2506 3453 2781 3524 episcopis
2818 3452 3036 3509 Arianis
3075 3452 3420 3509 Antiochiam
3452 3460 3632 3508 trans-

394 3548 605 3604 fertur:
648 3554 703 3601 et
746 3555 869 3617 post
908 3564 1018 3603 non
1059 3549 1264 3621 grande
1310 3552 1572 3621 temporis
1614 3550 1981 3616 intervallum,
2026 3564 2152 3605 eum
2182 3548 2551 3621 presbyteros,
2600 3548 2694 3618 qui
2732 3548 2800 3603 ab
2841 3547 3087 3603 Eudoxio
3133 3555 3481 3603 anteeessore
3529 3560 3629 3602 suo

393 3637 629 3712 depositi
658 3639 896 3705 fuerant,
928 3642 1287 3713 suscepisset,
1314 3643 1492 3698 exsilii
1516 3642 1880 3713 justissimam
1907 3657 2133 3701 causam
2171 3641 2351 3698 subita
2380 3640 2506 3697 fidei
2539 3640 2909 3697 demutatione
2936 3638 3155 3695 delusit.

477 3761 722 3880 Georgi-0.
755 3814 851 3880 per
897 3797 1455 3880 seditionemupopuli.
1499 3800 1585 3880 in—
2152 3794 2445 3852 XXXVIII.
2476 3793 2807 3850 JULIANUS
2841 3809 2985 3848 anno
3010 3807 3140 3858 uno,
3172 3791 3453 3847 mensibus
3482 3799 3624 3847 octo.

393 3879 579 3928 eenso,
598 3867 774 3936 quiin’
799 3872 971 3924 locum
992 3867 1269 3922 Athanasii
1316 3867 1384 3923 ab
1427 3869 1585 3922 Aria-

392 3936 481 3989 nis
534 3936 709 3991 fuerat
760 3938 1066 4003 ordinatus,
1102 3938 1436 3994 Athanasius
1464 3938 1587 3994 Ale-
1933 3938 1965 3992 3

1941 3936 2038 3993 566
2286 3937 2313 3991 I

394 4005 673 4061 xandriam
709 4011 1021 4065 revertitur.

460 4120 679 4182 Juliano
734 4126 801 4181 ad
850 4126 1120 4183 idolorum
1160 4127 1367 4182 cultum
1410 4142 1698 4194 converso,
1744 4124 1943 4181 blanda
1983 4124 2291 4196 persecutio
2340 4123 2442 4178 fuit
2492 4121 2723 4177 illiciens
2766 4123 2962 4194 magis,
3016 4137 3180 4194 quam
3226 4121 3509 4192 impellens
3562 4119 3626 4173 ad

394 4219 808 4274 sacrificandum
845 4239 859 4274 :
896 4220 951 4275 in
990 4234 1098 4291 qua
1131 4220 1285 4274 multi
1322 4236 1386 4274 ex
1419 4221 1625 4276 nostris
1650 4219 1928 4273 voluntate
1954 4220 2173 4288 propria
2206 4222 2554 4272 corruerunt.

462 4312 728 4370 Eusebius
752 4322 806 4371 et
834 4313 1050 4372 Lucifer
1068 4315 1135 4371 de
1160 4316 1356 4372 exsilio
1384 4325 1730 4372 revertuntur
1758 4336 1770 4371 :
1796 4330 1828 4371 e
1860 4316 2058 4386 quibus
2087 4312 2304 4370 Lucifer
2356 4316 2553 4374 ascitis
2591 4314 2805 4371 duobus
2867 4312 3277 4370 confessoribus
3322 4311 3626 4375 Paulinum,

392 4405 673 4463 Eustachii
705 4408 945 4478 episcopi
998 4409 1396 4481 presbyterum,
1421 4409 1517 4480 qui
1567 4424 1627 4465 se
1664 4423 1940 4479 nunquam
1968 4406 2346 4463 haereticorum
2372 4408 2758 4464 communione
2786 4406 3074 4477 polluerat,
3106 4404 3163 4459 in
3188 4410 3341 4475 parte
3363 4401 3629 4457 catholica

391 4498 695 4555 Antiochia:
723 4500 1040 4571 episcopum
1073 4499 1223 4556 facit.

1941 4588 2047 4645 567
2290 4588 2331 4644 2
2500 4588 2829 4645 )Emilianus
2864 4587 2935 4643 ob
2965 4601 3184 4640 ararum
3217 4581 3627 4640 subversionem

2428 4658 2715 4715 Dorostori
2746 4674 2777 4712 a
2804 4658 3013 4713 vicario
3035 4656 3364 4713 incenditur.

459 4776 830 4836 Prohaeresius
890 4780 1133 4850 sOphista
1183 4781 1552 4847 Atheniensis,
1584 4781 1701 4853 lege
1743 4781 1888 4845 data,
1929 4796 1997 4837 ne
2029 4779 2323 4835 Christiani
2375 4778 2680 4834 liberalium
2728 4777 2926 4831 artium
2976 4775 3233 4831 doctores
3260 4776 3467 4834 essent,
3501 4778 3629 4824 cum

391 4874 494 4929 sibi
526 4874 837 4943 specialiter
858 4871 1110 4930 Julianus
1140 4873 1481 4938 concederet,
1511 4882 1572 4928 ut
1609 4873 1950 4929 Christianos
1974 4872 2216 4937 doceret,
2249 4870 2492 4927 scholam
2522 4875 2715 4940 sponte
2742 4865 3005 4923 deseruit.

458 4960 705 5018 Ecclesia
753 4960 1057 5015 Antiochim
1112 4962 1319 5025 clausa,
1379 4970 1434 5017 et
1486 4962 1808 5033 gravissima
1850 4961 2185 5016 imminentis
2244 4958 2648 5030 persecutionis
2706 4958 2947 5028 procella
2990 4955 3085 5013 Dei
3117 4956 3401 5011 voluntate
3450 4950 3630 5022 sopita

389 5061 493 5109 est.
542 5054 678 5109 Nam
717 5051 969 5109 Julianus
1008 5054 1064 5109 in
1109 5054 1302 5109 Persas
1332 5052 1607 5124 profectus
1651 5063 1898 5109 nostrum
1930 5061 2056 5124 post
2089 5054 2373 5108 victoriam
2402 5053 2513 5109 diis
2551 5053 2877 5123 sanguinem
2905 5056 3128 5106 voverat
3158 5067 3171 5102 :
3205 5045 3298 5102 ubi
3328 5060 3358 5099 a
3390 5042 3630 5116 quodam

390 5150 647 5205 simulato
696 5148 921 5220 perfuga
975 5148 1042 5203 ad
1075 5147 1286 5204 deserta
1328 5149 1645 5218 perductus,
1679 5164 1803 5205 cum
1839 5148 1982 5204 fame
2023 5157 2078 5204 et
2121 5149 2212 5204 siti
2259 5148 2521 5219 Apostata
2552 5148 2882 5220 perdidisset
2903 5143 3226 5209 exercitum,
3259 5148 3314 5196 et
3349 5138 3630 5195 inconsul-

390 5240 501 5297 tius
549 5258 581 5298 a
634 5257 857 5298 suorum
889 5248 1100 5297 erraret
1146 5241 1476 5313 agminibus,
1528 5243 1597 5298 ab
1630 5243 1790 5297 obvio
1835 5241 1974 5297 forte
2021 5242 2261 5298 hostium
2303 5241 2485 5311 equite
2523 5248 2686 5295 conto
2728 5239 2821 5292 ilia
2881 5235 3165 5308 perfossus
3220 5231 3449 5297 interiit,
3482 5244 3629 5285 anno

387 5333 564 5389 (etatis
617 5348 746 5389 χχχι
799 5332 901 5407 [αι.
960 5331 1159 5405 xxxu].
1217 5332 1348 5388 Post
1402 5347 1563 5403 quem
1610 5332 1867 5404 sequenti
1913 5333 2007 5388 die
2065 5330 2331 5388 Iovianus
2376 5346 2444 5386 ex
2484 5329 2800 5400 primicerio
2843 5326 3273 5383 domesticorum
3331 5323 3628 5395 imperator

387 5422 565 5480 factus
615 5429 720 5479 est.

1992 5513 2233 5571 XXXIX.
2274 5510 2613 5570 JOVIANUS
2638 5512 2919 5568 mensibus
2946 5516 3090 5567 octo.

455 5608 718 5665 Jovianus
745 5622 929 5663 rerum
956 5606 1297 5662 necessitate
1331 5606 1584 5674 compul-

387 5693 484 5736 sus
525 5679 735 5734 Nisibin
780 5686 836 5733 et
893 5692 1140 5748 magnam
1187 5668 1587 5748 Mesopotamiae
1929 5674 2034 5731 368
2283 5675 2307 5729 I
2493 5671 2819 5748 Sugrogatus
2876 5668 3219 5748 Horcgﬂjnus
3275 5678 3625 5741 numerabo-

381 5758 597 5821 partem
628 5748 824 5820 Sapori
856 5739 1297 5820 regi'Persarum
1332 5739 1574 5801 tradidit.
2424 5759 2521 5813 pas
2563 5739 2989 5812 Rothomagemis
3030 5739 3163 5796 VII.
