4158 6460
471 351 578 410 επ
1161 353 1426 412 EUSEBII
1465 355 1942 412 cassam-3:515
1982 357 2132 414 ore.
2175 357 2362 414 rans
2401 359 2442 416 ι.
2477 389 2548 401 -
2585 345 2982 420 nisi-omasi
3511 391 3516 396 -
3609 365 3716 422 sas

1263 515 3704 542 ——————————————————————_——————a

539 595 793 667 Synodus
823 595 1124 650 Antiochia
1159 610 1190 648 a
1219 595 1434 651 Meletio
1473 603 1526 650 et
1567 597 1683 649 suis
1735 593 1898 658 facta,
1933 595 1990 648 in
2027 611 2138 667 qua
2185 595 2460 650 homonio
2491 612 2836 667 anomaeoque
2867 605 3092 668 relecto,
3125 600 3362 654 medium
3415 601 3556 656 inter
3601 601 3714 658 hac

466 688 794 742 homantsion
833 685 1280 744 Macedonianum
1310 687 1504 756 dogma
1537 687 1972 742 vindicaverunt.

539 777 801 833 Iovianus
845 779 1132 838 cruditate.
1185 779 1298 832 sive
1337 777 1506 832 odore
1555 793 1878 848 prunarum,
1931 793 2070 846 quas
2113 779 2312 836 nimias
2366 779 2570 834 adoleri
2609 779 2873 850 iusserat,
2921 779 3248 838 Dadastanae
3289 787 3538 850 moritur,
3569 801 3718 842 anno

467 873 644 927 aetatis
665 887 848 926 xxxiv.
871 869 1002 926 Post
1024 887 1182 942 quem
1203 870 1611 928 Valentinianus
1663 873 1916 926 tribunus
1947 873 2336 938 scutariorum,
2359 887 2390 928 e
2433 871 2712 928 Pannonia
2743 871 3050 930 Cibalensis
3077 875 3220 946 apud
3267 875 3498 933 Nicaam
3529 879 3716 950 Augu-

467 975 590 1023 stus
619 967 948 1038 appellatus,
979 965 1201 1022 fratrem
1233 963 1510 1021 Valentem
1531 963 2000 1036 ConstantinOpoli
2029 965 2086 1018 in
2115 965 2454 1022 consortium
2479 965 2632 1038 regni
2659 966 2914 1022 assumit.

1699 1133 1890 1176 οιῖιιν.
1963 1134 2226 1176 εειιίετυε
2297 1135 2426 1174 ιιοι.

1727 1229 1734 1236 .
2157 1191 2570 1248 Valentinianus

2338 1273 2394 1316 et

2264 1329 2466 1386 Valens

489 1495 829 1578 Apollinaris
847 1495 1204 1578 Laodicensis
1227 1497 1517 1568 episcopus
1541 1493 1676 1550 mul-
2215 1499 2314 1558 XL
2335 1535 2350 1551 .
2387 1492 2960 1578 VALENTllVlANUS,
2995 1507 3048 1556 et
3089 1497 3362 1554 VALENS
3393 1501 3554 1557 annis
3587 1513 3714 1568 xm,

461 1568 1176 1660 ἮῖὝῨΞέἳδὲἷἮθέξῖὄίο·
1253 1567 1334 1660 Β.
1375 1587 1650 1660 MCXX.
1743 1589 1884 1658 287
2021 1633 2103 1660 ηρ.

1253 1567 1334 1660 n.
1375 1587 1650 1660 MCXX.
1743 1589 1884 1658 287
2380 1635 2402 1660 .
2513 1567 2887 1632 me“5“’“5"-=

461 1639 550 1693 nis
583 1639 784 1708 scripta
805 1633 1100 1709 componit.
1253 1633 1334 1660 “’
1375 1633 1650 1660 mw"
1745 1633 1870 1658 δυ’
2021 1633 2126 1690 369
2379 1635 2406 1690 1

531 1727 950 1786 Valentinianus
995 1728 1249 1800 egregius
1296 1727 1432 1781 alias
1489 1727 1786 1796 imperator
1819 1735 1873 1782 et
1921 1727 2216 1782 Aureliano
2253 1727 2498 1782 moribus
2557 1727 2776 1794 similis,
2827 1731 2936 1786 nisi
2993 1733 3138 1804 quod
3201 1735 3546 1790 severitatem
3575 1735 3714 1806 .ejus

463 1825 686 1878 nimiam
715 1831 768 1878 et
795 1823 1116 1892 parcitatem
1143 1823 1364 1893 quidam
1399 1821 1778 1876 crudelitatem
1817 1827 1874 1876 et
1893 1821 2188 1876 avaritiam
2207 1821 2732 1892 interpretabantur.

529 1911 882 1974 Terriernotu
916 1935 1012 1990 per
1045 1925 1222 1974 totum
1247 1917 1436 1972 orbem
1490 1915 1658 1982 facto,
1690 1931 1842 1971 mare
1869 1915 2022 1971 littus
2062 1913 2364 1988 egreditur,
2402 1921 2457 1970 et
2499 1913 2698 1971 Siciliae
2745 1917 3154 1990 mnitarumque
3191 1921 3494 1976 insularum
3550 1925 3718 1976 innu-

461 2014 750 2070 merabiles
789 2013 1020 2085 populos
1051 2011 1332 2082 opprimit.

541 2103 737 2159 Valens
769 2105 838 2159 ab
887 2103 1132 2158 Eudoxio
1179 2102 1504 2156 Arianorum
1551 2103 1670 2172 epi-
2025 2103 2140 2159 570
2377 2101 2416 2156 2

462 2189 630 2244 scopo
659 2175 967 2244 baptizatus
995 2183 1216 2230 nostros
1247 2175 1610 2244 persequitur.

531 2267 856 2337 Procopius,
907 2267 1002 2338 qui
1044 2267 1188 2338 apud
1238 2266 1770 2336 Constantinopolim
1819 2265 2168 2338 tyrannidem
2205 2269 2503 2336 invaserat,
2535 2268 2682 2340 apud
2707 2267 3002 2340 Phrygiam
3047 2271 3354 2326 salutarem
3407 2271 3722 2326 exstinctus

461 2367 546 2416 est
583 2367 676 2416 :et
705 2359 922 2431 plurimi
958 2357 1310 2431 Procopianm
1337 2359 1510 2430 partis
1549 2359 1676 2414 cmsi
1703 2368 1868 2431 atque
1903 2361 2216 2432 proscripti.

531 2449 791 2507 Romana:
837 2449 1096 2506 Ecclesia:
1125 2451 1437 2508 tricesimus
1463 2451 1689 2523 quintus
1717 2451 2002 2508 ordinatur
2045 2454 2336 2525 episcOpus
2363 2453 2650 2511 Damasus.
2683 2452 2748 2508 Et
2773 2463 2897 2524 post
2933 2467 3040 2508 non
3077 2453 3310 2507 multum
3341 2455 3604 2524 temporis
3627 2455 3718 2508 in-

461 2541 749 2596 tervallum
799 2541 1026 2599 Ursinus
1059 2542 1154 2615 [αι.
1189 2543 1500 2618 Ursicinus]
1535 2561 1565 2599 a
1599 2545 1926 2618 quibusdam
1977 2548 2268 2616 episcopus
2301 2547 2632 2602 constitutus
2677 2545 2982 2601 Sicininum
3017 2563 3139 2601 cum
3173 2548 3290 2603 suis
3323 2547 3570 2602 invadit:
3607 2559 3724 2618 quo

461 2633 802 2693 Damasianae
833 2639 1002 2708 partis
1025 2638 1226 2709 populo
1261 2639 1588 2700 conﬂuente.
1625 2639 2020 2696 crudelissimae
2059 2639 2466 2696 interfectiones
2489 2639 2690 2696 diversi
2727 2655 2890 2696 sexus
2917 2647 3256 2710 perpetratae.

531 2731 825 2804 Gratianus
855 2729 1224 2804 valentiniani
1271 2733 1418 2789 ﬁlius
1444 2733 1664 2789 Ambia-
2015 2734 2114 2790 571
2365 2737 2402 2791 3
2575 2733 2732 2804 Apud
2784 2733 3076 2804 Atrebatas
3121 2733 3247 2788 lana
3277 2749 3310 2789 e
3353 2733 3495 2788 caelo
3518 2733 3724 2802 pluviae

463 2801 551 2858 nis
577 2803 872 2874 imperator
901 2803 1100 2859 factus.
2507 2801 2672 2874 mista
2703 2803 2910 2874 deﬂuit.

2542 2873 2814 2998 'lﬂilarius
2861 2872 3222 2930 Pictaviensis
3259 2874 3552 2945 episcopus
3593 2889 3720 2930 mo-

2509 2961 2554 2998 n
2587 2961 2668 2998 ur.

533 3037 708 3093 Tanta
757 3039 1230 3112 Constantinopoli
1257 3048 1343 3096 est
1387 3049 1508 3096 orta
1553 3047 1871 3112 tempestas,
1917 3049 1980 3096 ut
2019 3040 2172 3096 mira
2213 3041 2604 3114 magnitudinis
2642 3042 2901 3100 decidens
2951 3043 3160 3114 grando
3199 3043 3494 3098 nonnullos
3539 3041 3724 3098 homi-

463 3145 592 3186 num
633 3131 987 3188 interfecerit.

533 3221 796 3297 Libanius
847 3223 1222 3281 Antiochenus
1281 3221 1466 3278 rhetor
1493 3239 1664 3296 agno-
1863 3239 1870 3246 ·
2015 3223 2120 3280 572
2367 3225 2403 3281 4
2579 3223 2780 3290 Nicaea,
2835 3242 2956 3297 quae
3011 3241 3156 3296 διῆρε
3207 3233 3334 3280 ante
3395 3231 3724 3289 corruerat,

466 3294 658 3348 scitur.
1537 3294 1550 3296 “
2511 3305 2671 3352 terra:
2703 3294 2867 3351 motu'
2890 3294 3136 3352 funditus
3160 3311 3372 3352 eversa.

533 3363 688 3434 Agon
723 3364 1198 3438 Constantinopoli
1225 3379 1257 3419 a
1280 3363 1510 3422 Valente
1539 3364 1666 3420 rcd-
1733 3404 1872 3438 οοο
2015 3435 2119 3438 ku
2376 3437 2403 3438 η
2579 3367 2847 3424 Eusebius
2873 3365 3236 3424 Verceltcnsis
3279 3367 3572 3438 episcopus
3603 3379 3722 3420 mo-

464 3404 688 3488 diiﬁﬁ.”
725 3404 1257 3438 “”“”’““““”¹’”““
1299 3404 1508 3422 ’““’“’”
1539 3404 1664 3420 “““”
1733 3404 1876 3474 288
2015 3435 2124 3490 573
2371 3437 2408 3492 5
2515 3404 2676 3492 τίὶιΐὲῗ

534 3528 904 3585 Athanaricus
951 3543 1044 3586 rex
1093 3527 1393 3584 Gothorum
1438 3529 1494 3582 in
1526 3527 1872 3584 Christianos
1905 3527 2287 3600 persecutione
2317 3535 2466 3584 mota
2522 3530 2793 3600 plurimos
2821 3529 3083 3585 interﬁcit
3115 3535 3208 3584 :et
3239 3527 3308 3584 de
3345 3527 3584 3600 propriis
3629 3541 3726 3584 se-

466 3621 628 3678 dibus
653 3620 708 3674 in
743 3619 1050 3676 Romanum
1081 3621 1258 3676 solum
1285 3621 1526 3692 expellit.

538 3707 732 3781 Magna
761 3709 934 3767 fames
967 3712 1022 3766 in
1051 3709 1310 3786 Phrygia.
2022 3709 2130 3764 574
2379 3711 2414 3766 6
2552 3783 2564 3794 .
2589 3712 3068 3839 Constantipopoli
3101 3711 3488 3782 Apostolorum
3523 3710 3726 3782 Marty-

2519 3799 2662 3838 rnnn
2733 3803 2780 3839 et
2805 3798 2885 3837 ica
2915 3799 2998 3837 ur.

2519 3799 2662 3838 num
2695 3798 2796 3839 de“
2805 3798 2946 3837 tcatu
2955 3799 2998 3836 l’.

537 3866 760 3923 Lucifer
807 3869 1150 3927 Caralitanus
1190 3870 1481 3941 episcopus
1527 3871 1781 3936 moritur,
1813 3871 1906 3944 qui
1964 3885 2091 3926 cum
2123 3871 2388 3944 Gregorio
2439 3875 2696 3946 episcopo
2721 3875 3125 3946 lliSpauiarum,
3159 3879 3214 3930 et
3251 3871 3482 3930 Philone
3519 3871 3724 3944 Libya,

465 3975 747 4030 nunquam
773 3975 832 4016 se
858 3961 1070 4016 Arianae
1099 3963 1318 4018 miscuit
1345 3961 1622 4032 pravitati.

537 4051 864 4112 Maximinus
923 4051 1212 4124 praefectus
1251 4067 1483 4108 annonae
1522 4049 1801 4109 maleﬁcos
1837 4052 1907 4109 ab
1937 4053 2267 4126 imperatore
2311 4055 2642 4128 investigare
2679 4053 2891 4124 jussus,
2923 4053 3190 4126 plurimos
3223 4051 3410 4110 Romae
3457 4054 3726 4110 nobilium

463 4145 691 4204 occidit.

541 4236 865 4294 Valentinus
917 4239 972 4293 in
1027 4237 1328 4306 Britannia,
1373 4247 1666 4308 antequam
2021 4239 2130 4296 375
2375 4239 2408 4293 7
2583 4235 3116 4308 Presbyter'Sirinus
3149 4233 3728 4308 [al.‘Sirmiﬂnequis—

467 4311 813 4382 tyrannidem
843 4309 1146 4376 invaderet,
1173 4305 1476 4382 oppressus
1501 4305 1608 4367 est.
2517 4311 2656 4366 sime
2703 4305 3025 4382 decollatur,
3059 4305 3204 4382 quod
3230 4305 3729 4382 Octavia—immer-

2515 4381 2845 4504 proconsule
2883 4381 3024 4450 apud
3059 4393 3120 4434 se
3151 4377 3454 4434 latitantem
3497 4379 3730 4448 prodere

2519 4467 2590 4506 no
2619 4467 2764 4506 UISSC
2795 4487 2808 4502 .

535 4543 648 4600 Lex.
669 4547 855 4611 datur,
887 4543 1173 4602 nobilitate
1197 4543 1397 4606 deleta,
1433 4551 1496 4599 ut
1525 4543 1728 4616 quique
1757 4553 1952 4615 quarto
1979 4543 2176 4616 gradui
2208 4543 2528 4616 iungantur.

539 4638 801 4712 Didymus
828 4640 1232 4696 Alexandrinus
1263 4639 1431 4694 multa
1473 4640 1544 4695 de
1587 4649 1776 4696 nostro
1819 4641 2071 4712 dogmate
2104 4657 2198 4712 per
2225 4641 2471 4696 notarios
2509 4645 2912 4696 commentatur
2945 4657 2960 4693 :
3000 4636 3094 4709 qui
3122 4643 3248 4710 post
3297 4637 3550 4709 quintum
3581 4635 3728 4692 nati-

467 4731 650 4787 vitatis
683 4747 796 4789 suae
825 4747 1028 4787 annum
1059 4732 1358 4787 luminibus
1392 4733 1615 4790 orbatus
1642 4735 2034 4791 elementorum
2057 4751 2274 4806 quoque
2299 4736 2521 4806 ignarus
2551 4731 2674 4787 fuit.

539 4825 752 4884 Probus
787 4827 1080 4898 praefectus
1123 4827 1319 4898 lllyrici
1371 4828 1736 4899 iniquissimis
1767 4831 2098 4886 tributorum
2143 4829 2526 4886 exactionibus
2575 4836 2700 4884 ante
2731 4827 3072 4900 provincias,
3103 4839 3246 4898 quas
3289 4821 3534 4896 regebat,
3563 4837 3730 4896 quam

469 4937 502 4974 a
533 4920 782 4976 barbaris
812 4927 1182 4985 vastarentur,
1215 4923 1406 4978 erasit.

541 5011 844 5069 Eunomius
869 5013 1172 5084 discipulus
1197 5014 1336 5070 Aetii
1368 5013 1848 5090 Constantinopoli
1869 5018 2210 5089 agnoscitur,
2247 5031 2278 5070 a
2297 5031 2407 5088 quo
2433 5015 2659 5072 haeresis
2689 5013 3049 5070 Eunomiana.

538 5179 786 5254 Saxones
841 5181 970 5238 caesi
1021 5179 1272 5238 Deusone
1317 5181 1374 5238 in
1431 5180 1674 5239 Franco-
1746 5223 1881 5254 ,οη
2381 5113 2420 5238 ξ
2536 5253 2559 5254 η
2595 5181 3042 5254 Burgundionum
3083 5177 3360 5242 octoginta
3405 5177 3576 5254 (crine
3607 5175 3732 5230 mil-

472 5223 594 5304 ιιυῖη
619 5223 970 5323 γὲςῖὅηοῖ”””
1023 5223 1272 5238 "mw
1433 5223 1645 5239 "'"w
1743 5223 1882 5294 189
2032 5223 2130 5240 “’”
2385 5223 2415 5238 ⁷
2529 5223 3127 5324 ιίεῖῖίιῗόἁωιιῖιῖιῖιυειω
3159 5223 3338 5314 antea,
3371 5249 3438 5304 ad
3481 5247 3734 5304 libellum

2535 5324 2958 5381 descenderunt.

545 5409 846 5472 Clearchus
879 5417 1174 5487 prefectus
1207 5417 1360 5474 urbis
1388 5415 1864 5490 Constantinopoli
1912 5415 2234 5492 agnoscitur
2261 5437 2280 5474 :
2311 5432 2342 5473 a
2375 5432 2488 5490 quo
2529 5417 2848 5475 necessaria
2883 5427 2938 5474 et.
2959 5415 3054 5473 diu
3087 5419 3402 5488 exspectata
3427 5413 3570 5469 votis
3595 5425 3738 5484 aqua

475 5501 759 5560 inducitur
785 5507 1014 5564 civitati.

553 5595 890 5655 iterandria:
931 5603 1224 5661 vicesimus
1280 5605 1568 5664 ordinatur
1619 5607 1910 5679 episcopus
1961 5603 2204 5662 Petrus:
2237 5603 2330 5675 qui
2377 5611 2502 5676 post
2530 5603 2775 5661 Valentis
2805 5604 3084 5661 interitum
3125 5610 3236 5658 tam
3281 5600 3460 5657 facilis
3511 5599 3568 5655 in
3597 5595 3740 5654 reci-

481 5691 696 5764 piendis
727 5693 998 5752 haereticis
1033 5697 1156 5764 fuit,
1191 5707 1248 5754 ut
1275 5703 1558 5758 nonnullis
1595 5703 1966 5774 suspicionem
1991 5707 2227 5770 acceptas
2255 5698 2502 5770 pecunia:
2531 5700 2800 5756 intulerit.

553 5783 782 5840 Melania
809 5787 1150 5848 nobilissima
1201 5793 1490 5851 mulierum
1527 5793 1894 5854 Romanarum
1933 5807 1986 5852 et
2029 5791 2328 5852 Marcellini
2367 5791 2644 5864 quondam
2685 5789 2932 5850 consulis
2973 5789 3104 5864 tilia,
3135 5789 3298 5847 unico
3337 5793 3568 5860 praetore
3609 5791 3742 5840 tunc
3941 5837 3972 5852 ,
