4158 6484
445 367 550 425 597
1690 363 2147 422 CHRONICORUI

2051 363 2194 422 RUM
2231 365 2362 424 LIB.
2403 366 2466 424 ιι.
3133 336 3135 338 ’
3609 377 3716 432 sui

447 594 659 642 urbano
705 583 818 638 ﬁlio
856 582 1143 648 derelicto,
1187 581 1625 655 Hierosolymam
1665 583 1984 656 navigavrt:
2023 583 2113 639 ubi
2137 591 2290 639 tanto
2332 585 2594 639 virtutum
2635 584 3020 658 pracipueque
3069 586 3401 644 humilitatis
3445 587 3715 647 miraculo

447 677 572 744 fuit,
600 687 657 733 ut
683 673 901 733 Theclze
922 690 1124 732 nomen
1152 676 1446 747 acciperet.

1697 780 1890 820 OLYIP.
1940 779 2203 822 CHRISTUS
2294 780 2423 821 ROI.

2249 859 2504 941 Valenti-

2270 946 2470 986 manus

2233 1009 2287 1058 et
2309 1000 2517 1057 Valens

2049 1143 2154 1199 578
2335 1140 2404 1196 10

518 1213 896 1289 Aquileienses
955 1213 1180 1280 clerici,
1228 1212 1389 1284 quasi
1434 1211 1640 1270 chorus
2049 1213 2153 1271 379
2335 1211 2398 1267 11
2441 1268 2451 1279 _
2595 1211 2748 1268 Multi
2775 1214 3170 1289 monachorum
3199 1215 3389 1273 Nitriae
3412 1232 3510 1289 per
3534 1219 3708 1276 tribu-

449 1283 732 1343 beatorum
770 1286 1062 1340 habentur.
1121 1299 1214 1375 Β.
1258 1297 1632 1379 Mcxxx.
2523 1297 2626 1340 nos
2653 1293 2706 1340 et
2733 1283 2935 1341 milites
2957 1287 3104 1343 cmi.

519 1425 746 1490 Valens,
777 1426 895 1492 lege
931 1424 1081 1496 data,
1117 1432 1177 1478 ut
1208 1423 1469 1496 monachi
1491 1423 1638 1477 mili-
2591 1424 2730 1492 Quia
2761 1425 3034 1496 superiori
3076 1440 3238 1496 anno,
3269 1423 3534 1480 Sarmatae
3565 1424 3709 1482 Pan-

448 1505 648 1561 tarent,
679 1497 930 1566 nolentes
977 1494 1218 1566 fustibus
1261 1495 1430 1566 jussit
1460 1495 1637 1549 inter-
2521 1497 2716 1552 nonias
2784 1494 3172 1562 vastaverunt,
3227 1495 3395 1552 iidem
3447 1497 3709 1554 consules

448 1569 537 1622 tici
562 1567 656 1640 [aL
687 1565 943 1621 fluctibus
966 1564 1197 1638 necari].
1265 1564 1272 1566 ⁷
2522 1581 2897 1635 permansere.

519 1659 651 1715 Post
679 1657 936 1713 Auxentii
965 1674 1143 1714 seram
1175 1665 1430 1723 mortem,
1469 1654 1762 1712 Mediolani
1790 1656 2082 1714 Ambrosio
2111 1657 2372 1731 episcopo
2403 1659 2730 1726 constituto,
2763 1674 2854 1715 om
2870 1659 2957 1717 nis
3003 1659 3073 1716 ad
3116 1657 3278 1715 ﬁdem
3314 1667 3521 1716 rectam
3552 1659 3707 1717 italia

447 1751 803 1807 convertitur.

517 1842 834 1899 Theodulus
867 1836 1200 1894 miserabilis
1227 1835 1538 1908 presbyter,
1574 1838 1706 1894 dum
1739 1839 2010 1897 adversus
2055 1842 2455 1900 conscientiam
2492 1845 2696 1904 furoris
2752 1846 2839 1904 sui
2881 1845 3154 1902 sacriﬁcia
3186 1843 3296 1902 Deo
3317 1844 3515 1902 offerre
3537 1845 3704 1903 aude-

449 1945 553 2001 ret,
584 1937 641 1992 in
678 1935 871 1992 mediis
907 1933 1169 2006 precibus
1203 1932 1446 1987 eliditur.
2054 1931 2059 1938 '

518 2027 954 2094 Valentinianus,
987 2026 1167 2082 subita
1195 2024 1478 2096 sanguinis
1503 2022 1809 2094 eruptione,
1848 2024 1993 2095 quod
2021 2023 2207 2082 Graece
2234 2027 2503 2096 apoplexis
2519 2038 2762 2095 vocatur,
2787 2029 3085 2104 Brigitione
3113 2036 3365 2094 moritur.
3387 2035 3518 2095 Post
3541 2053 3704 2110 quem

450 2117 745 2176 Gratianus
788 2127 1068 2189 assumpto
1103 2117 1159 2172 in
1203 2117 1492 2186 imperium
1516 2113 1894 2171 Valentiniano
1930 2115 2117 2183 fratre,
2153 2133 2276 2172 cum
2307 2127 2502 2190 patruo
2532 2119 2757 2179 Valente
2785 2133 2999 2196 regnat.

521 2214 891 2284 Apollinarius
937 2211 1296 2268 Laodicensis
1329 2210 1630 2280 jactatione
1686 2210 1889 2280 ingenii
1941 2213 2208 2282 quosdam
2260 2229 2477 2270 errores
2518 2216 2875 2286 pertinaciter
2925 2233 3270 2290 asseverans,
3309 2222 3564 2280 haresim
3618 2223 3706 2278 sui

451 2307 689 2363 nominis
719 2306 1029 2369 suscitavit,
1071 2319 1237 2375 quam
1270 2301 1541 2358 Damasus
1573 2301 1762 2358 habito
1793 2302 1980 2358 Romae
2009 2306 2249 2361 concilio
2279 2306 2579 2364 damnavit.

521 2395 862 2451 Theodosius
901 2393 1194 2449 Theodosii
1243 2399 1434 2462 postea
1466 2392 1816 2462 imperatoris
1833 2400 2006 2462 pater,
2031 2404 2085 2450 et
2117 2395 2340 2466 plurimi
2375 2399 2644 2454 nobilium
2672 2401 2864 2457 occisi.

521 2492 789 2549 Photinus
839 2492 894 2546 in
924 2489 1136 2545 Galatia
1170 2490 1436 2553 moritur,
1469 2503 1501 2542 a
1543 2504 1655 2559 quo
1687 2487 2140 2544 Photinianorum
2188 2491 2385 2565 dogma
2425 2491 2850 2566 Iudaicum“):
2897 2498 2993 2569 qui
3039 2501 3212 2556 multa
3255 2502 3609 2561 continentia
3651 2517 3708 2562 et

449 2590 650 2661 ingenii
684 2589 827 2644 bona
860 2601 971 2642 uno
1000 2585 1272 2657 superbiae
1313 2585 1457 2638 malo
1485 2583 1726 2654 perdidit
1754 2581 1855 2656 [αι.
1883 2583 2263 2660 decoloravit].

519 2681 946 2763 Alamannorum
981 2675 1669 2763 triginta.circiteerillia-
2050 2675 2156 2734 380
2337 2679 2407 2734 12
2583 2681 3210 2763 BasiliusCazsariensis
3238 2688 3528 2760 episcopus
3561 2689 3704 2763 Cap-

449 2751 592 2822 apud
633 2752 1010 2824 Argentariam
1053 2745 1314 2824 oppidum
1358 2745 1659 2800 Galliarum
2509 2753 2755 2824 padociae
2775 2755 2960 2812 clarus
2986 2757 3237 2811 habetur.

449 2820 518 2878 ab
548 2820 790 2879 exercitu
817 2820 1067 2876 Gratiani
1092 2825 1290 2874 strata.

517 2918 865 2976 Florentinus
888 2925 943 2973 et
970 2916 1224 2972 Bonosus
1273 2912 1378 2988 [aL
1411 2911 1711 2987 Bosonius]
1741 2921 1797 2968 et
1835 2913 2066 2973 Ruﬁnus
2103 2915 2348 2990 insignes
2376 2919 2633 2975 monachi
2675 2920 2987 2979 habentur:
3041 2938 3072 2980 e
3099 2923 3304 2995 quibus
3354 2922 3703 2981 Florentinus

447 3023 559 3070 tam
592 3015 908 3071 misericors
937 3012 992 3066 in
1028 3018 1251 3083 egentes
1279 3007 1403 3072 fuit,
1434 3014 1496 3061 ut
1529 3008 1689 3080 vulgo
1717 3016 1873 3078 pater
1904 3025 2210 3081 pauperum
2242 3020 2475 3069 vocatus
2509 3014 2601 3070 sit.

521 3106 809 3176 Superatis
849 3104 905 3157 in
929 3102 1327 3185 congressione
1366 3097 1649 3165 Romanis,
1719 3138 1864 3210 290
2043 3102 2144 3158 381
2328 3103 2399 3159 15

521 3178 609 3210 ..εις
645 3175 948 3210 cumtum...-
971 3189 1026 3210 ιη
1062 3171 1377 3210 Τιιιιειοιςιιη-

451 3171 620 3232 Gothi
644 3175 948 3230 funduntur
971 3174 1029 3227 in
1050 3171 1378 3226 Thraciam.

485 3267 665 3322 Gens
694 3266 977 3321 Hunorum
1017 3263 1228 3319 Gothos
1270 3267 1492 3316 vastat:
1541 3261 1634 3332 qui
1688 3275 1721 3315 a
1770 3260 2038 3320 Romanis
2081 3266 2201 3323 sine
2241 3281 2522 3324 armorum
2566 3270 2910 3341 depositione
2957 3272 3236 3344 suscepti,
3291 3287 3388 3344 per
3420 3270 3705 3327 avaritiam

450 3363 673 3420 Maximi
703 3362 861 3419 ducis
890 3361 958 3417 ad
989 3358 1363 3418 rebellandum
1393 3355 1538 3414 fame
1564 3358 1742 3413 coacti
1766 3368 1915 3414 sunt.

2051 3454 2158 3509 382
2338 3457 2406 3511 M
2583 3457 2785 3517 Valens
2813 3462 2881 3516 de
2902 3461 3190 3515 Antiochia
3212 3461 3361 3532 exire
3389 3463 3705 3532 compulsus

2515 3544 2638 3584 sera
2655 3533 2995 3655 lpoenitentia
3029 3540 3253 3588 nostros
3284 3531 3352 3588 de
3375 3531 3587 3590 exsiliis
3616 3549 3708 3590 re-

2512 3615 2647 3656 voca
2678 3639 2692 3652 .

519 3691 896 3766 Lacrymabile
929 3691 1135 3748 bellum.
1172 3687 1491 3744 inThracia
1519 3708 1532 3745 :
1570 3691 1628 3745 in
1657 3704 1787 3760 quo,
1832 3689 2122 3746 deserente
2149 3691 2399 3762 equitum
2430 3692 2708 3763 praesidio,
2741 3691 3002 3748 Romanae
3033 3694 3274 3765 legiones
3306 3707 3336 3749 a
3369 3692 3562 3751 Gothis
3585 3696 3704 3751 cin-

449 3800 550 3844 ctae
589 3805 762 3860 usque
792 3789 861 3844 ad
893 3788 1325 3844 internecionem
1366 3801 1521 3843 caesas
1555 3794 1704 3843 sunt.
1737 3787 1855 3856 Ipse
1884 3787 2183 3858 imperator
2204 3785 2428 3852 Valens,
2453 3803 2578 3843 cum
2612 3790 2809 3861 sagitta
2847 3789 3070 3846 saucius
3103 3791 3332 3860 fugeret,
3368 3797 3422 3845 et
3449 3790 3521 3845 ob
3552 3788 3706 3844 dolo-

449 3895 564 3936 rem
594 3881 820 3936 nimium
850 3895 992 3952 saepe
1015 3867 1166 3952 equo.
1189 3879 1482 3945 laberetur,
1514 3878 1580 3933 ad
1606 3878 1896 3949 cujusdam
1925 3881 2068 3936 villae
2096 3895 2280 3938 casam
2320 3881 2640 3953 deportatus
2663 3891 2769 3941 est.
2796 3883 2917 3951 Quo
2943 3883 3398 3956 persequentibus
3433 3884 3703 3950 barbaris,

447 3987 504 4032 et
530 3977 754 4034 incensa
779 3977 964 4041 domo,
999 3977 1282 4048 sepultura
1307 3989 1526 4046 quoque
1556 3976 1755 4030 caruit.

517 4067 604 4123 Ab
631 4065 781 4125 Urbe
805 4068 1048 4132 condita,
1083 4084 1256 4138 usque
1293 4067 1366 4122 ad.
1404 4075 1710 4124 extremum
1738 4066 1902 4137 hujus
1931 4066 2115 4136 operis
2147 4080 2376 4130 annum,
2405 4065 2543 4120 ﬁunt
2572 4067 2701 4120 anni
2725 4081 2929 4121 itchm
2960 4067 3066 4122 hoc
3097 4071 3302 4127 modo:
3337 4070 3451 4128 Sub
3485 4072 3706 4144 regibus

449 4161 578 4214 anni
603 4174 776 4228 cch;
815 4163 918 4217 sub
948 4161 1268 4216 consulibus
1294 4162 1424 4216 anni
1450 4160 1811 4227 cothv;.sub
1841 4159 2103 4231 Augustis
2123 4165 2177 4212 et
2207 4157 2518 4213 Caesaribus
2541 4158 2670 4212 anni
2712 4172 2952 4213 συκίνη.
3435 4231 3438 4234 ,

520 4239 863 4325 Colliguntur
893 4271 1085 4312 omnes
1119 4255 1248 4310 anni
1280 4271 1458 4326 usque
1491 4257 1548 4310 in
1577 4256 1925 4311 consulatum
1951 4253 2199 4310 Valentis
2232 4254 2436 4318 sexies,
2461 4264 2516 4310 et
2546 4253 2910 4309 Valentiniani
2937 4252 3415 4312 Junioris-iterum
3445 4255 3698 4328 Augusti,

449 4362 481 4402 a
504 4350 696 4419 quinto
727 4349 938 4405 decimo
961 4349 1166 4407 Tiberii
1198 4366 1344 4406 anno
1372 4360 1426 4406 et
1448 4351 1838 4421 praedicatione
1867 4349 2083 4404 Domini
2117 4347 2248 4405 Iesu
2278 4347 2485 4405 Christi
2521 4349 2650 4404 anni
2680 4363 2850 4406 ccum.

519 4446 563 4498 A
593 4432 833 4501 secundo
854 4461 998 4502 anno
1015 4445 1162 4502 Darii
1188 4448 1334 4518 regis
1354 4447 1664 4511 Persarum,
1682 4461 1790 4516 quo
1807 4454 2052 4515 tempore
2067 4445 2328 4515 templum
2348 4443 2748 4516 Hierosolymis
2772 4446 3132 4500 instauratum
3155 4453 3260 4509 est,
3276 4444 3404 4498 anni
3422 4456 3700 4498 ncccxctx.

515 4535 600 4590 Ab
631 4537 937 4608 Olympiade
966 4539 1161 4610 prima,
1203 4555 1310 4610 qua
1333 4546 1494 4595 aetate
1523 4539 1666 4610 apud
1693 4537 1950 4594 Hebraeos
1977 4537 2146 4593 Isaias
2176 4537 2554 4608 prophetabat,
2583 4538 2711 4593 anni
2745 4553 2926 4592 acut.

517 4627 563 4680 A
592 4625 882 4684 Salomone
908 4637 962 4686 et
992 4633 1164 4698 prima
1190 4631 1553 4686 aediﬁcatione
1581 4629 1792 4700 templi,
1825 4629 1952 4683 anni
1989 4643 2236 4685 uccccxr.

516 4721 563 4774 A
589 4721 904 4792 captivitate
923 4719 1122 4790 Trojae,
1156 4736 1265 4792 quo
1296 4729 1544 4791 tempore
1583 4718 1818 4774 Samson
1850 4719 1994 4788 apud
2022 4717 2278 4774 Hebraeos
2307 4730 2446 4785 erat,
2487 4719 2616 4773 anni
2644 4733 2832 4775 sum.

517 4815 560 4867 A
589 4814 774 4885 Moyse
801 4823 854 4869 et
881 4813 1124 4883 Cecrope
1151 4814 1327 4884 primo
1352 4828 1479 4883 rege
1503 4812 1716 4875 Atticae,
1749 4811 1878 4863 anni
1907 4824 2146 4864 uocccxc
2178 4808 2277 4880 lat.
2301 4823 2629 4877 uncccxcm;
2664 4814 2736 4865 αι.
2764 4811 3084 4885 unocccxc].

521 4906 606 4962 Ab
635 4906 910 4961 Abraham
938 4913 993 4961 et
1020 4921 1186 4976 regno
1214 4904 1340 4960 Nini
1372 4915 1427 4960 et
1463 4902 1863 4967 Semiramidis,
1902 4904 2032 4956 anni
2060 4916 2365 4957 uucccxcv.

519 4996 778 5050 Continet
804 4994 983 5050 omnis
1011 5009 1188 5048 canon
1217 4994 1286 5047 ab
1315 4993 1592 5049 Abraham
1631 5007 1806 5062 usque
1836 4990 1904 5045 ad
1935 4999 2152 5061 tempus
2181 4991 2616 5061 suprascriptum
2644 5007 2818 5048 annos
2855 5007 3153 5049 Iuccoxcv.

513 5091 556 5143 A
587 5089 792 5145 diluvio
823 5103 994 5159 usque
1021 5088 1087 5142 ad
1115 5087 1390 5142 Abraham
1420 5096 1789 5158 supputantur
1819 5088 1948 5142 anni
1975 5102 2218 5143 occcxcu
2255 5087 2353 5161 [αι.
2378 5087 2704 5160 ncccchn].

518 5185 584 5240 Et
617 5188 686 5241 ab
711 5185 886 5241 Adam
923 5200 1098 5255 usque
1120 5185 1186 5239 ad
1213 5184 1499 5249 diluvium,
1525 5186 1653 5240 anni
1681 5199 1960 5241 nuccxui.

516 5281 680 5338 Fiunt
715 5282 784 5337 ab
824 5281 1102 5336 Abraham
1143 5294 1321 5349 usque
1351 5279 1420 5335 ad
1465 5280 1714 5351 quintum
1751 5281 2022 5336 decimum
2063 5278 2310 5336 Valentis
2353 5294 2578 5346 annum,
2618 5263 2675 5333 id
2703 5286 2789 5334 est
2818 5294 2993 5350 usque
3037 5289 3161 5350 post
3192 5278 3536 5336 consulatum
3585 5280 3708 5352 ejus

445 5378 646 5445 sexies,
669 5387 724 5435 et
752 5377 1123 5433 Valentiniani
1154 5376 1353 5429 iterum
1377 5375 1641 5446 Augusti,
1675 5391 1867 5430 omnes
1897 5376 2024 5430 anni
2052 5391 2290 5430 vuuxxrx
2319 5373 2419 5447 [αι.
2448 5375 2772 5446 ruptum].

663 5490 794 5533 HUC
835 5488 1042 5541 USQUE
1105 5485 1523 5530 BIEBONYMUS
1561 5487 1926 5529 PRESBYTER
1963 5487 2253 5530 ORDINEM
2295 5487 2810 5531 PRECEDENTIUM
2854 5486 3138 5530 DIGESSIT
3177 5485 3514 5532 ANNRUH.

515 5603 594 5675 (1)
625 5602 816 5675 Recte
844 5600 1133 5675 Jgdaicum
1166 5615 1265 5670 pro
1311 5599 1607 5675 inductum.
1639 5599 1776 5653 Nam
1819 5599 2190 5675 judaizautem
2237 5599 2534 5654 Photinum
2583 5599 2958 5675 ecclesiastica
3006 5609 3194 5675 narrat
3231 5600 3480 5675 historia.
3514 5595 3708 5675 _Porro

445 5668 760 5744 sequentem
789 5673 856 5728 de
886 5671 1104 5725 Photini
1140 5668 1396 5744 superbia
1426 5671 1714 5744 perit-Operi
1749 5668 2155 5744 stultialiquot
2189 5686 2553 5744 amanuenses
2585 5671 2999 5744 a_d_proximam
3030 5669 3089 5724 S.
3118 5670 3313 5744 _Basilii
3348 5668 3528 5742 magni
3562 5673 3706 5744 peri-

442 5739 632 5815 copem
665 5744 1100 5808 transtulerunt;
1125 5739 1561 5815 quodumendum
1596 5756 1702 5815 non
1734 5739 2205 5815 agnovitin'Adn.
2237 5740 2502 5815 Scaliger,
2531 5739 2951 5815 sed_P_Ont_acum
2981 5757 3091 5798 non
3112 5741 3267 5814 fugit,
3290 5739 3511 5801 codices
3539 5739 3706 5798 etiam

444 5811 694 5872 Vaticani
721 5821 1049 5886 coarguunt,
1081 5821 1134 5871 et
1163 5811 1424 5870 Basilium
1446 5812 1854 5870 sanctissimum
1883 5813 1951 5868 ab
1971 5813 2161 5884 iniqua
2186 5811 2571 5870 criminatione
2603 5811 2921 5868 defendunt.
