4158 6482
459 371 3700 430 m

1331 532 1776 598 APPENDIX
1807 535 1922 596 AD
1963 535 2314 598 EUSEBII
2351 537 2850 604 CHRONICON

603 857 1402 1090 SillllllLlS
1571 723 2662 1102 PliilSlill‘lllll
2807 872 3568 1106 illlllNSlS

1633 1235 2522 1366 TEMPORUM

873 1489 1332 1624 USQUE
1408 1490 1598 1604 AD
1677 1491 2770 1612 SUAMIETATEM
2855 1501 3290 1616 RATIO

1499 1725 1528 1760 ι
1561 1725 1712 1762 LIBRIS
1745 1725 2094 1763 IIS‘I'OBICORUI
2124 1729 2368 1768 εσωτυι
2403 1729 2656 1767 εοιιεση.

686 1875 842 1920 ορυς
886 1873 972 1918 EX
1021 1875 1318 1920 HAICANIS
1374 1875 1654 1930 QUINQUE
1709 1876 2038 1922 CODICIBUS
2073 1881 2153 1922 ΔΒ
2183 1879 2428 1924 ,ιοΑΝΝΕ
2478 1882 2773 1928 ΖΟΗΒΔΒΟ
2834 1883 3126 1928 DOCTOBE
3179 1887 3472 1931 ARMENIO

934 1953 1318 2000 DILIGENTEB
1385 1956 1790 2000 EXSCRII‘TUM
1845 1959 2050 2010 ATQUE
2113 1961 2510 2004 EMENDATUM
2564 1961 2845 2006 JOANNES
2900 1963 3230 2010 ZOHBABUS

1235 2035 1316 2078 Π
1369 2035 1652 2080 ιαθειυς
1723 2037 1922 2080 ΜΔΙΗΒ
1983 2039 2233 2082 PRIMUM
2287 2039 2668 2084 CONJUNCTIS
2725 2041 2910 2086 ουιιιε

1439 2113 1824 2158 ιιΤιΝιτΑτΕ
1880 2115 2190 2160 DONATUM
2249 2119 2562 2172 NOTISQUE
2619 2119 2720 2162 IL-

1663 2195 2042 2238 LUSTRATUM
2103 2197 2496 2242 EDIDEBUNT.

1597 2341 1910 2406 (Mediolani,
1922 2339 2072 2406 regiis
2100 2344 2246 2408 typis,
2265 2355 2552 2394 mecum;

1292 2651 1442 2740 DE
1513 2649 2060 2740 SAMUELE
2157 2645 2834 2740 PREFATIO.

2045 2849 2106 2862 ρι’-η

514 2955 554 3010 Ι.
590 2953 852 3012 Samuelis
877 2959 1227 3012 summarium
1256 2957 1525 3013 commode
1553 2973 1672 3011 cum
1707 2956 1936 3012 Eusebio
1972 2959 2418 3028 conjungitur.—
2449 2953 2748 3026 Postquam
2789 2952 3078 3008 Eutebiani
3111 2953 3359 3010 Chroniri
3395 2957 3544 3012 curis
3583 2957 3698 3012 cdt-

449 3049 727 3118 tionisque
771 3048 954 3106 labore
987 3049 1204 3106 tandem
1236 3049 1529 3120 aliquando
1559 3049 1810 3104 defuncti
1838 3048 2066 3114 fuimus,
2099 3066 2163 3106 ea
2195 3049 2376 3104 statim
2407 3049 2666 3118 cogitatio
2697 3062 2800 3103 nos
2825 3047 3014 3114 subiit,
3053 3048 3389 3102 solitatimne
3415 3049 3700 3104 mallemus

440 3137 576 3194 istos
623 3139 876 3198 Canones
927 3141 984 3198 in
1017 3141 1216 3210 _lucem
1250 3144 1524 3208 emittere,
1556 3157 1626 3196 an
1657 3149 1718 3196 ut
1747 3141 1906 3196 multi
1952 3139 2148 3209 Graeci,
2185 3149 2246 3196 ut
2273 3140 2417 3212 Syri,
2471 3149 2532 3194 ut
2555 3137 2734 3194 Latini
2807 3139 2969 3210 (quos
2996 3140 3140 3194 inter
3171 3139 3428 3210 princeps
3479 3137 3698 3202 Eusebii

438 3231 710 3302 interpres
749 3231 814 3288 ι).
850 3231 1214 3306 Hieronymus
1265 3233 1586 3304 primusque
1613 3231 1789 3288 editor
1814 3229 2232 3287 Mediolanensis
2273 3229 2660 3302 Mombritius),
2693 3229 3060 3284 Eusebianum
3109 3243 3248 3299 opus
3280 3239 3698 3286 consecutorum

437 3341 745 3398 temporum
804 3327 970 3398 gestis
994 3327 1444 3394 cunmtaverunt;
1479 3341 1580 3382 nos
1613 3340 1830 3397 quoque
1849 3325 1978 3380 item
2004 3325 2310 3380 editionem.
2325 3331 2572 3380 nostram
2595 3325 2896 3394 posteriore
2919 3325 3102 3396 aliqua
3139 3327 3372 3382 historia
3411 3329 3698 3384 continua-

437 3435 644 3476 remus.
665 3419 928 3491 Equidem
959 3421 1054 3478 ubi
1081 3421 1149 3476 de
1171 3419 1570 3492 prosequendis
1592 3419 2220 3494 Canonibus‘sententia
2257 3419 2484 3490 placuit,
2517 3418 2655 3472 nihil
2689 3418 3052 3490 opportunius
3095 3417 3200 3472 fuit
3233 3418 3486 3474 Samuele
3521 3419 3686 3474 chro-

437 3513 720 3585 nographo
756 3514 1035 3582 Armenio,
1075 3515 1236 3585 cujus
1267 3515 1448 3572 omnis
1477 3515 1748 3572 industria
1773 3531 1828 3570 in
1856 3531 1924 3571 eo
1960 3516 2380 3586 diligentissime
2407 3523 2622 3570 versata
2649 3523 2758 3578 est,
2799 3521 2860 3568 ut
2887 3513 3030 3583 apud
3059 3513 3290 3585 gentiles
3317 3531 3450 3570 suos
3475 3513 3693 3570 Eusebii

435 3607 541 3664 sibi
573 3622 860 3677 personam
883 3623 1182 3678 vocemque
1203 3615 1538 3678 capesseret.
1561 3606 1696 3663 Nam
1725 3623 1852 3662 eum
1883 3609 2142 3664 universo
2172 3623 2336 3678 opere
2349 3605 2593 3670 Eusebii,
2619 3605 2812 3660 latiore
2844 3607 3102 3660 nimirum
3127 3607 3356 3661 historia
3383 3623 3446 3662 ac
3469 3609 3696 3662 linearis

435 3698 666 3753 canonis
695 3699 931 3768 epitom-e
957 3705 1205 3752 uteretur
1237 3695 1482 3763 Samuel,
1511 3697 1656 3752 haud
1681 3697 1798 3768 ipse
1822 3697 2114 3754 consilium
2141 3699 2306 3768 cepit,
2327 3697 2473 3767 quod
2497 3697 2625 3752 olim
2647 3695 2826 3751 Latini
2857 3697 3123 3764 fecerunt,
3143 3707 3316 3752 totum
3341 3698 3470 3753 illud
3497 3699 3694 3769 prioris

435 3789 570 3842 libri
599 3791 850 3846 volumen
871 3791 1048 3847 securi
1079 3786 1317 3846 Tenedia
1345 3792 1652 3858 resecandi;
1675 3807 1890 3856 verum,
1913 3793 2133 3849 mitiore.
2156 3801 2446 3847 contentus
2464 3793 2754 3858 sententia,
2773 3795 3010 3864 priorem
3033 3793 3251 3864 quidem
3279 3793 3476 3849 librum
3501 3803 3576 3847 tot
3595 3807 3692 3846 au-

435 3891 650 3939 ctorum
694 3887 980 3942 sententiis
1009 3885 1416 3941 redundantem
1465 3903 1530 3941 ac
1565 3887 1800 3952 varium,
1824 3888 1960 3942 satis
1987 3885 2136 3942 brevi
2163 3885 2490 3957 compendio
2541 3887 2851 3952 conclusit;
2881 3887 3240 3956 posteriorem
3265 3895 3446 3942 autem
3479 3887 3544 3940 ad
3605 3887 3686 3940 sui

435 3978 703 4048 temporis
748 3995 905 4035 usum
941 3981 1104 4051 paulo
1135 3980 1316 4050 aptius
1353 3977 1808 4046 accommodavit,
1845 3979 2028 4034 addita
2065 3979 2268 4035 Christi
2302 3993 2434 4043 tera,
2469 3981 2743 4048 rebusque
2769 3980 2956 4032 multis
2985 3993 3124 4050 quas
3151 3977 3418 4034 Eusebius
3444 3979 3692 4050 neglexe-

433 4081 567 4128 rat:
617 4081 734 4127 tum
791 4073 936 4144 quod
991 4073 1225 4130 instituti
1282 4080 1614 4143 eaputerat,
1649 4071 1785 4128 adeo
1835 4080 2140 4142 temporum
2181 4073 2539 4144 digestionem
2601 4071 2878 4141 produxit,
2927 4079 2986 4126 ut
3037 4073 3106 4127 ab
3145 4087 3289 4126 anno
3345 4070 3690 4126 Constantini

433 4164 613 4236 Magni
640 4165 904 4221 vicesimo
939 4164 1018 4236 (in
1043 4180 1152 4236 quo
1193 4163 1352 4217 linem
1379 4163 1507 4218 fecit
1539 4161 1830 4233 Eusebius)
1881 4163 1947 4217 ad
1981 4165 2234 4234 quintum
2293 4180 2470 4235 usque
2499 4175 2554 4220 et
2577 4165 3050 4236 quadragesimum
3113 4163 3378 4220 Manuelis
3429 4165 3692 4222 Comneni

433 4255 770 4320 decurrerit;
822 4254 967 4324 quod
1033 4254 1228 4324 ingens
1281 4253 1712 4307 additamentum
1766 4267 1854 4308 res
1897 4267 2166 4308 annorum
2227 4255 2663 4326 octingentorum
2729 4265 2784 4310 et
2839 4255 3236 4326 quinquaginta
3285 4259 3688 4327 complectitur.

432 4351 779 4418 Quanquam,
815 4355 874 4401 ut
897 4361 1022 4402 vere
1041 4347 1313 4410 dicamus,
1341 4345 1394 4401 id
1419 4345 1692 4416 principue
1722 4349 1990 4416 spectavit
2014 4346 2234 4402 Samuel
2267 4363 2571 4420 magnoque
2606 4349 2790 4404 studio
2825 4349 3073 4418 perfecit,
3107 4357 3170 4404 ut
3203 4367 3292 4407 res
3335 4351 3691 4412 Armeniacas

427 4459 662 4515 quarum
691 4441 899 4496 nullum
929 4439 1228 4510 ,vestigium
1269 4437 1414 4510 apud
1449 4437 1743 4494 Eusebium
1791 4438 1977 4494 videre
2032 4447 2136 4500 est.
2167 4455 2198 4494 e
2237 4455 2454 4494 summo
2509 4442 2690 4512 gentis
2741 4441 3005 4496 historico
3051 4442 3387 4500 Chorenensi
3433 4445 3580 4502 Mose
3635 4449 3689 4502 in

427 4550 588 4592 suam
611 4533 1044 4589 lucubrationem
1073 4531 1398 4588 transferret
1421 4531 1557 4600 μιὺί
1585 4547 1716 4588 vero
1733 4533 1826 4588 hie
1857 4534 2022 4588 etiam
2053 4533 2330 4597 deficeret,
2355 4535 2666 4605 complures
2686 4535 2822 4590 alios
2859 4545 2913 4592 et
2933 4551 3127 4606 graves
3147 4538 3528 4594 Armeniorum
3553 4543 3690 4596 seri-

426 4641 612 4704 ptores
633 4638 990 4702 excerperet;
1025 4628 1094 4684 ad
1123 4638 1428 4685 extremum
1459 4645 1582 4700 quae
1605 4629 1723 4700 ipse
1755 4630 1993 4696 viderat,
2014 4629 2464 4701 chronographi’ie
2512 4633 2896 4688 committeret.
2930 4632 3048 4688 Non
3105 4651 3216 4690 uno
3249 4645 3431 4691 autem
3463 4639 3685 4692 nomine

427 4724 750 4782 Eusebianae
769 4725 996 4781 editioni
1030 4723 1250 4794 prodest
1273 4721 1546 4779 Samuelis
1575 4723 1916 4792 coniunctio.
1945 4722 2192 4794 Namque
2225 4725 2278 4778 in
2317 4727 2509 4797 primis
2537 4727 2707 4796 priori
2743 4727 3024 4782 Canonum
3049 4727 3484 4784 Eusebianorum
3517 4731 3690 4786 histo-

427 4820 522 4874 riae
552 4819 736 4891 (quam
769 4831 940 4888 prope
993 4817 1157 4873 stulte
1183 4816 1403 4887 quidam
1437 4815 1616 4870 critici
1667 4815 1782 4885 jam
1813 4815 2062 4870 fictitiam
2097 4817 2414 4888 nullamque
2445 4835 2567 4874 esse
2589 4817 2874 4890 putabant)
2905 4821 3275 4875 testimonium
3301 4824 3685 4894 gravissimum

426 4911 824 4980 indubiumque
850 4908 1040 4978 adjicit
1083 4905 1324 4972 Samuel,
1347 4907 1478 4962 dum
1518 4913 1574 4961 et
1596 4907 1716 4976 ejus
1746 4909 2074 4978 precantium
2115 4925 2284 4979 prope
2315 4909 2382 4964 ad
2407 4911 2640 4964 litteram
2672 4911 3022 4981 cxprimit,ct
3053 4927 3142 4968 res
3163 4913 3488 4970 Chaldaicas
3545 4932 3602 4971 se
3633 4918 3686 4970 in

423 5001 687 5070 praedicto
709 5002 848 5056 libro
869 5001 1068 5071 legisse
1097 5007 1514 5063 commemorat,
1541 5005 1597 5052 et
1623 4999 1770 5054 unde
1793 4999 2061 5055 Eusebius
2083 4998 2406 5056 Hebraicam
2439 5003 2846 5074 chroaologiam
2891 5005 2962 5059 sit
2995 5020 3224 5061 exorsus
3256 5007 3436 5070 docet,
3462 5015 3515 5062 et
3543 5009 3692 5076 ejus-

425 5095 550 5148 dem
579 5093 824 5147 imitator
851 5091 978 5154 τοὺς
1016 5087 1158 5143 LXX
1184 5088 1484 5144 Bibliorum
1513 5089 1840 5160 lmerpretes
1865 5093 2096 5160 pressim
2129 5093 2438 5162 sequendos
2461 5093 2757 5160 existimat,
2787 5103 2842 5148 et
2877 5096 3001 5151 illas
3027 5099 3215 5168 viginti
3246 5103 3592 5170 genea'Ogias
3625 5103 3692 5156 ab

425 5188 616 5245 eodem
649 5185 886 5242 Eusebio
911 5191 1191 5238 mutuatur
1231 5201 1248 5237 :
1289 5197 1604 5252 quanquam
1639 5185 1758 5254 ipse
1787 5184 2006 5239 demum
2057 5185 2493 5254 patriarcharum
2543 5203 2742 5244 uxores
2791 5197 2984 5258 sponte
3025 5193 3216 5246 inserit
3257 5209 3324 5246 ex
3368 5195 3549 5264 aliquo
3581 5195 3692 5249 for-

425 5297 574 5341 tasse
627 5281 842 5338 Veteris
893 5279 1231 5336 Testamenti
1285 5279 1762 5350 pseudepigrapho
1791 5280 1954 5347 libro,
2013 5280 2224 5334 erudita
2263 5283 2584 5338 curiositate
2624 5285 2862 5341 delectas
2907 5285 3004 5357 (α).
3055 5285 3196 5353 Quid
3231 5289 3460 5343 autem?
3509 5305 3694 5344 nonne

427 5375 648 5431 Samuel
679 5373 970 5429 emendare
1003 5371 1298 5427 Eusebium
1335 5373 1712 5436 videtur,cum
1738 5371 2040 5428 Cainanum
2073 5372 2252 5444 (cujus
2285 5373 2552 5432 Eusebius
2581 5379 2770 5435 omissi
2802 5394 2969 5434 causa
2987 5388 3066 5434 tot
3087 5381 3320 5450 Syncelli
3347 5383 3694 5437 criminatio-

425 5469 587 5524 nibus
607 5467 802 5540 patuit)
821 5467 876 5522 in
898 5465 1332 5537 patriarcharum
1353 5466 1547 5522 ordine
1571 5467 1951 5522 collocandum
1974 5465 2354 5524 demonstrat?
2395 5467 2588 5526 Nonne
2627 5471 2848 5529 nomina
2875 5473 2992 5530 sive
3013 5473 3236 5544 propria
3281 5474 3398 5530 sive
3434 5476 3690 5546 gentilia.

496 5623 574 5694 (α)
602 5621 824 5696 Legesis
862 5621 1131 5682 Samuelis
1160 5623 1446 5696 prologum
1497 5631 1551 5679 et
1599 5623 1802 5694 prioris
1833 5623 2004 5694 partis
2043 5623 2218 5694 prima
2253 5626 2428 5698 capita
2455 5627 2582 5683 duo.
