4158 6466
431 358 530 414 601
1481 351 1568 406 DE
1607 351 1742 407 SAM
1753 350 1932 407 UELE
1969 353 2073 408 AN]

2048 352 2242 408 ilENSl
2279 353 2674 412 PBJEFATIO.
3579 362 3690 418 σος

428 487 610 528 nonne
627 482 897 524 annorum
917 475 1097 532 notas,
1116 481 1299 521 nonne
1316 465 1420 520 alia
1433 466 1715 536 complura
1733 481 1852 536 quae
1869 466 1923 521 in
1939 465 2159 522 Eusebii
2177 467 2460 524 codicibus
2497 469 2682 524 luxata
2722 471 2967 537 fuerunt,
2998 479 3148 528 recte
3177 471 3396 530 Samuel
3414 475 3689 534 interdum

427 561 752 620 constituit?
788 559 1032 630 Denique
1087 558 1154 612 ad
1183 559 1402 615 Eusebii
1435 559 1622 614 crisim
1647 559 1776 629 quid
1799 575 1909 614 nou
1965 558 2055 613 hic
2097 559 2345 615 conferat
2396 569 2609 626 auctor,
2656 561 2751 632 qui
2797 562 2962 618 modo
3001 561 3296 619 Eusebium
3339 565 3408 620 ab
3451 582 3510 623 se
3551 583 3689 637 pene

427 657 663 712 exscrihi
693 654 982 710 confirmat
1015 652 1090 725 (a)
1118 672 1132 721 ;
1166 652 1327 708 modo
1358 653 1532 709 eidem
1559 654 1634 708 ita
1664 670 1724 710 se
1747 654 1992 709 innixum
2027 654 2248 721 fatetur,
2287 663 2365 723 ut,
2400 670 2465 712 eo
2495 656 2786 722 subducto,
2840 658 2975 713 nihil
3015 659 3256 715 scribere
3271 661 3447 731 possit
3476 661 3587 734 (b)?

495 770 560 826 ll.
601 770 868 827 Samuelis
891 776 1093 840 patria,
1126 771 1317 825 notitia
1348 772 1515 839 operis
1546 781 1598 825 et
1644 770 1928 827 Maecenas.
1959 803 2026 814 ——
2062 771 2170 827 Sed
2200 772 2523 843 priusquam
2554 773 2623 828 de
2651 774 2938 845 multiplici
2969 773 3238 834 Samuelis
3265 779 3498 835 utilitate
3536 779 3689 834 dica-

430 880 573 928 mus,
607 880 789 935 opera:
815 867 1048 936 pretium
1088 873 1170 920 est
1202 865 1271 919 de
1300 865 1420 936 ipso
1471 865 1689 920 homine
1743 876 1798 921 et
1846 866 1915 921 de
1967 865 2269 928 codicibus,
2337 866 2483 922 unde
2529 882 2668 937 opus
2716 869 3077 938 protrahitur,
3130 885 3345 925 summa
3392 885 3520 926 cum
3562 873 3692 928 bre-

424 965 589 1014 vitate
620 960 912 1014 disserere.
967 957 1262 1022 Samuelis,
1310 958 1578 1027 dignitate
1611 958 1936 1030 presbyteri,
1991 959 2171 1027 patria
2205 958 2499 1026 fuitAnia,
2531 959 2804 1015 Armeniae
2849 961 2982 1016 urbs
3034 961 3099 1016 ad
3131 961 3332 1017 flumen
3384 965 3686 1022 Achurium

433 1055 561 1117 sita,
605 1052 662 1106 in
695 1068 759 1108 ea
799 1052 1094 1122 provinciae
1121 1050 1390 1105 Araratite
1421 1050 1642 1121 regione
1671 1064 1832 1119 quam
1855 1048 2148 1119 geographi
2172 1047 2365 1102 dicunt
2406 1048 2696 1106 Siraciam.
2743 1047 2868 1106 Haec
2917 1050 3057 1104 Ania
3079 1065 3203 1105 cum
3234 1066 3382 1106 nono
3410 1052 3686 1110 Christia-

424 1162 507 1202 nae
533 1161 658 1201 tera:
688 1147 890 1202 smculo
911 1161 1019 1200 non
1050 1144 1264 1200 modica
1299 1145 1630 1198 incrementa
1655 1143 1978 1211 accepisset,
2010 1147 2300 1212 propterea
2331 1141 2477 1212 quod
2510 1141 2857 1213 Bagratuniis
2889 1143 3229 1214 principibus
3261 1145 3465 1214 regiam
3500 1145 3686 1201 sedem

434 1246 720 1318 praeberet,
744 1244 960 1299 decimo
985 1240 1204 1311 quidem
1233 1240 1630 1310 undecimoque
1659 1239 1858 1295 stcculo
1881 1253 1990 1294 tam
2024 1239 2280 1310 frequens
2300 1251 2522 1309 tamque
2541 1238 2823 1308 splendida
2881 1238 3078 1303 evasit,
3115 1248 3178 1294 ut
3228 1240 3422 1296 domos
3461 1249 3687 1296 centum

431 1343 597 1406 mille,
630 1341 826 1411 templa
857 1346 1036 1392 autem
1059 1337 1181 1406 plus
1203 1337 1348 1390 mille
1373 1336 1632 1391 habuisse
1656 1335 1864 1389 feratur
1891 1333 1983 1405 (ε),
2014 1334 2183 1390 Porro
2215 1335 2332 1391 haec
2355 1335 2488 1390 urbs
2509 1334 2797 1404 diligenter
2818 1332 3154 1388 secernenda
3181 1339 3264 1388 est
3293 1334 3360 1388 ab
3386 1334 3527 1388 Anio
3557 1349 3686 1406 pro-

422 1435 636 1498 vinciae,
669 1431 1006 1504 quredicitur
1032 1430 1141 1483 alta
1165 1428 1444 1497 Armenia,
1488 1429 1714 1484 castello
1741 1427 1885 1498 quod
1918 1427 2096 1484 Moses
2127 1428 2494 1484 Chorenensis
2527 1436 2916 1483 commemorat
2936 1426 3038 1498 (α).
3067 1427 3180 1498 Age
3212 1443 3343 1483 vero
3376 1429 3550 1499 ipsius
3583 1427 3686 1488 Sa.

419 1528 616 1583 muelis
642 1523 1047 1594 chronographi
1074 1522 1406 1578 mentionem
1440 1519 1646 1575 faciunt
1672 1522 1909 1592 primum
1932 1521 2151 1592 quidem
2203 1521 2450 1576 Armenii
2503 1521 2800 1592 scriptores
2843 1520 3108 1591 Cyriacus
3146 1520 3547 1592 Ganzaghenus
3581 1539 3685 1581 sae-

419 1624 527 1678 culi
583 1637 682 1677 xut
740 1621 939 1686 homo;
1011 1618 1209 1673 iterum
1265 1623 1525 1686 sequente
1583 1619 1785 1674 saeculo
1846 1619 1929 1672 vir
1977 1618 2228 1673 eruditus
2275 1615 2566 1672 Vardanus
2611 1615 3132 1682 Barzerberdensis;
3187 1623 3419 1686 uterque
3468 1617 3524 1672 in
3567 1617 3684 1675 suis

419 1715 678 1771 Haicanis
699 1713 982 1768 historiis:
1012 1711 1248 1780 denique
1295 1720 1568 1779 postrema
1602 1717 1761 1764 aetate
1792 1708 2081 1779 Serposius
2115 1711 2168 1763 in
2200 1709 2537 1764 Armeniaca)
2564 1709 2806 1764 historiae
2839 1712 3185 1781 compendio,
3215 1712 3380 1782 quod,
3415 1713 3684 1783 scriptore

423 1822 558 1863 usus
585 1821 856 1878 anonymo
888 1803 1087 1869 amico,
1123 1800 1387 1872 impensis
1408 1799 1779 1870 subsidiisque
1808 1801 2060 1855 maximis
2091 1799 2399 1864 adornavit,
2433 1798 2709 1853 Samuelis
2755 1799 3048 1856 chronicos
3104 1815 3348 1858 canones
3376 1803 3528 1871 justo
3558 1803 3677 1873 qui-

419 1903 543 1955 dem
589 1901 792 1963 rarius,
823 1899 920 1955 sed
965 1908 1147 1954 tamen
1179 1897 1467 1967 aliquoties
1506 1895 1818 1965 compellat.
1861 1893 2130 1950 Praaterea
2155 1892 2424 1950 Gallicani
2454 1893 2663 1964 aliquot
2710 1893 2957 1963 perdocti
2993 1895 3244 1950 homines
3276 1895 3485 1950 codicis
3530 1895 3684 1950 Pari-

421 1977 556 2045 siaci
586 1991 779 2045 notitia
808 1991 917 2054 usi,
951 2003 1051 2043 nec
1082 1988 1321 2058 segniter
1361 2001 1462 2042 nec
1495 1986 1869 2057 perfunctorie
1900 1984 2210 2041 Samuelem
2253 1993 2506 2041 nostrum
2554 1986 2955 2040 commendant.
3012 1983 3230 2042 Primus
3281 1988 3334 2042 in
3394 1988 3478 2044 his
3510 1986 3680 2046 Vilic-

426 2081 616 2153 froyus
671 2080 944 2136 Samuelis
997 2079 1311 2134 Chronicon
1355 2077 1770 2149 diligentissime
1813 2079 2195 2142 contrectavit,
2247 2088 2410 2148 atque
2449 2078 2632 2148 operis
2677 2079 2923 2134 universi
2971 2080 3241 2135 rationem
3305 2081 3558 2151 exposuit
3587 2081 3679 2154 (e).

435 2177 573 2230 Exin
621 2173 903 2247 Villefroyi
958 2175 1175 2230 schedis
1209 2174 1514 2228 instructus
1565 2171 1823 2229 Freretus
1861 2171 2134 2228 Samuelis
2173 2174 2583 2244 chronologiam
2626 2187 2751 2228 cum
2802 2173 2984 2230 fructu
3043 2175 3328 2246 usurpavit
3382 2176 3440 2231 in
3467 2177 3680 2233 disser-

425 2273 633 2328 tatione
662 2271 737 2326 De
791 2287 930 2325 anno
984 2271 1295 2325 Armeniaca
1338 2269 1427 2340 (ι’).
1477 2267 1583 2324 Sed
1631 2271 1776 2325 enim
1827 2285 1990 2325 nemo
2037 2268 2350 2324 affluentius
2402 2269 2798 2325 laudabiliusve
2856 2268 3222 2327 Samuelianis
3277 2271 3454 2340 copiis
3511 2277 3684 2327 semet

434 2369 740 2433 exornavit,
778 2382 942 2437 quam
970 2367 1302 2423 novissimus
1331 2365 1752 2444 Sammartinius
1777 2364 1873 2436 (g),
1903 2366 1989 2420 vir
2029 2366 2373 2421 orientalium
2425 2363 2733 2421 studiorum
2769 2372 2957 2419 nostra
3004 2373 3162 2421 aetate
3193 2365 3678 2436 prudentissimus,

419 2463 510 2533 qui
543 2463 611 2517 de
647 2461 916 2516 Armeniae
956 2461 1183 2516 historia
1223 2465 1278 2516 et
1324 2457 1654 2530 geographia
1707 2473 1861 2529 aeque
1896 2458 2034 2514 bene
2077 2457 2160 2512 vel
2208 2458 2375 2513 etiam
2440 2457 2718 2527 copiosius
2761 2455 3062 2512 meriturus
3111 2465 3216 2522 est,
3257 2472 3420 2526 quam
3457 2457 3548 2514 ille
3586 2459 3680 2513 diu

416 2557 790 2614 memorabilis
837 2554 1252 2611 Sancticrucius
1307 2554 1376 2609 de
1426 2553 1722 2609 Alexandri
1782 2555 1950 2625 gestis
2008 2563 2173 2624 atque
2230 2553 2614 2626 scriptoribus.
2655 2551 2774 2607 lam
2821 2568 2888 2608 ex
2939 2553 3059 2623 ipso
3105 2555 3290 2609 statim
3355 2555 3581 2625 prologo
3624 2561 3682 2609 et

417 2667 545 2706 mox
606 2667 638 2708 e
697 2654 898 2723 prioris
947 2653 1121 2722 partis
1164 2650 1526 2705 conclusione
1574 2650 1979 2719 cognoscimus,
2039 2648 2345 2704 Samuelem
2401 2647 2728 2719 patriarchae
2778 2646 3028 2718 Gregorii
3075 2649 3330 2730 precibus
3393 2656 3680 2704 exoratum

417 2745 558 2800 hanc
608 2747 965 2802 summariam
1011 2755 1317 2814 temporum
1347 2743 1731 2797 tractationem
1768 2744 2095 2813 scripsisse:
2133 2742 2230 2798 sed
2279 2749 2365 2798 est
2411 2742 2707 2798 obscurum
2741 2740 2809 2794 ad
2850 2755 3010 2810 quem
3055 2739 3376 2809 Gregorium
3408 2739 3680 2797 Samuelis

413 2842 577 2894 verba
609 2841 936 2910 pertineant.
972 2837 1225 2893 Profecto
1259 2837 1510 2892 nonnulli
1550 2837 1793 2907 cogitant
1818 2837 1886 2892 de
1911 2836 2176 2907 Gregorio
2206 2837 2320 2900 illo,
2357 2837 2450 2907 qui
2487 2840 2633 2890 anno
2659 2833 2867 2891 Christi
2902 2833 3042 2887 1116
3085 2833 3292 2888 electus
3321 2842 3405 2889 est
3436 2819 3680 2904 vixitque

416 2933 472 2986 in
517 2934 834 3001 pontificatu
862 2945 1036 2985 annos
1079 2946 1210 2994 LIII;
1253 2943 1356 2984 nos
1405 2935 1589 2982 tamen
1626 2926 1898 2982 Samuelis
1945 2929 2144 2982 librum
2175 2925 2441 2997 Gregorio
2491 2928 2674 2997 potius
2704 2926 2910 2996 juniori
2942 2926 3185 2980 oblatum
3237 2941 3548 2987 censemus,
3583 2928 3677 2998 qui

413 3027 568 3081 Nersi
598 3026 843 3092 ,‘a‘laiensi
876 3025 1145 3080 successit
1177 3037 1321 3076 anno
1345 3021 1484 3075 1176
1515 3039 1528 3076 :
1564 3020 1722 3090 cujus
1765 3021 1844 3076 rei
1878 3023 2145 3091 permulta
2192 3021 2392 3076 indicia
2433 3029 2583 3084 sunt,
2617 3021 2710 3074 sed
2747 3019 2876 3074 illud
2910 3020 3070 3090 longe
3108 3019 3498 3085 certissimum,
3531 3021 3678 3094 quod

413 3119 672 3172 nimirum
709 3114 927 3170 Samuel
968 3120 1165 3183 quarto
1214 3109 1748 3180 Gregoriijunioris,
1788 3125 1884 3166 seu
1930 3110 2155 3182 Deghae,
2206 3126 2351 3166 anno
2392 3110 2804 3182 chronologiam
2845 3126 2875 3165 a
2904 3125 2964 3165 se
3006 3111 3326 3166 adornatam
3376 3113 3674 3180 concludit,

413 3216 492 3270 uti
529 3229 651 3267 mox
707 3209 991 3266 evidenter
1046 3206 1388 3261 docebimus.

485 3326 570 3380 Ill.
606 3324 940 3382 Samueliani
969 3323 1250 3377 summarii
1283 3320 1512 3376 codices.
1547 3351 1619 3361 —-
1651 3321 2050 3375 Chronicorum
2089 3320 2360 3376 Samuelis
2390 3303 2664 3376 canonum
2691 3322 2910 3377 codices
2958 3322 3102 3377 haud
3153 3321 3526 3394 infrequentes
3581 3338 3677 3380 oc-

412 3427 642 3478 currunt
675 3437 688 3473 :
717 3432 843 3470 nam
885 3422 1081 3487 prmter
1126 3415 1461 3483 complures,
1511 3412 1604 3482 qui
1653 3412 1708 3464 in
1736 3413 2116 3466 Armeniorum
2150 3412 2497 3466 bibliothecis
2554 3411 2904 3478 delitescunt,
2935 3411 3273 3468 Parisiaeum
3320 3430 3494 3486 nuper
3523 3430 3677 3470 com-

411 3510 873 3572 memoravimus.
921 3505 1107 3577 Neque
1150 3515 1329 3560 tamen
1376 3503 1596 3558 Samuel
1655 3505 1738 3558 vel
1780 3505 2056 3574 Europaris
2101 3505 2187 3560 vel
2222 3503 2593 3559 Orientalibus
2626 3505 2767 3576 tvpis
2818 3514 2942 3560 ante
2994 3505 3097 3560 hoc
3133 3513 3370 3577 tempus,
3406 3517 3672 3578 quantum

411 3614 639 3675 scimus,
690 3606 992 3675 impressus
1030 3608 1136 3657 est.
1199 3597 1317 3653 Jam
1354 3600 1408 3653 in
1439 3607 1588 3652 tanto
1618 3599 1868 3653 codicum
1929 3616 2157 3655 numero
2191 3600 2282 3655 vix
2324 3600 2469 3654 ullus
2497 3606 2601 3665 est,
2661 3601 2716 3655 in
2771 3616 2881 3670 quo
2929 3598 3198 3657 Samuelis
3248 3606 3499 3661 (lationes
3532 3607 3674 3662 ultra

412 3701 660 3760 auctoris
707 3699 1024 3758 terminum,
1057 3707 1252 3760 nempe
1282 3691 1424 3744 ultra
1454 3689 1660 3745 Christi
1705 3705 1905 3743 annum
1975 3690 2132 3753 1179,
2185 3705 2216 3746 a
2266 3690 2670 3745 recentioribus
2702 3690 3133 3764 chronographis
3167 3696 3250 3750 vel
3282 3700 3444 3751 etiam
3475 3700 3674 3756 scribis

412 3795 637 3869 produci
677 3808 785 3846 non
820 3791 1074 3854 soleant;
1127 3800 1235 3856 quo
1286 3799 1483 3854 genere
1514 3783 1868 3837 additamenti
1909 3799 1978 3839 ne
2011 3784 2182 3838 codex
2221 3784 2440 3854 quidem
2473 3781 2784 3837 Parisiacus
2839 3793 3031 3852 caret;
3092 3787 3344 3858 idemque
3387 3790 3438 3844 in
3469 3788 3675 3849 Graecis

409 3891 574 3946 etiam
617 3901 681 3942 ac
709 3884 918 3939 Latinis
949 3882 1180 3936 aliorum
1206 3886 1492 3931 auctorum
1520 3876 1795 3930 chronicis
1819 3876 2059 3930 solemne
2090 3876 2579 3946 pervulgatumqne
2626 3883 2730 3930 est.
2781 3876 3024 3946 Denique
3072 3893 3181 3932 non
3242 3880 3416 3935 solum
3461 3889 3676 3951 protra-

411 3991 534 4037 ctus
567 3987 652 4034 est
685 3976 926 4041 Samuel,
957 3989 1146 4028 verum
1179 3973 1340 4026 etiam
1377 3971 1539 4026 alieni
1578 3970 1741 4041 panni
1783 3970 1996 4024 laciniis
2021 3971 2353 4040 quandoque
2397 3971 2744 4033 intertextus,
2787 3985 2894 4040 qua
2932 3972 2999 4027 de
3031 3988 3090 4026 re
3115 3981 3256 4028 nota:
3281 3986 3482 4031 nostrae
3508 3978 3677 4033 lecto-

407 4086 500 4128 res
561 4067 856 4124 identidem
911 4064 1301 4120 admonebunt.
1365 4061 1523 4116 Nunc
1570 4061 1993 4115 Mcdiolancnsis
2043 4061 2313 4116 Samuelis
2369 4061 2536 4116 editio
2588 4077 2618 4115 e
2668 4063 2909 4132 quinque
2963 4065 3211 4120 codicum
3263 4069 3554 4125 collatione
3611 4087 3675 4136 ac

408 4160 762 4215 varietatibus
818 4156 1052 4211 conflata
1104 4163 1211 4209 est.
1261 4151 1523 4221 Princeps
1588 4150 1860 4206 Samuelis
1911 4154 2221 4222 exemplar,
2270 4153 2416 4225 quod
2464 4152 2628 4206 veluti
2694 4152 3114 4210 fundamentum
3152 4159 3417 4216 editionis
3471 4173 3676 4218 nostrae

409 4235 715 4328 posuimus,
759 4252 908 4306 circa
969 4264 1171 4304 annum
1195 4262 1317 4301 aera:
1375 4246 1716 4300 Armeniaca:
1755 4245 1859 4299 656
1907 4245 2139 4316 (Christi
2193 4246 2262 4301 ad
2323 4246 2596 4303 Samuelis
2651 4251 3095 4319 supputationem
3153 4253 3334 4326 1209)
3390 4270 3673 4315 exaratum

407 4352 606 4412 fuerat,
662 4347 888 4416 ideoque
935 4345 1216 4398 tricesimo
1268 4340 1382 4395 fere
1438 4330 1561 4410 post
1610 4338 1861 4394 Chronici
1907 4341 2066 4394 finem
2119 4356 2265 4394 anno
2306 4341 2616 4396 confectum
2671 4345 3044 4411 cognoscitur.
3097 4344 3345 4417 Namque
3403 4343 3673 4407 Samuelis

409 4441 842 4498 lucubrationem
889 4452 1079 4492 revera
1125 4449 1270 4488 anno
1312 4433 1452 4488 1179
1522 4433 1838 4503 explicitum
1898 4449 2054 4499 esse,
2116 4433 2408 4488 manifesto
2466 4436 2626 4491 docet
2697 4436 2945 4492 Chronici
3001 4438 3174 4494 codex
3238 4441 3396 4506 alter,
3453 4443 3506 4497 in
3564 4459 3675 4514 quo

408 4535 534 4590 licet
582 4548 718 4602 Opus
763 4532 933 4584 multo
1000 4528 1231 4583 ulterius
1291 4528 1664 4596 protrahatur,
1709 4525 1970 4597 praadicto
2007 4537 2186 4580 tamen
2234 4542 2379 4581 anno
2424 4528 2562 4583 1169
2596 4529 2866 4598 ejusmodi
2914 4531 3216 4585 admonitio
3262 4536 3670 4603 perscribitur:

409 4625 546 4682 .‘Ieic
600 4627 816 4694 explirit
865 4623 1081 4694 facundi
1120 4621 1387 4676 Samuelis
1438 4623 1788 4691 compositio,
1831 4622 1923 4692 qui
1980 4637 2109 4674 sane
2164 4620 2486 4676 vehementer
2549 4624 2754 4677 curarit
2807 4631 2864 4676 ut
2915 4623 3338 4680 emendatissime
3401 4628 3672 4686 scriberet.

403 4720 620 4789 Appulit
676 4726 850 4772 autem
886 4733 1046 4786 usque
1090 4718 1158 4772 ad
1214 4736 1368 4774 suam
1423 4721 1636 4774 omnino
1683 4729 1931 4783 (etatem;
1984 4735 2102 4772 cum
2151 4718 2392 4772 historici
2444 4721 2680 4789 ofﬁciunt
2724 4722 2792 4774 sit
2815 4719 2880 4774 de
2915 4725 3195 4790 prteteritis
3225 4724 3673 4796 prwsentibusque

403 4814 696 4875 disserere;
739 4814 879 4866 ultra
929 4829 1042 4867 vero
1091 4830 1153 4867 ea
1197 4830 1311 4884 qua:
1358 4815 1413 4867 in
1455 4815 1562 4868 vita
1616 4815 1866 4885 cujusque
1915 4823 2227 4878 versantur,
2269 4817 2513 4885 progredi
2561 4832 2664 4869 non
2722 4816 2896 4871 liceat.
2967 4816 3281 4886 Quanquam
3340 4819 3502 4888 igitur
3555 4835 3674 4888 pos;

403 4906 540 4960 hunc
582 4906 754 4958 locum
809 4907 976 4975 pergit
1030 4907 1200 4959 adhuc
1259 4905 1479 4961 linearis
1530 4908 1973 4962 Armeniucarum
2029 4923 2203 4959 rerum
2257 4907 2521 4971 historia,
2587 4907 2928 4962 nihilominus
2971 4909 3243 4975 complura
3296 4911 3483 4963 menda
3539 4913 3672 4966 satis

403 5006 695 5069 coarguunt
725 4999 888 5052 alium
932 5014 1042 5052 esse
1091 4999 1274 5068 scripti
1327 5009 1633 5065 auctorem,
1666 5018 1790 5054 nam
1840 5007 2034 5069 printer
2064 4997 2268 5053 Christi
2313 5016 2534 5070 curruque
2590 5000 2962 5054 Armeniorum
3011 5017 3210 5065 annos,
3268 5002 3347 5054 nil
3399 5017 3673 5071 propemo-

403 5090 530 5142 dum
580 5099 717 5144 recte
767 5106 823 5143 se
865 5089 1039 5143 habet.
1073 5088 1263 5160 Neque
1302 5099 1484 5146 tamen
1553 5092 1780 5147 reticere
1812 5091 1957 5154 licet,
2012 5093 2270 5162 princeps
2295 5092 2428 5146 illud
2481 5093 2757 5162 exemplar
2789 5094 2935 5164 putri
2992 5093 3101 5148 situ
3135 5093 3278 5147 haud
3320 5109 3446 5147 raro
3501 5093 3677 5148 fuisse

388 5188 724 5253 .corruptum
765 5182 1150 5252 nonnullisque
1201 5175 1408 5243 chartis
1476 5188 1750 5242 mutilum.
1807 5185 1864 5241 ld
1927 5201 2058 5242 vero
2112 5186 2372 5240 damnum
2416 5195 2726 5257 reparatum
2785 5195 2872 5241 est
2937 5187 3158 5242 invento
3209 5188 3318 5240 alio
3372 5185 3670 5257 Byzantina

404 5271 461 5325 in
515 5271 650 5328 urbe
704 5272 1012 5343 exemplari,
1067 5273 1184 5347 (lt),
1234 5280 1380 5350 quod
1439 5294 1585 5334 anno
1642 5278 1863 5350 quidem
1919 5292 2040 5332 terte
2107 5277 2446 5333 Armeniaca
2500 5275 2639 5330 1552
2693 5275 2942 5347 (Christi
2990 5279 3176 5350 1585)
3231 5279 3494 5349 scriptum
3551 5275 3672 5332 fuc-

476 5484 552 5552 (a)
587 5482 737 5538 Part.
764 5501 804 5547 ι,
833 5499 955 5551 cap.
984 5485 1036 5550 7,
1076 5483 1165 5538 22.
1413 5531 1415 5534 ,

476 5554 550 5586 {In
593 5553 781 5586 ουηιηη
838 5553 863 5586 e
897 5558 926 5586 t-
2095 5567 2118 5586 α

2095 5567 2119 5586 Ω
2167 5481 2234 5553 (Γ)
2266 5480 2546 5538 Μέηιοίνεδ
2571 5483 2637 5538 de
2686 5483 2892 5540 l‘Acad.
2923 5484 3013 5540 des
3044 5486 3231 5553 inscr.,
3263 5493 3304 5539 t.
3336 5483 3478 5551 XIX,
3515 5501 3570 5556 p,
3597 5483 3670 5541 85

582 5553 974 5695 ξέἕέοῗὲκξεῒη
995 5623 1286 5697 Armenia:
1315 5621 1741 5697 geographicum
1776 5621 1987 5677 editum
2094 5567 2236 5697 mila.)
2265 5621 2542 5697 Memoires
2563 5624 2877 5696 Itistoriqttes
2896 5633 2946 5678 et
2975 5625 3383 5697 géographtquec
3403 5642 3498 5682 cur
3524 5626 3671 5682 PAr-

404 5691 840 5766 Venetiisfanno
871 5696 1030 5750 1769.
1055 5693 1211 5750 Nunc
1241 5691 1381 5750 Ania
1419 5691 1588 5766 pagus
1613 5706 1711 5748 εει.
2093 5691 2361 5766 menie,_t.
2388 5693 2428 5756 l,
2468 5697 2692 5762 passim.

475 5764 550 5839 (tl)
582 5765 738 5839 Hist.
765 5781 826 5839 i_i_.
863 5766 949 5839 H_.
1121 5837 1130 5839 _
1278 5834 1356 5839 ,μ’
1481 5763 1510 5839 _'
1829 5835 1840 5839 _
1866 5835 1915 5839 Α,
1935 5835 1955 5839 _
2095 5831 2116 5839 _
2162 5763 2237 5839 (ξε)
2259 5763 2437 5839 _||ujus
2467 5765 2793 5833 exemplaris
2817 5765 3186 5839 apographum
3216 5781 3244 5822 a
3266 5782 3325 5825 se
3357 5765 3668 5826 confectum

481 5832 548 5904 (ε)
585 5837 742 5906 Apud
769 5834 1524 5904 hlontfauconium,Bibliotlt.
1563 5852 1694 5890 mss.
1733 5851 1784 5906 p.
1823 5835 1978 5892 1026.
2089 5831 2136 5888 J.
2181 5831 2462 5906 Zohrabus
2497 5831 2802 5890 conservat.
