4158 6478
467 355 578 414 605
1497 352 1840 410 APPENDIK
1879 355 1970 409 AD
2007 355 2280 412 EUSEBll
2319 355 2742 414 CHRONlCON.
3643 353 3762 410 604

461 483 576 538 rat,
617 475 692 528 ita
723 479 906 528 tamen
945 481 1007 528 ut
1037 473 1180 529 idem
1205 473 1274 530 ab
1303 473 1689 544 antiquissimo
1717 476 1966 528 omnium
2011 474 2204 531 codice
2237 485 2515 548 sumptum
2545 477 2822 532 diceretur
2846 513 2862 540 ,
2907 485 3104 540 nempe
3145 471 3215 526 ab
3267 473 3586 544 apographo
3651 485 3762 524 an-

470 570 563 624 nis
596 569 886 624 duodecim
919 577 1042 640 post
1079 571 1360 626 conditum
1395 585 1532 641 opus
1573 569 1844 624 confecto.
1881 567 2026 625 Sane
2085 571 2140 625 id
2187 571 2544 644 Byzantinum
2580 569 2860 640 exemplar
2911 579 3241 636 magnopere
3279 565 3442 622 nobis
3465 563 3756 636 placebat,

465 661 699 730 ejusque
720 676 822 731 ope
851 677 994 732 saepe
1047 678 1245 732 pravas
1294 662 1740 732 interpolationes
1795 664 2172 733 cognovimus,
2206 681 2327 735 quae
2379 665 2448 720 ab
2505 666 2748 719 auctoris
2807 659 3024 736 ingenio
3081 657 3427 714 vehementer
3475 657 3762 714 abhorre-

465 749 620 806 bant.
651 750 926 806 Hactenus
955 753 1056 806 tria
1085 751 1630 807 commemoravimus
1665 749 1935 806 Samuelis
1967 753 2298 824 exemplaria
2324 770 2338 818 ;
2375 754 2653 824 princeps,
2689 753 2740 806 id
2765 761 2850 807 est
2873 754 3338 824 antiquissimum,
3367 755 3604 809 alterum
3633 763 3762 822 quo

467 859 756 900 monemur
781 845 846 900 de
877 847 1026 915 justo
1050 845 1288 899 auctoris
1321 844 1579 908 confinio,
1610 845 1832 900 tertium
1863 843 2244 914 Byzantiuum.
2271 845 2364 900 llis
2383 845 2604 900 demum
2633 845 2738 899 alia
2764 845 2876 900 duo
2897 853 3271 908 accesserunt,
3291 859 3528 914 quorum
3561 855 3763 900 unum-

469 953 572 992 nec
591 939 744 994 valde
774 941 1054 1010 antiquum
1083 947 1136 993 et
1161 953 1324 1007 porro
1351 938 1760 1007 imperfectum;
1794 939 2024 994 alterum
2043 939 2503 1006 recentissimum,
2531 938 2694 1009 idque
2723 939 2776 992 in
2807 953 3010 992 annum
3031 937 3170 992 l698
3189 937 3756 1000 desinens,-temera-

469 1031 570 1084 riis
614 1031 862 1086 videlicet
889 1031 1300 1086 accessionibus
1342 1039 1506 1099 atque
1535 1031 2052 1100 interpalationibus
2097 1037 2334 1085 scatens.
2373 1029 2564 1098 Operis
2595 1029 2832 1098 denique
2867 1029 3060 1082 titulus
3095 1029 3150 1082 in
3181 1027 3466 1082 codicibus
3489 1025 3764 1094 scriptus-

469 1127 520 1181 is
575 1125 688 1182 fere
723 1136 806 1182 est
837 1143 996 1196 quem
1033 1128 1084 1180 in
1121 1126 1297 1180 fronte
1353 1125 1614 1180 editionis
1667 1127 1950 1196 posuimus
1987 1143 2002 1180 :
2037 1124 2302 1180 Samuelis
2345 1125 2634 1195 presbyteri
2679 1125 2926 1178 Aniensis
2961 1133 3250 1192 temporum
3291 1137 3454 1192 usque
3481 1121 3552 1174 ad
3581 1129 3752 1174 suam

469 1227 678 1273 atatem
705 1219 844 1272 ratio
869 1235 896 1271 e
921 1217 1068 1270 libris
1091 1217 1463 1270 historicorum
1493 1217 1798 1268 summatim
1825 1213 2068 1270 collecta.

541 1306 630 1362 ιν.
657 1307 761 1374 Qui
783 1309 854 1362 sit
885 1307 1216 1361 Samueliani
1239 1307 1518 1360 summarii
1547 1307 1858 1376 fructus.—
1887 1303 1992 1358 Sed
2025 1302 2240 1374 rogabit
2263 1302 2458 1372 aliquis
2483 1289 2590 1374 qua
2611 1301 2920 1358 communis
2943 1299 3198 1358 utilitatis
3229 1315 3326 1372 spe
3371 1314 3550 1370 quove
3601 1311 3752 1370 pru-

470 1400 618 1458 denti
647 1417 781 1458 cons
805 1403 880 1455 lio
921 1401 1240 1456 Armenium
1276 1402 1750 1472 chronographum
1784 1400 1854 1455 ad
1887 1399 2276 1468 Europaaorum
2307 1399 2490 1454 studia
2525 1397 2910 1470 perferendum
2957 1395 3250 1452 curemus?
3305 1411 3540 1466 namque
3595 1389 3756 1450 illud

465 1492 770 1563 justissime
809 1493 1014 1548 dicitur
1045 1513 1056 1547 :
1101 1493 1248 1548 Nova
1275 1503 1330 1549 et
1359 1495 1512 1548 utilia
1539 1495 1632 1564 qui
1658 1499 1864 1554 narrat,
1885 1501 2162 1548 auctorem
2181 1491 2328 1546 hunc
2351 1493 2632 1562 perhibeto
2661 1493 2888 1546 bonum.
2915 1489 3026 1546 Nos
3049 1501 3180 1544 sane
3207 1487 3460 1550 fatemur,
3497 1487 3760 1557 prio-rem

473 1585 744 1640 Samuelis
773 1594 984 1656 partem
1035 1601 1224 1656 parum
1255 1585 1608 1640 emohnuenti
1647 1587 1664 1654 (
1691 1596 1888 1654 praeter
1941 1581 2160 1638 Eusebii
2197 1583 2704 1656 confirmationem)
2735 1583 2928 1638 afferre
2965 1601 2979 1638 :
3011 1595 3101 1635 res
3127 1578 3274 1634 enim
3325 1577 3635 1633 llebraicas
3683 1581 3750 1632 et

471 1675 807 1744 reliquorum
839 1676 992 1730 orbis
1020 1675 1149 1728 olim
1183 1677 1390 1746 cogniti
1431 1676 1758 1746 pepulerunt
1809 1674 1886 1728 ita
1931 1672 2172 1728 Samucli
2235 1671 2502 1730 Eusebius
2533 1677 2866 1746 suppeditat,
2915 1685 2976 1732 ut
3035 1679 3138 1734 hoc
3175 1678 3536 1734 summarium
3585 1675 3744 1732 nihil

471 1765 584 1824 fere
649 1769 842 1823 haheat
894 1777 1089 1839 praeter
1133 1769 1352 1826 Eusebii
1407 1772 1754 1840 aliorumque
1797 1769 2344 1840 chronographortnn
2405 1770 2622 1824 brevem
2651 1773 2942 1841 quamdam
2973 1775 3394 1844 repetitionem;
3439 1772 3740 1828 historiam

471 1876 636 1930 porro
682 1862 1062 1917 Armeniacam
1119 1879 1292 1932 usque
1335 1863 1404 1918 ad
1447 1863 1730 1918 Christum
1787 1862 1856 1918 de
1887 1861 2112 1932 Virgine
2159 1864 2400 1932 genitqu
2453 1863 2680 1918 totidem
2735 1881 2879 1934 saepe
2913 1867 3096 1920 verbis
3135 1881 3167 1920 e
3211 1865 3359 1922 Mose
3389 1863 3744 1920 Chorenensi

471 1954 722 2010 videmus
799 1957 1078 2012 arcessiri.
1135 1957 1322 2028 Neque
1381 1967 1562 2014 tamen
1615 1965 1702 2013 est
1755 1973 1856 2012 cur
1907 1961 2198 2028 quisquam
2253 1965 2542 2026 prepterca
2593 1957 2904 2014 Samuelem
2959 1959 3328 2030 spernendum
3389 1965 3565 2029 putet,
3613 1953 3736 2012 nisi

471 2048 612 2104 idem
649 2059 726 2102 tot
775 2046 1000 2104 Latinos
1033 2055 1114 2106 et'.
1141 2047 1362 2104 Graecos
1401 2051 1851 2122 chronographos
1909 2065 2064 2120 mque
2155 2051 2383 2122 pedibus
2413 2051 2608 2114 trahat,
2653 2055 2744 2121 qui
2787 2053 3032 2125 plerique
3071 2071 3264 2112 omnes
3303 2071 3428 2110 cum
3481 2055 3551 2110 ab
3597 2047 3742 2110 orbe

468 2143 694 2198 condito
743 2143 1048 2206 ordiantur,
1101 2145 1412 2200 necessaria
1457 2147 1666 2200 ratione
1711 2145 1771 2200 ﬁt
1807 2153 1866 2200 ut
1917 2145 2164 2200 eamdem
2193 2147 2468 2202 crambem
2519 2149 2810 2202 videantur
2853 2165 3172 2221 recoquere.
3249 2151 3574 2222 Quanquam
3629 2163 3742 2206 nos

469 2251 560 2292 res
613 2235 968 2290 Armeniacas
1009 2239 1304 2292 multorum
1359 2241 1424 2292 ad
1455 2255 1616 2296 aures
1669 2257 1813 2294 nunc
1843 2243 2074 2312 primum
2107 2254 2466 2312 perventuras
2501 2259 2812 2312 speramus,
2853 2247 3295 2316 quandoquidem
3337 2247 3504 2316 hujus
3557 2247 3766 2318 gentis-

468 2343 560 2386 res
602 2327 842 2380 nonduin
895 2329 1030 2382 satis
1069 2328 1122 2381 in
1174 2330 1420 2400 populari
1461 2330 1582 2384 luce
1645 2343 1955 2394 versantur,
1997 2342 2216 2402 propter
2261 2347 2450 2386 eorum
2483 2335 2836 2402 paucitatem,
2889 2335 2980 2404 qui
3029 2335 3096 2390 ad
3127 2335 3224 2390 has
3279 2337 3596 2392 scribendas
3645 2351 3748 2390 ac.

467 2428 776 2477 cesserunt.
837 2421 944 2476 Sed
995 2422 1123 2476 licet
1157 2422 1302 2492 quod
1351 2423 1586 2492 quisque
1617 2423 1758 2477 volet
1841 2425 2142 2488 existimet,
2216 2425 2270 2478 in
2323 2431 2512 2479 nostra
2585 2425 2806 2496 quidem
2877 2427 3114 2482 editione
3182 2437 3446 2498 quantum
3515 2407 3744 2482 Eusebii

469 2515 680 2585 primus
723 2517 857 2570 liber
892 2515 1134 2572 secundo
1187 2517 1449 2586 dignitate
1479 2527 1721 2587 prmstat,
1755 2518 2090 2574 tantumdem
2123 2517 2394 2572 Samuelis
2449 2535 2574 2590 pars
2627 2518 2902 2588 posterior
2927 2520 3164 2589 prierem
3215 2517 3562 2588 jucunditate
3617 2515 3742 2572 fru-

468 2617 672 2681 ctuque
723 2622 966 2682 superat.
1003 2611 1372 2668 Romanorum
1407 2625 1461 2670 et
1515 2615 1828 2670 Grazcorum
1871 2617 2228 2686 imperatores
2265 2625 2493 2671 centum
2525 2617 2842 2672 scribuntur
2887 2615 3028 2685 apud
3057 2613 3365 2670 Samuelem
3395 2613 3465 2668 ab
3491 2613 3764 2683 Augusto-

471 2699 540 2754 ad
597 2701 898 2759 Manuelem
955 2705 1316 2760 Comnenum.
1361 2705 1654 2762 Persarum
1713 2723 1930 2778 quoque
1975 2723 2134 2778 rcges
2181 2709 2416 2778 primum
2445 2707 2746 2770 Arsacidae,
2787 2721 2910 2760 mox
2956 2704 3238 2761 Sasanidae
3278 2711 3401 2774 post
3447 2701 3748 2758 Christum.

471 2805 648 2862 usque
681 2795 748 2850 ad
783 2795 1150 2851 Mahumetum
1187 2799 1308 2868 plus
1339 2800 1561 2868 triginta
1611 2809 1949 2855 narrantur:
1999 2801 2094 2870 qui
2163 2811 2454 2872 postquam
2505 2800 2696 2854 fatales
2739 2799 2920 2855 exitus
2973 2799 3304 2860 habuerunt,
3348 2804 3554 2854 exortae
3605 2803 3752 2850 sunt

473 2881 870 2940 Saracenorum
905 2887 1215 2940 Amirarum
1257 2888 1594 2958 tyrannides,
1650 2906 1880 2956 quarum
1927 2891 2120 2958 ingens
2151 2889 2363 2958 imperii
2418 2889 2590 2943 moles
2617 2890 2812 2958 partim
2841 2887 3060 2958 quidem
3093 2887 3450 2942 internecivis
3491 2885 3634 2942 odiis
3669 2899 3735 2940 ao

471 2974 930 3038 dissensionibus,
959 2978 1154 3046 partim
1187 2995 1315 3032 vero
1341 2977 1664 3050 Scytharum
1691 2981 1927 3036 adventu
1949 2991 2074 3050 post
2104 2995 2278 3036 annos
2311 2982 2708 3052 quinquaginta
2736 2981 2957 3036 circiter
2983 2997 3148 3051 supra
3165 2979 3434 3035 ducentos
3449 2977 3740 3034 debilitata

471 3083 535 3123 ac
593 3069 858 3138 dissipata
905 3079 1008 3125 est.
1072 3069 1356 3127 Pi'ardictis
1414 3074 1681 3143 interjccti
1725 3073 1947 3130 fuerunt
2003 3075 2382 3129 Armeniorum
2439 3077 2684 3146 dynastas
2731 3075 2872 3129 miro
2915 3073 3045 3128 ludo
3097 3073 3332 3129 fortuna:
3382 3073 3596 3144 jactati,
3633 3073 3740 3126 Ar-

471 3160 672 3216 sacidae
705 3163 962 3217 nimirum
1006 3178 1184 3233 rcges,
1223 3163 1532 3219 Mamicunii
1563 3165 1858 3234 principes,
1890 3163 2116 3230 Gnunii,
2149 3164 2462 3228 llhestnnii,
2515 3165 2826 3231 Arzerunii,
2859 3163 3194 3234 Bagratunii,
3235 3171 3428 3234 praeter
3468 3164 3740 3228 Persicos,

474 3253 783 3316 Arabicos.
841 3252 1049 3316 Iberos,
1101 3253 1432 3324 Gt'a'cosque
1464 3257 1769 3326 prml'ectos.
1829 3255 1982 3312 Adde
2019 3257 2404 3312 Armeniorum
2441 3257 2782 3326 patriarchas
2845 3271 3126 3326 nunquam
3181 3255 3549 3312 intermissos.
3591 3257 3744 3314 Addo

475 3345 680 3401 Christi
726 3361 891 3400 teram
950 3363 980 3400 a
1034 3348 1436 3416 vtilgai-ilsatis
1483 3349 1898 3404 dissentientem
1927 3390 1942 3414 ,
1989 3365 2096 3420 qua
2155 3353 2210 3404 iu
2255 3365 2314 3404 re
2363 3347 2637 3404 Samuelis
2697 3349 3089 3419 chronologia,
3141 3355 3366 3420 propter
3417 3357 3655 3404 veterem
3685 3353 3744 3402 et

469 3439 848 3511 gravissimam
905 3453 1246 3492 sutnmornm
1304 3441 1622 3494 criticorum
1678 3441 1746 3496 de
1804 3455 1911 3494 acra
1961 3441 2170 3512 vulgari
2221 3441 2831 3514 controversiam(a),
2869 3441 3014 3495 haud
3071 3439 3226 3494 ﬂocci
3283 3439 3534 3495 facienda
3609 3447 3724 3495 est.

471 3529 626 3584 Adde
661 3543 826 3586 zeram
863 3529 1270 3594 Armeniacam,
1309 3545 1416 3583 non
1449 3539 1504 3585 ut
1533 3531 1696 3599 vulgo
1721 3529 1966 3584 Armenii
1997 3538 2315 3601 supputant,
2348 3530 2554 3584 Christi
2589 3545 2733 3586 anno
2775 3531 2902 3596 551,
2933 3530 3030 3586 sed
3063 3545 3209 3586 anno
3249 3529 3354 3584 555
3401 3530 3734 3586 institutam.

475 3619 624 3688 quod
687 3620 976 3676 verissime
1029 3635 1060 3672 a
1092 3618 1345 3674 Samuele
1399 3621 1512 3674 dici
1569 3621 1894 3691 jampridem
1945 3621 2276 3694 Villelroyus
2339 3638 2404 3677 ex
2451 3636 2596 3676 anno
2655 3619 3161 3694 Hierosolymorum
3199 3621 3593 3677 aChristianis
3639 3635 3741 3675 ca-

475 3723 694 3783 ptorum
721 3713 1195 3768 demonstravisse
1219 3713 1432 3768 videtur
1467 3713 1560 3783 (ὑ).
1589 3711 1708 3766 Jam
1735 3714 1866 3784 ipsae
1901 3731 1990 3770 res
2012 3697 2262 3772 natatibus
2293 3731 2478 3786 regum
2519 3713 2856 3785 interpositae
2879 3725 3097 3784 quanta:
3119 3713 3338 3768 demum
3363 3712 3531 3767 sunt?
3553 3709 3740 3776 Quan-

471 3823 636 3882 quam
677 3807 946 3861 Samuelis
969 3822 1075 3860 non
1109 3813 1194 3861 est
1216 3806 1464 3873 historia,
1493 3807 1586 3862 sed
1618 3807 1795 3876 capita
1817 3807 2064 3878 quaedam
2091 3817 2146 3863 et
2179 3809 2422 3864 historiae
2449 3809 2902 3873 commentarius,
2933 3809 3176 3862 virorum
3213 3813 3398 3860 tamen
3435 3805 3733 3859 illustrium

475 3899 720 3954 facinora
772 3901 1055 3954 innumera
1117 3907 1640 3954 commemorantur.
1676 3899 1744 3952 Et
1792 3899 2012 3968 quidem
2057 3899 2338 3954 laetissima
2388 3909 2472 3955 est
2531 3899 2862 3954 illutninatio
2907 3896 3318 3960 Armeniorum,
3351 3909 3458 3964 quo
3479 3901 3725 3962 tempore

473 4009 610 4068 gens
665 3994 756 4047 illa
812 3991 1066 4047 universa
1117 3991 1422 4046 incredibili
1478 3991 1662 4046 studio
1713 3999 1767 4046 et
1820 4007 2091 4048 consensu
2148 3992 2218 4047 ad
2260 3993 2540 4048 Christum
2573 3991 2902 4053 convolavit,
2955 3987 3218 4060 prodigiis
3269 3987 3520 4058 plurimis
3559 3983 3736 4038 maxi-

477 4088 690 4156 misque
734 4082 836 4140 SS.
899 4083 1144 4145 Gregorii
1183 4093 1236 4138 et
1291 4083 1611 4154 Rhipsimim
1663 4085 2034 4154 comitumque
2077 4085 2376 4140 virtutibus
2437 4093 2546 4138 tota
2597 4083 2858 4137 Armenia
2905 4079 3272 4150 strepentibus
3334 4076 3427 4150 (c).
3479 4075 3613 4132 Exin
3663 4087 3744 4136 t0t

477 4177 802 4246 templorum
838 4173 1326 4243 cmuobiorumqne
1380 4173 1630 4237 aedificia,
1669 4181 1750 4226 tot
1795 4175 2054 4245 martyrio
2085 4173 2404 4240 fortissima,
2438 4181 2517 4229 tot
2541 4173 2808 4228 doctrinis
2843 4171 3235 4240 laboribusque
3264 4171 3588 4225 conﬁrmata
3613 4170 3744 4224 reli-

476 4271 592 4344 εἰσ.
643 4269 968 4338 Quanquam
1022 4283 1152 4321 vero
1211 4276 1401 4337 postea
1463 4283 1566 4323 nec
1607 4267 1844 4323 lnereses
1894 4283 2072 4338 neque
2138 4267 2437 4324 schismata
2489 4281 2668 4336 neque
2725 4266 2962 4336 partium
3005 4263 3312 4334 praesertim
3369 4261 3744 4317 furiosissima

477 4367 656 4425 studia
721 4365 1051 4428 defuerunt;
1110 4369 1292 4416 tamen
1341 4361 1489 4416 natio
1515 4363 1903 4416 Armeniorum
1936 4375 2220 4432 nunquam
2256 4377 2316 4416 se
2374 4377 2405 4416 a
2456 4359 2848 4415 communione
2879 4355 3130 4412 Romana
3185 4357 3428 4411 cunctim
3475 4355 3740 4424 sejunxit.

475 4460 614 4529 Quid
647 4456 900 4512 Haicanze
936 4455 1256 4508 litteraturae
1303 4453 1744 4522 auspicatissima
1815 4453 1968 4508 initia
2021 4460 2074 4508 et
2131 4467 2452 4524 progressus
2487 4463 2658 4520 prope
2717 4447 3089 4512 admirabiles,
3119 4447 3226 4502 nisi
3283 4453 3400 4499 tam
3437 4461 3579 4517 smpe
3611 4461 3748 4516 pro-

474 4559 612 4614 cella
643 4557 968 4612 litterarum,
1027 4549 1189 4602 turbo
1228 4563 1292 4602 ac
1345 4555 1643 4617 tempestas
1687 4549 2015 4604 eruditionis
2045 4543 2225 4604 omnis
2281 4547 2484 4602 bellum
2535 4544 2814 4600 Persicum
2849 4551 2903 4598 et
2953 4557 3076 4596 mox
3105 4541 3402 4595 Arahicum
3435 4541 3488 4594 in
3539 4541 3742 4597 Arme-

473 4653 620 4708 niam
657 4641 1022 4718 pervasisset?
1046 4641 1422 4698 Mahumetica:
1447 4645 1702 4713 potentia:
1725 4645 2061 4700 incunabula
2083 4653 2136 4700 et
2161 4645 2498 4698 incrementa
2523 4641 2860 4714 (quanquam
2883 4637 3248 4694 communiori
3275 4635 3736 4692 Saracenicorum

473 4756 781 4816 temporum
827 4738 1077 4795 historia?
1111 4753 1302 4810 parum
1333 4753 1574 4795 consona
1601 4737 1618 4810 (
1648 4739 1720 4810 ά)
1748 4780 1762 4804 ,
1795 4740 2070 4796 Armenia:
2116 4739 2497 4810 lacrymabiles
2553 4737 2910 4798 vastationes,
2947 4731 3266 4788 Latinorum
3307 4735 3362 4786 in
3399 4729 3747 4787 Palmstinam

471 4837 848 4908 expeditiones
895 4839 1032 4892 satis
1086 4837 1251 4890 ubere
1287 4832 1428 4902 stylo
1487 4832 1848 4886 scribuntur:
1887 4847 2066 4902 neque
2099 4831 2264 4886 ullius
2319 4847 2457 4901 pene
2515 4831 2594 4884 rei
2655 4829 2890 4883 varietas
2929 4827 3306 4892 desideratur;
3365 4843 3474 4882 non
3527 4825 3748 4880 urbium

475 4928 774 5000 primordia
795 4937 846 4981 ct
866 4927 1099 4994 excid'a,
1123 4941 1232 4980 non
1252 4923 1428 4979 caedes
1454 4924 1774 4986 innumerae,
1807 4937 1916 4978 non
1941 4923 2261 4994 pestilentire
2285 4921 2590 4990 famesque,
2625 4935 2732 4973 non
2766 4919 3112 4980 scelera,non
3147 4917 3390 4980 fraudes,
3409 4931 3519 4972 non
3545 4919 3748 4970 strata-

473 5029 710 5092 gemata,
757 5035 864 5074 non
921 5020 1158 5089 denique
1189 5019 1484 5072 multorum
1524 5017 1804 5072 hominum
1857 5017 2080 5081 litteris,
2136 5015 2525 5076 sanctimonia,
2565 5012 2758 5066 bellica
2807 5021 2926 5066 arte
2967 5011 3349 5080 praestantium
3380 5007 3743 5064 enumeratio.

473 5115 652 5182 Atque
678 5113 792 5166 haec
825 5111 1009 5166 omnia
1051 5111 1194 5166 notis
1221 5109 1495 5164 editorum
1522 5108 1774 5178 plurimis
1805 5117 1856 5162 et
1900 5107 2358 5177 castigationibus
2397 5104 2724 5160 illustranda
2753 5110 2916 5161 erant
2947 5111 3112 5174 atque
3149 5099 3458 5173 purganda,
3491 5097 3598 5154 nisi
3639 5109 3744 5150 nos

475 5203 753 5262 festinatio
778 5203 959 5274 operis
989 5201 1057 5256 ab
1087 5201 1234 5255 omni
1265 5199 1376 5253 fere
1414 5197 1770 5266 quuisitiore
1798 5209 1932 5251 cura
1959 5206 2264 5252 avocasset.

545 5297 612 5360 γ.
653 5301 730 5358 De
768 5301 1034 5358 Samuelis
1072 5296 1387 5354 orthodoxia
1424 5295 1756 5365 conjectum.
1809 5323 1881 5334 —-
1929 5291 2087 5348 Nunc
2125 5293 2172 5348 si
2228 5293 2354 5348 licet
2391 5289 2459 5347 de
2497 5289 2771 5363 religiosis
2810 5305 3028 5361 quoque
3073 5287 3348 5344 Samuelis
3387 5281 3744 5356 dogmatibus

549 5477 624 5548 (α)
653 5477 861 5548 Videsi
889 5477 1023 5531 nihil
1057 5475 1224 5538 aliud,
1263 5483 1410 5530 certe
1447 5475 1619 5548 libros
1657 5471 1876 5527 l-lenrici
1909 5469 2052 5525 San-
2154 5485 2296 5548 num_
2315 5469 2515 5548 Christi
2547 5469 3076 5548 retrahendum
3107 5475 3191 5548 est
3237 5461 3428 5548 (quod
3477 5456 3748 5548 ipsi-3J3?-

473 5529 1106 5618 clefnt'eutii'DVe—uulgaris
1140 5529 1264 5618 term
1299 5529 1682 5618 emendatione.
1893 5609 2021 5618 ω’
2153 5541 2299 5618 muel
2333 5541 2398 5618 ad
2431 5557 2520 5594 an.
2556 5541 2760 5618 Christi
2929 5539 3066 5594 satis
3097 5529 3256 5591 docet
3382 5529 3521 5618 tum—7

549 5617 624 5682 (bl
655 5621 810 5688 Apud
827 5609 1570 5680 Mortﬁ‘au00ttiurn,Biblioth.
1597 5629 1750 5676 mss.,
1791 5627 1847 5682 p.
1889 5609 2048 5674 lOl6,
2153 5611 2675 5688 meti-primumque
2697 5609 2998 5688 _(‘._alifa_rum
3045 5622 3132 5661 res
3175 5615 3342 5688 gestae
3387 5619 3454 5658 ex
3503 5613 3738 5688 accere:

477 5677 638 5744 lOl'l.
705 5677 720 5688 ’
1301 5677 1310 5680 -
1793 5677 1806 5682 ’
2151 5677 2388 5734 tioribus
2419 5683 2660 5734 Arabum
2696 5681 2940 5734 historiis
2969 5677 3366 5748 cognoscenda:
3399 5680 3566 5748 sunt,
3601 5681 3743 5738 quas

549 5757 618 5826 (ej
661 5755 800 5826 Lege
828 5757 894 5811 ad
921 5755 1126 5812 Christi
1158 5771 1360 5810 annum
1393 5753 1516 5810 305.
1687 5823 1697 5826 _
2152 5767 2261 5826 non
2303 5749 2493 5819 parum
2517 5749 2764 5826 Samuel
2809 5749 2878 5806 ad
2922 5767 3010 5805 an.
3043 5745 3170 5806 ’648
3213 5745 3542 5820 perturbare
3569 5751 3738 5809 atque

545 5821 626 5899 (Δ)
668 5821 886 5882 Scilicet
931 5835 1048 5882 tum
1097 5827 1298 5898 hegirze
1327 5827 1542 5882 initium
1589 5823 1762 5879 multo
1793 5829 1916 5878 ante
1949 5835 2050 5878 an-
2155 5823 2452 5884 obscurare
2481 5821 2718 5878 videtur.
