4158 6474
422 353 526 410 607

1485 363 1828 420 APPENDIX
1873 367 1964 422 AD
2003 367 2275 426 EUSEBll
2313 371 2732 434 CHRONICON.

1187 585 3692 628 _._.____________________________________

1459 759 2028 918 SillillllllilS
2117 766 2664 924 ANIENSIS

1119 1048 1948 1168 SUMMARII
2081 1059 3006 1178 TEMPORUM
3095 977 3100 982 ’

1660 1289 1950 1384 PARS
2021 1295 2434 1388 PRIOR.

1733 1657 2404 1756 PROLOGUS.

537 1969 550 1982 .
591 1925 728 1980 Cum
764 1933 878 1981 tres
921 1923 977 1978 in
1017 1933 1204 1996 partes
1231 1927 1548 1982 universum
1579 1930 1842 1999 temporis
1874 1947 2000 2001 spa-
2027 1941 2074 1997 Λ
2103 1939 2158 1987 et
2192 1931 2478 1988 ministros
2507 1939 2560 1987 et
2595 1931 2850 1986 conscios
2881 1945 3097 1986 arcanae
3133 1933 3436 1990 voluntatis
3465 1950 3578 1990 sua:
3613 1935 3694 1992 fe-

421 2018 560 2070 tium
592 2015 758 2070 dividi
789 2018 983 2080 soleat,
1021 2018 1074 2070 in
1101 2017 1437 2086 praeteritum
1465 2017 1740 2083 videlicet,
1775 2021 1828 2074 in
1861 2037 2002 2091 prte-

424 2123 550 2164 sens
580 2115 744 2178 atque
791 2109 847 2162 in
881 2107 1145 2174 futurum,
1191 2108 1444 2164 humana:
1491 2119 1672 2165 tamen
1704 2113 2000 2170 voluntatis

423 2199 638 2255 aﬂ'ectio
668 2201 734 2254 ad
777 2200 1038 2270 pratcriti
1083 2201 1259 2270 magis
1300 2209 1464 2270 atque
1501 2201 1692 2269 futuri,
1731 2220 1895 2273 quam
1933 2207 2001 2260 ad

423 2294 708 2364 praesentis
755 2293 1125 2363 cognitionem
1167 2292 1296 2348 ferri
1347 2294 1580 2350 videtur.
1624 2295 1744 2351 Jam
1789 2297 1906 2353 fore
1943 2306 2002 2352 ut

425 2389 694 2446 homines.
731 2388 846 2442 sive
891 2387 1035 2442 sacri
1091 2387 1206 2443 sive
1236 2386 1474 2457 profani,
1521 2389 1610 2442 illa
1646 2392 1828 2459 potius
1872 2401 2004 2446 tem—

421 2497 552 2550 pora
577 2480 938 2551 inquirerent,
965 2478 1158 2534 divina:
1185 2495 1404 2551 quoque
1433 2479 1736 2552 Scriptura:
1763 2498 1863 2538 nos
1901 2484 2002 2540 do-

421 2581 565 2636 cent,
597 2571 1036 2642 quamloquidem
1069 2573 1154 2627 vel
1188 2573 1322 2643 ipsis
1354 2572 1718 2630 familiaribus
1751 2577 1867 2632 suis
1890 2577 2001 2632 aie-

421 2665 512 2718 bat
557 2663 646 2718 ille
681 2661 944 2718 Vivilicus
972 2704 988 2730 ,
1021 2681 1039 2714 ε
1068 2661 1186 2718 Non
1215 2671 1300 2718 est
1345 2677 1587 2720 vestrum
1633 2681 1796 2722 nosse
1839 2669 2000 2724 horas

419 2765 474 2812 et
497 2755 572 2830 (l)
602 2765 847 2824 tempora
876 2772 996 2826 qua:
1022 2753 1183 2810 Pater
1207 2757 1386 2826 posuit
1411 2738 1462 2810 in
1489 2771 1584 2814 sua
1615 2767 1884 2830 potestate
1903 2761 1943 2814 ¹.
1975 2779 1994 2813 ι

421 2847 578 2914 Quod
617 2847 836 2903 effatum
881 2863 990 2902 non
1028 2849 1095 2903 de
1144 2863 1402 2918 supremo
1436 2851 1613 2905 solum
1647 2852 1996 2922 exterminio,

420 2941 514 2996 sed
549 2939 617 2996 de
651 2941 990 3010 temporibus
1034 2941 1290 2996 omnibus
1337 2941 1548 2996 idcirco
1583 2945 1997 3012 pronuntiatum

421 3049 582 3090 verax
624 3033 716 3088 ille
745 3031 1015 3088 Eusebius
1046 3031 1120 3087 ait
1147 3033 1247 3104 (2),
1275 3043 1336 3088 ut
1365 3033 1412 3090 si
1445 3036 1538 3105 qui
1572 3043 1700 3090 sunt
1735 3037 2001 3092 curiosio-

421 3143 508 3184 res
542 3135 705 3198 atque
752 3129 936 3182 inania
988 3135 1321 3188 scrutantes,
1375 3127 1409 3180 ii
1459 3129 1646 3197 paucis
1695 3129 1781 3185 his
1816 3131 1998 3186 verbis

419 3218 845 3282 deterrerentur,
883 3218 1177 3287 quominus
1219 3216 1532 3272 doctrinam
1583 3225 1893 3288 temporum
1939 3237 2000 3276 se

2104 2023 2200 2086 cit,
2241 2037 2536 2092 rerumque
2576 2020 2932 2076 inelfabilium
2983 2037 3206 2092 gnaros,
3251 2038 3483 2093 quarum
3534 2026 3692 2082 lucu-

2104 2117 2251 2170 lento
2282 2114 2571 2184 splendore
2610 2121 2876 2172 creaturae
2913 2115 3186 2170 universa:
3225 2123 3486 2172 saturatae
3535 2103 3704 2176 sunt.’

2103 2207 2365 2262 Ilomines
2403 2205 2570 2278 igitur
2601 2207 2844 2260 omnium
2892 2221 3076 2262 rerum
3125 2215 3350 2264 naturas
3389 2209 3590 2274 edocti,
3619 2209 3694 2268 de

2103 2297 2412 2368 prmteritis,
2453 2297 2816 2368 praesentibus
2857 2305 3021 2368 atque
3055 2297 3254 2354 futuris
3291 2301 3538 2356 scribere
3584 2317 3685 2373 ag-

2102 2391 2280 2462 gressi
2317 2397 2468 2456 sunt,
2507 2397 2694 2461 utpote
2722 2391 2790 2444 ab
2821 2390 2969 2445 illius
3011 2391 3226 2446 veracis
3258 2389 3547 2462 discipulis
3587 2379 3702 2448 no-R

2103 2483 2252 2537 tione
2283 2482 2531 2536 veritatis
2574 2482 2764 2536 imbuti
2792 2501 2804 2534 :
2831 2489 2946 2536 tum
2985 2481 3148 2537 etiam
3183 2481 3585 2540 disertissimus
3623 2491 3681 2540 et

2105 2573 2549 2645 sapientissimus
2593 2575 2825 2644 quisque
2856 2571 2926 2628 ad
2968 2573 3326 2630 elaborandas
3365 2575 3542 2646 gentis
3578 2589 3692 2631 suae

2101 2665 2567 2735 chronographias
2595 2665 2861 2719 incubuit.

2171 2759 2224 2814 '5.
2269 2757 2418 2825 Quos
2458 2758 2602 2813 inter
2631 2757 2884 2838 (primos.
2909 2757 3135 2830 inquam
3183 2759 3424 2832 itemque
3455 2759 3692 2814 novissi-

2101 2851 2242 2920 mos)
2275 2849 2674 2920 amplissimum
2707 2848 2995 2920 dignitatis
3024 2851 3204 2905 locum
3237 2852 3429 2907 beatus
3458 2851 3549 2906 ille
3581 2843 3702 2920 Eu-i

2102 2917 2287 2999 sebiits
2330 2917 2610 2997 obtinuit:
2655 2917 2854 2997 deinde
2887 2941 3145 2998 Socrates
3187 2917 3704 3016 historiograpbusyI

2101 3035 2303 3105 aliique
2333 3035 2668 3106 complures.
2705 3033 2918 3090 Nostra.-
2947 3051 3111 3105 purro
3135 3037 3312 3108 gentis
3341 3038 3573 3106 primum
3597 3035 3694 3090 aio

2101 3125 2428 3181 historicum
2465 3126 2635 3180 fuisse
2662 3125 3125 3198 Agathangelum,
3149 3127 3244 3198 qui
3278 3127 3521 3198 origines
3543 3127 3684 3182 scri-

2103 3219 2210 3288 psit
2257 3218 2678 3274 illuminationis
2717 3217 2794 3290 (4)
2841 3217 3227 3274 Armeniorum
3278 3229 3509 3274 curante
3559 3219 3692 3274 divo

420 3311 638 3382 assequi
685 3327 845 3382 posse
873 3317 1022 3366 certa
1066 3311 1298 3366 scientia
1334 3311 1694 3368 conﬁderent.
1745 3313 1998 3369 Profecto
2033 3291 2071 3346 Β
2103 3309 2387 3381 Gregorio,
2423 3311 2582 3381 cujus
2613 3311 2777 3366 etiam
2811 3311 3131 3366 multimoda
3162 3312 3421 3382 patientia
3447 3311 3682 3367 mirabi-

418 3401 662 3456 divinum
701 3401 804 3454 hoc
831 3399 1292 3471 Dominicumque
1322 3401 1608 3456 oraculum
1639 3417 1702 3457 eo
1727 3405 2000 3475 praecipue

422 3495 648 3550 nomine
669 3493 876 3549 editum
903 3503 1011 3558 est,
1045 3501 1105 3548 ut
1129 3509 1392 3547 vanarum
1415 3509 1596 3549 rerum
1621 3497 1998 3566 exploratores

419 3589 640 3642 incasso
663 3586 852 3641 labore
898 3584 1312 3656 supersedeant.
1346 3585 1478 3653 Qua:
1507 3587 1652 3641 enim
1681 3587 1898 3659 Cognita
1945 3597 2001 3643 et

420 3677 765 3732 considerata
800 3677 1058 3731 utilitatis
1104 3677 1314 3748 aliquid
1361 3677 1618 3744 afferunt,
1653 3694 1718 3733 ea
1765 3679 1882 3750 ipse
1921 3679 1997 3752 (5)

419 3770 608 3822 docuit
640 3769 928 3838 palamque
962 3767 1090 3823 fecit
1132 3769 1188 3822 in
1221 3768 1556 3839 pr0pbeticis
1589 3769 1765 3836 libris,
1798 3769 1999 3839 quibus

420 3863 600 3915 omnia
648 3877 716 3916 ex
759 3861 951 3916 ordine
997 3862 1348 3917 continentur
1390 3878 1595 3932 usque.
1627 3863 1695 3916 ad
1752 3861 1997 3917 divinum

421 3949 660 4007 Verbum
714 3969 838 4008 cum
891 3965 1089 4007 natura
1148 3969 1349 4009 carnea
1398 3955 1777 4024 conjunctum,
1838 3963 2000 4026 capto

422 4045 580 4100 initio
613 4045 682 4099 ab
709 4045 949 4100 oraculis
981 4060 1074 4100 ore
1105 4043 1274 4100 Mosis
1305 4045 1570 4100 divinitus
1602 4047 1890 4116 evulgatis.

489 4136 544 4192 2.
585 4135 704 4191 Jam
733 4151 800 4192 ex
831 4136 1080 4206 plurimis
1123 4137 1244 4206 ejus
1278 4137 1355 4193 rei
1379 4139 1571 4193 'eausis
1607 4137 1745 4194 duas
1783 4147 1998 4194 tantum

419 4229 723 4300 praecipuas
777 4237 968 4284 notare
1017 4229 1464 4300 suﬂieiatzquod
1513 4230 1748 4285 divinant
1799 4231 2001 4284 scilicet

431 4321 655 4377 Verbum
685 4323 740 4376 in
777 4323 971 4392 primis
1013 4323 1247 4376 voluerit
1296 4338 1359 4378 os
1385 4339 1577 4378 eorum
1613 4324 1996 4392 comprimere,

421 4415 512 4486 qui
543 4425 828 4470 creaturas
856 4414 1128 4485 principio
1153 4425 1208 4469 et
1246 4413 1348 4470 line
1371 4421 1624 4470 carentes
1656 4414 1840 4472 dicere
1879 4417 1998 4473 ausi

419 4515 579 4576 sunt;
617 4507 813 4562 deinde
841 4523 1061 4564 eversos
1113 4517 1338 4579 paterna
1389 4507 1705 4563 haereditate
1749 4509 1998 4564 homines

419 4615 515 4671 spe
573 4601 769 4655 Leiiiici
827 4601 1094 4656 adventus
1145 4601 1229 4655 sui
1287 4616 1582 4656 recreare:
1619 4603 1996 4672 superioribus

417 4691 778 4745 continuatim
817 4692 1034 4747 smeulis
1079 4693 1439 4746 humanitatis
1480 4709 1512 4748 a
1551 4709 1612 4748 se
1653 4695 1998 4748 assumenda:

419 4785 736 4855 mysterium
769 4785 1043 4856 parabolis
1069 4786 1484 4857 visionibusque
1505 4786 1872 4853 confirmans;
1899 4802 2000 4858 po-

417 4886 622 4930 stremo
648 4883 826 4932 autem
853 4877 1250 4947 perfectissima
1282 4879 1511 4933 scientia
1542 4879 1843 4948 discipulos
1864 4895 1996 4936 suos

417 4967 691 5033 imbuens.
726 4981 920 5025 sancto
951 4969 1156 5040 Spiritu
1187 4969 1242 5024 in
1272 4971 1494 5027 eosdem
1539 4971 1789 5028 immisso
1817 4991 1830 5028 :
1855 4987 1996 5043 quos

489 5125 510 5159 ί
547 5125 666 5182 Act.
693 5139 732 5192 ι,
765 5124 817 5181 7.
893 5127 914 5158 ³
952 5123 1122 5180 Marc.
1145 5141 1268 5191 xm,
1293 5125 1382 5181 52.

489 5282 565 5352 (l)
605 5282 682 5336 ita
733 5291 804 5350 et,
835 5298 944 5337 non
981 5283 1077 5344 rel,
1114 5281 1319 5352 habent
1347 5282 1566 5337 Samuel
1605 5283 1846 5351 itemque
1881 5281 1994 5336 Eu-

421 5351 607 5424 sebius
637 5355 690 5408 iu
714 5353 1007 5424 Progemio,
1027 5369 1129 5424 nec
1161 5368 1266 5406 non
1297 5351 1624 5424 Armeniaca
1645 5356 1764 5424 ipsa
1795 5353 1990 5408 Biblia.

419 5423 489 5476 At
517 5423 705 5480 Grzeca
739 5433 794 5480 et
821 5423 1014 5478 Latina
1048 5423 1244 5487 Biblia,
1271 5422 1368 5477 vel.

489 5493 568 5564 (ἢ
610 5495 664 5549 In
697 5497 897 5565 prioris
928 5496 1053 5551 libri
1083 5493 1378 5550 Prommio.

487 5566 565 5636 (τ)
609 5567 765 5636 oens.

607 5567 943 5710 {ﬁdicinas
982 5638 1303 5710 Gregorius,
1351 5639 1420 5694 de
1448 5651 1558 5708 quo
1597 5651 1748 5700 mox,
1793 5634 1996 5691 dicitur

416 5707 580 5776 vulgo
621 5707 978 5776 llluminator.

491 5775 570 5848 (5)
614 5775 839 5848 Yidetur
869 5779 1160 5834 dicendum
1199 5777 1438 5834 Faustus
1473 5777 1825 5848 Byzantinus.

489 5845 570 5920 (6)
610 5845 890 5906 Obscurus
911 5850 994 5906 vel
1011 5859 1302 5922 corruptus
1316 5845 1537 5908 videtur
1547 5849 1636 5906 hic
1661 5847 1812 5904 locus
1829 5846 1884 5904 in
1905 5845 1996 5903 Sa-

2101 3403 2226 3458 iiter
2264 3403 2540 3457 inclaruit.
2591 3401 2828 3458 Secutus
2867 3411 2952 3459 est
2985 3403 3164 3460 Moses
3195 3403 3568 3462 Chorenensis
3597 3405 3684 3460 hi-

2102 3495 2304 3551 storica
2331 3495 2686 3550 veridicentia
2727 3495 3046 3566 pra-nobilis
3077 3517 3090 3550 :
3118 3495 3319 3552 deinde
3343 3497 3594 3564 Elisaeus,
3627 3503 3684 3553 et

2100 3583 2342 3640 Lazarus
2392 3593 2447 3640 et
2489 3583 2748 3649 Faustus,
2804 3583 2898 3654 qui
2948 3591 3004 3640 et
3050 3583 3350 3656 Byzantius
3379 3585 3476 3656 (5),
3522 3583 3694 3653 paulo

2101 3679 2382 3748 antiquior
2427 3677 2903 3732 historicus:nec
2951 3692 3062 3732 nou
3109 3675 3396 3732 Heraclias
3453 3691 3483 3728 a
3517 3673 3684 3730 Sebio

2099 3769 2357 3838 episcopo
2395 3767 2652 3822 laudatus
2676 3765 2776 3838 (6),
2819 3775 2936 3822 tum
2985 3775 3038 3822 et
3071 3765 3332 3822 Leontius
3377 3767 3684 3838 presbyter,

2100 3869 2152 3916 et
2180 3858 2475 3922 Sabuhius,
2503 3867 2556 3914 et
2592 3859 2849 3914 dominus
2877 3857 3140 3922 Joannes,
3169 3867 3223 3914 et
3247 3859 3551 3928 posteriore
3589 3857 3684 3912 de-

2099 3967 2250 4005 mum
2276 3957 2438 4006 astate
2471 3949 2786 4020 Stephanus
2811 3949 3026 4014 doctor,
3069 3959 3434 4020 cognomento
3463 3947 3686 4006 Asolni-

2100 4045 2259 4100 chius
2287 4043 2388 4114 (7).
2419 4042 2599 4114 Atque
2639 4043 2696 4097 hi
2727 4043 2793 4097 de
2839 4043 3008 4099 rebus
3036 4041 3400 4107 Armeniacis,
3445 4043 3694 4112 itemun

2101 4135 2192 4190 alii
2253 4135 2478 4206 plurimi
2539 4135 2607 4190 de
2679 4135 2912 4208 singulis
2967 4136 3262 4207 gentibus,
3337 4136 3688 4191 narrationes

2101 4243 2230 4284 suas
2255 4236 2548 4283 texuerunt
2570 4227 2948 4283 tantummodo
2977 4235 3099 4299 post
3129 4227 3395 4282 Adamum
3425 4227 3682 4298 paradiso

2098 4322 2406 4386 emissum,
2471 4323 2583 4378 vita
2647 4321 2768 4392 ejus
2823 4337 2989 4392 quam
3061 4321 3116 4375 in
3170 4319 3428 4392 paradiso
3499 4321 3684 4392 exegit

2099 4413 2304 4470 omissa
2323 4413 2419 4486 (8).
2457 4456 2473 4470 .
2509 4457 2523 4469 .
2562 4453 2578 4470 .
2609 4415 2690 4470 uti
2723 4413 2986 4470 Dominus
3016 4413 3216 4480 aiebat,
3249 4411 3390 4467 diem
3421 4412 3682 4466 nimirum

2099 4514 2154 4563 et
2183 4507 2398 4564 horam.
2449 4523 2559 4577 qua
2603 4507 2675 4562 sit
2727 4507 2845 4578 ipse
2891 4513 3177 4568 Venturus,
3207 4519 3238 4558 a
3289 4503 3508 4559 nemine
3553 4509 3686 4557 ante

2101 4601 2406 4670 cognosci’
2441 4619 2455 4654 :
2488 4615 2611 4670 qum
2643 4599 2808 4654 verba
2843 4614 2967 4652 cum
3010 4597 3077 4651 ad
3108 4591 3333 4666 angelos
3375 4593 3684 4662 Filiumque

2101 4697 2281 4766 ipsum
2323 4694 2594 4756 retulerit.
2637 4691 3119 4762 interrogationem
3153 4689 3296 4744 hanc
3329 4693 3679 4742 commovet:

2099 4787 2264 4858 Atqui
2316 4787 2364 4843 si
2415 4793 2535 4841 erat
2569 4786 2685 4856 ipse
2731 4797 3025 4848 venturus,
3056 4797 3294 4852 quonam
3337 4780 3480 4834 idem
3524 4784 3686 4848 pacto

2101 4880 2293 4935 horam
2325 4877 2637 4933 nesciebat?
2665 4875 2808 4946 Ergo
2851 4891 2921 4932 ne
2967 4889 3204 4931 mterore
3234 4875 3385 4944 ipsos
3426 4867 3684 4928 alliceret.

2099 4972 2157 5028 id
2191 4973 2259 5028 ab
2289 4987 2356 5027 eo
2381 4972 2584 5028 dictum
2616 4971 2890 5027 existimo.

2097 5282 2294 5338 muelis
2321 5281 2627 5337 codicibus.
2659 5279 2817 5347 Quod
2841 5291 3021 5336 autem
3045 5279 3243 5333 merito
3262 5273 3692 5347 mireris,etiam-

2104 5351 2415 5424 Stephanus
2457 5345 2808 5407 Aselnichius
2844 5352 2906 5424 in
2962 5365 3073 5424 sua:
3115 5345 3682 5424 Iligorierromm—io

2101 5418 2352 5547 euln'igem
2380 5423 2527 5476 hunc
2551 5423 2730 5478 locum
2758 5421 2949 5478 eadem
2977 5421 3316 5476 obscuritate
3340 5418 3680 5472 laborantem

2101 5509 2165 5548 ex
2191 5511 2222 5544 ll
2267 5501 2340 5548 et.

2101 5509 2366 5646 efilii’eiie
2393 5563 2482 5620 bis
2527 5562 2803 5619 Armeniis
2853 5559 3137 5618 historicis
3169 5559 3300 5615 alibi
3345 5554 3680 5628 loquendum

2100 5633 2404 5776 “(Iguiim
2429 5703 2552 5760 loco
2591 5704 2648 5761 in
2678 5702 3052 5762 emendatiore
3083 5699 3358 5758 Samuelis
3383 5692 3690 5770 exemplari-

2103 5775 2352 5831 innuitur
2381 5776 2596 5831 lacuna.
3411 5785 3417 5794 ‘
