4158 6490
429 410 537 466 609

1179 406 1528 465 δΑΜυΕιιδ
1559 403 1883 462 ANIENSIS
1922 401 2265 462 SUMMARII
2299 408 2682 468 TEMPORUM
2716 409 2898 466 PARS
2933 411 2976 465 1.

3584 407 3691 464 610

503 529 556 585 ι.
598 528 712 602 Ego
753 543 885 586 vero
926 526 1213 600 imperitiae
1253 526 1596 596 inscitiaeque
1637 540 1772 581 meae
1813 524 2004 580 imme-
2031 526 2081 585 Δ
2107 525 2559 595 deprehenditur.
2599 526 2773 584 Porro
2822 535 3001 583 autem
3049 526 3088 582 ii
3132 532 3383 582 sanctum
3425 523 3690 596 Spiritum

428 636 576 688 mor,
607 628 664 676 te
703 627 962 692 rogante,
1004 634 1038 675 ο
1086 618 1447 676 sanctimonia
1484 618 1697 687 fulgens
1737 615 2000 688 Gregori,

435 713 618 768 studio
665 713 765 767 tibi
795 711 1132 782 obsequendi
1183 711 1452 780 impulsus
1499 725 1618 766 sum
1663 708 1731 763 ad
1775 723 1838 763 ea
1883 723 2005 778 quae

435 806 533 862 tibi
571 813 730 862 erant
771 805 826 860 in
855 806 998 861 votis
1043 804 1355 862 scribenda.
1388 805 1580 874 Agesis
1632 803 1799 873 igitur
1827 801 2006 858 sancti

436 898 675 970 Spiritus
697 913 800 968 ope
825 896 1022 963 fretus,
1046 912 1113 952 ex
1137 896 1223 952 his
1241 895 1512 950 historicis
1538 896 1776 950 breviter
1798 909 2008 951 sermo-

432 993 524 1052 nis
565 994 665 1048 οηεὶ
704 994 993 1056 rationem,
1029 1000 1190 1063 prout
1222 999 1315 1046 tua
1345 990 1450 1045 fert
1494 989 1787 1054 sententia,
1816 989 2008 1043 decer-

435 1100 596 1157 pam;
628 1086 704 1140 ita
735 1093 916 1141 tamen
945 1093 1004 1139 ut
1037 1099 1307 1157 nusquam
1341 1098 1372 1136 a
1401 1082 1649 1139 veritatis
1678 1081 1818 1135 calle
1842 1079 2009 1135 deﬁe-

437 1186 604 1232 ctam.
636 1177 701 1232 Et
728 1178 948 1249 quidem
977 1193 1044 1234 ex
1089 1185 1200 1231 tam
1232 1175 1439 1248 ingenti
1472 1187 1700 1230 numero
1734 1173 1843 1228 duo
1873 1172 2008 1226 mihi

438 1273 712 1343 praecipue
763 1270 936 1326 iaeem
989 1270 1322 1342 prteferent,
1383 1269 1652 1325 Eusebius
1704 1283 1770 1323 ac
1830 1266 2010 1322 Moses

437 1363 827 1420 Chorenensis.
857 1362 975 1417 Jam
1006 1379 1136 1417 vero
1177 1364 1412 1433 primum
1449 1363 1667 1433 quidem
1707 1361 1775 1416 ab
1802 1360 2010 1416 Adamo

440 1457 728 1521 inchoatis,
765 1455 1012 1510 desinam
1056 1456 1113 1510 in
1153 1454 1470 1510 Noachum:
1503 1456 1628 1510 hinc
1660 1454 1728 1510 ad
1771 1454 2014 1509 Abraha-

439 1565 588 1603 mum
613 1563 784 1618 usque
801 1563 1036 1618 pergam.
1065 1547 1260 1602 Postea
1297 1547 1835 1618 chronographorum
1861 1561 2012 1601 more

437 1642 628 1698 lineari
663 1643 874 1697 ratione
904 1651 1141 1710 tempora
1171 1640 1240 1695 ad
1269 1656 1371 1697 nos
1397 1657 1572 1711 usque
1597 1640 1862 1711 digeram.
1904 1639 2010 1694 De.-

440 1735 607 1806 niqne
638 1735 741 1789 hoc
772 1735 827 1790 in
858 1749 1023 1804 opere
1057 1733 1104 1788 si
1135 1748 1276 1788 vana
1321 1733 1587 1803 rejccero,
1623 1741 1676 1788 et
1704 1731 2012 1787 necessaria

437 1828 756 1898 complexus
799 1825 976 1893 fuero,
1008 1841 1123 1882 rem
1169 1826 1268 1881 tibi
1307 1840 1397 1882 me
1437 1834 1649 1896 gratam
1693 1839 1856 1893 spero
1889 1837 2013 1879 esse

439 1916 734 1972 factarum.

508 2009 561 2064 5.
601 2007 812 2064 Revera
849 2022 1316 2078 supervacaneum
1353 2006 1607 2064 ducimus
1645 2005 1788 2062 haud
1819 2007 2014 2077 proba-

439 2101 578 2158 biles
625 2101 1007 2158 Chaldaeorum
1054 2102 1312 2158 historias
1362 2109 1417 2157 et
1464 2101 1750 2157 barbarica
1792 2101 2013 2155 nomina

439 2193 672 2250 recitare
691 2214 703 2250 :
720 2195 918 2265 quibus
941 2195 986 2252 si
1009 2193 1133 2266 quis
1153 2193 1437 2266 indigebit,
1462 2204 1661 2264 praesw
1690 2203 1773 2249 est
1799 2192 2014 2246 mirifici

439 2287 662 2344 Eusebii
703 2289 858 2351 liber,
893 2290 1015 2345 sine
1049 2303 1158 2359 quo
1184 2287 1556 2357 nosmetipsos
1596 2285 1741 2340 haud
1775 2287 2015 2341 scribere

437 2396 601 2451 posse
650 2380 905 2437 fatemur.
953 2379 1277 2451 Quanquam
1337 2394 1530 2448 reapse
1581 2377 1845 2449 quidquid
1894 2378 2015 2448 ejus

436 2473 654 2543 generis
689 2475 761 2528 ibi
795 2474 1058 2544 scriptum
1087 2481 1194 2540 est,
1225 2489 1402 2545 neque
1433 2473 1842 2545 opportunitate
1865 2481 2015 2529 caret

439 2581 615 2637 neque
664 2566 918 2622 utilitate.
979 2565 1095 2622 Etsi
1141 2567 1285 2622 enim
1350 2567 1657 2637 peregrinis
1697 2567 2014 2622 nominibus

437 2659 651 2728 priscos
678 2656 869 2712 Patres
906 2657 1181 2729 indigitat,
1218 2673 1599 2728 annorumque
1629 2659 1872 2713 rationes
1914 2659 2017 2712 im-

437 2751 672 2805 maniter
711 2750 1054 2805 exuberant:
1082 2747 1304 2804 Patrum
1356 2758 1538 2804 tamen
1581 2765 1847 2804 numerus
1885 2764 2016 2804 con-

435 2842 582 2912 gruit
614 2857 738 2898 eum
767 2841 972 2899 divinis
1001 2843 1292 2914 Scripturfs
1317 2841 1416 2914 (9).
1448 2842 1571 2896 Alia
1597 2841 1823 2912 insuper
1846 2855 2015 2894 causa

438 2933 564 2998 fuit,
599 2937 953 3007 quamobrem
1005 2951 1070 2991 ea
1104 2935 1444 2992 referrentur
1485 2950 1608 3005 qua;
1658 2935 1729 2989 ab
1769 2933 1876 2990 illis
1901 2934 2014 3002 (111)

437 3025 598 3094 quasi
625 3026 1026 3081 somniantibus
1049 3028 1353 3096 excogitata
1397 3033 1528 3080 sunt
1553 3043 1567 3079 :
1596 3025 1724 3095 quia
1754 3024 2014 3078 nimirum

439 3116 730 3172 Chaldaeus
772 3116 874 3171 fuit
906 3117 1272 3182 Abrahamus,
1309 3117 1538 3188 ejusque
1569 3118 1808 3188 majores
1851 3116 2016 3172 Chal-

436 3208 567 3262 daeae
609 3207 901 3278 indigenae,
959 3223 1125 3277 quam
1168 3224 1282 3263 rem
1335 3208 1472 3262 liber
1513 3208 1788 3264 Geneseos
1831 3217 2015 3280 aperte

442 3297 623 3366 prodit
643 3297 777 3368 (11).
809 3299 923 3354 lmo
975 3300 1079 3354 illae
1129 3299 1483 3356 narrationes
1538 3302 1752 3355 nullum
1795 3300 2014 3356 veritati

440 3393 817 3447 testimonium
862 3409 972 3447 non
1002 3394 1375 3465 suppeditant,
1407 3410 1604 3465 nempe
1639 3393 1784 3464 quod
1819 3395 2016 3450 attinet

438 3482 508 3538 ad
540 3482 829 3552 diluvium,
861 3485 929 3540 ad
963 3486 1132 3543 turris
1168 3486 1468 3557 opificium,
1506 3495 1668 3556 atque
1716 3486 1784 3540 ad
1817 3495 2014 3542 caetera

438 3576 790 3655 qumihidem
837 3587 1269 3648 consequuntur.
1314 3578 1414 3643 Ea,
1451 3579 1688 3650 inquam,
1742 3581 1883 3634 ratio
1913 3578 2017 3634 fuit

441 3667 617 3724 beatis
645 3669 753 3723 illis
782 3669 1040 3726 Patribus
1073 3685 1181 3728 cur.
1214 3671 1328 3726 lure
1354 3671 1830 3726 commemoranda
1860 3682 2016 3741 puta-

438 3768 581 3815 rent.
604 3759 773 3818 Nobis
807 3773 989 3818 tamen
1014 3778 1140 3818 cum
1167 3764 1398 3819 istorum
1434 3765 1842 3821 lucubrationes
1869 3767 2017 3820 sulli-

439 3866 564 3908 cere
586 3853 896 3919 videantur,
925 3869 991 3910 ea
1029 3855 1259 3910 materia
1294 3854 1428 3911 satis
1453 3855 1580 3921 erit,
1609 3872 1730 3927 qua:
1761 3857 2014 3912 instituto

437 3950 630 3998 nostro
655 3945 936 4001 conducit.

509 4035 563 4090 6.
601 4033 722 4092 Jam
751 4037 998 4107 ipsorum
1034 4035 1432 4093 Chronicorum
1464 4037 1680 4092 initium
1709 4039 1779 4095 ab
1819 4039 2014 4094 Adami

437 4143 470 4184 e
501 4127 775 4198 perbeatis
811 4131 922 4185 illis
952 4131 1174 4187 sedibus
1206 4134 1354 4188 exitu
1393 4134 1641 4189 seniores
1683 4133 1760 4188 illi
1793 4134 2014 4204 sapien-

439 4219 638 4275 tissimi
690 4221 983 4291 petendum
1031 4225 1526 4297 ceusuerunt(12).
1575 4225 1836 4296 Quisquis
1887 4241 2014 4282 vero

438 4309 598 4364 aliter
651 4320 906 4381 nugatur,
957 4311 1374 4368 diuturnitatem
1424 4315 1545 4384 ejus
1595 4317 1867 4371 incolatus
1908 4316 2014 4370 sibi

439 4415 564 4456 esse
614 4403 952 4471 exploratam
1001 4405 1298 4474 dictitans;
1331 4415 1424 4460 aut
1475 4408 1544 4462 de
1592 4409 1718 4462 caeli
1767 4416 1823 4464 et
1868 4415 2014 4463 terra

441 4493 664 4548 conditu
699 4495 989 4549 temeraria
1017 4496 1196 4552 effutit
1219 4498 1363 4570 (1'5);
1401 4499 1550 4565 huic,
1596 4499 1843 4570 inquam,
1883 4515 2016 4557 cave

2112 616 2309 674 ducem
2334 619 2537 674 habent
2562 619 2656 690 qui
2677 618 3033 690 Septuaginta
3053 615 3216 673 Viros
3241 623 3523 673 sectantur
3540 613 3686 689 (15):

2108 710 2310 781 quibus
2336 726 2440 766 nos
2476 727 2694 782 quoque
2728 712 3094 777 adhaerentes,
3127 726 3264 776 rem,
3299 723 3465 782 quam
3497 723 3690 765 smnus

2107 804 2376 876 aggressi,
2402 803 2778 874 expediamus.

2743 932 2974 991 CAPUT
3014 933 3054 990 1.

2112 1070 2369 1137 Quantam
2407 1071 2545 1124 ratio
2577 1068 3024 1140 lemporumrapud
3051 1067 3396 1140 Septuaginta
3428 1067 3694 1137 Interpre-

2212 1152 2286 1196 tes
2315 1139 2763 1210 perscribaturab
2791 1139 2998 1194 Adamo
3028 1156 3188 1210 usque
3209 1140 3276 1193 ad
3306 1139 3584 1193 diluvium.

2178 1278 2221 1332 l.
2263 1275 2487 1334 Priscus
2517 1277 2682 1332 homo
2717 1275 2962 1330 Adamus
2991 1280 3116 1343 post
3145 1273 3347 1327 exitum
3375 1287 3406 1326 e
3437 1269 3694 1341 paradiso

2111 1385 2258 1426 anno
2301 1373 2476 1425 aetatis
2516 1385 2694 1424 ccxxx
2735 1368 2922 1438 genuit
2966 1364 3192 1420 Sethum
3222 1380 3286 1419 ex
3319 1362 3426 1416 Eva
3460 1364 3694 1432 conjuge

2111 1479 2212 1518 sua
2241 1483 2252 1517 :
2282 1463 2525 1533 vixitque
2549 1462 2728 1516 adhuc
2750 1460 2911 1515 anuis
2932 1472 3029 1513 nec
3053 1472 3226 1528 usque
3253 1455 3319 1509 ad
3343 1468 3562 1510 cxxxvu
3583 1455 3691 1524 (l6)

2110 1567 2313 1607 annum
2359 1552 2664 1606 Malalielis.
2713 1549 2868 1606 Alios
2923 1562 3139 1619 quoque
3201 1545 3390 1616 genuit
3448 1544 3590 1600 ﬁlios
3640 1551 3695 1600 et

2113 1646 2275 1700 filias.
2310 1643 2458 1700 Obiit
2487 1643 2664 1698 :etatis
2697 1656 2843 1696 anno
2873 1655 3170 1696 nccccxxx.

2185 1737 2251 1791 ll.
2297 1736 2500 1793 Sethus
2550 1752 2726 1792 annos
2764 1743 2926 1791 natus
2969 1748 3066 1788 ccv
3111 1730 3299 1802 genuit
3341 1728 3583 1784 Enosum
3628 1733 3697 1782 ex

2116 1831 2283 1886 Alora
2344 1828 2485 1900 (i7)
2547 1828 2780 1899 conjuge
2829 1843 2930 1883 sua
2983 1843 2998 1880 :
3053 1823 3299 1893 vixitque
3359 1820 3540 1875 adhuc
3597 1834 3696 1873 an-

2116 1925 2203 1979 nis
2262 1936 2438 1977 necvu
2503 1935 2678 1990 usque
2730 1920 2798 1974 ad
2845 1935 2917 1974 xx
2963 1931 3168 1972 annum
3215 1913 3447 1969 Eunt-hi.
3501 1911 3700 1968 Genuit

2113 2015 2256 2070 ﬁlios
2289 2022 2344 2070 et
2382 2014 2539 2070 filias.
2575 2012 2724 2068 Obiit
2753 2013 2928 2067 aetatis
2962 2025 3105 2064 anno
3129 2022 3372 2064 nccccxtt
3406 2005 3537 2075 (18).

2190 2105 2279 2160 lli.
2323 2105 2538 2161 Euosus
2567 2119 2742 2159 annos
2766 2112 2930 2158 natus
2961 2117 3061 2157 cxc
3092 2101 3277 2172 genuit
3307 2098 3606 2154 Cainanum
3629 2112 3696 2152 ex

2114 2199 2308 2254 Nuena
2359 2199 2592 2269 conjuge
2629 2212 2728 2253 sua
2761 2215 2775 2252 :
2813 2197 3059 2264 vixitque
3103 2194 3282 2249 adhuc
3317 2192 3478 2247 annis
3527 2205 3697 2245 nccxv

2115 2308 2291 2362 usque
2345 2291 2412 2345 ad
2464 2305 2561 2345 Llll
2615 2303 2818 2342 annum
2863 2287 3201 2341 Mathusalae.
3243 2283 3443 2340 Genuit
3473 2283 3614 2338 filios
3644 2290 3699 2338 et

2118 2384 2284 2438 ﬁlias.
2320 2381 2468 2438 Obiit
2498 2382 2677 2436 aetatis
2707 2394 2851 2434 anno
2885 2382 3126 2433 nccecv.l

2189 2474 2280 2532 IV.
2322 2475 2601 2531 Cainanus
2638 2488 2815 2528 annos
2862 2479 3026 2526 natus
3055 2485 3194 2526 cux
3241 2469 3429 2541 genuit
3457 2467 3696 2523 Malalie-

2115 2571 2221 2626 lem
2279 2584 2345 2624 ex
2403 2567 2665 2623 Malaleda
2718 2565 2952 2636 conjuge
3002 2579 3100 2619 sua
3159 2579 3172 2615 :
3228 2563 3472 2632 vixitque
3521 2560 3699 2615 adhuc

2117 2662 2277 2716 annis
2329 2674 2499 2714 nccxt.
2572 2671 2747 2727 usque
2808 2656 2876 2710 ad
2937 2671 3100 2709 Lxxxt
3157 2669 3359 2708 annum
3420 2651 3672 2708 Lamech

2115 2755 2316 2811 Genuit
2350 2753 2489 2808 filios
2516 2760 2569 2807 et
2604 2751 2762 2807 filias.
2789 2747 2936 2804 Obiit
2962 2748 3138 2802 anatis
3169 2764 3312 2801 anno
3341 2762 3563 2802 nccecx.

2183 2843 2249 2899 V.
2292 2843 2524 2898 Malaliel
2553 2856 2727 2897 annos
2757 2846 2920 2894 natus
2953 2853 3089 2893 cuv
3118 2837 3305 2909 genuit
3342 2834 3598 2891 Jaredum
3630 2849 3698 2890 ex

2114 2935 2252 2990 Dina
2295 2936 2529 3006 conjuge
2573 2949 2720 2989 sua:
2765 2934 3004 3002 vixitque
3055 2931 3233 2985 adhuc
3285 2929 3443 2983 annis
3489 2941 3699 2983 nccxxx

2116 3045 2291 3101 usque
2347 3029 2415 3083 ad
2469 3042 2637 3082 vam
2684 3040 2888 3080 annum
2939 3022 3168 3078 Noachi.
3217 3019 3416 3077 Genuit
3462 3020 3603 3075 ﬁlios
3647 3027 3702 3072 et

2116 3120 2277 3176 ﬁlias.
2310 3118 2457 3174 Obiit
2485 3118 2661 3173 aetatis
2693 3131 2837 3171 anno
2870 3129 3126 3169 ncccxcv.

2043 3234 2087 3293 α
2191 3210 2279 3266 Vl.
2321 3209 2552 3265 Jaredus
2592 3223 2769 3264 annos
2816 3215 2978 3265 natus
3008 3224 3152 3263 cun
3196 3205 3385 3278 genuit
3417 3201 3701 3258 Enochum

2121 3319 2190 3360 ex
2237 3302 2483 3357 Baracha
2535 3302 2646 3373 (19)
2705 3301 2938 3371 conjuge
2989 3314 3086 3354 sua
3149 3317 3162 3354 :
3226 3297 3469 3367 vixitque
3521 3294 3704 3350 adhuc

2123 3396 2284 3451 annis
2350 3409 2483 3451 nccc
2554 3409 2729 3464 usque
2789 3393 2856 3447 ad
2921 3407 3127 3447 cccxxx
3207 3404 3410 3444 annum
3472 3383 3697 3441 Noachi.

2123 3488 2323 3546 Genuit
2355 3487 2495 3543 filios
2535 3495 2589 3542 et
2627 3487 2786 3540 ﬁlias.
2825 3482 2974 3540 Obiit
3005 3483 3183 3539 aetatis
3219 3498 3363 3536 anno
3403 3495 3697 3534 nccccuu.

2193 3581 2305 3635 Vll.
2347 3579 2604 3634 Euochus
2653 3593 2827 3632 annos
2871 3584 3032 3630 natus
3077 3589 3216 3629 Cva
3259 3572 3444 3644 genuit
3487 3569 3704 3624 Mathu-

2123 3675 2293 3729 salam
2347 3688 2414 3727 ex
2461 3670 2699 3726 Jadnera
2748 3671 2981 3740 conjuge
3029 3683 3128 3722 sua
3170 3686 3184 3722 :
3233 3665 3477 3735 vixitque
3523 3663 3703 3718 adhuc

2123 3767 2282 3820 anuis
2321 3779 2384 3820 ce
2429 3783 2442 3819 :
2489 3777 2726 3832 cumque
2775 3761 2887 3817 Deo
2929 3761 3246 3832 placuisset,
3284 3759 3585 3827 translatus
3617 3765 3702 3813 est

2123 3871 2268 3912 anno
2346 3871 2520 3910 χχχιιι
2581 3852 2860 3909 Lamechi.
2923 3853 3123 3908 Genuit
3202 3851 3339 3906 ﬁlios
3393 3859 3448 3904 et
3507 3849 3698 3916 ﬁlias;

2121 3950 2425 4005 translatus
2471 3957 2554 4005 est
2603 3948 2783 4004 aetatis
2831 3961 2976 4001 anno
3017 3961 3238 4001 ccccxv.
3264 3943 3346 3998 Ab
3374 3944 3578 3998 Adamo
3609 3959 3703 3996 us-

2121 4059 2226 4116 que
2258 4041 2325 4098 ad
2357 4043 2635 4097 Enochum
2667 4041 2993 4096 translatum
3035 4038 3413 4112 generationes
3436 4054 3509 4092 vn
3545 4036 3702 4091 anni-

2120 4153 2227 4209 que
2262 4150 2650 4190 uecccexxxvu
2688 4133 3015 4190 conflantur.

2193 4226 2328 4282 Vill.
2361 4226 2667 4281 Mathusala
2696 4241 2870 4281 annos
2899 4233 3062 4279 natus
3089 4237 3270 4278 cum
3295 4219 3481 4293 genuit
3508 4219 3700 4274 Lame-

2121 4321 2284 4375 chum
2336 4335 2402 4374 ex
2450 4317 2602 4373 Edna
2647 4318 2882 4388 conjuge
2923 4332 3020 4372 sua
3057 4335 3070 4370 :
3101 4315 3345 4385 vixitque
3378 4313 3556 4368 adhuc
3602 4328 3700 4366 an-

2125 4415 2212 4469 nis
2258 4428 2454 4469 ncccu.
2500 4412 2599 4467 llic
2650 4412 2810 4469 annis
2851 4427 2941 4465 xw
2981 4409 3093 4481 (20)
3150 4409 3357 4464 diluvio
3404 4407 3698 4477 superfuit,

2123 4505 2267 4576 quod
2319 4521 2385 4560 ex
2433 4505 2608 4576 ipsius
2658 4504 2782 4558 vitae
2832 4501 3008 4573 Spatio
3057 4499 3427 4571 cognoscitur.
3477 4497 3533 4551 In
3579 4498 3702 4551 aliis

439 4584 601 4640 fidem
617 4584 848 4640 tribuas.
877 4584 1122 4658 Namque
1152 4589 1221 4644 ab
1255 4605 1320 4645 eo
1343 4597 1609 4660 tempore,
1630 4608 1738 4662 quo
1763 4592 1854 4646 ille
1890 4606 2018 4647 sua-
2049 4597 2094 4654 D
2127 4603 2308 4650 tamen
2338 4593 2741 4665 exemplaribus
2775 4593 2979 4649 vixisse
3008 4592 3168 4645 annis
3204 4599 3480 4660 postquam
3509 4603 3700 4658 genus-

435 4675 666 4730 vissimo
695 4678 822 4732 vitae
848 4693 1046 4747 genere
1074 4681 1276 4736 excidit
1316 4684 1408 4754 qui
1429 4684 1542 4754 (14)
1574 4684 1819 4741 Adamus
1854 4699 2018 4740 voca-

436 4778 530 4825 tus
561 4778 645 4825 est
675 4769 807 4842 (quo
839 4773 1059 4830 nomine
1099 4789 1290 4832 omnes
1311 4781 1553 4833 cunctim
1585 4779 1834 4834 homines
1857 4779 2022 4850 signi-

440 4863 718 4936 ficantur),
757 4864 917 4932 inde,
961 4865 1219 4936 inquam,
1263 4877 1455 4926 nostra
1507 4879 1816 4944 temporum
1876 4871 2019 4927 ratio

435 4955 719 5011 exordium
764 4957 929 5028 cepit,
988 4974 1054 5015 ea
1094 4955 1348 5017 videlicet
1394 4978 1516 5034 qua
1557 4964 1611 5018 in
1663 4961 2018 5038 Septuaginta

443 5049 692 5104 virorum
733 5051 1187 5122 interpretatione
1233 5063 1318 5111 est
1347 5075 1361 5112 :
1388 5057 1532 5128 apud
1567 5055 1826 5116 Hebraeos
1869 5059 2016 5128 enim

436 5140 736 5199 discrimen
763 5144 956 5217 ingens
993 5145 1050 5201 in
1092 5154 1398 5220 temporum
1444 5152 1751 5221 praesertim
1786 5123 2018 5209 numero

510 5298 587 5370 (9)
625 5299 832 5357 Confer
855 5299 1078 5360 Eusebii
1110 5301 1307 5361 Chron.
1344 5302 1387 5370 Ι,
1420 5319 1483 5369 ιι,
1511 5305 1566 5361 8.

501 5372 616 5440 (10)
655 5371 944 5431 Chaldaeis.

535 5440 621 5512 tt)
661 5441 864 5512 Euseb.
912 5442 1113 5501 Chron.
1145 5445 1189 5512 1,
1219 5461 1336 5509 xvr,
1366 5443 1423 5499 2.

533 5510 621 5580 12)
661 5511 862 5568 Euseb.
895 5513 1093 5569 Chron.
1125 5510 1310 5579 LXVI,
1343 5515 1463 5570 3-6.

505 5581 619 5664 μδ)
649 5581 962 5664 Ηοοήιιίιριο
989 5587 1242 5664 videntur
1266 5601 1513 5664 peccare.
1525 5589 1851 5664 nominatim
1883 5589 2015 5664 Syn-

431 5654 706 5776 grands.“
752 5654 1037 5711 Cedrenus
1085 5658 1143 5712 in
1191 5654 1421 5712 suorum
1470 5655 1855 5715 Chronicorum
1901 5654 2015 5734 pri-

530 5739 556 5776 r
599 5739 686 5776 us.

430 5735 686 5778 moralis.

509 5793 620 5866 (id)
650 5793 834 5866 Codex
863 5811 964 5866 pro
991 5798 1083 5866 qui
1113 5797 1277 5866 habet
1305 5804 1478 5866 atque.

509 5858 971 5932 (15)Confera'tur
993 5858 1192 5926 Euseb.
1230 5858 1425 5924 Chron.
1464 5870 1507 5938 1,
1537 5885 1649 5942 xu,
1684 5871 1714 5926 7
1742 5874 1899 5932 et”.

2125 4699 2210 4742 rat
2247 4689 2484 4744 traditur
2521 4702 2834 4742 nccuxxn.
2864 4684 3064 4742 Genuit
3096 4685 3237 4740 filios
3263 4694 3318 4739 et
3353 4684 3514 4739 filias.
3553 4680 3700 4738 Obiit

2121 4783 2299 4838 aetatis
2328 4797 2472 4836 anno
2497 4795 2808 4835 DCCCCLXIX.

2189 4871 2286 4928 1X.
2352 4871 2660 4927 Lamechus
2719 4886 2896 4927 annos
2951 4878 3118 4926 natus
3177 4883 3453 4925 CLXXXVIII
3512 4865 3700 4940 genuit

2121 4963 2407 5020 Noacbum
2458 4980 2489 5020 e
2537 4963 2725 5019 Bedna
2771 4963 3006 5034 conjuge
3051 4977 3151 5018 sua
3183 4981 3196 5016 :
3227 4961 3472 5030 vixitque
3521 4959 3698 5014 adhuc

2121 5059 2282 5114 annis
2312 5073 2521 5115 nxxxv.
2549 5057 2702 5113 Patri
2742 5072 2843 5114 suo
2879 5057 3197 5112 Mathusalae
3224 5061 3586 5127 praemortuus
3614 5059 3699 5107 est

2122 5146 2464 5212 Lamechus,
2514 5155 2804 5219 postquam
2866 5147 3081 5202 vixerat
3156 5160 3332 5218 usque
3394 5144 3466 5200 ad
3517 5158 3698 5198 nxxxv

2192 5308 2307 5382 (16)
2345 5309 2502 5382 Alius
2529 5307 2703 5382 codex
2734 5323 2897 5363 cxxx.

2188 5379 2300 5450 (l7)
2329 5381 2414 5434 Al.
2445 5379 2594 5444 cod.,
2620 5380 2820 5432 Azora.

2218 5452 2304 5514 18)
2327 5452 2415 5504 Al.
2462 5451 2610 5515 cod.,
2640 5463 2904 5505 DCCCCLll.

2216 5520 2302 5585 i9)
2331 5521 2418 5574 Al.
2445 5521 2596 5585 cod.,
2639 5520 2907 5575 Bavaclta.

2188 5586 2302 5664 (ΞΟ)
2354 5590 2537 5664 Codex
2597 5607 2741 5648 unus
2777 5590 3196 5664 gnuis,omisso
3246 5600 3509 5664 numero,
3555 5586 3700 5664 alius

2115 5659 2380 5719 mendose
2410 5663 2563 5717 annis
2587 5677 2749 5730 Lxxx.
2777 5659 2978 5717 Verum
3021 5661 3339 5730 supputatio
3367 5660 3527 5730 docet
3554 5661 3699 5714 scri-

2115 5734 2355 5857 benidum
2402 5749 2514 5786 xiv.
2577 5729 2907 5788 Conferatur
2948 5727 3222 5792 Eusebius
3263 5731 3369 5788 cui.
3418 5727 3522 5783 1ιῖ
3567 5742 3696 5787 cum

2115 5820 2170 5857 ΙΙ.
2245 5843 2260 5857 ο

2114 5820 2170 5858 ΙΙ.
2207 5820 2260 5858 ‘l.
