4158 6488
429 403 530 458 6H

435 624 580 664 anno
617 623 876 664 DCCISIII.

505 697 574 754 Χ.
617 698 872 752 Noachus
903 711 1078 752 annos
1109 703 1272 751 natus
1303 711 1336 750 ι)
1365 695 1552 766 genuit
1585 693 1829 758 Semum,
1860 693 2004 750 Cha-

435 805 586 844 mum
645 799 806 860 atque
849 788 1102 860 Japetum
1149 803 1180 842 e
1231 787 1526 842 Noemzara
1559 785 1938 854 conjuge,sua
1987 800 2002 836 :

435 883 682 950 vixitque
721 879 898 934 adhuc
935 879 1093 934 annis
1132 893 1162 932 c
1211 893 1384 947 usque
1421 877 1488 930 ad
1531 877 1794 930 diluvium
1839 892 1850 925 :
1887 883 2010 944 post

437 973 702 1028 diluvium
765 979 946 1025 autem
1012 969 1170 1024 annis
1227 983 1378 1022 cccc.
1431 965 1578 1022 Obiit
1633 967 1810 1021 mtatis
1866 980 2009 1020 anno

437 1078 658 1119 nccccc.
705 1063 787 1116 Ab
831 1061 1051 1116 Enocho
1093 1061 1363 1114 translato
1413 1075 1586 1128 usque
1629 1060 1697 1113 ad
1747 1059 2008 1112 diluvium

439 1153 816 1224 generationes
888 1159 1000 1204 tres
1063 1151 1300 1218 annique
1361 1163 1528 1203 DCCLV
1597 1155 2006 1204 coacervantur.

441 1249 526 1299 Ab
575 1246 782 1298 Adamo
843 1243 1452 1312 autem‘generationcs
1504 1241 1712 1306 decem,
1777 1241 2012 1310 annique

443 1351 720 1392 κυεϐιιιι.

1062 1446 1293 1503 CAPUT
1333 1446 1400 1502 ll.

445 1540 576 1606 Qua:
631 1541 768 1594 ratio
833 1549 1141 1610 temporum,
1178 1536 1630 1610 scribatur_ap_ud
1675 1535 2016 1610 Septuaginta

483 1610 794 1678 lnterpretea
823 1628 856 1664 a
887 1607 1042 1664 sema
1076 1609 1142 1663 ad
1175 1625 1370 1661 annum
1399 1607 1689 1660 Abrahami
1717 1607 1968 1676 primum.

513 1701 605 1756 XI.
640 1703 835 1756 Senius
851 1717 1026 1756 annos
1050 1712 1209 1754 natus
1228 1715 1258 1753 c
1277 1695 1849 1770 genuitArphaxadem
1875 1716 2019 1756 anno

449 1794 624 1848 altero
669 1801 792 1862 post
829 1793 1093 1846 diluvium
1143 1809 1174 1847 e
1209 1788 1554 1844 Dizaclibade
1595 1789 1824 1860 conjuge
1867 1807 1965 1847 sua
2003 1811 2016 1846 :

444 1884 689 1952 vixitque
719 1884 896 1938 adhuc
925 1885 1086 1939 annis
1116 1899 1170 1938 ι).
1200 1882 1398 1938 Genuit
1424 1881 1563 1934 ﬁlios
1595 1887 1648 1934 et
1681 1882 1839 1938 ﬁlias.
1869 1882 2018 1942 Obiit

445 1975 621 2028 etatis
653 1989 795 2028 anno
823 1987 910 2027 oc.

515 2061 627 2116 XII.
657 2063 1012 2133 Arphaxades
1035 2079 1206 2119 annos
1233 2073 1395 2122 natus
1421 2082 1598 2122 cxxxv
1621 2069 1808 2139 genuit
1836 2067 2016 2122 Solam

443 2168 516 2208 ex
573 2151 782 2207 Rabuia
835 2153 1066 2224 conjuge
1121 2171 1218 2210 sua
1273 2175 1286 2211 :
1339 2159 1580 2226 vixitque
1631 2159 1810 2214 adhuc
1861 2159 2020 2214 annis

448 2259 661 2298 ccccm.
719 2243 916 2298 Genuit
963 2245 1104 2300 ﬁlios
1149 2253 1204 2302 et
1261 2247 1420 2304 ﬁlias.
1461 2248 1606 2305 Obiit
1653 2251 1832 2306 aetatis
1877 2263 2021 2304 anno

453 2347 723 2387 DXXXVIII.

523 2423 660 2479 XIII.
705 2423 830 2478 Sala
882 2439 1054 2482 annos
1099 2437 1262 2484 natus
1298 2443 1438 2484 cxxx
1481 2430 1666 2501 genuit
1693 2429 1960 2486 Heberum
1993 2447 2024 2488 e

453 2511 646 2568 Mucha
667 2515 895 2586 conjuge
916 2531 1014 2572 sua
1034 2535 1046 2570 :
1066 2518 1306 2588 vixitque
1329 2521 1506 2575 adhuc
1528 2522 1686 2576 annis
1709 2536 1888 2576 ccccvr
1913 2521 2024 2594 (2i)

453 2622 630 2676 usque
662 2607 726 2660 ad
757 2625 829 2662 vn
859 2625 1060 2664 annum
1095 2609 1344 2668 Seruchi.
1377 2611 1577 2668 Genuit
1605 2613 1746 2670 ﬁlios
1773 2623 1828 2670 et
1861 2614 2022 2670 ﬁlias.

453 2697 599 2754 Obiit
627 2701 802 2756 aetatis
828 2715 971 2756 anno
1001 2718 1222 2756 oxxxvt.

522 2789 664 2846 XIV.
698 2791 941 2846 IIeberus
979 2809 1154 2848 annos
1189 2803 1352 2848 natus
1392 2809 1590 2848 cxxxlv
1615 2795 1803 2866 genuit
1832 2794 2028 2850 Phale-

454 2896 578 2938 cum
619 2899 649 2937 e
699 2881 848 2938 Zuha
889 2885 1120 2954 conjuge
1165 2901 1264 2940 sua
1317 2907 1330 2941 :
1371 2887 1608 2956 vixitque
1655 2887 1832 2940 adhuc
1873 2887 2030 2942 annis

455 2989 758 3029 ccccxxxtn
781 2992 956 3046 usque
987 2975 1051 3029 ad
1082 2991 1286 3032 xxxviii
1319 2993 1520 3034 annum
1547 2977 1803 3033 Nachori.
1831 2977 2031 3034 Genuit.

457 3065 596 3120 ﬁlios
616 3075 668 3122 et
698 3067 854 3122 ﬁlias.
887 3065 1032 3122 Obiit
1061 3069 1238 3123 mtatis
1267 3083 1410 3124 anno
1439 3083 1643 3124 ovaIt.

1485 395 1830 452 APPENDIX
1867 395 1958 450 AD
1989 389 2262 450 EUSEBII
2287 388 2704 447 CHRONICON.

433 531 634 574 annum
666 515 893 572 Noachi.
929 515 1130 572 Genuit
1171 513 1314 570 ﬁlios
1355 519 1410 569 et
1445 513 1604 568 ﬁlias.
1639 511 1788 567 Obiit
1823 509 1998 566 aetatis
2029 513 2072 570 Α
2101 522 2218 561 ram
2275 522 2344 562 ex
2396 506 2585 562 lescha
2659 503 2892 574 conjuge
2963 517 3063 558 sua

3124 519 3138 553 :
3197 503 3438 572 vixitque
3489 480 3670 558 adhuc

2105 599 2262 652 annis
2289 613 2414 652 cxtx
2445 612 2620 667 usque
2645 595 2714 650 ad
2743 611 2866 650 χιιι
2897 609 3098 650 annum
3127 595 3442 650 Abrahami.
3472 593 3672 652 Genuit

2107 688 2246 744 ﬁlios
2279 697 2334 743 et
2369 690 2524 742 ﬁlias.
2555 686 2702 744 Obiit
2723 687 2898 742 atatis
2925 701 3068 741 anno
3095 701 3318 742 cxcvm.

2177 777 2316 832 XIX.
2345 777 2522 832 Thara
2553 793 2726 832 annos
2753 787 2916 832 natus
2947 793 3050 831 ιη
3085 777 3271 846 genuit
3301 777 3672 834 Abrahamum

2109 889 2176 928 ex
2233 871 2384 924 Edna
2431 869 2660 940 conjuge
2709 884 2847 934 sua;
2898 869 3140 938 vixitque
3197 885 3370 939 usque
3421 869 3488 922 ad
3532 883 3676 924 xxxv

2109 977 2311 1016 annum
2349 960 2538 1024 lsaaci,
2577 975 2770 1029 nempe
2813 958 3079 1028 superfuit
3127 959 3286 1014 annis
3327 973 3524 1012 cxxxv.
3571 957 3678 1013 Ge-

2109 1057 2228 1110 nuit
2257 1053 2396 1108 ﬁlios
2427 1062 2480 1108 et
2505 1053 2664 1108 ﬁlias.
2687 1052 2833 1107 Obiit
2855 1051 3032 1106 Thara
3063 1053 3239 1106 aetatis
3265 1067 3408 1106 anno
3431 1067 3552 1108 ccv.

2181 1143 2300 1200 XX.
2351 1143 2568 1200 Primus
2623 1143 2914 1199 Abraliami
2965 1159 3162 1200 annos.
3221 1145 3597 1200 Conﬁciuntur
3645 1161 3678 1200 a

2111 1238 2314 1293 diluvio
2364 1251 2536 1307 usque
2577 1237 2646 1290 ad
2689 1251 2890 1291 annum
2940 1237 3176 1306 primum
3219 1237 3510 1292 Abrahami
3555 1253 3681 1308 pro-

2113 1328 2422 1382 creationes
2471 1342 2665 1382 novem
2725 1327 2962 1394 annique
3011 1339 3309 1379 nccccxut.
3353 1326 3434 1380 Ab
3475 1327 3682 1380 Adamo

2115 1427 2296 1474 autem
2341 1419 2748 1489 procreationes
2795 1433 2884 1470 xix
2927 1417 3163 1486 annique
3209 1431 3577 1480 unuccxxxiv,
3609 1417 3684 1470 ita

2115 1523 2176 1570 ut
2219 1513 2562 1568 Abrahamns
2609 1510 2666 1564 in
2707 1509 2964 1564 vicesima
3007 1510 3386 1578 procreatione
3425 1509 3515 1564 sit.
3559 1507 3686 1563 Ilaec

2119 1605 2338 1675 quidem
2389 1600 2690 1660 secundum
2735 1599 3090 1672 Septuaginta
3121 1599 3374 1655 Virorum
3419 1599 3687 1670 interpreo

2117 1698 2392 1752 tationem.
2896 1708 2897 1711 ‘

2721 1805 2950 1864 CAPUT
2997 1805 3088 1863 III.

2367 1899 2446 1956 De
2471 1901 2710 1956 Cainano
2737 1910 2786 1954 et
2817 1901 2939 1954 aliis
2966 1897 3279 1970 quibusdam
3309 1897 3446 1966 (23).

2192 1995 2243 2048 I.
2285 1991 2440 2048 [laud
2478 1992 2639 2062 pauci
2671 1991 2952 2047 enimvero
2991 1990 3402 2062 prudentissimi
3441 1986 3690 2044 historici

2119 2087 2186 2140 ad
2221 2085 2651 2156 procreationem
2682 2098 3056 2154 annorumque
3087 2095 3370 2137 numerum
3391 2080 3691 2134 Cainanum

2121 2173 2425 2243 adjungunt
2473 2185 2598 2225 cum
2660 2173 2818 2227 annis
2877 2186 3028 2238 cxx;
3095 2185 3330 2240 eumque
3381 2169 3536 2224 aiunt
3593 2167 3697 2222 Ar-

2121 2262 2368 2332 pliaxade
2399 2270 2588 2314 natum
2629 2257 2876 2330 Salmque
2903 2267 3204 2330 parentem.
3235 2257 3366 2313 Rem
3399 2264 3576 2311 autem
3607 2257 3684 2310 ita

2123 2354 2443 2409 describunt
2482 2373 2494 2407 :
2531 2351 2885 2424 Arphaxades
2931 2365 3102 2405 annos
3165 2357 3330 2404 natus
3370 2363 3590 2403 cxxxvn
3629 2361 3698 2401 ex

2123 2443 2331 2499 Itabuia
2387 2460 2556 2500 uxore
2619 2459 2718 2500 sua
2773 2441 2962 2514 genuit
3015 2441 3341 2496 Cainanum‘
3390 2457 3403 2492 :
3467 2449 3700 2506 cumquo

2125 2537 2302 2591 adhuc
2331 2535 2492 2590 annis
2523 2549 2718 2590 CCCCIll
2749 2533 2992 2594 vixisset,
3029 2529 3333 2586 exstinctus
3359 2535 3464 2585 est.
3503 2527 3704 2581 Caina-

2123 2641 2230 2682 nus
2261 2641 2432 2680 annos
2463 2633 2624 2680 natus
2655 2639 2759 2678 cxx
2787 2621 2966 2676 Salam
2997 2636 3028 2675 e
3059 2620 3234 2674 Secha
3257 2633 3426 2673 uxore
3455 2631 3554 2672 sua
3577 2629 3703 2670 sus-

2127 2719 2313 2788 cepit:
2353 2733 2587 2787 cumque
2627 2717 2806 2771 adhuc
2857 2715 3018 2768 annis
3055 2725 3414 2766 ccccxxxxvu
3453 2709 3700 2772 vixisset,

2127 2811 2280 2866 obiit.
2311 2807 2482 2866 Porio
2509 2809 2674 2878 hujus
2705 2809 2782 2862 rei
2817 2807 3049 2862 testibus
3081 2812 3308 2860 utuntur
3331 2799 3705 2858 celeberrimis

2127 2901 2572 2970 doctissimisque
2599 2901 2768 2962 viris,
2815 2897 3048 2968 Origene
3089 2897 3297 2954 scilicet
3333 2893 3706 2964 Gregorionue

2130 2988 2407 3060 Tlieologo
2439 2999 2602 3059 atque
2629 2988 2930 3058 Epiphanio
2957 2987 3156 3059 Cyprio
3195 3007 3209 3043 :
3243 2987 3352 3041 imo
3391 2985 3527 3038 adeo
3559 2981 3708 3036 Luca

2132 3079 2460 3149 evangelista
2487 3080 2659 3136 sancti
2690 3079 2926 3148 Spiritus
2955 3079 3134 3147 pleno,
3169 3077 3261 3148 qui
3290 3076 3438 3130 illum
3463 3074 3516 3127 in
3549 3085 3707 3128 suam

527 3155 644 3211 XV.
677 3155 942 3213 Phalecus
985 3173 1158 3214 annos
1203 3167 1365 3214 natus
1390 3175 1588 3214 cxxxtv
1630 3161 1814 3230 genuit
1853 3159 2029 3230 Roga-

2134 3171 2504 3241 genealogiam
2553 3169 2732 3224 intulit
2769 3168 2902 3239 (24).
2940 3169 3014 3224 De
3055 3170 3246 3224 horum
3279 3182 3406 3238 ergo
3441 3163 3709 3220 sententia

457 3264 582 3302 vum
627 3263 656 3302 e
697 3248 858 3303 Ziura
897 3251 1128 3320 conjuge
1178 3265 1274 3305 sua
1319 3269 1332 3304 :
1373 3251 1612 3320 vixitque
1659 3251 1835 3304 adhuc
1879 3251 2036 3306 annis
2063 3248 2100 3260 ν
2135 3255 2477 3311 Abtaltamus
2508 3257 2726 3326 quidem
2765 3255 3084 3310 vicesimum
3111 3256 3344 3326 primum
3379 3253 3556 3306 locum
3585 3255 3712 3319 post

457 3355 582 3395 ccrx
627 3357 800 3410 usque
850 3341 917 3395 ad
950 3357 1128 3395 Lxxvu
1168 3340 1279 3412 (22)
1312 3355 1513 3394 annum
1559 3339 1808 3396 Seruchi.
1844 3340 2040 3396 Genuit

461 3433 604 3488 ﬁlios
635 3440 688 3488 et
737 3431 896 3488 ﬁlias.
944 3432 1090 3487 Obiit
1131 3435 1308 3488 aetatis
1350 3448 1492 3486 anno
1529 3446 1780 3488 cccxun.
1824 3433 2040 3489 Phaleci

459 3535 618 3581 aetate
680 3533 826 3580 terra
871 3525 1046 3580 divisa
1095 3534 1179 3581 est
1215 3541 1228 3578 :
1263 3541 1389 3580 nam
1430 3535 1483 3580 et
1513 3523 1780 3579 Phalecus
1812 3525 2038 3581 divisio-

462 3635 590 3673 nem
625 3619 915 3688 signiﬁcat.
947 3617 1055 3672 Iste
1097 3617 1314 3688 quidem
1367 3618 1502 3688 patri
1549 3632 1649 3670 suo
1684 3627 2043 3686 praemortuus

461 3719 564 3767 est.
615 3707 674 3763 In
721 3709 965 3779 ejusdem
1016 3717 1228 3765 aetatem
1287 3711 1453 3764 turris
1496 3725 1712 3778 quoque
1763 3709 2041 3779 Opiﬁcium

463 3799 653 3857 incidit
695 3817 709 3853 :
743 3801 978 3871 itemque
1018 3801 1261 3870 loquelae,
1296 3815 1416 3869 qua:
1449 3813 1674 3854 eatenus
1703 3815 1810 3854 una
1847 3799 2041 3866 fuerat,

465 3891 522 3947 in
550 3889 812 3962 plurimas
848 3891 1110 3946 dialectos
1141 3905 1237 3960 pro
1267 3903 1496 3943 numero
1531 3889 1769 3944 tribuum
1800 3889 1996 3944 divisio
2027 3906 2040 3942 :

467 3999 577 4055 qua
664 3999 828 4054 super
892 3999 951 4036 re
1019 3997 1143 4037 cum
1203 3982 1389 4036 divina
1449 3979 1734 4051 Scriptura
1793 3981 2046 4036 historici

467 4076 682 4132 externi
723 4075 1093 4130 consentiunt.
1132 4074 1508 4130 Conﬁciuntur
1547 4075 1730 4144 itaque
1775 4089 1804 4128 a
1842 4074 2048 4128 diluvio

472 4183 648 4237 usque
691 4167 756 4221 ad
811 4166 1005 4220 turrim
1051 4165 1460 4234 procreationes
1516 4165 1758 4233 quinque
1811 4165 2049 4234 annique

471 4273 635 4313 nxxv.
677 4257 762 4311 Ab
799 4256 1007 4311 Adamo
1055 4265 1236 4310 autem
1289 4255 1699 4326 procreationes
1736 4255 2048 4325 quindecim

472 4347 710 4418 annique
738 4361 1085 4402 unoccuvu.

541 4439 685 4496 XVI.
718 4437 849 4494 Post
895 4437 1188 4493 Phalecum
1229 4453 1358 4493 vero
1397 4435 1653 4508 Bagavus
1690 4450 1864 4492 annos
1885 4443 2048 4492 natus

2134 3348 2400 3402 Adamum
2447 3355 2700 3418 occupat.
2751 3347 2974 3402 Summa
3014 3355 3194 3402 autem
3231 3359 3530 3405 annorum,
3571 3353 3712 3411 quos

2139 3439 2405 3496 ELsebius
2467 3442 2534 3497 ab
2585 3439 2794 3494 Adamo
2845 3439 2910 3492 ad
2947 3439 3317 3492 Abrahamum
3363 3443 3712 3489 unuccxxxtv

2139 3531 2350 3594 scribit,
2383 3530 2448 3584 ad
2477 3543 2750 3584 nuuccctv
2783 3530 3086 3598 consurgit.

2209 3621 2262 3677 2.
2305 3621 2533 3691 Insuper
2567 3629 2622 3676 et
2661 3621 2836 3677 Moses
2871 3619 3239 3675 Chorenensis
3279 3615 3715 3690 comparativum

2139 3715 2467 3769 Iaterculum
2501 3715 2779 3770 instruens
2818 3713 3070 3782 stirpium
3101 3727 3268 3783 quina
3295 3712 3468 3766 tribus
3498 3709 3706 3764 Noacbi

2143 3807 2267 3861 ﬁliis
2321 3807 2389 3860 ad
2429 3806 2798 3858 Abrahamum
2849 3819 3028 3874 usque
3082 3805 3420 3874 pertingunt,
3465 3802 3716 3857 eumdem

2142 3897 2507 3968 patriarcham
2531 3896 2834 3950 Cainanum
2869 3895 2928 3948 in
2959 3907 3116 3948 suam
3147 3893 3432 3948 historiam
3467 3891 3720 3944 inseren-

2143 3990 2270 4044 dum
2313 3987 2558 4052 curavit,
2610 3993 2866 4058 quartum
2903 4001 2931 4039 a
2967 3985 3189 4040 Noacho
3236 3993 3293 4040 et
3331 3999 3362 4036 a
3401 3982 3562 4038 Semo
3607 3989 3716 4036 ter-

2147 4083 2281 4136 tium
2319 4099 2332 4133 :
2369 4083 2668 4151 eademque
2707 4081 2920 4135 ratione
2967 4076 3192 4131 Thiram
3236 4092 3268 4131 a
3296 4075 3518 4130 Noacbo
3549 4085 3717 4143 quar-

2145 4179 2284 4234 tum,
2335 4172 2559 4226 tertium
2621 4180 2801 4226 autem
2859 4185 2890 4224 a
2946 4167 3171 4223 labetho
3223 4183 3238 4218 :
3309 4175 3423 4220 tum
3484 4163 3720 4232 denique

2147 4263 2520 4318 llestraimum
2586 4267 2842 4332 quartum
2901 4274 2932 4312 a
2989 4257 3252 4324 Noacho,
3306 4253 3634 4325 tertiumque
3687 4267 3720 4306 a

2147 4353 2354 4410 Chamo
2390 4353 2541 4408 dicit.
2573 4351 2692 4418 Qua
2723 4351 2791 4408 de
2813 4367 2875 4406 re
2905 4351 3048 4406 idem
3075 4349 3254 4405 Moses
3281 4346 3579 4403 historicus
3619 4345 3723 4398 hoc

2148 4453 2310 4516 pacto
2347 4445 2539 4500 scribit
2579 4445 2692 4517 (25)
2725 4461 2742 4500 :
2781 4462 2800 4495 ‹
2836 4442 3082 4497 Arduum
3123 4441 3332 4499 scilicet
3367 4453 3510 4502 esse,
3555 4438 3724 4492 ratio-

473 4547 652 4590 cxxxv
682 4531 870 4602 genuit
899 4529 1201 4586 Seruchum
1223 4547 1253 4586 e
1281 4528 1422 4585 Sura
1453 4530 1681 4599 conjuge
1707 4543 1807 4584 sua
1841 4546 1853 4581 :
1887 4529 2032 4582 vixit-

2150 4553 2276 4593 nem
2333 4544 2640 4608 temporum
2713 4536 2840 4592 inde
2890 4550 3064 4606 usque
3117 4534 3216 4588 abs
3281 4547 3464 4587 rerum
3511 4530 3725 4600 origine

475 4640 584 4694 que
645 4626 826 4678 adhuc
872 4625 1032 4678 annis
1069 4635 1213 4677 ccvu
1273 4636 1448 4692 usque
1497 4621 1563 4674 ad
1612 4633 1794 4675 Lxxvn
1842 4633 2047 4674 annum

476 4715 732 4771 Nachori.
771 4713 970 4770 Genuit
1011 4713 1154 4770 ﬁlios
1201 4720 1256 4769 et
1303 4713 1464 4770 ﬁlias.
1505 4711 1651 4766 Obiit
1690 4711 1868 4766 aetatis
1905 4725 2051 4766 anno

476 4823 708 4864 CCCXL".
1969 4865 1974 4874 Α

545 4899 705 4954 XVII.
751 4897 1028 4954 Seruchus
1053 4912 1226 4953 annos
1254 4905 1417 4952 natus
1447 4911 1588 4952 cxxx
1625 4896 1809 4966 genuit
1838 4893 2053 4949 Nacho—

479 5007 601 5048 rum
632 5009 663 5047 e
693 4991 898 5047 Meleha
933 4992 1165 5062 conjuge
1209 5005 1306 5045 sua
1343 5009 1356 5044 :
1387 4991 1630 5060 vixitque
1668 4989 1848 5043 adhuc
1890 4988 2051 5043 annis

477 5101 540 5142 cc
583 5101 758 5156 usque
800 5087 866 5140 ad
902 5100 954 5140 ιι
986 5099 1188 5139 annum
1236 5083 1549 5138 Abrahami.
1597 5079 1796 5136 Genuit
1829 5081 1968 5136 ﬁlios
1998 5087 2053 5136 et

479 5179 640 5233 ﬁlias.
669 5177 818 5232 Obiit
847 5179 1024 5234 anatis
1057 5191 1202 5231 anno
1229 5189 1462 5231 cccxxx.

549 5269 736 5324 XVIII.
767 5268 1054 5324 Nachorus
1091 5283 1264 5324 annos
1305 5275 1467 5323 natus
1497 5281 1664 5321 xxxix
1693 5265 1882 5338 genuit
1909 5265 2053 5319 Tha-

556 5467 670 5593 (21)
695 5466 778 5523 Al.
803 5468 952 5532 cod.,
981 5483 1314 5525 cccccxxxx.

579 5538 669 5593 22)
702 5541 781 5591 Al.
807 5541 954 5593 cod..
986 5555 1149 5593 Lxxv.

579 5538 669 5605 22)
702 5541 781 5591 At.
807 5541 954 5600 cod..
986 5555 1149 5594 Lxxv.

559 5608 672 5678 (25)
703 5608 836 5678 Exin
863 5610 1102 5678 capitum
1145 5610 1330 5664 titulos
1357 5624 1459 5664 nos
1489 5608 1772 5664 addemus.

561 5675 843 5750 (425)7Cum
867 5675 968 5733 nos
1005 5678 1308 5750 Samuelem
1340 5681 1532 5750 paucis
1560 5679 1850 5750 admodum
1896 5677 2057 5750 adno-

488 5748 787 5818 tationibus
817 5749 1195 5804 illustrandum
1216 5747 1634 5818 sumpserimus,
1663 5749 1808 5817 quod
1836 5747 2056 5818 quidem

491 5815 559 5868 ad
591 5817 732 5870 hunc
759 5819 1026 5871 famosum
1063 5819 1130 5874 de
1165 5815 1410 5875 Cainano
1437 5820 1615 5876 locum
1645 5815 2055 5886 attinet,‘lecto'-

2149 4627 2486 4696 exploratam
2541 4627 2741 4682 habere
2801 4633 2966 4695 atque
3011 4624 3268 4694 colligere
3312 4637 3326 4674 :
3375 4621 3548 4675 multo
3593 4635 3724 4676 vero

2151 4717 2444 4782 dillicilius,
2475 4717 2622 4787 ipsas
2661 4715 2930 4768 hominum
2963 4713 3294 4783 propagines
3327 4717 3727 4780 consequenter

2152 4823 2184 4862 a
2211 4809 2383 4864 tribus
2411 4806 2616 4862 Noachi
2645 4808 2832 4863 liberis
2857 4807 3242 4876 pervestigare.
3275 4801 3728 4872 Quandoquidem

2151 4907 2207 4954 et
2237 4901 2434 4953 divina:
2464 4899 2674 4960 littera,
2709 4897 2916 4950 delecta
2947 4909 3032 4958 ea,
3058 4908 3180 4964 quae
3211 4893 3276 4946 ad
3309 4905 3368 4946 se
3397 4891 3724 4960 pertinebat,

2155 4989 2301 5045 Semi
2324 4990 2602 5060 prosapia,
2627 4989 2964 5058 reliquarum
2992 4986 3197 5040 nullam
3221 4987 3488 5038 rationem
3521 4980 3726 5036 habue-

2151 5091 2299 5136 runt.
2341 5089 2598 5150 tanquam
2625 5087 2928 5149 spretarum
2950 5077 3199 5131 videlicet
3230 5089 3404 5143 neque
3439 5071 3724 5140 dignarum

2154 5187 2274 5242 qua:
2302 5172 2356 5225 in
2384 5171 2648 5224 orationis
2672 5185 2782 5225 sua:
2801 5177 3004 5224 textum
3033 5165 3456 5220 insererentur.»
3482 5159 3724 5215 Rursus-

2155 5281 2264 5334 que
2296 5264 2371 5317 ait
2403 5281 2417 5317 :
2455 5281 2474 5314 c
2517 5261 2666 5317 Licet
2683 5262 2737 5317 id
2765 5262 2820 5316 in
2851 5261 3002 5316 nullo
3035 5253 3502 5326 interpretationis
3527 5257 3730 5306 nostra:

2159 5487 2249 5528 res
2279 5478 2501 5524 nostros
2530 5465 2596 5520 ad
2633 5465 2936 5520 CaImetum
2970 5463 3026 5514 in
3055 5457 3182 5513 Gen.
3217 5473 3272 5520 x,
3307 5453 3401 5516 ει,
3431 5459 3486 5508 et
3512 5449 3580 5528 ad
3615 5447 3730 5502 Mil-

2160 5523 2293 5596 Iiinn
2323 5523 2376 5593 in
2407 5538 2536 5593 an.
2569 5552 2652 5600 III,
2683 5535 2771 5598 56,
2797 5536 3030 5600 libenter
3054 5531 3389 5600 ablegamus,
3421 5523 3728 5600 apud__quos

2158 5591 2429 5680 iet-prisci
2462 5591 2654 5662 Patres
2691 5591 3033 5660 et'hodierni
3053 5591 3258 5676 _critici
3289 5591 3506 5650 abunde
3541 5591 3730 5658 (ὕδρων

2157 5689 2294 5736 tant.

2231 5749 2344 5820 (25)
2379 5747 2524 5804 Hac.
2559 5763 2600 5812 ι,
2627 5747 2680 5800 ι.
