  <div class='ocr_page' id='page_1' title='image "/cluster/home/n/w/nwhite01/storage/ocr_20150623/19:no.1/coo.31924054872993/328.png"; bbox 0 0 4158 6490; ppageno 0'>
   <div class='ocr_carea' id='block_1_1' title="bbox 431 431 535 486">
    <p class='ocr_par' dir='ltr' id='par_1_1' title="bbox 431 431 535 486">
     <span class='ocr_line' id='line_1_1' title="bbox 431 431 535 486; baseline 0 0"><span class='ocrx_word' id='word_1_1' title='bbox 431 431 535 486; x_wconf 71' lang='grc' dir='ltr'>6ὶό</span> 
     </span>
    </p>
   </div>
   <div class='ocr_carea' id='block_1_2' title="bbox 424 541 2082 615">
    <p class='ocr_par' dir='ltr' id='par_1_2' title="bbox 424 541 2082 615">
     <span class='ocr_line' id='line_1_2' title="bbox 424 541 2082 615; baseline -0.004 -11"><span class='ocrx_word' id='word_1_2' title='bbox 424 545 717 615; x_wconf 84' lang='lat' dir='ltr'><strong>exemplari</strong></span> <span class='ocrx_word' id='word_1_3' title='bbox 749 553 1028 601; x_wconf 83' lang='lat' dir='ltr'><strong>exaratum</strong></span> <span class='ocrx_word' id='word_1_4' title='bbox 1055 556 1335 609; x_wconf 74' lang='lat' dir='ltr'><strong>occurrat,</strong></span> <span class='ocrx_word' id='word_1_5' title='bbox 1367 560 1546 614; x_wconf 90' lang='lat' dir='ltr'><strong>neque</strong></span> <span class='ocrx_word' id='word_1_6' title='bbox 1588 545 1644 598; x_wconf 91' lang='lat' dir='ltr'><strong>in</strong></span> <span class='ocrx_word' id='word_1_7' title='bbox 1679 544 1792 598; x_wconf 92' lang='lat' dir='ltr'><strong>ullo</strong></span> <span class='ocrx_word' id='word_1_8' title='bbox 1827 541 2003 599; x_wconf 84' lang='lat' dir='ltr'><strong>Cbro-</strong></span> <span class='ocrx_word' id='word_1_9' title='bbox 2033 549 2082 607; x_wconf 75' lang='grc' dir='ltr'><strong>Α</strong></span> 
     </span>
    </p>
   </div>
   <div class='ocr_carea' id='block_1_3' title="bbox 426 635 2003 708">
    <p class='ocr_par' dir='ltr' id='par_1_3' title="bbox 426 635 2003 708">
     <span class='ocr_line' id='line_1_3' title="bbox 426 635 2003 708; baseline -0.001 -16"><span class='ocrx_word' id='word_1_10' title='bbox 426 642 552 693; x_wconf 82' lang='lat' dir='ltr'><strong>nico</strong></span> <span class='ocrx_word' id='word_1_11' title='bbox 582 645 792 700; x_wconf 80' lang='lat' dir='ltr'><strong>exstet,</strong></span> <span class='ocrx_word' id='word_1_12' title='bbox 825 645 1183 708; x_wconf 73' lang='lat' dir='ltr'><strong>praeterquam</strong></span> <span class='ocrx_word' id='word_1_13' title='bbox 1216 637 1358 707; x_wconf 74' lang='lat' dir='ltr'><strong>apud</strong></span> <span class='ocrx_word' id='word_1_14' title='bbox 1405 635 1678 691; x_wconf 82' lang='lat' dir='ltr'><strong>eruditum</strong></span> <span class='ocrx_word' id='word_1_15' title='bbox 1711 636 2003 705; x_wconf 89' lang='lat' dir='ltr'><strong>quemdam</strong></span> 
     </span>
    </p>
   </div>
   <div class='ocr_carea' id='block_1_4' title="bbox 426 727 2005 802">
    <p class='ocr_par' dir='ltr' id='par_1_4' title="bbox 426 727 2005 802">
     <span class='ocr_line' id='line_1_4' title="bbox 426 727 2005 802; baseline 0.001 -19"><span class='ocrx_word' id='word_1_16' title='bbox 426 731 879 802; x_wconf 83' lang='lat' dir='ltr'><strong>ingeniosumque</strong></span> <span class='ocrx_word' id='word_1_17' title='bbox 949 727 1146 800; x_wconf 91' lang='lat' dir='ltr'><strong>Syrum</strong></span> <span class='ocrx_word' id='word_1_18' title='bbox 1239 729 1567 796; x_wconf 77' lang='lat' dir='ltr'><strong>hominem;</strong></span> <span class='ocrx_word' id='word_1_19' title='bbox 1645 729 2005 784; x_wconf 85' lang='lat' dir='ltr'><strong>nihilominus</strong></span> 
     </span>
    </p>
   </div>
   <div class='ocr_carea' id='block_1_5' title="bbox 428 821 2007 894">
    <p class='ocr_par' dir='ltr' id='par_1_5' title="bbox 428 821 2007 894">
     <span class='ocr_line' id='line_1_5' title="bbox 428 821 2007 894; baseline 0.001 -18"><span class='ocrx_word' id='word_1_20' title='bbox 428 823 590 894; x_wconf 86' lang='lat' dir='ltr'><strong>plane</strong></span> <span class='ocrx_word' id='word_1_21' title='bbox 631 823 790 878; x_wconf 89' lang='lat' dir='ltr'><strong>nobis</strong></span> <span class='ocrx_word' id='word_1_22' title='bbox 841 831 1100 877; x_wconf 90' lang='lat' dir='ltr'><strong>constare</strong></span> <span class='ocrx_word' id='word_1_23' title='bbox 1150 821 1522 877; x_wconf 84' lang='lat' dir='ltr'><strong>Mestraimum</strong></span> <span class='ocrx_word' id='word_1_24' title='bbox 1571 821 1821 876; x_wconf 88' lang='lat' dir='ltr'><strong>eumdem</strong></span> <span class='ocrx_word' id='word_1_25' title='bbox 1883 836 2007 877; x_wconf 88' lang='lat' dir='ltr'><strong>esse</strong></span> 
     </span>
    </p>
   </div>
   <div class='ocr_carea' id='block_1_6' title="bbox 425 910 2004 982">
    <p class='ocr_par' dir='ltr' id='par_1_6' title="bbox 425 910 2004 982">
     <span class='ocr_line' id='line_1_6' title="bbox 425 910 2004 982; baseline -0.001 -16"><span class='ocrx_word' id='word_1_26' title='bbox 425 918 589 982; x_wconf 87' lang='lat' dir='ltr'><strong>atque</strong></span> <span class='ocrx_word' id='word_1_27' title='bbox 627 911 1001 974; x_wconf 87' lang='lat' dir='ltr'><strong>Mezraimum,</strong></span> <span class='ocrx_word' id='word_1_28' title='bbox 1053 912 1144 982; x_wconf 89' lang='lat' dir='ltr'><strong>qui</strong></span> <span class='ocrx_word' id='word_1_29' title='bbox 1188 911 1406 982; x_wconf 87' lang='lat' dir='ltr'><strong>quidem</strong></span> <span class='ocrx_word' id='word_1_30' title='bbox 1457 910 1726 982; x_wconf 58' lang='lat' dir='ltr'><strong>Aegyptus</strong></span> <span class='ocrx_word' id='word_1_31' title='bbox 1769 912 2004 978; x_wconf 90' lang='lat' dir='ltr'><strong>videtur,</strong></span> 
     </span>
    </p>
   </div>
   <div class='ocr_carea' id='block_1_7' title="bbox 425 1000 2007 1058">
    <p class='ocr_par' dir='ltr' id='par_1_7' title="bbox 425 1000 2007 1058">
     <span class='ocr_line' id='line_1_7' title="bbox 425 1000 2007 1058; baseline 0.001 -3"><span class='ocrx_word' id='word_1_32' title='bbox 425 1003 506 1055; x_wconf 88' lang='lat' dir='ltr'><strong>uti</strong></span> <span class='ocrx_word' id='word_1_33' title='bbox 558 1000 868 1058; x_wconf 89' lang='lat' dir='ltr'><strong>Nebrothus</strong></span> <span class='ocrx_word' id='word_1_34' title='bbox 924 1002 1082 1056; x_wconf 86' lang='lat' dir='ltr'><strong>Belus</strong></span> <span class='ocrx_word' id='word_1_35' title='bbox 1129 1011 1233 1058; x_wconf 87' lang='lat' dir='ltr'><strong>est.</strong></span> <span class='ocrx_word' id='word_1_36' title='bbox 1283 1022 1302 1054; x_wconf 72' lang='grc' dir='ltr'><strong>ι</strong></span> <span class='ocrx_word' id='word_1_37' title='bbox 1352 1001 1472 1056; x_wconf 76' lang='lat' dir='ltr'><strong>1am</strong></span> <span class='ocrx_word' id='word_1_38' title='bbox 1506 1011 1559 1057; x_wconf 92' lang='lat' dir='ltr'><strong>et</strong></span> <span class='ocrx_word' id='word_1_39' title='bbox 1603 1003 1798 1056; x_wconf 90' lang='lat' dir='ltr'><strong>barum</strong></span> <span class='ocrx_word' id='word_1_40' title='bbox 1839 1005 2007 1057; x_wconf 91' lang='lat' dir='ltr'><strong>trium</strong></span> 
     </span>
    </p>
   </div>
   <div class='ocr_carea' id='block_1_8' title="bbox 425 1094 1379 1165">
    <p class='ocr_par' dir='ltr' id='par_1_8' title="bbox 425 1094 1379 1165">
     <span class='ocr_line' id='line_1_8' title="bbox 425 1094 1379 1165; baseline 0.001 -16"><span class='ocrx_word' id='word_1_41' title='bbox 425 1094 668 1164; x_wconf 76' lang='lat' dir='ltr'><strong>gentium</strong></span> <span class='ocrx_word' id='word_1_42' title='bbox 699 1095 782 1149; x_wconf 90' lang='lat' dir='ltr'><strong>sic</strong></span> <span class='ocrx_word' id='word_1_43' title='bbox 811 1094 1133 1149; x_wconf 90' lang='lat' dir='ltr'><strong>latercnlum</strong></span> <span class='ocrx_word' id='word_1_44' title='bbox 1161 1095 1379 1165; x_wconf 83' lang='lat' dir='ltr'><strong>digerit.</strong></span> 
     </span>
    </p>
   </div>
   <div class='ocr_carea' id='block_1_9' title="bbox 536 1183 1389 1241">
    <p class='ocr_par' dir='ltr' id='par_1_9' title="bbox 536 1183 1389 1241">
     <span class='ocr_line' id='line_1_9' title="bbox 536 1183 1389 1241; baseline -0.001 -2"><span class='ocrx_word' id='word_1_45' title='bbox 536 1183 730 1240; x_wconf 89' lang='lat' dir='ltr'><strong>Semus</strong></span> <span class='ocrx_word' id='word_1_46' title='bbox 808 1224 824 1239; x_wconf 93' lang='lat'><strong>.</strong></span> <span class='ocrx_word' id='word_1_47' title='bbox 901 1222 919 1239; x_wconf 93' lang='lat'><strong>.</strong></span> <span class='ocrx_word' id='word_1_48' title='bbox 993 1184 1234 1241; x_wconf 88' lang='lat' dir='ltr'><strong>Chamus</strong></span> <span class='ocrx_word' id='word_1_49' title='bbox 1281 1227 1296 1241; x_wconf 94' lang='lat'><strong>.</strong></span> <span class='ocrx_word' id='word_1_50' title='bbox 1374 1225 1389 1238; x_wconf 96' lang='lat'><strong>.</strong></span> 
     </span>
    </p>
   </div>
   <div class='ocr_carea' id='block_1_10' title="bbox 530 1278 1394 1348">
    <p class='ocr_par' dir='ltr' id='par_1_10' title="bbox 530 1278 1394 1348">
     <span class='ocr_line' id='line_1_10' title="bbox 530 1278 1394 1348; baseline 0.003 -17"><span class='ocrx_word' id='word_1_51' title='bbox 530 1278 917 1348; x_wconf 80' lang='lat' dir='ltr'><strong>Arphaxades.</strong></span> <span class='ocrx_word' id='word_1_52' title='bbox 992 1279 1209 1334; x_wconf 85' lang='lat' dir='ltr'><strong>Chusus</strong></span> <span class='ocrx_word' id='word_1_53' title='bbox 1282 1320 1298 1336; x_wconf 95' lang='lat'><strong>.</strong></span> <span class='ocrx_word' id='word_1_54' title='bbox 1377 1317 1394 1334; x_wconf 92' lang='lat'><strong>.</strong></span> 
     </span>
    </p>
   </div>
   <div class='ocr_carea' id='block_1_11' title="bbox 1470 1184 1840 1242">
    <p class='ocr_par' dir='ltr' id='par_1_11' title="bbox 1470 1184 1840 1242">
     <span class='ocr_line' id='line_1_11' title="bbox 1470 1184 1840 1242; baseline -0.003 -2"><span class='ocrx_word' id='word_1_55' title='bbox 1470 1227 1483 1240; x_wconf 94' lang='lat'><strong>.</strong></span> <span class='ocrx_word' id='word_1_56' title='bbox 1559 1184 1840 1242; x_wconf 79' lang='lat' dir='ltr'><strong>‘Jabetbus.</strong></span> 
     </span>
    </p>
   </div>
   <div class='ocr_carea' id='block_1_12' title="bbox 1476 1278 1857 1335">
    <p class='ocr_par' dir='ltr' id='par_1_12' title="bbox 1476 1278 1857 1335">
     <span class='ocr_line' id='line_1_12' title="bbox 1476 1278 1857 1335; baseline 0.003 -2"><span class='ocrx_word' id='word_1_57' title='bbox 1476 1318 1491 1333; x_wconf 95' lang='lat'><strong>.</strong></span> <span class='ocrx_word' id='word_1_58' title='bbox 1569 1278 1857 1335; x_wconf 89' lang='lat' dir='ltr'><strong>Gamerus.</strong></span> 
     </span>
    </p>
   </div>
   <div class='ocr_carea' id='block_1_13' title="bbox 530 1367 1763 1426">
    <p class='ocr_par' dir='ltr' id='par_1_13' title="bbox 530 1367 1763 1426">
     <span class='ocr_line' id='line_1_13' title="bbox 530 1367 1763 1426; baseline 0.002 -4"><span class='ocrx_word' id='word_1_59' title='bbox 530 1368 826 1424; x_wconf 86' lang='lat' dir='ltr'><strong>Cainanus.</strong></span> <span class='ocrx_word' id='word_1_60' title='bbox 907 1409 922 1423; x_wconf 92' lang='lat'><strong>.</strong></span> <span class='ocrx_word' id='word_1_61' title='bbox 1001 1367 1401 1424; x_wconf 85' lang='lat' dir='ltr'><strong>Mestraimus.</strong></span> <span class='ocrx_word' id='word_1_62' title='bbox 1481 1409 1496 1426; x_wconf 94' lang='lat'><strong>.</strong></span> <span class='ocrx_word' id='word_1_63' title='bbox 1576 1369 1763 1424; x_wconf 91' lang='lat' dir='ltr'><strong>Thira.</strong></span> 
     </span>
    </p>
   </div>
   <div class='ocr_carea' id='block_1_14' title="bbox 532 1458 1934 1531">
    <p class='ocr_par' dir='ltr' id='par_1_14' title="bbox 532 1458 1934 1531">
     <span class='ocr_line' id='line_1_14' title="bbox 532 1458 1934 1531; baseline 0 -19"><span class='ocrx_word' id='word_1_64' title='bbox 532 1458 656 1513; x_wconf 89' lang='lat' dir='ltr'><strong>Sala</strong></span> <span class='ocrx_word' id='word_1_65' title='bbox 715 1498 730 1514; x_wconf 95' lang='lat'><strong>.</strong></span> <span class='ocrx_word' id='word_1_66' title='bbox 808 1499 823 1514; x_wconf 94' lang='lat'><strong>.</strong></span> <span class='ocrx_word' id='word_1_67' title='bbox 904 1499 919 1513; x_wconf 95' lang='lat'><strong>.</strong></span> <span class='ocrx_word' id='word_1_68' title='bbox 995 1459 1307 1516; x_wconf 87' lang='lat' dir='ltr'><strong>Nebrothus</strong></span> <span class='ocrx_word' id='word_1_69' title='bbox 1383 1501 1397 1514; x_wconf 94' lang='lat'><strong>.</strong></span> <span class='ocrx_word' id='word_1_70' title='bbox 1477 1503 1490 1516; x_wconf 96' lang='lat'><strong>.</strong></span> <span class='ocrx_word' id='word_1_71' title='bbox 1567 1461 1934 1531; x_wconf 87' lang='lat' dir='ltr'><strong>Thorgomus.</strong></span> 
     </span>
    </p>
   </div>
   <div class='ocr_carea' id='block_1_15' title="bbox 537 1549 1789 1608">
    <p class='ocr_par' dir='ltr' id='par_1_15' title="bbox 537 1549 1789 1608">
     <span class='ocr_line' id='line_1_15' title="bbox 537 1549 1789 1608; baseline 0 -3"><span class='ocrx_word' id='word_1_72' title='bbox 537 1549 822 1607; x_wconf 85' lang='lat' dir='ltr'><strong>Heberus.</strong></span> <span class='ocrx_word' id='word_1_73' title='bbox 904 1593 919 1607; x_wconf 94' lang='lat'><strong>.</strong></span> <span class='ocrx_word' id='word_1_74' title='bbox 997 1551 1194 1607; x_wconf 86' lang='lat' dir='ltr'><strong>Babius</strong></span> <span class='ocrx_word' id='word_1_75' title='bbox 1287 1592 1301 1606; x_wconf 96' lang='lat'><strong>.</strong></span> <span class='ocrx_word' id='word_1_76' title='bbox 1379 1591 1394 1605; x_wconf 94' lang='lat'><strong>.</strong></span> <span class='ocrx_word' id='word_1_77' title='bbox 1474 1593 1485 1607; x_wconf 94' lang='lat'><strong>.</strong></span> <span class='ocrx_word' id='word_1_78' title='bbox 1564 1551 1789 1608; x_wconf 86' lang='lat' dir='ltr'><strong>Haicus.</strong></span> 
     </span>
    </p>
   </div>
   <div class='ocr_carea' id='block_1_16' title="bbox 527 1642 1919 1700">
    <p class='ocr_par' dir='ltr' id='par_1_16' title="bbox 527 1642 1919 1700">
     <span class='ocr_line' id='line_1_16' title="bbox 527 1642 1919 1700; baseline 0.001 -4"><span class='ocrx_word' id='word_1_79' title='bbox 527 1642 816 1698; x_wconf 87' lang='lat' dir='ltr'><strong>Phalecus.</strong></span> <span class='ocrx_word' id='word_1_80' title='bbox 902 1683 916 1697; x_wconf 94' lang='lat'><strong>.</strong></span> <span class='ocrx_word' id='word_1_81' title='bbox 994 1644 1200 1700; x_wconf 86' lang='lat' dir='ltr'><strong>Anebis</strong></span> <span class='ocrx_word' id='word_1_82' title='bbox 1287 1687 1299 1698; x_wconf 93' lang='lat'><strong>.</strong></span> <span class='ocrx_word' id='word_1_83' title='bbox 1380 1685 1394 1698; x_wconf 92' lang='lat'><strong>.</strong></span> <span class='ocrx_word' id='word_1_84' title='bbox 1473 1684 1486 1697; x_wconf 95' lang='lat'><strong>.</strong></span> <span class='ocrx_word' id='word_1_85' title='bbox 1563 1643 1919 1698; x_wconf 82' lang='lat' dir='ltr'><strong>Armenaeus.</strong></span> 
     </span>
    </p>
   </div>
   <div class='ocr_carea' id='block_1_17' title="bbox 528 1735 1798 1807">
    <p class='ocr_par' dir='ltr' id='par_1_17' title="bbox 528 1735 1798 1807">
     <span class='ocr_line' id='line_1_17' title="bbox 528 1735 1798 1807; baseline 0.002 -17"><span class='ocrx_word' id='word_1_86' title='bbox 528 1735 822 1807; x_wconf 77' lang='lat' dir='ltr'><strong>Ragavus.</strong></span> <span class='ocrx_word' id='word_1_87' title='bbox 902 1778 917 1793; x_wconf 93' lang='lat'><strong>.</strong></span> <span class='ocrx_word' id='word_1_88' title='bbox 992 1736 1224 1792; x_wconf 83' lang='lat' dir='ltr'><strong>Arbelus</strong></span> <span class='ocrx_word' id='word_1_89' title='bbox 1284 1776 1299 1791; x_wconf 95' lang='lat'><strong>.</strong></span> <span class='ocrx_word' id='word_1_90' title='bbox 1378 1777 1392 1790; x_wconf 93' lang='lat'><strong>.</strong></span> <span class='ocrx_word' id='word_1_91' title='bbox 1472 1776 1488 1792; x_wconf 94' lang='lat'><strong>.</strong></span> <span class='ocrx_word' id='word_1_92' title='bbox 1559 1736 1798 1792; x_wconf 82' lang='lat' dir='ltr'><strong>Armais.</strong></span> 
     </span>
    </p>
   </div>
   <div class='ocr_carea' id='block_1_18' title="bbox 532 1829 1813 1886">
    <p class='ocr_par' dir='ltr' id='par_1_18' title="bbox 532 1829 1813 1886">
     <span class='ocr_line' id='line_1_18' title="bbox 532 1829 1813 1886; baseline -0.001 -3"><span class='ocrx_word' id='word_1_93' title='bbox 532 1829 830 1886; x_wconf 88' lang='lat' dir='ltr'><strong>Seruchus.</strong></span> <span class='ocrx_word' id='word_1_94' title='bbox 909 1871 924 1884; x_wconf 89' lang='lat'><strong>.</strong></span> <span class='ocrx_word' id='word_1_95' title='bbox 999 1830 1248 1886; x_wconf 74' lang='lat' dir='ltr'><strong>Chaaalus</strong></span> <span class='ocrx_word' id='word_1_96' title='bbox 1289 1868 1304 1883; x_wconf 93' lang='lat'><strong>.</strong></span> <span class='ocrx_word' id='word_1_97' title='bbox 1383 1867 1398 1882; x_wconf 95' lang='lat'><strong>.</strong></span> <span class='ocrx_word' id='word_1_98' title='bbox 1478 1867 1494 1882; x_wconf 96' lang='lat'><strong>.</strong></span> <span class='ocrx_word' id='word_1_99' title='bbox 1569 1829 1813 1884; x_wconf 84' lang='lat' dir='ltr'><strong>Amasia.</strong></span> 
     </span>
    </p>
   </div>
   <div class='ocr_carea' id='block_1_19' title="bbox 531 1920 1846 1979">
    <p class='ocr_par' dir='ltr' id='par_1_19' title="bbox 531 1920 1846 1979">
     <span class='ocr_line' id='line_1_19' title="bbox 531 1920 1846 1979; baseline 0.002 -6"><span class='ocrx_word' id='word_1_100' title='bbox 531 1920 838 1979; x_wconf 87' lang='lat' dir='ltr'><strong>Nachorus.</strong></span> <span class='ocrx_word' id='word_1_101' title='bbox 905 1962 919 1976; x_wconf 95' lang='lat'><strong>.</strong></span> <span class='ocrx_word' id='word_1_102' title='bbox 993 1920 1226 1977; x_wconf 79' lang='lat' dir='ltr'><strong>Arbelus</strong></span> <span class='ocrx_word' id='word_1_103' title='bbox 1286 1962 1301 1975; x_wconf 94' lang='lat'><strong>.</strong></span> <span class='ocrx_word' id='word_1_104' title='bbox 1379 1961 1394 1976; x_wconf 95' lang='lat'><strong>.</strong></span> <span class='ocrx_word' id='word_1_105' title='bbox 1474 1960 1489 1976; x_wconf 94' lang='lat'><strong>.</strong></span> <span class='ocrx_word' id='word_1_106' title='bbox 1567 1920 1846 1976; x_wconf 84' lang='lat' dir='ltr'><strong>Gelamus.</strong></span> 
     </span>
    </p>
   </div>
   <div class='ocr_carea' id='block_1_20' title="bbox 529 2010 1783 2068">
    <p class='ocr_par' dir='ltr' id='par_1_20' title="bbox 529 2010 1783 2068">
     <span class='ocr_line' id='line_1_20' title="bbox 529 2010 1783 2068; baseline 0.001 -4"><span class='ocrx_word' id='word_1_107' title='bbox 529 2010 730 2067; x_wconf 90' lang='lat' dir='ltr'><strong>Thara.</strong></span> <span class='ocrx_word' id='word_1_108' title='bbox 812 2052 827 2067; x_wconf 96' lang='lat'><strong>.</strong></span> <span class='ocrx_word' id='word_1_109' title='bbox 903 2054 916 2067; x_wconf 92' lang='lat'><strong>.</strong></span> <span class='ocrx_word' id='word_1_110' title='bbox 992 2012 1206 2068; x_wconf 86' lang='lat' dir='ltr'><strong>Ninus.</strong></span> <span class='ocrx_word' id='word_1_111' title='bbox 1285 2053 1299 2067; x_wconf 94' lang='lat'><strong>.</strong></span> <span class='ocrx_word' id='word_1_112' title='bbox 1376 2053 1392 2068; x_wconf 97' lang='lat'><strong>.</strong></span> <span class='ocrx_word' id='word_1_113' title='bbox 1469 2053 1484 2067; x_wconf 93' lang='lat'><strong>.</strong></span> <span class='ocrx_word' id='word_1_114' title='bbox 1560 2011 1783 2066; x_wconf 86' lang='lat' dir='ltr'><strong>Harma.</strong></span> 
     </span>
    </p>
   </div>
   <div class='ocr_carea' id='block_1_21' title="bbox 535 2103 1823 2176">
    <p class='ocr_par' dir='ltr' id='par_1_21' title="bbox 535 2103 1823 2176">
     <span class='ocr_line' id='line_1_21' title="bbox 535 2103 1823 2176; baseline 0.003 -20"><span class='ocrx_word' id='word_1_115' title='bbox 535 2103 919 2161; x_wconf 71' lang='lat' dir='ltr'><strong>‘Abrahamus.</strong></span> <span class='ocrx_word' id='word_1_116' title='bbox 991 2104 1197 2176; x_wconf 82' lang='lat' dir='ltr'><strong>Ninyas</strong></span> <span class='ocrx_word' id='word_1_117' title='bbox 1287 2145 1303 2160; x_wconf 93' lang='lat'><strong>.</strong></span> <span class='ocrx_word' id='word_1_118' title='bbox 1382 2144 1397 2159; x_wconf 95' lang='lat'><strong>.</strong></span> <span class='ocrx_word' id='word_1_119' title='bbox 1478 2146 1491 2158; x_wconf 94' lang='lat'><strong>.</strong></span> <span class='ocrx_word' id='word_1_120' title='bbox 1565 2104 1823 2160; x_wconf 85' lang='lat' dir='ltr'><strong>Aramus.</strong></span> 
     </span>
    </p>
   </div>
   <div class='ocr_carea' id='block_1_22' title="bbox 486 2193 2015 2267">
    <p class='ocr_par' dir='ltr' id='par_1_22' title="bbox 486 2193 2015 2267">
     <span class='ocr_line' id='line_1_22' title="bbox 486 2193 2015 2267; baseline -0.001 -17"><span class='ocrx_word' id='word_1_121' title='bbox 486 2195 550 2250; x_wconf 76' lang='lat'><strong>&#39;3.</strong></span> <span class='ocrx_word' id='word_1_122' title='bbox 602 2193 807 2251; x_wconf 88' lang='lat' dir='ltr'><strong>Deinde</strong></span> <span class='ocrx_word' id='word_1_123' title='bbox 831 2195 978 2250; x_wconf 85' lang='lat' dir='ltr'><strong>addit</strong></span> <span class='ocrx_word' id='word_1_124' title='bbox 1017 2215 1031 2252; x_wconf 88' lang='lat'><strong>:</strong></span> <span class='ocrx_word' id='word_1_125' title='bbox 1083 2215 1103 2247; x_wconf 76' lang='grc' dir='ltr'><strong>ι</strong></span> <span class='ocrx_word' id='word_1_126' title='bbox 1143 2195 1199 2250; x_wconf 88' lang='lat' dir='ltr'><strong>In</strong></span> <span class='ocrx_word' id='word_1_127' title='bbox 1229 2195 1421 2251; x_wconf 89' lang='lat' dir='ltr'><strong>Cbami</strong></span> <span class='ocrx_word' id='word_1_128' title='bbox 1467 2197 1686 2267; x_wconf 85' lang='lat' dir='ltr'><strong>quidem</strong></span> <span class='ocrx_word' id='word_1_129' title='bbox 1723 2211 1899 2263; x_wconf 87' lang='lat' dir='ltr'><strong>usque</strong></span> <span class='ocrx_word' id='word_1_130' title='bbox 1945 2195 2015 2250; x_wconf 87' lang='lat' dir='ltr'><strong>ad</strong></span> 
     </span>
    </p>
   </div>
   <div class='ocr_carea' id='block_1_23' title="bbox 426 2284 2004 2357">
    <p class='ocr_par' dir='ltr' id='par_1_23' title="bbox 426 2284 2004 2357">
     <span class='ocr_line' id='line_1_23' title="bbox 426 2284 2004 2357; baseline 0.002 -20"><span class='ocrx_word' id='word_1_131' title='bbox 426 2284 624 2338; x_wconf 84' lang='lat' dir='ltr'><strong>Ninum</strong></span> <span class='ocrx_word' id='word_1_132' title='bbox 653 2287 913 2356; x_wconf 81' lang='lat' dir='ltr'><strong>progenie</strong></span> <span class='ocrx_word' id='word_1_133' title='bbox 951 2301 1148 2349; x_wconf 91' lang='lat' dir='ltr'><strong>annos,</strong></span> <span class='ocrx_word' id='word_1_134' title='bbox 1180 2287 1381 2357; x_wconf 86' lang='lat' dir='ltr'><strong>quibus</strong></span> <span class='ocrx_word' id='word_1_135' title='bbox 1409 2288 1642 2357; x_wconf 88' lang='lat' dir='ltr'><strong>quisque</strong></span> <span class='ocrx_word' id='word_1_136' title='bbox 1671 2287 2004 2356; x_wconf 84' lang='lat' dir='ltr'><strong>procreavit,</strong></span> 
     </span>
    </p>
   </div>
   <div class='ocr_carea' id='block_1_24' title="bbox 423 2376 2012 2447">
    <p class='ocr_par' dir='ltr' id='par_1_24' title="bbox 423 2376 2012 2447">
     <span class='ocr_line' id='line_1_24' title="bbox 423 2376 2012 2447; baseline 0.002 -18"><span class='ocrx_word' id='word_1_137' title='bbox 423 2389 699 2444; x_wconf 80' lang='lat' dir='ltr'><strong>nusquam</strong></span> <span class='ocrx_word' id='word_1_138' title='bbox 743 2391 1037 2446; x_wconf 82' lang='lat' dir='ltr'><strong>expressos</strong></span> <span class='ocrx_word' id='word_1_139' title='bbox 1067 2376 1317 2447; x_wconf 86' lang='lat' dir='ltr'><strong>reperiri,</strong></span> <span class='ocrx_word' id='word_1_140' title='bbox 1358 2378 1443 2432; x_wconf 87' lang='lat' dir='ltr'><strong>vel</strong></span> <span class='ocrx_word' id='word_1_141' title='bbox 1484 2377 1551 2430; x_wconf 91' lang='lat' dir='ltr'><strong>ad</strong></span> <span class='ocrx_word' id='word_1_142' title='bbox 1584 2392 1684 2432; x_wconf 89' lang='lat' dir='ltr'><strong>nos</strong></span> <span class='ocrx_word' id='word_1_143' title='bbox 1717 2385 1867 2432; x_wconf 81' lang='lat' dir='ltr'><strong>certe</strong></span> <span class='ocrx_word' id='word_1_144' title='bbox 1899 2391 2012 2432; x_wconf 90' lang='lat' dir='ltr'><strong>non</strong></span> 
     </span>
    </p>
   </div>
   <div class='ocr_carea' id='block_1_25' title="bbox 424 2467 2013 2537">
    <p class='ocr_par' dir='ltr' id='par_1_25' title="bbox 424 2467 2013 2537">
     <span class='ocr_line' id='line_1_25' title="bbox 424 2467 2013 2537; baseline -0.001 -15"><span class='ocrx_word' id='word_1_145' title='bbox 424 2467 744 2537; x_wconf 70' lang='lat' dir='ltr'><strong>pervenisse</strong></span> <span class='ocrx_word' id='word_1_146' title='bbox 763 2484 789 2520; x_wconf 76' lang='lat'><strong>-:</strong></span> <span class='ocrx_word' id='word_1_147' title='bbox 824 2474 937 2520; x_wconf 91' lang='lat' dir='ltr'><strong>tum</strong></span> <span class='ocrx_word' id='word_1_148' title='bbox 971 2475 1026 2523; x_wconf 91' lang='lat' dir='ltr'><strong>et</strong></span> <span class='ocrx_word' id='word_1_149' title='bbox 1069 2467 1138 2523; x_wconf 91' lang='lat' dir='ltr'><strong>de</strong></span> <span class='ocrx_word' id='word_1_150' title='bbox 1167 2468 1396 2524; x_wconf 87' lang='lat' dir='ltr'><strong>Jabetbo</strong></span> <span class='ocrx_word' id='word_1_151' title='bbox 1423 2477 1614 2524; x_wconf 92' lang='lat' dir='ltr'><strong>nostro</strong></span> <span class='ocrx_word' id='word_1_152' title='bbox 1642 2468 1776 2524; x_wconf 84' lang='lat' dir='ltr'><strong>satis</strong></span> <span class='ocrx_word' id='word_1_153' title='bbox 1803 2479 2013 2524; x_wconf 85' lang='lat' dir='ltr'><strong>certum</strong></span> 
     </span>
    </p>
   </div>
   <div class='ocr_carea' id='block_1_26' title="bbox 427 2556 2014 2626">
    <p class='ocr_par' dir='ltr' id='par_1_26' title="bbox 427 2556 2014 2626">
     <span class='ocr_line' id='line_1_26' title="bbox 427 2556 2014 2626; baseline 0.003 -18"><span class='ocrx_word' id='word_1_154' title='bbox 427 2556 564 2610; x_wconf 90' lang='lat' dir='ltr'><strong>nihil</strong></span> <span class='ocrx_word' id='word_1_155' title='bbox 608 2556 794 2622; x_wconf 84' lang='lat' dir='ltr'><strong>tradi;</strong></span> <span class='ocrx_word' id='word_1_156' title='bbox 846 2557 1202 2614; x_wconf 87' lang='lat' dir='ltr'><strong>nihilominus</strong></span> <span class='ocrx_word' id='word_1_157' title='bbox 1243 2563 1550 2626; x_wconf 85' lang='lat' dir='ltr'><strong>expositum</strong></span> <span class='ocrx_word' id='word_1_158' title='bbox 1595 2559 1792 2612; x_wconf 86' lang='lat' dir='ltr'><strong>barum</strong></span> <span class='ocrx_word' id='word_1_159' title='bbox 1843 2558 2014 2613; x_wconf 91' lang='lat' dir='ltr'><strong>trium</strong></span> 
     </span>
    </p>
   </div>
   <div class='ocr_carea' id='block_1_27' title="bbox 427 2645 2015 2721">
    <p class='ocr_par' dir='ltr' id='par_1_27' title="bbox 427 2645 2015 2721">
     <span class='ocr_line' id='line_1_27' title="bbox 427 2645 2015 2721; baseline 0.004 -22"><span class='ocrx_word' id='word_1_160' title='bbox 427 2645 757 2702; x_wconf 79' lang='lat' dir='ltr'><strong>familiarum</strong></span> <span class='ocrx_word' id='word_1_161' title='bbox 792 2665 963 2720; x_wconf 88' lang='lat' dir='ltr'><strong>genus</strong></span> <span class='ocrx_word' id='word_1_162' title='bbox 992 2657 1219 2706; x_wconf 88' lang='lat' dir='ltr'><strong>eatenus</strong></span> <span class='ocrx_word' id='word_1_163' title='bbox 1252 2666 1376 2706; x_wconf 91' lang='lat' dir='ltr'><strong>esse</strong></span> <span class='ocrx_word' id='word_1_164' title='bbox 1415 2649 1784 2714; x_wconf 87' lang='lat' dir='ltr'><strong>verissimum,</strong></span> <span class='ocrx_word' id='word_1_165' title='bbox 1824 2659 2015 2721; x_wconf 87' lang='lat' dir='ltr'><strong>quate-</strong></span> 
     </span>
    </p>
   </div>
   <div class='ocr_carea' id='block_1_28' title="bbox 427 2740 2014 2812">
    <p class='ocr_par' dir='ltr' id='par_1_28' title="bbox 427 2740 2014 2812">
     <span class='ocr_line' id='line_1_28' title="bbox 427 2740 2014 2812; baseline 0.004 -24"><span class='ocrx_word' id='word_1_166' title='bbox 427 2751 532 2792; x_wconf 85' lang='lat' dir='ltr'><strong>nus</strong></span> <span class='ocrx_word' id='word_1_167' title='bbox 579 2740 988 2808; x_wconf 85' lang='lat' dir='ltr'><strong>procreationes</strong></span> <span class='ocrx_word' id='word_1_168' title='bbox 1038 2741 1290 2796; x_wconf 87' lang='lat' dir='ltr'><strong>undecim</strong></span> <span class='ocrx_word' id='word_1_169' title='bbox 1338 2749 1468 2798; x_wconf 91' lang='lat' dir='ltr'><strong>sunt</strong></span> <span class='ocrx_word' id='word_1_170' title='bbox 1510 2757 1686 2812; x_wconf 83' lang='lat' dir='ltr'><strong>usque</strong></span> <span class='ocrx_word' id='word_1_171' title='bbox 1728 2742 1795 2797; x_wconf 92' lang='lat' dir='ltr'><strong>ad</strong></span> <span class='ocrx_word' id='word_1_172' title='bbox 1838 2742 2014 2796; x_wconf 88' lang='lat' dir='ltr'><strong>Abra-</strong></span> 
     </span>
    </p>
   </div>
   <div class='ocr_carea' id='block_1_29' title="bbox 429 2826 2014 2902">
    <p class='ocr_par' dir='ltr' id='par_1_29' title="bbox 429 2826 2014 2902">
     <span class='ocr_line' id='line_1_29' title="bbox 429 2826 2014 2902; baseline 0.007 -21"><span class='ocrx_word' id='word_1_173' title='bbox 429 2826 689 2893; x_wconf 88' lang='lat' dir='ltr'><strong>hamum,</strong></span> <span class='ocrx_word' id='word_1_174' title='bbox 762 2829 994 2902; x_wconf 84' lang='lat' dir='ltr'><strong>Ninyam</strong></span> <span class='ocrx_word' id='word_1_175' title='bbox 1058 2841 1222 2902; x_wconf 87' lang='lat' dir='ltr'><strong>atque</strong></span> <span class='ocrx_word' id='word_1_176' title='bbox 1262 2831 1544 2890; x_wconf 87' lang='lat' dir='ltr'><strong>Aramum.</strong></span> <span class='ocrx_word' id='word_1_177' title='bbox 1608 2835 1800 2893; x_wconf 71' lang='lat' dir='ltr'><strong>Armus</strong></span> <span class='ocrx_word' id='word_1_178' title='bbox 1867 2839 2014 2892; x_wconf 91' lang='lat' dir='ltr'><strong>enim</strong></span> 
     </span>
    </p>
   </div>
   <div class='ocr_carea' id='block_1_30' title="bbox 428 2921 2008 3000">
    <p class='ocr_par' dir='ltr' id='par_1_30' title="bbox 428 2921 2008 3000">
     <span class='ocr_line' id='line_1_30' title="bbox 428 2921 2008 3000; baseline 0.006 -26"><span class='ocrx_word' id='word_1_179' title='bbox 428 2921 811 2978; x_wconf 90' lang='lat' dir='ltr'><strong>duodecimum</strong></span> <span class='ocrx_word' id='word_1_180' title='bbox 855 2925 1034 2979; x_wconf 91' lang='lat' dir='ltr'><strong>locum</strong></span> <span class='ocrx_word' id='word_1_181' title='bbox 1075 2926 1288 2982; x_wconf 89' lang='lat' dir='ltr'><strong>obtinet</strong></span> <span class='ocrx_word' id='word_1_182' title='bbox 1309 2929 1696 3000; x_wconf 87' lang='lat' dir='ltr'><strong>posteriorque</strong></span> <span class='ocrx_word' id='word_1_183' title='bbox 1719 2928 1860 2986; x_wconf 88' lang='lat' dir='ltr'><strong>Nino</strong></span> <span class='ocrx_word' id='word_1_184' title='bbox 1881 2939 1963 2986; x_wconf 89' lang='lat' dir='ltr'><strong>est</strong></span> <span class='ocrx_word' id='word_1_185' title='bbox 1995 2947 2008 2984; x_wconf 94' lang='lat'>:</span> 
     </span>
    </p>
   </div>
   <div class='ocr_carea' id='block_1_31' title="bbox 429 3011 2014 3083">
    <p class='ocr_par' dir='ltr' id='par_1_31' title="bbox 429 3011 2014 3083">
     <span class='ocr_line' id='line_1_31' title="bbox 429 3011 2014 3083; baseline 0.008 -18"><span class='ocrx_word' id='word_1_186' title='bbox 429 3011 682 3083; x_wconf 86' lang='lat' dir='ltr'><strong>idemque</strong></span> <span class='ocrx_word' id='word_1_187' title='bbox 713 3015 909 3069; x_wconf 88' lang='lat' dir='ltr'><strong>acerba</strong></span> <span class='ocrx_word' id='word_1_188' title='bbox 935 3023 1093 3072; x_wconf 69' lang='lat' dir='ltr'><strong>aetate</strong></span> <span class='ocrx_word' id='word_1_189' title='bbox 1136 3028 1363 3073; x_wconf 89' lang='lat' dir='ltr'><strong>mortem</strong></span> <span class='ocrx_word' id='word_1_190' title='bbox 1397 3020 1532 3074; x_wconf 90' lang='lat' dir='ltr'><strong>obiit</strong></span> <span class='ocrx_word' id='word_1_191' title='bbox 1575 3035 1606 3074; x_wconf 91' lang='lat' dir='ltr'><strong>a</strong></span> <span class='ocrx_word' id='word_1_192' title='bbox 1653 3019 2014 3078; x_wconf 77' lang='lat' dir='ltr'><strong>Samiramidé</strong></span> 
     </span>
    </p>
   </div>
   <div class='ocr_carea' id='block_1_32' title="bbox 428 3106 2014 3183">
    <p class='ocr_par' dir='ltr' id='par_1_32' title="bbox 428 3106 2014 3183">
     <span class='ocr_line' id='line_1_32' title="bbox 428 3106 2014 3183; baseline 0.006 -26"><span class='ocrx_word' id='word_1_193' title='bbox 428 3119 626 3160; x_wconf 67' lang='lat' dir='ltr'><strong>caesus.</strong></span> <span class='ocrx_word' id='word_1_194' title='bbox 672 3124 691 3156; x_wconf 76' lang='grc' dir='ltr'><strong>ι</strong></span> <span class='ocrx_word' id='word_1_195' title='bbox 730 3106 806 3161; x_wconf 88' lang='lat' dir='ltr'><strong>De</strong></span> <span class='ocrx_word' id='word_1_196' title='bbox 837 3107 922 3162; x_wconf 88' lang='lat' dir='ltr'><strong>his</strong></span> <span class='ocrx_word' id='word_1_197' title='bbox 951 3117 1136 3163; x_wconf 90' lang='lat' dir='ltr'><strong>autem</strong></span> <span class='ocrx_word' id='word_1_198' title='bbox 1172 3109 1316 3163; x_wconf 91' lang='lat' dir='ltr'><strong>haud</strong></span> <span class='ocrx_word' id='word_1_199' title='bbox 1352 3120 1437 3165; x_wconf 89' lang='lat' dir='ltr'><strong>est</strong></span> <span class='ocrx_word' id='word_1_200' title='bbox 1465 3127 1564 3165; x_wconf 92' lang='lat' dir='ltr'><strong>cur</strong></span> <span class='ocrx_word' id='word_1_201' title='bbox 1593 3113 1882 3183; x_wconf 84' lang='lat' dir='ltr'><strong>quisquam</strong></span> <span class='ocrx_word' id='word_1_202' title='bbox 1911 3112 2014 3167; x_wconf 86' lang='lat' dir='ltr'><strong>du-</strong></span> 
     </span>
    </p>
   </div>
   <div class='ocr_carea' id='block_1_33' title="bbox 430 3194 2012 3270">
    <p class='ocr_par' dir='ltr' id='par_1_33' title="bbox 430 3194 2012 3270">
     <span class='ocr_line' id='line_1_33' title="bbox 430 3194 2012 3270; baseline 0.007 -23"><span class='ocrx_word' id='word_1_203' title='bbox 430 3194 752 3250; x_wconf 79' lang='lat' dir='ltr'><strong>bitationem</strong></span> <span class='ocrx_word' id='word_1_204' title='bbox 802 3213 912 3267; x_wconf 64' lang='lat' dir='ltr'><strong>prie</strong></span> <span class='ocrx_word' id='word_1_205' title='bbox 958 3214 1016 3254; x_wconf 90' lang='lat' dir='ltr'><strong>se</strong></span> <span class='ocrx_word' id='word_1_206' title='bbox 1053 3198 1210 3254; x_wconf 86' lang='lat' dir='ltr'><strong>ferat.</strong></span> <span class='ocrx_word' id='word_1_207' title='bbox 1244 3199 1456 3270; x_wconf 82' lang='lat' dir='ltr'><strong>Quippe</strong></span> <span class='ocrx_word' id='word_1_208' title='bbox 1516 3203 1591 3256; x_wconf 85' lang='lat' dir='ltr'><strong>ait</strong></span> <span class='ocrx_word' id='word_1_209' title='bbox 1635 3222 1648 3257; x_wconf 91' lang='lat'>:</span> <span class='ocrx_word' id='word_1_210' title='bbox 1709 3222 1727 3254; x_wconf 77' lang='grc' dir='ltr'><strong>ι</strong></span> <span class='ocrx_word' id='word_1_211' title='bbox 1764 3204 2012 3258; x_wconf 71' lang='lat' dir='ltr'><strong>Certiora</strong></span> 
     </span>
    </p>
   </div>
   <div class='ocr_carea' id='block_1_34' title="bbox 429 3289 2015 3364">
    <p class='ocr_par' dir='ltr' id='par_1_34' title="bbox 429 3289 2015 3364">
     <span class='ocr_line' id='line_1_34' title="bbox 429 3289 2015 3364; baseline 0.006 -26"><span class='ocrx_word' id='word_1_212' title='bbox 429 3300 662 3357; x_wconf 72' lang='lat' dir='ltr'><strong>quicque</strong></span> <span class='ocrx_word' id='word_1_213' title='bbox 692 3303 759 3342; x_wconf 82' lang='lat' dir='ltr'><strong>ex</strong></span> <span class='ocrx_word' id='word_1_214' title='bbox 785 3289 956 3345; x_wconf 77' lang='lat' dir='ltr'><strong>variis</strong></span> <span class='ocrx_word' id='word_1_215' title='bbox 983 3290 1228 3346; x_wconf 90' lang='lat' dir='ltr'><strong>historiis</strong></span> <span class='ocrx_word' id='word_1_216' title='bbox 1262 3308 1362 3360; x_wconf 87' lang='lat' dir='ltr'><strong>pro</strong></span> <span class='ocrx_word' id='word_1_217' title='bbox 1395 3293 1537 3347; x_wconf 87' lang='lat' dir='ltr'><strong>virili</strong></span> <span class='ocrx_word' id='word_1_218' title='bbox 1571 3302 1725 3364; x_wconf 87' lang='lat' dir='ltr'><strong>parte</strong></span> <span class='ocrx_word' id='word_1_219' title='bbox 1765 3295 2015 3364; x_wconf 82' lang='lat' dir='ltr'><strong>decerpsi</strong></span> 
     </span>
    </p>
   </div>
   <div class='ocr_carea' id='block_1_35' title="bbox 434 3381 2018 3456">
    <p class='ocr_par' dir='ltr' id='par_1_35' title="bbox 434 3381 2018 3456">
     <span class='ocr_line' id='line_1_35' title="bbox 434 3381 2018 3456; baseline 0.007 -26"><span class='ocrx_word' id='word_1_220' title='bbox 434 3391 554 3444; x_wconf 71' lang='lat' dir='ltr'><strong>quae</strong></span> <span class='ocrx_word' id='word_1_221' title='bbox 588 3393 618 3432; x_wconf 91' lang='lat' dir='ltr'><strong>a</strong></span> <span class='ocrx_word' id='word_1_222' title='bbox 663 3381 883 3435; x_wconf 90' lang='lat' dir='ltr'><strong>nemine</strong></span> <span class='ocrx_word' id='word_1_223' title='bbox 923 3383 1190 3450; x_wconf 92' lang='lat' dir='ltr'><strong>prudente</strong></span> <span class='ocrx_word' id='word_1_224' title='bbox 1214 3393 1590 3454; x_wconf 85' lang='lat' dir='ltr'><strong>oppugnatum</strong></span> <span class='ocrx_word' id='word_1_225' title='bbox 1627 3386 1690 3440; x_wconf 89' lang='lat' dir='ltr'><strong>iri</strong></span> <span class='ocrx_word' id='word_1_226' title='bbox 1724 3395 1875 3456; x_wconf 92' lang='lat' dir='ltr'><strong>puto,</strong></span> <span class='ocrx_word' id='word_1_227' title='bbox 1911 3387 2018 3444; x_wconf 90' lang='lat' dir='ltr'><strong>nisi</strong></span> 
     </span>
    </p>
   </div>
   <div class='ocr_carea' id='block_1_36' title="bbox 431 3465 2018 3544">
    <p class='ocr_par' dir='ltr' id='par_1_36' title="bbox 431 3465 2018 3544">
     <span class='ocr_line' id='line_1_36' title="bbox 431 3465 2018 3544; baseline 0.008 -26"><span class='ocrx_word' id='word_1_228' title='bbox 431 3465 601 3535; x_wconf 80' lang='lat' dir='ltr'><strong>aliqui</strong></span> <span class='ocrx_word' id='word_1_229' title='bbox 645 3468 782 3524; x_wconf 85' lang='lat' dir='ltr'><strong>forte</strong></span> <span class='ocrx_word' id='word_1_230' title='bbox 819 3472 1062 3526; x_wconf 78' lang='lat' dir='ltr'><strong>veritatis</strong></span> <span class='ocrx_word' id='word_1_231' title='bbox 1093 3474 1505 3543; x_wconf 66' lang='lat' dir='ltr'><strong>exstinguenda:</strong></span> <span class='ocrx_word' id='word_1_232' title='bbox 1529 3475 1826 3544; x_wconf 90' lang='lat' dir='ltr'><strong>cupiditate</strong></span> <span class='ocrx_word' id='word_1_233' title='bbox 1865 3477 2018 3532; x_wconf 81' lang='lat' dir='ltr'><strong>labo-</strong></span> 
     </span>
    </p>
   </div>
   <div class='ocr_carea' id='block_1_37' title="bbox 433 3561 2020 3640">
    <p class='ocr_par' dir='ltr' id='par_1_37' title="bbox 433 3561 2020 3640">
     <span class='ocr_line' id='line_1_37' title="bbox 433 3561 2020 3640; baseline 0.009 -30"><span class='ocrx_word' id='word_1_234' title='bbox 433 3566 590 3612; x_wconf 89' lang='lat' dir='ltr'><strong>rant:</strong></span> <span class='ocrx_word' id='word_1_235' title='bbox 613 3561 706 3629; x_wconf 90' lang='lat' dir='ltr'><strong>qui</strong></span> <span class='ocrx_word' id='word_1_236' title='bbox 738 3561 785 3616; x_wconf 91' lang='lat' dir='ltr'><strong>si</strong></span> <span class='ocrx_word' id='word_1_237' title='bbox 813 3563 905 3632; x_wconf 91' lang='lat' dir='ltr'><strong>qui</strong></span> <span class='ocrx_word' id='word_1_238' title='bbox 937 3575 1086 3629; x_wconf 88' lang='lat' dir='ltr'><strong>sunt,</strong></span> <span class='ocrx_word' id='word_1_239' title='bbox 1119 3564 1296 3619; x_wconf 88' lang='lat' dir='ltr'><strong>istboc</strong></span> <span class='ocrx_word' id='word_1_240' title='bbox 1327 3566 1545 3636; x_wconf 88' lang='lat' dir='ltr'><strong>quidem</strong></span> <span class='ocrx_word' id='word_1_241' title='bbox 1570 3584 1631 3624; x_wconf 90' lang='lat' dir='ltr'><strong>se</strong></span> <span class='ocrx_word' id='word_1_242' title='bbox 1662 3578 1822 3639; x_wconf 91' lang='lat' dir='ltr'><strong>pacto</strong></span> <span class='ocrx_word' id='word_1_243' title='bbox 1844 3585 2020 3640; x_wconf 91' lang='lat' dir='ltr'><strong>quan-</strong></span> 
     </span>
    </p>
   </div>
   <div class='ocr_carea' id='block_1_38' title="bbox 432 3650 1083 3709">
    <p class='ocr_par' dir='ltr' id='par_1_38' title="bbox 432 3650 1083 3709">
     <span class='ocr_line' id='line_1_38' title="bbox 432 3650 1083 3709; baseline 0.011 -8"><span class='ocrx_word' id='word_1_244' title='bbox 432 3654 549 3703; x_wconf 84' lang='lat' dir='ltr'><strong>tum</strong></span> <span class='ocrx_word' id='word_1_245' title='bbox 574 3650 704 3705; x_wconf 88' lang='lat' dir='ltr'><strong>libet</strong></span> <span class='ocrx_word' id='word_1_246' title='bbox 735 3654 1028 3709; x_wconf 88' lang='lat' dir='ltr'><strong>oblectent.</strong></span> <span class='ocrx_word' id='word_1_247' title='bbox 1063 3674 1083 3708; x_wconf 76' lang='grc' dir='ltr'><strong>ι</strong></span> 
     </span>
    </p>
   </div>
   <div class='ocr_carea' id='block_1_39' title="bbox 502 3738 2019 3815">
    <p class='ocr_par' dir='ltr' id='par_1_39' title="bbox 502 3738 2019 3815">
     <span class='ocr_line' id='line_1_39' title="bbox 502 3738 2019 3815; baseline 0.011 -23"><span class='ocrx_word' id='word_1_248' title='bbox 502 3738 558 3793; x_wconf 74' lang='grc'><strong>4.</strong></span> <span class='ocrx_word' id='word_1_249' title='bbox 605 3738 716 3796; x_wconf 85' lang='lat' dir='ltr'><strong>Nos</strong></span> <span class='ocrx_word' id='word_1_250' title='bbox 754 3743 922 3814; x_wconf 78' lang='lat' dir='ltr'><strong>igitur</strong></span> <span class='ocrx_word' id='word_1_251' title='bbox 960 3745 1074 3815; x_wconf 91' lang='lat' dir='ltr'><strong>jam</strong></span> <span class='ocrx_word' id='word_1_252' title='bbox 1119 3746 1246 3803; x_wconf 89' lang='lat' dir='ltr'><strong>inde</strong></span> <span class='ocrx_word' id='word_1_253' title='bbox 1288 3761 1320 3801; x_wconf 92' lang='lat' dir='ltr'><strong>a</strong></span> <span class='ocrx_word' id='word_1_254' title='bbox 1362 3748 1541 3804; x_wconf 89' lang='lat' dir='ltr'><strong>tribus</strong></span> <span class='ocrx_word' id='word_1_255' title='bbox 1581 3748 1791 3807; x_wconf 89' lang='lat' dir='ltr'><strong>Noacbi</strong></span> <span class='ocrx_word' id='word_1_256' title='bbox 1832 3752 2019 3808; x_wconf 89' lang='lat' dir='ltr'><strong>liberis</strong></span> 
     </span>
    </p>
   </div>
   <div class='ocr_carea' id='block_1_40' title="bbox 433 3833 2016 3917">
    <p class='ocr_par' dir='ltr' id='par_1_40' title="bbox 433 3833 2016 3917">
     <span class='ocr_line' id='line_1_40' title="bbox 433 3833 2016 3917; baseline 0.01 -33"><span class='ocrx_word' id='word_1_257' title='bbox 433 3844 608 3900; x_wconf 90' lang='lat' dir='ltr'><strong>usque</strong></span> <span class='ocrx_word' id='word_1_258' title='bbox 677 3833 747 3888; x_wconf 89' lang='lat' dir='ltr'><strong>ad</strong></span> <span class='ocrx_word' id='word_1_259' title='bbox 809 3835 981 3890; x_wconf 87' lang='lat' dir='ltr'><strong>divini</strong></span> <span class='ocrx_word' id='word_1_260' title='bbox 1037 3837 1201 3895; x_wconf 81' lang='lat' dir='ltr'><strong>Verbi</strong></span> <span class='ocrx_word' id='word_1_261' title='bbox 1259 3842 1647 3898; x_wconf 88' lang='lat' dir='ltr'><strong>revelationem</strong></span> <span class='ocrx_word' id='word_1_262' title='bbox 1698 3845 2016 3917; x_wconf 76' lang='lat' dir='ltr'><strong>singillatim</strong></span> 
     </span>
    </p>
   </div>
   <div class='ocr_carea' id='block_1_41' title="bbox 432 3923 2018 4007">
    <p class='ocr_par' dir='ltr' id='par_1_41' title="bbox 432 3923 2018 4007">
     <span class='ocr_line' id='line_1_41' title="bbox 432 3923 2018 4007; baseline 0.011 -33"><span class='ocrx_word' id='word_1_263' title='bbox 432 3923 679 3980; x_wconf 81' lang='lat' dir='ltr'><strong>scribere</strong></span> <span class='ocrx_word' id='word_1_264' title='bbox 721 3926 1034 3990; x_wconf 87' lang='lat' dir='ltr'><strong>ordiamur,</strong></span> <span class='ocrx_word' id='word_1_265' title='bbox 1076 3931 1314 4000; x_wconf 90' lang='lat' dir='ltr'><strong>primum</strong></span> <span class='ocrx_word' id='word_1_266' title='bbox 1357 3934 1578 4003; x_wconf 88' lang='lat' dir='ltr'><strong>quidem</strong></span> <span class='ocrx_word' id='word_1_267' title='bbox 1629 3932 1773 3990; x_wconf 90' lang='lat' dir='ltr'><strong>Semi</strong></span> <span class='ocrx_word' id='word_1_268' title='bbox 1819 3952 2018 4007; x_wconf 86' lang='lat' dir='ltr'><strong>propa-</strong></span> 
     </span>
    </p>
   </div>
   <div class='ocr_carea' id='block_1_42' title="bbox 433 4011 2016 4094">
    <p class='ocr_par' dir='ltr' id='par_1_42' title="bbox 433 4011 2016 4094">
     <span class='ocr_line' id='line_1_42' title="bbox 433 4011 2016 4094; baseline 0.012 -31"><span class='ocrx_word' id='word_1_269' title='bbox 433 4011 636 4084; x_wconf 69' lang='lat' dir='ltr'><strong>ginem,</strong></span> <span class='ocrx_word' id='word_1_270' title='bbox 683 4016 882 4075; x_wconf 87' lang='lat' dir='ltr'><strong>deinde</strong></span> <span class='ocrx_word' id='word_1_271' title='bbox 930 4018 1149 4087; x_wconf 89' lang='lat' dir='ltr'><strong>Cbami,</strong></span> <span class='ocrx_word' id='word_1_272' title='bbox 1185 4032 1467 4093; x_wconf 90' lang='lat' dir='ltr'><strong>postremo</strong></span> <span class='ocrx_word' id='word_1_273' title='bbox 1513 4025 1739 4082; x_wconf 89' lang='lat' dir='ltr'><strong>labetbi.</strong></span> <span class='ocrx_word' id='word_1_274' title='bbox 1772 4028 2016 4094; x_wconf 80' lang='lat' dir='ltr'><strong>Seruum,</strong></span> 
     </span>
    </p>
   </div>
   <div class='ocr_carea' id='block_1_43' title="bbox 433 4101 2018 4186">
    <p class='ocr_par' dir='ltr' id='par_1_43' title="bbox 433 4101 2018 4186">
     <span class='ocr_line' id='line_1_43' title="bbox 433 4101 2018 4186; baseline 0.011 -29"><span class='ocrx_word' id='word_1_275' title='bbox 433 4101 641 4160; x_wconf 89' lang='lat' dir='ltr'><strong>Noachi</strong></span> <span class='ocrx_word' id='word_1_276' title='bbox 684 4117 870 4164; x_wconf 87' lang='lat' dir='ltr'><strong>natum</strong></span> <span class='ocrx_word' id='word_1_277' title='bbox 922 4114 1248 4182; x_wconf 86' lang='lat' dir='ltr'><strong>maximum,</strong></span> <span class='ocrx_word' id='word_1_278' title='bbox 1291 4123 1484 4186; x_wconf 77' lang='lat' dir='ltr'><strong>gentes</strong></span> <span class='ocrx_word' id='word_1_279' title='bbox 1534 4127 1735 4174; x_wconf 70' lang='lat' dir='ltr'><strong>extera:</strong></span> <span class='ocrx_word' id='word_1_280' title='bbox 1784 4119 2018 4176; x_wconf 89' lang='lat' dir='ltr'><strong>Zeruani</strong></span> 
     </span>
    </p>
   </div>
   <div class='ocr_carea' id='block_1_44' title="bbox 434 4196 2019 4282">
    <p class='ocr_par' dir='ltr' id='par_1_44' title="bbox 434 4196 2019 4282">
     <span class='ocr_line' id='line_1_44' title="bbox 434 4196 2019 4282; baseline 0.01 -32"><span class='ocrx_word' id='word_1_281' title='bbox 434 4196 657 4251; x_wconf 87' lang='lat' dir='ltr'><strong>nomine</strong></span> <span class='ocrx_word' id='word_1_282' title='bbox 684 4197 969 4268; x_wconf 87' lang='lat' dir='ltr'><strong>denotant,</strong></span> <span class='ocrx_word' id='word_1_283' title='bbox 1007 4203 1279 4260; x_wconf 88' lang='lat' dir='ltr'><strong>Chamum</strong></span> <span class='ocrx_word' id='word_1_284' title='bbox 1310 4206 1516 4272; x_wconf 86' lang='lat' dir='ltr'><strong>Titani,</strong></span> <span class='ocrx_word' id='word_1_285' title='bbox 1559 4209 1846 4266; x_wconf 89' lang='lat' dir='ltr'><strong>labethum</strong></span> <span class='ocrx_word' id='word_1_286' title='bbox 1878 4211 2019 4282; x_wconf 92' lang='lat' dir='ltr'><strong>lapi-</strong></span> 
     </span>
    </p>
   </div>
   <div class='ocr_carea' id='block_1_45' title="bbox 432 4287 2020 4376">
    <p class='ocr_par' dir='ltr' id='par_1_45' title="bbox 432 4287 2020 4376">
     <span class='ocr_line' id='line_1_45' title="bbox 432 4287 2020 4376; baseline 0.012 -35"><span class='ocrx_word' id='word_1_287' title='bbox 432 4287 615 4345; x_wconf 91' lang='lat' dir='ltr'><strong>tostis.</strong></span> <span class='ocrx_word' id='word_1_288' title='bbox 656 4287 843 4360; x_wconf 85' lang='lat' dir='ltr'><strong>Neque</strong></span> <span class='ocrx_word' id='word_1_289' title='bbox 879 4292 966 4348; x_wconf 90' lang='lat' dir='ltr'><strong>his</strong></span> <span class='ocrx_word' id='word_1_290' title='bbox 1007 4296 1209 4363; x_wconf 90' lang='lat' dir='ltr'><strong>solum,</strong></span> <span class='ocrx_word' id='word_1_291' title='bbox 1240 4314 1428 4354; x_wconf 85' lang='lat' dir='ltr'><strong>verum</strong></span> <span class='ocrx_word' id='word_1_292' title='bbox 1461 4301 1626 4356; x_wconf 89' lang='lat' dir='ltr'><strong>etiam</strong></span> <span class='ocrx_word' id='word_1_293' title='bbox 1665 4303 1892 4374; x_wconf 89' lang='lat' dir='ltr'><strong>reliquis</strong></span> <span class='ocrx_word' id='word_1_294' title='bbox 1923 4319 2020 4376; x_wconf 80' lang='lat' dir='ltr'><strong>pa-</strong></span> 
     </span>
    </p>
   </div>
   <div class='ocr_carea' id='block_1_46' title="bbox 434 4380 2020 4468">
    <p class='ocr_par' dir='ltr' id='par_1_46' title="bbox 434 4380 2020 4468">
     <span class='ocr_line' id='line_1_46' title="bbox 434 4380 2020 4468; baseline 0.013 -35"><span class='ocrx_word' id='word_1_295' title='bbox 434 4380 693 4437; x_wconf 85' lang='lat' dir='ltr'><strong>triarehis</strong></span> <span class='ocrx_word' id='word_1_296' title='bbox 717 4393 877 4454; x_wconf 80' lang='lat' dir='ltr'><strong>capto</strong></span> <span class='ocrx_word' id='word_1_297' title='bbox 912 4384 1069 4442; x_wconf 88' lang='lat' dir='ltr'><strong>initio</strong></span> <span class='ocrx_word' id='word_1_298' title='bbox 1098 4389 1168 4444; x_wconf 90' lang='lat' dir='ltr'><strong>ab</strong></span> <span class='ocrx_word' id='word_1_299' title='bbox 1194 4390 1405 4447; x_wconf 86' lang='lat' dir='ltr'><strong>Adamo</strong></span> <span class='ocrx_word' id='word_1_300' title='bbox 1431 4393 1739 4453; x_wconf 90' lang='lat' dir='ltr'><strong>inconditas</strong></span> <span class='ocrx_word' id='word_1_301' title='bbox 1778 4399 2020 4468; x_wconf 85' lang='lat' dir='ltr'><strong>appella-</strong></span> 
     </span>
    </p>
   </div>
   <div class='ocr_carea' id='block_1_47' title="bbox 435 4472 2018 4550">
    <p class='ocr_par' dir='ltr' id='par_1_47' title="bbox 435 4472 2018 4550">
     <span class='ocr_line' id='line_1_47' title="bbox 435 4472 2018 4550; baseline 0.012 -26"><span class='ocrx_word' id='word_1_302' title='bbox 435 4472 612 4528; x_wconf 83' lang='lat' dir='ltr'><strong>tiones</strong></span> <span class='ocrx_word' id='word_1_303' title='bbox 652 4472 940 4544; x_wconf 70' lang='lat' dir='ltr'><strong>aﬂingunt,</strong></span> <span class='ocrx_word' id='word_1_304' title='bbox 974 4485 1142 4550; x_wconf 91' lang='lat' dir='ltr'><strong>atque</strong></span> <span class='ocrx_word' id='word_1_305' title='bbox 1185 4496 1456 4538; x_wconf 88' lang='lat' dir='ltr'><strong>annorum</strong></span> <span class='ocrx_word' id='word_1_306' title='bbox 1498 4500 1789 4541; x_wconf 90' lang='lat' dir='ltr'><strong>numerum</strong></span> <span class='ocrx_word' id='word_1_307' title='bbox 1824 4488 2018 4544; x_wconf 89' lang='lat' dir='ltr'><strong>unius-</strong></span> 
     </span>
    </p>
   </div>
   <div class='ocr_carea' id='block_1_48' title="bbox 1244 421 3057 482">
    <p class='ocr_par' dir='ltr' id='par_1_48' title="bbox 1244 421 3057 482">
     <span class='ocr_line' id='line_1_48' title="bbox 1244 421 3057 482; baseline 0 0"><span class='ocrx_word' id='word_1_308' title='bbox 1244 424 1595 482; x_wconf 73' lang='lat' dir='ltr'><strong>SAMUELIS</strong></span> <span class='ocrx_word' id='word_1_309' title='bbox 1635 425 1952 482; x_wconf 78' lang='lat' dir='ltr'><strong>ANIENSIS</strong></span> <span class='ocrx_word' id='word_1_310' title='bbox 1991 423 2330 482; x_wconf 74' lang='lat' dir='ltr'><strong>SUMMARII</strong></span> <span class='ocrx_word' id='word_1_311' title='bbox 2368 423 2756 482; x_wconf 77' lang='lat' dir='ltr'><strong>TEMPORUM</strong></span> <span class='ocrx_word' id='word_1_312' title='bbox 2793 421 2975 480; x_wconf 85' lang='lat' dir='ltr'><strong>PARS</strong></span> <span class='ocrx_word' id='word_1_313' title='bbox 3009 421 3057 482; x_wconf 81' lang='lat' dir='ltr'><strong>I.‘</strong></span> 
     </span>
    </p>
   </div>
   <div class='ocr_carea' id='block_1_49' title="bbox 3585 419 3714 482">
    <p class='ocr_par' dir='ltr' id='par_1_49' title="bbox 3585 419 3714 482">
     <span class='ocr_line' id='line_1_49' title="bbox 3585 419 3714 482; baseline 0.008 -1"><span class='ocrx_word' id='word_1_314' title='bbox 3585 419 3714 482; x_wconf 62' lang='grc' dir='ltr'><strong>δυ’</strong></span> 
     </span>
    </p>
   </div>
   <div class='ocr_carea' id='block_1_50' title="bbox 2177 541 2850 599">
    <p class='ocr_par' dir='ltr' id='par_1_50' title="bbox 2177 541 2850 599">
     <span class='ocr_line' id='line_1_50' title="bbox 2177 541 2850 599; baseline 0 -1"><span class='ocrx_word' id='word_1_315' title='bbox 2177 542 2266 598; x_wconf 87' lang='lat' dir='ltr'><strong>Vl.</strong></span> <span class='ocrx_word' id='word_1_316' title='bbox 2361 541 2590 599; x_wconf 81' lang='lat' dir='ltr'><strong>Jaredus</strong></span> <span class='ocrx_word' id='word_1_317' title='bbox 2654 583 2668 597; x_wconf 90' lang='lat'><strong>.</strong></span> <span class='ocrx_word' id='word_1_318' title='bbox 2751 585 2765 599; x_wconf 95' lang='lat'><strong>.</strong></span> <span class='ocrx_word' id='word_1_319' title='bbox 2837 585 2850 598; x_wconf 95' lang='lat'><strong>.</strong></span> 
     </span>
    </p>
   </div>
   <div class='ocr_carea' id='block_1_51' title="bbox 2177 635 2758 692">
    <p class='ocr_par' dir='ltr' id='par_1_51' title="bbox 2177 635 2758 692">
     <span class='ocr_line' id='line_1_51' title="bbox 2177 635 2758 692; baseline 0.005 -3"><span class='ocrx_word' id='word_1_320' title='bbox 2177 635 2290 690; x_wconf 70' lang='lat' dir='ltr'><strong>VII.</strong></span> <span class='ocrx_word' id='word_1_321' title='bbox 2361 635 2665 691; x_wconf 89' lang='lat' dir='ltr'><strong>Enocbus.</strong></span> <span class='ocrx_word' id='word_1_322' title='bbox 2745 679 2758 692; x_wconf 97' lang='lat'><strong>.</strong></span> 
     </span>
    </p>
   </div>
   <div class='ocr_carea' id='block_1_52' title="bbox 2928 543 3438 601">
    <p class='ocr_par' dir='ltr' id='par_1_52' title="bbox 2928 543 3438 601">
     <span class='ocr_line' id='line_1_52' title="bbox 2928 543 3438 601; baseline 0.004 -4"><span class='ocrx_word' id='word_1_323' title='bbox 2928 543 3188 599; x_wconf 88' lang='lat' dir='ltr'><strong>Davonus</strong></span> <span class='ocrx_word' id='word_1_324' title='bbox 3217 544 3359 601; x_wconf 89' lang='lat' dir='ltr'><strong>saris</strong></span> <span class='ocrx_word' id='word_1_325' title='bbox 3383 561 3438 600; x_wconf 84' lang='lat' dir='ltr'><strong>x.</strong></span> 
     </span>
    </p>
   </div>
   <div class='ocr_carea' id='block_1_53' title="bbox 2840 635 3689 696">
    <p class='ocr_par' dir='ltr' id='par_1_53' title="bbox 2840 635 3689 696">
     <span class='ocr_line' id='line_1_53' title="bbox 2840 635 3689 696; baseline 0.008 -6"><span class='ocrx_word' id='word_1_326' title='bbox 2840 676 2854 690; x_wconf 95' lang='lat'><strong>.</strong></span> <span class='ocrx_word' id='word_1_327' title='bbox 2929 635 3354 692; x_wconf 83' lang='lat' dir='ltr'><strong>Evendoracbus</strong></span> <span class='ocrx_word' id='word_1_328' title='bbox 3373 635 3514 693; x_wconf 89' lang='lat' dir='ltr'><strong>saris</strong></span> <span class='ocrx_word' id='word_1_329' title='bbox 3531 652 3689 696; x_wconf 81' lang='lat' dir='ltr'><strong>xvm.</strong></span> 
     </span>
    </p>
   </div>
   <div class='ocr_carea' id='block_1_54' title="bbox 2179 728 3580 801">
    <p class='ocr_par' dir='ltr' id='par_1_54' title="bbox 2179 728 3580 801">
     <span class='ocr_line' id='line_1_54' title="bbox 2179 728 3580 801; baseline 0.003 -20"><span class='ocrx_word' id='word_1_330' title='bbox 2179 728 2314 782; x_wconf 91' lang='lat' dir='ltr'><strong>VIII.</strong></span> <span class='ocrx_word' id='word_1_331' title='bbox 2363 729 2667 783; x_wconf 81' lang='lat' dir='ltr'><strong>Matltusala</strong></span> <span class='ocrx_word' id='word_1_332' title='bbox 2744 767 2760 784; x_wconf 91' lang='lat'><strong>.</strong></span> <span class='ocrx_word' id='word_1_333' title='bbox 2837 771 2851 784; x_wconf 93' lang='lat'><strong>.</strong></span> <span class='ocrx_word' id='word_1_334' title='bbox 2929 729 3318 801; x_wconf 86' lang='lat' dir='ltr'><strong>Amempsinus</strong></span> <span class='ocrx_word' id='word_1_335' title='bbox 3351 731 3494 785; x_wconf 87' lang='lat' dir='ltr'><strong>saris</strong></span> <span class='ocrx_word' id='word_1_336' title='bbox 3525 747 3580 785; x_wconf 86' lang='lat' dir='ltr'><strong>x.</strong></span> 
     </span>
    </p>
   </div>
   <div class='ocr_carea' id='block_1_55' title="bbox 2177 818 3480 878">
    <p class='ocr_par' dir='ltr' id='par_1_55' title="bbox 2177 818 3480 878">
     <span class='ocr_line' id='line_1_55' title="bbox 2177 818 3480 878; baseline 0.005 -6"><span class='ocrx_word' id='word_1_337' title='bbox 2177 819 2268 873; x_wconf 75' lang='lat' dir='ltr'><strong>IX.</strong></span> <span class='ocrx_word' id='word_1_338' title='bbox 2353 819 2658 874; x_wconf 86' lang='lat' dir='ltr'><strong>Lamecbtts</strong></span> <span class='ocrx_word' id='word_1_339' title='bbox 2735 859 2749 874; x_wconf 93' lang='lat'><strong>.</strong></span> <span class='ocrx_word' id='word_1_340' title='bbox 2831 859 2846 872; x_wconf 95' lang='lat'><strong>.</strong></span> <span class='ocrx_word' id='word_1_341' title='bbox 2925 818 3161 876; x_wconf 84' lang='lat' dir='ltr'><strong>Otiartes</strong></span> <span class='ocrx_word' id='word_1_342' title='bbox 3193 821 3335 877; x_wconf 86' lang='lat' dir='ltr'><strong>saris</strong></span> <span class='ocrx_word' id='word_1_343' title='bbox 3362 838 3480 878; x_wconf 76' lang='lat' dir='ltr'><strong>rm.</strong></span> 
     </span>
    </p>
   </div>
   <div class='ocr_carea' id='block_1_56' title="bbox 2180 911 3581 968">
    <p class='ocr_par' dir='ltr' id='par_1_56' title="bbox 2180 911 3581 968">
     <span class='ocr_line' id='line_1_56' title="bbox 2180 911 3581 968; baseline 0 -3"><span class='ocrx_word' id='word_1_344' title='bbox 2180 912 2246 966; x_wconf 83' lang='grc' dir='ltr'><strong>Χ.</strong></span> <span class='ocrx_word' id='word_1_345' title='bbox 2351 912 2630 966; x_wconf 84' lang='lat' dir='ltr'><strong>Noacltns.</strong></span> <span class='ocrx_word' id='word_1_346' title='bbox 2734 950 2750 964; x_wconf 96' lang='lat'><strong>.</strong></span> <span class='ocrx_word' id='word_1_347' title='bbox 2836 951 2849 963; x_wconf 94' lang='lat'><strong>.</strong></span> <span class='ocrx_word' id='word_1_348' title='bbox 2935 911 3236 968; x_wconf 81' lang='lat' dir='ltr'><strong>Xisnthrus</strong></span> <span class='ocrx_word' id='word_1_349' title='bbox 3263 913 3581 968; x_wconf 85' lang='lat' dir='ltr'><strong>sarisxvttt.</strong></span> 
     </span>
    </p>
   </div>
   <div class='ocr_carea' id='block_1_57' title="bbox 2184 1000 3692 1073">
    <p class='ocr_par' dir='ltr' id='par_1_57' title="bbox 2184 1000 3692 1073">
     <span class='ocr_line' id='line_1_57' title="bbox 2184 1000 3692 1073; baseline 0.002 -18"><span class='ocrx_word' id='word_1_350' title='bbox 2184 1000 2502 1057; x_wconf 87' lang='lat' dir='ltr'><strong>Universam</strong></span> <span class='ocrx_word' id='word_1_351' title='bbox 2563 1002 2749 1056; x_wconf 86' lang='lat' dir='ltr'><strong>decem</strong></span> <span class='ocrx_word' id='word_1_352' title='bbox 2819 1001 3014 1056; x_wconf 92' lang='lat' dir='ltr'><strong>horum</strong></span> <span class='ocrx_word' id='word_1_353' title='bbox 3060 1019 3245 1073; x_wconf 87' lang='lat' dir='ltr'><strong>regum</strong></span> <span class='ocrx_word' id='word_1_354' title='bbox 3298 1011 3509 1058; x_wconf 69' lang='lat' dir='ltr'><strong>mtatem</strong></span> <span class='ocrx_word' id='word_1_355' title='bbox 3550 1003 3692 1058; x_wconf 81' lang='lat' dir='ltr'><strong>saris</strong></span> 
     </span>
    </p>
   </div>
   <div class='ocr_carea' id='block_1_58' title="bbox 2109 1093 3693 1165">
    <p class='ocr_par' dir='ltr' id='par_1_58' title="bbox 2109 1093 3693 1165">
     <span class='ocr_line' id='line_1_58' title="bbox 2109 1093 3693 1165; baseline 0 -19"><span class='ocrx_word' id='word_1_356' title='bbox 2109 1102 2328 1147; x_wconf 85' lang='lat' dir='ltr'><strong>centum</strong></span> <span class='ocrx_word' id='word_1_357' title='bbox 2360 1093 2546 1163; x_wconf 80' lang='lat' dir='ltr'><strong>viginti</strong></span> <span class='ocrx_word' id='word_1_358' title='bbox 2571 1093 2858 1159; x_wconf 88' lang='lat' dir='ltr'><strong>deliniunt,</strong></span> <span class='ocrx_word' id='word_1_359' title='bbox 2887 1108 3006 1162; x_wconf 72' lang='lat' dir='ltr'><strong>qua:</strong></span> <span class='ocrx_word' id='word_1_360' title='bbox 3028 1101 3154 1147; x_wconf 91' lang='lat' dir='ltr'><strong>sunt</strong></span> <span class='ocrx_word' id='word_1_361' title='bbox 3189 1109 3454 1147; x_wconf 90' lang='lat' dir='ltr'><strong>annorum</strong></span> <span class='ocrx_word' id='word_1_362' title='bbox 3489 1094 3693 1165; x_wconf 79' lang='lat' dir='ltr'><strong>myria-</strong></span> 
     </span>
    </p>
   </div>
   <div class='ocr_carea' id='block_1_59' title="bbox 2111 1183 3693 1255">
    <p class='ocr_par' dir='ltr' id='par_1_59' title="bbox 2111 1183 3693 1255">
     <span class='ocr_line' id='line_1_59' title="bbox 2111 1183 3693 1255; baseline 0.001 -17"><span class='ocrx_word' id='word_1_363' title='bbox 2111 1183 2208 1240; x_wconf 91' lang='lat' dir='ltr'><strong>des</strong></span> <span class='ocrx_word' id='word_1_364' title='bbox 2257 1193 2368 1240; x_wconf 89' lang='lat' dir='ltr'><strong>tres</strong></span> <span class='ocrx_word' id='word_1_365' title='bbox 2404 1202 2572 1254; x_wconf 84' lang='lat' dir='ltr'><strong>supra</strong></span> <span class='ocrx_word' id='word_1_366' title='bbox 2617 1184 2979 1254; x_wconf 80' lang='lat' dir='ltr'><strong>quadraginta</strong></span> <span class='ocrx_word' id='word_1_367' title='bbox 3015 1195 3390 1255; x_wconf 83' lang='lat' dir='ltr'><strong>praetereaque</strong></span> <span class='ocrx_word' id='word_1_368' title='bbox 3425 1185 3507 1242; x_wconf 90' lang='lat' dir='ltr'><strong>bis</strong></span> <span class='ocrx_word' id='word_1_369' title='bbox 3542 1185 3693 1240; x_wconf 87' lang='lat' dir='ltr'><strong>mille</strong></span> 
     </span>
    </p>
   </div>
   <div class='ocr_carea' id='block_1_60' title="bbox 2111 1277 3694 1347">
    <p class='ocr_par' dir='ltr' id='par_1_60' title="bbox 2111 1277 3694 1347">
     <span class='ocr_line' id='line_1_60' title="bbox 2111 1277 3694 1347; baseline 0.002 -17"><span class='ocrx_word' id='word_1_370' title='bbox 2111 1279 2261 1331; x_wconf 86' lang='lat' dir='ltr'><strong>anni.</strong></span> <span class='ocrx_word' id='word_1_371' title='bbox 2312 1277 2436 1332; x_wconf 72' lang='lat' dir='ltr'><strong>llaec</strong></span> <span class='ocrx_word' id='word_1_372' title='bbox 2489 1277 2917 1347; x_wconf 85' lang='lat' dir='ltr'><strong>bistoriographi</strong></span> <span class='ocrx_word' id='word_1_373' title='bbox 2957 1277 3358 1332; x_wconf 73' lang='lat' dir='ltr'><strong>Cbald&#39;eorum.</strong></span> <span class='ocrx_word' id='word_1_374' title='bbox 3410 1277 3520 1333; x_wconf 82' lang='lat' dir='ltr'><strong>Nos</strong></span> <span class='ocrx_word' id='word_1_375' title='bbox 3561 1292 3694 1333; x_wconf 88' lang='lat' dir='ltr'><strong>vero</strong></span> 
     </span>
    </p>
   </div>
   <div class='ocr_carea' id='block_1_61' title="bbox 2113 1365 3692 1438">
    <p class='ocr_par' dir='ltr' id='par_1_61' title="bbox 2113 1365 3692 1438">
     <span class='ocr_line' id='line_1_61' title="bbox 2113 1365 3692 1438; baseline 0.001 -18"><span class='ocrx_word' id='word_1_376' title='bbox 2113 1367 2334 1424; x_wconf 89' lang='lat' dir='ltr'><strong>incertis</strong></span> <span class='ocrx_word' id='word_1_377' title='bbox 2364 1368 2450 1422; x_wconf 89' lang='lat' dir='ltr'><strong>his</strong></span> <span class='ocrx_word' id='word_1_378' title='bbox 2482 1367 2884 1438; x_wconf 62' lang='lat' dir='ltr'><strong>praetermissis,</strong></span> <span class='ocrx_word' id='word_1_379' title='bbox 2910 1365 3289 1436; x_wconf 79' lang='lat' dir='ltr'><strong>aggrediamur</strong></span> <span class='ocrx_word' id='word_1_380' title='bbox 3312 1366 3380 1422; x_wconf 85' lang='lat' dir='ltr'><strong>ad</strong></span> <span class='ocrx_word' id='word_1_381' title='bbox 3401 1367 3692 1422; x_wconf 83' lang='lat' dir='ltr'><strong>dicendum</strong></span> 
     </span>
    </p>
   </div>
   <div class='ocr_carea' id='block_1_62' title="bbox 2112 1457 3196 1528">
    <p class='ocr_par' dir='ltr' id='par_1_62' title="bbox 2112 1457 3196 1528">
     <span class='ocr_line' id='line_1_62' title="bbox 2112 1457 3196 1528; baseline -0.003 -16"><span class='ocrx_word' id='word_1_382' title='bbox 2112 1473 2235 1527; x_wconf 73' lang='lat' dir='ltr'><strong>qua:</strong></span> <span class='ocrx_word' id='word_1_383' title='bbox 2266 1459 2438 1512; x_wconf 88' lang='lat' dir='ltr'><strong>divini</strong></span> <span class='ocrx_word' id='word_1_384' title='bbox 2471 1458 2597 1513; x_wconf 87' lang='lat' dir='ltr'><strong>libri</strong></span> <span class='ocrx_word' id='word_1_385' title='bbox 2629 1460 2732 1514; x_wconf 87' lang='lat' dir='ltr'><strong>hoc</strong></span> <span class='ocrx_word' id='word_1_386' title='bbox 2763 1467 2920 1528; x_wconf 91' lang='lat' dir='ltr'><strong>pacto</strong></span> <span class='ocrx_word' id='word_1_387' title='bbox 2951 1457 3196 1512; x_wconf 89' lang='lat' dir='ltr'><strong>tradunt.</strong></span> 
     </span>
    </p>
   </div>
   <div class='ocr_carea' id='block_1_63' title="bbox 2724 1594 3074 1650">
    <p class='ocr_par' dir='ltr' id='par_1_63' title="bbox 2724 1594 3074 1650">
     <span class='ocr_line' id='line_1_63' title="bbox 2724 1594 3074 1650; baseline 0 0"><span class='ocrx_word' id='word_1_388' title='bbox 2724 1594 2950 1650; x_wconf 79' lang='lat' dir='ltr'><strong>CAPUT</strong></span> <span class='ocrx_word' id='word_1_389' title='bbox 2984 1595 3074 1650; x_wconf 86' lang='lat' dir='ltr'><strong>IV.</strong></span> 
     </span>
    </p>
   </div>
   <div class='ocr_carea' id='block_1_64' title="bbox 2537 1705 3264 1778">
    <p class='ocr_par' dir='ltr' id='par_1_64' title="bbox 2537 1705 3264 1778">
     <span class='ocr_line' id='line_1_64' title="bbox 2537 1705 3264 1778; baseline 0.003 -17"><span class='ocrx_word' id='word_1_390' title='bbox 2537 1705 2784 1761; x_wconf 77' lang='lat' dir='ltr'><strong>Gentium</strong></span> <span class='ocrx_word' id='word_1_391' title='bbox 2818 1706 3100 1762; x_wconf 77' lang='lat' dir='ltr'><strong>divisiones</strong></span> <span class='ocrx_word' id='word_1_392' title='bbox 3126 1705 3264 1778; x_wconf 71' lang='lat'><strong>(9.7).</strong></span> 
     </span>
    </p>
   </div>
   <div class='ocr_carea' id='block_1_65' title="bbox 2189 1818 3696 1893">
    <p class='ocr_par' dir='ltr' id='par_1_65' title="bbox 2189 1818 3696 1893">
     <span class='ocr_line' id='line_1_65' title="bbox 2189 1818 3696 1893; baseline 0.001 -18"><span class='ocrx_word' id='word_1_393' title='bbox 2189 1821 2242 1875; x_wconf 79' lang='lat' dir='ltr'><strong>I.</strong></span> <span class='ocrx_word' id='word_1_394' title='bbox 2275 1819 2438 1877; x_wconf 91' lang='lat' dir='ltr'><strong>Semo</strong></span> <span class='ocrx_word' id='word_1_395' title='bbox 2465 1823 2728 1893; x_wconf 89' lang='lat' dir='ltr'><strong>progeniti</strong></span> <span class='ocrx_word' id='word_1_396' title='bbox 2751 1831 2878 1879; x_wconf 90' lang='lat' dir='ltr'><strong>sunt</strong></span> <span class='ocrx_word' id='word_1_397' title='bbox 2900 1823 3142 1893; x_wconf 88' lang='lat' dir='ltr'><strong>quinque</strong></span> <span class='ocrx_word' id='word_1_398' title='bbox 3172 1820 3328 1876; x_wconf 89' lang='lat' dir='ltr'><strong>liberi</strong></span> <span class='ocrx_word' id='word_1_399' title='bbox 3365 1839 3380 1875; x_wconf 85' lang='lat'>:</span> <span class='ocrx_word' id='word_1_400' title='bbox 3411 1818 3632 1876; x_wconf 84' lang='lat' dir='ltr'><strong>Elamus</strong></span> <span class='ocrx_word' id='word_1_401' title='bbox 3660 1835 3696 1876; x_wconf 85' lang='lat' dir='ltr'><strong>a</strong></span> 
     </span>
    </p>
   </div>
   <div class='ocr_carea' id='block_1_66' title="bbox 2041 1891 3696 1987">
    <p class='ocr_par' dir='ltr' id='par_1_66' title="bbox 2041 1891 3696 1987">
     <span class='ocr_line' id='line_1_66' title="bbox 2041 1891 3696 1987; baseline 0.001 -19"><span class='ocrx_word' id='word_1_402' title='bbox 2041 1891 2089 1952; x_wconf 77' lang='grc' dir='ltr'><strong>Β</strong></span> <span class='ocrx_word' id='word_1_403' title='bbox 2117 1929 2225 1984; x_wconf 88' lang='lat' dir='ltr'><strong>quo</strong></span> <span class='ocrx_word' id='word_1_404' title='bbox 2249 1891 2524 1981; x_wconf 65' lang='lat' dir='ltr'><strong>Elamitae;</strong></span> <span class='ocrx_word' id='word_1_405' title='bbox 2553 1891 2785 1982; x_wconf 49' lang='lat' dir='ltr'><strong>esurus,</strong></span> <span class='ocrx_word' id='word_1_406' title='bbox 2817 1931 2846 1969; x_wconf 91' lang='lat' dir='ltr'><strong>a</strong></span> <span class='ocrx_word' id='word_1_407' title='bbox 2863 1891 2971 1987; x_wconf 78' lang='lat' dir='ltr'><strong>quo</strong></span> <span class='ocrx_word' id='word_1_408' title='bbox 2990 1891 3199 1986; x_wconf 78' lang='lat' dir='ltr'><strong>Assyrii</strong></span> <span class='ocrx_word' id='word_1_409' title='bbox 3225 1931 3239 1980; x_wconf 89' lang='lat'><strong>;</strong></span> <span class='ocrx_word' id='word_1_410' title='bbox 3265 1913 3639 1984; x_wconf 81' lang='lat' dir='ltr'><strong>Arpbaxades,</strong></span> <span class='ocrx_word' id='word_1_411' title='bbox 3663 1929 3696 1969; x_wconf 85' lang='lat' dir='ltr'><strong>a</strong></span> 
     </span>
    </p>
   </div>
   <div class='ocr_carea' id='block_1_67' title="bbox 2115 2007 3700 2081">
    <p class='ocr_par' dir='ltr' id='par_1_67' title="bbox 2115 2007 3700 2081">
     <span class='ocr_line' id='line_1_67' title="bbox 2115 2007 3700 2081; baseline -0.001 -19"><span class='ocrx_word' id='word_1_412' title='bbox 2115 2025 2224 2078; x_wconf 90' lang='lat' dir='ltr'><strong>quo</strong></span> <span class='ocrx_word' id='word_1_413' title='bbox 2243 2007 2478 2063; x_wconf 71' lang='lat' dir='ltr'><strong>Chaldaei</strong></span> <span class='ocrx_word' id='word_1_414' title='bbox 2499 2027 2515 2077; x_wconf 88' lang='lat'><strong>;</strong></span> <span class='ocrx_word' id='word_1_415' title='bbox 2534 2008 2740 2073; x_wconf 89' lang='lat' dir='ltr'><strong>Ludus,</strong></span> <span class='ocrx_word' id='word_1_416' title='bbox 2767 2025 2796 2062; x_wconf 87' lang='lat' dir='ltr'><strong>a</strong></span> <span class='ocrx_word' id='word_1_417' title='bbox 2820 2025 2928 2079; x_wconf 89' lang='lat' dir='ltr'><strong>quo</strong></span> <span class='ocrx_word' id='word_1_418' title='bbox 2946 2008 3077 2080; x_wconf 81' lang='lat' dir='ltr'><strong>Lydi</strong></span> <span class='ocrx_word' id='word_1_419' title='bbox 3113 2009 3224 2081; x_wconf 71' lang='lat'><strong>(‘28)</strong></span> <span class='ocrx_word' id='word_1_420' title='bbox 3252 2027 3266 2074; x_wconf 90' lang='lat'><strong>;</strong></span> <span class='ocrx_word' id='word_1_421' title='bbox 3297 2007 3533 2078; x_wconf 86' lang='lat' dir='ltr'><strong>denique</strong></span> <span class='ocrx_word' id='word_1_422' title='bbox 3561 2009 3700 2061; x_wconf 87' lang='lat' dir='ltr'><strong>Ara-</strong></span> 
     </span>
    </p>
   </div>
   <div class='ocr_carea' id='block_1_68' title="bbox 2116 2099 3699 2173">
    <p class='ocr_par' dir='ltr' id='par_1_68' title="bbox 2116 2099 3699 2173">
     <span class='ocr_line' id='line_1_68' title="bbox 2116 2099 3699 2173; baseline -0.003 -17"><span class='ocrx_word' id='word_1_423' title='bbox 2116 2117 2260 2165; x_wconf 89' lang='lat' dir='ltr'><strong>mus,</strong></span> <span class='ocrx_word' id='word_1_424' title='bbox 2288 2118 2317 2154; x_wconf 92' lang='lat' dir='ltr'><strong>a</strong></span> <span class='ocrx_word' id='word_1_425' title='bbox 2351 2118 2460 2171; x_wconf 92' lang='lat' dir='ltr'><strong>quo</strong></span> <span class='ocrx_word' id='word_1_426' title='bbox 2495 2102 2726 2157; x_wconf 68' lang='lat' dir='ltr'><strong>Aramzei</strong></span> <span class='ocrx_word' id='word_1_427' title='bbox 2751 2103 2843 2173; x_wconf 90' lang='lat' dir='ltr'><strong>qui</strong></span> <span class='ocrx_word' id='word_1_428' title='bbox 2869 2103 3031 2156; x_wconf 90' lang='lat' dir='ltr'><strong>etiam</strong></span> <span class='ocrx_word' id='word_1_429' title='bbox 3060 2099 3182 2172; x_wconf 79' lang='lat' dir='ltr'><strong>Syri</strong></span> <span class='ocrx_word' id='word_1_430' title='bbox 3212 2101 3542 2154; x_wconf 83' lang='lat' dir='ltr'><strong>vocitantur.</strong></span> <span class='ocrx_word' id='word_1_431' title='bbox 3563 2100 3699 2152; x_wconf 78' lang='lat' dir='ltr'><strong>Ara—</strong></span> 
     </span>
    </p>
   </div>
   <div class='ocr_carea' id='block_1_69' title="bbox 2117 2187 3700 2264">
    <p class='ocr_par' dir='ltr' id='par_1_69' title="bbox 2117 2187 3700 2264">
     <span class='ocr_line' id='line_1_69' title="bbox 2117 2187 3700 2264; baseline -0.003 -16"><span class='ocrx_word' id='word_1_432' title='bbox 2117 2195 2191 2248; x_wconf 86' lang='lat' dir='ltr'><strong>mi</strong></span> <span class='ocrx_word' id='word_1_433' title='bbox 2223 2194 2377 2247; x_wconf 87' lang='lat' dir='ltr'><strong>liberi</strong></span> <span class='ocrx_word' id='word_1_434' title='bbox 2413 2201 2574 2248; x_wconf 90' lang='lat' dir='ltr'><strong>sunt:</strong></span> <span class='ocrx_word' id='word_1_435' title='bbox 2602 2192 2736 2256; x_wconf 77' lang='lat' dir='ltr'><strong>l-Ius,</strong></span> <span class='ocrx_word' id='word_1_436' title='bbox 2763 2209 2791 2247; x_wconf 91' lang='lat' dir='ltr'><strong>a</strong></span> <span class='ocrx_word' id='word_1_437' title='bbox 2825 2209 2933 2264; x_wconf 87' lang='lat' dir='ltr'><strong>quo</strong></span> <span class='ocrx_word' id='word_1_438' title='bbox 2957 2192 3084 2262; x_wconf 70' lang='lat' dir='ltr'><strong>Lagi</strong></span> <span class='ocrx_word' id='word_1_439' title='bbox 3107 2211 3121 2258; x_wconf 87' lang='lat'><strong>;</strong></span> <span class='ocrx_word' id='word_1_440' title='bbox 3147 2191 3306 2255; x_wconf 84' lang='lat' dir='ltr'><strong>Enul,</strong></span> <span class='ocrx_word' id='word_1_441' title='bbox 3336 2206 3366 2244; x_wconf 88' lang='lat' dir='ltr'><strong>a</strong></span> <span class='ocrx_word' id='word_1_442' title='bbox 3401 2205 3509 2260; x_wconf 91' lang='lat' dir='ltr'><strong>quo</strong></span> <span class='ocrx_word' id='word_1_443' title='bbox 3551 2187 3700 2244; x_wconf 87' lang='lat' dir='ltr'><strong>Enu-</strong></span> 
     </span>
    </p>
   </div>
   <div class='ocr_carea' id='block_1_70' title="bbox 2117 2280 3700 2356">
    <p class='ocr_par' dir='ltr' id='par_1_70' title="bbox 2117 2280 3700 2356">
     <span class='ocr_line' id='line_1_70' title="bbox 2117 2280 3700 2356; baseline -0.003 -16"><span class='ocrx_word' id='word_1_444' title='bbox 2117 2287 2174 2340; x_wconf 89' lang='lat' dir='ltr'><strong>lii</strong></span> <span class='ocrx_word' id='word_1_445' title='bbox 2201 2304 2214 2352; x_wconf 88' lang='lat'><strong>;</strong></span> <span class='ocrx_word' id='word_1_446' title='bbox 2248 2285 2448 2350; x_wconf 83' lang='lat' dir='ltr'><strong>Gader,</strong></span> <span class='ocrx_word' id='word_1_447' title='bbox 2488 2302 2516 2340; x_wconf 96' lang='lat' dir='ltr'><strong>a</strong></span> <span class='ocrx_word' id='word_1_448' title='bbox 2557 2301 2667 2356; x_wconf 90' lang='lat' dir='ltr'><strong>quo</strong></span> <span class='ocrx_word' id='word_1_449' title='bbox 2703 2285 3014 2356; x_wconf 82' lang='lat' dir='ltr'><strong>Casplieni;</strong></span> <span class='ocrx_word' id='word_1_450' title='bbox 3046 2284 3358 2347; x_wconf 83' lang='lat' dir='ltr'><strong>Mosoclms,</strong></span> <span class='ocrx_word' id='word_1_451' title='bbox 3386 2299 3414 2336; x_wconf 92' lang='lat' dir='ltr'><strong>a</strong></span> <span class='ocrx_word' id='word_1_452' title='bbox 3445 2299 3554 2352; x_wconf 92' lang='lat' dir='ltr'><strong>quo</strong></span> <span class='ocrx_word' id='word_1_453' title='bbox 3587 2280 3700 2336; x_wconf 79' lang='lat' dir='ltr'><strong>Mo—</strong></span> 
     </span>
    </p>
   </div>
   <div class='ocr_carea' id='block_1_71' title="bbox 2118 2375 3699 2448">
    <p class='ocr_par' dir='ltr' id='par_1_71' title="bbox 2118 2375 3699 2448">
     <span class='ocr_line' id='line_1_71' title="bbox 2118 2375 3699 2448; baseline -0.006 -12"><span class='ocrx_word' id='word_1_454' title='bbox 2118 2379 2255 2436; x_wconf 90' lang='lat' dir='ltr'><strong>seni.</strong></span> <span class='ocrx_word' id='word_1_455' title='bbox 2293 2378 2412 2433; x_wconf 85' lang='lat' dir='ltr'><strong>Filii</strong></span> <span class='ocrx_word' id='word_1_456' title='bbox 2437 2380 2780 2443; x_wconf 79' lang='lat' dir='ltr'><strong>Arpltaxadis</strong></span> <span class='ocrx_word' id='word_1_457' title='bbox 2813 2399 2826 2434; x_wconf 89' lang='lat'>:</span> <span class='ocrx_word' id='word_1_458' title='bbox 2854 2377 3000 2441; x_wconf 92' lang='lat' dir='ltr'><strong>Sala,</strong></span> <span class='ocrx_word' id='word_1_459' title='bbox 3037 2379 3196 2448; x_wconf 89' lang='lat' dir='ltr'><strong>cujus</strong></span> <span class='ocrx_word' id='word_1_460' title='bbox 3253 2378 3396 2432; x_wconf 85' lang='lat' dir='ltr'><strong>ﬁlius</strong></span> <span class='ocrx_word' id='word_1_461' title='bbox 3430 2375 3699 2442; x_wconf 64' lang='lat' dir='ltr'><strong>l—Ieberus,</strong></span> 
     </span>
    </p>
   </div>
   <div class='ocr_carea' id='block_1_72' title="bbox 2115 2468 3702 2542">
    <p class='ocr_par' dir='ltr' id='par_1_72' title="bbox 2115 2468 3702 2542">
     <span class='ocr_line' id='line_1_72' title="bbox 2115 2468 3702 2542; baseline -0.003 -19"><span class='ocrx_word' id='word_1_462' title='bbox 2115 2485 2147 2523; x_wconf 90' lang='lat' dir='ltr'><strong>a</strong></span> <span class='ocrx_word' id='word_1_463' title='bbox 2172 2485 2282 2540; x_wconf 88' lang='lat' dir='ltr'><strong>quo</strong></span> <span class='ocrx_word' id='word_1_464' title='bbox 2312 2469 2523 2525; x_wconf 78' lang='lat' dir='ltr'><strong>Hebraei</strong></span> <span class='ocrx_word' id='word_1_465' title='bbox 2563 2470 2698 2542; x_wconf 72' lang='lat'><strong>(29).</strong></span> <span class='ocrx_word' id='word_1_466' title='bbox 2735 2468 2858 2524; x_wconf 88' lang='lat' dir='ltr'><strong>Filii</strong></span> <span class='ocrx_word' id='word_1_467' title='bbox 2908 2469 3103 2524; x_wconf 89' lang='lat' dir='ltr'><strong>lleheri</strong></span> <span class='ocrx_word' id='word_1_468' title='bbox 3138 2488 3152 2524; x_wconf 93' lang='lat'>:</span> <span class='ocrx_word' id='word_1_469' title='bbox 3195 2468 3487 2529; x_wconf 74' lang='lat' dir='ltr'><strong>Phaleetts,</strong></span> <span class='ocrx_word' id='word_1_470' title='bbox 3521 2481 3550 2520; x_wconf 89' lang='lat' dir='ltr'><strong>a</strong></span> <span class='ocrx_word' id='word_1_471' title='bbox 3590 2480 3702 2536; x_wconf 93' lang='lat' dir='ltr'><strong>quo</strong></span> 
     </span>
    </p>
   </div>
   <div class='ocr_carea' id='block_1_73' title="bbox 2116 2559 3702 2632">
    <p class='ocr_par' dir='ltr' id='par_1_73' title="bbox 2116 2559 3702 2632">
     <span class='ocr_line' id='line_1_73' title="bbox 2116 2559 3702 2632; baseline -0.003 -15"><span class='ocrx_word' id='word_1_472' title='bbox 2116 2561 2285 2632; x_wconf 90' lang='lat' dir='ltr'><strong>stirps</strong></span> <span class='ocrx_word' id='word_1_473' title='bbox 2335 2562 2634 2616; x_wconf 83' lang='lat' dir='ltr'><strong>Abrahami</strong></span> <span class='ocrx_word' id='word_1_474' title='bbox 2707 2562 3089 2632; x_wconf 84' lang='lat' dir='ltr'><strong>componitur;</strong></span> <span class='ocrx_word' id='word_1_475' title='bbox 3151 2559 3448 2624; x_wconf 86' lang='lat' dir='ltr'><strong>Jectanus,</strong></span> <span class='ocrx_word' id='word_1_476' title='bbox 3502 2575 3532 2612; x_wconf 88' lang='lat' dir='ltr'><strong>a</strong></span> <span class='ocrx_word' id='word_1_477' title='bbox 3590 2573 3702 2628; x_wconf 91' lang='lat' dir='ltr'><strong>quo</strong></span> 
     </span>
    </p>
   </div>
   <div class='ocr_carea' id='block_1_74' title="bbox 2116 2651 3704 2724">
    <p class='ocr_par' dir='ltr' id='par_1_74' title="bbox 2116 2651 3704 2724">
     <span class='ocr_line' id='line_1_74' title="bbox 2116 2651 3704 2724; baseline -0.004 -15"><span class='ocrx_word' id='word_1_478' title='bbox 2116 2661 2374 2709; x_wconf 90' lang='lat' dir='ltr'><strong>creantur</strong></span> <span class='ocrx_word' id='word_1_479' title='bbox 2400 2655 2556 2710; x_wconf 87' lang='lat' dir='ltr'><strong>liberi</strong></span> <span class='ocrx_word' id='word_1_480' title='bbox 2587 2655 2892 2709; x_wconf 90' lang='lat' dir='ltr'><strong>tredecim:</strong></span> <span class='ocrx_word' id='word_1_481' title='bbox 2941 2669 3176 2724; x_wconf 89' lang='lat' dir='ltr'><strong>quorum</strong></span> <span class='ocrx_word' id='word_1_482' title='bbox 3235 2662 3369 2707; x_wconf 88' lang='lat' dir='ltr'><strong>natu</strong></span> <span class='ocrx_word' id='word_1_483' title='bbox 3429 2651 3704 2705; x_wconf 73' lang='lat' dir='ltr'><strong>maximus</strong></span> 
     </span>
    </p>
   </div>
   <div class='ocr_carea' id='block_1_75' title="bbox 2115 2740 3702 2816">
    <p class='ocr_par' dir='ltr' id='par_1_75' title="bbox 2115 2740 3702 2816">
     <span class='ocr_line' id='line_1_75' title="bbox 2115 2740 3702 2816; baseline -0.003 -18"><span class='ocrx_word' id='word_1_484' title='bbox 2115 2743 2471 2809; x_wconf 88' lang='lat' dir='ltr'><strong>Elmodadus,</strong></span> <span class='ocrx_word' id='word_1_485' title='bbox 2509 2761 2539 2800; x_wconf 93' lang='lat' dir='ltr'><strong>a</strong></span> <span class='ocrx_word' id='word_1_486' title='bbox 2578 2760 2686 2816; x_wconf 87' lang='lat' dir='ltr'><strong>quo</strong></span> <span class='ocrx_word' id='word_1_487' title='bbox 2721 2743 2837 2798; x_wconf 91' lang='lat' dir='ltr'><strong>Indi</strong></span> <span class='ocrx_word' id='word_1_488' title='bbox 2867 2763 2882 2811; x_wconf 90' lang='lat'><strong>;</strong></span> <span class='ocrx_word' id='word_1_489' title='bbox 2913 2752 3027 2798; x_wconf 89' lang='lat' dir='ltr'><strong>tum</strong></span> <span class='ocrx_word' id='word_1_490' title='bbox 3083 2743 3335 2806; x_wconf 88' lang='lat' dir='ltr'><strong>Salecus,</strong></span> <span class='ocrx_word' id='word_1_491' title='bbox 3370 2758 3400 2795; x_wconf 91' lang='lat' dir='ltr'><strong>a</strong></span> <span class='ocrx_word' id='word_1_492' title='bbox 3439 2757 3549 2812; x_wconf 94' lang='lat' dir='ltr'><strong>quo</strong></span> <span class='ocrx_word' id='word_1_493' title='bbox 3598 2740 3702 2795; x_wconf 84' lang='lat' dir='ltr'><strong>Ba-</strong></span> 
     </span>
    </p>
   </div>
   <div class='ocr_carea' id='block_1_76' title="bbox 2113 2834 3701 2906">
    <p class='ocr_par' dir='ltr' id='par_1_76' title="bbox 2113 2834 3701 2906">
     <span class='ocr_line' id='line_1_76' title="bbox 2113 2834 3701 2906; baseline -0.003 -16"><span class='ocrx_word' id='word_1_494' title='bbox 2113 2837 2310 2890; x_wconf 87' lang='lat' dir='ltr'><strong>ctriani</strong></span> <span class='ocrx_word' id='word_1_495' title='bbox 2337 2855 2350 2902; x_wconf 89' lang='lat'><strong>;</strong></span> <span class='ocrx_word' id='word_1_496' title='bbox 2377 2835 2758 2900; x_wconf 84' lang='lat' dir='ltr'><strong>Asartnothus,</strong></span> <span class='ocrx_word' id='word_1_497' title='bbox 2778 2853 2804 2888; x_wconf 93' lang='lat' dir='ltr'><strong>a</strong></span> <span class='ocrx_word' id='word_1_498' title='bbox 2824 2850 2931 2906; x_wconf 90' lang='lat' dir='ltr'><strong>quo</strong></span> <span class='ocrx_word' id='word_1_499' title='bbox 2961 2835 3204 2901; x_wconf 87' lang='lat' dir='ltr'><strong>Arabes;</strong></span> <span class='ocrx_word' id='word_1_500' title='bbox 3232 2834 3519 2896; x_wconf 82' lang='lat' dir='ltr'><strong>Jarechus,</strong></span> <span class='ocrx_word' id='word_1_501' title='bbox 3539 2848 3569 2887; x_wconf 86' lang='lat' dir='ltr'><strong>a</strong></span> <span class='ocrx_word' id='word_1_502' title='bbox 3590 2846 3701 2903; x_wconf 90' lang='lat' dir='ltr'><strong>quo</strong></span> 
     </span>
    </p>
   </div>
   <div class='ocr_carea' id='block_1_77' title="bbox 2114 2923 3699 2994">
    <p class='ocr_par' dir='ltr' id='par_1_77' title="bbox 2114 2923 3699 2994">
     <span class='ocr_line' id='line_1_77' title="bbox 2114 2923 3699 2994; baseline -0.003 -14"><span class='ocrx_word' id='word_1_503' title='bbox 2114 2923 2378 2980; x_wconf 79' lang='lat' dir='ltr'><strong>Jaraehzei</strong></span> <span class='ocrx_word' id='word_1_504' title='bbox 2403 2945 2416 2993; x_wconf 92' lang='lat'><strong>;</strong></span> <span class='ocrx_word' id='word_1_505' title='bbox 2438 2925 2799 2991; x_wconf 86' lang='lat' dir='ltr'><strong>Zodoramus,</strong></span> <span class='ocrx_word' id='word_1_506' title='bbox 2844 2941 2874 2978; x_wconf 94' lang='lat' dir='ltr'><strong>a</strong></span> <span class='ocrx_word' id='word_1_507' title='bbox 2915 2940 3024 2994; x_wconf 91' lang='lat' dir='ltr'><strong>quo</strong></span> <span class='ocrx_word' id='word_1_508' title='bbox 3053 2925 3287 2979; x_wconf 85' lang='lat' dir='ltr'><strong>Carmeli</strong></span> <span class='ocrx_word' id='word_1_509' title='bbox 3315 2941 3330 2990; x_wconf 91' lang='lat'><strong>;</strong></span> <span class='ocrx_word' id='word_1_510' title='bbox 3363 2923 3510 2985; x_wconf 81' lang='lat' dir='ltr'><strong>Ezel,</strong></span> <span class='ocrx_word' id='word_1_511' title='bbox 3533 2937 3562 2975; x_wconf 92' lang='lat' dir='ltr'><strong>a</strong></span> <span class='ocrx_word' id='word_1_512' title='bbox 3589 2937 3699 2991; x_wconf 92' lang='lat' dir='ltr'><strong>quo</strong></span> 
     </span>
    </p>
   </div>
   <div class='ocr_carea' id='block_1_78' title="bbox 2114 3012 3704 3086">
    <p class='ocr_par' dir='ltr' id='par_1_78' title="bbox 2114 3012 3704 3086">
     <span class='ocr_line' id='line_1_78' title="bbox 2114 3012 3704 3086; baseline -0.003 -15"><span class='ocrx_word' id='word_1_513' title='bbox 2114 3017 2345 3084; x_wconf 80' lang='lat' dir='ltr'><strong>Ariani;</strong></span> <span class='ocrx_word' id='word_1_514' title='bbox 2383 3017 2566 3082; x_wconf 87' lang='lat' dir='ltr'><strong>Decla,</strong></span> <span class='ocrx_word' id='word_1_515' title='bbox 2598 3031 2629 3070; x_wconf 91' lang='lat' dir='ltr'><strong>a</strong></span> <span class='ocrx_word' id='word_1_516' title='bbox 2655 3030 2767 3086; x_wconf 90' lang='lat' dir='ltr'><strong>quo</strong></span> <span class='ocrx_word' id='word_1_517' title='bbox 2795 3014 3084 3082; x_wconf 86' lang='lat' dir='ltr'><strong>Gedrnsii;</strong></span> <span class='ocrx_word' id='word_1_518' title='bbox 3120 3013 3308 3075; x_wconf 86' lang='lat' dir='ltr'><strong>Gebal,</strong></span> <span class='ocrx_word' id='word_1_519' title='bbox 3336 3028 3367 3066; x_wconf 90' lang='lat' dir='ltr'><strong>a</strong></span> <span class='ocrx_word' id='word_1_520' title='bbox 3409 3029 3522 3083; x_wconf 90' lang='lat' dir='ltr'><strong>quo</strong></span> <span class='ocrx_word' id='word_1_521' title='bbox 3569 3012 3704 3083; x_wconf 78' lang='lat' dir='ltr'><strong>Scy-</strong></span> 
     </span>
    </p>
   </div>
   <div class='ocr_carea' id='block_1_79' title="bbox 2112 3103 3704 3179">
    <p class='ocr_par' dir='ltr' id='par_1_79' title="bbox 2112 3103 3704 3179">
     <span class='ocr_line' id='line_1_79' title="bbox 2112 3103 3704 3179; baseline -0.003 -17"><span class='ocrx_word' id='word_1_522' title='bbox 2112 3110 2251 3174; x_wconf 64' lang='lat' dir='ltr'><strong>tha};</strong></span> <span class='ocrx_word' id='word_1_523' title='bbox 2287 3109 2556 3174; x_wconf 84' lang='lat' dir='ltr'><strong>Abimeel,</strong></span> <span class='ocrx_word' id='word_1_524' title='bbox 2588 3124 2617 3162; x_wconf 93' lang='lat' dir='ltr'><strong>a</strong></span> <span class='ocrx_word' id='word_1_525' title='bbox 2646 3123 2755 3179; x_wconf 89' lang='lat' dir='ltr'><strong>quo</strong></span> <span class='ocrx_word' id='word_1_526' title='bbox 2786 3107 3060 3178; x_wconf 79' lang='lat' dir='ltr'><strong>Hyrcani;</strong></span> <span class='ocrx_word' id='word_1_527' title='bbox 3095 3105 3258 3169; x_wconf 89' lang='lat' dir='ltr'><strong>Saba,</strong></span> <span class='ocrx_word' id='word_1_528' title='bbox 3287 3120 3317 3157; x_wconf 93' lang='lat' dir='ltr'><strong>a</strong></span> <span class='ocrx_word' id='word_1_529' title='bbox 3357 3118 3466 3174; x_wconf 90' lang='lat' dir='ltr'><strong>quo</strong></span> <span class='ocrx_word' id='word_1_530' title='bbox 3495 3103 3704 3157; x_wconf 84' lang='lat' dir='ltr'><strong>Arabes</strong></span> 
     </span>
    </p>
   </div>
   <div class='ocr_carea' id='block_1_80' title="bbox 2042 3196 3706 3293">
    <p class='ocr_par' dir='ltr' id='par_1_80' title="bbox 2042 3196 3706 3293">
     <span class='ocr_line' id='line_1_80' title="bbox 2042 3196 3706 3293; baseline -0.005 -39"><span class='ocrx_word' id='word_1_531' title='bbox 2042 3237 2085 3293; x_wconf 65' lang='grc' dir='ltr'><strong>ρ</strong></span> <span class='ocrx_word' id='word_1_532' title='bbox 2118 3201 2280 3270; x_wconf 88' lang='lat' dir='ltr'><strong>primi</strong></span> <span class='ocrx_word' id='word_1_533' title='bbox 2332 3202 2482 3272; x_wconf 81' lang='lat'><strong>(50);</strong></span> <span class='ocrx_word' id='word_1_534' title='bbox 2529 3199 2724 3270; x_wconf 83' lang='lat' dir='ltr'><strong>Upltir,</strong></span> <span class='ocrx_word' id='word_1_535' title='bbox 2755 3215 2782 3252; x_wconf 90' lang='lat' dir='ltr'><strong>a</strong></span> <span class='ocrx_word' id='word_1_536' title='bbox 2831 3215 2940 3269; x_wconf 91' lang='lat' dir='ltr'><strong>quo</strong></span> <span class='ocrx_word' id='word_1_537' title='bbox 2983 3197 3225 3262; x_wconf 83' lang='lat' dir='ltr'><strong>Aramii;</strong></span> <span class='ocrx_word' id='word_1_538' title='bbox 3260 3196 3480 3293; x_wconf 50' lang='lat' dir='ltr'><strong>levila,</strong></span> <span class='ocrx_word' id='word_1_539' title='bbox 3513 3209 3543 3248; x_wconf 93' lang='lat' dir='ltr'><strong>a</strong></span> <span class='ocrx_word' id='word_1_540' title='bbox 3594 3207 3706 3262; x_wconf 87' lang='lat' dir='ltr'><strong>quo</strong></span> 
     </span>
    </p>
   </div>
   <div class='ocr_carea' id='block_1_81' title="bbox 2121 3285 3706 3364">
    <p class='ocr_par' dir='ltr' id='par_1_81' title="bbox 2121 3285 3706 3364">
     <span class='ocr_line' id='line_1_81' title="bbox 2121 3285 3706 3364; baseline -0.004 -19"><span class='ocrx_word' id='word_1_541' title='bbox 2121 3291 2632 3364; x_wconf 75' lang='lat' dir='ltr'><strong>GytnnOSOpbistte;</strong></span> <span class='ocrx_word' id='word_1_542' title='bbox 2667 3291 2896 3354; x_wconf 87' lang='lat' dir='ltr'><strong>Joabus,</strong></span> <span class='ocrx_word' id='word_1_543' title='bbox 2948 3305 2978 3343; x_wconf 93' lang='lat' dir='ltr'><strong>a</strong></span> <span class='ocrx_word' id='word_1_544' title='bbox 3029 3306 3137 3360; x_wconf 81' lang='lat' dir='ltr'><strong>quo</strong></span> <span class='ocrx_word' id='word_1_545' title='bbox 3174 3288 3382 3341; x_wconf 75' lang='lat' dir='ltr'><strong>Aradii.</strong></span> <span class='ocrx_word' id='word_1_546' title='bbox 3418 3285 3480 3340; x_wconf 90' lang='lat' dir='ltr'><strong>Hi</strong></span> <span class='ocrx_word' id='word_1_547' title='bbox 3515 3300 3706 3339; x_wconf 87' lang='lat' dir='ltr'><strong>omnes</strong></span> 
     </span>
    </p>
   </div>
   <div class='ocr_carea' id='block_1_82' title="bbox 2117 3380 3702 3455">
    <p class='ocr_par' dir='ltr' id='par_1_82' title="bbox 2117 3380 3702 3455">
     <span class='ocr_line' id='line_1_82' title="bbox 2117 3380 3702 3455; baseline -0.004 -16"><span class='ocrx_word' id='word_1_548' title='bbox 2117 3383 2346 3440; x_wconf 85' lang='lat' dir='ltr'><strong>Jectano</strong></span> <span class='ocrx_word' id='word_1_549' title='bbox 2377 3385 2542 3455; x_wconf 83' lang='lat' dir='ltr'><strong>geniti</strong></span> <span class='ocrx_word' id='word_1_550' title='bbox 2578 3393 2703 3440; x_wconf 90' lang='lat' dir='ltr'><strong>sunt</strong></span> <span class='ocrx_word' id='word_1_551' title='bbox 2731 3385 2896 3438; x_wconf 83' lang='lat' dir='ltr'><strong>fratre</strong></span> <span class='ocrx_word' id='word_1_552' title='bbox 2920 3381 3140 3437; x_wconf 80' lang='lat' dir='ltr'><strong>Pltaleci</strong></span> <span class='ocrx_word' id='word_1_553' title='bbox 3175 3400 3186 3435; x_wconf 89' lang='lat'>:</span> <span class='ocrx_word' id='word_1_554' title='bbox 3220 3393 3524 3448; x_wconf 89' lang='lat' dir='ltr'><strong>eorumque</strong></span> <span class='ocrx_word' id='word_1_555' title='bbox 3549 3380 3702 3432; x_wconf 81' lang='lat' dir='ltr'><strong>inco-</strong></span> 
     </span>
    </p>
   </div>
   <div class='ocr_carea' id='block_1_83' title="bbox 2119 3470 3706 3545">
    <p class='ocr_par' dir='ltr' id='par_1_83' title="bbox 2119 3470 3706 3545">
     <span class='ocr_line' id='line_1_83' title="bbox 2119 3470 3706 3545; baseline -0.004 -15"><span class='ocrx_word' id='word_1_556' title='bbox 2119 3477 2262 3530; x_wconf 89' lang='lat' dir='ltr'><strong>latus</strong></span> <span class='ocrx_word' id='word_1_557' title='bbox 2276 3491 2305 3529; x_wconf 89' lang='lat' dir='ltr'><strong>a</strong></span> <span class='ocrx_word' id='word_1_558' title='bbox 2322 3475 2505 3530; x_wconf 74' lang='lat' dir='ltr'><strong>Masiis</strong></span> <span class='ocrx_word' id='word_1_559' title='bbox 2524 3475 2637 3545; x_wconf 83' lang='grc'>(51)</span> <span class='ocrx_word' id='word_1_560' title='bbox 2664 3491 2834 3545; x_wconf 89' lang='lat' dir='ltr'><strong>usque</strong></span> <span class='ocrx_word' id='word_1_561' title='bbox 2853 3476 2980 3530; x_wconf 91' lang='lat' dir='ltr'><strong>dum</strong></span> <span class='ocrx_word' id='word_1_562' title='bbox 3001 3475 3188 3529; x_wconf 86' lang='lat' dir='ltr'><strong>venias</strong></span> <span class='ocrx_word' id='word_1_563' title='bbox 3206 3473 3271 3525; x_wconf 90' lang='lat' dir='ltr'><strong>ad</strong></span> <span class='ocrx_word' id='word_1_564' title='bbox 3301 3472 3564 3542; x_wconf 84' lang='lat' dir='ltr'><strong>Splteram</strong></span> <span class='ocrx_word' id='word_1_565' title='bbox 3590 3470 3706 3542; x_wconf 70' lang='grc'>(52)</span> 
     </span>
    </p>
   </div>
   <div class='ocr_carea' id='block_1_84' title="bbox 2119 3562 3708 3638">
    <p class='ocr_par' dir='ltr' id='par_1_84' title="bbox 2119 3562 3708 3638">
     <span class='ocr_line' id='line_1_84' title="bbox 2119 3562 3708 3638; baseline -0.004 -16"><span class='ocrx_word' id='word_1_566' title='bbox 2119 3576 2361 3622; x_wconf 83' lang='lat' dir='ltr'><strong>mentem</strong></span> <span class='ocrx_word' id='word_1_567' title='bbox 2390 3569 2708 3624; x_wconf 88' lang='lat' dir='ltr'><strong>orientalem</strong></span> <span class='ocrx_word' id='word_1_568' title='bbox 2733 3608 2746 3628; x_wconf 90' lang='lat'><strong>,</strong></span> <span class='ocrx_word' id='word_1_569' title='bbox 2781 3568 3036 3638; x_wconf 86' lang='lat' dir='ltr'><strong>pertinet.</strong></span> <span class='ocrx_word' id='word_1_570' title='bbox 3073 3564 3138 3618; x_wconf 85' lang='lat' dir='ltr'><strong>Et</strong></span> <span class='ocrx_word' id='word_1_571' title='bbox 3167 3565 3385 3634; x_wconf 87' lang='lat' dir='ltr'><strong>quidem</strong></span> <span class='ocrx_word' id='word_1_572' title='bbox 3413 3563 3540 3616; x_wconf 89' lang='lat' dir='ltr'><strong>alibi</strong></span> <span class='ocrx_word' id='word_1_573' title='bbox 3564 3562 3708 3616; x_wconf 86' lang='lat' dir='ltr'><strong>dici-</strong></span> 
     </span>
    </p>
   </div>
   <div class='ocr_carea' id='block_1_85' title="bbox 2120 3657 3707 3731">
    <p class='ocr_par' dir='ltr' id='par_1_85' title="bbox 2120 3657 3707 3731">
     <span class='ocr_line' id='line_1_85' title="bbox 2120 3657 3707 3731; baseline -0.003 -19"><span class='ocrx_word' id='word_1_574' title='bbox 2120 3667 2210 3713; x_wconf 94' lang='lat' dir='ltr'><strong>tur</strong></span> <span class='ocrx_word' id='word_1_575' title='bbox 2239 3660 2351 3731; x_wconf 86' lang='grc'>(55)</span> <span class='ocrx_word' id='word_1_576' title='bbox 2399 3660 2654 3715; x_wconf 89' lang='lat' dir='ltr'><strong>universa</strong></span> <span class='ocrx_word' id='word_1_577' title='bbox 2703 3657 2849 3713; x_wconf 87' lang='lat' dir='ltr'><strong>Semi</strong></span> <span class='ocrx_word' id='word_1_578' title='bbox 2887 3658 3105 3714; x_wconf 87' lang='lat' dir='ltr'><strong>soboles</strong></span> <span class='ocrx_word' id='word_1_579' title='bbox 3153 3665 3388 3711; x_wconf 88' lang='lat' dir='ltr'><strong>tractum</strong></span> <span class='ocrx_word' id='word_1_580' title='bbox 3425 3671 3642 3710; x_wconf 82' lang='lat' dir='ltr'><strong>onmem</strong></span> <span class='ocrx_word' id='word_1_581' title='bbox 3673 3668 3707 3708; x_wconf 84' lang='lat' dir='ltr'><strong>a</strong></span> 
     </span>
    </p>
   </div>
   <div class='ocr_carea' id='block_1_86' title="bbox 2119 3748 3703 3819">
    <p class='ocr_par' dir='ltr' id='par_1_86' title="bbox 2119 3748 3703 3819">
     <span class='ocr_line' id='line_1_86' title="bbox 2119 3748 3703 3819; baseline -0.003 -13"><span class='ocrx_word' id='word_1_582' title='bbox 2119 3750 2425 3807; x_wconf 68' lang='lat' dir='ltr'><strong>Bactrianae</strong></span> <span class='ocrx_word' id='word_1_583' title='bbox 2457 3751 2659 3808; x_wconf 83' lang='lat' dir='ltr'><strong>ﬁnibus</strong></span> <span class='ocrx_word' id='word_1_584' title='bbox 2689 3751 2929 3806; x_wconf 87' lang='lat' dir='ltr'><strong>incolere</strong></span> <span class='ocrx_word' id='word_1_585' title='bbox 2964 3750 3337 3805; x_wconf 78' lang='lat' dir='ltr'><strong>Rhinocuram</strong></span> <span class='ocrx_word' id='word_1_586' title='bbox 3366 3748 3477 3819; x_wconf 70' lang='grc'>(54)</span> <span class='ocrx_word' id='word_1_587' title='bbox 3506 3761 3703 3817; x_wconf 88' lang='lat' dir='ltr'><strong>usque,</strong></span> 
     </span>
    </p>
   </div>
   <div class='ocr_carea' id='block_1_87' title="bbox 2119 3839 3704 3916">
    <p class='ocr_par' dir='ltr' id='par_1_87' title="bbox 2119 3839 3704 3916">
     <span class='ocr_line' id='line_1_87' title="bbox 2119 3839 3704 3916; baseline -0.004 -19"><span class='ocrx_word' id='word_1_588' title='bbox 2119 3858 2231 3914; x_wconf 89' lang='lat' dir='ltr'><strong>quo</strong></span> <span class='ocrx_word' id='word_1_589' title='bbox 2263 3844 2384 3899; x_wconf 89' lang='lat' dir='ltr'><strong>loco</strong></span> <span class='ocrx_word' id='word_1_590' title='bbox 2440 3841 2598 3916; x_wconf 82' lang='lat' dir='ltr'><strong>Syria</strong></span> <span class='ocrx_word' id='word_1_591' title='bbox 2643 3844 2714 3898; x_wconf 87' lang='lat' dir='ltr'><strong>ab</strong></span> <span class='ocrx_word' id='word_1_592' title='bbox 2751 3842 2991 3914; x_wconf 70' lang='lat' dir='ltr'><strong>Aigypto</strong></span> <span class='ocrx_word' id='word_1_593' title='bbox 3021 3843 3350 3904; x_wconf 89' lang='lat' dir='ltr'><strong>secernitur,</strong></span> <span class='ocrx_word' id='word_1_594' title='bbox 3388 3839 3626 3909; x_wconf 89' lang='lat' dir='ltr'><strong>itemque</strong></span> <span class='ocrx_word' id='word_1_595' title='bbox 3671 3851 3704 3891; x_wconf 86' lang='lat' dir='ltr'><strong>a</strong></span> 
     </span>
    </p>
   </div>
   <div class='ocr_carea' id='block_1_88' title="bbox 2119 3931 3703 4006">
    <p class='ocr_par' dir='ltr' id='par_1_88' title="bbox 2119 3931 3703 4006">
     <span class='ocr_line' id='line_1_88' title="bbox 2119 3931 3703 4006; baseline -0.004 -17"><span class='ocrx_word' id='word_1_596' title='bbox 2119 3934 2312 3991; x_wconf 83' lang='lat' dir='ltr'><strong>Rubro</strong></span> <span class='ocrx_word' id='word_1_597' title='bbox 2343 3937 2514 4004; x_wconf 86' lang='lat' dir='ltr'><strong>mari;</strong></span> <span class='ocrx_word' id='word_1_598' title='bbox 2539 3937 2683 3991; x_wconf 78' lang='lat' dir='ltr'><strong>etab</strong></span> <span class='ocrx_word' id='word_1_599' title='bbox 2705 3950 2803 3991; x_wconf 87' lang='lat' dir='ltr'><strong>ora</strong></span> <span class='ocrx_word' id='word_1_600' title='bbox 2835 3935 3008 3989; x_wconf 89' lang='lat' dir='ltr'><strong>maris</strong></span> <span class='ocrx_word' id='word_1_601' title='bbox 3031 3934 3177 4006; x_wconf 90' lang='lat' dir='ltr'><strong>quod</strong></span> <span class='ocrx_word' id='word_1_602' title='bbox 3199 3943 3284 3989; x_wconf 90' lang='lat' dir='ltr'><strong>est</strong></span> <span class='ocrx_word' id='word_1_603' title='bbox 3313 3931 3381 3985; x_wconf 93' lang='lat' dir='ltr'><strong>ad</strong></span> <span class='ocrx_word' id='word_1_604' title='bbox 3411 3931 3703 3986; x_wconf 82' lang='lat' dir='ltr'><strong>Arsinoem</strong></span> 
     </span>
    </p>
   </div>
   <div class='ocr_carea' id='block_1_89' title="bbox 2120 4033 2388 4091">
    <p class='ocr_par' dir='ltr' id='par_1_89' title="bbox 2120 4033 2388 4091">
     <span class='ocr_line' id='line_1_89' title="bbox 2120 4033 2388 4091; baseline 0.007 -3"><span class='ocrx_word' id='word_1_605' title='bbox 2120 4033 2388 4091; x_wconf 81' lang='lat' dir='ltr'><strong>Indicam.</strong></span> 
     </span>
    </p>
   </div>
   <div class='ocr_carea' id='block_1_90' title="bbox 2204 4113 3706 4193">
    <p class='ocr_par' dir='ltr' id='par_1_90' title="bbox 2204 4113 3706 4193">
     <span class='ocr_line' id='line_1_90' title="bbox 2204 4113 3706 4193; baseline -0.011 -10"><span class='ocrx_word' id='word_1_606' title='bbox 2204 4128 2262 4184; x_wconf 69' lang='lat'><strong>2.</strong></span> <span class='ocrx_word' id='word_1_607' title='bbox 2293 4123 2487 4184; x_wconf 87' lang='lat' dir='ltr'><strong>Chami</strong></span> <span class='ocrx_word' id='word_1_608' title='bbox 2515 4122 2670 4179; x_wconf 89' lang='lat' dir='ltr'><strong>liberi</strong></span> <span class='ocrx_word' id='word_1_609' title='bbox 2699 4122 2942 4193; x_wconf 90' lang='lat' dir='ltr'><strong>quinque</strong></span> <span class='ocrx_word' id='word_1_610' title='bbox 2968 4139 2981 4175; x_wconf 92' lang='lat'><strong>:</strong></span> <span class='ocrx_word' id='word_1_611' title='bbox 3009 4134 3242 4191; x_wconf 90' lang='lat' dir='ltr'><strong>quorum</strong></span> <span class='ocrx_word' id='word_1_612' title='bbox 3269 4125 3400 4172; x_wconf 91' lang='lat' dir='ltr'><strong>natu</strong></span> <span class='ocrx_word' id='word_1_613' title='bbox 3432 4113 3706 4169; x_wconf 83' lang='lat' dir='ltr'><strong>maximus</strong></span> 
     </span>
    </p>
   </div>
   <div class='ocr_carea' id='block_1_91' title="bbox 2119 4209 3705 4286">
    <p class='ocr_par' dir='ltr' id='par_1_91' title="bbox 2119 4209 3705 4286">
     <span class='ocr_line' id='line_1_91' title="bbox 2119 4209 3705 4286; baseline -0.013 -10"><span class='ocrx_word' id='word_1_614' title='bbox 2119 4220 2364 4283; x_wconf 87' lang='lat' dir='ltr'><strong>Cbusus,</strong></span> <span class='ocrx_word' id='word_1_615' title='bbox 2395 4233 2425 4272; x_wconf 93' lang='lat' dir='ltr'><strong>a</strong></span> <span class='ocrx_word' id='word_1_616' title='bbox 2475 4230 2588 4286; x_wconf 91' lang='lat' dir='ltr'><strong>quo</strong></span> <span class='ocrx_word' id='word_1_617' title='bbox 2638 4213 2829 4269; x_wconf 87' lang='lat' dir='ltr'><strong>Cbusii</strong></span> <span class='ocrx_word' id='word_1_618' title='bbox 2871 4231 2885 4268; x_wconf 88' lang='lat'><strong>:</strong></span> <span class='ocrx_word' id='word_1_619' title='bbox 2943 4220 3060 4266; x_wconf 92' lang='lat' dir='ltr'><strong>tum</strong></span> <span class='ocrx_word' id='word_1_620' title='bbox 3110 4209 3479 4270; x_wconf 77' lang='lat' dir='ltr'><strong>Mestraimus,</strong></span> <span class='ocrx_word' id='word_1_621' title='bbox 3525 4221 3556 4258; x_wconf 89' lang='lat' dir='ltr'><strong>a</strong></span> <span class='ocrx_word' id='word_1_622' title='bbox 3593 4218 3705 4274; x_wconf 94' lang='lat' dir='ltr'><strong>quo</strong></span> 
     </span>
    </p>
   </div>
   <div class='ocr_carea' id='block_1_92' title="bbox 2119 4299 3706 4384">
    <p class='ocr_par' dir='ltr' id='par_1_92' title="bbox 2119 4299 3706 4384">
     <span class='ocr_line' id='line_1_92' title="bbox 2119 4299 3706 4384; baseline -0.013 -15"><span class='ocrx_word' id='word_1_623' title='bbox 2119 4311 2392 4384; x_wconf 63' lang='lat' dir='ltr'><strong>Egyptii;</strong></span> <span class='ocrx_word' id='word_1_624' title='bbox 2438 4309 2688 4372; x_wconf 77' lang='lat' dir='ltr'><strong>Pitudns,</strong></span> <span class='ocrx_word' id='word_1_625' title='bbox 2729 4321 2762 4360; x_wconf 89' lang='lat' dir='ltr'><strong>a</strong></span> <span class='ocrx_word' id='word_1_626' title='bbox 2805 4321 2916 4376; x_wconf 88' lang='lat' dir='ltr'><strong>quo</strong></span> <span class='ocrx_word' id='word_1_627' title='bbox 2943 4303 3320 4374; x_wconf 75' lang='lat' dir='ltr'><strong>Troglodytas;</strong></span> <span class='ocrx_word' id='word_1_628' title='bbox 3359 4299 3706 4360; x_wconf 84' lang='lat' dir='ltr'><strong>Cbanaanes,</strong></span> 
     </span>
    </p>
   </div>
   <div class='ocr_carea' id='block_1_93' title="bbox 2121 4386 3704 4476">
    <p class='ocr_par' dir='ltr' id='par_1_93' title="bbox 2121 4386 3704 4476">
     <span class='ocr_line' id='line_1_93' title="bbox 2121 4386 3704 4476; baseline -0.012 -17"><span class='ocrx_word' id='word_1_629' title='bbox 2121 4418 2152 4459; x_wconf 84' lang='lat' dir='ltr'><strong>a</strong></span> <span class='ocrx_word' id='word_1_630' title='bbox 2183 4419 2296 4476; x_wconf 89' lang='lat' dir='ltr'><strong>quo</strong></span> <span class='ocrx_word' id='word_1_631' title='bbox 2313 4402 2430 4457; x_wconf 78' lang='lat' dir='ltr'><strong>Afri</strong></span> <span class='ocrx_word' id='word_1_632' title='bbox 2453 4410 2618 4473; x_wconf 86' lang='lat' dir='ltr'><strong>atque</strong></span> <span class='ocrx_word' id='word_1_633' title='bbox 2643 4399 2957 4456; x_wconf 75' lang='lat' dir='ltr'><strong>Pbmniees.</strong></span> <span class='ocrx_word' id='word_1_634' title='bbox 2984 4395 3154 4451; x_wconf 90' lang='lat' dir='ltr'><strong>Chusi</strong></span> <span class='ocrx_word' id='word_1_635' title='bbox 3181 4391 3339 4448; x_wconf 91' lang='lat' dir='ltr'><strong>liberi</strong></span> <span class='ocrx_word' id='word_1_636' title='bbox 3355 4398 3514 4446; x_wconf 93' lang='lat' dir='ltr'><strong>sunt:</strong></span> <span class='ocrx_word' id='word_1_637' title='bbox 3537 4386 3704 4451; x_wconf 85' lang='lat' dir='ltr'><strong>Saba,</strong></span> 
     </span>
    </p>
   </div>
   <div class='ocr_carea' id='block_1_94' title="bbox 2119 4481 3696 4565">
    <p class='ocr_par' dir='ltr' id='par_1_94' title="bbox 2119 4481 3696 4565">
     <span class='ocr_line' id='line_1_94' title="bbox 2119 4481 3696 4565; baseline -0.011 -13"><span class='ocrx_word' id='word_1_638' title='bbox 2119 4497 2218 4562; x_wconf 91' lang='lat' dir='ltr'><strong>Ila,</strong></span> <span class='ocrx_word' id='word_1_639' title='bbox 2275 4495 2499 4560; x_wconf 89' lang='lat' dir='ltr'><strong>Sabaat,</strong></span> <span class='ocrx_word' id='word_1_640' title='bbox 2546 4493 2776 4565; x_wconf 79' lang='lat' dir='ltr'><strong>llegma,</strong></span> <span class='ocrx_word' id='word_1_641' title='bbox 2822 4489 3153 4546; x_wconf 90' lang='lat' dir='ltr'><strong>Sabacatha.</strong></span> <span class='ocrx_word' id='word_1_642' title='bbox 3201 4485 3419 4540; x_wconf 82' lang='lat' dir='ltr'><strong>Rursus</strong></span> <span class='ocrx_word' id='word_1_643' title='bbox 3471 4481 3696 4551; x_wconf 68' lang='lat' dir='ltr'><strong>Reginae</strong></span> 
     </span>
    </p>
   </div>
   <div class='ocr_carea' id='block_1_95' title="bbox 433 4561 3704 4653">
    <p class='ocr_par' dir='ltr' id='par_1_95' title="bbox 433 4561 3704 4653">
     <span class='ocr_line' id='line_1_95' title="bbox 433 4561 3704 4653; baseline -0.002 -22"><span class='ocrx_word' id='word_1_644' title='bbox 433 4561 706 4632; x_wconf 70' lang='grc' dir='ltr'><strong>οιιὶιιειιιιθ</strong></span> <span class='ocrx_word' id='word_1_645' title='bbox 745 4564 1032 4634; x_wconf 62' lang='lat' dir='ltr'><strong>proferunt</strong></span> <span class='ocrx_word' id='word_1_646' title='bbox 1074 4587 1090 4622; x_wconf 72' lang='grc'><strong>³</strong></span> <span class='ocrx_word' id='word_1_647' title='bbox 1130 4587 1325 4641; x_wconf 67' lang='lat' dir='ltr'><strong>nempe</strong></span> <span class='ocrx_word' id='word_1_648' title='bbox 1353 4573 1436 4630; x_wconf 74' lang='lat' dir='ltr'><strong>sic</strong></span> <span class='ocrx_word' id='word_1_649' title='bbox 1473 4591 1487 4627; x_wconf 72' lang='grc'>³</span> <span class='ocrx_word' id='word_1_650' title='bbox 1528 4593 1548 4628; x_wconf 70' lang='grc' dir='ltr'><strong><em>α</em></strong></span> <span class='ocrx_word' id='word_1_651' title='bbox 1580 4573 1622 4631; x_wconf 71' lang='lat'><strong>1-</strong></span> <span class='ocrx_word' id='word_1_652' title='bbox 1651 4576 1853 4634; x_wconf 71' lang='lat' dir='ltr'><strong>Morus</strong></span> <span class='ocrx_word' id='word_1_653' title='bbox 1877 4579 2020 4636; x_wconf 78' lang='lat' dir='ltr'><strong>saris</strong></span> <span class='ocrx_word' id='word_1_654' title='bbox 2050 4579 2096 4633; x_wconf 84' lang='lat' dir='ltr'><strong>D</strong></span> <span class='ocrx_word' id='word_1_655' title='bbox 2124 4561 2306 4653; x_wconf 89' lang='lat' dir='ltr'><strong>liberi,</strong></span> <span class='ocrx_word' id='word_1_656' title='bbox 2344 4586 2488 4642; x_wconf 88' lang='lat' dir='ltr'><strong>Saba</strong></span> <span class='ocrx_word' id='word_1_657' title='bbox 2531 4593 2587 4642; x_wconf 87' lang='lat' dir='ltr'><strong>et</strong></span> <span class='ocrx_word' id='word_1_658' title='bbox 2621 4561 2956 4641; x_wconf 63' lang='lat' dir='ltr'><strong>iudadanes.</strong></span> <span class='ocrx_word' id='word_1_659' title='bbox 3003 4580 3174 4635; x_wconf 86' lang='lat' dir='ltr'><strong>Aiunt</strong></span> <span class='ocrx_word' id='word_1_660' title='bbox 3207 4583 3473 4648; x_wconf 70' lang='lat' dir='ltr'><strong>prieterea</strong></span> <span class='ocrx_word' id='word_1_661' title='bbox 3500 4573 3704 4628; x_wconf 74' lang='lat' dir='ltr'><strong>divina:</strong></span> 
     </span>
    </p>
   </div>
   <div class='ocr_carea' id='block_1_96' title="bbox 435 4654 2013 4728">
    <p class='ocr_par' dir='ltr' id='par_1_96' title="bbox 435 4654 2013 4728">
     <span class='ocr_line' id='line_1_96' title="bbox 435 4654 2013 4728; baseline 0.011 -19"><span class='ocrx_word' id='word_1_662' title='bbox 435 4654 620 4711; x_wconf 85' lang='lat' dir='ltr'><strong>decem</strong></span> <span class='ocrx_word' id='word_1_663' title='bbox 661 4655 796 4727; x_wconf 73' lang='lat'><strong>(26).</strong></span> <span class='ocrx_word' id='word_1_664' title='bbox 830 4675 851 4709; x_wconf 78' lang='grc' dir='ltr'><strong>ι</strong></span> <span class='ocrx_word' id='word_1_665' title='bbox 887 4659 1048 4728; x_wconf 89' lang='lat' dir='ltr'><strong>(Saro</strong></span> <span class='ocrx_word' id='word_1_666' title='bbox 1087 4671 1267 4719; x_wconf 86' lang='lat' dir='ltr'><strong>autem</strong></span> <span class='ocrx_word' id='word_1_667' title='bbox 1310 4673 1396 4722; x_wconf 89' lang='lat' dir='ltr'><strong>ter</strong></span> <span class='ocrx_word' id='word_1_668' title='bbox 1433 4668 1584 4724; x_wconf 87' lang='lat' dir='ltr'><strong>mille</strong></span> <span class='ocrx_word' id='word_1_669' title='bbox 1628 4683 1693 4724; x_wconf 91' lang='lat' dir='ltr'><strong>ac</strong></span> <span class='ocrx_word' id='word_1_670' title='bbox 1725 4680 2013 4728; x_wconf 78' lang='lat' dir='ltr'><strong>sexcentos</strong></span> 
     </span>
    </p>
   </div>
   <div class='ocr_carea' id='block_1_97' title="bbox 435 4752 2018 4831">
    <p class='ocr_par' dir='ltr' id='par_1_97' title="bbox 435 4752 2018 4831">
     <span class='ocr_line' id='line_1_97' title="bbox 435 4752 2018 4831; baseline 0.013 -33"><span class='ocrx_word' id='word_1_671' title='bbox 435 4759 612 4803; x_wconf 85' lang='lat' dir='ltr'><strong>annos</strong></span> <span class='ocrx_word' id='word_1_672' title='bbox 660 4757 949 4805; x_wconf 85' lang='lat' dir='ltr'><strong>contentos</strong></span> <span class='ocrx_word' id='word_1_673' title='bbox 997 4752 1172 4808; x_wconf 89' lang='lat' dir='ltr'><strong>aiunt.</strong></span> <span class='ocrx_word' id='word_1_674' title='bbox 1222 4754 1397 4814; x_wconf 86' lang='lat' dir='ltr'><strong>Neres</strong></span> <span class='ocrx_word' id='word_1_675' title='bbox 1445 4760 1608 4814; x_wconf 91' lang='lat' dir='ltr'><strong>etiam</strong></span> <span class='ocrx_word' id='word_1_676' title='bbox 1655 4763 1922 4831; x_wconf 88' lang='lat' dir='ltr'><strong>quosdam</strong></span> <span class='ocrx_word' id='word_1_677' title='bbox 1961 4769 2018 4818; x_wconf 87' lang='lat' dir='ltr'><strong>et</strong></span> 
     </span>
    </p>
   </div>
   <div class='ocr_carea' id='block_1_98' title="bbox 436 4835 2014 4916">
    <p class='ocr_par' dir='ltr' id='par_1_98' title="bbox 436 4835 2014 4916">
     <span class='ocr_line' id='line_1_98' title="bbox 436 4835 2014 4916; baseline 0.009 -26"><span class='ocrx_word' id='word_1_678' title='bbox 436 4849 594 4892; x_wconf 88' lang='lat' dir='ltr'><strong>sosos</strong></span> <span class='ocrx_word' id='word_1_679' title='bbox 625 4835 928 4908; x_wconf 87' lang='lat' dir='ltr'><strong>adjungunt</strong></span> <span class='ocrx_word' id='word_1_680' title='bbox 961 4856 976 4893; x_wconf 88' lang='lat'><strong>:</strong></span> <span class='ocrx_word' id='word_1_681' title='bbox 1006 4856 1200 4896; x_wconf 84' lang='lat' dir='ltr'><strong>uerum</strong></span> <span class='ocrx_word' id='word_1_682' title='bbox 1239 4847 1368 4900; x_wconf 88' lang='lat' dir='ltr'><strong>anni</strong></span> <span class='ocrx_word' id='word_1_683' title='bbox 1402 4850 1650 4903; x_wconf 88' lang='lat' dir='ltr'><strong>sexcenti</strong></span> <span class='ocrx_word' id='word_1_684' title='bbox 1690 4850 2014 4916; x_wconf 82' lang='lat' dir='ltr'><strong>coniiciunt,</strong></span> 
     </span>
    </p>
   </div>
   <div class='ocr_carea' id='block_1_99' title="bbox 434 4929 979 5002">
    <p class='ocr_par' dir='ltr' id='par_1_99' title="bbox 434 4929 979 5002">
     <span class='ocr_line' id='line_1_99' title="bbox 434 4929 979 5002; baseline 0.007 -20"><span class='ocrx_word' id='word_1_685' title='bbox 434 4941 624 4982; x_wconf 87' lang='lat' dir='ltr'><strong>sosum</strong></span> <span class='ocrx_word' id='word_1_686' title='bbox 651 4929 979 5002; x_wconf 81' lang='lat' dir='ltr'><strong>sexaginta.)</strong></span> 
     </span>
    </p>
   </div>
   <div class='ocr_carea' id='block_1_100' title="bbox 502 5016 1800 5100">
    <p class='ocr_par' dir='ltr' id='par_1_100' title="bbox 502 5016 1800 5100">
     <span class='ocr_line' id='line_1_100' title="bbox 502 5016 1800 5100; baseline 0.015 -31"><span class='ocrx_word' id='word_1_687' title='bbox 502 5016 568 5076; x_wconf 90' lang='lat' dir='ltr'><strong>ll.</strong></span> <span class='ocrx_word' id='word_1_688' title='bbox 697 5017 898 5077; x_wconf 86' lang='lat' dir='ltr'><strong>Sethus</strong></span> <span class='ocrx_word' id='word_1_689' title='bbox 973 5063 987 5078; x_wconf 93' lang='lat'><strong>.</strong></span> <span class='ocrx_word' id='word_1_690' title='bbox 1066 5063 1083 5080; x_wconf 92' lang='lat'><strong>.</strong></span> <span class='ocrx_word' id='word_1_691' title='bbox 1159 5064 1175 5079; x_wconf 94' lang='lat'><strong>.</strong></span> <span class='ocrx_word' id='word_1_692' title='bbox 1252 5027 1518 5100; x_wconf 86' lang='lat' dir='ltr'><strong>Alaparus</strong></span> <span class='ocrx_word' id='word_1_693' title='bbox 1546 5033 1686 5088; x_wconf 89' lang='lat' dir='ltr'><strong>saris</strong></span> <span class='ocrx_word' id='word_1_694' title='bbox 1715 5049 1800 5089; x_wconf 88' lang='grc' dir='ltr'><strong>ιιι.</strong></span> 
     </span>
    </p>
   </div>
   <div class='ocr_carea' id='block_1_101' title="bbox 503 5110 1824 5182">
    <p class='ocr_par' dir='ltr' id='par_1_101' title="bbox 503 5110 1824 5182">
     <span class='ocr_line' id='line_1_101' title="bbox 503 5110 1824 5182; baseline 0.014 -19"><span class='ocrx_word' id='word_1_695' title='bbox 503 5110 592 5165; x_wconf 82' lang='lat' dir='ltr'><strong>Ill.</strong></span> <span class='ocrx_word' id='word_1_696' title='bbox 697 5112 916 5169; x_wconf 88' lang='lat' dir='ltr'><strong>Enosus</strong></span> <span class='ocrx_word' id='word_1_697' title='bbox 979 5156 993 5171; x_wconf 95' lang='lat'><strong>.</strong></span> <span class='ocrx_word' id='word_1_698' title='bbox 1073 5157 1088 5169; x_wconf 94' lang='lat'><strong>.</strong></span> <span class='ocrx_word' id='word_1_699' title='bbox 1162 5149 1188 5173; x_wconf 95' lang='lat'><strong>.-</strong></span> <span class='ocrx_word' id='word_1_700' title='bbox 1254 5121 1500 5178; x_wconf 87' lang='lat' dir='ltr'><strong>Almelon</strong></span> <span class='ocrx_word' id='word_1_701' title='bbox 1531 5127 1676 5182; x_wconf 90' lang='lat' dir='ltr'><strong>saris</strong></span> <span class='ocrx_word' id='word_1_702' title='bbox 1705 5143 1824 5182; x_wconf 70' lang='grc' dir='ltr'><strong>χιιι.</strong></span> 
     </span>
    </p>
   </div>
   <div class='ocr_carea' id='block_1_102' title="bbox 501 5202 1858 5274">
    <p class='ocr_par' dir='ltr' id='par_1_102' title="bbox 501 5202 1858 5274">
     <span class='ocr_line' id='line_1_102' title="bbox 501 5202 1858 5274; baseline 0.012 -18"><span class='ocrx_word' id='word_1_703' title='bbox 501 5202 592 5259; x_wconf 90' lang='lat' dir='ltr'><strong>IV.</strong></span> <span class='ocrx_word' id='word_1_704' title='bbox 689 5205 989 5266; x_wconf 87' lang='lat' dir='ltr'><strong>Cainanus.</strong></span> <span class='ocrx_word' id='word_1_705' title='bbox 1071 5248 1086 5262; x_wconf 92' lang='lat'><strong>.</strong></span> <span class='ocrx_word' id='word_1_706' title='bbox 1156 5250 1172 5266; x_wconf 98' lang='lat'><strong>.</strong></span> <span class='ocrx_word' id='word_1_707' title='bbox 1253 5213 1556 5270; x_wconf 82' lang='lat' dir='ltr'><strong>Ammenon</strong></span> <span class='ocrx_word' id='word_1_708' title='bbox 1583 5218 1727 5274; x_wconf 88' lang='lat' dir='ltr'><strong>saris</strong></span> <span class='ocrx_word' id='word_1_709' title='bbox 1758 5234 1858 5273; x_wconf 79' lang='lat' dir='ltr'><strong>xtl.</strong></span> 
     </span>
    </p>
   </div>
   <div class='ocr_carea' id='block_1_103' title="bbox 504 5296 1979 5377">
    <p class='ocr_par' dir='ltr' id='par_1_103' title="bbox 504 5296 1979 5377">
     <span class='ocr_line' id='line_1_103' title="bbox 504 5296 1979 5377; baseline 0.012 -24"><span class='ocrx_word' id='word_1_710' title='bbox 504 5296 570 5354; x_wconf 87' lang='lat' dir='ltr'><strong>V.</strong></span> <span class='ocrx_word' id='word_1_711' title='bbox 691 5299 924 5357; x_wconf 81' lang='lat' dir='ltr'><strong>Malaliel</strong></span> <span class='ocrx_word' id='word_1_712' title='bbox 968 5341 986 5358; x_wconf 95' lang='lat'><strong>.</strong></span> <span class='ocrx_word' id='word_1_713' title='bbox 1062 5342 1075 5356; x_wconf 93' lang='lat'><strong>.</strong></span> <span class='ocrx_word' id='word_1_714' title='bbox 1158 5345 1174 5359; x_wconf 95' lang='lat'><strong>.</strong></span> <span class='ocrx_word' id='word_1_715' title='bbox 1243 5304 1598 5377; x_wconf 78' lang='lat' dir='ltr'><strong>Amegalarus</strong></span> <span class='ocrx_word' id='word_1_716' title='bbox 1620 5312 1761 5366; x_wconf 88' lang='lat' dir='ltr'><strong>saris</strong></span> <span class='ocrx_word' id='word_1_717' title='bbox 1791 5315 1979 5370; x_wconf 75' lang='lat' dir='ltr'><strong>xvttt.‘</strong></span> 
     </span>
    </p>
   </div>
   <div class='ocr_carea' id='block_1_104' title="bbox 506 5453 1556 5528">
    <p class='ocr_par' dir='ltr' id='par_1_104' title="bbox 506 5453 1556 5528">
     <span class='ocr_line' id='line_1_104' title="bbox 506 5453 1556 5528; baseline 0.01 -22"><span class='ocrx_word' id='word_1_718' title='bbox 506 5453 618 5528; x_wconf 66' lang='lat'><strong>(26)</strong></span> <span class='ocrx_word' id='word_1_719' title='bbox 657 5455 858 5528; x_wconf 56' lang='lat' dir='ltr'><strong>confer</strong></span> <span class='ocrx_word' id='word_1_720' title='bbox 893 5457 1095 5516; x_wconf 90' lang='lat' dir='ltr'><strong>Euseb.</strong></span> <span class='ocrx_word' id='word_1_721' title='bbox 1121 5457 1319 5514; x_wconf 84' lang='lat' dir='ltr'><strong>Chron.</strong></span> <span class='ocrx_word' id='word_1_722' title='bbox 1357 5460 1398 5519; x_wconf 86' lang='lat' dir='ltr'><strong>I.</strong></span> <span class='ocrx_word' id='word_1_723' title='bbox 1430 5477 1468 5528; x_wconf 90' lang='grc' dir='ltr'><strong>ι,</strong></span> <span class='ocrx_word' id='word_1_724' title='bbox 1499 5462 1556 5516; x_wconf 74' lang='grc'><strong>2.</strong></span> 
     </span>
    </p>
   </div>
   <div class='ocr_carea' id='block_1_105' title="bbox 507 5525 2005 5593">
    <p class='ocr_par' dir='ltr' id='par_1_105' title="bbox 507 5525 2005 5593">
     <span class='ocr_line' id='line_1_105' title="bbox 507 5525 2005 5593; baseline 0.011 -17"><span class='ocrx_word' id='word_1_725' title='bbox 507 5525 620 5593; x_wconf 81' lang='lat'><strong>(‘27)</strong></span> <span class='ocrx_word' id='word_1_726' title='bbox 670 5525 783 5586; x_wconf 80' lang='lat' dir='ltr'><strong>Hac</strong></span> <span class='ocrx_word' id='word_1_727' title='bbox 809 5543 974 5593; x_wconf 92' lang='lat' dir='ltr'><strong>super</strong></span> <span class='ocrx_word' id='word_1_728' title='bbox 1005 5546 1062 5584; x_wconf 89' lang='lat' dir='ltr'><strong>re</strong></span> <span class='ocrx_word' id='word_1_729' title='bbox 1111 5531 1433 5586; x_wconf 83' lang='lat' dir='ltr'><strong>consulendi</strong></span> <span class='ocrx_word' id='word_1_730' title='bbox 1457 5525 1604 5586; x_wconf 75' lang='lat' dir='ltr'><strong>sunt</strong></span> <span class='ocrx_word' id='word_1_731' title='bbox 1637 5532 1910 5592; x_wconf 85' lang='lat' dir='ltr'><strong>Eusebius</strong></span> <span class='ocrx_word' id='word_1_732' title='bbox 1950 5537 2005 5592; x_wconf 89' lang='lat' dir='ltr'><strong>in</strong></span> 
     </span>
    </p>
   </div>
   <div class='ocr_carea' id='block_1_106' title="bbox 434 5596 2010 5674">
    <p class='ocr_par' dir='ltr' id='par_1_106' title="bbox 434 5596 2010 5674">
     <span class='ocr_line' id='line_1_106' title="bbox 434 5596 2010 5674; baseline 0.01 -26"><span class='ocrx_word' id='word_1_733' title='bbox 434 5596 660 5674; x_wconf 73' lang='lat' dir='ltr'><strong>exordio</strong></span> <span class='ocrx_word' id='word_1_734' title='bbox 692 5596 1180 5674; x_wconf 78' lang='lat' dir='ltr'><strong>libri_,_Syncelltts,</strong></span> <span class='ocrx_word' id='word_1_735' title='bbox 1217 5617 1268 5671; x_wconf 86' lang='lat' dir='ltr'><strong>p.</strong></span> <span class='ocrx_word' id='word_1_736' title='bbox 1304 5603 1495 5667; x_wconf 64' lang='lat'><strong>45-51,</strong></span> <span class='ocrx_word' id='word_1_737' title='bbox 1536 5605 1773 5674; x_wconf 85' lang='lat' dir='ltr'><strong>itemque</strong></span> <span class='ocrx_word' id='word_1_738' title='bbox 1805 5605 2010 5662; x_wconf 83' lang='lat' dir='ltr'><strong>Cedre-</strong></span> 
     </span>
    </p>
   </div>
   <div class='ocr_carea' id='block_1_107' title="bbox 436 5667 2009 5740">
    <p class='ocr_par' dir='ltr' id='par_1_107' title="bbox 436 5667 2009 5740">
     <span class='ocr_line' id='line_1_107' title="bbox 436 5667 2009 5740; baseline 0.009 -22"><span class='ocrx_word' id='word_1_739' title='bbox 436 5681 563 5728; x_wconf 90' lang='lat' dir='ltr'><strong>nus,</strong></span> <span class='ocrx_word' id='word_1_740' title='bbox 591 5667 682 5722; x_wconf 81' lang='lat' dir='ltr'><strong>fol.</strong></span> <span class='ocrx_word' id='word_1_741' title='bbox 707 5669 892 5737; x_wconf 67' lang='lat'><strong>{2-14,</strong></span> <span class='ocrx_word' id='word_1_742' title='bbox 911 5667 1250 5740; x_wconf 78' lang='lat' dir='ltr'><strong>quibuscum</strong></span> <span class='ocrx_word' id='word_1_743' title='bbox 1280 5689 1391 5729; x_wconf 89' lang='lat' dir='ltr'><strong>non</strong></span> <span class='ocrx_word' id='word_1_744' title='bbox 1418 5675 1538 5731; x_wconf 87' lang='lat' dir='ltr'><strong>sine</strong></span> <span class='ocrx_word' id='word_1_745' title='bbox 1572 5667 1752 5731; x_wconf 78' lang='lat' dir='ltr'><strong>fructu</strong></span> <span class='ocrx_word' id='word_1_746' title='bbox 1785 5675 2009 5734; x_wconf 86' lang='lat' dir='ltr'><strong>Samuel</strong></span> 
     </span>
    </p>
   </div>
   <div class='ocr_carea' id='block_1_108' title="bbox 440 5740 864 5807">
    <p class='ocr_par' dir='ltr' id='par_1_108' title="bbox 440 5740 864 5807">
     <span class='ocr_line' id='line_1_108' title="bbox 440 5740 864 5807; baseline 0.017 -20"><span class='ocrx_word' id='word_1_747' title='bbox 440 5740 864 5807; x_wconf 72' lang='lat' dir='ltr'><strong>Comparabitur.</strong></span> 
     </span>
    </p>
   </div>
   <div class='ocr_carea' id='block_1_109' title="bbox 511 5805 1087 5874">
    <p class='ocr_par' dir='ltr' id='par_1_109' title="bbox 511 5805 1087 5874">
     <span class='ocr_line' id='line_1_109' title="bbox 511 5805 1087 5874; baseline -0.007 -6"><span class='ocrx_word' id='word_1_748' title='bbox 511 5805 623 5874; x_wconf 51' lang='grc' dir='ltr'>(ἒξ)</span> <span class='ocrx_word' id='word_1_749' title='bbox 646 5811 730 5862; x_wconf 80' lang='lat' dir='ltr'><strong>Al.</strong></span> <span class='ocrx_word' id='word_1_750' title='bbox 754 5809 902 5870; x_wconf 84' lang='lat' dir='ltr'><strong>cod.,</strong></span> <span class='ocrx_word' id='word_1_751' title='bbox 931 5809 1087 5866; x_wconf 76' lang='lat' dir='ltr'><strong>Lazi.</strong></span> 
     </span>
    </p>
   </div>
   <div class='ocr_carea' id='block_1_110' title="bbox 513 5871 1158 5961">
    <p class='ocr_par' dir='ltr' id='par_1_110' title="bbox 513 5871 1158 5961">
     <span class='ocr_line' id='line_1_110' title="bbox 513 5871 1158 5961; baseline 0.012 -34"><span class='ocrx_word' id='word_1_752' title='bbox 513 5871 625 5944; x_wconf 73' lang='lat'><strong>(29)</strong></span> <span class='ocrx_word' id='word_1_753' title='bbox 649 5879 730 5938; x_wconf 69' lang='lat' dir='ltr'><strong>Al.</strong></span> <span class='ocrx_word' id='word_1_754' title='bbox 762 5881 910 5949; x_wconf 87' lang='lat' dir='ltr'><strong>cod.,</strong></span> <span class='ocrx_word' id='word_1_755' title='bbox 933 5881 1158 5961; x_wconf 48' lang='lat' dir='ltr'><strong>ﬂeam.</strong></span> 
     </span>
    </p>
   </div>
   <div class='ocr_carea' id='block_1_111' title="bbox 2122 4657 3706 4741">
    <p class='ocr_par' dir='ltr' id='par_1_111' title="bbox 2122 4657 3706 4741">
     <span class='ocr_line' id='line_1_111' title="bbox 2122 4657 3706 4741; baseline -0.013 -12"><span class='ocrx_word' id='word_1_756' title='bbox 2122 4675 2338 4737; x_wconf 67' lang='lat' dir='ltr'><strong>litterae,</strong></span> <span class='ocrx_word' id='word_1_757' title='bbox 2368 4689 2398 4728; x_wconf 91' lang='lat' dir='ltr'><strong>a</strong></span> <span class='ocrx_word' id='word_1_758' title='bbox 2437 4672 2627 4728; x_wconf 79' lang='lat' dir='ltr'><strong>Chuso</strong></span> <span class='ocrx_word' id='word_1_759' title='bbox 2656 4670 2901 4741; x_wconf 89' lang='lat' dir='ltr'><strong>genitum</strong></span> <span class='ocrx_word' id='word_1_760' title='bbox 2951 4681 3076 4722; x_wconf 89' lang='lat' dir='ltr'><strong>esse</strong></span> <span class='ocrx_word' id='word_1_761' title='bbox 3115 4663 3437 4725; x_wconf 88' lang='lat' dir='ltr'><strong>Nebrotum,</strong></span> <span class='ocrx_word' id='word_1_762' title='bbox 3469 4660 3562 4729; x_wconf 91' lang='lat' dir='ltr'><strong>qui</strong></span> <span class='ocrx_word' id='word_1_763' title='bbox 3593 4657 3706 4729; x_wconf 85' lang='lat' dir='ltr'><strong>pri-</strong></span> 
     </span>
    </p>
   </div>
   <div class='ocr_carea' id='block_1_112' title="bbox 2123 4754 3704 4834">
    <p class='ocr_par' dir='ltr' id='par_1_112' title="bbox 2123 4754 3704 4834">
     <span class='ocr_line' id='line_1_112' title="bbox 2123 4754 3704 4834; baseline -0.01 -14"><span class='ocrx_word' id='word_1_764' title='bbox 2123 4781 2248 4820; x_wconf 89' lang='lat' dir='ltr'><strong>mus</strong></span> <span class='ocrx_word' id='word_1_765' title='bbox 2280 4765 2334 4818; x_wconf 91' lang='lat' dir='ltr'><strong>in</strong></span> <span class='ocrx_word' id='word_1_766' title='bbox 2364 4765 2498 4819; x_wconf 93' lang='lat' dir='ltr'><strong>orbe</strong></span> <span class='ocrx_word' id='word_1_767' title='bbox 2536 4763 2689 4834; x_wconf 80' lang='lat' dir='ltr'><strong>gigas</strong></span> <span class='ocrx_word' id='word_1_768' title='bbox 2721 4761 2911 4826; x_wconf 83' lang='lat' dir='ltr'><strong>fuerit,</strong></span> <span class='ocrx_word' id='word_1_769' title='bbox 2938 4768 3101 4828; x_wconf 86' lang='lat' dir='ltr'><strong>atque</strong></span> <span class='ocrx_word' id='word_1_770' title='bbox 3143 4756 3288 4810; x_wconf 87' lang='lat' dir='ltr'><strong>hunc</strong></span> <span class='ocrx_word' id='word_1_771' title='bbox 3309 4754 3578 4824; x_wconf 82' lang='lat' dir='ltr'><strong>gigantem</strong></span> <span class='ocrx_word' id='word_1_772' title='bbox 3610 4763 3704 4805; x_wconf 90' lang='lat' dir='ltr'><strong>co-</strong></span> 
     </span>
    </p>
   </div>
   <div class='ocr_carea' id='block_1_113' title="bbox 2122 4844 3705 4918">
    <p class='ocr_par' dir='ltr' id='par_1_113' title="bbox 2122 4844 3705 4918">
     <span class='ocr_line' id='line_1_113' title="bbox 2122 4844 3705 4918; baseline -0.009 -10"><span class='ocrx_word' id='word_1_773' title='bbox 2122 4869 2240 4908; x_wconf 89' lang='lat' dir='ltr'><strong>ram</strong></span> <span class='ocrx_word' id='word_1_774' title='bbox 2276 4852 2507 4907; x_wconf 90' lang='lat' dir='ltr'><strong>Domino</strong></span> <span class='ocrx_word' id='word_1_775' title='bbox 2534 4853 2645 4907; x_wconf 92' lang='lat' dir='ltr'><strong>Deo</strong></span> <span class='ocrx_word' id='word_1_776' title='bbox 2674 4850 2953 4905; x_wconf 88' lang='lat' dir='ltr'><strong>venationi</strong></span> <span class='ocrx_word' id='word_1_777' title='bbox 2993 4862 3216 4918; x_wconf 77' lang='lat' dir='ltr'><strong>Operam</strong></span> <span class='ocrx_word' id='word_1_778' title='bbox 3249 4844 3469 4900; x_wconf 89' lang='lat' dir='ltr'><strong>dedisse</strong></span> <span class='ocrx_word' id='word_1_779' title='bbox 3502 4860 3516 4896; x_wconf 88' lang='lat'><strong>:</strong></span> <span class='ocrx_word' id='word_1_780' title='bbox 3543 4855 3705 4896; x_wconf 87' lang='lat' dir='ltr'><strong>eum-</strong></span> 
     </span>
    </p>
   </div>
   <div class='ocr_carea' id='block_1_114' title="bbox 2127 4930 3704 5016">
    <p class='ocr_par' dir='ltr' id='par_1_114' title="bbox 2127 4930 3704 5016">
     <span class='ocr_line' id='line_1_114' title="bbox 2127 4930 3704 5016; baseline -0.008 -17"><span class='ocrx_word' id='word_1_781' title='bbox 2127 4945 2362 5016; x_wconf 89' lang='lat' dir='ltr'><strong>demque</strong></span> <span class='ocrx_word' id='word_1_782' title='bbox 2402 4945 2746 5013; x_wconf 89' lang='lat' dir='ltr'><strong>auspicatum</strong></span> <span class='ocrx_word' id='word_1_783' title='bbox 2784 4956 2910 4997; x_wconf 87' lang='lat' dir='ltr'><strong>esse</strong></span> <span class='ocrx_word' id='word_1_784' title='bbox 2950 4954 3178 5010; x_wconf 88' lang='lat' dir='ltr'><strong>regnum</strong></span> <span class='ocrx_word' id='word_1_785' title='bbox 3223 4952 3253 4990; x_wconf 89' lang='lat' dir='ltr'><strong>a</strong></span> <span class='ocrx_word' id='word_1_786' title='bbox 3303 4933 3599 5005; x_wconf 88' lang='lat' dir='ltr'><strong>Babylone,</strong></span> <span class='ocrx_word' id='word_1_787' title='bbox 3634 4930 3704 4986; x_wconf 79' lang='lat' dir='ltr'><strong>ab</strong></span> 
     </span>
    </p>
   </div>
   <div class='ocr_carea' id='block_1_115' title="bbox 2125 5023 3703 5100">
    <p class='ocr_par' dir='ltr' id='par_1_115' title="bbox 2125 5023 3703 5100">
     <span class='ocr_line' id='line_1_115' title="bbox 2125 5023 3703 5100; baseline -0.012 -6"><span class='ocrx_word' id='word_1_788' title='bbox 2125 5037 2327 5100; x_wconf 89' lang='lat' dir='ltr'><strong>Oredo,</strong></span> <span class='ocrx_word' id='word_1_789' title='bbox 2365 5037 2434 5092; x_wconf 87' lang='lat' dir='ltr'><strong>ab</strong></span> <span class='ocrx_word' id='word_1_790' title='bbox 2459 5034 2700 5097; x_wconf 81' lang='lat' dir='ltr'><strong>Achade,</strong></span> <span class='ocrx_word' id='word_1_791' title='bbox 2743 5048 2774 5087; x_wconf 84' lang='lat' dir='ltr'><strong>a</strong></span> <span class='ocrx_word' id='word_1_792' title='bbox 2813 5032 3056 5087; x_wconf 81' lang='lat' dir='ltr'><strong>Cltalane</strong></span> <span class='ocrx_word' id='word_1_793' title='bbox 3092 5030 3145 5083; x_wconf 91' lang='lat' dir='ltr'><strong>in</strong></span> <span class='ocrx_word' id='word_1_794' title='bbox 3186 5028 3410 5098; x_wconf 88' lang='lat' dir='ltr'><strong>regione</strong></span> <span class='ocrx_word' id='word_1_795' title='bbox 3452 5023 3703 5079; x_wconf 89' lang='lat' dir='ltr'><strong>Senaiar.</strong></span> 
     </span>
    </p>
   </div>
   <div class='ocr_carea' id='block_1_116' title="bbox 2124 5116 3704 5189">
    <p class='ocr_par' dir='ltr' id='par_1_116' title="bbox 2124 5116 3704 5189">
     <span class='ocr_line' id='line_1_116' title="bbox 2124 5116 3704 5189; baseline -0.009 -6"><span class='ocrx_word' id='word_1_796' title='bbox 2124 5128 2368 5185; x_wconf 88' lang='lat' dir='ltr'><strong>Indidem</strong></span> <span class='ocrx_word' id='word_1_797' title='bbox 2405 5137 2654 5183; x_wconf 79' lang='lat' dir='ltr'><strong>exortum</strong></span> <span class='ocrx_word' id='word_1_798' title='bbox 2679 5141 2804 5181; x_wconf 90' lang='lat' dir='ltr'><strong>esse</strong></span> <span class='ocrx_word' id='word_1_799' title='bbox 2831 5127 3093 5188; x_wconf 88' lang='lat' dir='ltr'><strong>Asurum,</strong></span> <span class='ocrx_word' id='word_1_800' title='bbox 3127 5136 3158 5174; x_wconf 90' lang='lat' dir='ltr'><strong>a</strong></span> <span class='ocrx_word' id='word_1_801' title='bbox 3186 5135 3294 5189; x_wconf 90' lang='lat' dir='ltr'><strong>quo</strong></span> <span class='ocrx_word' id='word_1_802' title='bbox 3328 5117 3521 5172; x_wconf 87' lang='lat' dir='ltr'><strong>Ninive</strong></span> <span class='ocrx_word' id='word_1_803' title='bbox 3544 5116 3704 5171; x_wconf 87' lang='lat' dir='ltr'><strong>item-</strong></span> 
     </span>
    </p>
   </div>
   <div class='ocr_carea' id='block_1_117' title="bbox 2125 5212 3705 5291">
    <p class='ocr_par' dir='ltr' id='par_1_117' title="bbox 2125 5212 3705 5291">
     <span class='ocr_line' id='line_1_117' title="bbox 2125 5212 3705 5291; baseline -0.011 -14"><span class='ocrx_word' id='word_1_804' title='bbox 2125 5237 2232 5291; x_wconf 91' lang='lat' dir='ltr'><strong>que</strong></span> <span class='ocrx_word' id='word_1_805' title='bbox 2253 5220 2480 5276; x_wconf 85' lang='lat' dir='ltr'><strong>Roboda</strong></span> <span class='ocrx_word' id='word_1_806' title='bbox 2516 5221 2649 5275; x_wconf 86' lang='lat' dir='ltr'><strong>urbs</strong></span> <span class='ocrx_word' id='word_1_807' title='bbox 2673 5218 3016 5274; x_wconf 89' lang='lat' dir='ltr'><strong>condebatur</strong></span> <span class='ocrx_word' id='word_1_808' title='bbox 3038 5231 3163 5270; x_wconf 91' lang='lat' dir='ltr'><strong>cum</strong></span> <span class='ocrx_word' id='word_1_809' title='bbox 3193 5212 3437 5268; x_wconf 88' lang='lat' dir='ltr'><strong>Chalane</strong></span> <span class='ocrx_word' id='word_1_810' title='bbox 3461 5230 3474 5263; x_wconf 90' lang='lat'>:</span> <span class='ocrx_word' id='word_1_811' title='bbox 3509 5217 3623 5264; x_wconf 92' lang='lat' dir='ltr'><strong>tum</strong></span> <span class='ocrx_word' id='word_1_812' title='bbox 3649 5214 3705 5262; x_wconf 88' lang='lat' dir='ltr'><strong>et</strong></span> 
     </span>
    </p>
   </div>
   <div class='ocr_carea' id='block_1_118' title="bbox 2127 5304 3706 5379">
    <p class='ocr_par' dir='ltr' id='par_1_118' title="bbox 2127 5304 3706 5379">
     <span class='ocr_line' id='line_1_118' title="bbox 2127 5304 3706 5379; baseline -0.009 -12"><span class='ocrx_word' id='word_1_813' title='bbox 2127 5314 2486 5379; x_wconf 78' lang='lat' dir='ltr'><strong>Rasemanes,</strong></span> <span class='ocrx_word' id='word_1_814' title='bbox 2519 5313 2661 5368; x_wconf 89' lang='lat' dir='ltr'><strong>inter</strong></span> <span class='ocrx_word' id='word_1_815' title='bbox 2713 5310 2965 5366; x_wconf 88' lang='lat' dir='ltr'><strong>Ninivem</strong></span> <span class='ocrx_word' id='word_1_816' title='bbox 3008 5316 3062 5363; x_wconf 92' lang='lat' dir='ltr'><strong>et</strong></span> <span class='ocrx_word' id='word_1_817' title='bbox 3099 5306 3421 5368; x_wconf 85' lang='lat' dir='ltr'><strong>Cltalanem,</strong></span> <span class='ocrx_word' id='word_1_818' title='bbox 3454 5316 3576 5374; x_wconf 73' lang='lat' dir='ltr'><strong>quae</strong></span> <span class='ocrx_word' id='word_1_819' title='bbox 3619 5304 3706 5354; x_wconf 88' lang='lat' dir='ltr'><strong>est</strong></span> 
     </span>
    </p>
   </div>
   <div class='ocr_carea' id='block_1_119' title="bbox 2189 5459 3318 5539">
    <p class='ocr_par' dir='ltr' id='par_1_119' title="bbox 2189 5459 3318 5539">
     <span class='ocr_line' id='line_1_119' title="bbox 2189 5459 3318 5539; baseline -0.006 -17"><span class='ocrx_word' id='word_1_820' title='bbox 2189 5470 2302 5536; x_wconf 71' lang='grc' dir='ltr'>(5οἴ</span> <span class='ocrx_word' id='word_1_821' title='bbox 2338 5467 2504 5539; x_wconf 74' lang='lat' dir='ltr'><strong>Sync.</strong></span> <span class='ocrx_word' id='word_1_822' title='bbox 2537 5477 2588 5539; x_wconf 78' lang='lat' dir='ltr'><strong>et</strong></span> <span class='ocrx_word' id='word_1_823' title='bbox 2610 5465 2842 5521; x_wconf 81' lang='lat' dir='ltr'><strong>Cedrett.</strong></span> <span class='ocrx_word' id='word_1_824' title='bbox 2877 5462 3080 5539; x_wconf 61' lang='lat' dir='ltr'><strong>Argbes</strong></span> <span class='ocrx_word' id='word_1_825' title='bbox 3118 5459 3318 5539; x_wconf 62' lang='lat' dir='ltr'><strong>Indjfi.</strong></span> 
     </span>
    </p>
   </div>
   <div class='ocr_carea' id='block_1_120' title="bbox 2188 5526 3596 5606">
    <p class='ocr_par' dir='ltr' id='par_1_120' title="bbox 2188 5526 3596 5606">
     <span class='ocr_line' id='line_1_120' title="bbox 2188 5526 3596 5606; baseline -0.01 -12"><span class='ocrx_word' id='word_1_826' title='bbox 2188 5526 2298 5606; x_wconf 77' lang='lat'><strong>(5|)</strong></span> <span class='ocrx_word' id='word_1_827' title='bbox 2339 5526 2505 5592; x_wconf 81' lang='lat' dir='ltr'><strong>Biblia</strong></span> <span class='ocrx_word' id='word_1_828' title='bbox 2545 5538 2663 5591; x_wconf 86' lang='lat' dir='ltr'><strong>Lat.</strong></span> <span class='ocrx_word' id='word_1_829' title='bbox 2690 5539 2906 5604; x_wconf 86' lang='lat' dir='ltr'><strong>vulgata</strong></span> <span class='ocrx_word' id='word_1_830' title='bbox 2938 5533 3076 5589; x_wconf 86' lang='lat' dir='ltr'><strong>Gen.</strong></span> <span class='ocrx_word' id='word_1_831' title='bbox 3116 5548 3171 5597; x_wconf 84' lang='lat' dir='ltr'><strong>x,</strong></span> <span class='ocrx_word' id='word_1_832' title='bbox 3207 5531 3296 5596; x_wconf 79' lang='grc'><strong>50,</strong></span> <span class='ocrx_word' id='word_1_833' title='bbox 3315 5528 3378 5584; x_wconf 83' lang='lat' dir='ltr'><strong>de</strong></span> <span class='ocrx_word' id='word_1_834' title='bbox 3396 5526 3596 5584; x_wconf 67' lang='lat' dir='ltr'><strong>Mersa.</strong></span> 
     </span>
    </p>
   </div>
   <div class='ocr_carea' id='block_1_121' title="bbox 2190 5609 3008 5680">
    <p class='ocr_par' dir='ltr' id='par_1_121' title="bbox 2190 5609 3008 5680">
     <span class='ocr_line' id='line_1_121' title="bbox 2190 5609 3008 5680; baseline -0.007 -16"><span class='ocrx_word' id='word_1_835' title='bbox 2190 5610 2299 5680; x_wconf 74' lang='lat'><strong>(59.)</strong></span> <span class='ocrx_word' id='word_1_836' title='bbox 2331 5609 2750 5680; x_wconf 21' lang='lat' dir='ltr'><strong>Biblia‘vulgata</strong></span> <span class='ocrx_word' id='word_1_837' title='bbox 2787 5609 3008 5680; x_wconf 66' lang='lat' dir='ltr'><strong>Sep/ter.</strong></span> 
     </span>
    </p>
   </div>
   <div class='ocr_carea' id='block_1_122' title="bbox 2197 5674 3643 5750">
    <p class='ocr_par' dir='ltr' id='par_1_122' title="bbox 2197 5674 3643 5750">
     <span class='ocr_line' id='line_1_122' title="bbox 2197 5674 3643 5750; baseline -0.009 -16"><span class='ocrx_word' id='word_1_838' title='bbox 2197 5674 2308 5747; x_wconf 83' lang='grc'>(55)</span> <span class='ocrx_word' id='word_1_839' title='bbox 2349 5679 2480 5734; x_wconf 87' lang='lat' dir='ltr'><strong>Vide</strong></span> <span class='ocrx_word' id='word_1_840' title='bbox 2513 5674 2828 5749; x_wconf 73' lang='lat' dir='ltr'><strong>Syncellum</strong></span> <span class='ocrx_word' id='word_1_841' title='bbox 2853 5685 2907 5730; x_wconf 88' lang='lat' dir='ltr'><strong>et</strong></span> <span class='ocrx_word' id='word_1_842' title='bbox 2933 5674 3268 5750; x_wconf 79' lang='lat' dir='ltr'><strong>Ce_d_repum.</strong></span> <span class='ocrx_word' id='word_1_843' title='bbox 3419 5747 3427 5750; x_wconf 78' lang='lat'>_</span> <span class='ocrx_word' id='word_1_844' title='bbox 3609 5736 3643 5750; x_wconf 19' lang='grc'><strong>4.</strong></span> 
     </span>
    </p>
   </div>
   <div class='ocr_carea' id='block_1_123' title="bbox 2192 5739 3704 5822">
    <p class='ocr_par' dir='ltr' id='par_1_123' title="bbox 2192 5739 3704 5822">
     <span class='ocr_line' id='line_1_123' title="bbox 2192 5739 3704 5822; baseline -0.005 -16"><span class='ocrx_word' id='word_1_845' title='bbox 2192 5739 2639 5822; x_wconf 67' lang='grc' dir='ltr'><strong>(54)-81ιιιιοιῖιῖιπ</strong></span> <span class='ocrx_word' id='word_1_846' title='bbox 2691 5761 2890 5822; x_wconf 67' lang='grc' dir='ltr'><strong>πριιιθιι</strong></span> <span class='ocrx_word' id='word_1_847' title='bbox 2933 5745 3088 5800; x_wconf 88' lang='lat' dir='ltr'><strong>urbis</strong></span> <span class='ocrx_word' id='word_1_848' title='bbox 3123 5745 3366 5813; x_wconf 87' lang='lat' dir='ltr'><strong>itemque</strong></span> <span class='ocrx_word' id='word_1_849' title='bbox 3413 5739 3704 5799; x_wconf 65' lang='lat' dir='ltr'><strong>torrentis.</strong></span> 
     </span>
    </p>
   </div>
   <div class='ocr_carea' id='block_1_124' title="bbox 2121 5815 3086 5878">
    <p class='ocr_par' dir='ltr' id='par_1_124' title="bbox 2121 5815 3086 5878">
     <span class='ocr_line' id='line_1_124' title="bbox 2121 5815 3086 5878; baseline -0.01 -1"><span class='ocrx_word' id='word_1_850' title='bbox 2121 5815 2395 5878; x_wconf 77' lang='lat' dir='ltr'><strong>Interdum</strong></span> <span class='ocrx_word' id='word_1_851' title='bbox 2427 5820 2689 5876; x_wconf 88' lang='lat' dir='ltr'><strong>scribitur</strong></span> <span class='ocrx_word' id='word_1_852' title='bbox 2712 5815 3086 5871; x_wconf 77' lang='lat' dir='ltr'><strong>Rhinicorura.</strong></span> 
     </span>
    </p>
   </div>
  </div>
