4158 6454
488 356 595 413 615

489 569 594 625 ter,
631 561 839 616 creavit
885 557 1203 625 Ludimum,
1228 578 1258 617 a
1290 577 1400 633 quo
1429 562 1605 635 Lydi;
1655 564 1998 633 Seneimnm,
2039 586 2069 624 ιι

487 667 599 724 quo
627 650 970 725 Pamphylii;
1017 651 1296 718 Salbium,
1328 670 1359 709 a
1412 673 1520 728 quo
1563 658 1756 727 Libes;
1791 657 2075 731 Nepthali-

488 761 638 800 mum
667 752 720 800 et
753 745 1263 810 Patrosonimum,a
1292 763 1402 818 quo
1433 747 1658 819 Cretes;
1691 750 2070 815 Caslinimum,

491 854 522 893 a
553 853 663 909 quo
690 837 863 911 Lycii,
887 838 1031 893 unde
1059 844 1112 894 et
1148 854 1321 908 genus
1359 839 1799 911 Philislzeorum;
1826 844 2069 915 Captho-

491 932 713 995 rimnm,
746 946 777 985 a
800 946 910 1002 quo
954 930 1105 985 Daci.
1143 930 1317 988 Porro
1347 932 1673 991 Chanaanes
1699 938 1938 1007 primum
1970 951 2073 991 na-

491 1035 674 1079 torum
717 1023 960 1094 suscepit
1004 1021 1284 1089 Sidonem,
1324 1042 1483 1098 aquo
1519 1024 1751 1092 Sidonii,
1783 1035 1838 1082 et
1866 1028 2069 1094 Cbetze,

489 1123 545 1170 et
576 1114 832 1178 Jehusmi,
865 1123 918 1169 et
945 1114 1272 1180 Amorrhrei,
1308 1124 1363 1172 et
1391 1116 1685 1188 Gergesmi,
1718 1125 1774 1173 et
1803 1117 1999 1182 Levzei,
2019 1127 2074 1174 et

488 1205 754 1270 Arvacrei,
781 1206 926 1262 unde
952 1204 1234 1278 Tripolita:
1262 1224 1482 1281 quoque
1511 1218 1565 1265 et
1592 1210 1851 1277 Aminaei;
1875 1211 2072 1267 deinde

486 1296 774 1363 Aradium,
806 1312 837 1350 a
869 1312 979 1366 quo
1012 1298 1243 1367 Aradii;
1279 1298 1619 1367 Samrinum,
1654 1315 1686 1355 a
1730 1316 1839 1373 quo
1869 1300 2071 1357 Ortho-

488 1390 555 1444 sii
576 1406 589 1455 ;
612 1388 928 1454 Amathum,
965 1405 997 1445 ιι
1030 1406 1138 1461 quo
1155 1392 1490 1449 Amathusii.
1516 1392 1655 1449 IIinc
1685 1394 2071 1464 proseminatae

488 1489 618 1537 sunt
659 1481 1095 1537 Chananmorum
1130 1493 1323 1555 gentes
1354 1486 1581 1541 omnino
1607 1501 1759 1540 χχχιι
1790 1506 1803 1541 :
1836 1501 2071 1557 quarum

488 1574 624 1630 fines
653 1573 873 1630 fuerunt
901 1590 930 1628 a
960 1574 1165 1633 Sidone
1197 1593 1373 1649 usque
1396 1578 1526 1633 dum
1550 1577 1815 1634 Gcraram
1857 1581 2066 1644 venias,

485 1674 540 1722 et
568 1682 597 1721 a
631 1665 776 1722 Gaza
810 1683 986 1739 usque
1014 1669 1144 1723 dum
1194 1668 1490 1724 Sodomam
1519 1678 1576 1725 et
1617 1669 1981 1726 Gomorrham
2015 1680 2070 1727 et

1510 359 1848 417 APPENDIX
1883 361 1975 417 AD
2012 360 2283 419 EUSEBII
2323 362 2741 424 CHRONICON.

488 470 624 525 urbs
650 467 911 523 maxima.
931 466 1052 523 Jam
1075 478 1131 525 et
1160 467 1530 540 Mestraimns,
1556 472 1939 546 Egyptiorum
1974 491 2072 549 pa-
2104 482 2153 540 Α

2811 481 3043 540 CAPUT
3065 482 3130 540 ν.

2743 571 2889 628 Semi
2915 575 3184 644 prosapia.

2247 658 2299 712 I.
2333 658 2527 730 Agesis
2550 676 2681 733 ergo
2715 662 2841 718 inde
2876 664 3094 719 initium
3116 665 3329 738 capiam
3371 668 3466 725 ubi
3501 668 3748 729 ordinem

2171 752 2617 820 procreationum
2675 755 2904 826 abrupi,
2949 772 3179 828 quaeque
3256 759 3559 831 interjectae
3621 779 3749 822 sunt

2174 842 2521 901 narrationes
2579 843 2847 899 omittam.
2909 845 2985 900 lbi
3052 848 3263 904 scilicet
3320 850 3526 906 dictum
3583 862 3750 918 est,a

2174 929 2355 986 Thara
2383 948 2557 990 annos
2588 943 2718 989 nato
2748 950 2854 990 1.x:
2885 939 3099 1009 genitos
3129 939 3308 997 fuisse
3354 942 3749 1011 Ahrahamum,

2174 1032 2229 1078 et
2252 1023 2566 1080 Nachorum
2599 1034 2655 1081 et
2689 1026 2946 1084 Aranem.
2972 1029 3146 1085 Porro
3165 1034 3401 1099 Aranes,
3426 1037 3611 1107 genito
3641 1035 3750 1093 Lo-

2172 1115 2288 1179 tho,
2340 1116 2551 1186 parenti
2602 1133 2703 1174 suo
2749 1118 2942 1175 Tharze
2974 1134 3337 1193 praemortuus
3363 1135 3449 1182 est
3498 1128 3554 1183 in
3582 1129 3748 1185 natali

2172 1213 2319 1261 terra
2378 1206 2653 1264 Chaldzea.
2704 1209 3089 1280 Adjunxerunt
3152 1224 3337 1271 autem
3398 1218 3504 1274 sibi
3550 1234 3748 1277 uxores

2173 1300 2519 1359 Abrahamus
2550 1310 2605 1358 et
2632 1301 2957 1371 Nachorus;
2995 1290 3186 1363 Saram
3219 1309 3592 1377 Abrahamus,
3616 1313 3748 1371 Mel-

2171 1391 2330 1447 cham
2360 1392 2538 1449 Arane
2559 1402 2742 1449 natam
2767 1393 3070 1454 Nachorus.
3110 1400 3378 1456 Cazterurn
3418 1404 3556 1458 Sara
3585 1406 3748 1461 steri-

2172 1483 2241 1538 lis
2270 1484 2475 1539 nullam
2503 1501 2571 1540 ex
2604 1500 2663 1541 se
2694 1488 2905 1556 prolem
2944 1489 3162 1545 edebat.
3204 1491 3342 1548 Exin
3380 1492 3593 1552 Tharas
3618 1512 3745 1553 cum

2170 1575 2357 1633 liberis
2378 1576 2691 1633 Chaldmam
2725 1578 2992 1637 deserens
3028 1592 3087 1638 ut
3122 1584 3178 1639 in
3226 1586 3595 1645 Cbananzeam
3642 1592 3744 1647 mi-

2168 1676 2373 1737 graret,
2426 1667 2674 1724 Charras
2728 1686 2925 1742 usque
2964 1677 3257 1744 processit,
3318 1678 3504 1750 ihiqne
3558 1682 3743 1737 sedem

484 1760 745 1816 Ademam
770 1768 822 1816 et
842 1759 1159 1817 Sehoimum
1190 1771 1244 1817 et
1276 1761 1473 1819 Lasam
1502 1764 1710 1819 venias.
1742 1762 1866 1819 Alio
1886 1773 2067 1818 tamen
2100 1833 2135 1843 _
2172 1760 2317 1828 Iixit;
2351 1776 2586 1832 cumque
2625 1764 2800 1818 aetatis
2829 1779 3034 1822 annum
3059 1768 3495 1826 ducentesimum
3533 1781 3740 1843 ageret,

486 1852 607 1907 loco
639 1852 899 1907 dicuntur
932 1850 1043 1924 (53)
1075 1852 1159 1908 hae
1191 1862 1385 1924 gentes
1420 1868 1451 1907 a
1496 1851 1868 1909 Rhinieorura
1894 1869 2067 1926 usque
2097 1833 2140 1890 Β
2165 1850 2621 1933 Charrishalum
2648 1859 2940 1914 concessit.

483 1941 727 1998 Gadiron
753 1944 1026 2000 australes
1058 1944 1315 2017 regiones
1339 1946 1665 2002 incoluisse.

553 2078 609 2134 5.
650 2076 864 2134 Rursus
888 2094 955 2135 ex
979 2080 1171 2135 eodem
1193 2079 1473 2138 Geneseos
1500 2083 1662 2148 libro,
1682 2082 1902 2141 Jabethi
1930 2084 2067 2139 libe-

481 2166 531 2221 ri
562 2187 575 2221 :
613 2166 901 2233 Gamerus,
935 2184 967 2223 a
989 2185 1101 2240 quo
1119 2168 1327 2225 Camiri
1368 2172 1521 2243 (56);
1556 2172 1844 2245 Magogus,
1884 2190 1915 2228 a
1954 2190 2066 2245 quo

481 2260 650 2314 Celtae
676 2268 730 2313 et
755 2257 992 2328 Galatae;
1020 2260 1177 2315 Mada
1202 2278 1233 2316 a
1265 2278 1376 2333 quo
1399 2262 1577 2332 Medi;
1609 2263 1874 2332 Javanus,
1899 2281 1930 2320 ιι
1956 2279 2067 2337 quo

484 2345 737 2403 Hellenos
793 2348 910 2420 (37)
957 2359 1011 2404 et
1048 2348 1245 2417 Iones;
1279 2351 1426 2407 Elisa
1457 2360 1512 2409 et
1540 2353 1845 2421 Tbohelus,
1885 2364 1927 2410 a‘
1953 2371 2066 2427 quo

481 2438 764 2510 Thessali;
815 2440 1133 2509 Mosocbus,
1160 2460 1191 2499 a
1228 2461 1341 2516 quo
1371 2444 1576 2519 Illyrii;
1614 2448 1835 2515 Thiras,
1887 2465 1917 2503 a
1951 2466 2065 2520 quo

480 2531 758 2602 Thraces;
790 2533 1136 2601 Cheteimus,
1172 2553 1202 2592 a
1226 2554 1337 2610 quo
1368 2538 1715 2598 Macedones.
1745 2541 1921 2597 Porro
1954 2542 2064 2598 Ga-

479 2625 617 2681 meri
646 2626 804 2682 liberi
835 2646 849 2682 :
889 2628 1270 2695 Aschanazus,
1305 2648 1337 2687 a
1375 2649 1487 2703 quo
1520 2632 1818 2703 Sarmatae;
1855 2634 2063 2707 Ripha-

479 2715 594 2781 tha,
620 2731 651 2770 a
671 2733 781 2788 quo
812 2717 1154 2776 Sauromatae
1173 2722 1321 2794 (38);
1347 2721 1698 2795 Thorgomus
1723 2726 1860 2797 (59),
1897 2742 1927 2781 a
1952 2744 2063 2798 quo

480 2806 705 2864 IIaicani
742 2811 877 2884 (40).
923 2811 1151 2869 Javanis
1197 2823 1385 2871 autem
1428 2816 1631 2873 liberi:
1673 2817 1821 2875 Elisa
1856 2817 1991 2891 (II),
2029 2836 2062 2876 a

478 2915 589 2969 quo
610 2899 927 2960 Sicilienses
948 2911 1004 2960 et
1032 2906 1401 2964 Athenienses
1428 2925 1444 2976 ;
1481 2907 1733 2977 'Iharsis,
1765 2926 1795 2964 a
1830 2927 1939 2982 quo
1961 2911 2057 2966 Hi-

478 2991 599 3047 beri
641 3001 696 3047 et
726 2992 1038 3065 Tyrrheni;
1075 2995 1240 3062 Citis,
1282 3013 1313 3052 a
1359 3013 1471 3069 quo
1524 2999 1756 3056 Romani
1788 3003 2058 3062 et-Lalini

476 3089 533 3137 et
560 3081 778 3139 Rhodii.
801 3085 883 3140 Es
919 3086 1005 3142 his
1044 3088 1229 3143 coloni
1265 3086 1487 3146 deducti
1516 3100 1648 3147 sunt
1680 3108 1780 3163 per
1808 3097 2055 3165 gentium

477 3178 688 3236 insulas
712 3180 766 3235 in
784 3196 913 3238 snas
932 3182 1137 3254 quique
1155 3184 1428 3256 regiones,
1451 3188 1637 3259 populi
1653 3191 1877 3246 omnino
1897 3193 2059 3263 quin-
2084 3197 2128 3254 C

476 3270 655 3327 decim
682 3311 699 3338 ,
728 3273 896 3343 hique
923 3291 955 3330 ιι
984 3275 1159 3333 Medis
1189 3279 1258 3334 ad
1292 3277 1611 3351 Hesperiam
1647 3297 1823 3352 usque
1852 3287 2059 3355 pertin-

470 3372 630 3435 gunt,
654 3380 776 3435 qna:
813 3373 962 3436 patet
1005 3368 1076 3424 ad
1118 3368 1400 3426 Oceanum
1432 3381 1487 3428 et
1532 3373 1810 3430 borealem
1842 3378 2055 3449 plagam

471 3465 805 3527 prospectat.
833 3458 1102 3533 Deinceps
1143 3472 1504 3518 recensentur
1545 3467 1731 3536 populi
1771 3483 1847 3532 ιι,
1894 3470 2054 3525 item-

472 3565 582 3620 que
607 3566 796 3606 eorum
822 3551 1064 3609 ditiones
1087 3570 1187 3625 per
1216 3556 1593 3626 aquilonarem
1615 3566 1853 3615 tractum
1886 3575 1916 3615 a
1942 3561 2056 3618 Me-

470 3641 559 3697 dis
589 3657 764 3712 usque
784 3642 1047 3701 Gadiron.
1079 3644 1276 3701 Patent
1316 3647 1528 3704 scilicet
1573 3649 1644 3705 ab
1691 3665 1853 3708 amne
1888 3650 2056 3708 Pota-

472 3734 624 3789 mino
653 3733 769 3805 (42)
802 3751 979 3808 nsque
1003 3736 1073 3792 ad
1098 3737 1418 3794 Mastusiam
1453 3741 1601 3812 quod
1631 3752 1716 3798 est
1753 3741 1891 3799 Ilion
1915 3743 2050 3821 (έὸ).

540 3888 595 3943 4.
650 3887 758 3944 Sed
789 3890 937 3946 enim
973 3907 1075 3963 ego
1103 3903 1295 3964 gentes
1339 3896 1586 3968 singulas
1626 3897 1794 3954 trium
1844 3886 2049 3954 Noachi

472 3977 706 4033 (Iliorum
739 3978 1000 4039 distincte
1031 4000 1117 4039 me
1137 3987 1520 4057 expositurum
1564 3990 1747 4059 recepi
1780 4004 1956 4059 usque
1984 3990 2049 4045 ad

469 4069 753 4126 Christum
781 4087 907 4127 cum
952 4074 1192 4133 humana
1224 4087 1421 4134 natura
1458 4081 1840 4150 conjunctum,
1875 4099 2051 4154 quan-

467 4176 635 4233 quam
674 4160 875 4218 divina
930 4164 1125 4222 litterae
1159 4167 1433 4225 Semiticze
1467 4176 1676 4225 tantum
1714 4170 1934 4229 familia
1962 4190 2051 4230 se-

469 4253 607 4307 riem
640 4253 849 4324 scripto
871 4257 1187 4325 continent;
1217 4258 1285 4313 de
1314 4260 1522 4315 Chamo
1551 4266 1734 4317 autem
1767 4272 1933 4334 atque
1957 4261 2051 4321 Ja-

469 4340 655 4408 betho,
678 4351 875 4412 praeter
895 4346 1042 4400 dicta
1066 4363 1097 4401 a
1121 4362 1209 4402 me
1240 4349 1518 4420 superius,
1547 4351 1687 4406 nihil
1722 4362 2045 4409 memorant.

2236 1941 2292 1997 2.
2328 1943 2488 1998 Anno
2530 1947 2705 2004 :etatis
2735 1951 3141 2022 septuagesimo
3169 1954 3363 2025 quinto
3392 1955 3741 2015 Abrahamus

2167 2032 2261 2089 Dei
2284 2038 2616 2095 revelatione
2636 2040 2834 2114 dignus
2856 2042 3077 2100 habitus
3099 2054 3183 2101 est
3204 2087 3219 2111 ,
3243 2059 3297 2103 et
3324 2049 3501 2105 solum
3526 2060 3742 2107 vertere

2162 2125 2378 2195 jussus.
2410 2127 2595 2195 Quare
2614 2130 2841 2189 Charris
2863 2134 3069 2191 relictis
3094 2136 3458 2195 Chananaeam
3488 2141 3739 2198 incoluit.

2167 2217 2303 2273 Tum
2331 2236 2506 2277 annos
2532 2238 2629 2279 sex
2671 2240 2838 2295 supra
2876 2228 3155 2300 octoginta
3195 2229 3310 2300 jam
3356 2241 3521 2290 natus
3566 2236 3739 2290 lilium

2164 2325 2229 2366 cx
2262 2309 2438 2382 Agare
2470 2310 2619 2368 Sara:
2649 2316 2848 2369 ancilla
2876 2319 3151 2387 suscepit,
3183 2320 3274 2374 cui
3314 2338 3512 2379 nomen
3542 2326 3743 2382 indidit

2164 2402 2413 2473 lsmaeli,
2444 2407 2589 2464 unde
2618 2405 3014 2465 Ismaelitarum
3044 2412 3196 2468 natio
3215 2421 3300 2470 est
3323 2432 3341 2483 ;
3362 2415 3739 2487 Agarenorurn

2165 2497 2449 2567 videlicet,
2481 2500 2772 2570 quietiam
2805 2499 3067 2557 Saraceni
3116 2511 3171 2557 et
3219 2501 3430 2575 Tagikii
3483 2508 3598 2579 (44)
3644 2525 3742 2565 vo—

2165 2599 2381 2645 cantur.
2411 2588 2641 2663 Insuper
2667 2606 2814 2649 anno
2842 2603 2969 2651 ante
3012 2595 3375 2651 centesimum
3421 2597 3566 2656 Deus
3611 2614 3739 2654 cum

2165 2681 2260 2738 illo
2285 2679 2466 2738 ftedns
2493 2684 2596 2739 init
2622 2684 3097 2752 circnmcislonis,
3126 2687 3358 2758 ideoque
3384 2689 3501 2761 ipse
3524 2692 3740 2746 cuncti—

2163 2790 2272 2847 que
2314 2776 2511 2833 domus
2555 2776 2677 2847 ejus
2724 2793 2906 2834 mares
2956 2779 3380 2840 circumcisione
3424 2783 3503 2837 uti
3552 2798 3735 2854 caepe-

2163 2875 2330 2923 runt:
2362 2875 2476 2922 tum
2506 2869 2669 2923 etiam
2698 2866 3044 2926 Abraliamus
3070 2885 3172 2943 pro
3199 2872 3471 2940 Ahramo,
3499 2873 3739 2945 itemque

2164 2956 2330 3016 Sarra
2376 2976 2479 3033 pro
2529 2960 2667 3015 Sara
2715 2960 2848 3017 dicti
2887 2968 3036 3020 sunt.
3085 2961 3275 3034 quue
3315 2979 3463 3019 anno
3492 2965 3736 3021 nondum

2161 3053 2350 3123 elapso
2380 3052 2647 3109 Dominus
2678 3051 2824 3111 Deus
2857 3070 2983 3110 cum
3012 3055 3227 3126 angelis
3258 3055 3405 3127 apud
3439 3055 3738 3114 Mambrem

2161 3144 2336 3202 eidem
2371 3160 2682 3217 apparens,
2728 3146 2874 3202 ultro
2919 3147 3126 3218 prolem
3172 3150 3378 3220 recepit
3419 3165 3479 3206 se
3507 3150 3560 3209 ei
3598 3166 3739 3205 con-

2164 3253 2473 3296 cessurum.
2503 3236 2689 3315 Primo
2720 3238 2864 3297 inter
2903 3242 3203 3314 prophetas
3242 3243 3561 3300 Abrahamo
3597 3246 3739 3301 diri-

2162 3347 2296 3388 num
2327 3330 2565 3388 Verbum
2599 3332 2838 3388 humana
2870 3335 3051 3404 specie
3082 3337 3476 3406 aspectandum
3508 3352 3569 3393 se
3600 3352 3737 3408 prm-

2163 3423 2302 3480 bens
2343 3424 2689 3480 ethnicorum
2740 3425 3082 3483 vocationem
3124 3428 3527 3497 portendebat,
3569 3441 3734 3498 quam

2162 3529 2259 3586 per
2291 3515 2662 3588 evangelicam
2691 3515 2910 3573 demum
2936 3517 3111 3575 divini
3138 3517 3303 3575 Verbi
3334 3518 3642 3574 doctrinam
3679 3518 3735 3572 in

2162 3610 2321 3667 nobis
2350 3609 2531 3677 Deus,
2562 3610 2618 3665 id
2645 3619 2724 3666 est
2766 3612 2822 3666 in
2861 3615 3106 3684 gentium
3154 3614 3553 3677 universitate,
3595 3627 3734 3666 con—

2161 3703 2478 3773 summavit.

2231 3794 2284 3852 ὃ.
2300 3792 2422 3850 Jam
2440 3809 2569 3850 vero
2589 3796 2952 3853 centesimum
2981 3811 3186 3851 annum
3212 3796 3392 3866 agenti
3415 3792 3731 3849 Abrahamo

2163 3901 2195 3941 e
2230 3884 2367 3943 Sara
2398 3887 2632 3956 conjuge
2667 3895 2834 3943 natus
2877 3895 2965 3943 est
3007 3888 3274 3942 Isaacus:
3318 3900 3430 3955 quo
3469 3890 3746 3955 nascente

2161 3974 2312 4033 Sara:
2353 3977 2529 4048 ipsius
2570 3977 2965 4049 nonagesimus
3004 3992 3183 4034 annus
3225 3977 3559 4032 vertebatur.
3606 3969 3732 4026 Haec

2157 4078 2341 4126 autem
2369 4085 2493 4124 cum
2518 4068 2667 4125 edito
2691 4068 2881 4125 Isaaco
2906 4068 3068 4125 annis
3093 4077 3298 4139 septem
3321 4073 3374 4117 et
3395 4061 3617 4132 triginta
3639 4076 3731 4116 su-

2159 4162 2457 4233 perfuisset
2482 4204 2500 4231 ,
2537 4164 2649 4218 vita
2680 4163 2941 4219 excessit.
2974 4161 3108 4218 Post
3137 4162 3290 4217 Sara:
3314 4157 3525 4213 obitum
3554 4156 3734 4210 Abra-

2157 4256 2354 4312 hamus
2383 4254 2786 4311 Damascenum
2813 4254 3134 4310 Eleazarum
3167 4250 3430 4306 famulum
3462 4249 3517 4303 in
3549 4248 3730 4305 Meso-

2155 4348 2457 4419 potamiam
2483 4348 2727 4419 legavit,
2765 4346 3186 4417 Rebeccamque
3220 4341 3481 4400 Bathuele
3507 4351 3731 4405 natam,

469 4431 612 4504 Ergo
642 4433 786 4489 Semi
815 4435 1045 4508 stirpem
1080 4453 1109 4491 a
1134 4440 1315 4510 primo
1370 4439 1666 4499 Abrahami
1716 4458 1862 4498 anno
1899 4460 2050 4500 nunc
2156 4439 2364 4519 Labani
2411 4454 2695 4505 sororem,
2733 4437 2925 4495 Isaaco
2954 4438 3068 4493 lilio
3115 4451 3219 4494 suo
3262 4433 3638 4489 collocandam
3674 4432 3731 4488 in

466 4525 724 4580 exordiar
761 4546 774 4581 :
805 4528 1073 4587 hactenus
1104 4531 1251 4585 enim
1289 4531 1346 4587 in
1398 4534 1781 4604 superioribus
1825 4535 2046 4606 scripsi,
2082 4567 2126 4621 υ
2155 4534 2508 4588 matrimonio
2550 4533 2787 4588 curavit.
2840 4530 2981 4586 Exin
3028 4531 3155 4626 ipse
3190 4542 3409 4600 quoque
3456 4524 3730 4626 Cinaram

467 4613 619 4669 brevi
654 4615 782 4671 licet
810 4620 974 4689 stylo,
1002 4621 1193 4677 multis
1219 4625 1643 4693 praetermissis:
1669 4640 1778 4697 quo
1800 4627 2050 4682 scriben-
2084 4613 2116 4621 ⁷
2157 4625 2262 4682 sibi
2293 4641 2517 4681 uxorem
2548 4624 2832 4695 adjunxit,
2864 4622 2933 4678 de
2960 4635 3069 4692 qua
3101 4621 3305 4675 liberos
3336 4634 3431 4674 sex
3463 4616 3726 4686 suscepit.

464 4703 522 4759 di
549 4720 750 4776 genere
783 4709 838 4763 in
862 4713 1223 4781 sequentibus
1252 4716 1417 4769 etiam
1444 4724 1590 4782 utar,
1611 4732 1734 4788 qua:
1768 4717 1837 4772 de
1866 4719 2050 4774 since-
2153 4718 2333 4788 Atque
2364 4720 2440 4774 ita
2470 4718 2784 4773 Abrahamo
2832 4715 3013 4770 tribus
3058 4728 3090 4768 e
3135 4712 3461 4785 conjugihus
3510 4710 3731 4766 soboles

464 4797 544 4854 ris
573 4806 686 4853 tum
718 4802 925 4858 exteris
956 4809 1072 4858 tum
1102 4806 1310 4863 nostris
1331 4806 1615 4864 historicis
1640 4817 1805 4879 prout
1826 4824 2044 4880 aequum
2153 4809 2347 4865 oborta
2406 4816 2540 4875 est;
2598 4807 2778 4879 primo
2833 4803 3054 4876 quidem
3114 4820 3184 4860 ex
3240 4803 3421 4873 Agare
3472 4800 3729 4874 Egyptia

463 4888 764 4955 videbitur,
797 4894 1158 4951 coacervabo.
2151 4898 2346 4955 Ismael
2367 4938 2383 4966 ,
2414 4914 2444 4953 a
2474 4914 2586 4970 (ιω
2614 4914 2751 4967 gens
2778 4895 3179 4952 Ismaelitarum
3205 4912 3223 4961 ;
3248 4901 3364 4949 tum
3392 4908 3425 4951 e
3456 4892 3593 4948 Sara
3619 4893 3731 4949 isa-

2215 5097 2330 5169 (42)
2362 5095 2656 5169 Syncellus
2679 5103 2739 5169 et
2759 5094 3071 5169 _Cedrenn_s,
3102 5092 3294 5169 Tanai.

2212 5160 2325 5238 (45)
2361 5160 2437 5221 na
2466 5168 2631 5221 etiam
2660 5166 2965 5238 Qedrenus,
3002 5164 3218 5238 Ioh”,
3245 5160 3730 5238 'étog__l_ida_otouc_rla;

458 5233 743 5314 ηομ..
831 5232 844 5234 ⁷
939 5232 1216 5314 -”.-
1362 5307 1412 5314 --
1549 5306 1562 5314 .
1744 5232 1864 5314 ,Ϊζ
2020 5232 2025 5233 ⁷

2165 5232 2240 5310 ἠὲ
2272 5232 2415 5314 κᾲτὰ
2448 5238 2629 5314 Ἰλιον.
2674 5235 2880 5314 Verum
2926 5234 3432 5314 Syncellus_p_._50,
3467 5233 3571 5314 ἓῳς
3610 5232 3732 5314 Ma;

532 5299 1152 5391 l5?)_§empe'6rwci.n
1173 5305 1242 5362 Et
1278 5307 1505 5391 quidem
1533 5306 1799 5391 Armenii
1819 5307 2040 5391 Graecos

2165 5299 2404 5391 ιιὲὀυσςας
2436 5307 2537 5377 τῆς
2574 5309 2720 5362 κατὰ
2748 5307 2924 5379 ἥλιον,
2953 5299 3118 5377 risque
3164 5304 3234 5359 ad
3250 5299 3328 5359 'H
3334 5305 3598 5358 astusiam
3627 5301 3729 5355 soli

458 5372 624 5453 vulgo
649 5372 870 5460 quidem
902 5373 1067 5460 Ignes
1101 5372 1326 5445 dicunt;
1352 5394 1477 5434 cum
1508 5390 1689 5436 autem
1711 5380 1906 5460 volunt
1932 5381 2044 5436 ειυ-
2147 5381 2467 5460 ορρᾳεξιαπιο
2492 5372 2505 5377 “
2669 5447 2682 5460 ,
2772 5372 2784 5379 ἰ
2813 5447 2829 5460 .
3092 5446 3108 5460 .
3194 5446 3210 5460 .
3344 5459 3347 5460 ν
3401 5444 3418 5460 ι

460 5443 697 5529 8991198.
712 5443 884 5529 {oqui2
921 5443 1522 5529 Hellenasannnquam
1548 5466 1682 5507 vero
1704 5449 1935 5506 ercos.
2179 5443 2337 5529 ’μυ
2379 5447 2758 5529 Iloanomine
2799 5445 3064 5529 Armenii
3092 5443 3605 5529 barbarosnrabi‘a:
3631 5456 3731 5513 po-

668 5510 930 5597 ‘,A.|°.é9d°v
955 5516 1314 5597 SOLQ'WC’W-
1374 5510 1393 5520 ’
1736 5590 1750 5597 Δ
1929 5590 1941 5597 _
2147 5510 2279 5597 pulo
2308 5510 2610 5597 antiquitus
2643 5519 3093 5597 indigitaverunt.
3139 5516 3218 5570 Ita
3251 5517 3306 5597 in
3335 5510 3725 5597 Biblis_Artn.,

530 5580 656 5670 (ὃῴ-
676 5581 828 5670 liaici
858 5580 1013 5670 pater
1031 5587 1397 5662 Thorgomus,
1416 5605 1575 5670 quem
1600 5590 1851 5648 nominat
1870 5590 2035 5647 etiam
2144 5580 2189 5644 II
2217 5580 2580 5670 liachablnxn
2601 5628 2615 5650 ,
2655 5589 2743 5643 40.
2763 5580 2875 5670 Ἑὶρ
2901 5590 3067 5670 etiam
3121 5588 3377 5656 sequiore
3416 5593 3728 5670 retatenap:

462 5648 712 5739 Ezechiel
744 5648 919 5739 ξινῖι,
953 5656 1040 5721 is,
1063 5670 1117 5713 et
1151 5648 1469 5727 χῖιιγιιιξϐ,
2143 5661 2419 5739 pellebant
2468 5648 2788 5739 Saracenos
2828 5659 3104 5739 Armenia:
3138 5648 3529 5739 oppressores;
3584 5652 3724 5739 ῼρξξιξ

670 5720 845 5799 Vulgo
862 5720 1119 5799 Armenii.
1372 5720 1381 5727 ⁷
2141 5720 2278 5784 ideo
2299 5744 2441 5799 quos
2467 5728 2713 5799 Europaei
2745 5729 2948 5784 Turcas
2964 5720 3451 5798 dicunt,'5rtnenii
3483 5720 3725 5793 Ταςὶαίοε

531 5720 647 5863 ξιοζ
670 5720 845 5795 Vulgo
862 5720 1119 5782 Armenii.
1372 5720 1381 5727 ⁷

556 5791 618 5843 ιι
662 5792 761 5847 -Αι.
792 5796 1151 5867 εοαηλςιιαο.

2165 5729 2278 5784 ideo
2299 5744 2441 5799 quos
2457 5728 2626 5810 .Eurol

2165 5814 2286 5856 tunc
2322 5808 2626 5854 nominant.

530 5074 644 5164 (1’35)
683 5088 815 5164 Vide
845 5091 1160 5164 Syncellum
1188 5102 1244 5151 et
1271 5093 1602 5153 Cedrenum.

533 5159 648 5241 (E56)
689 5159 902 5234 Nempe
933 5162 1295 5234 Cappadoces.
1340 5166 1480 5225 Vide
1525 5167 1724 5226 Euseb.
1764 5184 1889 5241 pag.
1938 5168 2035 5233 ιδ,
