4158 6414
529 369 630 418 (iii!

1551 357 1892 414 APPENDIX
1929 355 2020 410 AD
2059 351 2328 412 EUSEBII
2361 349 2784 408 CIIIIONICON.

3679 345 3786 400 6‘20

529 485 658 538 dum
687 485 744 537 in
775 483 1027 552 deserto,
1059 483 1288 552 ejusque
1329 496 1488 538 soror
1513 479 1786 535 Elisabeth
1835 477 2096 536 Eleazaro
2125 483 2172 538 Α
2199 475 2338 530 haus
2355 474 2630 544 captivum
2661 469 2906 532 abduxit,
2927 479 3218 537 regemque
3245 465 3380 518 dixit
3395 462 3782 518 Eliachimum.

529 575 762 629 Aaronis
793 575 905 628 ﬁlio
937 583 1106 644 nupta
1141 573 1240 628 fuit
1261 615 1276 640 ,
1309 588 1420 644 quo
1449 571 1705 642 conjugio
1751 581 1970 624 creatus
2017 575 2102 624 est

529 662 798 729 Phinees,
842 673 1006 735 atque
1051 666 1126 719 ita
1173 665 1398 734 contigit
1448 671 1506 718 ut
1547 660 1702 716 Iuda:
1755 676 1926 731 genus
1976 675 2102 716 cum

530 755 770 812 chitico
801 756 1058 811 afﬁnitate
1085 757 1426 828 jungeretur.
1465 753 1689 809 Salmon
1726 769 1902 809 annos
1937 759 2101 806 natus

531 856 674 904 xx‘xv
708 850 896 920 genuit
937 849 1198 905 Boosum.
1243 849 1500 919 Eratque,
1527 849 1626 912 ait,
1651 847 1878 900 Salmon
1921 845 2102 898 tribus

527 938 682 994 Iudae
739 941 1018 1011 princeps,
1071 955 1182 1010 quo
1227 950 1470 1010 tempore
1517 937 1679 994 Iesus
1725 953 1852 992 cum
1899 935 2100 1006 populo

526 1025 820 1084 Iordanem
850 1031 1082 1100 trajecit.
1139 1031 1190 1086 Is
1247 1045 1470 1084 uxorem
1519 1029 1794 1100 c0pulavit
1837 1027 1944 1084 sibi
1993 1027 2105 1082 Ba-

527 1117 726 1172 habam
745 1159 762 1184 ,
797 1135 956 1188 quam
1005 1121 1164 1174 divus
1193 1119 1524 1190 evangelista
1548 1119 1681 1174 dicit
1713 1117 2027 1174 Rechabam
2055 1119 2100 1170 ⁵.

531 1215 674 1270 Idem
702 1215 1108 1272 Bethlehemum
1131 1217 1320 1272 urbem
1345 1218 1402 1272 in
1424 1215 1578 1272 Iuda:
1599 1217 1808 1272 ditione
1827 1216 2098 1271 fundavit.

603 1309 685 1364 ll.
727 1309 936 1366 Boosus
982 1325 1156 1366 annos
1202 1319 1364 1367 natus
1411 1325 1546 1366 cvm
1597 1311 1784 1382 genuit
1830 1311 2098 1366 Obedum.

529 1399 702 1456 Booso
733 1403 916 1472 nupsit
957 1401 1138 1456 Rutha
1195 1403 1446 1459 Moabitis
1489 1403 1710 1459 femina.
1757 1401 2100 1473 Epiphanius

526 1491 888 1546 Amanitidem
913 1493 989 1546 ait
1011 1491 1246 1546 Rntham
1269 1534 1284 1558 ,
1311 1495 1522 1548 scilicet
1543 1495 1928 1548 Amonitidem.
1959 1491 2104 1550 Obe-

527 1584 630 1638 dus
658 1599 828 1639 annos
855 1593 1016 1638 natus
1043 1601 1096 1638 cr
1123 1587 1310 1655 genuit
1335 1583 1632 1650 Iessaaum;
1657 1584 1894 1642 Iessaaus
1927 1601 2102 1641 annos

531 1687 688 1731 natus
738 1691 882 1731 cmi
933 1679 1123 1748 genuit
1175 1677 1472 1744 Davidem;
1523 1677 1696 1732 David
1731 1693 1903 1734 annos
1937 1687 2104 1734 natus

529 1782 660 1822 Lvtn
695 1771 882 1836 genuit
937 1769 1308 1824 Solomonem.
1359 1769 1454 1824 Ille
1494 1770 1822 1826 tricenarius
1871 1785 2102 1842 regnum

2281 565 2466 620 XVIII.
2509 565 2842 618 Eliachimus
2869 603 2884 627 ,
2935 559 3188 628 idemque
3227 557 3580 622 Ioachimus,
3625 555 3786 612 annis

2211 673 2310 712 xu.
2343 655 2518 724 Hujus
2551 667 2696 707 anno
2723 651 2940 706 decimo
2981 647 3224 704 Iudaeam
3273 645 3784 702 Nabuchodonoso-

2211 766 2307 804 rus
2337 749 2580 812 domuit,
2613 753 2666 800 et
2697 753 2822 815 post
2851 753 3130 812 acceptum
3177 740 3248 794 ab
3276 739 3578 794 Eliachimo
3608 738 3786 792 tribu-

2211 851 2324 896 tum
2359 841 2649 896 abscessit.

2281 929 2422 984 XIX.
2463 928 2815 990 Ioachimus,
2849 925 3098 994 idemque
3136 921 3431 976 Iechonias
3453 959 3468 984 ,
3501 920 3788 974 mensibus

2213 1039 2296 1078 ιιι.
2333 1021 2608 1076 Reversus
2653 1017 3230 1072 Nabuchodonosor-us
3267 1011 3614 1067 Ioachimum
3645 1025 3784 1082 quo-

2209 1131 2316 1186 que
2348 1116 2400 1168 in
2435 1113 2802 1184 captivitatem
2832 1107 3158 1178 deportavit.

2283 1205 2400 1260 XX.
2442 1205 2748 1258 Mathanias
2771 1243 2786 1266 ,
2825 1201 3076 1270 idemque
3111 1197 3442 1282 Sedechias,
3479 1197 3640 1252 annis
3671 1212 3748 1250 xl.

2281 1298 2616 1354 Duodecimo
2677 1295 2958 1352 Sedcchia:
3012 1309 3156 1347 anno
3209 1291 3788 1346 Nabuchodonosorus

2210 1391 2498 1448 Chaldaeus
2540 1389 2717 1458 captis
2749 1385 3144 1457 Hierosolymis
3189 1387 3450 1454 templum
3499 1387 3782 1440 cremavit.

2211 1487 2484 1540 Manserat
2539 1483 2804 1552 templum
2851 1481 3012 1534 annis
3061 1495 3324 1534 ccccxut.
3379 1477 3436 1532 In
3479 1479 3786 1550 quadrage-

2211 1581 2366 1636 simae
2405 1576 2648 1648 septima:
2686 1573 3010 1644 Olympiadis
3055 1587 3257 1626 annum
3301 1579 3558 1642 quartum
3593 1569 3786 1624 incidit

2211 1670 2548 1742 captivitatis
2599 1667 2846 1730 initium,
2883 1665 3182 1734 eademque
3231 1679 3405 1718 annos
3437 1664 3786 1732 septuaginta

2211 1765 2521 1833 occupavit.
2553 1759 2686 1814 Post
2713 1773 2922 1812 annum
2953 1755 3292 1826 captivitatis
3325 1755 3646 1810 vicesimum
3679 1751 3788 1806 Na-

531 1862 844 1929 auspicatus
869 1869 985 1926 est,
1017 1863 1288 1932 annisque
1315 1877 1384 1916 xt.
1429 1862 1691 1927 retinuit,
1727 1863 1837 1916 vita
1891 1863 1958 1918 ad
2009 1877 2094 1917 se-
2135 1849 2176 1904 Β
2205 1856 2702 1912 buchodonosorus
2732 1869 2762 1908 e
2796 1855 2906 1906 vita
2935 1849 3208 1922 migravit.

531 1955 926 2025 ptuagesimum
959 1969 1160 2010 annum
1187 1961 1482 2024 protracta.
1514 1952 1772 2009 Solomon
1803 1969 1979 2008 annos
2003 1969 2102 2008 na-

529 2055 615 2101 tus
653 2063 768 2102 xxu
799 2047 912 2118 (54)
941 2049 1126 2118 genuit
1159 2046 1522 2102 Roboamum.
1567 2045 1714 2100 Idem
1763 2055 1962 2117 quarto
2015 2063 2103 2101 re-

531 2141 620 2210 gni
655 2141 740 2196 sui
775 2155 920 2194 anno
951 2141 1136 2210 templi
1169 2139 1458 2194 aediﬁcium
1503 2140 1794 2196 excitabat.
1839 2139 1924 2210 (Α
1957 2137 2106 2194 Mose

531 2247 864 2302 egressuque
889 2247 952 2287 ex
983 2232 1222 2304 Egypto
1250 2248 1424 2303 usque
1453 2231 1522 2287 ad
1565 2231 1914 2287 Solomonem
1959 2239 2102 2287 tem-

531 2325 714 2394 plique
763 2325 1038 2394 opiﬁcium
1087 2326 1452 2383 conﬁciuntur
1500 2326 1629 2380 anni
1679 2341 1972 2380 ccccuxx.
2021 2323 2104 2380 Ab

533 2418 737 2472 Adamo
785 2427 964 2474 autem
1021 2419 1406 2490 nulucutx.)
1461 2417 1606 2474 Idem
1664 2419 1968 2474 duodennis
2015 2433 2105 2473 re-

532 2527 694 2581 gnum
727 2511 954 2580 adeptus
997 2521 1082 2568 est
1130 2511 1281 2585 (55),
1333 2511 1480 2584 quod
1529 2527 1598 2565 ιι.
1651 2512 1812 2567 annis
1865 2511 2099 2576 insedit,

531 2617 718 2660 Vivens
744 2619 902 2658 annis
930 2619 1024 2660 LII.

601 2717 686 2772 I2.
727 2717 857 2774 Post
913 2718 1258 2774 Solomonem
1309 2718 1526 2775 Israelis
1577 2733 1804 2789 regnum
1855 2717 2106 2774 bifariam

531 2811 764 2866 divisum
799 2821 900 2869 est.
971 2811 1230 2868 Samaria:
1272 2813 1458 2868 decem
1501 2813 1757 2869 tribubus
1814 2813 2102 2886 imperavit

531 2901 888 2959 Ieroboamus
919 2903 1114 2960 Nabati
1153 2905 1328 2972 ﬁlius,
1363 2907 1520 2976 isque
1563 2921 1659 2961 rex
1704 2903 1920 2961 Israelis
1955 2905 2106 2960 voci-

531 3003 676 3052 tatus
707 3004 808 3052 est.
843 2993 1196 3068 Jerosolymis
1225 3003 1406 3052 autem
1448 2997 1737 3067 imperavit
1781 2995 2102 3051 Roboamus

533 3087 840 3144 Solomonis
876 3089 1020 3146 Iilius
1041 3129 1056 3154 ,
1089 3089 1244 3159 isque
1275 3103 1370 3143 rex
1401 3087 1558 3144 Iuda:
1587 3089 1892 3160 appellatus
1924 3097 2029 3145 est.

599 3178 640 3235 I.
683 3177 995 3237 Roboamus
1021 3191 1212 3253 regnat
1235 3179 1593 3254 Ierosolymis
1620 3181 1781 3238 annis
1809 3195 1942 3238 xvn.

598 3269 665 3327 ιι.
705 3273 872 3330 Abias
905 3275 1064 3330 annis
1099 3290 1181 3330 ιιι.

597 3361 686 3420 III.
724 3365 836 3422 Asa
869 3365 980 3438 (56)
1012 3367 1172 3422 annis
1201 3381 1311 3421 xu.

597 3457 688 3514 IV.
729 3457 1058 3530 Josaphatus
1091 3461 1250 3515 annis
1285 3475 1392 3514 xxv
1432 3457 1567 3532 (57).

599 3548 667 3604 V.
707 3549 962 3606 Ioramus
998 3551 1158 3608 annis
1195 3565 1314 3606 vm.

599 3641 690 3696 VI.
733 3641 1001 3700 Ochosias
1036 3658 1180 3699 anno
1213 3659 1253 3698 ι.

599 3733 714 3790 VII.
754 3735 979 3790 Godolia
1009 3747 1182 3791 mater
1211 3737 1332 3808 ejus
1360 3739 1520 3792 annis
1551 3751 1650 3792 vn.

605 3823 741 3878 VIII.
780 3823 976 3882 Joasus
1011 3828 1169 3883 annis
1199 3843 1290 3882 IL.
1323 3826 1458 3884 Tres
1493 3828 1660 3883 hosce
1691 3842 1880 3900 reges,
1909 3841 2105 3897 nempe

533 3913 828 3972 Ochosiam
878 3933 1002 3972 cum
1053 3917 1282 3974 Godolia
1334 3929 1539 3986 matre,
1587 3917 1814 3976 Ioasum
1851 3925 1906 3975 et
1939 3919 2106 3973 Ama-

532 4007 668 4062 siam
689 4047 704 4073 ,
733 4007 937 4064 idcirco
965 4011 1020 4064 in
1047 4025 1206 4066 suam
1233 4013 1602 4083 genealogiam
1629 4011 1966 4082 evangelista
1993 4025 2106 4065 non

531 4100 748 4165 intulit,
779 4101 923 4172 quod
956 4102 1046 4158 illa
1081 4103 1222 4168 ﬁlia,
1255 4103 1312 4157 hi
1343 4113 1567 4174 nepotes
1604 4103 1812 4159 Achabi
1845 4101 2100 4158 fuissent.

601 4190 692 4247 IX.
733 4191 982 4249 Amesias
1013 4195 1172 4251 annis
1199 4211 1349 4249 χχιιι.

598 4285 666 4340 Χ.
709 4287 970 4354 Azarias,
1021 4287 1272 4359 idemque
1317 4287 1520 4354 Ozias,
1576 4289 1737 4344 annis
1789 4301 1885 4342 ut.
1941 4285 2102 4339 Anno

525 4375 673 4432 Ozite
703 4377 1122 4450 quadragesimo
1153 4395 1300 4434 nono
1327 4380 1505 4449 prima
1535 4379 1809 4451 Olympias
1840 4385 1960 4432 acta
1993 4385 2098 4430 est.

601 4469 694 4526 XI.
735 4470 1055 4527 Ioathamus
1085 4473 1244 4529 annis
1275 4487 1390 4528 xvt.

2278 1946 2365 2001 15.
2405 1943 2656 2000 Iamvero
2687 1945 2742 1998 in
2769 1941 3004 1996 Matthxi
3035 1938 3350 2010 genealogia
3371 1937 3664 1992 Iechonias
3691 1951 3785 2006 ge-

2209 2040 2326 2094 nuit
2359 2037 2708 2094 Salatbielem
2758 2049 2904 2090 anno
2929 2035 3104 2088 aetatis
3135 2049 3220 2086 LVI
3279 2051 3290 2086 :
3343 2031 3430 2086 hic
3475 2029 3788 2086 Zorobabe-

2207 2132 2310 2186 lem
2355 2147 2500 2186 anno
2553 2146 2640 2184 LVI
2671 2147 2685 2196 ;
2740 2129 2830 2182 hic
2853 2125 3126 2180 Abiudum
3173 2141 3316 2180 anno
3343 2140 3446 2178 ιιι·
3477 2141 3490 2188 ;
3523 2123 3612 2176 hic
3643 2120 3786 2174 Elia-

2205 2223 2446 2278 chitnum
2477 2237 2622 2276 anno
2651 2237 2754 2286 1.x;
2791 2219 2878 2272 hic
2893 2219 3122 2272 Azorem
3147 2233 3290 2270 anno
3319 2230 3522 2278 xxxix;
3560 2215 3648 2268 hic
3689 2213 3790 2266 Sa-

2205 2315 2442 2370 docbum
2479 2329 2626 2369 anno
2657 2327 2808 2367 χχιιι.
2834 2310 3016 2364 Primo
3047 2307 3286 2362 Sadochi
3311 2322 3455 2362 anno
3483 2305 3790 2360 Alexander

2209 2406 2433 2462 Macedo
2473 2405 2753 2460 inclaruit.
2783 2402 2836 2456 Is
2863 2401 3086 2454 Achiam
3111 2413 3254 2452 anno
3281 2399 3456 2452 aetatis
3483 2411 3674 2459 xxnv;
3699 2395 3788 2448 hic

2204 2497 2462 2552 Eliudum
2501 2509 2648 2550 anno
2697 2509 2836 2552 xxx;
2863 2491 2952 2544 hic
2979 2489 3286 2542 Eliazarum
3343 2501 3486 2538 anno
3511 2499 3622 2536 Lxu
3649 2502 3664 2550 ;
3699 2483 3788 2536 hic

2207 2589 2518 2643 llathanem
2567 2597 2710 2638 anno
2759 2595 3010 2644 xxxviii;
3051 2577 3142 2630 hic
3174 2575 3435 2628 Iacobum
3477 2587 3621 2626 anno
3675 2587 3787 2634 1.x;

2207 2677 2298 2732 hic
2337 2673 2634 2743 Iosephqu
2699 2685 2844 2724 anno
2883 2683 3065 2721 Lxxvt.
3133 2663 3294 2718 Iesus
3340 2661 3596 2717 Christus
3641 2659 3786 2730 apud

2205 2769 2360 2825 Iudae
2393 2766 2804 2822 Bethlehemum
2847 2759 3114 2814 nascitur.
3173 2756 3396 2810 Summa
3445 2755 3708 2822 temporis
3755 2767 3788 2807 a

2209 2860 2398 2931 templi
2445 2855 2796 2926 reparatione
2847 2852 2914 2906 ad
2963 2849 3168 2908 Christi
3225 2848 3428 2901 natalia
3479 2848 3606 2900 anni
3659 2857 3786 2902 sunt

2207 2969 2377 3010 nxvnt
2403 2970 2418 3020 ;
2451 2967 2481 3005 a
2505 2949 2801 3005 Solomone
2827 2947 3114 3016 primoque
3142 2942 3328 3012 templi
3357 2940 3586 2996 aedilicio
3615 2951 3788 3006 usque

2209 3047 2276 3102 ad
2303 3045 2604 3102 secundum
2655 3040 2785 3096 anni
2833 3055 2988 3104 nxu;
3020 3037 3088 3092 ab
3117 3036 3266 3090 exitu
3317 3033 3384 3088 ad
3435 3033 3784 3086 Solomonem

2211 3139 2340 3195 alni
2367 3151 2638 3194 ccccuxx
2675 3150 2689 3200 ;
2721 3133 2790 3188 ab
2817 3133 3133 3188 Abrahamo
3161 3131 3228 3182 ad
3255 3127 3462 3182 exitum
3501 3123 3634 3179 anni
3675 3137 3742 3174 ω’
3768 3135 3784 3184 ;

2133 3191 2180 3252 c
2212 3191 2478 3288 a—dildvio
2506 3228 2573 3283 ad
2605 3191 2978 3280 Abrahamum
3021 3221 3149 3278 anni
3176 3233 3450 3276 nccccxtn
3481 3235 3494 3284 ;
3543 3216 3612 3268 ab
3639 3213 3788 3266 Ada-

2211 3340 2304 3380 mo
2359 3323 2426 3378 ad
2454 3321 2717 3378 diluvium
2763 3318 2892 3372 anni
2937 3330 3194 3370 unccxut
3233 3333 3244 3367 :
3285 3325 3499 3368 summa
3550 3305 3787 3374 denique
3885 3349 3890 3354 .

2211 3416 2475 3488 temporis
2507 3413 2578 3468 ab
2603 3411 2815 3466 Adamo
2861 3409 2928 3464 ad
2973 3407 3176 3464 Christi
3226 3403 3428 3458 natalia
3479 3397 3610 3452 anni
3657 3405 3787 3452 sunt

2211 3521 2768 3570 Iullucnxxxxvnt,
2825 3509 2990 3574 prout
3047 3497 3405 3570 Septuaginta
3457 3490 3790 3560 Interpretes

2211 3602 2428 3658 docent.

2283 3717 2372 3771 14.
2411 3713 2544 3769 Post
2569 3712 2778 3768 obitum
2810 3707 3124 3764 Solomonis
3147 3745 3162 3770 ,
3199 3713 3258 3758 ut
3287 3703 3401 3770 jam
3431 3699 3642 3754 dictum
3665 3707 3786 3758 est,

2211 3808 2496 3865 Roboamo
2544 3819 2770 3876 regnum
2827 3815 3064 3860 exorso.
3113 3797 3224 3850 imo
3275 3793 3454 3862 primo
3505 3788 3790 3859 regnantis

2211 3913 2360 3954 anno
2380 3937 2396 3964 ,
2431 3895 2694 3951 Samaria:
2721 3893 2912 3948 decem
2943 3887 3196 3944 tribubus
3227 3883 3497 3953 imperare
3525 3880 3694 3950 coepit

2284 3991 2328 4046 I.
2368 3988 2730 4045 Jeroboamus
2757 3982 2952 4038 Nabati
2983 3979 3130 4034 ﬁlius
3159 3977 3320 4030 annis
3349 3989 3487 4028 xxn.

2281 4081 2404 4138 Iam
2438 4081 2518 4137 uti
2551 4077 2774 4134 Davidis
2822 4083 2980 4130 aetate
3021 4069 3484 4142 prophetaverant
3527 4063 3786 4126 Gaddus,

2210 4176 2524 4239 Nathanes,
2577 4171 2871 4240 Asaphus;
2919 4177 3224 4233 rursusque
3272 4158 3582 4216 Solomonis
3629 4163 3788 4212 aetate

2215 4268 2532 4331 Sadochus,
2565 4263 2772 4318 Aebias
2803 4259 3065 4314 Silonites
3105 4265 3159 4310 ct
3205 4253 3467 4319 Sameas;
3511 4251 3584 4304 ita
3619 4246 3788 4302 etiam

2211 4358 2527 4418 Ieroboami
2609 4354 2819 4423 ﬁliique
2873 4350 2996 4419 ejus
3045 4347 3240 4402 Nabati
3295 4353 3454 4400 aetate
3505 4336 3784 4397 vaticinati

2215 4459 2343 4510 sunt
2385 4447 2623 4512 Achias,
2671 4443 2936 4506 Sameas,
2983 4449 3100 4494 tum
3147 4445 3202 4493 et
3243 4437 3332 4492 ille
3365 4437 3458 4506 qui
3503 4433 3568 4488 ad
3611 4429 3786 4498 ipsam

599 4563 715 4619 XII.
757 4563 1009 4620 Achazus
1037 4565 1196 4622 annis
1225 4581 1339 4621 xvr.
1367 4563 1670 4620 Undecimo
1697 4563 1903 4620 Achazi
1953 4575 2100 4616 anno

2209 4547 2473 4603 Samaria:
2501 4557 2651 4598 aram
2684 4539 2728 4604 ',
2763 4550 2866 4592 nec
2897 4549 3006 4588 non
3037 4531 3238 4586 Ioasus
3260 4569 3274 4592 ,
3309 4539 3361 4582 et
3387 4526 3502 4581 Ioel
3523 4564 3536 4589 ,
3567 4531 3618 4580 et
3647 4521 3788 4576 Aza-

527 4653 695 4710 Israel
725 4655 780 4708 in
811 4656 1129 4711 servitutem
1163 4669 1194 4709 a
1225 4654 1610 4710 Salmanasaro
1639 4655 1894 4710 redactus
1923 4663 2030 4708 est.

599 4745 735 4802 XIII.
773 4746 1036 4802 Ezechias
1076 4749 1233 4803 annis
1265 4764 1416 4804 xxix.
1448 4745 1604 4802 Nono
1657 4745 1906 4801 Ezechia:
1957 4759 2102 4800 anno

531 4835 757 4891 Romam
787 4839 1033 4894 condidit
1066 4837 1335 4894 Romulus
1355 4880 1370 4906 ,
1402 4838 1494 4908 qui
1526 4847 1641 4893 erat
1687 4840 1752 4892 ab
1787 4837 2099 4892 Abrahamo

529 4943 710 4982 annus
741 4945 1051 4984 nccuxxnl
1084 4931 1217 5004 (58).

599 5017 740 5074 XIV.
783 5019 1064 5078 Manasses
1092 5023 1253 5078 annis
1288 5037 1375 5074 ιγ.

601 5107 718 5162 XV.
763 5109 1000 5165 Amosus
1029 5111 1189 5165 annis
1225 5125 1334 5164 Ml.

599 5199 738 5256 XVI.
781 5201 957 5258 Iosias
987 5203 1146 5257 annis
1178 5219 1336 5256 χιιι.

601 5293 766 5348 XVII.
805 5293 1110 5350 Ioachasus
1145 5294 1425 5349 mensibus
1469 5309 1551 5348 Ill.
1593 5291 1924 5348 Ioachasum
1969 5289 2106 5345 Nec-

598 5449 624 5484 ⁸
659 5449 848 5506 Matth.
893 5467 932 5514 ι,
976 5451 1027 5504 5.
1107 5451 1126 5481 ⁵
1167 5451 1237 5506 III
1265 5451 1400 5522 Reg.
1437 5465 1552 5514 xm,
1597 5449 1648 5502 l.

607 5605 716 5676 (54)
755 5607 840 5661 Al.
872 5605 1028 5668 θοὰ..
1057 5623 1155 5662 χιι.

605 5673 717 5748 (55)
757 5677 834 5729 Ita
865 5677 940 5729 ait
967 5684 1020 5732 et
1048 5677 1377 5750 Eupolemus
1398 5677 1538 5748 apud
1563 5675 1888 5746 Eusebium,
1915 5673 2098 5744 Praep.

535 5761 716 5808 evang.
749 5761 802 5798 Ix
823 5783 837 5807 ,
869 5744 957 5798 '50.

609 5815 720 5888 (56)
759 5813 846 5868 Al.
879 5814 1002 5871 cod.
1023 5855 1036 5880 ,
1067 5817 1328 5888 Asaphus.

2213 4643 2324 4697 rias
2354 4639 2606 4706 idemque
2629 4629 2820 4686 Addus
2839 4667 2854 4694 ,
2889 4635 3052 4696 atque
3079 4622 3341 4676 Ananias.

2283 4729 2347 4786 Il.
2390 4729 2630 4784 Nabatus
2665 4721 2824 4778 annis
2854 4736 2914 4774 ιι.

2285 4821 2374 4878 ιιι.
2413 4820 2574 4889 Bajas
2605 4815 2718 4888 (δι)
2752 4812 2912 4868 annis
2945 4827 3096 4866 xxiv.

2285 4914 2374 4969 IV.
2415 4911 2514 4966 Eia
2545 4909 2704 4964 annis
2735 4923 2796 4962 ιι.

2282 5009 2350 5064 ν.
2392 5005 2614 5061 Zambri
2643 5001 2928 5058 mensibus
2953 5013 3050 5051 vn.

2283 5099 2374 5154 VI.
2417 5097 2570 5152 Amri
2603 5095 2765 5150 annis
2794 5109 2895 5148 xu.

2282 5189 2396 5246 VII.
2439 5191 2732 5244 Achaabus
2765 5187 2925 5241 annis
2958 5197 3096 5238 χιιι.

2285 5285 2398 5340 Sub
2431 5285 2533 5338 hoc
2559 5283 2836 5353 prOphetze
2867 5279 3086 5334 fuerunt
3116 5269 3351 5335 Abdias,
3384 5267 3531 5322 Elias
3551 5306 3566 5332 ,
3595 5262 3758 5320 Iesus
3783 5300 3798 5324 ,

2288 5598 2398 5662 (57)
2438 5594 2522 5649 Al.
2553 5592 2676 5647 cod.
2699 5630 2716 5654 ,
2749 5603 2921 5662 xcv".

2438 5643 2978 5734 bimuli—ademptaque
3003 5655 3190 5712 Romae
3215 5655 3318 5710 hoc
3337 5665 3483 5706 anno
3505 5664 3536 5701 a
3561 5643 3796 5701 Romulo

2215 5729 2481 5797 aediﬁcata
2509 5733 2674 5788 tradit
2702 5729 2988 5784 Eusebius.

2289 5809 2404 5886 (59)
2441 5803 2642 5863 Euseb.
2663 5843 2678 5872 ,
2711 5801 2944 5856 Bactrus.
