4158 6412
524 356 635 412 623

1574 344 1917 433 APPENDIX
1955 344 2045 399 AD
2084 345 2357 401 EUSEBII
2396 342 2812 400 CHRONICON.

595 470 710 527 VII.
744 467 1059 525 Alexandra
1098 481 1237 523 uxor
1291 463 1587 520 Alexandri
1636 461 1796 518 annis
1854 476 1932 517 ιι.
1988 438 2113 518 Ilaec
2142 472 2190 526 Α
2290 461 2379 517 IV.
2421 457 2646 524 Zames,
2665 462 2760 532 qui
2784 468 2838 516 et
2870 457 3100 521 Ninuas,
3132 455 3292 511 annis
3325 471 3498 510 xxxu.

516 561 840 618 Alexandra
865 559 1055 613 Salina
1081 564 1272 614 vocata
1312 562 1419 611 est.

594 652 731 708 VIII.
760 652 1052 725 Hyrcanus
1076 650 1235 704 annis
1265 664 1432 702 xxxiv
1468 646 1602 718 (65).

592 747 686 803 20.
715 746 855 801 Cum
886 743 1232 799 Aristabulus
1275 749 1329 795 et
1372 738 1660 811 Hyrcanus
1687 738 1986 794 Alexandri
2018 738 2115 793 ﬁlii

528 842 674 895 inter
704 853 765 894 se
797 841 1208 898 concertarent,
1232 832 1525 903 Pompeius
1550 832 1830 887 Romanus
1850 847 2115 903 superve-

527 930 1077 990 niensAristabulum
1100 927 1353 982 vinctum
1373 941 1560 981 secum
1588 925 1837 991 abduxit,
1863 923 2119 997 Hyrcano

530 1034 711 1082 autem
750 1022 1132 1094 pontiﬁcatum
1160 1018 1532 1081 conﬁrmavit,
1565 1017 1659 1088 qui
1695 1017 1918 1088 quidem
1956 1016 2119 1073 annis

528 1129 765 1190 quatuor
800 1116 1137 1187 trigintaque
1160 1120 1283 1184 post
1316 1126 1347 1165 a
1383 1110 1605 1166 Parthis
1650 1119 1846 1179 captus
1871 1116 1979 1167 est.
2028 1106 2121 1164 Sic

528 1211 839 1269 Iudaeorum
893 1222 1121 1277 regnum
1143 1206 1406 1275 unctique
1464 1201 1726 1273 praesides
1773 1201 2120 1278 desiverunt,

530 1306 610 1359 uti
648 1303 837 1357 Daniel
876 1300 1241 1372 praedixerat:
1288 1304 1584 1352 unctorum
1609 1301 1793 1349 autem
1819 1293 2123 1365 praesidum

529 1397 753 1453 nomine
779 1393 1069 1466 pontiﬁces
1089 1393 1496 1463 intelliguntur,
1531 1389 1627 1459 qui
1665 1395 1794 1458 post
1832 1386 2071 1442 reditum
2092 1400 2122 1439 a

530 1490 855 1561 captivitate
878 1487 1086 1560 populo
1114 1484 1456 1556 prazfuerunt
1485 1502 1497 1537 :
1535 1481 1743 1552 quique
1763 1479 1881 1535 orsi
1911 1492 1942 1532 a
1966 1491 2125 1534 sexa-

531 1586 737 1654 gesima
760 1582 951 1652 quinta
980 1577 1290 1651 olympiade
1325 1577 1432 1632 sub
1462 1574 1649 1638 Dario,
1684 1571 1994 1644 Olympiade
2026 1570 2123 1625 de-

530 1690 682 1730 mum
709 1675 1009 1731 centesima
1034 1671 1368 1740 octogesima
1412 1677 1566 1725 sexta
1626 1668 1788 1722 ﬁnem
1831 1662 2121 1722 fecerunt:

532 1764 680 1836 quod
714 1764 977 1835 temporis
1016 1764 1361 1818 intervallum
1395 1760 1583 1815 Daniel
1616 1758 1882 1830 propheta
1907 1764 2129 1827 septua-

2286 554 2351 609 Υ.
2391 555 2557 609 Arius
2586 554 2749 609 annis
2775 569 2902 607 xxx.

2288 645 2379 701 VI.
2418 645 2641 700 Aralius
2668 647 2827 698 annis
2856 658 2945 697 ιι..

2218 774 2224 783 .
2290 735 2401 791 Vll.
2442 735 2672 799 Xerxes,
2708 735 2802 805 qui
2829 741 2885 789 et
2914 733 3131 795 Baleus,
3164 732 3324 787 annis
3355 746 3483 785 xxx.

2288 828 2422 883 VIII.
2465 828 2851 883 Armamithris
2882 828 3043 883 annis
3076 840 3309 882 xxxvm.

2290 922 2381 978 IX.
2422 921 2691 977 Bclochus
2714 922 2873 977 annis
2904 937 3068 977 xxxv.

2292 1012 2359 1068 X.
2402 1012 2595 1068 Baleus
2625 1013 2784 1068 annis
2812 1029 2879 1067 xv
2906 1011 3041 1083 (69).

2218 1158 2224 1164 ,
2292 1104 2384 1159 Xl.
2425 1104 2652 1161 Altadas
2678 1105 2838 1160 annis
2861 1120 3034 1159 ιιιιι.

2294 1196 2407 1251 ιιι.
2449 1196 2713 1251 Mamelus
2741 1196 2901 1251 annis
2934 1211 3062 1251 xxx.
3089 1194 3251 1249 Auno
3280 1193 3445 1264 hujus
3482 1200 3681 1264 quarto
3710 1189 3809 1246 do-

2225 1291 2368 1347 cimo
2400 1286 2672 1361 Iosephus
2702 1290 2856 1343 obiit.

2299 1381 2439 1437 XIII.
2479 1381 2746 1453 Mamylus
2777 1380 2915 1434 alter
2943 1378 3105 1434 annis
3134 1393 3267 1433 xxx.

2298 1471 2437 1527 XIV.
2481 1468 2799 1543 Sparaethus
2829 1470 2990 1526 annis
3021 1485 3110 1525 ιι..

2298 1566 2415 1621 XV.
2457 1564 2807 1621 Manchaleus
2837 1563 3000 1620 annis
3031 1578 3159 1618 xxx.

2298 1657 2441 1715 XVI.
2507 1657 2765 1729 Spharus
2825 1656 2987 1711 annis
3050 1671 3142 1709 xx.
3214 1651 3387 1723 lIujus
3445 1666 3591 1707 anno
3646 1652 3812 1707 tertio

2228 1752 2469 1823 Cecrops
2499 1750 2732 1806 Athenis
2763 1751 2974 1821 primus
3009 1748 3276 1830 regnavit.

533 1831 685 1930 ginta
714 1831 1114 1914 hebdomadam
1166 1857 1330 1912 titulo
1362 1855 1807 1910 adumbraverat.
1850 1853 2112 1924 Equidem
2146 1831 2188 1884 Β
2286 1843 2452 1899 XVII.
2493 1843 2733 1899 Ascades
2761 1842 2875 1913 (70)
2907 1843 3066 1897 annis
3090 1857 3178 1896 ιι..
3206 1839 3379 1911 Hujus
3420 1847 3611 1930 o_ctavo
3662 1850 3810 1930 anno

534 1926 660 2021 post
684 1948 999 2021 Hyrcanum
1028 1964 1190 2003 nemo
1218 1947 1322 2002 fuit
1347 1962 1599 2018 egenere
1634 1944 1982 2008 sacerdotali,
2018 1942 2115 1999 sed
2220 1936 2398 1993 Moses
2435 1936 2553 2007 jam
2596 1934 2981 2007 octogenarius
3014 1933 3276 2004 populum
3316 1946 3382 1985 ex
3417 1928 3654 1999 Egypto
3677 1926 3809 1983 sub—

535 2037 734 2108 ignotze
764 2037 953 2107 stirpis
979 2035 1244 2091 menstrui
1269 2034 1492 2107 quidam
1518 2036 1600 2090 vel
1628 2034 1793 2089 annui
1830 2032 2113 2104 praesides.
2218 2030 2393 2085 duxit.

535 2126 677 2182 Tum
703 2128 943 2198 denique
966 2126 1210 2183 Herodes
1230 2128 1536 2200 alienigena
1585 2143 1814 2199 regnum
1853 2127 2114 2191 obtinuit,

537 2219 700 2288 cujus
720 2219 1000 2274 tricesimo
1033 2219 1275 2275 secundo
1309 2235 1453 2275 anno
1489 2219 1755 2277 Dominus
1799 2218 1999 2277 Noster
2022 2218 2119 2276 Je-

540 2325 638 2367 sus
658 2310 919 2367 Christus
954 2321 1116 2367 natus
1144 2320 1253 2368 est.

1154 2444 1383 2500 CAPUT
1408 2445 1499 2504 Vl.

1003 2556 1190 2612 Cliami
1221 2562 1469 2630 prosapia
1513 2560 1655 2633 (66).

621 2673 668 2728 ι.
705 2670 983 2728 Hactenus
1014 2688 1114 2730 nos
1148 2688 1247 2744 pro
1270 2682 1528 2744 suscepto
1555 2675 1841 2746 proposito
1871 2684 2120 2746 posteros

545 2762 692 2819 Semi
718 2764 787 2818 ad
816 2765 1108 2821 adventum
1141 2782 1316 2837 usque
1354 2766 1561 2823 Christi
1610 2768 1813 2824 divinis
1854 2769 2011 2825 libris
2034 2771 2125 2824 in-

542 2858 657 2914 nixi
684 2857 1033 2929 digessimus.
1067 2858 1224 2914 Nuuc
1258 2860 1326 2915 ad
1363 2859 1631 2915 Chamum
1681 2876 1804 2933 quae
1847 2862 2124 2931 pertinent

543 2948 832 3003 scribenda
887 2958 1051 3017 sunt;
1097 2950 1243 3004 haud
1295 2966 1458 3018 sane,
1509 2958 1569 3005 ut
1592 2949 1763 3016 Semi,
1819 2952 2123 3008 liberorum

542 3040 855 3107 successio,
890 3043 987 3097 sed
1017 3057 1283 3098 annorum
1326 3059 1623 3112 numerus,
1654 3059 1845 3115 regum
1876 3045 2123 3111 nomina,

2289 2121 2479 2179 XVIII.
2520 2120 2786 2194 Amyntas
2816 2119 2977 2175 annis
3010 2134 3137 2173 va.

2288 2211 2435 2268 XIX.
2475 2210 2744 2267 Belecbus
2773 2208 2887 2280 (7i)
2920 2208 3081 2263 annis
3115 2222 3243 2261 xxv.

2292 2303 2411 2359 XX.
2454 2303 2747 2374 Balepares
2771 2301 2933 2356 annis
2969 2314 3103 2354 xxx.

2295 2395 2438 2452 XXI.
2478 2394 2805 2467 Lamprides
2835 2392 2997 2448 annis
3029 2407 3204 2446 xxxu.

2293 2489 2459 2545 XXII.
2499 2490 2757 2560 Pannyas
2783 2487 2946 2542 annis
2977 2502 3105 2540 va.

2294 2580 2485 2638 XXIII.
2528 2580 2819 2637 Sosarmus
2858 2579 3019 2635 annis
3055 2593 3173 2632 ιιι.

2294 2673 2484 2730 XXIV.
2527 2673 2761 2729 Zosares
2793 2671 2957 2728 annis
2990 2687 3084 2725 xx.

2294 2766 2462 2823 XXV.
2505 2766 2828 2837 Lamprides
2861 2765 3024 2820 annis
3061 2779 3192 2818 xxx.

2292 2860 2486 2917 XXVI.
2530 2860 2809 2914 Mithrazus
2845 2858 3006 2912 annis
3036 2872 3208 2911 xxvn.

2294 2952 2510 3008 XXVII.
2559 2951 2836 3006 Taulanes
2867 2940 3025 3004 annis
3056 2964 3207 3002 ιιιι.
3245 2945 3406 2999 Anno
3440 2941 3708 2998 Tautanis
3729 2933 3815 2997 vi-

2226 3050 2433 3104 cesimo
2460 3047 2655 3117 quinto
2688 3044 2822 3099 urbs
2849 3042 3010 3097 Ilium
3040 3048 3198 3111 capta
3234 3048 3337 3096 est.

542 3139 659 3234 tum
680 3148 930 3203 quamam
963 3142 1153 3238 gentes
1196 3137 1440 3207 potentia
1483 3144 1659 3238 auctae
1700 3138 1996 3238 alterutras
2031 3137 2126 3195 de-
2152 3177 2198 3238 Ο
2296 3138 2539 3194 XXVIII.
2580 3136 2835 3193 Tentatus
2856 3134 3019 3237 annis
3048 3146 3137 3188 ιι..

541 3223 816 3292 vicerunt,
849 3240 1023 3295 usque
1046 3226 1114 3281 ad
1140 3228 1435 3282 humanam
1491 3225 1803 3284 Servatoris
1843 3235 2120 3283 naturam.

541 3310 623 3369 Ex
649 3316 899 3387 eoigitur
929 3317 1071 3380 loco,
1114 3318 1173 3372 in
1226 3333 1337 3389 quo
1388 3333 1571 3375 sermo
1618 3329 1807 3377 noster
1855 3319 2124 3386 substitit,

543 3420 669 3461 cum
703 3406 896 3463 Chami
936 3410 1362 3478 procreationes,
1380 3422 1544 3482 prout
1574 3427 1671 3468 eas
1702 3427 1878 3469 sacrae
1906 3411 2128 3470 Litterae

541 3498 861 3565 tradebant,
889 3499 1320 3572 descripsimus;
1358 3504 1577 3571 exinde,
1602 3504 1852 3577 inquam,
1881 3506 2130 3563 ordiatur

542 3593 788 3647 narratio
809 3609 840 3648 e
871 3602 1035 3648 certa:
1064 3594 1189 3650 ﬁdei
1228 3595 1387 3652 libris
1441 3598 1661 3665 hausta,
1704 3615 1902 3670 nempe
1928 3614 2127 3655 secun-

544 3683 675 3738 dum
727 3685 1074 3741 narrationes
1125 3687 1514 3745 chronicorum
1574 3689 1799 3748 Eusebii
1845 3707 2129 3747 canonum

546 3774 912 3845 historicique
964 3777 1352 3835 Armeniorum
1378 3781 1547 3840 Mosis
1565 3784 1962 3853 Chorenensis;
1993 3800 2132 3856 quo-

546 3881 672 3920 rum
715 3867 935 3936 quidem
986 3878 1299 3939 postremus
1355 3874 1437 3929 sic
1495 3876 1571 3929 ait
1603 3875 1756 3947 (67):
1801 3875 1922 3932 «De
1977 3875 2127 3942 Belo,

546 3958 710 4027 cujus
728 3966 892 4015 tetate
904 3961 1174 4018 maximus
1198 3971 1387 4019 noster
1415 3969 1731 4037 progenitor
1752 3967 1889 4022 vixit
1904 3966 2128 4034 Haicus,

548 4049 707 4104 multi
736 4051 905 4108 multa
940 4054 1201 4124 variaque
1217 4055 1594 4127 tradiderunt;
1629 4076 1729 4132 ego
1759 4069 1942 4117 autem
1967 4077 2131 4132 quem

551 4140 851 4197 Saturnum
898 4156 1215 4217 nuncupant
1268 4158 1432 4219 atque
1492 4150 1679 4207 Belum
1710 4193 1726 4220 ,
1794 4153 2132 4210 Nebrothum

549 4232 723 4290 fuisse
751 4235 837 4290 aio
865 4251 879 4287 :
910 4252 1018 4307 qua
1048 4254 1212 4309 super
1233 4256 1293 4296 re
1321 4240 1564 4314 Egyptii
1592 4260 1717 4299 cum
1742 4245 1891 4302 Mose
1911 4247 2133 4317 conspi~

552 4333 696 4392 rant,
716 4337 1105 4397 percensentes
1143 4330 1473 4401 Vulcanum,
1501 4335 1681 4391 Solem
1713 4353 1779 4391 ac
1806 4336 2131 4407 Saturnum,

549 4417 645 4487 qui
694 4426 824 4471 sunt
870 4419 1132 4486 Chamus,
1187 4423 1369 4480 Cusus
1431 4442 1496 4481 ac
1547 4426 1884 4496 Nebrothus,
1925 4431 2132 4488 omisso

2298 3228 2489 3285 XXIX.
2530 3228 2806 3285 Otheneus
2831 3225 2993 3283 annis
3017 3241 3146 3280 xxx.

2301 3321 2471 3379 XXX.
2520 3320 2804 3394 Dercyllus
2836 3320 2997 3375 annis
3036 3334 3127 3373 ιι..

2297 3417 2491 3473 XXXI.
2528 3416 2783 3489 Eupalles
2830 3417 2990 3471 annis
3032 3429 3265 3470 xxxviii.
3297 3410 3515 3467 Tertius
3559 3421 3624 3461 ac
3652 3404 3817 3459 trico-

2230 3514 2405 3569 simus
2444 3512 2610 3581 hujus
2646 3526 2826 3565 annus
2864 3509 3059 3563 incidit
3105 3508 3160 3560 in
3212 3514 3467 3576 quartum
3504 3497 3816 3554 Solomonis

2232 3620 2437 3661 annum
2468 3612 2633 3674 atque
2660 3604 2715 3657 in
2748 3601 2937 3670 templi
2961 3598 3264 3669 opiﬁcium.

2302 3695 2518 3750 XXXII.
2558 3694 2929 3749 Lavosthenes
2982 3690 3144 3745 annis
3202 3703 3328 3741 va.
3391 3682 3540 3739 Gens
3593 3678 3819 3734 Iudaica

2232 3787 2481 3844 bifariam
2511 3785 2793 3841 dividitur.

2304 3878 2538 3934 XXXIII.
2578 3876 2858 3947 Per-tiages
2890 3874 3005 3947 (72)
3037 3872 3196 3929 annis
3218 3886 3349 3927 xxx.

2302 3971 2547 4030 XXXIV.
2585 3970 2853 4042 Ophrates
2877 3970 3037 4025 annis
3065 3984 3161 4023 xx.

2300 4066 2518 4121 XXXV.
2556 4064 2899 4137 Ophratanes
2924 4063 3085 4119 annis
3111 4077 3165 4116 ι..

2306 4158 2545 4213 XXXVI.
2590 4156 2886 4227 Acrapales
2915 4154 3078 4210 annis
3110 4166 3246 4207 xm.

2303 4250 2568 4307 XXXVII.
2610 4250 2874 4305 Thonnus
2894 4248 3256 4311 Goncolerus,
3281 4242 3466 4303 Graece
3486 4238 3666 4295 dictus
3682 4233 3817 4291 Sar-

2235 4344 2575 4415 danapallus,
2607 4341 2767 4396 annis
2790 4357 2884 4395 xx.

2306 4434 2360 4489 5.
2404 4431 2832 4501 Sardanapallus
2864 4430 2953 4485 hic
2984 4427 3299 4483 tricesimus
3330 4430 3595 4494 septimus
3623 4434 3655 4472 a
3685 4415 3816 4472 Belo

551 4507 868 4564 Mestraimo
894 4527 908 4562 :
943 4513 1181 4581 primum
1211 4521 1357 4571 enim
1408 4519 1554 4590 apud
1582 4536 1643 4576 se
1674 4521 1951 4579 hominem
1975 4524 2132 4580 aiunt
2166 4522 2208 4577 D
2241 4523 2360 4589 fuit,
2384 4538 2682 4595 regumque
2712 4522 3060 4591 Assyriorum
3089 4526 3421 4589 postremus.
3464 4512 3610 4566 Idem
3662 4508 3822 4562 volu-

555 4600 727 4656 fuisse
755 4600 1084 4659 Vulcanum.
1113 4626 1131 4658 ι

619 4691 675 4748 2.
715 4692 859 4766 Ergo
890 4711 954 4749 ex
990 4697 1093 4751 hoc
1115 4699 1253 4771 jipso
1286 4699 1414 4757 Belo
1458 4713 1645 4760 noster
1680 4706 1836 4763 hicce
1865 4716 2136 4767 tractatus

544 4785 893 4844 inchoandus
921 4782 1025 4847 est.

620 4876 663 4935 I.
698 4878 860 4936 Belus
890 4884 1164 4941 universis
1192 4886 1333 4943 Asiae
1366 4888 1685 4959 provinciis,
1714 4900 1917 4962 praeter
1948 4892 2131 4961 Indos,

550 4971 865 5029 dominatur
891 4978 1050 5033 annis
1070 4995 1182 5034 1.in
1215 4980 1355 5051 (68).

621 5061 687 5121 II.
728 5064 901 5123 Ninus
930 5069 1059 5125 item
1090 5081 1215 5141 post
1253 5072 1439 5129 Belum
1481 5077 1642 5133 annis
1675 5094 1772 5134 LII.
1809 5078 1934 5135 Nini
1965 5081 2135 5151 hujus

553 5154 973 5228 quadragesimo
1022 5170 1220 5231 quarto
1278 5180 1424 5220 anno
1468 5168 1811 5227 Abrahamus
1866 5188 1897 5227 a
1954 5171 2136 5227 Thara

550 5248 768 5317 genitus
798 5258 901 5305 est.

622 5337 709 5395 III.
754 5340 1074 5404 Samiramis
1107 5348 1232 5404 Nini
1255 5350 1457 5421 conjux
1488 5353 1646 5408 annis
1682 5370 1814 5410 xw.

649 5500 739 5572 65)
771 5503 857 5558 Al.
890 5507 1039 5572 cod.,
1072 5525 1259 5564 xxxvi.

650 5571 738 5640 66)
767 5575 802 5625 Η
814 5592 918 5631 unc
939 5571 1158 5633 titulum
1185 5581 1389 5637 habent
1410 5582 1651 5639 codices.

649 5500 739 5567 65)
771 5503 857 5558 Al.
890 5507 1039 5572 cod.,
1072 5525 1088 5561 ι

650 5571 740 5711 2?;
767 5575 918 5700 es:

653 5712 740 5780 68)
786 5687 945 5788 Aug:
980 5689 1088 5777 ὺρξ

688 5784 740 5843 9)
780 5785 864 5840 AI.
901 5796 1045 5843 cod..
1087 5811 1088 5814 ‘

786 5716 945 5801 ἔλυε-ν
980 5721 1053 5801 _De
1072 5727 1169 5781 riv.
1201 5724 1313 5795 Dei,
1342 5744 1453 5799 xvr,
1484 5730 1765 5801 l7,scrihit
1794 5746 1918 5788 xxv.

688 5784 740 5850 9)
780 5784 1045 5859 An.'c0d.,
1087 5808 1185 5850 LII.

2239 4618 2427 4689 ptarire
2455 4615 2696 4670 mollitiae
2725 4613 3063 4682 luxuriaeque
3086 4609 3267 4667 studio
3313 4614 3544 4663 cunctos
3587 4601 3679 4669 qui
3713 4600 3819 4655 sibi

2238 4711 2631 4779 praecesserant
2664 4703 2967 4774 superavit.
2995 4699 3362 4767 Quamobrem
3395 4693 3666 4749 Varnaccs
3696 4689 3821 4759 qui-

2238 4798 2386 4863 dam,
2412 4794 2601 4868 patria
2632 4794 2842 4860 Medus,
2866 4793 3033 4848 homo
3052 4792 3262 4846 viribus
3283 4785 3610 4858 egregioque
3635 4780 3820 4835 animo

2238 4891 2518 4963 praeditus,
2552 4904 2676 4944 cum
2712 4887 2993 4943 Medorum
3020 4883 3134 4940 dux
3160 4887 3329 4945 esset,
3367 4890 3619 4946 unusque
3649 4889 3717 4930 ex
3751 4872 3821 4927 iis

2237 4986 2329 5056 qui
2362 4984 2430 5039 ad
2474 4983 2664 5039 urbem
2695 4982 2897 5037 Ninum
2928 4977 3227 5051 quotannis
3259 4971 3553 5035 veniebant
3586 4969 3823 5024 ducatus

2238 5088 2407 5128 causa
2450 5070 2783 5138 exercendi;
2817 5070 2886 5135 is,
2923 5068 3170 5138 inquam,
3202 5063 3427 5134 cognito
3469 5060 3612 5130 regis
3655 5071 3825 5128 pravo

2240 5167 2479 5238 ingenio,
2514 5165 2719 5220 amicos
2769 5163 2870 5218 sibi
2910 5162 3234 5217 liberalitate
3280 5154 3547 5219 devinxit,
3591 5150 3825 5206 Belesim

2239 5259 2297 5312 in
2332 5256 2529 5327 primis
2571 5269 2845 5311 summum
2884 5255 3078 5309 ducem
3127 5248 3574 5322 Babyloniorum,
3604 5243 3829 5314 quicum

2240 5349 2377 5402 inita
2406 5349 2667 5403 societate
2698 5346 3154 5417 Sardanapallum
3188 5340 3503 5404 debellavit,
3539 5338 3635 5410 qui
3675 5349 3826 5391 sece-

2308 5514 2422 5635 (73)
2467 5513 2542 5567 Ita
2595 5514 2759 5567 etiam
2790 5511 3082 5568 Eusebius.
3119 5510 3267 5567 Idem
3296 5517 3480 5564 tamen
3523 5501 3676 5563 alibi,
3720 5497 3823 5551 As-

2308 5597 2359 5635 la
2401 5602 2477 5635 88.

2239 5597 2477 5639 εωααειι.

2309 5655 2423 5724 (7i)
2455 5654 2681 5718 Euseb.,
2710 5655 2993 5709 Belecbus.

2311 5722 2423 5797 (72)
2457 5726 2558 5793 Id.,
2590 5724 2906 5781 Peritiades.

3708 320 3921 394 ου’
