4158 6434
371 396 475 452 €25

1105 394 1451 453 SAMUELIS
1480 397 1797 454 ANIENSIS
1841 397 2187 457 SUMMABII
2224 388 2611 453 TEMPORUM
2639 394 2819 450 PARS
2854 392 2895 451 ι.

3529 392 3634 447 626

371 516 505 571 deus
535 516 590 577 in
615 516 821 589 regiam
845 515 1098 573 incendio
1125 527 1296 574 semet
1320 521 1599 576 cremavit.
1634 519 1772 574 Tum
1800 521 1942 576 Bele-
1972 530 2019 586 Α
2114 519 2168 575 5.
2209 517 2365 574 Nunc
2398 533 2496 589 age
2523 516 2803 572 Medorum
2833 529 2992 587 rcges
3015 527 3373 586 exponamus.
3402 507 3635 569 Exstln-
3692 597 3699 603 κ

373 609 474 662 sim
501 606 763 679 Babyloni
792 625 975 680 regem
1042 611 1304 682 imposuit
1324 611 1621 676 Varbaces,
1650 612 1945 683 itidemque

371 697 655 754 Parcarum
708 711 956 756 nostrum
1009 712 1234 773 propter
1278 703 1381 758 sibi
1422 710 1674 759 navatam
1725 719 1943 774 operam

373 791 680 848 diademate
729 795 944 848 ornavit
985 794 1139 865 (73);
1187 794 1302 865 ipse
1360 804 1539 850 autem
1597 795 1946 866 Assyriorum

373 879 440 934 ad
472 878 658 935 Medos
704 882 984 938 transtulit
1028 882 1338 952 imperium.
1393 882 1529 937 Exin
1577 883 1947 954 interregnum

371 980 487 1027 erat
516 989 690 1044 usque
721 975 786 1029 ad
815 974 1092 1032 Medorum
1118 990 1300 1048 regem
1327 975 1595 1047 Dejocem.
1622 974 1949 1031 Intermedio

372 1072 617 1135 tempore
641 1066 878 1121 Chaldaei
918 1083 1099 1123 rerum
1135 1069 1290 1139 potiti
1330 1077 1497 1135 sunt;
1525 1076 1774 1138 'quorum
1815 1076 1951 1123 tem-

372 1169 505 1224 pora
539 1163 594 1210 et
620 1158 998 1213 successiones
1028 1174 1152 1214 cum
1192 1160 1308 1215 suis
1334 1159 1700 1230 peculiaribus
1729 1161 1950 1231 regibus

372 1245 602 1299 seorsim
635 1246 969 1302 scribuntur.

442 1336 497 1390 4.
538 1336 637 1393 IIic
661 1354 793 1410 ergo
822 1339 1245 1413 Babyloniorum
1272 1357 1429 1413 rcges
1462 1352 1754 1413 ponantur.

442 1426 485 1481 Ι.
524 1426 677 1484 Phua
725 1432 886 1487 annis
937 1448 1051 1487 xvi.
1098 1432 1273 1504 Hujus
1321 1442 1478 1487 sexto
1538 1432 1751 1487 decimo
1810 1445 1954 1485 anno

375 1521 551 1591 prima
581 1522 847 1594 olympias
881 1534 1001 1580 acta
1027 1534 1133 1581 est.

446 1609 509 1665 II.
547 1610 1068 1685 Thaglatphalsarus
1099 1617 1257 1672 annis
1286 1633 1457 1672 xxvn.
1484 1616 1536 1673 Is
1561 1618 1722 1673 tertio
1743 1616 1954 1673 decimo

375 1716 520 1760 anno
555 1721 878 1776 progressus
916 1707 974 1762 in
1002 1705 1243 1762 Iudaeam
1265 1749 1280 1775 ,
1308 1709 1578 1777 potiorem
1610 1706 1730 1778 ejus
1756 1707 1956 1764 incola-

375 1809 497 1848 rum
527 1802 737 1864 partem
761 1797 1031 1866 captivam
1062 1797 1308 1853 abduxit.

2048 603 2138 666 cto
2167 608 2560 678 Sardanapallo
2583 608 2791 677 primus
2814 606 3060 677 regnavit

2118 700 2160 756 I.
2204 700 2480 755 Varhaces
2512 700 2669 753 annis
2700 714 2890 753 xxvm.

2117 790 2184 848 II.
2226 790 2522 848 Sosarmus
2549 790 2711 844 annis
2743 806 2873 845 xxx.

2122 881 2210 937 III.
2250 880 2511 935 Mannicar
2539 879 2698 933 annis
2723 895 2810 935 χιι.

2119 973 2210 1029 IV.
2250 973 2547 1028 Cardiceus
2574 973 2732 1027 annis
2762 987 2883 1027 xm.

2120 1065 2185 1121 V.
2226 1065 2457 1136 Dejoces
2489 1064 2649 1119 annis
2686 1062 2926 1129 quHic
2956 1062 3232 1119 Ecbatana
3256 1061 3521 1123 condidit.

2124 1155 2213 1211 VI.
2255 1154 2550 1210 Phraortes
2574 1153 2733 1207 annis
2763 1168 2912 1205 xxiv.

2122 1247 2236 1302 VII.
2275 1247 2548 1319 Cyax‘ares
2581 1245 2742 1300 annis
2772 1260 2943 1299 xxx".

2026 1386 2037 1396 .
2124 1336 2260 1393 VIII.
2303 1337 2618 1407 Asdahages
2644 1335 2804 1390 annis
2832 1350 3062 1389 xxxvm.

2125 1429 2282 1486 Hunc
2307 1427 2581 1485 interfecit
2602 1426 2865 1498 Tigranes
2887 1425 3160 1481 Haicanus
3188 1424 3300 1495 (77)
3322 1421 3465 1494 Cyro
3495 1420 3628 1478 Per-

2058 1539 2131 1578 sae
2153 1522 2357 1577 foedere
2384 1522 2631 1591 junctus.
2649 1519 2973 1589 Quanquam
2997 1516 3266 1573 Eusebius
3287 1514 3398 1588 (78)
3428 1515 3627 1586 aliique

2057 1614 2307 1671 historici
2335 1612 2607 1683 dejectum
2634 1611 2974 1682 Asdahagem
3005 1611 3073 1665 ab
3093 1625 3202 1669 uno
3221 1608 3364 1680 Cyro
3388 1608 3567 1673 aiunt,
3594 1624 3624 1661 a

2057 1722 2165 1782 quo
2188 1704 2467 1760 Medorum
2499 1718 2717 1775 quoque
2747 1718 2973 1774 regnum
2995 1703 3269 1759 sublatum
3293 1709 3409 1759 est:
3434 1703 3629 1758 nihilo-

2058 1798 2240 1852 minus
2262 1795 2440 1851 Moses
2454 1795 2566 1866 (79)
2588 1793 2788 1850 caedem
2814 1794 3117 1866 Asdahagis
3140 1811 3172 1851 a
3187 1793 3421 1866 Tigrane
3442 1802 3628 1866 patra-

443 1882 535 1940 III.
581 1885 1001 1944 Salmanasarus
1035 1887 1274 1961 Assyriis
1323 1889 1596 1957 imperavit
1634 1889 1793 1945 annis
1831 1905 1945 1944 xvr.
1978 1914 2023 1969 Β
2049 1896 2160 1944 tam
2187 1888 2373 1944 refert.
2425 1886 2480 1942 Id
2537 1896 2719 1941 autem
2777 1886 3075 1941 verisimile
3131 1886 3313 1941 evadit
3354 1886 3424 1941 ob
3470 1886 3628 1956 plura

374 1977 427 2031 Is
457 1978 583 2032 item
629 1978 792 2033 tertio
839 1979 991 2049 regni
1036 1978 1122 2035 sui
1169 1994 1335 2048 anno,
1380 1988 1573 2035 octava
1619 1980 1948 2052 Olympiade,

373 2065 562 2121 decem
597 2067 849 2124 tribubus
871 2070 924 2125 in
950 2069 1317 2141 captivitatem
1347 2070 1667 2141 deportatis,
1694 2070 1955 2124 Samaria

375 2172 603 2228 regnum
631 2158 849 2214 delevit.

445 2247 535 2303 IV.
579 2249 1000 2309 Senecherimus
1028 2253 1267 2326 Assyriis
1300 2253 1579 2322 imperavit
1609 2253 1768 2309 annis
1795 2268 1951 2307 xviri.

288 2360 302 2375 -
376 2341 429 2395 Is
483 2340 746 2399 adversus
802 2341 1177 2417 Hierosolyma
1231 2344 1637 2415 expeditionem
1689 2344 1950 2413 suscepit,

374 2430 682 2503 Iudaeaque
711 2434 873 2489 urbes
903 2434 1136 2491 obsedit.
1167 2435 1253 2490 Ab
1291 2436 1397 2490 hoc
1428 2435 1493 2489 ad
1524 2433 1957 2489 Nabuchodono-

377 2539 565 2579 sorum
642 2526 891 2581 historici
962 2526 1337 2584 Chaldaeorum
1413 2543 1588 2584 annos
1664 2538 1957 2584 numerant

375 2631 616 2671 Lxxxvm
667 2618 803 2689 (7i).
857 2617 1015 2691 Apud
1064 2621 1285 2677 eosdem
1330 2630 1454 2691 post
1508 2619 1953 2681 Senecherimum

374 2710 636 2773 scribitur

445 2802 510 2858 V.
550 2803 864 2861 Asordanes
894 2805 1039 2864 ﬁlius
1071 2806 1191 2878 ejus
1221 2808 1382 2865 annis
1412 2825 1532 2867 vm.

444 2893 536 2951 VI.
574 2896 782 2952 Asodes
816 2896 931 2969 (75)
958 2900 1264 2962 annisxxr.

447 2984 561 3041 VII.
603 2985 794 3042 Frater
823 2988 939 3060 ejus
963 2990 1124 3046 annis
1152 3005 1265 3044 xxI.

446 3076 583 3133 VIII.
625 3078 1040 3151 Nabupalsarus
1073 3082 1233 3137 annis
1262 3099 1337 3139 xi.

445 3170 537 3227 I‘X.
577 3171 944 3232 Marudachus
973 3172 1243 3237 Baldanes
1274 3175 1435 3233 annis
1465 3193 1519 3232 x.

2055 1998 2176 2053 quae
2224 1981 2583 2049 acciderunt,
2640 1988 2866 2052 propter
2925 1981 3105 2036 somni
3158 1980 3371 2037 scilicet
3417 1981 3622 2046 visum,

2053 2078 2407 2147 dolosamque
2439 2074 2747 2144 Asdahagis
2798 2073 3202 2129 simulationem
3245 2087 3353 2143 qua
3396 2073 3499 2127 sibi
3534 2070 3631 2127 Ti-

2056 2170 2242 2242 granis
2269 2184 2514 2225 sororem
2547 2168 2894 2222 matrimonio
2913 2164 3273 2237 copulandam
3300 2173 3585 2219 curaverat
3611 2182 3625 2219 :

2055 2262 2143 2315 cui
2172 2261 2371 2316 mentis
2393 2273 2611 2331 quoque
2640 2272 2753 2314 suae
2791 2257 3097 2327 consiliumj
3116 2270 3377 2318 arcanum
3410 2269 3628 2310 resera-

2054 2350 2153 2405 vit.
2181 2349 2261 2405 Re
2299 2359 2482 2405 autem
2519 2348 2795 2403 intellecta
2827 2345 3114 2417 Tigranes,
3149 2345 3295 2423 quod
3347 2345 3626 2402 somnians

2055 2443 2288 2507 viderat,
2328 2441 2523 2496 diurna
2556 2440 2679 2494 luce
2706 2445 3001 2494 exsecutus
3025 2447 3131 2494 est.
3167 2436 3225 2493 Id
3264 2446 3443 2493 tamen
3483 2438 3627 2493 haud

2057 2533 2294 2589 absurde
2323 2530 2468 2604 Cyro
2496 2530 2599 2601 ipsi
2628 2530 2888 2584 tribuitur
2912 2544 2929 2583 :
2954 2544 3078 2583 cum
3101 2528 3246 2582 enim
3263 2529 3451 2584 eadem
3473 2536 3631 2584 aetate

2058 2623 2218 2678 ambo
2252 2622 2511 2688 vixerint,
2542 2628 2597 2676 et
2624 2618 2843 2690 quidem
2877 2619 3151 2689 Tigranes
3175 2621 3437 2675 societate
3471 2636 3627 2675 com-

2059 2716 2240 2771 militii
2270 2713 2415 2788 Cyro
2457 2715 2746 2771 devinctus
2782 2713 2966 2779 fuerit,
2998 2713 3244 2789 ejusdem
3300 2715 3622 2771 mandatum

2058 2808 2350 2864 exhaurire
2382 2809 2535 2865 visus
2568 2816 2673 2864 est.

2132 2897 2185 2953 6.
2253 2898 2445 2970 Agesis
2488 2900 2595 2955 hoc
2634 2900 2759 2954 loco
2808 2897 3083 2970 Lydorum
3132 2913 3352 2969 quoque
3405 2914 3630 2970 regnum

2060 2989 2251 3065 placet~
2283 2991 2575 3051 collocare.
2646 2994 2805 3046 Anno
2857 2989 3105 3047 Sosarmi
3150 2990 3433 3051 Medorum
3486 2991 3631 3061 regis

2058 3082 2383 3138 duodecimo
2414 3082 2681 3155 olympias
2713 3083 2889 3154 prima
2921 3090 3141 3154 peracta
3168 3091 3252 3138 est
3271 3123 3287 3150 ,
3332 3083 3633 3153 eodemque

2061 3187 2207 3229 anno
2248 3173 2462 3245 primus
2492 3174 2638 3253 apud
2661 3174 2841 3247 Lydos
2868 3176 3118 3251 regnavit

445 3259 516 3317 Χ.
565 3252 1142 3320 Nabuchodonosorus
1189 3265 1385 3322 deinde
1440 3267 1601 3323 annis
1658 3283 1832 3332 xmn,
1887 3263 2023 3324 abC
2128 3261 2171 3320 I.
2249 3264 2496 3336 Ardysus
2525 3252 2757 3336 Alyattze
2786 3264 2948 3320 annis
2995 3279 3184 3320 xxxvr.

378 3353 685 3428 Olympiade
719 3353 958 3417 secunda
998 3371 1166 3431 supra
1201 3359 1693 3431 quadragesimam.
1728 3359 1777 3417 Is
1811 3377 1957 3417 anno

380 3444 664 3508 Eliachimi
732 3447 946 3507 decimo
1002 3447 1222 3506 Judaos
1287 3450 1343 3506 in
1409 3467 1563 3507 suam
1629 3459 1956 3523 potestatem

379 3537 605 3610 redegit,
640 3550 960 3612 partemque
989 3542 1304 3598 eorumdem
1343 3545 1634 3599 maximam
1672 3544 1957 3601 famulatui

379 3629 736 3688 addicendam
766 3633 1014 3690 abduxit.
1058 3632 1198 3688 Tum
1225 3634 1387 3691 etiam
1422 3634 1702 3691 Danielem
1739 3643 1958 3708 tresque

381 3735 578 3791 pueros
609 3722 842 3779 triennio
863 3731 987 3794 post
1015 3742 1030 3781 :
1062 3738 1257 3780 rursus
1282 3725 1428 3780 enim
1457 3726 1626 3791 venit,
1658 3726 1958 3798 ipsumque

382 3809 719 3867 Ioachimum
753 3816 932 3870 avexit
961 3815 1254 3887 captivum.
1285 3815 1422 3870 Cum
1456 3817 1572 3887 jam
1602 3833 1806 3874 annum
1846 3827 1958 3880 ter-

381 3902 514 3955 tium
547 3917 715 3974 supra
742 3904 1064 3961 vicesimum
1095 3913 1347 3978 regnaret
1378 3904 1956 3978 Nabuchodonosorus,

382 3988 756 4061 Hierosolyma
785 4005 944 4067 capta
970 4002 1100 4052 sunt
1132 4014 1148 4052 :
1181 3996 1433 4068 quintum
1452 4006 1633 4056 autem
1659 4008 1783 4072 post
1814 4016 1960 4059 men-

382 4098 495 4139 sem
570 4087 827 4157 princeps
891 4088 1189 4144 satellitum
1250 4074 1687 4148 Nabuzardanes
1755 4096 1958 4165 templo

382 4189 559 4245 ignem
600 4179 854 4249 subjecit.
894 4178 1169 4237 Vicesimo
1215 4180 1451 4254 denique
1485 4182 1733 4240 Iudaicae
1787 4188 1959 4257 capti-

383 4264 566 4325 vitatis
588 4284 732 4324 anno
754 4268 1328 4330 Nabuchodonosor-us
1355 4275 1468 4329 vita
1494 4275 1769 4333 discessit.
1787 4275 1957 4348 Cujus

384 4372 440 4413 tn
465 4357 644 4415 locum
675 4363 1007 4419 substitutus
1038 4371 1124 4421 est
1152 4365 1298 4422 ﬁlius
1324 4366 1568 4437 ejusdem

385 4447 554 4590 Dina
604 4448 885 4519 Baltasar,
948 4453 1038 4525 qui
1094 4461 1148 4509 et
1200 4453 1616 4519 Ilmarudachus
1671 4460 1831 4515 annis
1892 4476 1953 4524 ιι.

430 4551 516 4589 ein
556 4552 588 4590 e

430 4551 588 4593 cinae

2128 3353 2194 3410 II.
2235 3356 2483 3428 Alyattes
2513 3358 2673 3414 annis
2706 3374 2818 3414 xw.

2128 3445 2219 3503 III.
2262 3447 2429 3511 Meles
2446 3450 2616 3509 .annis
2652 3465 2751 3505 xu.

2130 3537 2224 3593 IV.
2265 3539 2574 3597 Candaules
2604 3556 2738 3596 xvu.

2066 3622 2069 3625 ’
2123 3630 2421 3688 Candaulis
2452 3632 2617 3705 hujus
2655 3633 2941 3690 historiam
2970 3644 3157 3690 narrat
3177 3631 3631 3702 Herodotus(80),

2059 3739 2254 3796 nempe
2293 3726 2437 3798 quod
2469 3726 2518 3782 is
2546 3727 2717 3783 nimio
2742 3744 2870 3801 erga
2917 3745 3071 3787 suam
3114 3728 3399 3799 conjugem
3452 3726 3635 3780 studio

2058 3816 2402 3881 clatus,hanc
2428 3818 2750 3874 feminarum
2779 3821 3024 3875 omnium
3058 3818 3478 3891 pulcherrimam
3519 3817 3639 3871 exi-

2058 3908 2392 3975 stimaverit,
2444 3911 2810 3982 nudatamque
2847 3913 3093 3970 vestibus
3144 3909 3279 3983 Gygi
3330 3911 3474 3964 clam
3542 3910 3638 3963 de-

2058 4002 2490 4070 monstraverit;
2525 4018 2635 4074 qua
2666 4004 2968 4076 ignominia
3018 4004 3240 4075 sapiens
3262 4015 3402 4056 uxor
3435 3999 3505 4055 ad
3529 4000 3639 4054 ira—

2059 4089 2317 4145 cundiam
2347 4102 2619 4148 commota
2667 4094 3030 4152 occidendum
3083 4093 3382 4161 curaverit,
3425 4092 3639 4162 sibique

2059 4182 2237 4236 virum
2263 4183 2558 4240 adsciverit
2593 4183 2819 4257 Gygem.

2131 4272 2196 4328 V.
2236 4273 2412 4346 Gyges
2432 4276 2593 4332 annis
2623 4293 2813 4334 xxxvr.

2133 4361 2221 4418 VI.
2262 4366 2441 4436 Ardys
2461 4368 2620 4421 annis
2652 4382 2883 4423 xxxvm.

2130 4453 2246 4512 VII.
2286 4454 2568 4513 Sadiartes
2619 4458 2781 4514 annis
2809 4475 2901 4513 xv.

2133 4548 2251 4604 VIII
2311 4550 2556 4622 Alyattes
2581 4551 2743 4606 annis
2774 4564 2926 4604 χιιι.

450 4624 566 4683 ΧΠ.
605 4629 871 4700 Astyages
921 4630 1033 4705 (76)
1089 4647 1236 4690 anno
1289 4652 1328 4691 ι.
1388 4636 1437 4692 Is
1493 4653 1586 4694 eas
1641 4638 1873 4699 litteras-
1900 4640 1957 4696 in
1989 4603 2063 4685 Di

386 4715 589 4786 pariete
613 4727 868 4775 exaratas
895 4721 1032 4777 vidit
1063 4738 1202 4795 quas
1227 4724 1411 4781 Daniel
1437 4728 1824 4796 interpretatus
1851 4738 1953 4786 est.

455 4807 595 4864 XIII.
638 4807 836 4867 Darius
865 4812 1060 4870 Medus
1091 4817 1252 4873 annis
1280 4834 1355 4874 ιν.

455 4898 593 4957 XIV.
634 4900 831 4960 Darius
860 4903 1106 4961 Arsaviri
1136 4909 1294 4964 annis
1324 4925 1404 4964 m.

452 4990 589 5047 Exin
613 4993 889 5049 sublatum
921 5003 1008 5051 est
1037 4994 1452 5068 Babyloniorum
1488 5002 1794 5070 imperium.

387 5254 577 5392 “1:75;
599 5253 736 5310 Vide
756 5253 964 5311 Mosam
982 5252 1175 5319 Chor.,
1198 5252 1342 5309 Hist.
1370 5270 1409 5319 ι,
1437 5256 1526 5323 21,
1550 5266 1606 5313 et
1627 5258 1958 5327 Samuelcm,

483 5392 569 5460 74)
603 5392 804 5449 Confer
835 5394 1151 5459 Eusebium,
1184 5409 1224 5460 ι,
1253 5393 1307 5458 5,
1350 5392 1404 5448 2.

483 5462 571 5536 75)
603 5465 687 5536 Al.
718 5462 868 5536 cod.,
897 5466 1203 5536 Asamoges.
1274 5486 1289 5497 ε

391 5531 575 5671 mgf)
621 5532 698 5587 Ita
745 5531 858 5589 hoc
892 5534 1034 5600 loco,
1065 5531 1359 5608 Astyages;
1401 5546 1455 5593 at
1501 5537 1753 5607 inferius,
1785 5541 1962 5595 Asda-

464 5670 574 5742 (π)
612 5670 685 5727 Ita
728 5675 967 5749 Armenii
995 5677 1228 5749 primum
1261 5679 1409 5733 hunc
1438 5678 1726 5749 Tigranem
1767 5681 1963 5739 distin«

392 5751 566 5820 guthnt
585 5758 625 5820 a_
646 5745 1040 5820 posterioribus
1063 5748 1251 5820 stirpis
1276 5745 1685 5807 Arsacidarum.

466 5811 577 5882 (78)
607 5811 721 5867 Lib.
755 5828 795 5882 ι,
826 5814 914 5884 I5,
944 5816 1000 5869 7.

2136 4726 2238 4782 Hic
2269 4742 2415 4782 anno
2465 4727 2591 4798 Cyri
2640 4725 3055 4796 quartodecimo
3096 4726 3298 4781 dicitur
3346 4723 3416 4777 ab
3441 4722 3634 4778 eodem

2059 4817 2204 4888 Cyro
2248 4815 2591 4871 interfectus.
2625 4813 2701 4868 Ita
2725 4812 2998 4884 Lydorum
3025 4827 3253 4883 regnum
3284 4811 3496 4865 ﬁnitum
3529 4817 3636 4864 est.

1944 4952 1947 4957 .
2059 4908 2440 4963 Armeniorum
2487 4915 2664 4961 tamen
2695 4905 2990 4961 historicus
3017 4904 3194 4960 Moses
3245 4902 3494 4957 Crmsum
3547 4914 3637 4954 ca-

2064 5007 2217 5070 ptum
2254 4998 2708 5068 interfectumque
2734 4998 3132 5051 abArtaxerxe
3169 4994 3371 5049 Partho
3400 4992 3509 5062 (8I)
3536 4993 3634 5056 ait,

2138 5265 2249 5331 (79)
2289 5261 2458 5325 Hist,
2485 5261 2648 5328 1,28.
3591 5326 3602 5337 .

2136 5332 2258 5406 (80)
2286 5332 2401 5406 Hac
2435 5347 2601 5406 super
2645 5347 2703 5406 re
2742 5330 3014 5406 recolatur
3058 5329 3226 5406 Mosis
3259 5328 3636 5406 _C_horenen_sis

2063 5398 2301 5460 Ioc‘us’in
2336 5398 2574 5458 Eusebio
2601 5401 2668 5455 ad
2699 5399 3230 5461 annum.Abra_bami
3257 5400 3388 5455 I501
3413 5412 3447 5452 a
3476 5398 3636 5452 nobis

1953 5476 1957 5483 ’
2063 5476 2290 5530 relatus.
2329 5472 2396 5525 Et
2425 5472 2643 5542 quidem
2668 5469 2884 5542 Samuel
2916 5471 3135 5534 aMosis
3159 5475 3637 5542 progymnasmate

2063 5546 2245 5626 potius
2279 5538 2459 5613 quam‘
2483 5542 2553 5597 ab
2584 5539 2856 5597 Herodoto
2890 5548 3171 5597 mutuatus
3199 5538 3341 5593 hanc
3383 5538 3637 5593 notitiam

2061 5616 2486 5758 iliglilllfi’anho
2533 5686 2741 5744 scilicet
2788 5680 3152 5758 cognomine;
3196 5687 3313 5737 erat
3358 5678 3503 5734 enim
3548 5676 3637 5731 hic

2063 5754 2331 5812 Armenia
2362 5770 2477 5810 rex.
