4158 6436
578 339 684 393 627

1648 342 1997 399 APPENDIX
2024 344 2114 400 AD
2156 343 2424 403 EUSEBII
2463 347 2876 407 CHRONICON.

3730 348 3834 394 02.6

581 455 810 525 ejusque
843 456 924 514 rei
964 458 1276 530 complures
1331 464 1502 514 testes
1552 459 1788 525 invocat,
1826 470 1884 516 ut
1926 463 1980 516 in
2036 464 2154 534 ejus
2188 471 2233 528 Α
2337 466 2453 523 XII.
2520 468 3009 534 Arehelausfannis
3029 485 3178 526 xxiv.

582 545 721 598 libro
750 546 861 616 (82)
900 548 1082 603 videre
1112 559 1218 604 est.

651 637 705 695 7.
745 637 886 709 Ergo
916 640 1019 695 hoc
1047 650 1228 711 pacto,
1257 650 1417 711 prout
1436 645 1952 706 narratur,sublatis
1980 645 2153 716 Baby—

581 725 882 793 loniorum,
910 729 1191 787 Medorum
1249 734 1631 805 Lydorumque
1665 737 1909 806 imperiis
1962 748 2154 808 regnat

648 818 691 875 I.
728 819 905 892 Cyrus
934 822 1091 877 annis
1127 839 1257 877 xxx.
1294 825 1345 879 Is
1372 825 1548 895 primo
1576 826 1727 894 regni
1763 828 1849 881 sui
1885 843 2027 882 anno
2055 827 2153 883 Ju-

580 908 749 966 ἀείρω
773 913 951 982 gentis
987 914 1383 984 quinquaginta
1412 916 1584 969 millia
1607 917 1950 988 captivorum
1988 919 2153 975 Iiber-

580 1010 690 1059 tate
720 1004 941 1059 donavit
973 1024 986 1060 :
1015 1008 1106 1075 qui
1136 1008 1359 1076 quidem
1400 1006 1780 1079 Hierosolyma
1805 1010 2013 1065 reversi
2068 1011 2149 1064 al-

577 1104 696 1149 tare
726 1097 1118 1159 excitaverunt,
1153 1099 1447 1167 templique
1482 1098 2145 1170 Iundamentajecerunt:

576 1184 723 1251 quod
742 1193 922 1239 tamen
945 1186 1295 1239 ﬁnitimarum
1314 1188 1554 1256 gentium
1573 1202 1739 1243 causa
1765 1188 2149 1259 imperfectum

573 1274 825 1329 manebat
860 1291 1036 1345 usque
1067 1276 1132 1329 ad
1169 1277 1387 1331 Darium
1415 1277 1715 1349 Vestaspis.
1748 1278 2011 1351 Tomyris.
2035 1281 2146 1334 Ma-

572 1372 879 1434 sagetarum
911 1368 1135 1421 heroina
1168 1368 1369 1439 Cyrum
1400 1370 1693 1425 interfecit.
2032 1366 2040 1378 ’

641 1450 704 1505 II.
746 1451 1044 1525 Cambyses
1083 1458 1241 1511 annis
1270 1473 1346 1512 1x.

639 1543 727 1600 III.
768 1545 908 1617 Magi
940 1548 1051 1603 duo
1080 1548 1279 1605 fratres
1311 1551 1596 1606 mensibus
1626 1569 1747 1607 vm.

634 1636 726 1693 IV.
767 1637 964 1696 Darius
997 1639 1276 1712 Vestaspis
1313 1642 1456 1698 Iilius
1479 1645 1637 1699 annis
1660 1660 1840 1698 xxxvi.

629 1727 802 1799 Hujus
852 1732 1024 1787 altero
1055 1748 1199 1787 anno
1236 1733 1534 1789 Zorobabel
1577 1738 1834 1806 templum
1884 1736 2136 1802 aediﬁcat,

2335 557 2473 611 XIII.
2517 557 2741 615 Orestes
2767 560 2928 614 annis
2959 575 3041 615 111.

2333 648 2472 705 XIV.
2515 651 2817 706 Archelaus
2848 652 3009 706 annis
3054 665 3149 705 111..

2324 739 2437 794 XV.
2469 742 2728 813 Amyntas
2759 757 2904 797 anno
2933 757 2971 796 1.

2330 831 2471 887 XVI.
2514 832 2813 889 Pausanias
2843 849 2989 889 anno
3018 850 3055 888 1.

2327 923 2490 979 XVII.
2531 928 2796 996 Amyntas
2825 926 2984 982 annis
3010 942 3082 980 v1.

2320 1016 2503 1072 XVIII.
2540 1016 2769 1087 Arggeus
2793 1018 2952 1072 annis
2972 1033 3032 1072 11.

2325 1109 2466 1167 XIX.
2494 1110 2758 1181 Amyntas
2787 1110 2948 1165 annis
2978 1124 3132 1165 xvnl.

2320 1202 2439 1256 XX.
2480 1202 2786 1257 Alexander
2825 1217 2970 1256 anno
2995 1219 3032 1257 1.

2317 1293 2457 1347 XXI.
2500 1293 2825 1349 Ptolemams
2852 1294 3012 1348 annis
3039 1308 3111 1347 1v.

2322 1384 2488 1439 XXII.
2529 1384 2791 1440 Perdicca
2817 1384 2978 1438 annis
3015 1399 3086 1437 1v.

2320 1473 2509 1529 XXIII.
2543 1473 2830 1543 Philippus
2860 1472 3017 1526 annis
3051 1486 3201 1524 xxvu.

2311 1566 2504 1622 XXIV.
2540 1566 2848 1622 Alexander
2884 1562 3117 1634 Philippi
3141 1561 3303 1616 annis
3353 1575 3428 1615 x11
3457 1565 3513 1615 et
3535 1556 3827 1614 mensibus

2240 1674 2315 1714 ιιι.
2340 1657 2441 1712 Hic
2469 1659 2656 1712 orbem
2689 1665 2961 1712 terrarum
3000 1653 3376 1723 compluribus
3416 1650 3634 1720 regibus
3674 1648 3819 1719 deje-

2239 1750 2343 1806 clis
2366 1748 2620 1812 obtinuit,
2636 1762 2915 1816 annosque
2930 1760 3077 1800 xxxn
3092 1750 3257 1798 natus
3270 1741 3538 1812 Babylone
3558 1739 3695 1794 diem
3721 1752 3816 1794 su-

565 1824 709 1889 quod
745 1836 889 1878 anno
908 1834 1104 1894 quarto
1134 1826 1457 1896 Olympiadis
1483 1827 1688 1897 quintae
1715 1843 1880 1898 supra
1918 1844 2138 1902 sexage-
2168 1815 2217 1876 Β
2244 1855 2488 1909 premum
2532 1838 2684 1892 obiit.
2723 1815 2933 1891 Exinde
2960 1836 3248 1905 imperium
3282 1831 3400 1900 ejus
3439 1832 3581 1887 inter
3629 1830 3815 1900 plures

564 1915 759 1970 simam
790 1918 1103 1974 absolutum
1140 1928 1244 1975 est.

632 2003 699 2060 ν.
739 2005 949 2064 Xerxes
975 2007 1125 2063 Darii
1185 2009 1344 2067 annis
1378 2027 1487 2066 xxi.

631 2094 723 2153 VI.
759 2098 1081 2156 Artabanus
1098 2103 1380 2158 mensibus
1433 2118 1530 2158 v11.

631 2185 745 2242 VII.
816 2190 1053 2247 Artaxes
1109 2192 1481 2264 Longimanus
1533 2197 1693 2252 annis
1728 2214 1816 2254 xc.
1877 2197 2134 2254 Nonnulli

559 2276 846 2335 Estherem
870 2283 975 2337 sub
994 2283 1097 2339 hoc
1119 2286 1401 2345 exstitisse
1432 2288 1614 2346 aiunt:
1641 2292 1788 2362 quod
1808 2309 1907 2365 ego
1926 2303 2132 2357 tamen,

557 2367 740 2439 inquit
800 2371 1070 2430 Eusebius
1102 2374 1249 2447 (83),
1304 2392 1413 2432 non
1455 2380 1649 2449 probo,
1693 2384 2135 2454 quandoquidem

557 2461 746 2518 Esdrze
784 2464 909 2520 libri
934 2482 1030 2536 per
1052 2481 1170 2522 eam
1194 2475 1410 2524 aetatem
1438 2471 1625 2542 scripti
1666 2474 1870 2528 nullam
1913 2475 2033 2543 ejus
2057 2473 2139 2527 rei

558 2556 892 2612 mentionem
924 2557 1151 2612 faciunt.

630 2647 760 2702 VIII.
813 2648 1022 2706 Xerxes
1052 2652 1328 2709 mensibus
1358 2670 1417 2709 11.

625 2739 716 2793 IX.
769 2740 1075 2814 Sogdianus
1111 2748 1394 2805 mensibus
1429 2763 1519 2805 v11.

627 2831 691 2884 X.
758 2831 957 2890 Darius
1006 2833 1224 2892 Nothus
1259 2840 1422 2893 annis
1452 2856 1571 2906 xix,
1604 2840 1672 2894 ab
1700 2840 2007 2911 Olympiade.
2035 2855 2132 2895 oe—

550 2924 811 2994 togesima
848 2941 1010 2982 nona.

620 3012 712 3070 XI.
751 3016 984 3074 Artaxes
1013 3017 1265 3076 Mnemon
1294 3021 1457 3077 annis
1491 3036 1577 3076 ιιι..
1627 3020 1742 3076 Sub
1770 3021 1875 3078 hoc
1934 3020 2131 3079 Esther

550 3104 675 3161 fuit.

621 3196 738 3254 XII.
781 3199 1037 3269 Artaxes,
1065 3202 1159 3271 qui
1214 3211 1271 3257 et
1322 3200 1529 3268 Ochus,
1561 3203 1720 3259 annis
1761 3220 1910 3259 xxv1.

620 3290 759 3348 XIII.
800 3293 1033 3351 Artaxes
1063 3292 1198 3350 Ochi
1226 3297 1388 3351 annis
1416 3312 1489 3353 ιν.

615 3382 757 3439 XIV.
796 3384 995 3441 Darius
1030 3387 1247 3443 Arsami
1277 3388 1437 3444 annis
1465 3405 1540 3442 γι.

616 3475 872 3534 Iliannos
901 3493 1075 3533 ccxxx
1109 3488 1514 3551 occupaverunt
1537 3481 1670 3553 (84).
1702 3481 1837 3537 Exin
1889 3483 2125 3538 Alexan-

543 3563 643 3620 der
663 3563 883 3621 Macedo
900 3577 1093 3638 regnat
1107 3583 1252 3623 anno
1267 3570 1444 3640 primo
1469 3572 1795 3642 Olympiadis
1814 3575 2123 3629 centesima:

543 3657 868 3737 undecimae,
921 3660 1260 3732 septimoque
1314 3665 1466 3733 regni
1493 3664 1577 3719 sui
1625 3680 1769 3720 anno
1795 3665 2122 3737 Babylonem

541 3734 712 3820 capit,
740 3752 1037 3824 oceisoque
1062 3752 1228 3810 Dario
1272 3753 1573 3812 Persarum
1633 3758 1924 3829 imperium
1957 3761 2121 3815 delet.

612 3861 669 3940 8.
709 3860 864 3939 Nunc
925 3866 1179 3935 quoniam
1204 3867 1259 3922 in
1278 3868 1570 3924 Alexandri
1591 3872 1917 3926 mentionem
1936 3871 2125 3933 incidi,

541 3951 804 4031 Iubetab.
848 3955 1056 4026 origine
1116 3967 1349 4014 cunctos
1381 3958 1738 4015 Macedonum
1792 3977 1947 4032 reges
1998 3962 2124 4018 huic

544 4045 753 4121 scripto
778 4048 1122 4119 consignare.
1146 4048 1332 4120 Neque
1361 4052 1506 4107 enim
1541 4052 1850 4108 Alexander
1883 4053 2126 4110 Macedo-

542 4132 674 4191 num
694 4154 788 4193 rex
820 4139 1041 4209 primus
1062 4140 1182 4204 fuit,
1206 4145 1300 4198 sed
1334 4152 1567 4215 quartus
1586 4161 1751 4217 supra
1782 4148 2118 4206 vicesimum.

538 4226 651 4297 jam
696 4230 908 4299 primus
956 4231 1312 4289 Macedonum
1352 4252 1451 4291 rex
1484 4238 1589 4291 fuit

611 4318 655 4373 I.
728 4321 977 4378 Caranus
1011 4326 1170 4380 annis
1199 4343 1334 4380 xxn.

609 4409 675 4464 II.
751 4413 957 4469 Cmnus
988 4416 1148 4471 annis
1174 4433 1249 4471 xu

610 4503 701 4557 IlI.
742 4503 1057 4575 Tyrimmas
1085 4511 1245 4564 annis
1277 4527 1504 4566 xxxvm.

609 4592 702 4649 IV.
742 4594 1001 4652 Perdicca
1042 4601 1203 4656 annis
1232 4618 1302 4655 1.1.

608 4684 677 4741 ν.
719 4687 986 4759 Argelaus
1020 4693 1186 4750 annis
1219 4709 1448 4749 xxxviii.

605 4777 697 4834 VI.
733 4779 1023 4853 Philippus
1054 4786 1216 4845 annis
1261 4802 1495 4845 xxxvm.

606 4867 721 4924 VII.
764 4869 982 4927 Eraeus
1012 4873 1125 4943 (85)
1165 4876 1325 4937 annis
1359 4893 1513 4933 xxv1.

606 4959 745 5016 VIII.
788 4962 1005 5020 Alcetas
1034 4966 1198 5021 annis
1221 4983 1370 5027 XXIX.

605 5054 699 5108 IX.
750 5059 1014 5127 Amyntas
1052 5060 1212 5115 annis
1235 5076 1289 5115 1..

490 5157 497 5169 '
603 5146 670 5201 X.
736 5146 1045 5205 Alexander
1076 5152 1406 5208 annisxuv.

605 5239 697 5293 XI.
727 5238 989 5297 Perdicca
1017 5245 1198 5315 annis.
1218 5260 1416 5299 xxvm.

599 5434 714 5503 (82)
749 5434 919 5497 Hist..
955 5453 1018 5501 ιι,
1035 5436 1121 5493 I2.

627 5506 714 5572 85)
744 5506 827 5559 Ad
866 5524 1063 5562 annum
1095 5508 1252 5565 I555.

627 5575 715 5639 84)
748 5573 907 5647 Ηιιηο
943 5594 1161 5647 quoque
1192 5595 1480 5636 numerum
1514 5583 1581 5635 ab
1612 5582 1845 5639 Eusebio
1874 5583 2119 5639 desumit

544 5641 786 5724 Samuel.
807 5641 1021 5724 Quippe
1047 5641 1339 5724 Eusebius
1359 5652 1520 5724 apud
1544 5655 1871 5716 Cedrenum,
1894 5671 1947 5724 p.
1985 5657 2105 5717 I95,

559 5713 626 5789 ᾖ.
656 5714 845 5789 scribit
896 5713 932 5769 δι’
956 5713 1118 5789 'Cyro
1144 5720 1239 5789 Wad
1277 5713 1648 5775 Alexandrum
1704 5713 1878 5778 annos
1894 5713 2104 5779 'ccxxx.

534 5781 861 5839 Coumratur
911 5781 1089 5841 autem
1140 5788 1432 5844 Eusebiani
1470 5809 1658 5858 regum
1704 5794 1949 5850 Iaterculi
1995 5799 2103 5850 col.

2238 1931 2471 1986 divisum
2493 1941 2596 1986 est.
2628 1929 2763 2000 Ipsis
2780 1928 2998 2000 quidem
3031 1925 3415 1981 Macedonibus
3440 1923 3669 1993 imperat
3684 1920 3812 1974 Phi-

2238 2021 2417 2092 lippus
2442 2020 2533 2090 qui
2557 2028 2611 2075 et
2635 2018 2903 2084 Aridaaus;
2934 2015 3276 2071 Alexandria:
3304 2028 3434 2067 vero
3449 2011 3665 2083 Egypti
3686 2009 3816 2064 Pto-

2236 2112 2457 2167 lemaeus
2489 2110 2650 2180 Lagi:
2673 2118 2786 2163 tum
2816 2109 2976 2164 annis
3004 2109 3243 2179 quinque
3261 2116 3381 2176 post
3403 2104 3633 2174 imperat
3655 2101 3813 2156 Asia-

2236 2203 2322 2257 nis
2356 2204 2660 2273 Antigonus
2688 2218 2703 2267 ;
2735 2200 3058 2257 duodecimo
3091 2199 3327 2269 denique
3368 2203 3495 2269 post
3519 2191 3810 2250 Alexandri

2236 2293 2445 2348 obitum
2482 2307 2628 2347 anno
2660 2290 2836 2363 Syris,
2867 2286 3126 2360 Babyloni
3183 2288 3464 2358 plagisque
3512 2285 3812 2355 superiori-

2237 2385 2341 2439 bus
2387 2383 2701 2438 dominatur
2725 2380 2989 2437 Seleucus
3029 2379 3284 2433 Nicanor.

2304 2476 2359 2531 9.
2399 2475 2512 2546 Age
2541 2484 2671 2530 νει-ο
2691 2470 3136 2544 quandoquidem
3166 2470 3332 2523 hosce
3354 2464 3808 2522 commemoravi-

2232 2583 2376 2631 mus,
2408 2565 2751 2636 singulorum
2782 2576 3006 2632 quoque
3032 2559 3259 2616 nomina
3280 2557 3489 2627 scripto
3513 2552 3807 2624 complecti

2231 2676 2339 2714 non
2376 2659 2578 2731 pigeat.
3151 2739 3201 2743 μ
3319 2738 3335 2743 _
3417 2737 3451 2743 __
3756 2732 3767 2743 _

2302 2749 2612 2806 Alexandro
2654 2762 2687 2802 e
2732 2745 2874 2800 vivis
2910 2749 3121 2815 erepto,
3150 2737 3547 2795 Macedonibus
3585 2737 3806 2807 proprie

2233 2842 2465 2911 imperat

2306 2926 2473 2983 XXV.
2514 2927 2822 2999 Philippus,
2848 2926 2942 2998 qui
2963 2932 3017 2981 et
3041 2923 3311 2985 Aridaeus,
3343 2918 3503 2974 annis
3527 2933 3625 2971 v11.

2301 3019 2491 3075 XXVI.
2532 3022 2814 3075 Casander
2836 3019 2996 3074 annis
3018 3033 3114 3072 xix
3146 3013 3280 3087 (86).

2305 3111 2517 3171 XXVII.
2554 3110 2677 3168 Filii
2720 3112 2886 3181 hujus
2907 3112 3067 3166 annis
3089 3126 3162 3165 1v.

2150 3166 2190 3220 Ο
2577 3166 2884 3258 Oemetrius
2915 3201 3077 3256 annis
3106 3216 3141 3254 ιι
3176 3197 3313 3271 (87).

2295 3295 2486 3351 XXIX.
2528 3295 2769 3367 Pyrrhus
2804 3293 3085 3351 mensibus
3118 3306 3216 3347 v11.

2296 3385 2467 3443 XXX.
2506 3386 2866 3459 Lysimachus
2897 3387 3058 3441 annis
3087 3400 3120 3438 ν
3153 3393 3209 3441 et
3232 3381 3516 3437 mensibus
3540 3392 3617 3433 vn
3662 3374 3798 3444 (88).

2295 3479 2487 3537 XXXI.
2528 3480 2852 3536 Ptolemaeus
2873 3479 3158 3535 Ceraunus
3170 3489 3313 3529 anno
3327 3491 3344 3529 1
3360 3480 3416 3529 et
3430 3468 3708 3527 mensibus
3724 3483 3805 3523 ιι..

2299 3571 2515 3629 XXXII.
2558 3571 2830 3642 Meleager
2856 3570 3139 3625 mensibus
3167 3581 3228 3620 11.

2298 3664 2541 3719 XXXIII.
2580 3664 2873 3736 Antipater
2902 3663 3097 3719 diebus
3122 3675 3245 3715 va.

2294 3755 2533 3813 XXXIV.
2575 3757 2874 3813 Sosthenes
2897 3755 3059 3809 annis
3103 3768 3167 3809 11.

2304 3849 2519 3904 XXXV.
2571 3849 2876 3920 Antigonus
2901 3847 3151 3902 Gonatas
3173 3844 3333 3900 annis
3358 3856 3547 3900 xxxvt.

2296 3938 2539 3994 XXXVI.
2584 3937 3064 3993 Demetriusannis
3098 3952 3152 3990 x.

2287 4028 2555 4085 XXXVII.
2596 4029 2904 4099 Antigonus
2934 4028 3094 4083 annis
3126 4042 3216 4081 xv.

2296 4121 2582 4177 XXXVIII.
2617 4121 2902 4193 Philippus
2932 4122 3091 4177 annis
3121 4135 3269 4176 χιιι.

2293 4212 2540 4269 XXXIX.
2576 4211 2810 4267 Perseus
2835 4213 2997 4265 annis
3029 4229 3081 4266 x.

2296 4304 2593 4360 Interfecto
2620 4302 2844 4367 Perseo,
2874 4302 3110 4358 Romani
3151 4302 3542 4361 Macedonibus
3571 4305 3803 4361 liberta-

2227 4404 2334 4451 tem
2366 4395 2626 4467 impertiti
2655 4403 2802 4459 sunt,
2836 4395 3027 4465 eisque
3056 4396 3137 4450 sui
3161 4396 3303 4467 juris
3327 4412 3447 4453 esse
3506 4411 3793 4455 concesso-

2149 4508 2198 4566 ι)
2226 4498 2355 4543 runt
2388 4490 2547 4543 annis
2577 4505 2666 4543 xtv
2689 4487 2824 4556 (89).

2286 4579 2395 4636 XL.
2436 4579 2628 4635 Falsus
2652 4578 2935 4650 Philippus
2963 4594 3106 4635 anno
3135 4595 3178 4634 1.

2301 4669 2527 4725 Summa
2561 4685 2828 4725 annorum
2852 4685 3088 4726 ncxnvn.

2297 4787 2386 4842 IO.
2426 4783 2660 4842 Interest
2719 4794 2775 4842 et
2822 4794 3021 4843 caetera
3053 4802 3220 4858 regna
3265 4786 3594 4845 describere.
3634 4787 3801 4844 Anno.

2224 4888 2349 4950 post
2395 4877 2691 4934 Alexandri
2716 4878 2826 4932 fata
2854 4878 3047 4949 quinto
3075 4880 3309 4950 imperat
3340 4881 3561 4936 Asianis

2281 4973 2324 5026 I.
2366 4973 2673 5042 Antigonus
2700 4972 2857 5027 annis
2879 4987 3031 5027 xv111.

2289 5063 2355 5119 Il.
2393 5062 2704 5119 Demetrius
2732 5061 3067 5121 Poliorcetes
3097 5065 3259 5122 annis
3282 5082 3414 5121 xvn.

2296 5155 2595 5209 Amborum
2657 5156 2960 5210 dominatio
3016 5158 3311 5227 conjuncta
3362 5173 3535 5213 annos
3564 5163 3790 5225 occupat

2220 5262 2385 5302 xxxv.
2408 5244 2599 5316 Opera:
2635 5250 2866 5315 pretium
2924 5256 3013 5302 est
3037 5263 3136 5303 eos
3174 5250 3303 5303 item
3333 5249 3426 5319 qui
3458 5249 3543 5304 his
3573 5261 3795 5304 succesv

2219 5443 2343 5502 209.
2360 5457 2484 5495 cum
2522 5450 2646 5495 nota
2674 5443 2723 5496 3.

2290 5515 2401 5579 (85)
2434 5511 2529 5582 Dic
2557 5510 2794 5580 ΑΞι-σριιε
2825 5516 2908 5570 vel
2938 5512 3194 5582 .‘Eropas.

2288 5585 2400 5653 (86)
2435 5581 2714 5638 Vetustior
2739 5586 2933 5645 codex,
2962 5581 3331 5638 Casnmander
3356 5584 3512 5640 almis
3542 5595 3636 5640 xx.

2287 5654 2510 5720 (871M.
2539 5655 2683 5711 cod.,
2718 5671 2803 5706 xv.

2284 5726 2393 5792 (88)
2430 5723 2756 5778 (lonieratur
2795 5725 3063 5779 Eusebius
3096 5741 3132 5788 ι,
3164 5726 3254 5789 '58,
3284 5725 3336 5778 4.

2290 5795 2399 5861 (89)
2429 5793 2521 5847 Dic
2555 5811 2639 5847 χιχ
2680 5811 2803 5846 eum
2838 5795 3092 5859 I'Zusebin,
3128 5800 3230 5849 ιόΙ.
3269 5796 3373 5848 ibi
