4158 6460
409 361 513 424 6.55

479 474 758 552 Principes
786 474 928 545 quod
959 475 1078 541 vita~
1103 487 1346 534 maneret

385 576 394 650 ς
481 565 667 631 XVIII.
701 566 878 622 Melon
911 566 987 639 (δ’)
1024 566 1184 622 annis
1214 583 1303 621 xx.

481 659 621 716 XIX.
652 660 887 719 Acastus
915 661 1074 714 annis
1106 675 1291 713 xxxvi.

479 752 596 817 XX.
631 753 938 823 Archippus
965 753 1126 807 annis
1149 769 1264 807 xlx.

481 843 622 910 XXI.
650 841 987 914 Thersippus
1015 845 1174 903 annis
1206 861 1315 914 xu.

481 933 646 989 XXII.
677 933 922 995 Phorbas
948 934 1106 988 annis
1131 949 1279 987 xxxi.

484 1026 675 1081 XXIII.
703 1027 964 1097 Megacles
995 1027 1154 1080 annis
1185 1041 1314 1084 xxx.

483 1116 673 1172 XXIV.
703 1116 1002 1188 Diognetus
1033 1117 1193 1171 annis
1220 1131 1416 1170 xxvul.

479 1209 645 1265 XXV.
673 1209 959 1268 Pheracles
981 1208 1139 1264 annis
1166 1225 1281 1267 xlx.

481 1297 670 1353 XXVI.
703 1299 976 1370 Aripllron
1003 1299 1162 1352 annis
1194 1314 1286 1351 xx.

488 1389 702 1445 XXVII.
739 1389 1042 1460 Thespieus
1066 1388 1226 1444 annis
1260 1404 1438 1442 xxvll.

487 1479 721 1535 XXVIII.
761 1482 1077 1552 Agalnestor
1107 1481 1182 1551 (4)
1221 1483 1377 1534 annis
1407 1495 1499 1532 xx.

485 1571 676 1626 XXIX.
713 1571 1005 1643 Eschylus
1029 1573 1188 1625 annis
1218 1586 1366 1625 xxlll.

486 1661 670 1718 Primo
696 1662 944 1734 IEscIlyIi
985 1677 1130 1716 anno
1190 1669 1381 1731 regnat
1424 1659 1564 1730 apud
1603 1657 1782 1729 Lydos
1813 1655 1989 1725 Ardy-

419 1771 558 1824 sus;
624 1757 788 1810 tertio
836 1761 1018 1808 autem
1083 1752 1247 1820 hujus
1307 1766 1450 1805 anno
1496 1748 1669 1819 prima
1723 1745 1987 1817 Olympias

1111 357 1468 415 SAMUELIS
1491 357 1810 417 ΑΜΕΝὸιὸ
1844 355 2189 413 SUMMARII
2224 357 2610 418 ἮΕΜΡΟΜΞΜ
2636 355 2816 413 PARS
2848 357 2889 412 I.

2005 475 2052 532 A
2153 472 2291 527 VIII.
2329 473 2702 528 Aristomedes
2735 473 2894 527 annis
2931 488 3105 536 xxxv.

2159 563 2250 618 IX.
2290 564 2533 634 Agenlon
2563 563 2721 616 annis
2747 578 2860 616 xvi.

2163 656 2229 710 X.
2271 656 2577 712 Alexander
2603 655 2760 708 annis
2797 670 2921 709 xxv.

2159 745 2250 800 XI.
2293 744 2535 800 Telestes
2563 745 2720 797 annis
2743 758 2842 796 xll.

2160 837 2276 892 XII.
2317 837 2646 891 Aulomenes
2676 835 2803 889 anni
2841 851 2912 896 ll.

2162 929 2225 984 Ili
2257 935 2622 997 regnaverunt
2654 925 2812 980 annis
2850 941 3073 983 cccxxlv
3100 943 3124 992 ;-
3149 925 3446 988 eodemque
3491 937 3661 990 anno,

2091 1038 2198 1092 quo
2222 1019 2639 1082 Lacedaemonii,
2670 1019 2982 1072 desiverunt
3002 1019 3172 1087 prima
3196 1015 3530 1088 Olympiade.

2166 1112 2253 1164 18.
2307 1109 2637 1179 P0pulorum
2688 1106 2927 1161 omnium
2977 1120 3271 1175 regumque
3320 1104 3663 1166 ethnicorum

2091 1211 2388 1258 extremam
2421 1199 2626 1271 placuit
2659 1197 2814 1251 nobis
2842 1194 3221 1263 Romanorum
3255 1194 3660 1264 chronologiam

2094 1293 2381 1350 conﬁcere.
2408 1291 2575 1346 Nemo
2604 1289 2803 1359 quippe
2833 1293 3150 1341 ceterorum
3169 1285 3277 1340 voti
3307 1284 3482 1338 nostri
3512 1300 3662 1339 com-

2093 1403 2193 1459 pos
2231 1386 2410 1440 factus
2435 1391 2539 1447 est,
2579 1382 2802 1436 CHRISTI
2831 1379 3077 1434 videlicet
3109 1378 3243 1432 lucis
3265 1378 3404 1432 cmlo
3437 1392 3662 1438 manan-

2092 1479 2182 1542 tis,
2248 1476 2386 1531 solis,
2435 1475 2656 1544 inquam
2715 1471 2960 1542 justitiam
3020 1468 3221 1524 Verum
3281 1468 3368 1532 hi,
3413 1467 3479 1520 ad
3527 1481 3664 1536 quos

2094 1563 2412 1624 scribendos
2434 1579 2580 1618 nunc
2604 1563 2921 1633 aggredior.
2937 1574 3246 1631 quanquam
3291 1567 3456 1612 noctu
3488 1557 3585 1612 via:
3605 1571 3665 1615 se

2093 1657 2504 1719 commiserunt,
2543 1661 2704 1727 atque
2749 1653 2922 1718 initio,
2957 1652 3034 1706 uti
3065 1651 3276 1713 caeteri,
3309 1649 3364 1704 in
3429 1649 3665 1710 tenebris

2093 1751 2295 1805 versati
2346 1756 2519 1814 sunt;
2553 1745 2906 1800 nihilominus
2933 1760 2997 1798 ex
3040 1744 3124 1797 his
3161 1742 3347 1812 plures
3385 1741 3532 1812 digni
3565 1741 3664 1792 lla.

418 1853 536 1909 acta
566 1853 669 1900 est.
689 1842 858 1898 Porro
900 1843 1042 1896 banc
1088 1839 1454 1912 Olympiadem
1500 1837 1739 1894 instituit
1784 1835 1990 1904 Iphitus

2096 1842 2188 1897 biti
2224 1850 2348 1896 sunt
2377 1840 2468 1910 qui
2512 1836 2801 1907 splendore
2837 1833 2974 1888 lucis
3001 1832 3474 1891 collustrarelltur,
3507 1834 3664 1896 prout

419 1935 763 1998 Praxionidze
816 1933 1089 1998 Haemonis
1134 1927 1249 2003 '(5).
1307 1931 1384 1984 Ex
1443 1931 1547 1984 hoc
1603 1929 1714 1998 jam
1749 1934 1993 1996 tempore

419 2025 731 2081 Graecorum
757 2025 1108 2094 chronologia
1137 2023 1442 2089 ﬁrmitatem
1473 2035 1581 2091 pra:
1603 2018 1661 2074 se
1685 2019 1824 2073 ferre
1850 2017 1994 2072 vide-

421 2125 512 2172 tur
528 2132 651 2170 cum
679 2125 838 2170 antea
879 2130 978 2186 pro
1003 2131 1104 2170 suo
1131 2115 1365 2192 quisque
1393 2113 1547 2176 Iibito
1576 2126 1691 2167 rem
1716 2110 1988 2166 definiret.

443 2210 446 2213 ’
498 2205 664 2261 XXX.
701 2207 973 2262 Alcmaeon
1000 2208 1156 2262 annis
1187 2222 1248 2262 ιι.

503 2298 695 2353 XXXI.
720 2298 967 2369 Charops
985 2300 1142 2354 annis
1166 2316 1220 2354 x.

493 2391 704 2446 XXXII.
733 2391 1030 2447 Esimides
1055 2392 1214 2446 annis
1247 2407 1298 2443 x.

492 2484 731 2540 XXXIII.
757 2484 1000 2540 Clidicus
1029 2484 1188 2540 annis
1219 2500 1273 2537 x.

492 2577 733 2634 XXXIV.
756 2577 1118 2649 Hippomenes
1139 2577 1298 2632 annis
1318 2593 1372 2637 x.

494 2670 709 2725 XXXV.
737 2670 1026 2737 Leocrates
1055 2672 1217 2733 annis,
1246 2687 1307 2734 x.

493 2759 734 2815 XXXVI.
761 2761 1046 2830 Apsander
1074 2760 1234 2822 annis
1266 2776 1322 2815 x.

495 2851 754 2918 XXXVII.
791 2851 1020 2924 Eryxias
1041 2851 1201 2913 annis
1225 2866 1280 2904 x.

494 2943 832 2999 Athenarum
880 2929 1047 3014 reges
1094 2949 1216 3021 post
1267 2955 1442 3006 annos
1482 2953 1788 3003 ncccuxlu
1831 2938 1994 2997 ﬁnem

424 3033 756 3092 habuerunt.

502 3125 588 3187 16.
621 3123 868 3192 Postulat
898 3122 1132 3187 instituti
1166 3120 1336 3182 nostri
1375 3120 1538 3182 ratio,
1562 3129 1621 3174 ut
1641 3119 1801 3175 hisce
1827 3118 1994 3173 Lace-

428 3215 825 3272 daamoniorum
862 3229 1079 3290 quoque
1119 3227 1276 3284 reges
1325 3211 1712 3283 adjungamus,
1759 3224 1994 3280 quorum
2019 3175 2066 3244 ρ

427 3311 640 3381 primus
698 3320 840 3361 anno
900 3303 1170 3361 Samuelis
1232 3311 1288 3368 et
1339 3303 1523 3369 Saulis
1576 3309 1733 3368 sexto,
1784 3302 1998 3365 decimo

429 3386 620 3473 regnat

497 3492 541 3550 I.
575 3490 909 3565 Eurystheus
947 3490 1103 3546 annis
1133 3505 1273 3555 χιιι.

496 3581 564 3644 II.
604 3582 734 3653 Agis
754 3595 897 3636 anno
920 3595 956 3634 ι.

499 3673 587 3732 IlI.
630 3673 977 3728 Echestratus
1011 3668 1169 3725 annis
1202 3685 1367 3734 xxxv.

499 3763 588 3818 IV.
625 3763 860 3818 Lahotas
891 3761 1047 3816 annis
1069 3775 1277 3815 xxxv".

501 3851 569 3908 V.
605 3851 892 3908 Doristhus
926 3850 1084 3904 annis
1117 3865 1268 3904 xxlx.

506 3943 592 4002 VI.
628 3944 912 4014 Agesilaus
934 3941 1094 3998 annis
1121 3956 1265 4000 xle.

507 4033 614 4090 VII.
649 4035 946 4098 Archelaus
973 4035 1131 4091 annis
1157 4051 1245 4090 1.x.

507 4124 637 4181 VIII.
677 4125 917 4184 Telecles
954 4129 1110 4185 annis
1135 4142 1225 4185 ιι..

502 4215 594 4282 IX.
632 4217 954 4275 Alcamanes
985 4221 1144 4284 annis
1169 4235 1375 4276 xxxvn.

506 4307 601 4365 His
634 4319 757 4379 post
773 4325 948 4367 annos
969 4327 1172 4368 cccxxv
1195 4311 1270 4386 (6)
1293 4313 1416 4370 ﬁnis
1437 4323 1519 4372 est
1542 4313 1852 4384 impositus.

505 4401 592 4456 I7.
631 4403 791 4460 Anno
821 4405 1052 4469 istorum
1092 4406 1292 4474 altero,
1328 4408 1419 4479 qui
1461 4415 1577 4464 erat
1623 4407 1870 4464 decimus
1912 4423 2002 4464 δθς

2091 1950 2192 1991 suo
2222 1935 2342 1990 loco
2369 1945 2668 2003 cognosces
2700 1927 2776 2000 ('7)

2159 2023 2278 2078 Jam
2308 2038 2436 2078 vero
2469 2020 2631 2076 tertio
2657 2027 2778 2089 post
2812 2015 2968 2073 Ilium
2998 2020 3216 2083 captum
3251 2025 3418 2074 anno,
3448 2007 3668 2069 biennio

2091 2125 2216 2171 ante
2255 2114 2645 2184 Sampsonem,
2691 2108 2940 2164 Teutami
2991 2115 3172 2160 autem
3218 2101 3480 2157 vicesimo
3524 2113 3669 2153 nono

2093 2216 2236 2256 anno
2263 2197 2406 2270 apud
2435 2196 2658 2250 Latinos
2689 2197 2882 2264 regnat

2162 2289 2202 2345 I.
2242 2288 2447 2344 IEneas
2475 2286 2634 2341 annis
2663 2299 2745 2338 ιιι.

2165 2377 2227 2432 II.
2267 2375 2542 2431 Ascanius
2580 2372 2738 2427 annis
2759 2385 2990 2425 xxxvlll.

2162 2469 2251 2524 ill.
2294 2467 2497 2522 Silvius
2532 2464 2719 2520 .‘Eneae
2743 2464 2900 2517 annis
2935 2476 3092 2519 xxlx.

2163 2558 2252 2613 IV.
2308 2558 2533 2612 Latinus
2572 2553 2776 2609 Silvius
2821 2551 2980 2605 annis
3021 2564 3176 2604 xxxi.
3218 2545 3256 2600 Α
3303 2544 3496 2605 Latino
3538 2553 3678 2613 gens.

2096 2651 2276 2714 Latini
2304 2647 2555 2720 appellati
2590 2661 2688 2720 per
2717 2659 2890 2698 annos
2923 2655 3141 2696 ccccux.

2166 2741 2229 2802 V.
2273 2740 2475 2797 [Encas
2498 2739 2700 2794 Silvius
2731 2736 2890 2789 annis
2917 2749 2970 2788 ι..

2162 2832 2252 2895 VI.
2291 2832 2429 2886 Alba
2460 2828 2659 2884 Silvius
2683 2828 2840 2883 annis
2865 2840 3055 2881 xxxix.

2166 2923 2279 2985 VII.
2320 2922 2513 2994 Epitus
2543 2920 2747 2975 Silvius
2773 2919 2934 2973 annis
2961 2932 3110 2971 xxvi.

2175 3017 2309 3073 VIII.
2351 3017 2530 3087 Capys
2563 3013 2765 3068 Silvius
2793 3011 2952 3067 annis
2977 3025 3169 3064 xxvlll.

2168 3107 2259 3164 IX.
2299 3107 2568 3164 Anchises
2603 3103 2682 3174 (8)
2715 3101 2915 3156 Silvius
2942 3100 3100 3154 annis
3130 3114 3251 3153 xlll.

2168 3201 2237 3264 X.
2276 3200 2527 3255 Tiberius
2558 3197 2760 3253 Silvius
2783 3194 2940 3250 annis
2963 3209 3081 3248 vlll.

2170 3294 2261 3348 XI.
2302 3293 2536 3366 Agrippa
2572 3288 2775 3346 Silvius
2801 3286 2960 3358 annis
2981 3299 3090 3338 xu.

2169 3388 2284 3452 XII.
2322 3385 2614 3439 Aremulus
2646 3379 2848 3434 Silvius
2883 3376 3042 3431 annis
3067 3391 3179 3429 xlx.

2165 3480 2302 3536 XIII.
2341 3477 2604 3538 Aventius
2641 3473 2842 3528 Silvius
2871 3468 3031 3524 annis
3059 3482 3264 3521 xxxvu.

2167 3563 2308 3620 XIV.
2346 3561 2552 3618 Procas
2583 3558 2788 3617 Silvius
2809 3554 2967 3610 annis
2995 3569 3122 3634 χιι..

2171 3654 2290 3708 XV.
2329 3652 2580 3707 Amulius
2624 3647 2831 3703 Silvius
2872 3643 3031 3700 annis
3071 3657 3223 3697 XLIII.
3276 3641 3333 3694 In
3372 3640 3535 3708 hujus
3572 3653 3676 3691 an-

2104 3763 2236 3813 num
2262 3745 2532 3802 decimum
2561 3755 2767 3796 nonum
2793 3738 2967 3811 prima
2992 3734 3258 3807 olympias
3280 3731 3530 3786 incurrit.

2173 3840 2214 3896 I.
2252 3837 2520 3894 Romulus
2554 3835 2714 3897 annis
2751 3828 2978 3889 xxxvlil.
3015 3826 3117 3881 I'Iic
3151 3839 3292 3880 anno
3333 3837 3434 3878 suo
3463 3820 3678 3876 decimo

2103 3948 2286 3999 nono,
2353 3931 2447 4002 qui
2509 3928 2611 3984 fuit
2675 3923 2999 4000 olympiadis
3054 3919 3352 3975 undecima:
3427 3923 3673 3986 quartus,

2104 4025 2304 4096 templa
2345 4032 2399 4079 et
2429 4020 2632 4077 moenia
2667 4017 2855 4073 Romae
2883 4011 3148 4069 fundavit.
3182 4008 3321 4064 IIinc
3357 4007 3482 4062 anni
3525 4004 3680 4060 urbis
3783 4060 3791 4076 ί

2105 4094 2338 4173 condita:
2373 4113 2552 4186 putari
2589 4111 2857 4182 incipiunt
2885 4109 2984 4180 (9),
3027 4106 3121 4177 qui
3151 4117 3294 4158 anno
3332 4100 3508 4171 primo
3545 4094 3677 4150 Phi-

2081 4208 2239 4287 ‘lippi
2258 4208 2405 4262 mille
2433 4212 2813 4260 numerantur.
2838 4198 2976 4256 Hinc
3004 4197 3167 4257 etiam
3198 4191 3374 4247 Latini
3404 4189 3678 4242 Romano—

2105 4317 2226 4356 rum
2279 4313 2477 4355 nomen
2530 4295 2857 4350 habuerunt.
2923 4289 3307 4358 Congeruntur
3373 4287 3551 4335 autem
3607 4292 3675 4332 ex

2106 4393 2282 4461 .(Enea
2310 4391 2377 4446 ad
2405 4388 2697 4451 Romulum
2722 4383 2850 4439 anni
2882 4395 3160 4443 ccccxxvl.

436 4493 637 4573 pum...
673 4459 947 4553 δη...
970 4459 2004 4579 usus.'rsg..;';ua'a.u;.u..
2033 4509 2078 4571 ι)
2122 4459 2126 4461 ’
2179 4483 2242 4540 ιι-
2283 4483 2458 4579 me
2494 4475 2980 4579 complesse“
3006 4467 3257 4579 ιιι;.ξ¹ξο
3284 4477 3498 4579 me“:
3537 4459 3681 4579 δξξῖε

507 4587 547 4642 I.
588 4587 808 4643 Alethes
841 4591 999 4645 annis
1023 4607 1189 4646 xxxv.

505 4675 569 4739 II.
612 4674 764 4736 Ixion
785 4681 941 4736 annis
967 4697 1174 4736 xxxvll.

505 4763 594 4819 III.
627 4764 860 4835 Agelaus
887 4768 1046 4824 annis
1067 4785 1275 4833 xxxvn.

506 4853 595 4908 IV.
637 4853 874 4910 Primnis
902 4856 1060 4911 annis
1085 4873 1246 4912 xxxv.

506 4945 574 5002 V.
615 4947 846 5002 Bacchis
885 4948 1044 5003 annis
1071 4965 1234 5004 xxxv.

503 5037 591 5094 VI.
631 5039 827 5113 Agelas
867 5039 1024 5096 annis
1051 5057 1180 5096 xxx.

443 5120 450 5126 ⁷
511 5128 621 5186 VII.
651 5129 960 5187 Eudemeus
997 5132 1156 5188 annis
1183 5148 1313 5194 xxv.

510 5286 588 5356 (ὅ)
619 5287 913 5355 Eusebius,
950 5288 1166 5344 Medon.

507 5357 585 5428 (4)
613 5358 809 5428 Codd.,
844 5359 1167 5428 Agemestor.

517 5427 592 5498 (5)
630 5427 770 5498 Hoc;
789 5426 987 5482 nomen
1031 5437 1351 5497 corruptum
1390 5434 1474 5481 est
1513 5426 1655 5497 apud
1703 5426 2007 5483 Samuelem

442 5495 694 5565 uti'apud
732 5495 1026 5552 Eusebium
1054 5498 1123 5552 ad
1152 5495 1351 5552 annum
1376 5495 1665 5550 Ahrall‘ami
1688 5513 1882 5552 ICCXL.

515 5567 590 5634 (6)
618 5567 704 5620 Al.
737 5568 883 5632 cod.,
928 5583 1198 5623 cccxxvll.

517 5635 595 5708 (7)
623 5636 809 5691 Mirari
833 5638 961 5692 licet
986 5647 1149 5708 atque
1169 5637 1406 5694 osculari
1437 5637 2010 5708 religiosum'Armenii

2104 4595 2247 4647 anno
2276 4575 2483 4634 addidit
2510 4571 2702 4631 Ianum
2730 4577 2784 4623 et
2812 4567 3080 4624 Februum
3106 4560 3237 4630 (I0),
3263 4571 3452 4624 nempe
3469 4552 3674 4647 Ianua-

2106 4646 2247 4729 rium
2286 4676 2449 4739 atque
2475 4661 2855 4724 Februarium,
2879 4672 3004 4712 cum
3037 4655 3222 4709 decem
3244 4656 3400 4703 antea
3429 4646 3680 4700 dicereu-

2106 4771 2268 4908 tmill.
2308 4851 2499 4906 Tullus
2526 4845 2789 4900 Hostilius
2819 4839 2930 4913 (Η)
2962 4837 3122 4891 annis
3149 4847 3320 4891 ³³⁸³³⁸

2180 4948 2268 5002 IV.
2312 4947 2495 5000 Ancus
2523 4941 2755 4998 Marcius
2781 4935 2940 4991 annis
2963 4946 3124 4988 xxlll.

2181 5038 2247 5100 V.
2287 5035 2619 5105 Tarquinius
2661 5029 2884 5092 Priscus
2935 5025 3094 5084 annis
3162 5032 3342 5079 xxxvu
3393 5014 3526 5084 (I2).
3581 5012 3680 5068 IIie

2111 5132 2200 5189 isti
2229 5131 2390 5184 ﬁnem
2424 5127 2643 5180 faciunt.

2112 5298 2261 5351 sunt.
2294 5291 2420 5342 dum
2449 5298 2628 5340 rerum
2655 5281 2830 5335 adhuc
2860 5277 3186 5349 potirentur.

2185 5359 2262 5430 (8)
2293 5357 2583 5430 Eusebius,
2609 5351 2920 5430 Cgrpel'i‘ms.

2179 5419 2256 5501 (9)
2283 5431 2452 5501 Aliter
2486 5427 2546 5501 i_ll_
2563 5422 2752 5501 codice
2789 5419 3112 5501 Eusebi-uano.

2182 5487 2293 5569 (ιδ)
2322 5500 2378 5552 ιιι
2410 5495 2596 5569 (τοίω-ι
2618 5493 2818 5569 “nem
2842 5487 3184 5569 9%.?”egf‘f't;
3271 5553 3304 5569 ,.

2211 5503 2273 5555 I0
2322 5501 2378 5552 Ill
2410 5501 2596 5556 codd.,
2618 5501 2818 5545 Junum
2848 5501 2896 5541 et
2932 5501 3180 5557 rnegum.

2209 5501 2296 5642 II)
2317 5569 2491 5642 Codd.
2516 5561 2816 5642 Samuelisp
2832 5558 3043 5642 (ditius.
3063 5546 3673 5642 AI‘EIISCPIILS:

2326 5619 2452 5691 IJuo
2478 5619 2663 5710 reges
2703 5619 3085 5686 desiderantur
3109 5625 3317 5680 Servius
3366 5619 3594 5683 Tullius,
3625 5625 3678 5672 et

445 5701 685 5781 hominis
726 5722 968 5781 sensum.
1015 5701 1106 5779 qui
1161 5701 1759 5781 praepczeleris'priscis
1799 5711 2009 5778 populis
2117 5701 2434 5781 Tarquinius
2476 5701 2758 5773 Superbus.

451 5774 726 5833 Romanos
753 5779 1000 5845 suspicit,
1029 5774 1244 5848 quia'hi
1276 5779 1479 5836 Christi
1511 5774 1629 5834 lucc
1655 5774 1812 5848 digni
1842 5774 2008 5835 habiti
