4158 6486
459 383 568 441 635

1457 377 1803 435 APPENDIX
1839 378 1933 434 AD
1971 377 2245 436 EUSEBII
2277 379 2693 443 CIIRONICON.

3633 391 3740 448 6'56

533 499 668 554 Post
717 513 878 570 reges
915 497 1252 570 praefuerunt
1303 497 1489 554 Roma:
1540 499 1798 554 consules
1829 514 1859 553 a
1887 498 2056 554 Bruto
2083 504 2129 561 Α
2159 501 2346 562 sitam.
2370 519 2534 573 quam
2564 513 2620 560 et
2643 502 2933 558 IIarcbiam
2958 505 3310 578 nuncupavit.
3331 504 3555 563 Interim
3578 507 3742 567 Belus

463 592 692 656 exorsi;
750 590 950 646 deinde
1001 591 1229 654 tribuni,
1287 605 1413 643 mox
1466 589 1766 644 dictatores
1818 591 2053 660 (nempe

462 684 846 752 eloquentes);
892 697 1090 737 rursus
1128 681 1404 745 consules,
1445 683 1541 751 qui
1585 696 1615 734 a
1654 679 1956 753 Tarquinio
1986 683 2054 736 ad

463 773 658 829 Caium
688 773 893 828 Julium
926 774 1253 828 exstiterunt
1283 773 1442 826 annis
1469 787 1693 826 ccccu.

532 865 668 921 Post
726 866 827 920 bos
885 879 1027 919 anno
1096 865 1270 918 altero
1331 865 1644 920 centesimas
1707 864 2056 933 octogesima:

354 949 360 954 ⁷
465 967 682 1030 quartae
717 956 1046 1030 Olympiadis
1074 971 1344 1012 summam
1388 963 1714 1027 potestatem
1764 958 1907 1026 apud
1948 955 2058 1010 Ro-

464 1066 660 1107 manos
703 1050 942 1106 exercuit
979 1047 1147 1104 Caius
1184 1047 1363 1103 Julius
1404 1049 1566 1104 annis
1607 1051 1872 1119 quinque,
1905 1065 2058 1103 men-

463 1144 623 1200 sibus
700 1150 904 1212 septem
960 1143 1166 1196 minus.
1231 1140 1367 1194 Exin
1429 1125 1706 1194 Caesarum
1769 1142 2058 1212 app=llatio

463 1235 726 1290 obtinuit.
766 1232 886 1288 Jam
939 1233 1047 1288 huc
1085 1249 1263 1303 usque
1307 1232 1434 1286 anni
1471 1231 1581 1288 duo
1610 1233 1909 1304 Cleopatra!
1955 1250 2060 1288 nu-

465 1331 787 1392 merantur;
836 1323 1082 1394 reliquos
1130 1322 1324 1394 viginti
1365 1321 1553 1377 eadem
1602 1323 1708 1378 sub
1768 1321 2034 1380 Romanis

465 1416 742 1488 exigebat.

535 1511 815 1581 Augustus
843 1507 1006 1563 annis
1030 1522 1140 1573 LVI,
1177 1506 1462 1562 mensibus
1489 1521 1566 1563 γι.
1592 1505 1676 1562 Ab
1705 1508 1866 1577 hujus
1881 1507 2058 1578 primo

468 1615 618 1656 anno
650 1600 980 1655 Antiocheni
1009 1614 1139 1656 suos
1170 1612 1348 1655 annos
1379 1609 1692 1654 numerant.
1722 1599 1899 1669 Ilujus
1929 1601 2055 1654 item

465 1707 613 1747 anno
635 1692 847 1748 decimo
871 1690 1182 1746 Iudaeorum
1207 1692 1469 1762 praesules
1497 1693 1665 1746 amoti
1692 1699 1841 1755 sunt,
1873 1707 2061 1760 regna-

465 1783 653 1852 vitque
732 1781 977 1837 Herodes
1010 1780 1332 1850 alienigena.
1410 1778 1551 1834 Ecce
1599 1787 1778 1834 autem
1828 1778 2056 1849 Augusti

466 1875 643 1930 altero
667 1883 720 1929 et
747 1873 1188 1944 quadragesimo,
1221 1870 1454 1926 Herodis
1488 1871 1662 1926 altero
1694 1879 1749 1926 et
1778 1872 2057 1928 tricesimo
2087 1854 2129 1910 Β

465 1981 634 2032 anno,
661 1983 858 2023 carens
889 1974 1134 2036 tempore
1166 1964 1352 2020 Funus
1380 1963 1480 2017 De:
1517 1971 1708 2018 sancta
1740 1979 1806 2018 ex
1833 1962 2058 2034 Virgine

465 2059 716 2117 nascitur
738 2059 794 2114 in
825 2066 1072 2130 tempore
1095 2056 1230 2128 (15).

1064 2188 1296 2246 CAPUT
1336 2187 1449 2248 Vil.

815 2303 1028 2360 Jabethi
1064 2304 1317 2373 prosapia
1354 2302 1702 2359 Armeniaca.

534 2418 760 2474 Priores
798 2417 936 2474 duas
975 2417 1357 2488 genealogias,
1393 2415 1543 2473 Semi
1595 2415 1853 2470 videlicet
1894 2420 2062 2485 atque

464 2509 680 2576 Cbami,
711 2510 949 2566 breviter
980 2511 1384 2574 recensuimus,
1409 2507 1760 2577 easdemque,
1791 2515 2056 2578 quantum

465 2602 650 2667 licuit,
683 2617 784 2674 per
814 2604 1199 2659 successiones
1228 2610 1282 2658 et
1315 2609 1563 2672 tempora
1595 2599 1663 2654 ad
1695 2614 1820 2654 eum
1851 2613 2056 2654 annum

467 2710 644 2767 usque
681 2695 1034 2755 deduximus.
1075 2711 1187 2766 quo
1246 2693 1630 2749 manifestatus
1673 2701 1756 2748 est
1795 2691 2060 2746 Dominus

467 2790 562 2860 qui
608 2789 904 2844 humanam
945 2795 1140 2859 sponte
1175 2793 1428 2841 naturam
1459 2784 1712 2840 adscivit.
1741 2783 1855 2853 Age
1887 2797 2056 2846 nunc,

467 2881 611 2952 quod
655 2881 908 2952 superior
951 2880 1130 2935 oratio
1175 2885 1364 2934 nostra
1405 2875 1693 2947 promisit,
1738 2874 1805 2930 ad
1841 2873 2058 2929 Jabethi

466 2989 686 3044 quoque
706 2973 1018 3044 progeniem
1040 2969 1458 3026 describendam
1485 2965 1816 3022 accedamus
1851 2983 1866 3022 :
1899 2965 2059 3036 cujus

467 3065 797 3122 successivaz
816 3063 1226 3137 procreationes
1250 3065 1317 3116 ad
1341 3059 1574 3116 Parthos
1597 3074 1770 3130 usque
1789 3056 2056 3120 deﬂuunt,

473 3175 579 3230 l[uo
620 3161 678 3214 lit
727 3169 788 3214 ut
831 3173 958 3213 eum
1005 3157 1262 3227 denique,
1293 3155 1386 3226 qui
1432 3154 1562 3209 fecit
1601 3160 1834 3222 utraque
1862 3165 2056 3214 unum,

473 3221 783 3316 (Dominum,
841 3251 1090 3322 inquam,
1142 3221 1391 3304 nostrum
1457 3221 1862 3314 contingamus.
1920 3221 2131 3296 Cumc

473 3345 634 3416 igitur
674 3344 918 3414 praedicti
959 3341 1230 3400 sermonis
1264 3339 1437 3395 nostri
1477 3352 1676 3394 cursus
1718 3335 1785 3391 ad
1813 3334 2062 3405 Thorgo-

473 3451 619 3491 mum
649 3437 952 3502 devenerit,
985 3435 1233 3505 sequitur
1260 3439 1322 3487 ut
1355 3431 1424 3486 ab
1451 3445 1518 3486 eo
1546 3431 1670 3485 loco
1690 3431 2059 3485 narrationem

472 3543 666 3584 rursus
691 3527 1064 3582 exordiamur.

541 3618 596 3673 1.
648 3619 694 3672 A
737 3617 1053 3688 Tborgomo
1101 3615 1176 3671 ait
1245 3613 1454 3686 (Moses
1508 3611 1878 3676 Chorenemis,
1919 3629 1960 3680 ι,
2003 3611 2060 3684 9)

471 3718 816 3779 procreatum
848 3708 1100 3764 Haicum.
1134 3705 1253 3762 Iam
1279 3706 1370 3762 hic
1391 3704 1599 3762 Ilaicus
1627 3721 1695 3760 ex
1719 3719 1910 3760 eorum
1943 3712 2064 3759 erat

473 3801 750 3870 gigantum
803 3815 1038 3857 numero
1087 3802 1180 3872 qui
1229 3800 1542 3870 arrogantia
1589 3797 1785 3852 tumidi
1834 3797 2059 3868 impium

473 3892 759 3947 consilium
822 3892 1206 3946 construendae
1247 3892 1416 3945 turris
1458 3895 1827 3961 pepererunt;
1857 3889 2063 3958 quique

474 3990 602 4052 post
625 3983 744 4052 ejus
771 3983 1035 4038 immanis
1057 3981 1271 4038 aediﬁcii
1300 3981 1515 4037 ruinam
1543 3995 1668 4035 cum
1697 3980 1810 4050 jam
1839 3980 1982 4034 inter
2002 3993 2062 4036 se

474 4085 700 4145 propter
754 4076 1063 4146 linguarum
1123 4073 1450 4130 divisionem
1503 4086 1617 4128 non
1669 4072 2058 4143 intelligerent,

475 4167 735 4238 superbia
779 4168 909 4222 elati
945 4175 1192 4222 mutuum
1231 4166 1572 4222 dominatum
1605 4164 1950 4221 aﬁ'ectabant.
1987 4162 2060 4230 Is,

473 4261 714 4332 inquam,
750 4258 958 4314 Haicus
1017 4259 1144 4316 Belo
1190 4259 1462 4316 obsistere
1511 4274 1684 4314 ausus
1743 4265 1850 4323 est,
1901 4257 2062 4328 cujus

474 4352 720 4408 studium
769 4367 836 4408 eo
887 4352 1170 4423 spectabat
1213 4363 1294 4418 ut,
1351 4353 1570 4409 cunctis
1619 4350 1724 4406 sibi
1773 4349 2058 4420 subjectis,

474 4445 782 4519 generalem
831 4446 1174 4518 tyrannidem
1231 4452 1534 4502 exerceret.
1583 4443 1664 4500 Ne
1717 4442 1848 4499 Belo
1896 4443 2062 4514 igitur

474 4537 878 4608 obtemperaret
929 4537 1156 4602 liaicus,
1212 4553 1338 4592 cum
1386 4536 1518 4598 ﬁlio.
1566 4549 1727 4607 quem
1785 4532 2061 4604 Babylone
2091 4565 2137 4621 Β

476 4637 816 4698 susceperat,
863 4631 1190 4692 Armenaco.
1225 4629 1360 4701 petit
1415 4627 1748 4690 Araratiam,
1797 4625 2058 4681 trecentis

473 4719 612 4776 viris
656 4720 888 4791 aliisque
927 4721 1173 4786 advenis,
1203 4719 1383 4790 quise
1419 4718 1499 4774 illi
1522 4717 1914 4786 adjunxerant.
1937 4729 2060 4770 cor-

476 4809 790 4867 roboratus.
823 4809 901 4864 lbi
930 4825 1061 4866 vero
1097 4810 1163 4864 ad
1206 4809 1414 4865 montis
1462 4808 1680 4863 radices
1719 4805 2057 4862 domicilium

477 4903 698 4965 excitat.
749 4902 917 4972 idque
972 4917 1098 4958 mox
1148 4903 1441 4957 Armenaci
1497 4901 1608 4956 ﬁlio
1651 4899 1856 4955 Cadmo
1904 4897 2062 4952 attri-

478 4995 676 5062 buens,
719 4995 938 5065 longius
991 4995 1104 5064 ipse
1165 5008 1486 5066 progressus
1535 5000 1621 5048 est
1667 4993 1730 5046 ad
1777 4991 2057 5062 regionem

481 5085 774 5155 quamdam
837 5085 982 5140 inter
1031 5084 1164 5140 solis
1213 5099 1470 5139 occasum
1533 5093 1588 5138 et
1633 5083 2058 5154 septentrionem
2100 5131 2104 5137 .

551 5263 677 5336 (15)
692 5263 940 5336 Sanme.,
982 5270 1049 5336 _ut
1074 5262 1272 5333 cuique
1308 5261 1504 5336 legenti
1535 5267 1772 5336 constat,
1821 5259 2058 5336 priorem

481 5331 702 5390 Eusebii
736 5333 936 5403 librum
981 5333 1090 5403 b_uc
1118 5331 1293 5402 usque
1321 5331 1381 5386 in
1414 5332 1796 5401 compendium
1831 5331 2057 5403 redegit.

481 5405 656 5460 Porro
685 5417 810 5459 cum
840 5402 982 5456 idem
1006 5400 1379 5456 Romanorum
1412 5400 1770 5472 imperatores
1794 5400 1936 5454 ultra
1958 5400 2064 5472 pri-

482 5490 632 5529 unum
682 5473 765 5528 vel
809 5473 1039 5526 alterum
1081 5475 1354 5529 Caesarem
1406 5469 1514 5526 non
1565 5469 1860 5532 describat,
1917 5469 2060 5528 haud

481 5544 688 5600 scimus
713 5547 785 5595 'an
809 5541 940 5612 hinc
959 5545 1156 5612 merito
1183 5543 1601 5612 conjectandum
1631 5539 1726 5603 sit,
1753 5537 2060 5598 Samuelem

485 5615 674 5668 nnitilo
705 5611 925 5666 Eusebii
969 5611 1158 5670 codice
1177 5611 1351 5669 .usu’m
1402 5627 1541 5667 esse.

560 5683 671 5753 (14)
715 5683 943 5737 Codices
985 5683 1190 5756 aliique
1231 5685 1530 5754 scriptores
1581 5679 1743 5735 etiam
1773 5725 1785 5749 ,
1839 5683 2063 5739 Arame-

486 5769 673 5807 nacus.

557 5825 668 5895 (15)
711 5825 1042 5885 Manavazus
1072 5824 1224 5881 Ilaici
1255 5824 1398 5881 lilius
1423 5865 1438 5890 ,
1475 5824 1765 5882 Armcnaci
1797 5825 1986 5882 frater.

2155 592 2210 645 in
2274 593 2514 663 reliquos
2560 610 2756 650 omnes
2805 595 3146 649 dominatum
3201 596 3460 667 adeptus,
3508 597 3740 657 Haicum

2153 696 2371 752 quoque
2411 683 2737 754 Babylonem
2773 685 3005 738 accersit
3043 703 3056 739 :
3089 701 3322 756 cumque
3359 685 3560 744 [laicus
3587 705 3742 745 man-

2153 773 2282 826 data
2337 790 2444 829 non
2489 774 2713 840 faceret,
2761 776 3046 846 egreditur
3093 778 3356 834 adversus
3399 795 3522 834 eum
3579 779 3742 837 Belus

2160 867 2391 924 immani
2435 870 2745 938 arrogantia
2788 867 2986 923 elatus.
3033 866 3145 923 Sed
3177 870 3319 924 enim
3365 871 3470 925 telo
3497 873 3644 926 ictus
3671 872 3742 926 ab

2155 959 2325 1013 Haico
2356 959 2470 1012 vita
2495 959 2763 1029 spoliatur
2797 977 2811 1013 :
2844 960 2936 1029 qui
2962 960 3180 1030 quidem
3220 961 3362 1016 baud
3392 963 3582 1032 paucis
3617 972 3740 1036 post

2158 1047 2325 1102 annis
2353 1047 2464 1100 vita
2494 1047 2784 1116 producta,
2809 1047 3032 1104 ditionis
3053 1049 3321 1106 haeredem
3350 1053 3592 1108 moriens
3623 1054 3742 1108 reli-

2155 1139 2274 1211 quit
2293 1142 2680 1198 Armenacum.

2225 1232 2282 1289 2.
2325 1234 2662 1288 Armenacus
2695 1233 2807 1305 (ιι)
2849 1232 3004 1288 Haici
3043 1233 3208 1295 ﬁlius.
3234 1243 3360 1305 post
3395 1235 3602 1292 obitum
3637 1253 3737 1308 pa-

2159 1321 2296 1385 tris,
2337 1320 2538 1376 fratres
2565 1321 2705 1376 duos
2733 1321 2975 1376 Cborum
3011 1329 3066 1378 et
3099 1322 3450 1380 Manavazum
3497 1325 3552 1380 in
3595 1325 3736 1382 IIar-

2157 1411 2350 1466 cbensi
2401 1413 2682 1482 provincia
2723 1413 2980 1484 reliquit,
3017 1413 3258 1485 itemque
3302 1415 3500 1471 Bazum
3549 1417 3736 1474 Mana-

2157 1504 2276 1558 vazi
2311 1505 2421 1574 (i5)
2464 1505 2652 1560 ﬁlium.
2687 1503 2862 1560 Porro
2895 1522 2925 1560 a
2959 1506 3261 1561 Manavazo
3295 1507 3545 1579 Bazoque
3575 1509 3735 1566 dictae

2159 1591 2415 1648 feruntur
2455 1596 2710 1666 satrapite
2733 1594 3044 1652 Manavazia
3078 1607 3132 1653 et
3167 1598 3462 1663 Bcznunia,
3499 1603 3736 1675 itemque

2158 1698 2224 1738 ea
2255 1699 2377 1754 quae
2408 1683 2651 1740 0rdunia
2687 1687 3029 1756 appellatur:
3065 1704 3094 1743 a
3123 1689 3306 1744 Choro
3336 1699 3515 1746 autem
3546 1704 3736 1764 gentes

2161 1776 2617 1833 Cborcborunize.
2671 1779 2792 1848 Ipse
2820 1794 2953 1835 vero
2981 1780 3324 1837 Armenacus
3364 1782 3505 1836 ultra
3552 1793 3736 1842 trans-

2156 1883 2425 1938 gressus.
2477 1869 2532 1922 in
2586 1869 2815 1940 planitie
2869 1871 3114 1927 consedit
3159 1873 3308 1944 jugis
3356 1875 3733 1945 circumdata,

2157 1967 2390 2031 quorum
2415 1961 2630 2017 elatiori
2653 1977 2849 2018 nomen
2874 1965 2995 2020 fecit
3018 1966 3263 2037 Aragazo
3287 1986 3300 2022 :
3335 1976 3448 2021 tum
3471 1969 3738 2030 Annaeiso

2157 2059 2282 2122 post
2358 2053 2565 2123 aliquot
2633 2053 2760 2108 vitae
2809 2049 2986 2112 annos
3051 2057 3270 2126 genito,
3317 2057 3410 2112 diu
3459 2060 3583 2114 exin
3638 2077 3736 2117 su-

2157 2152 2370 2215 perstes
2405 2143 2622 2199 demum
2655 2152 2868 2201 natura
2899 2145 3187 2203 satisfecit.

2227 2236 2283 2290 5.
2325 2235 2622 2290 Armaeisus
2653 2235 2768 2308 (l6)
2805 2238 3095 2293 Armenaci
3140 2237 3284 2295 ﬁlius
3315 2241 3604 2296 stationem
3633 2241 3736 2298 sibi

2158 2326 2212 2381 in
2245 2326 2386 2382 colle
2420 2325 2488 2381 ad
2523 2327 2703 2383 amnis
2729 2327 2904 2398 ripam
2935 2328 3190 2387 aediﬁcat.
3237 2330 3417 2402 Atque
3444 2332 3736 2390 stationem

2157 2419 2378 2490 quidem
2418 2434 2522 2475 suo
2565 2417 2633 2475 de
2674 2421 2898 2477 nomine
2950 2421 3284 2477 Armaviram
3315 2424 3585 2493 appellat,
3620 2441 3738 2480 am-

2157 2525 2283 2567 nem
2313 2519 2492 2566 autem
2539 2527 2603 2566 ex
2649 2511 2846 2568 Erasto
2879 2521 3076 2583 nepote
3120 2529 3222 2568 suo
3263 2513 3553 2570 Eraschem
3585 2517 3737 2572 voci-

2159 2611 2237 2658 tat
2263 2603 2402 2675 (17).
2440 2602 2563 2659 Mox
2600 2604 2843 2660 Samum
2876 2605 3082 2671 ﬁlium,
3119 2607 3270 2678 prole
3312 2608 3531 2665 divitem
3574 2617 3738 2680 atque

2159 2711 2409 2751 voracem
2453 2697 2607 2768 (18),
2655 2698 2879 2753 boream
2921 2713 3116 2754 versus
3159 2701 3213 2754 in
3261 2710 3617 2772 campestrem
3658 2703 3739 2766 lo-

2159 2801 2286 2841 cum
2318 2787 2521 2841 emittit
2553 2789 2689 2844 satis
2718 2788 2940 2844 uberem
2973 2795 3028 2844 et
3064 2789 3429 2846 fructuosum.
3465 2790 3639 2861 Iiujus
3671 2794 3740 2850 de

2159 2877 2385 2932 nomine
2415 2878 2566 2949 regio
2589 2879 2679 2932 illa
2717 2879 2927 2934 Siracia
2975 2891 3292 2954 nuncupata
3351 2891 3456 2938 est.
3484 2881 3604 2939 Iam
3635 2885 3734 2940 Ar-

2159 2970 2386 3024 marisus
2439 2969 2717 3024 Amasiam
2762 2973 3100 3043 procreavit,
3146 2975 3350 3032 diuaue
3397 2977 3574 3032 adhuc
3625 2978 3738 3034 vita

2161 3074 2299 3115 usus
2329 3074 2647 3130 supremum
2691 3061 2836 3116 diem
2867 3062 3020 3117 obiit.

2232 3150 2285 3204 4.
2326 3151 2578 3206 Amasias
2607 3152 2856 3208 Armaeisi
2893 3153 3072 3218 ﬁlius,
3108 3155 3270 3209 vitam
3305 3165 3516 3230 agitans
3541 3158 3738 3212 Arma-

2161 3241 2324 3305 vim,
2363 3241 2668 3298 Gelamium
2703 3246 2892 3316 genuit
2923 3253 2975 3302 et
3010 3244 3354 3304 Pharocbum
3391 3259 3552 3321 atque
3581 3249 3741 3304 Zola-

2161 3335 2332 3390 cium.
2371 3334 2517 3389 Idem
2555 3337 2756 3408 oppida
2786 3339 2898 3394 duo
2941 3339 2993 3394 in
3041 3339 3323 3398 radicibus
3368 3343 3569 3399 montis
3615 3342 3739 3398 iun-

2163 3425 2351 3493 davit,
2383 3429 2723 3500 totidemque
2767 3429 2897 3488 ﬁliis
2940 3432 3057 3488 suis
3097 3432 3384 3488 incolenda
3431 3435 3732 3499 concessit,

2163 3513 2455 3574 Pbarocho
2502 3521 2714 3577 scilicet
2759 3522 2888 3577 forti
2938 3531 2991 3579 et
3041 3522 3264 3579 Zolacio
3306 3523 3582 3588 famoso,
3617 3541 3739 3596 quae

2163 3609 2380 3679 quidem
2419 3612 2610 3667 borum
2640 3615 2860 3668 nomina
2894 3615 3130 3670 retinent
3159 3613 3520 3671 Parachotum
3548 3624 3602 3670 et
3629 3615 3738 3672 Zo-

2162 3698 2446 3756 lacertam.
2499 3701 2732 3758 Montem
2779 3703 3016 3774 denique
3060 3705 3129 3760 de
3176 3720 3280 3760 suo
3328 3706 3554 3760 nomine
3600 3705 3740 3760 dixit

2165 3788 2448 3847 Masisium
2483 3793 2620 3864 (19).
2663 3792 2713 3849 Is
2777 3809 2902 3849 cum
2933 3795 3093 3848 annis
3123 3802 3381 3865 praeterea
3412 3809 3520 3849 non
3543 3793 3741 3865 paucis

2159 3883 2326 3937 vitam
2359 3891 2760 3950 sustentasset,
2795 3885 3096 3941 Armavira:
3123 3886 3380 3941 decessit.

2231 3975 2287 4030 5.
2327 3973 2606 4032 Gelamius
2636 3975 2874 4033 Amasiae
2918 3976 3062 4032 ﬁlius
3109 3976 3366 4032 Ilarmam
3409 3977 3738 4050 procreavit.

2162 4061 2307 4118 Idem
2343 4065 2604 4134 oppidum
2637 4065 2692 4120 in
2722 4079 2818 4120 ora
2860 4066 3017 4121 lacus
3063 4065 3348 4132 condidit,
3390 4074 3736 4138 montemque

2161 4155 2472 4226 proximum
2505 4156 2694 4212 Gelum
2726 4156 2894 4225 dixit,
2926 4157 3115 4212 urbem
3146 4155 3530 4222 Gelacuniam,
3555 4158 3734 4214 lacum

2161 4247 2396 4318 denique
2422 4263 2571 4305 mare
2600 4247 2955 4306 Gelacunium
2987 4249 3122 4322 (20).
3148 4249 3394 4304 Celamio
3427 4249 3569 4306 ﬁlius
3600 4252 3738 4307 alter

2161 4341 2266 4396 fuit
2293 4338 2518 4399 Sisacus
2537 4382 2552 4408 ,
2582 4344 2671 4399 cui
2703 4342 2840 4400 ﬁnes
2866 4345 3092 4400 ditionis
3115 4343 3400 4400 constituit
3430 4345 3498 4400 ab
3521 4361 3586 4400 eo
3611 4329 3756 4401 lacu.

2161 4433 2424 4488 orientem
2457 4449 2682 4500 versus,
2715 4449 2822 4505 qua
2867 4433 2986 4490 ﬁuit
3015 4434 3194 4489 amnis
3227 4433 3496 4492 Erasebes
3527 4435 3734 4506 ingenti

2162 4522 2378 4594 agmine
2403 4533 2459 4578 et
2489 4527 2720 4596 strepitu
2751 4526 2806 4580 in
2835 4541 2932 4582 eos
2960 4540 3182 4596 campos
3213 4526 3469 4596 delapsus
3511 4525 3604 4596 qui
3645 4525 3734 4582 di-

2160 4624 2365 4672 cuntur
2397 4616 2711 4674 Chalavazi.
2761 4616 2822 4672 Ei
2867 4618 3074 4689 regioni
3125 4634 3324 4674 nomen
3373 4625 3456 4674 est
3503 4617 3733 4674 Siunia:

2160 4708 2255 4764 sed
2283 4707 2626 4766 commodius
2669 4708 2851 4765 Persae
2894 4709 3086 4764 dicunt
3129 4707 3478 4765 Sisicaniam.
3527 4709 3732 4766 Urbem

2159 4801 2324 4857 etiam
2354 4800 2602 4856 condidit
2631 4801 2931 4858 Gelamiam
2973 4803 3041 4856 de
3085 4816 3188 4856 suo
3227 4802 3450 4857 nomine
3496 4801 3732 4865 dictam,

2160 4908 2284 4964 quae
2311 4899 2501 4964 postea
2531 4893 2599 4948 de
2630 4891 2868 4949 Garnico
2895 4901 3092 4964 nepote
3132 4893 3254 4965 ejus
3293 4891 3495 4948 Garnia
3539 4891 3734 4948 audiit.

2161 4983 2302 5039 Hinc
2363 4991 2520 5040 ortus
2572 4991 2658 5042 est
2707 4985 3018 5042 consecutis
3065 4986 3404 5056 temporibus
3471 4984 3574 5040 sub
3629 4982 3732 5038 Ar-

2163 5085 2386 5132 taxerxe
2403 5075 2648 5133 Varazus
2666 5077 2758 5134 ille
2777 5079 3124 5134 venationum
3149 5077 3439 5150 praefectus
3454 5076 3735 5132 Varaznu-

2235 5260 2348 5323 (16)
2387 5260 2560 5315 Aliler
2590 5261 2790 5320 etiam.
2828 5262 3168 5318 Aramaisus.

2235 5329 2348 5402 (17)
2388 5329 2590 5402 Nempe
2619 5332 2873 5387 Araxem.

2235 5397 2348 5473 (18)
2386 5397 2716 5474 (Ζοιιιῇξξιιυιι
2739 5403 2842 5474 hac
2868 5417 3034 5474 super
3061 5417 3120 5456 re
3146 5400 3400 5472 adagium
3433 5397 3574 5470 apud
3598 5397 3738 5454 Cho-

2162 5471 2449 5528 renensem
2472 5511 2486 5536 ,
2521 5471 2666 5527 Hist.
2703 5489 2756 5536 ι,
2789 5473 2874 5526 11.

2233 5543 2348 5614 (19)
2389 5542 2546 5614 llunc
2593 5540 3216 5614 immanisﬂaltitudinis
3271 5549 3508 5596 montem
3552 5536 3733 5593 divina

2164 5611 2339 5668 Biblia
2367 5613 2591 5683 alteque
2619 5623 2808 5682 gentes
2837 5613 3027 5666 dicunt
3055 5611 3275 5665 Ararat.

2237 5684 2348 5753 (ΞΟ)
2385 5677 2519 5753 Hoc"
2559 5677 2709 5739 mare
2762 5688 2901 5746 (seu
2936 5685 3115 5753 lacum
3146 5683 3164 5750 )
3223 5681 3443 5753 posteii‘
3477 5677 3729 5733 dixerun'
3781 5697 3791 5731 ι

2165 5751 2339 5810 ctiam
2375 5752 2650 5807 Sevam’um
2687 5754 2754 5807 ab
2789 5753 2967 5808 insula
3001 5751 3235 5808 Sevania
3258 5792 3272 5818 ,
3308 5751 3397 5807 ubi
3444 5766 3536 5805 ars
3571 5754 3736 5818 capit.

2165 5823 2494 5893 perdiliicilis
