4158 6480
431 366 540 426 637

1133 353 1489 415 ’SAMUELIS
1521 355 1842 411 ANI’ENSIS
1881 351 2229 409 SUM‘MARH
2262 344 2651 404 TEMPORUM
2681 342 2861 402 PARS
2897 339 2939 397 1.

3579 334 3687 393 638

432 485 539 539 nim
583 479 800 534 familia:
836 477 977 531 fons.
1010 473 1225 528 “arma:
1275 474 1384 527 lilio
1408 471 1687 527 Gelamius
1738 471 1794 525 in
1846 485 2002 523 man-
2031 473 2076 531 Α
2175 465 2229 521 8.
2268 464 2412 519 Arati
2441 464 2603 517 Arato
2631 458 2801 530 geniti
2832 457 2979 512 ﬁlius
3018 455 3385 509 Anusavanus
3421 451 3543 507 fuit.
3584 450 3685 506 Hic

432 576 575 631 datis
627 573 810 633 dedit,
868 578 929 624 ut
982 567 1279 623 Armavira:
1340 566 1646 629 habitaret,
1708 562 2003 631 multisque

431 677 555 740 post
588 666 747 719 annis
790 665 1094 719 exstinctus
1115 669 1218 716 est.
1247 658 1446 713 Harma
1469 655 1710 711 Gelamio
1750 655 2001 726 genitus,

433 771 688 830 suscepto
714 758 824 812 ﬁlio
854 757 1077 819 Aramo,
1111 761 1235 824 post
1263 766 1438 805 annos
1469 751 1678 819 aliquot
1704 748 1840 802 obiit

502 855 555 909 6.
597 854 831 906 Aramus
864 847 1078 902 Harmae
1111 846 1254 900 ﬁlius
1290 859 1384 914 per
1426 842 1554 898 εει)νὶ
1598 841 1791 894 martis
1830 847 2006 893 certa-

429 948 581 1002 mina
608 961 666 1000 re
697 957 838 1013 saepe
863 940 1119 1012 praeclare
1143 947 1293 1008 gesta
1318 936 1578 990 ditionem
1602 948 1758 988 suam
1788 946 2005 1001 quaqua

431 1052 624 1091 versus
654 1032 897 1105 protulit.
934 1029 1025 1083 Ab
1073 1028 1237 1096 hujus
1287 1025 1506 1079 nomine
1553 1037 1827 1076 consensu
1874 1036 2006 1090 gen-

431 1130 570 1182 tium
626 1125 869 1179 omnium
926 1121 1076 1191 regio
1129 1125 1315 1172 nostra
1371 1114 1637 1185 appellata
1688 1121 1818 1167 est:
1879 1125 2005 1164 nam

432 1218 607 1275 Graeci
636 1217 856 1288 quidem
888 1212 1177 1267 Armenios
1199 1250 1214 1273 ,
1248 1208 1370 1280 Syri
1416 1224 1545 1263 vero
1586 1214 1639 1261 ct
1683 1204 1865 1259 Persa:
1904 1203 2005 1256 Ar-

433 1309 650 1364 nzenich
697 1324 801 1363 nos
844 1304 1056 1359 dicunt.
1102 1301 1198 1356 Ille
1242 1299 1550 1371 Nyebarum
1600 1296 1808 1351 Madem
1863 1293 2007 1348 bello

433 1402 653 1466 captum
696 1395 763 1449 de
799 1392 972 1448 turris
1014 1406 1173 1446 muro
1202 1387 1507 1459 suspendit.
1538 1385 1800 1440 Eumdem
1832 1382 2007 1438 Ninus

434 1489 740 1545 secundum
769 1502 798 1540 a
828 1502 888 1541 se
915 1485 1054 1539 dixit
1084 1484 1244 1552 eique
1274 1480 1524 1536 diadema
1563 1477 1878 1548 margaritis
1920 1474 2005 1528 in-

433 1579 589 1648 signe
613 1583 829 1648 gestare
854 1573 1160 1637 concessit,
1190 1569 1408 1623 tametsi
1435 1566 1616 1637 specie
1648 1575 1828 1619 tenus.
1859 1562 2005 1617 Idem

432 1670 755 1726 Barsamum
782 1669 894 1723 vita
925 1666 1216 1737 spoliavit:
1246 1671 1360 1717 tum
1388 1669 1443 1716 et
1470 1662 1705 1713 titanum
1752 1657 2003 1726 Paapum

434 1763 715 1818 Chalidem
745 1775 777 1814 e
808 1755 1225 1813 mediterraneis
1247 1752 1555 1813 submovit,
1582 1760 1740 1819 atque
1770 1748 1823 1802 in
1852 1748 2006 1802 insu-

2106 558 2470 612 Anusavanus
2489 595 2513 621 ,
2532 553 2623 623 qui
2651 551 2832 606 Sausii
2858 563 3057 604 nomen
3078 547 3183 601 sibi
3212 544 3546 606 vindicavit,
3575 542 3691 597 for-

2107 648 2400 702 titudinem
2450 654 2505 701 et
2549 642 2896 714 prudentiam
2947 654 3006 694 re
3047 637 3321 706 dictisque
3365 634 3688 689 mirabiliter

2106 756 2219 813 prae
2247 756 2306 795 se
2330 738 2496 791 tulit:
2543 735 2683 805 apud
2733 731 3003 786 Zammum
3044 737 3229 786 autem
3273 728 3414 783 miro
3449 728 3689 782 ludibrio

2107 830 2355 893 habitus,
2407 824 2768 880 nihilominus
2810 823 3112 875 amicorum
3158 818 3427 891 praesidiis
3478 825 3690 887 partem

2107 923 2441 992 aliquantam
2464 915 2709 987 regionis
2734 921 2939 967 nostrae
2963 911 3273 982 impetravit
3297 928 3309 963 :
3338 925 3466 964 mox
3491 917 3546 963 et
3568 909 3692 962 uni-

2104 1026 2341 1068 versam.
2364 1008 2496 1062 Post
2525 1007 2670 1060 hunc
2699 1004 2842 1058 haud
2872 1018 2971 1074 pro
2998 1002 3213 1072 generis
3235 1001 3380 1071 jure,
3410 1000 3504 1056 sed
3529 1006 3691 1070 prout

2108 1104 2340 1175 quisque
2371 1109 2638 1171 tyrannus
2665 1094 2920 1167 potentiae
2945 1094 3154 1148 viribus
3185 1091 3569 1162 pmpollebat,
3599 1106 3699 1146 re-~

2107 1194 2252 1265 gioni
2300 1197 2507 1246 nostrae
2536 1189 2805 1243 universa:
2833 1183 3099 1246 dominati
3130 1190 3292 1246 sunt,
3323 1197 3555 1252 quorum
3585 1197 3692 1237 no-

2109 1286 2254 1340 mina
2283 1283 2399 1337 haec
2436 1300 2448 1335 :
2481 1279 2750 1343 Paretus,
2784 1275 3066 1336 Arbocus,
3115 1271 3399 1336 Zavanus,
3439 1270 3692 1326 Pharna-

2106 1391 2232 1439 ces,
2265 1373 2484 1429 Surius.
2531 1370 2707 1440 llujus
2752 1373 2912 1421 aetate
2955 1362 3117 1419 Jesus
3163 1361 3298 1417 Navi
3335 1364 3419 1417 vir
3460 1363 3689 1428 caelebs,

2107 1480 2334 1528 sanctus
2356 1480 2410 1527 et
2437 1469 2597 1525 fortis
2615 1480 2740 1522 cum
2759 1463 3098 1519 Chanameos
3123 1458 3451 1516 debellasset
3469 1495 3485 1521 ,
3513 1472 3580 1510 ex
3608 1456 3706 1510 his.

2109 1565 2318 1635 aliquot
2340 1562 2544 1635 Agram
2575 1558 2973 1631 profugerunt,
3002 1554 3349 1622 navibusque
3376 1548 3706 1605 conscensis

2110 1656 2360 1711 Tharsim
2394 1663 2620 1710 tenuere
2639 1690 2655 1715 ,
2685 1664 2806 1719 quae
2834 1662 2924 1702 res
2954 1649 3176 1703 constat
3206 1656 3274 1697 ex
3302 1640 3463 1695 titulo
3490 1639 3695 1693 colum-

2111 1747 2202 1802 nis
2234 1747 2288 1800 in
2338 1744 2525 1798 Africa
2568 1742 2838 1811 inscripto
2878 1738 3031 1794 hisce
3071 1733 3293 1790 verbis:
3326 1728 3589 1785 «Josuam
3619 1728 3698 1783 la-

435 1855 545 1910 lam
575 1852 868 1925 quamdam
904 1848 1093 1903 Asiani
1124 1847 1296 1902 maris
1327 1845 1524 1915 adegit.
1558 1843 1701 1898 ldem
1732 1842 1786 1895 in
1811 1856 1873 1895 ea
1902 1856 2011 1893 me-
2039 1808 2086 1867 Β
2119 1847 2330 1893 tronem
2364 1834 2634 1905 fugientes
2675 1846 2778 1886 nos
2813 1828 3095 1901 principes
3137 1824 3575 1881 Cbananaaorum
3608 1835 3698 1875 se-

436 1944 739 1998 diterranea
761 1941 979 2009 regione
1004 1938 1276 1993 Mesacum
1306 1937 1475 2006 stirpe
1504 1949 1604 1988 sua
1631 1940 1811 1986 ortum
1841 1930 2012 1986 collo-

436 2034 616 2096 cavit.
661 2031 753 2101 qui
802 2028 1074 2083 Mazacam
1127 2026 1410 2085 condidit.
1464 2024 1766 2078 Caesaream
1822 2028 2013 2092 postea
2055 2056 2074 2073 .

436 2131 708 2179 vocatam.
756 2120 1030 2176 Mandavit
1056 2126 1320 2190 praeterea
1350 2126 1508 2171 terra:
1534 2114 1656 2185 ejus
1686 2113 1882 2168 incolis
1906 2151 1919 2175 ,
1953 2118 2015 2166 ut

436 2213 736 2270 llaicanam
790 2212 1029 2283 linguam
1090 2209 1479 2264 addiscerent:
1539 2205 1893 2276 quamobrem
1948 2218 2014 2259 ea

436 2321 596 2378 plaga
620 2304 822 2360 dicitur
848 2322 881 2357 a
912 2301 1107 2357 Graecis
1137 2299 1335 2370 πρώτη
1366 2298 1654 2368 Ἀρμενία,
1684 2296 1892 2352 scilicet
1912 2296 2014 2350 Ar-

436 2398 618 2453 menia
645 2396 840 2468 prima.
886 2393 1028 2449 Hinc
1069 2393 1136 2447 ad
1177 2392 1313 2446 ﬁnes
1343 2405 1517 2462 usque
1548 2387 1802 2460 proprios
1846 2387 2015 2441 inter-

435 2485 617 2540 media
640 2485 756 2538 loca
777 2483 972 2538 incolis
996 2480 1380 2552 frequentavit,
1400 2495 1527 2550 quae
1542 2477 1813 2542 secundae,
1841 2478 2015 2534 tertia:

433 2575 549 2631 imo
574 2581 628 2631 et
654 2585 866 2648 quartae
886 2573 1160 2628 Armeniae
1201 2572 1595 2643 appellationes
1641 2577 1809 2625 nacta
1860 2576 2012 2625 sunt.

434 2665 567 2723 Haec
609 2667 674 2723 ad
721 2667 945 2722 verbum
987 2664 1166 2720 Moses
1209 2664 1343 2736 (21).
1394 2662 1592 2718 Verum
1638 2662 1731 2716 alii
1763 2660 2020 2715 historici.

436 2761 657 2826 docent,
673 2775 705 2813 a
726 2761 975 2815 Caesarea
996 2755 1355 2828 Cappadocia;
1372 2755 1438 2810 ad
1459 2755 1738 2810 Ponticam
1767 2753 1981 2824 plagam
1998 2792 2013 2815 ,

437 2851 549 2907 dici
579 2852 809 2923 primam
852 2849 1213 2914 Armeniam;
1263 2864 1296 2903 a
1343 2845 1519 2903 Ponto
1561 2847 1629 2902 ad
1672 2845 2014 2911 Melitenem,

435 2942 736 3002 secundam
782 2940 1141 3007 Armeniam;
1173 2940 1301 2994 hinc
1341 2939 1406 2992 ad
1446 2937 1666 3009 Zophiae
1702 2939 1870 3002 ﬁnes,
1914 2945 2020 2992 ter-

436 3037 570 3090 tiam
594 3033 907 3088 Armeniam
933 3050 947 3088 :
971 3031 1169 3087 exinde
1195 3030 1264 3085 ad
1287 3031 1479 3086 urbem
1513 3029 1810 3102 Martyrum
1842 3030 2023 3101 appel-

438 3126 608 3181 latam
650 3122 763 3195 (22)
806 3124 862 3177 in
901 3121 1107 3177 Alzniae
1142 3120 1441 3192 provinciae
1484 3135 1719 3183 occasu,
1764 3128 2013 3192 quartam

437 3216 803 3283 Armeniam;
865 3230 1020 3271 suam
1091 3214 1328 3284 denique
1381 3213 1756 3285 magnitudine
1813 3212 2019 3283 insigni

438 3309 815 3380 provinciam,
858 3305 1130 3362 Armenia:
1170 3303 1398 3376 majoris
1437 3304 1659 3359 nomine
1700 3305 2015 3359 distinctam

439 3402 615 3458 voluit
631 3400 765 3474 (25).
787 3398 892 3455 Sed
910 3399 1053 3455 enim
1081 3399 1248 3453 hasce
1264 3397 1565 3452 divisiones
1592 3395 1887 3451 Mauricius
1904 3393 2025 3466 (24)

442 3492 819 3564 perturbavit,
849 3488 997 3559 quod
1026 3488 1119 3543 ubi
1145 3503 1235 3542 res
1266 3487 1405 3542 feret
1449 3485 1708 3540 narrabo.
1749 3485 2015 3550 Aramus,

439 3584 602 3641 Aran
628 3581 840 3654 genito,
869 3580 1174 3651 longaevam
1196 3579 1365 3632 vitam
1397 3575 1633 3646 denique
1659 3575 1874 3629 clausit.

516 3675 568 3729 7.
606 3672 797 3727 Araaus
822 3670 1049 3742 pulcher
1072 3668 1259 3722 Arami
1290 3667 1434 3722 ﬁlius
1456 3664 1705 3721 eumdem
1735 3664 2016 3726 honorem,

444 3781 556 3838 quo
601 3773 758 3836 pater
807 3761 1035 3817 aﬁ‘ectus
1083 3759 1299 3825 fuerat,
1354 3772 1383 3810 a
1434 3756 1573 3810 Nino
1619 3754 1826 3809 retulit.
1879 3751 2025 3807 Nino

446 3866 630 3915 autem
663 3856 938 3914 exstincto
962 3896 977 3922 ,
1010 3861 1261 3925 proterva
1309 3851 1401 3905 illa
1445 3847 1768 3904 Samiramis
1800 3847 2018 3901 Aratum

445 3949 733 4021 cupiditati
761 3946 875 4004 sua:
904 3947 1126 4001 minime
1154 3945 1542 4014 obsequentem
1569 3941 1712 3996 bello
1735 3948 2023 4011 persecuta

445 4048 565 4105 est,
592 4047 655 4095 ut
684 4041 741 4095 in
775 4053 931 4093 suam
965 4042 1289 4108 potestatem
1321 4033 1625 4104 redigeret,
1661 4030 1753 4100 qui
1800 4029 2020 4083 interim

446 4132 507 4189 in
537 4132 793 4188 conﬂictu
821 4130 1021 4186 bellico
1045 4129 1227 4201 periit.
1272 4124 1482 4180 Exinde
1512 4122 1805 4195 impudens
1831 4120 2019 4175 eadem
2068 4136 2071 4139 ν

448 4222 776 4280 Samiramis
813 4222 1085 4277 munitum
1131 4218 1265 4273 illud
1319 4217 1579 4289 Oppidum
1621 4214 1895 4282 condidit,
1934 4212 2026 4268 cui

450 4316 522 4373 ad
555 4317 696 4370 hanc
724 4329 900 4385 usque
928 4313 1073 4368 diem
1104 4318 1287 4365 manet
1316 4308 1605 4379 appellatio
1633 4305 1751 4361 Van
1784 4305 1897 4378 (25)
1927 4324 1940 4361 :
1970 4306 2031 4360 in

2122 1929 2220 1985 des
2264 1929 2371 1983 huc
2411 1925 2796 1981 transtulimus
2843 1920 2977 1992 (26).
3019 1939 3038 1971 ι
3064 1917 3141 1972 Ex
3164 1917 3233 1972 iis
3261 1929 3407 1970 unus
3454 1909 3699 1969 Chnidas

2119 2024 2293 2078 multo
2321 2020 2754 2077 honestissimus
2785 2017 2928 2072 inter
2960 2019 3236 2069 nostrates
3262 2006 3575 2064 Armeniam
3619 2015 3711 2060 te-

2119 2116 2260 2171 nuit.
2313 2111 2569 2168 Profecto
2619 2125 2679 2166 re
2714 2108 2906 2165 sedulo
2931 2104 3276 2161 considerata
3303 2107 3520 2171 gentem
3545 2094 3706 2152 Gen-

2119 2206 2369 2262 thuniam
2399 2204 2467 2259 ab
2492 2217 2559 2258 eo
2577 2207 2933 2272 propagatam
2965 2194 3322 2267 cognovimus
3349 2209 3361 2245 :
3392 2197 3447 2244 et
3476 2187 3702 2259 quidem

2121 2300 2276 2371 origo
2306 2297 2613 2352 Chananaaa
2645 2290 2895 2346 moribus
2937 2288 3117 2360 gentis
3150 2283 3324 2356 ipsius
3352 2279 3691 2350 coarguitur.

2192 2368 2247 2447 9.
2287 2387 2421 2443 Post
2463 2384 2684 2440 Surium
2730 2380 3115 2444 Havanacius,
3156 2374 3457 2436 Vastacus,
3493 2368 3695 2423 Haica-

2122 2484 2261 2541 eius.
2315 2478 2375 2536 In
2433 2485 2650 2534 aetatem
2700 2472 2921 2529 Belochi
2954 2468 3070 2541 (27)
3119 2464 3412 2522 Baieacius
3459 2460 3697 2516 traditur

2124 2573 2420 2636 incidisse,
2453 2568 2675 2638 fatoque
2704 2564 3029 2637 perfunctus
3078 2562 3132 2616 in
3174 2558 3411 2631 quodam
3454 2555 3701 2610 tumultu

2122 2677 2328 2724 temere
2361 2663 2429 2718 ab
2461 2677 2521 2717 se
2553 2659 2850 2715 concitato.
2886 2654 3064 2711 Βραιιὶ
3095 2660 3215 2707 sunt
3245 2649 3559 2709 Ambacus,
3588 2644 3699 2698 Ar-

2124 2774 2298 2817 nacus
2317 2797 2333 2823 ,
2368 2754 2669 2817 Savarsus,
2693 2750 2950 2806 Nor-.erus
2975 2788 2992 2814 ,
3021 2746 3292 2802 Varamus
3313 2784 3331 2812 ,
3361 2742 3569 2804 Garus,
3595 2737 3699 2792 Go-

2124 2866 2324 2915 racus,
2380 2847 2665 2907 Rhantus,
2722 2842 3016 2905 Enzacus,
3072 2838 3337 2899 Gelacus,
3390 2833 3703 2894 Haurzeus,

2126 2941 2455 2997 Zarmairus.
2491 2935 2594 2991 Hic
2626 2941 2942 3006 postremus
2971 2931 3101 2986 dum
3146 2928 3367 2983 Priamo
3406 2924 3705 2979 auxiliatur

2126 3049 2157 3089 a
2191 3031 2440 3089 'Iautano
2468 3028 2582 3099 (28)
2618 3027 2824 3081 missus
2857 3039 2981 3081 cum
3026 3021 3345 3091 Ethiopum
3386 3017 3630 3073 exercitu
3665 3029 3705 3069 a

2128 3125 2365 3182 fortibus
2396 3121 2603 3178 Graecis
2633 3121 2998 3187 interemptus
3042 3122 3148 3170 est.
3198 3109 3404 3167 Deinde
3441 3107 3709 3174 Perzius,

2118 3216 2310 3272 Davidi
2341 3213 2561 3270 lsraelis
2586 3211 2700 3282 regi
2740 3205 3197 3277 contemporalis.
3223 3202 3362 3257 Tum
3389 3200 3692 3261 Arbunius,

2116 3308 2363 3363 Bazucus
2383 3346 2398 3370 ,
2434 3303 2627 3368 “eius,
2655 3301 2912 3362 Jusacus,
2943 3285 3252 3368 Capacius,
3295 3291 3650 3349 Schaaordius
3671 3328 3693 3353 ,ν

2115 3399 2390 3455 Paraerus.
2413 3396 2514 3451 Hic
2536 3395 2787 3451 Paraerus
2810 3391 3107 3447 Sebasordii
3136 3390 3279 3444 ﬁlius
3298 3429 3313 3452 ,
3344 3387 3498 3442 [laici
3521 3386 3696 3456 stirpe

2117 3503 2306 3557 ortus,
2355 3490 2501 3545 vires
2547 3503 2673 3542 cum
2722 3485 2969 3541 Varbace
3010 3482 3166 3538 Medo
3209 3480 3277 3535 ad
3324 3476 3700 3548 Sardanapal-

2117 3586 2231 3640 lum
2257 3596 2426 3653 regno
2451 3577 2795 3651 spoliandum
2825 3576 3058 3631 contulit
3084 3594 3099 3630 :
3125 3572 3478 3644 quamobrem
3504 3569 3695 3626 diade-

2121 3682 2266 3731 mate
2297 3689 2330 3729 a
2355 3672 2600 3729 Varbace
2623 3673 2882 3734 donatus,
2912 3670 3123 3741 primus
3150 3682 3218 3723 ex
3248 3662 3505 3720 Haicanis
3531 3678 3694 3718 coro-

2122 3774 2289 3823 natus
2322 3772 2431 3821 est.

2195 3858 2283 3913 10.
2324 3854 2613 3911 Rhaciaeus
2638 3852 2835 3908 Paraeri
2866 3850 3010 3907 ﬁlius
3047 3864 3246 3906 nomen
3279 3846 3519 3902 Rhaciaei
3570 3845 3702 3900 ade-

2124 3956 2253 4020 ptus
2292 3956 2378 4003 est
2421 3947 2489 4001 ab
2539 3946 2827 4002 oculorum
2865 3942 3151 4013 flagrantia
3184 3940 3481 4010 vultusque
3522 3938 3709 4008 splen-

2125 4041 2259 4096 dore
2293 4037 2636 4110 (29).‘Hujus
2665 4044 2824 4092 aetate
2855 4050 2979 4090 cum
3011 4032 3590 4089 Nabuchodonosorus
3610 4027 3702 4085 Je-

2127 4132 2529 4202 rosolymorum
2554 4130 2703 4184 cives
2727 4128 2781 4182 in
2806 4126 3179 4196 captivitatem
3201 4123 3560 4186 abduxisset,
3591 4120 3728 4190 ipse.

2128 4223 2348 4292 quidem
2379 4220 2697 4290 optimatem
2719 4217 3020 4289 quemdam
3050 4230 3081 4271 e
3108 4214 3342 4286 captivis
3369 4213 3572 4268 ludatis
3606 4227 3710 4268 no-

2132 4314 2278 4370 mine
2313 4311 2704 4367 Schambatum
2735 4324 2767 4364 a
2793 4307 3333 4364 Nabuchodonosoro
3362 4304 3713 4376 impetravit,

450 4407 774 4464 Cardosium
812 4415 1026 4469 autem,
1069 4403 1209 4458 Arazi
1240 4401 1413 4461 ﬁlium
1451 4409 1702 4470 captum.
1743 4399 1887 4454 Ατωί
1928 4413 2029 4453 n0—
2131 4420 2294 4477 quem
2336 4402 2739 4474 perhonoriﬁce
2782 4400 2925 4472 apud
2960 4414 3019 4455 se
3059 4397 3291 4453 habuit:
3330 4404 3494 4466 atque
3530 4409 3600 4449 ex
3641 4409 3716 4449 eo

448 4514 578 4554 men
603 4497 907 4554 transtulit.
941 4495 1035 4550 Illa
1069 4508 1195 4548 mox
1225 4508 1256 4547 a
1286 4491 1576 4546 Zoroastre
1602 4504 1795 4560 mago,
1842 4488 2019 4544 Media

2136 4512 2271 4569 gens
2297 4494 2626 4566 Bagratunia
2653 4492 2917 4548 manavit.
2942 4489 3123 4557 Quare
3149 4495 3203 4545 et
3234 4487 3476 4545 Sembati
3508 4501 3713 4543 nomen

449 4593 700 4666 principe
718 4632 733 4655 ,
761 4578 906 4647 bello
934 4590 1171 4661 appetita
1203 4594 1289 4643 est
1319 4607 1332 4642 :
1367 4586 1437 4642 ab
1481 4601 1546 4641 eo
1586 4586 1796 4643 scilicet
1826 4586 2019 4642 Zoroa-

2132 4598 2220 4646 est
2247 4604 2278 4644 a
2309 4588 2659 4645 Schambato.
2681 4585 2815 4642 Post
2843 4584 3155 4640 Rhaciaaum
3188 4582 3437 4638 diadema
3465 4578 3713 4635 Pharna-

451 4695 605 4750 stre,
636 4684 724 4739 cui
754 4683 1053 4753 quotannis
1094 4681 1150 4735 in
1193 4678 1507 4735 Armeniam
1548 4680 1824 4736 ventilans
1864 4679 2036 4752 Assy-

452 4779 595 4831 riam
638 4772 933 4846 regendam
973 4772 1344 4844 permittebat.
1392 4769 1450 4824 Id
1488 4770 1689 4826 bellum
1719 4772 1881 4829 Araeo
1897 4788 2036 4841 quo-

453 4882 562 4937 que
594 4866 733 4921 Arati
764 4863 876 4919 ﬁlio
912 4863 1075 4918 fatale
1105 4862 1206 4917 fuit
1233 4881 1247 4918 :
1278 4861 1410 4932 quin
1450 4868 1505 4917 et
1541 4862 1755 4933 impura
1794 4861 2035 4917 Samira-

454 4957 564 5013 mis
602 4954 744 5025 dum}
780 4953 961 5024 fugam
991 4954 1046 5007 in
1097 4952 1409 5007 Armeniam
1438 4952 1680 5017 molitur,
1714 4951 1912 5007 Ζωηωί
1939 4953 2032 5007 ﬁlii

458 5047 543 5104 sui
572 5062 769 5113 manu,
799 5046 892 5117 qui
922 5052 1006 5100 est
1034 5043 1243 5099 Ninuas
1262 5083 1278 5110 ,
1312 5042 1596 5099 interfecta
1624 5051 1735 5099 est.

533 5223 648 5288 (21)
692 5222 861 5288 Hist,
895 5239 947 5287 I,
984 5221 1170 5277 “45.

532 5287 646 5363 (22)
686 5292 817 5363 Περ
849 5287 1006 5348 urbs
1040 5292 1281 5363 antiquo
1330 5287 1551 5363 nomine
1587 5287 2028 5363 _Neph_ero_certa,

458 5356 726 5419 hodierno
764 5362 1115 5432 Mupharglwin
1135 5402 1149 5420 .
1190 5356 1301 5415 sub
1342 5360 1560 5429 juniore
1586 5356 1902 5414 Theodosio
1924 5361 2033 5414 dici

462 5433 637 5503 vulgo
659 5435 827 5503 cmpit
853 5431 1341 5501 Urbs’Martyrum.

535 5502 648 5574 (25)
688 5502 943 5574 Aramus.

532 5569 644 5642 (24)
686 5573 829 5626 Nihil
862 5573 962 5628 hac
992 5588 1156 5642 super
1181 5586 1238 5627 re
1268 5569 1569 5640 posteriore
1601 5570 1653 5642 in
1684 5579 1849 5642 parte
1869 5569 2033 5622 Sum-

465 5640 635 5697 marii'
656 5644 846 5699 scribit
885 5640 1102 5698 Samuel
1144 5642 1209 5696 ad
1258 5643 1578 5711 imperantis
1607 5640 1852 5694 Maueicii
1896 5652 2031 5695 ωηι-

469 5728 621 5783 pora.

538 5782 651 5845 (25)
692 5781 845 5838 Nunc
874 5780 1035 5838 etiam
1072 5783 1174 5839 ista
1210 5782 1262 5836 in
1292 5782 1423 5836 urbe
1453 5796 1684 5847 mrgnus
1726 5778 2028 5833 Turcarum

2132 4697 2233 4737 vas
2262 4680 2494 4750 adeptus
2520 4684 2603 4735 est
2628 4696 2641 4732 :
2676 4687 2790 4731 tum
2817 4674 3069 4731 Pazaazus
3087 4715 3103 4738 ,
3135 4673 3439 4736 Cornacus,
3468 4671 3713 4737 Pharus,

2136 4770 2412 4827 Haicacus
2431 4810 2446 4834 ,
2477 4766 2766 4824 Ervandus
2783 4807 2800 4835 ,
2835 4764 3120 4836 Tigranes.

2209 4865 2300 4918 Η.
2342 4862 2443 4916 llic
2476 4859 2744 4930 Tigranes
2773 4858 3017 4914 omnium
3049 4856 3142 4928 qui
3176 4855 3280 4913 sibi
3314 4858 3713 4926 praecesserant

2138 4954 2557 5029 potentissimus
2590 4953 2694 5005 fuit
2722 4969 2736 5005 :
2766 4950 2926 5021 cujus
2952 4949 3267 5020 praestantis
3288 4945 3572 5018 dignitatis
3598 4945 3711 5000 lau-

2135 5049 2233 5101 des
2275 5061 2341 5101 ex
2379 5043 2609 5106 historia
2650 5042 2832 5112 magni
2871 5039 3038 5096 Mosis
3081 5051 3415 5109 cognoscere
3466 5035 3610 5091 licet.
3655 5035 3735 5092 ls-

2140 5229 2362 5289 satrapa
2378 5217 2561 5289 degit.

2210 5277 2324 5361 (26)
2358 5277 2507 5361 item
2529 5326 2545 5351 ,
2573 5292 2806 5361 praeter
2840 5281 3245 5361 Qhorenensem
3294 5278 3515 5361 (θέειν.)
3536 5316 3551 5339 ,
3572 5277 3671 5361 ‘18_
3690 5318 3705 5339 ,

2138 5348 2329 5416 narrat
2357 5348 2659 5427 Procopius
2690 5355 2828 5411 Bell.
2862 5353 3033 5408 Vand.
3064 5353 3157 5427 lib.
3190 5365 3265 5413 ιι,
3308 5352 3409 5413 10,
3440 5348 3709 5403 illustrat-

2137 5447 2246 5501 que
2278 5422 2590 5501 Bcchartus
2619 5425 2776 5501 Geog.
2809 5441 2950 5478 sacr.
2984 5439 3040 5487 ι,
3075 5422 3167 5475 24.

2213 5501 2330 5569 (27)
2368 5498 2537 5569 Regis
2564 5497 2940 5569 Assyriorum.

2210 5560 2325 5639 (28)
2367 5560 2571 5639 Confer
2594 5560 2887 5620 Eusebium
2925 5561 3101 5639 I,_15,
3129 5561 3185 5639 4,
3205 5560 3257 5614 5.

2210 5626 2321 5710 (29)
2354 5637 2594 5691 Aliorum
2616 5650 2833 5710 quoque
2853 5626 3133 5689 nominum
3157 5634 3339 5686 liceret
3355 5626 3716 5702 etymologias

2138 5709 2430 5780 pleraSque
2465 5709 2672 5761 venari.
