4158 6494
413 390 518 446 6‘59

1397 376 1739 433 APPENDIX
1775 376 1864 430 AD
1898 368 2166 430 EUSEBII
2210 370 2627 427 CIIRONICON.

3553 362 3659 419 MO

413 519 594 562 nouus
623 507 741 558 erat
770 515 800 555 a
831 499 1049 555 Paraero
1077 497 1255 570 primo
1296 510 1426 567 rege
1445 534 1461 560 ,
1503 495 1569 549 ad
1614 510 1774 564 quem
1819 491 1989 547 Sene-
2016 496 2061 552 Α
2096 489 2337 561 prudens
2350 496 2515 554 esset,
2532 488 2701 543 multa
2722 501 2785 540 ac
2806 482 3059 556 perutiiia
3078 481 3327 543 instituta
3349 479 3656 548 adornavit,
3692 462 3702 497 ¹

412 594 645 652 cberimi
676 592 772 647 lilii
808 591 1239 646 Adramelecbus
1272 597 1327 643 et
1370 588 1680 643 Sanasarus
1722 600 1846 640 cum
1892 597 1989 653 pa-

415 696 624 744 rentem
671 683 1086 741 interfecissent
1136 681 1247 754 (50)
1299 680 1682 752 profugerunt.
1736 677 1988 731 Paraerus

415 790 597 835 autem
633 776 970 832 Sauasarum
999 776 1057 829 in
1086 773 1338 844 partibus
1370 770 1650 841 Assyriam
1690 766 1988 838 spectanti-

417 874 521 928 bus
568 868 891 932 collocavit,
936 866 1096 936 cujus
1147 863 1350 921 sobolis
1392 863 1727 917 incrementa
1777 857 1986 913 Simum

418 969 659 1025 montem
696 961 1073 1028 repleverunt,
1107 974 1174 1013 ex
1206 957 1386 1026 iisque
1414 954 1662 1009 nonnulli
1700 951 1987 1023 prudentia

382 1064 474 1113 .et
506 1055 763 1109 ﬁdelitate
793 1051 1074 1121 conspicui
1120 1049 1477 1122 prazfecturas
1514 1044 1797 1101 consecuti
1841 1049 1990 1099 sunt.

419 1147 539 1203 Jam
568 1147 636 1202 ab
659 1146 1029 1201 Adramolano
1054 1145 1319 1199 orti,sunt
1340 1138 1625 1195 Arzerunii
1656 1147 1712 1193 et
1738 1136 1990 1192 Genunii.

418 1239 466 1294 A
499 1239 803 1294 Paschamo
832 1246 1013 1291 autem
1048 1234 1293 1288 Haicacii
1332 1233 1445 1303 (51)
1493 1238 1691 1302 nepote
1728 1230 1995 1299 originem

420 1332 579 1386 duxit
632 1329 1012 1401 Angeldunus.
1064 1325 1317 1383 Jamvero
1360 1322 1627 1393 Tigranes
1667 1319 1952 1389 Asdahage
1978 1356 1995 1381 ,

420 1424 514 1495 qui
547 1424 857 1493 explicatur
887 1421 1056 1476 draco
1090 1417 1201 1489 (52)
1224 1458 1240 1484 ,
1283 1414 1574 1474 interfecto
1596 1453 1610 1478 ,
1656 1410 1898 1466 Anusam
1932 1410 1998 1463 il—

418 1515 527 1572 lius
552 1514 683 1569 olim
717 1527 941 1567 uxorem
975 1525 1098 1564 cum
1129 1508 1375 1577 ejusdem
1411 1504 1556 1559 omni
1593 1502 1846 1573 progenie
1871 1516 1997 1571 par-

419 1605 521 1661 tim
555 1614 675 1679 post
703 1606 901 1674 partim
937 1601 1005 1655 ad
1038 1601 1205 1654 imum
1235 1597 1517 1651 Masisium
1554 1606 1791 1648 monlem
1828 1593 2001 1646 collo-

421 1695 601 1761 cavit,
633 1709 828 1764 nempe
851 1694 909 1749 in
932 1691 1198 1745 Tambato
1221 1703 1403 1757 usque
1426 1688 1491 1741 ad
1515 1684 1786 1743 Golthiam
1813 1702 1828 1739 :
1858 1683 2001 1745 unde

429 1785 798 1843 Vernonzunii
833 1784 1148 1852 Astaiaaque
1177 1787 1494 1837 manarunt.

2091 580 2446 652 pnefeeturas
2475 594 2539 634 ac
2569 578 2911 649 principatus
2933 574 3161 638 detulit,
3196 572 3418 629 familiis
3438 613 3452 636 ,
3484 573 3661 644 genti-

2091 672 2226 736 bus,
2260 670 2488 725 urbibus
2509 708 2524 731 ,
2557 668 2801 723 castellis
2823 707 2838 731 ,
2874 665 3028 736 pagis
3052 703 3066 727 ,
3106 661 3378 716 militibus
3422 676 3485 715 ac
3517 676 3659 732 prae-

2093 764 2307 820 toribus
2337 771 2481 818 recte
2507 760 2909 817 constituendis
2937 771 3157 827 operam
3197 754 3495 825 impendit,
3540 768 3662 825 qua:

2094 868 2187 908 res
2213 854 2452 908 breviter
2481 851 2867 923 percensendas
2892 855 3039 904 sunt.

2167 945 2255 1000 15.
2293 944 2514 998 Initium
2552 945 2699 999 enim
2739 958 2770 997 a
2813 942 2989 1013 capite
3029 956 3132 997 suo
3171 940 3378 996 faciens
3426 939 3665 1008 Bagam-

2096 1042 2211 1091 tum
2245 1036 2488 1092 Judaeum
2558 1043 2913 1091 coronantem
2984 1043 3144 1105 atque
3187 1033 3423 1103 equitem
3477 1039 3662 1095 creat,

2096 1132 2202 1186 hoc
2239 1132 2502 1186 nimirum
2541 1131 2750 1185 honore
2790 1143 3060 1184 concesso
3099 1134 3160 1181 ut
3201 1127 3451 1182 diadema
3501 1124 3665 1191 capiti

2095 1223 2241 1292 regis
2270 1222 2533 1292 imponat.
2582 1221 2888 1285 Praeterea,
2919 1221 3014 1290 qui
3056 1219 3160 1279 sibi
3199 1217 3544 1277 cbirothecas
3583 1217 3669 1270 in-

2097 1314 2267 1368 duant
2309 1311 2651 1367 Chananaaos
2681 1312 2948 1380 quosdam
2990 1310 3155 1381 legit,
3186 1323 3419 1378 eamque
3450 1315 3665 1377 gentem

2099 1403 2332 1474 appellat
2358 1401 2701 1458 Genthunios
2721 1443 2736 1466 ,
2766 1401 2909 1455 haud
2944 1403 3062 1457 scio
3089 1417 3155 1455 an
3188 1415 3217 1454 a
3261 1400 3492 1455 Chnida.
3534 1398 3671 1454 Cor-

2099 1494 2253 1566 poris
2282 1494 2364 1548 sui
2392 1493 2674 1548 custodem
2703 1493 2771 1547 de
2794 1492 2960 1546 Chori
2990 1491 3219 1546 llaicani
3246 1493 3415 1562 stirpe
3440 1490 3673 1544 Malcba-

2101 1602 2224 1641 zum
2266 1585 2433 1641 facit:
2486 1585 2581 1641 sed
2629 1587 2921 1655 pristinum
2972 1585 3151 1656 gentis
3203 1594 3400 1638 nomen
3446 1583 3677 1639 retinuit

2104 1678 2628 1733 Malchazuniorum.
2652 1666 3015 1732 Vena'tionum
3043 1675 3354 1747 praefectum
3378 1690 3500 1732 esse
3520 1674 3676 1744 jubet

2104 1770 2302 1825 Datum
2335 1769 2573 1824 Carnico
2598 1768 2829 1824 Gelamii
2864 1767 2974 1822 filio
3003 1768 3245 1838 genitum
3275 1785 3287 1820 :
3334 1766 3494 1835 cujus
3531 1765 3674 1821 filius

494 1876 582 1933 12.
622 1873 849 1946 Tigrani
897 1835 1072 1929 liberij
1105 1835 1221 1933 nati
1268 1835 1398 1925 sunt
1442 1867 1677 1930 Babius,
1723 1863 2001 1933 Tiranus,
2033 1835 2075 1890 Β
2104 1861 2392 1926 Varazus;
2444 1863 2803 1933 ejusdemque
2851 1861 2919 1916 de
2963 1835 3184 1916 nomine
3208 1877 3339 1933 gens
3373 1858 3677 1918 Varazunia

423 1966 684 2039 Vahagus
716 1982 746 2021 a
778 1982 889 2038 quo
917 1964 1215 2041 Vahagenii
1236 2001 1252 2027 ,
1285 1960 1597 2015 Aravanius
1636 1971 1666 2010 a
1718 1971 1828 2025 quo
1873 1963 2003 2009 sunt

425 2060 778 2118 Araveniani.
819 2057 902 2113 Ab
929 2056 1184 2110 Aravano
1219 2052 1450 2115 Nerses,
1477 2066 1507 2105 a
1537 2050 1706 2105 Nerse
1735 2048 2003 2103 larehius

426 2170 460 2214 a
495 2167 605 2225 quo
634 2166 768 2221 gens
804 2146 1201 2203 Zarebavania.
1243 2145 1287 2199 Α
1328 2143 1560 2197 Zarehio
1604 2144 1902 2210 Armoges;
1935 2139 2003 2193 ab

426 2244 667 2317 Armoge
696 2241 969 2310 Bagamus
995 2254 1014 2305 ;
1060 2252 1090 2291 a
1122 2236 1361 2307 Bagamo
1391 2233 1609 2300 Vanus,
1650 2249 1681 2287 a
1714 2232 1869 2286 Vano
1896 2230 2005 2284 Ya-

427 2336 547 2391 bes.
575 2334 629 2390 is
653 2346 777 2386 cum
809 2328 1118 2393 Alexandro
1138 2326 1426 2381 Macedone
1449 2326 1796 2379 conﬂictatus
1841 2325 2006 2377 inter-

431 2427 517 2481 iit.
566 2423 668 2479 Hic
702 2422 864 2478 tinem
893 2420 1196 2476 dominatio
1219 2416 1474 2473 Haicanae
1501 2416 1688 2486 stirpis
1711 2422 1870 2469 nacta
1899 2421 2004 2469 est.

433 2516 574 2571 Hinc
605 2522 786 2570 autem
816 2513 883 2567 ad
913 2510 1267 2566 Valarsacem
1313 2508 1367 2562 in
1402 2508 1656 2562 Armenia
1688 2517 2006 2577 regnantem

431 2607 571 2663 nihil
598 2606 734 2662 satis
760 2615 970 2661 certum
1001 2601 1248 2673 proferre
1277 2601 1443 2665 licet,
1469 2600 1796 2655 tumultibus
1824 2598 2009 2654 omnia

435 2698 746 2755 tenentibus
765 2696 1072 2774 populoque
1097 2695 1152 2749 in
1183 2702 1409 2749 mutuas.
1431 2692 1605 2748 caedes
1629 2700 1821 2747 ruente
1848 2710 1861 2746 :
1889 2706 2010 2761 quae

434 2808 523 2847 res
544 2790 757 2845 facilem
777 2788 980 2843 Partho
994 2787 1183 2842 Arsaci
1216 2788 1273 2840 in
1300 2785 1612 2848 Armeniam
1643 2782 1846 2841 aditum
1866 2798 2007 2854 prae-

434 2879 555 2935 buit
574 2918 589 2943 ,
625 2878 721 2949 qui
750 2878 971 2949 quidem
1000 2892 1184 2947 regem
1218 2875 1490 2930 Armenia:
1520 2872 1870 2929 Valarsacem
1902 2872 2012 2926 fra-

436 2979 577 3027 trem
622 2970 887 3041 praefecit.
920 2970 1096 3025 Porro
1126 2984 1155 3023 a
1187 2967 1316 3023 Belo
1343 2966 1497 3022 Haici
1526 2983 1691 3022 manu
1724 2965 2013 3028 interfecto

437 3078 612 3134 usque
634 3062 699 3116 ad
723 3059 1074 3121 Valarsacem
1100 3061 1229 3117 anni
1260 3075 1496 3123 uncccct
1518 3101 1533 3126 ,
1555 3060 1638 3115 vel
1661 3073 1977 3114 ιιιιοοεωιωι
1996 3100 2021 3129 ,ἱ

436 3160 832 3225 congeruntur.

506 3244 595 3302 15.
651 3237 946 3315 Postquam
1004 3240 1257 3299 Haicanm
1332 3242 1520 3312 stirpis
1577 3239 1867 3309 imperium
1945 3237 2015 3292 ab

435 3336 744 3397 Alexandro
774 3335 1008 3390 deletum
1055 3346 1171 3399 est,
1218 3342 1447 3404 postque
1499 3333 1673 3402 ipsius
1723 3328 2021 3385 Alexandri

437 3444 580 3486 anno
607 3428 754 3499 regni
780 3425 1103 3481 duodecimo
1132 3427 1340 3481 obitum
1362 3465 1377 3490 ,
1406 3425 1636 3496 imperio
1662 3423 1782 3493 ejus
1805 3423 1859 3476 in
1881 3436 2016 3491 qua-

331 3568 338 3577 .
438 3529 564 3579 tuor
615 3519 809 3582 duces,
846 3525 907 3572 ut
952 3518 1065 3587 jam
1097 3516 1369 3581 diximus,
1403 3515 1620 3583 diviso;
1666 3530 1732 3570 ex
1762 3515 1848 3570 his
1874 3529 2019 3567 unus

440 3612 701 3668 Seleucus
753 3608 1081 3679 Babylonem
1134 3614 1260 3677 post
1304 3607 1677 3663 Alexandrum
1697 3605 1906 3668 tenuit,
1954 3619 2019 3659 ac

439 3707 636 3771 praeter
653 3699 790 3754 alias
801 3706 1009 3769 gentes,
1026 3697 1256 3751 Parthos
1287 3712 1504 3768 quoque
1524 3695 1727 3766 ingenti
1749 3696 1889 3750 bello
1907 3710 2021 3764 per-

439 3791 653 3846 domuit
672 3830 688 3857 ,
721 3804 825 3861 qua
855 3807 921 3846 ex
967 3806 1025 3845 re
1050 3799 1469 3859 cognomentum
1499 3786 1787 3842 Nicanoris
1813 3787 2016 3842 retulit.

440 3878 494 3939 Is
522 3881 681 3936 annis
707 3895 839 3935 xxxi
866 3881 1134 3951 regnavit.
1155 3880 1351 3935 Deinde
1365 3879 1668 3934 Antiochus
1713 3877 1871 3933 Soter
1900 3877 2020 3947 ejus

441 3972 590 4028 illius
622 3971 783 4027 annis
811 3987 924 4026 xix.
950 3969 1090 4026 Tum
1121 3971 1424 4027 Antiochus
1450 3971 1591 4028 Deus
1614 3970 1772 4026 annis
1792 3987 1883 4026 xv.
1909 3970 2021 4024 llu-

437 4061 850 4135 jus-undecitno
875 4076 1024 4117 anno
1051 4060 1407 4117 Macedonum
1437 4061 1806 4117 obedientiam
1833 4059 2021 4116 Parthi

442 4153 745 4224 abjiciunt,
775 4154 919 4225 apud
947 4169 1084 4226 quos
1113 4154 1323 4226 primus
1355 4163 1548 4225 regnat
1578 4151 1759 4209 Fortis
1797 4153 1889 4209 ille
1925 4152 2023 4207 Ar-

442 4260 601 4302 saces
619 4286 637 4315 ,
666 4245 964 4303 Abrahami
992 4261 1192 4317 genere
1221 4254 1377 4302 ortus
1406 4245 1475 4301 de
1499 4253 1659 4317 gente
1686 4244 1929 4313 Ceturae,
1964 4245 2021 4301 in

442 4338 580 4395 urbe
601 4339 691 4394 cui
719 4354 921 4395 nomen
954 4338 1137 4394 Bahla:
1166 4339 1323 4394 annis
1352 4354 1509 4394 xxxi.
1541 4337 1748 4394 Deinde
1775 4339 2021 4410 ejusdem

445 4430 593 4487 ﬁlius
618 4432 853 4511 Artaxes
884 4418 1045 4487 annis
1075 4447 1202 4486 xui
1233 4448 1248 4497 ;
1279 4439 1403 4502 post
1443 4447 1603 4503 quem
1652 4430 1881 4504 Magnus
1921 4430 2024 4486 Ar-

441 4533 601 4579 saces
630 4523 788 4578 annis
816 4538 927 4578 LIV.
1911 4524 1922 4533 ‘

516 4611 608 4666 14.
650 4609 883 4683 Magnus
911 4615 1002 4671 hic
1031 4614 1269 4671 Arsaces
1304 4613 1653 4668 Valarsaeem
1686 4613 1909 4668 fratrem
1938 4614 2033 4666 Ar-

443 4702 638 4757 menia:
662 4713 864 4760 nostrae
892 4722 1075 4777 regem
1103 4708 1365 4777 imposuit
1388 4722 1534 4760 anno
1560 4705 1835 4761 Ptolemaei
1874 4703 2033 4758 Ever-

2104 1959 2391 2033 appellata.
2437 1956 2576 2011 Tum
2623 1965 2677 2013 et
2725 1955 2935 2011 Gabalo
2965 1970 3195 2011 annona:
3221 1971 3334 2010 sua:
3359 1971 3546 2011 curam
3578 1958 3674 2013 de-

2106 2050 2363 2115 mandat,
2386 2057 2441 2105 et
2461 2050 2629 2105 Abelo
2651 2065 2838 2104 rerum
2866 2048 3390 2105 administrationem
3412 2090 3427 2113 ,
3457 2049 3674 2106 traditis

2103 2144 2265 2199 etiam
2309 2142 2543 2214 oppidis.
2590 2143 2814 2198 Illorum
2848 2143 3069 2196 nomina
3125 2153 3313 2213 gentes
3342 2141 3564 2198 szelia
3596 2151 3678 2196 at-

2105 2251 2210 2313 que
2238 2236 2426 2290 Abelia
2451 2236 2711 2289 retinent.
2745 2234 2947 2309 Statuit
2976 2244 3030 2289 et
3059 2233 3364 2289 Arzrunios
3394 2250 3485 2288 seu
3516 2236 3679 2290 Arsi-

2106 2328 2303 2384 vunios
2330 2328 2443 2399 (5'5)
2470 2345 2485 2393 ;
2517 2335 2632 2381 tum
2662 2338 2718 2382 et
2744 2326 3054 2381 Ghinunios
3083 2342 3173 2381 seu
3217 2324 3520 2381 Ghiniunos
3545 2325 3685 2396 (34).

2105 2420 2284 2492 Atque
2317 2419 2373 2474 hi
2402 2419 2622 2491 quidem
2654 2418 2721 2475 de
2748 2434 2948 2490 genere
2980 2418 3349 2474 Senecherimi
3378 2426 3553 2473 erant.
3585 2416 3684 2472 Fe-

2107 2510 2179 2563 cit
2226 2516 2280 2563 et
2323 2507 2673 2579 Spandunios
2716 2507 2868 2579 (55),
2915 2507 3009 2578 qui
3052 2506 3157 2562 sibi
3200 2507 3488 2562 macellum
3532 2522 3685 2562 com-

2108 2586 2424 2656 m’endatum
2474 2601 2777 2657 haberent:
2827 2601 2956 2655 item
3001 2598 3354 2657 Havenunios
3399 2597 3548 2669 (56),
3588 2598 3684 2668 qui

2106 2694 2399 2765 accipitres
2422 2700 2703 2766 gestarent
2730 2700 2786 2749 et
2830 2702 3133 2764 caperent:
3172 2708 3370 2749 rursus
3415 2691 3686 2747 Ziunaca-

2108 2801 2211 2840 nos
2253 2785 2402 2857 (57),
2431 2786 2524 2855 qui
2557 2786 2736 2841 nivem
2776 2795 2968 2842 aestate
3000 2796 3372 2843 asservarent.
3419 2786 3556 2843 Exin
3601 2803 3689 2842 re-

2110 2876 2210 2947 gia:
2238 2877 2493 2933 custodes
2522 2876 2652 2947 legit
2681 2876 2784 2931 sibi
2811 2878 2880 2932 de
2909 2878 3218 2947 priscorum
3261 2894 3450 2950 regum
3493 2896 3688 2951 proge-

2112 2968 2202 3027 nie
2223 3009 2236 3031 ,
2273 2969 2369 3039 qui
2401 2967 2607 3024 diserte
2633 2968 2824 3023 Ostani
2852 2968 2967 3043 (38)
2999 2972 3298 3041 nuncupati
3346 2981 3503 3036 sunt,
3549 2987 3706 3042 quos.

2115 3060 2296 3115 adhuc
2322 3059 2505 3116 lberes
2536 3058 2892 3130 Sephezulios
2921 3061 3186 3119 vocitant.
3216 3060 3460 3133 Denique
3492 3079 3692 3120 secun—

2040 3168 2091 3227 c-
2118 3152 2219 3209 dos
2246 3160 2370 3223 post
2401 3168 2582 3223 regem
2614 3152 2738 3222 fecit
2765 3168 2861 3208 eos
2889 3153 2984 3224 qui
3015 3164 3171 3209 erant
3196 3154 3265 3211 de
3294 3171 3491 3227 genere
3517 3156 3699 3213 Asda-i

2124 3244 2282 3315 hagis
2305 3242 2482 3308 Medi,
2510 3244 2711 3313 quibus
2741 3243 3023 3302 Murenscs
3052 3262 3251 3301 nomen
3282 3257 3387 3303 est.

2192 3334 2281 3389 16.
2322 3334 2436 3406 Age
2462 3351 2592 3391 vero
2621 3337 2890 3392 orientem
2919 3352 3116 3394 versus
3164 3338 3517 3409 praefecturas
3556 3340 3709 3397 duas.

2122 3426 2409 3480 constituit
2443 3425 2782 3483 Sisacaniam
2804 3467 2821 3493 ,
2853 3429 2909 3486 in
2942 3444 3116 3499 eaque
3160 3429 3349 3485 Cadmi
3387 3431 3648 3486 familiam
3674 3450 3707 3497 ;.

2123 3518 2266 3573 inter
2295 3518 2429 3574 solis
2453 3528 2633 3574 autem
2664 3526 2845 3575 ortum
2878 3528 2933 3576 et
2976 3521 3194 3576 boream
3231 3520 3471 3575 Aranum
3514 3522 3696 3591 posuit

2124 3606 2440 3678 praefectum
2473 3608 2540 3663 de
2571 3609 2743 3681 stirpe
2772 3608 2972 3666 Sisaci.
3005 3610 3080 3666 Ea
3109 3627 3239 3666 vero
3280 3612 3429 3681 regio
3473 3620 3697 3681 propter

2125 3713 2322 3755 suaves
2375 3700 2680 3756 incolarum
2737 3716 2923 3762 mores
2970 3702 3182 3759 Aluana
3236 3702 3351 3774 (59)
3399 3701 3541 3756 dicta
3590 3708 3706 3759 est-

2124 3787 2301 3861 Hujus
2344 3805 2373 3846 a
2426 3792 2598 3862 stirpe
2632 3800 2818 3846 manat
2866 3807 3001 3862 gens
3040 3792 3345 3847 Uteorum:
3397 3798 3512 3843 tum
3558 3787 3697 3844 Gar-

2125 3881 2509 3939 dmanensium
2560 3891 2615 3940 et
2658 3882 3022 3943 Zaudensium
3055 3882 3167 3955 (ιο)
3196 3890 3251 3939 et
3277 3879 3696 3954 Gargarensium

2126 3976 2491 4046 principatus.
2527 3975 2755 4034 Gusaris
2786 3985 2967 4033 tamen
2995 3977 3164 4032 Sami
3197 3977 3365 4046 stirpe
3391 3983 3557 4031 ortus
3571 3990 3698 4046 pos-

2127 4067 2386 4124 sidendas
2414 4069 2623 4139 accepit
2646 4069 2970 4140 Cangariam
3000 4075 3163 4140 atque
3188 4066 3711 4139 Zavachiam.prin-.

2127 4159 2367 4229 cipatum
2402 4160 2529 4215 item
2561 4158 2878 4219 Tasirorum
2909 4167 3073 4230 atque
3098 4158 3379 4215 Asozium.
3407 4158 3526 4214 Jam
3556 4173 3587 4214 e
3612 4174 3707 4213 re-

2128 4249 2287 4320 gione
2313 4247 2547 4304 Caucasi
2578 4250 2817 4304 validum
2849 4251 3107 4321 papulum
3127 4290 3144 4318 ,
3175 4249 3242 4306 de
3269 4265 3464 4322 genere
3489 4249 3702 4304 Mithri-

2127 4335 2270 4391 datis
2295 4334 2446 4390 Darii
2478 4344 2716 4408 satrapae
2756 4338 3090 4406 collocavit,
3134 4354 3365 4410 eamque
3410 4339 3704 4410 appellavit

2130 4424 2534 4499 Gugarensium
2589 4428 2996 4503 praefecturam.
3051 4430 3193 4486 Exin
3248 4429 3303 4485 in
3358 4431 3535 4501 ampla
3562 4431 3703 4485 valle

2058 4517 2427 4605 DBaseuensi
2479 4521 2849 4595 principatum
2904 4521 3055 4577 dedit
3107 4522 3263 4591 stirpi
3311 4520 3552 4576 Haicacii
3601 4518 3703 4575 Or—

2135 4607 2460 4665 duniensem
2498 4611 2856 4685 appellatum.
2889 4610 3028 4671 Tum
3077 4612 3144 4667 de
3193 4611 3480 4667 Paschami
3506 4625 3703 4681 genere

2134 4698 2408 4755 Torcbum
2445 4702 2735 4772 quemdam
2760 4742 2774 4766 ,
2809 4704 2899 4773 qui
2936 4713 3157 4775 propter
3190 4713 3441 4773 aspectus
3471 4702 3702 4757 torvita-

444 4800 580 4863 geta‘.
606 4793 874 4851 vicesimo
903 4799 1136 4867 septimo
1156 4838 1172 4864 ,
1201 4797 1531 4869 olympiadis
1557 4809 1735 4852 autem
1762 4795 2035 4865 sexagesi-
2134 4800 2239 4847 tem
2263 4794 2562 4865 Anghelius
2587 4794 2699 4865 (41)
2721 4794 3025 4860 dicebatur,
3051 4796 3364 4867 prazfectum
3388 4795 3701 4851 occidenta—

444 4897 548 4938 ma:
574 4885 821 4954 septimae
850 4903 1013 4958 supra
1064 4889 1418 4944 centesimam
1457 4902 1604 4942 anno
1635 4896 1864 4955 quarto,
1907 4901 2029 4957 per-

446 4971 635 5027 missis
661 4972 712 5027 ei
744 4974 1065 5044 regionibus
1089 4976 1304 5031 nostris
1332 4989 1458 5045 qua:
1500 4973 1931 5045 septentrionem
1974 4978 2029 5027 et

444 5077 702 5119 occasum
730 5051 999 5136 spectant.
1032 5065 1081 5123 Is
1107 5074 1288 5123 autem
1341 5082 1466 5122 cum
1501 5066 1583 5121 vir
1609 5064 1766 5121 fortis
1791 5063 1952 5120 simul
1977 5068 2031 5116 et

542 5233 631 5299 50)
662 5234 807 5305 Lege
832 5236 1123 5292 Eusebium
1159 5254 1195 5296 t.
1221 5237 1275 5304 5,
1309 5238 1361 5291 1.

542 5305 633 5374 51)
670 5303 927 5362 mendose
982 5308 1036 5360 in
1084 5308 1323 5367 editione
1378 5307 1545 5364 Mosis
1587 5306 1753 5363 Chor.
1819 5303 2027 5359 "uici:

449 5374 585 5457 nam
627 5386 681 5431 et
734 5377 956 5433 codices
1004 5377 1172 5435 Mosis
1218 5386 1276 5432 et
1339 5376 1559 5434 Samuel
1622 5378 1821 5431 habent
1895 5374 2028 5427 (lai-

451 5461 606 5500 εαειι.
756 5492 761 5497 .

524 5515 636 5587 (52)
666 5515 807 5587 Lege
832 5515 1125 5572 Eusebium
1156 5534 1194 5583 ι,
1235 5517 1288 5578 5.
1323 5518 1377 5580 5,
1404 5526 1521 5571 not.

527 5584 638 5657 (55)
668 5584 875 5657 Nempe
911 5587 1148 5657 aquilam
1179 5599 1463 5656 gestantes.

522 5655 639 5726 (54)
671 5655 883 5726 Nempe
910 5655 1015 5712 vini
1047 5655 1229 5710 curam
1253 5667 1504 5726 gerentes.

528 5725 641 5795 (35)
670 5724 871 5795 Nempe
900 5729 1032 5781 caedi
1051 5724 1377 5795 prmpositos.

533 5794 644 5862 (36)
680 5794 882 5866 Nempe
909 5814 1151 5865 aucupes.

2134 4885 2238 4940 lem
2267 4886 2478 4940 creavit
2498 4926 2513 4950 ,
2546 4886 2953 4959 provinciasque
2982 4904 3178 4943 nomen
3207 4886 3567 4957 Angheltunia
3592 4894 3701 4943 est.

2204 4978 2292 5031 17.
2332 4977 2507 5033 Porro
2546 4979 2600 5033 in
2643 4978 2899 5033 Armenia
2938 4988 3131 5050 quarta
3177 4980 3466 5033 maximam
3506 4975 3703 5048 prtere-

2131 5074 2341 5123 cturam
2371 5068 2738 5139 Zophiensem
2770 5069 3051 5136 fundavit,
3085 5081 3198 5125 tum
3237 5080 3291 5125 et
3338 5071 3473 5125 alias
3512 5068 3704 5140 praefe-

2202 5236 2314 5304 (57)
2345 5234 2548 5304 Nempe
2579 5238 2831 5291 πίωσι-ξοδ.

2201 5305 2314 5377 (56)
2345 5305 2561 5377 [{ersica
2596 5310 2695 5361 hac
2728 5324 2861 5363 voce
2900 5307 3276 5377 significantur
3310 5306 3460 5377 regii.

2200 5374 2315 5445 (59)
2347 5374 2685 5430 Vocabulum
2722 5394 2821 5431 Αιν
2853 5374 3093 5434 fatentur
3125 5393 3186 5431 se
3218 5374 3471 5445 ignorare
3500 5375 3708 5430 κνίδιοο

2127 5447 2183 5500 ni
2216 5445 2581 5517 Musis_(_3hor.
2611 5448 2957 5517 interpretes,
2987 5463 3110 5502 cum
3152 5451 3285 5502 satis
3324 5457 3502 5502 tamen
3530 5448 3703 5517 usita-_

2128 5524 2242 5639 ιιιῗι
2279 5517 2368 5570 sit.
2400 5513 2629 5572 Videtur
2658 5513 2839 5574 autem
2887 5513 3045 5573 nebis
3075 5517 3313 5573 derivari
3352 5517 3421 5571 ab
3459 5532 3525 5570 tu.
3559 5515 3705 5584 quod

2128 5605 2187 5639 sa
2213 5603 2293 5639 em
2322 5597 2498 5639 sonat.

2128 5597 2293 5639 salem
2322 5597 2498 5641 sonat.

2201 5656 2315 5727 (40)
2350 5655 2449 5710 Hic
2475 5655 2695 5712 codices
2725 5659 3055 5713 videbantur
3084 5657 3352 5712 mendosi.
3382 5656 3493 5713 Nos
3525 5663 3705 5710 tamen

2130 5728 2274 5781 hanc
2302 5728 2519 5796 interim
2546 5729 3050 5796 interpretationem
3081 5729 3455 5783 cxtundimus.

2204 5797 2318 5868 (41)
2349 5795 2551 5867 Nempe
2574 5795 2848 5865 deformis.
