4158 6490
460 417 555 471 641

1193 414 1540 472 SAMUELIS
1578 408 1897 469 ANIENSIS
1937 405 2282 466 SUMM-ARII
2321 406 2710 464 TEMPOBUM
2749 410 2930 465 PARS
2969 410 3012 466 1.

3616 413 3725 472 642

460 557 647 604 cturas
670 549 1012 620 Apahuniam
1036 591 1049 614 ,
1080 547 1450 606 Manavaziam
1475 557 1530 604 et
1553 547 1908 602 Beznuniam.
1938 544 2031 601 Se-

2135 521 2478 591 stipendiarii
2511 522 2640 576 facti
2683 530 2831 577 sunt.
2877 523 3112 594 Quippe,
3155 533 3211 578 ut
3243 526 3319 578 ait
3362 525 3722 595 evangelista,

461 636 618 690 lacho
657 649 834 692 autem
873 640 992 693 viro
1037 639 1232 693 audaci
1262 647 1315 694 et
1347 639 1650 695 fortissimo
1683 638 1819 709 (qui
1850 644 2033 692 utrum

460 725 526 778 de
548 728 729 795 stirpe,
747 726 902 781 llaici
931 727 1096 782 fuerit
1121 743 1192 781 an
1221 727 1532 797 antiquiore
1558 728 1626 782 de
1654 735 1815 797 gente
1839 727 2034 780 oriun-

460 818 562 872 dus
619 834 730 872 non
784 826 867 874 est
928 818 1064 874 satis
1113 819 1494 888 exploratum)
1537 834 1740 889 paucos
1784 819 2034 875 homines

455 913 770 973 concessit,
801 924 1035 979 eumque
1060 910 1230 977 jussit
1259 918 1497 964 montem
1543 911 1694 964 illum
1734 911 1876 966 tueri
1922 910 2036 964 hir-

461 1017 665 1070 cosque
697 1000 944 1056 venando
979 1002 1256 1057 lacessere
1289 1021 1301 1055 :
1335 1016 1570 1071 eumque
1601 1004 1865 1073 populum
1898 1003 2036 1058 dixit

458 1093 808 1148 Selacunios.
845 1092 900 1149 Id
943 1093 1103 1148 oﬂicii
1136 1093 1422 1148 Miandaco
1449 1109 1667 1164 quoque
1720 1095 2030 1158 mandavit,

461 1200 490 1238 a
519 1201 626 1254 quo
653 1184 972 1240 derivantur
999 1185 1368 1240 Mandacunii.
1399 1185 1647 1256 Cumque
1676 1203 1706 1240 e
1739 1187 2035 1257 Vahagenii

461 1278 695 1346 posteris
729 1279 1040 1334 sacerdotes
1071 1277 1328 1343 fecisset,
1356 1287 1571 1348 gentem
1605 1295 1724 1334 eam
1751 1279 2036 1334 Vahunio-

456 1383 584 1422 rum
631 1369 851 1424 nomine
898 1369 1174 1425 distinxit.
1228 1368 1319 1423 Sic
1374 1377 1430 1422 et
1481 1371 1814 1426 Arravenios
1871 1383 2034 1440 atque

459 1461 848 1518 Arehavenios.
885 1463 1024 1518 Tum
1053 1473 1108 1520 et
1138 1463 1472 1521 Sarasanum
1501 1465 1554 1518 in
1589 1463 1847 1518 Sanasari
1878 1463 2035 1516 fami-

459 1552 531 1606 lia
559 1562 780 1619 natum,
829 1570 1083 1627 magnum
1130 1557 1252 1624 ejus
1292 1557 1532 1626 regionis
1574 1555 1858 1625 praesidem
1906 1555 2034 1609 fecit

457 1661 579 1714 qme
610 1646 753 1701 inter
783 1661 1043 1702 occasum
1073 1648 1472 1716 meridiemque
1502 1647 1683 1716 jacet,
1716 1647 1876 1716 eique
1908 1662 2035 1716 pro-

457 1737 692 1791 vinciam
740 1737 1075 1792 Arzncnsem
1153 1745 1208 1791 et
1252 1737 1515 1800 Taurum,
1558 1721 1750 1808 nempe
1798 1737 2032 1804 Simum,

455 1836 697 1882 montem
725 1870 739 1893 ,
775 1843 1102 1897 omnemque
1129 1827 1488 1898 leesyriam
1526 1829 1796 1897 permisit.
1831 1828 2033 1883 Eadem

453 1919 509 1973 in
528 1920 806 1988 provincia
833 1935 956 1972 cum
992 1918 1300 1974 Mocensem
1331 1920 1618 1989 quemdam
1647 1929 1840 1975 nactus
1865 1928 2031 1984 esset,

456 2009 836 2077 praefecturam
888 2009 1052 2061 aliam
1105 2009 1376 2076 instituit,
1434 2010 1740 2078 iisdemque
1791 2011 1848 2064 in
1898 2010 2035 2067 locis

455 2100 747 2171 Gordyaeos
771 2138 787 2164 ,
818 2100 1164 2159 Anzevenses
1211 2111 1374 2174 atque
1405 2104 1685 2158 Accenses
1722 2103 2030 2158 collocavit.

455 2191 848 2249 Verumtamen
879 2235 894 2258 ,
945 2195 1091 2264 quod
1123 2195 1316 2248 attinet
1349 2195 1417 2249 ad
1448 2194 1784 2249 Rhestunios
1815 2203 1869 2249 et
1899 2195 2035 2249 Gol-

458 2286 755 2348 thneuses,
800 2302 922 2356 qua:
953 2297 1080 2342 sunt
1124 2287 1512 2343 Sisacenorum
1555 2288 1812 2352 colonize,
1846 2295 2033 2342 utrum

454 2393 533 2432 eae
566 2379 860 2448 provincia:
910 2394 940 2431 a
987 2379 1230 2432 virorum
1262 2380 1578 2434 nominibus
1607 2380 1858 2434 vocitata:
1887 2380 2030 2445 sint,

453 2484 522 2522 an
550 2485 579 2524 e
611 2469 1015 2540 provinciarum
1048 2470 1508 2541 appellationibus
1536 2471 1669 2541 ipsae
1694 2470 2032 2541 praafecturae

453 2562 679 2615 nomina
701 2562 908 2616 sortita:
935 2563 1084 2627 sint,
1111 2564 1326 2633 ignoro.

524 2654 613 2708 18.
653 2653 905 2710 Profecto
935 2656 1098 2724 hujus
1128 2657 1271 2726 regis
1318 2664 1546 2712 cunctas
1579 2657 1785 2727 optime
1815 2656 2030 2712 instrur

453 2756 571 2802 ctas
603 2747 1026 2803 constitutiones
1053 2749 1197 2802 haud
1234 2758 1392 2802 vacat
1422 2749 1763 2819 perscribere
1783 2788 1799 2813 ,
1850 2763 2030 2818 neque

441 2840 581 2893 item
603 2841 831 2895 aliorum
853 2842 945 2910 qui
968 2842 1048 2895 vel
1062 2849 1460 2910 praecesserunt
1478 2843 1561 2896 vel
1575 2842 1858 2896 consecuti
1878 2849 2030 2908 sunt,

454 2946 684 2999 quorum
709 2947 796 2987 res
816 2942 979 3002 gestae
1013 2933 1228 2987 abunde
1262 2933 1459 2988 litteris
1493 2933 1887 2988 commendata:
1913 2933 2032 2988 fue-

452 3031 602 3078 runt.
651 3013 710 3078 li]
762 3024 1015 3094 praesenti
1067 3031 1250 3079 autem
1303 3023 1751 3096 pmfccturarum
1789 3031 2030 3078 tantum-

448 3116 616 3169 modo
642 3115 1068 3186 descriptionem
1105 3118 1378 3188 persecuti
1411 3134 1624 3181 sumus,
1660 3132 1800 3187 quas
1824 3117 1872 3173 si
1902 3116 2028 3186 quis

453 3222 782 3274 cognoscere
829 3217 1083 3278 cuperet,
1123 3225 1217 3264 eas
1269 3209 1324 3263 in
1369 3218 1623 3280 promptu
1666 3225 1790 3264 cum
1839 3210 2029 3265 multis
2056 3233 2098 3292 ρ

448 3296 575 3352 aliis
599 3298 820 3353 haberet
847 3299 1013 3369 regiis
1047 3300 1442 3356 sanctionibus.
1470 3301 1552 3355 Ad
1582 3308 1888 3356 extremum
1916 3300 2028 3355 Va-

453 3403 693 3458 larsaces
737 3404 864 3443 cum
900 3391 1057 3445 annis
1097 3391 1314 3447 duobus
1368 3406 1433 3445 ac
1471 3392 1662 3461 viginti
1712 3401 2027 3462 regnasset,

451 3477 625 3534 Nisibi
658 3479 769 3548 (42)
794 3481 902 3532 vita
925 3480 1181 3536 excessit.

525 3571 614 3625 19.
658 3573 892 3626 Secutus
931 3579 1014 3626 est
1051 3573 1283 3629 Arsaces
1318 3573 1462 3628 filius
1494 3574 1654 3628 annis
1678 3588 1802 3630 xm.

526 3665 758 3720 Artaxes
789 3665 1010 3720 Arsacis
1031 3666 1172 3721 lilius
1204 3668 1362 3722 annis
1389 3683 1514 3721 xxv.
1542 3667 1640 3721 Hic
1661 3667 1870 3721 viribus
1892 3681 2030 3720 cun-

440 3761 572 3812 ctos
598 3755 935 3826 prazcellens,
972 3756 1116 3812 haud
1142 3771 1337 3826 passus
1363 3764 1448 3812 est
1479 3756 1782 3812 secundum
1819 3770 1876 3811 se
1906 3770 2030 3811 esse

453 3864 485 3903 a
515 3863 640 3919 rege
667 3848 990 3914 Persarum;
1017 3848 1150 3919 quin
1198 3849 1334 3902 adeo
1383 3842 1671 3905 Persarum
1712 3864 1892 3919 regem
1928 3864 2030 3904 se-

455 3939 631 3994 cundo
677 3937 963 4008 dignitatis
1006 3940 1176 4009 gradu
1220 3939 1448 4003 locavit,
1504 3954 1738 4009 cumque
1781 3939 2027 3994 exercitu

446 4032 744 4085 innumero
802 4031 859 4085 in
923 4032 1265 4089 occidentem
1324 4047 1648 4102 progressus
1715 4033 2026 4102 complures

451 4130 638 4192 gentes
666 4122 889 4186 devicit,
921 4123 1094 4178 donec
1115 4137 1146 4176 a
1177 4122 1293 4178 suis
1325 4123 1686 4192 interemptus
1717 4129 1824 4176 est.

519 4213 783 4285 Tigranes
815 4215 957 4269 filius
987 4215 1107 4283 ejus
1140 4213 1300 4269 annis
1331 4229 1541 4277 χχχιιι,
1586 4215 1680 4282 qui
1727 4213 1871 4268 haud
1923 4229 2023 4284 pa-

452 4305 569 4360 trias
627 4305 964 4361 fortitudinis
1010 4307 1244 4376 degener
1297 4306 1460 4360 rebus
1522 4305 1690 4374 gestis
1726 4304 2022 4370 inclaruit;

451 4412 764 4467 quanquam
817 4413 1010 4452 rursus
1043 4397 1097 4450 in
1132 4396 1376 4451 secundo
1422 4395 1704 4464 dignitatis
1748 4394 1871 4448 loco
1904 4400 2026 4462 post

444 4487 646 4545 Persas
678 4487 945 4544 consedit.
996 4487 1128 4559 Ejus
1153 4495 1312 4542 aetate
1359 4485 1800 4556 cognoscebatur
1848 4483 2022 4540 Vaico

2134 613 2374 665 manavit
2408 611 2649 666 edictum
2678 627 2708 664 ει
2731 610 2946 668 Caesare
2984 614 3268 682 Augusto,
3328 621 3387 668 ut
3416 615 3567 671 orbis
3599 619 3724 671 uni-

2135 718 2327 757 versus
2361 703 2800 758 describeretur:
2840 703 3000 772 cujus
3025 704 3098 758 rei
3132 719 3298 758 causa
3325 705 3382 759 in
3406 706 3721 760 Armeniam

2135 809 2353 864 quoque
2382 802 2604 848 ventum
2621 805 2725 848 est.
2755 794 2831 848 Eo
2855 795 3064 850 scilicet
3088 811 3232 851 anno
3250 796 3513 853 Dominus
3533 806 3722 854 noster

2136 885 2388 956 Deusque
2417 884 2578 940 Jesus
2601 885 2856 941 Christus
2891 903 2920 942 e
2954 885 3177 957 Virgine
3215 897 3376 945 natus
3403 899 3509 945 est.
3549 889 3722 946 Porro

2137 979 2225 1032 hic
2263 985 2382 1033 erat
2423 993 2451 1031 a
2491 977 2778 1033 Valarsace
2828 994 3008 1034 annus
3046 979 3294 1052 decimus
3327 982 3593 1050 septimus
3627 998 3720 1038 su-

2137 1087 2232 1140 pra
2266 1070 2660 1133 centesimum;
2698 1069 2930 1138 Augusti
2986 1069 3305 1139 imperantis
3343 1073 3618 1129 secundus
3667 1081 3720 1127 et

2135 1163 2618 1233 quadragesimus;
2654 1161 2884 1216 Herodis
2941 1161 3257 1232 alienigenae
3311 1162 3718 1236 Hierosolymo-

2136 1271 2257 1308 rum
2292 1256 2427 1325 regis
2463 1254 2740 1310 secundus
2779 1268 2945 1322 supra
3001 1253 3376 1321 tricesimum;
3423 1256 3718 1311 Arsacida~

2135 1363 2255 1400 rum
2287 1346 2545 1416 denique,
2579 1345 2671 1415 qui
2720 1355 2774 1399 et
2805 1343 3052 1399 Pahlavii
3090 1353 3353 1399 vocantur
3374 1386 3388 1409 ,
3439 1347 3555 1400 sive
3583 1346 3718 1402 Per-

2135 1452 2320 1493 sarum
2350 1437 2496 1506 regis
2525 1435 2769 1491 Arsaviri
2804 1443 2922 1490 erat
2951 1435 3248 1491 vicesimus
3290 1437 3521 1506 primus,
3554 1440 3714 1506 cujus

2135 1529 2355 1599 quidem
2397 1527 2660 1582 vicesimo
2687 1541 2918 1598 regnare
2945 1533 3186 1596 creperat
3232 1529 3372 1597 apud
3433 1529 3715 1586 Armenios

2133 1620 2284 1691 Abga
2294 1636 2409 1676 rus.

2201 1734 2292 1789 20.
2323 1728 2442 1786 Jam
2478 1747 2510 1787 a
2537 1732 2715 1804 primo
2747 1732 2952 1786 Arsace
2983 1729 3038 1784 hi
3075 1746 3228 1802 reges
3272 1730 3544 1786 habentur
3583 1729 3716 1787 Ροε-

2137 1839 2323 1880 sarum

2208 1959 2250 2017 1.
2275 1961 2508 2015 Arsaces
2530 1959 2709 2014 Fortis
2739 1960 2899 2014 annis
2925 1974 3074 2012 xxxi.

2206 2051 2270 2106 ll.
2302 2052 2532 2106 Artaxes
2573 2052 2732 2105 annis
2759 2067 2903 2105 XLVI.

2206 2147 2296 2199 ΙΙΙ.
2331 2146 2563 2199 Arsaces
2588 2141 2812 2214 Magnus
2847 2143 3153 2197 Valarsacis
3184 2143 3350 2196 frater
3377 2157 3464 2195 an.
3494 2157 3603 2199 Liv.

2206 2235 2296 2290 IV.
2342 2240 2652 2290 Arsacanus
2676 2236 2834 2289 annis
2870 2251 3022 2288 xxxn.

2205 2328 2272 2384 V.
2305 2329 2618 2384 Arsanacus
2652 2329 2813 2382 annis
2841 2344 2970 2382 xxx.

2205 2421 2294 2474 Vl.
2319 2421 2486 2475 Arses
2507 2419 2666 2474 annis
2698 2435 2792 2473 xx.

2204 2509 2316 2565 Vll.
2353 2511 2646 2565 Arsavirus
2676 2511 2835 2565 annis
2860 2524 3008 2564 ιινι.

2204 2601 2263 2655 ln
2299 2602 2462 2670 hujus
2489 2600 2809 2655 vicesimum
2840 2602 3071 2668 primum
3101 2615 3302 2653 annum
3327 2599 3530 2654 natalia
3553 2599 3714 2655 Chri-

2131 2695 2203 2749 sti
2259 2695 2614 2758 inciderunt,
2672 2693 2768 2764 qui
2828 2692 2928 2746 fuit
2979 2693 3298 2762 Olympiadis
3350 2693 3715 2764 nonagesima

2132 2794 2340 2858 quarta:
2374 2799 2541 2856 supra
2571 2785 2926 2840 centesimam
2961 2800 3139 2840 annus
3179 2794 3428 2854 quartus.

2200 2903 2290 2956 21.
2335 2901 2502 2972 Igitur
2535 2907 2697 2973 prout
2741 2908 2867 2953 ante
2914 2897 3263 2970 promisimus
3303 2898 3567 2953 orationis
3613 2913 3715 2951 no-

2132 3003 2259 3050 stra:
2287 3002 2484 3047 metam
2517 2992 2818 3062 attigimus,
2860 2991 2952 3061 qui
2981 2991 3232 3045 videlicet
3277 2991 3344 3045 ad
3397 2989 3558 3045 Verbi
3615 2989 3712 3045 Dei

2131 3100 2254 3140 cum
2305 3101 2470 3139 carne
2519 3083 2754 3152 copulati
2802 3081 3296 3138 manifestationem
3357 3083 3711 3149 devenimus,

2132 3183 2292 3245 capto
2325 3175 2481 3229 initio
2510 3189 2538 3229 a
2566 3175 2744 3244 primo
2787 3172 3009 3228 condito
3061 3172 3300 3237 homine,
3336 3187 3459 3242 quae
3491 3179 3573 3227 est
3610 3187 3713 3226 an-

2132 3282 2326 3321 norum
2370 3280 2875 3320 umuucnxxxxvm
2909 3264 3230 3334 congeries,
3274 3264 3574 3318 secundum
3620 3263 3712 3317 lu-

2131 3366 2398 3427 terpretes
2429 3357 2780 3428 Septuaginta
2809 3396 2824 3420 ,
2877 3371 3040 3426 quam
3088 3370 3353 3410 summam
3390 3355 3708 3425 singillatim

2129 3450 2205 3503 ita
2231 3451 2654 3519 perscribemus.
2684 3451 2767 3504 Ab
2791 3447 2999 3502 Adamu
3024 3446 3090 3501 ad
3121 3446 3385 3501 diluvium
3411 3450 3708 3501 coniiciun-

2130 3551 2221 3596 tur
2249 3543 2378 3596 anni
2407 3556 2684 3597 Iuccxui.
2725 3540 2770 3594 A
2799 3539 3003 3594 diluvio
3033 3539 3098 3592 ad
3135 3538 3328 3592 turrim
3377 3539 3508 3612 anni
3537 3553 3704 3592 nxxv.

2130 3630 2270 3687 Hinc
2298 3633 2366 3687 ad
2389 3633 2759 3687 Abrahamum
2794 3629 2921 3684 anni
2969 3643 3233 3685 ccccxvn.
3285 3630 3332 3682 A
3383 3629 3590 3683 diluvio
3637 3629 3705 3683 ad

2130 3725 2422 3779 Abrahami
2452 3725 2652 3778 natalia
2683 3724 2810 3777 anni
2832 3735 3130 3777 nccccxul.
3173 3721 3258 3775 Ab
3291 3721 3602 3776 Abrahamo
3635 3723 3705 3776 ad

2132 3815 2334 3872 Mosem
2360 3831 2751 3887 egressumque
2773 3831 2840 3870 ex
2855 3814 3089 3885 Egypto
3112 3813 3239 3867 anni
3261 3828 3348 3866 nv.
3369 3813 3450 3867 Ah
3479 3828 3705 3883 egressu

2128 3924 2302 3979 usque
2331 3908 2397 3964 ad
2429 3907 2775 3964 Solomonem
2810 3908 3156 3976 primumque
3191 3905 3375 3974 templi
3413 3903 3706 3959 aedilicium

2130 3999 2259 4053 anni
2291 4013 2588 4054 ccccnxxx.
2621 3996 2666 4050 A
2700 3997 2878 4066 primo
2908 3995 3085 4065 templi
3117 3980 3346 4050 aedificio
3396 3993 3463 4048 ad
3506 4009 3708 4049 secun-

2127 4090 2257 4144 dum
2286 4090 2414 4144 anni
2437 4106 2549 4144 nxi.
2587 4088 2725 4142 Exin
2751 4087 2816 4142 ad
2845 4086 3054 4142 Christi
3098 4087 3299 4140 natalia
3331 4085 3458 4139 anni
3493 4099 3662 4139 nxvm
3689 4102 3704 4137 :

2127 4195 2358 4250 quorum
2390 4193 2601 4234 summa
2651 4178 2707 4232 in
2748 4192 2921 4231 annos
2952 4189 3461 4231 IIIIICLXXXXVIH
3484 4188 3708 4228 consur-

2124 4273 2224 4344 git.
2249 4271 2462 4327 Rursus
2489 4286 2519 4325 a
2541 4270 2746 4325 Christi
2774 4270 3049 4325 natalibus
3077 4269 3145 4322 ad
3175 4268 3356 4322 divum
3383 4265 3706 4335 Gregorium

2129 4364 2256 4417 anni
2287 4373 2415 4418 sunt
2442 4377 2621 4418 cccxu
2655 4362 2805 4433 (4'5);
2843 4362 2972 4416 hinc
3007 4367 3188 4414 autem
3217 4359 3282 4413 ad
3323 4374 3482 4413 seram
3512 4356 3706 4412 Arme-

2125 4455 2341 4509 niorum
2373 4455 2502 4509 anni
2529 4468 2712 4508 ccxu.

449 4579 672 4648 quidam
716 4579 902 4643 ἰδιΐον-
948 4593 981 4631 ³
1019 4593 1130 4648 quo
1187 4591 1344 4632 mons
1377 4575 1769 4630 vaic‘miomm
1823 4590 2020 4631 nomen
2053 4581 2097 4636 Ι)
2194 4591 2285 4645 22.
2321 4591 2498 4661 Atque
2524 4605 2624 4660 ego
2657 4587 2874 4658 quidem
2899 4626 2912 4651 ,
2949 4602 2982 4640 ο
3011 4587 3303 4639 sanctitate
3336 4586 3557 4654 praedite
3604 4585 3704 4639 do-

444 4671 638 4725 traxit.

521 4759 853 4816 Artavazdes
875 4759 1128 4832 Tigranis
1159 4760 1303 4818 ﬁlius
1338 4761 1498 4815 annis
1533 4776 1592 4817 ιι.

519 4850 831 4914 Arciamus,
863 4850 1117 4920 idemque
1134 4852 1418 4915 Arsamus,
1447 4849 1702 4921 Tigranis
1728 4849 1896 4903 frater
1922 4863 2023 4903 an-

450 4945 540 5002 nis
569 4961 638 4999 xx
659 4983 676 5008 ,
722 4945 826 5000 sub
879 4959 987 5014 quo
1030 4961 1157 5014 pars
1185 4945 1572 5001 Armeniorum
1596 4943 1884 5014 vectigalia
1912 4941 2025 4998 Ro-

444 5039 626 5094 manis
659 5036 893 5108 pendere
919 5037 1107 5106 cmpit.

518 5128 766 5199 Abgarus
797 5127 1013 5182 Arsami
1049 5126 1191 5181 filius
1242 5126 1401 5180 annis
1433 5142 1662 5180 xxxvm.
1715 5124 1892 5195 Hujus
1935 5139 2024 5181 re-

449 5221 662 5288 gnantis
687 5235 833 5274 anno
866 5218 1112 5275 secundo
1141 5218 1404 5281 Armenii.
1425 5232 1617 5274 omnes
1646 5217 2021 5274 Romanorum

518 5374 876 5447 (42)_Nisibin
908 5375 1098 5447 (quam
1120 5375 1362 5430 Armenii
1391 5374 1602 5430 Mezbin
1627 5376 1854 5446 dicunt)
1887 5392 2024 5431 con-

449 5445 585 5516 didit
612 5445 969 5511 Valarsaces,
993 5455 1052 5500 ut
1083 5447 1232 5515 regni
1263 5447 1420 5500 sedes
1441 5456 1607 5509 esset,
1639 5449 1731 5516 qui
1763 5445 2021 5501 nimirum

445 5515 625 5568 honor
655 5517 709 5568 in
744 5530 808 5568 ea
842 5517 978 5570 urbe
1023 5518 1223 5570 mansit
1263 5517 1422 5570 annis
1464 5515 1686 5572 circiter
1712 5532 1838 5571 cxx.
1874 5516 2022 5571 Con-

450 5587 653 5641 secutis
685 5585 881 5640 deinde
909 5587 1247 5654 temporibus
1291 5584 1496 5640 Nisibis
1531 5594 1689 5641 terra:
1723 5595 1871 5640 motu
1924 5603 2022 5640 va-

449 5663 590 5709 stata
616 5663 721 5723 est,
764 5656 840 5725 ita
869 5664 930 5709 ut
957 5657 1210 5725 Abgarus
1247 5657 1447 5725 regiam
1490 5671 1642 5710 suam
1681 5656 2024 5711 transtulerit

450 5725 730 5780 Edessam.
772 5724 973 5780 Verum
1021 5724 1181 5796 hujus
1221 5724 1509 5781 successor
1563 5725 1894 5780 Sanatruces
1926 5725 2025 5780 Ni-

450 5796 592 5850 sibin
625 5797 987 5849 instauratam
1015 5797 1163 5866 regni
1195 5811 1386 5849 rursus
1420 5798 1760 5866 metropolim
1800 5796 1945 5850 fecit.

521 5867 631 5936 (45)
668 5866 835 5936 Atqui
862 5867 917 5921 in
944 5864 1097 5937 parte
1129 5864 1424 5921 Summarii
1458 5864 1625 5923 altera
1668 5869 1876 5938 primus
1925 5881 2020 5922 an-

2125 4682 2271 4736 mine
2323 4681 2398 4735 mi
2449 4679 2674 4748 Gregori
2703 4719 2718 4744 ,
2775 4677 3081 4731 vehementi
3135 4685 3316 4729 vestra
3371 4673 3704 4744 flagitatione

2123 4773 2440 4843 compulsus
2494 4770 2753 4840 exiguum
2827 4767 3106 4838 ingenium
3179 4782 3357 4821 meum
3403 4766 3705 4837 rudemque

2123 4879 2347 4920 manum
2377 4863 2507 4917 huic
2533 4859 2905 4916 construendo
2949 4860 3102 4927 operi
3156 4857 3405 4919 admovi;
3437 4866 3701 4910 conatus-

2122 4971 2230 5026 que
2252 4969 2372 5010 sum
2403 4952 2556 5008 brevi
2599 4951 2765 5020 hujus
2793 4964 3073 5020 corporea:
3097 4949 3221 5004 vita:
3249 4948 3533 5002 intervallo
3576 4949 3703 5017 pul-

2123 5045 2451 5101 cherrimam
2490 5043 2600 5098 divi
2635 5042 2854 5097 Eusebii
2889 5040 3386 5111 chronographiam
3426 5039 3699 5103 evolvere,

2123 5152 2308 5208 quam,
2340 5145 2401 5190 ut
2447 5136 2523 5190 ita
2556 5135 2756 5199 dicam,
2787 5134 3076 5203 exscripsi.
3116 5131 3322 5186 Revera
3353 5137 3414 5184 ut
3446 5131 3702 5184 exorien-

2125 5231 2194 5284 tis
2240 5228 2373 5282 solis
2404 5226 2544 5282 radii
2595 5223 2904 5280 tenebrosis
2949 5222 3086 5278 locis
3129 5223 3305 5276 lucem
3361 5229 3700 5291 aspergunt,

2123 5398 2226 5438 nus
2251 5381 2359 5437 divi
2391 5380 2640 5450 Gregorii
2689 5378 2882 5432 incidit
2933 5377 2987 5450 in
3021 5374 3223 5450 Christi
3257 5388 3467 5450 annum
3503 5386 3700 5450 cccvn_.

2122 5442 2672 5509 Nihilomiuus'cum
2730 5463 2839 5500 aara
2926 5445 3310 5500 Armeniorum
3366 5442 3589 5510 incipiat
3636 5443 3702 5496 ab

2125 5538 2268 5577 anno
2298 5536 2472 5585 nun,
2532 5520 2622 5572 hic
2691 5527 2871 5570 autem
2912 5531 2942 5569 a
2997 5515 3123 5568 divo
3177 5513 3439 5580 Gregorio
3485 5511 3551 5563 ad
3584 5527 3701 5585 eam

2124 5607 2289 5648 aaram
2333 5582 2692 5645 numerentur
2717 5587 2846 5639 anni
2891 5598 3070 5644 ccht,
3102 5598 3296 5636 rursus
3339 5582 3702 5650 paterevide-

2125 5671 2214 5717 tur
2266 5662 2452 5716 divum
2495 5658 2815 5726 Gregorium
2873 5653 3114 5710 exordiri
3174 5649 3444 5726 ab‘aiino
3498 5649 3703 5726 Christi

2122 5747 2316 5787 cccxii.
2369 5731 2443 5787 De
2482 5720 2682 5785 mendo
2738 5727 2904 5797 igitur
2962 5720 3381 5779 amanuensium
3437 5722 3704 5790 suspicari

2125 5804 2271 5860 licet.
