4158 6460
414 386 519 440 (ἱῑῦ
1121 379 1466 438 SAMUELIS
1500 376 1816 432 ANIENSlS
1855 373 2188 430 SUMMMNI
2226 373 2609 442 TEMPORUM
2643 373 2826 429 PARS
2864 374 2927 430 ll.
3571 378 3678 432 616

1230 641 1422 679 οιϊιιρ.
1505 639 1720 676 ειιιιιετι
1833 637 1959 675 “OH.
2108 634 2223 674 JUD.
2389 634 2534 672 PERS.
2689 634 2816 672 ΑΒΜ.

1820 761 1974 814 Tibe-
2095 760 2270 815 llero-
2324 763 2557 813 Artaxes
2644 757 2824 824 Abga-

1831 831 1948 886 rius
2128 834 2224 886 des
2673 844 2769 883 rus

1821 951 2001 964 *-

1225 955 1437 968 _———
1507 953 1719 963 ———-
1821 952 2001 964 ———-
2068 953 2282 966 —-—.——-
2358 953 2566 963 —.————
2649 952 2848 963 -——_—_

491 1021 765 1080 Iohannes
793 1022 1073 1078 Zachariae
1116 1021 1258 1075 ﬁlius
1289 1019 1424 1074 locis
1457 1017 1689 1072 desertis
1721 1015 1869 1070 circa
1911 1016 2134 1070 fluvium
2175 1015 2466 1070 Jordanem
2497 1014 2848 1084 praedicabat,
2895 1017 3214 1086 cunctisque
3254 1017 3429 1086 palam
3455 1015 3679 1070 nuntia-

422 1125 514 1170 nat
561 1117 753 1171 adesse
813 1117 954 1169 inter
1001 1129 1095 1168 eos
1153 1111 1380 1165 Uscruu
1442 1107 1558 1161 Dm.
1624 1105 1766 1172 Quin
1820 1106 1938 1176 ipse
1992 1105 2152 1161 Jesus
2201 1115 2402 1160 unctus
2459 1104 2555 1159 Dei
2609 1113 2741 1158 tunc
2799 1105 3024 1160 vivifiea:
3091 1114 3146 1160 et
3199 1105 3527 1174 evangelicae
3577 1104 3679 1158 do-

420 1209 612 1262 ctrinm
659 1223 770 1261 sua:
817 1207 1048 1260 faciebat
1101 1202 1336 1264 initium,
1376 1198 1648 1266 rebusque
1697 1199 1864 1265 gestis
1907 1209 1972 1248 ac
2019 1195 2199 1250 verbis
2236 1193 2431 1249 divinae
2470 1194 2756 1264 potestatis
2805 1195 3056 1247 virtutem
3098 1197 3461 1265 spectantium
3501 1196 3680 1252 oculis

421 1300 730 1355 exhibebat.

492 1389 835 1456 Colliguntur
859 1394 1039 1439 autem
1081 1396 1254 1450 usque
1302 1379 1368 1433 ad
1410 1379 1557 1432 hunc
1594 1378 1848 1448 quintum
1874 1377 2147 1432 decimum
2185 1375 2390 1432 Tiberii
2435 1375 2670 1430 Cmsaris
2700 1392 2927 1438 annum,
2953 1392 2981 1429 a
3017 1377 3220 1445 templo
3247 1376 3464 1446 quidem
3499 1378 3682 1434 denuo

423 1483 663 1538 excitato
711 1481 840 1536 anni
887 1493 1092 1534 nsum
1143 1475 1300 1546 (49);
1344 1489 1373 1526 a
1416 1475 1709 1528 Solomone
1737 1474 2030 1545 primoque
2066 1473 2250 1541 templi
2283 1470 2511 1552 aedilicio
2556 1473 2683 1524 anni
2725 1486 2929 1537 uinv;
2973 1487 3002 1524 a
3041 1471 3188 1526 Mose
3239 1488 3576 1542 egressuque
3614 1489 3681 1530 ex

424 1574 660 1646 {Egypto
697 1575 823 1628 anni
855 1588 996 1626 noxi.
1023 1589 1037 1638 ;
1069 1570 1140 1624 ab
1169 1568 1479 1621 Abrahaino
1510 1566 1757 1634 Ninoque
1799 1576 1852 1621 et
1889 1565 2249 1620 Samiramide
2285 1566 2410 1620 anni
2459 1581 2702 1631 nuxuv;
2737 1581 2766 1618 a
2801 1563 3006 1618 diluvio
3045 1567 3174 1618 anui
3219 1581 3677 1635 nueccccuxvr;

423 1670 493 1723 ab
521 1669 730 1724 Adamo
758 1668 994 1738 denique
1023 1665 1150 1719 anni
1186 1675 1647 1716 unuuuccxxvm.
3466 1651 3470 1657 ·

494 1761 655 1816 Jesus
706 1775 912 1814 uacrus
955 1758 1051 1810 De:
1097 1756 1200 1808 Do-
1587 1751 1651 1803 51
1874 1751 1939 1804 16
2157 1750 2224 1803 16
2472 1751 2506 1802 5
2716 1753 2785 1805 5'2
2961 1751 3122 1807 Jesus
3164 1767 3371 1808 usurus
3420 1752 3522 1808 Der
3572 1753 3686 1809 Do-

426 1848 586 1889 umus
642 1845 855 1886 nosrsn
924 1827 1195 1880 vivilieain
1585 1821 1660 1896 ἓξ
1878 1822 1939 1896 t?

2154 1822 2220 1896 i?
2468 1822 2503 1896 εἰ
2715 1824 2784 1896 {iii
2892 1839 3051 1878 IINUS
3133 1838 3343 1896 nosrsa
3435 1825 3683 1896 discipu-

426 1902 730 1956 doctrinam
753 1899 967 1952 cunctis
1003 1896 1197 1965 υνξεάί-
1869 1891 1937 1965 18
2153 1892 2219 1965 18
2468 1892 2498 1965 ’ζ
2715 1893 2786 1965 gi
2894 1896 2959 1948 lis
3012 1909 3129 1948 suis
3189 1895 3339 1964 regni
3406 1890 3677 1950 cmloruui

427 1973 604 2033 cabat,
633 1978 796 2037 atque
839 1983 902 2020 ea
941 1959 1062 2036 quia:
1099 1979 1196 2017 no-
1268 1966 1409 2034 203
1581 1959 1651 2012 54
1868 1962 1934 2016 19
2150 1961 2216 2016 19
2469 1962 2502 2016 8
2714 1963 2784 2016 55
2893 1965 3210 2037 mysterium
3239 1959 3536 2037 aperiebat,
3577 1967 3681 2021 eis-

382 2102 393 2114 .
426 2041 673 2114 minalim
699 2035 902 2114 scripta
927 2035 1196 2105 suntpro-
2891 2035 3122 2114 demque
3171 2036 3472 2114 imperabat
3543 2051 3681 2114 pra;-

425 2112 573 2182 digiti
608 2106 860 2181 pall'llbal
2902 2106 3232 2182 dicationem
3291 2106 3434 2182 apud
3502 2108 3686 2182 ethnif

2892 2191 3008 2235 cos.
3061 2184 3117 2230 ut
3179 2177 3231 2229 hi
3292 2177 3552 2230 nimirum
3613 2178 3684 2231 ad

2892 2247 3137 2299 omnium
3213 2245 3384 2302 Deum
3448 2263 3683 2304 conver-

2893 2324 3162 2371 terentur.

497 2474 656 2531 Jssus
689 2489 894 2528 umerus
922 2472 1021 2527 De:
1060 2472 1301 2528 Douisus
1330 2486 1539 2526 aosrsa
1570 2469 1725 2540 juxta
1759 2471 2074 2542 prophetias
2113 2470 2182 2527 de
2209 2486 2272 2527 eo
2308 2472 2545 2543 scriptas
2576 2473 2814 2528 accessit
2849 2473 2917 2527 ad
2953 2451 3265 2544 passionem
3299 2491 3444 2530 anno
3483 2473 3692 2533 Tiberii

425 2572 746 2642 imperantis
790 2570 1003 2626 decimo
1041 2583 1209 2622 nono.
1246 2567 1390 2622 Sane
1418 2567 1606 2622 eodem
1640 2568 1742 2622 hoc
1778 2574 2023 2638 tempore
2072 2568 2126 2621 in
2168 2567 2292 2622 aliis
2329 2582 2549 2638 quoque
2590 2565 2908 2622 Graecorum
2953 2571 3323 2642 monumentis
3361 2572 3440 2626 sic
3469 2573 3534 2626 ad
3571 2588 3695 2627 ver-

424 2663 554 2718 bum
589 2671 870 2716 narratum
907 2660 1274 2731 comperimus
1317 2677 1330 2712 :
1388 2677 1407 2710 ‹
1449 2658 1630 2714 Solem
1674 2675 1870 2730 nempe
1911 2659 2203 2724 defecisse,
2244 2659 2552 2732 Bithyniam
2593 2668 2751 2715 terrae
2797 2669 2949 2715 motu
2993 2677 3340 2729 concussam,
3392 2665 3696 2736 Nicaeaeque

424 2756 692 2826 potiorem
727 2762 939 2825 partem
987 2754 1106 2808 solo
1143 2759 1436 2822 aequatam.
1481 2772 1499 2803 ι
1550 2751 1728 2821 Atque
1779 2751 1896 2806 haec
1949 2751 2285 2807 adamussim
2339 2754 2406 2808 iis
2463 2759 2773 2808 consonant
2825 2769 2945 2823 quae
2996 2754 3051 2808 in
3080 2753 3292 2810 Viviliei
3346 2758 3519 2813 nostri
3572 2776 3695 2831 pas-

425 2851 580 2904 sione
628 2848 964 2904 acciderunt.
1010 2845 1248 2915 Phlegon
1279 2845 1468 2907 etiam,
1508 2846 1601 2914 qui
1632 2843 1970 2914 olympiades
1997 2843 2110 2914 jam
2157 2843 2286 2900 inde
2328 2845 2397 2899 ab
2440 2860 2628 2900 earum
2675 2846 2992 2914 primordiis
3037 2857 3356 2916 persecutus
3391 2860 3498 2916 est,
3537 2856 3695 2908 tertio

424 2944 638 3000 decimo
668 2943 808 2997 libro
846 2941 1050 2996 diserte
1083 2941 1159 2994 ita
1193 2925 1388 2996 scribit
1419 2957 1430 2992 :
1471 2957 1489 2988 ι
1527 2937 1735 3004 Quarto
1778 2938 2040 2992 nimirum
2081 2953 2229 2994 anno
2267 2939 2654 2994 ducentes-imae
2696 2940 2867 2993 tertia:
2907 2940 3229 3010 Olympiadis
3270 2957 3524 3013 magnum
3561 2947 3696 3004 solis

424 3038 600 3098 fuisse
628 3033 923 3098 defectum,
955 3035 1168 3104 qualem
1200 3036 1372 3102 nemo
1422 3039 1548 3086 ante
1594 3031 2054 3085 animadverterat
2101 3049 2116 3084 :
2169 3031 2509 3102 septimaque
2555 3030 2664 3085 diei
2699 3030 2837 3086 hora
2871 3041 3080 3085 tantam
3127 3042 3340 3088 noctem
3394 3035 3696 3105 ingruisse,

424 3140 486 3186 ut
508 3130 688 3186 sidera
716 3128 856 3182 cmlo
884 3130 1150 3181 micarent
1178 3144 1191 3180 :
1225 3125 1430 3197 ingenti
1461 3133 1619 3180 terrae
1651 3132 1805 3179 motu
1835 3123 2142 3196 Bithyniam
2173 3125 2452 3194 agitatam,
2487 3125 2858 3195 majoremque
2884 3123 3075 3179 Nicaae
3104 3135 3312 3194 partem
3342 3127 3628 3198 dejectam.
3671 3153 3692 3185 ι

394 3224 554 3279 ~11ch
601 3221 768 3277 tradit
808 3220 1062 3274 laudatus
1113 3218 1220 3272 vir.’
1267 3217 1446 3287 Atque
1493 3217 1596 3271 hoc
1647 3230 1781 3271 sane
1821 3231 2079 3286 magnum
2127 3215 2389 3270 indicium
2433 3225 2518 3270 est
2559 3216 2678 3286 ejus
2728 3216 2855 3270 anni
2900 3230 3008 3285 quo
3039 3215 3300 3274 Vivificus
3340 3231 3528 3276 noster
3569 3239 3693 3278 cru.

383 3320 391 3328 '
425 3319 603 3373 ciatus
626 3323 729 3379 est,
753 3315 880 3385 quia
918 3313 1174 3366 nimirum
1214 3317 1268 3365 et
1297 3308 1534 3364 Joannes
1591 3307 1904 3363 testimonio
1938 3323 2040 3364 suo
2070 3307 2126 3361 in
2159 3305 2455 3378 Evangelia
2481 3307 2769 3362 confirmat
2804 3307 2944 3377 (50),
2975 3316 3098 3378 post
3127 3309 3382 3379 quintum
3416 3311 3694 3368 decimum

428 3412 631 3468 Tiberii
663 3425 868 3464 annum
898 3407 1227 3463 trietericam
1255 3404 1698 3476 prmdieationem
1727 3402 1931 3458 Christi
1975 3401 2168 3459 fuisse.
2205 3401 2362 3457 Haud
2397 3403 2587 3473 procul
2609 3417 2675 3458 eo
2706 3411 2955 3473 tempore
2985 3412 3174 3456 narrat
3202 3405 3367 3459 etiam
3396 3403 3693 3476 Josepbus,

430 3519 527 3574 per
559 3502 676 3558 dies
705 3499 1059 3555 Pentecostes
1092 3495 1386 3553 stridorem
1409 3494 1700 3564 quemdam
1725 3503 2044 3564 motumque
2072 3493 2250 3564 primo
2273 3494 2421 3548 circa
2447 3493 2761 3549 sacerdotes
2802 3509 2927 3549 esse
2961 3497 3278 3563 excitatum,
3303 3511 3425 3551 mox
3458 3499 3696 3553 subitam

428 3608 616 3649 vocem
654 3607 684 3646 e
707 3589 1078 3662 penetralibus
1104 3586 1290 3656 templi
1321 3585 1378 3639 in
1409 3585 1522 3639 haec
1551 3584 1718 3640 verba
1756 3585 2042 3654 erupisse:
2083 3601 2103 3636 ι
2149 3581 2532 3655 Digrediamur
2578 3583 2734 3651 hinc,
2774 3584 3170 3657 digrediamur.
3209 3605 3228 3639 ι
3279 3587 3426 3643 Idem
3469 3589 3694 3662 insuper

431 3681 622 3739 scribit
650 3678 942 3749 Josephus,
985 3675 1220 3730 Pilatum
1260 3672 1546 3744 praesidem
1587 3674 1690 3728 sub
1739 3672 1795 3727 id
1845 3681 2060 3744 tempus
2096 3682 2264 3730 noctu
2315 3675 2606 3746 imaginem
2647 3676 2877 3732 Caesaris
2917 3677 2973 3732 in
3013 3679 3216 3748 templo
3249 3688 3442 3736 contra
3468 3683 3696 3738 vetitum

429 3773 802 3831 collocandam
829 3783 1053 3826 curasse
1081 3784 1093 3820 :
1126 3783 1247 3839 quae
1275 3782 1364 3822 res
1389 3767 1567 3838 magni
1602 3766 1866 3822 tumultus
1890 3766 2284 3838 seditionisque
2306 3766 2618 3824 Judaeorum
2649 3783 2816 3825 causa
2841 3769 2960 3826 fuit.
2980 3769 3118 3827 Hinc
3146 3783 3324 3828 autem
3356 3791 3696 3833 summorum

428 3870 512 3924 vis
537 3868 801 3922 malorum
829 3863 1113 3919 Judaicam
1146 3869 1362 3934 gentem
1390 3862 1676 3932 corripuit.

502 4002 1007 4072 “ieroso‘ymila'm
1021 3999 1207 4072 Eccle'
1583 4001 1660 4072 :55
1868 3957 1940 4056 26
2150 4000 2222 4072 βο
2466 3960 2523 4057 9‘
2712 4003 2782 4057 56
2981 4005 3139 4060 Philo
3176 4006 3582 4066 Alexandrinus
3609 4013 3694 4067 vir

431 4078 527 4130 size
548 4070 772 4158 primus;
796 4087 1053 4158 manuum
1092 4071 1197 4123 im-

2918 4075 3234 4147 ingeniosus
3245 4089 3298 4132 et
3319 4079 3515 4137 doctus
3532 4099 3694 4154 agno-

430 4141 698 4212 nosiiione
725 4143 791 4196 ab
819 4141 1077 4212 apostolis
1107 4155 1191 4194 re-
1582 4141 1651 4194 57
1860 4142 1933 4196 22
2143 4141 2215 4196 22
2431 4144 2491 4196 11
2710 4145 2780 4198 58
2916 4141 3191 4203 scéuatur.

430 4210 576 4284 cepit
607 4214 985 4284 episcopatum
1033 4210 1192 4265 Jaco-

432 4281 537 4340 bus
567 4281 736 4340 frater
773 4281 1010 4338 Domini.

501 4419 633 4477 Post
686 4419 887 4490 Abgari
931 4417 1139 4471 obitum
1182 4416 1276 4486 qui
1319 4415 1376 4470 in
1410 4423 1813 4471 sacramentum
1852 4424 2104 4473 nostrum
2144 4425 2520 4483 concesserat,
2566 4418 2820 4474 bifariam
2860 4421 3098 4478 divisum
3143 4432 3228 4478 est
3270 4439 3499 4494 regnum
3544 4423 3690 4493 ejus.

431 4515 605 4572 Filius
656 4515 915 4570 nimirum
966 4513 1086 4582 ejus
1143 4511 1368 4567 Ananus
1417 4519 1608 4581 regnat
1665 4509 1901 4567 Edessaa.
1955 4511 2292 4568 Sanatruces
2354 4520 2537 4567 autem
2595 4517 2802 4570 sororis
2839 4515 3082 4585 ejusdem
3133 4517 3279 4572 filius
3323 4517 3380 4571 in
3428 4517 3690 4571 Armenia

434 4612 636 4677 majore
667 4623 685 4660 :
724 4605 818 4677 qui
847 4602 1066 4676 quidem
1100 4602 1416 4674 praedicanti
1453 4601 1727 4659 Tbaddteo
1764 4603 2034 4673 credidit;
2064 4620 2191 4660 mox
2235 4605 2339 4661 fide
2376 4605 2612 4676 abjecta,
2654 4608 2963 4676 apostolum
3009 4607 3286 4678 filiamque
3315 4605 3690 4663 Sanduchtam

435 4699 729 4758 interemit.

2741 4833 3201 4893 SANATRUCES
3229 4837 3390 4894 annis
3415 4853 3547 4892 xxx.

506 4950 740 5032 adiimus
779 4947 1032 5032 .Edessaa‘
1075 4965 1214 5032 pne-
1280 4953 1425 5023 204
1598 4949 1668 5006 58
1879 4948 1953 5005 25
2163 4949 2237 5004 25
2451 4949 2519 5005 12
2770 4949 2796 5002 1

438 5024 525 5078 sul
570 5021 829 5093 martyrio
875 5020 1212 5093 afﬁcitur-ab

433 5092 633 5160 Abgari
656 5087 768 5160 jam
795 5091 1052 5145 exstincti
1079 5090 1208 5143 filio.
1647 5159 1656 5160 ί
1774 5087 1983 5146 GAIUS
2021 5088 2188 5160 annis
2223 5105 2304 5145 iv.

509 5158 705 5217 Petrus
760 5162 1040 5231 apostolus
1102 5160 1212 5230 pri-
1601 5159 1669 5214 59
1919 5160 1942 5192 ’

1160 5160 1212 5213 'i-
1601 5159 1669 5214 59
1919 5160 1942 5192 ’
2164 5159 2236 5214 24
2452 5161 2520 5214 15
2765 5158 2802 5212 2

434 5247 584 5286 mum
603 5232 996 5286 Antiochenam
1021 5233 1210 5285 Eccle-

437 5303 574 5356 siain
627 5302 834 5382 stabilit
872 5316 1051 5355 :.inox
1079 5299 1207 5382 “Bcf
1609 5373 1662 5382 η
1917 5373 1946 5382 _
2169 5299 2669 5382 A_GR|PPA_._annis
2702 5313 2799 5382 vn_.

437 5385 580 5425 niam
614 5372 917 5440 profectus,
944 5373 1204 5439 praedicat
1596 5373 1668 5427 40
1914 5373 1952 5427 2
2203 5373 2229 5426 1
2456 5372 2520 5426 14
2770 5372 2808 5425 5

437 5442 1116 5537 ἷίὶῖίξῗ¹¹ἓλέἒῗίῖδὲίξὲι¹ξηυθ
1146 5457 1204 5496 se
1285 5470 1427 5537 205
1598 5443 1666 5537 ἐξ.
1915 5444 1950 5537 Ξ
2198 5442 2234 5537 Ξ
2450 5441 2523 5537 ἐξ
2769 5441 2804 5537 ὲ

435 5513 574 5582 gerit
613 5511 774 5566 annis
801 5527 871 5565 xx
895 5511 1027 5584 (51).
1287 5511 1427 5537 ’θυυ
1597 5514 1667 5567 42
1915 5513 1951 5568 4

1287 5511 1427 5537 ‘U"
1597 5514 1667 5567 42
1915 5513 1951 5568 4
2201 5512 2236 5567 5
2449 5511 2517 5566 16
2769 5512 2803 5566 5

650 5759 1060 5844 Euseb.,nxt..n.
1129 5831 1179 5844 Η
1683 5829 1749 5844 η
1787 5829 1815 5844 Α
2117 5842 2128 5844 ξ
2190 5760 2302 5830 (5|)
2329 5760 2407 5840 lta
2427 5768 2512 5816 est
2541 5761 2704 5818 etiam
2738 5763 2882 5831 apud
2904 5763 3196 5824 Eusebium
3230 5763 3289 5821 in
3319 5763 3472 5823 Arm.
3508 5769 3697 5826 codice

510 5829 624 5902 (50)
657 5829 951 5888 Recolatur
985 5830 1274 5900 Eusebius,
1317 5832 1410 5889 lib.
1451 5848 1488 5902 ι,
1526 5847 1648 5903 cap.
1683 5829 1751 5886 56
1785 5829 1878 5886 ﬁn.
2116 5829 2216 5900 pro
2251 5831 2405 5885 armis
2429 5847 2562 5893 xxv.
