4158 6420
475 389 574 448 631
1229 427 1234 434 ι
1475 387 1818 446 APPENDl-X
1853 385 1944 443 AD
1983 387 2250 444 EUSEBII
2283 387 2710 458 CHRONICONJ
3617 391 3726 446 692

559 529 668 588 Per
703 531 871 588 hosce
899 531 1018 588 dies
1047 530 1310 586 inclaruit
1337 531 1462 586 falsi
1497 531 1778 602 prophetae
1829 527 2232 586 Saracenorum
2291 528 2695 598 manifestatio,
2721 526 2972 584 Corinthi
3009 533 3170 597 atque
3207 525 3538 581 Arianorum
3569 541 3722 583 asse-

479 623 600 686 claa,
635 625 726 678 cui
755 639 954 679 nomen
985 623 1346 689 Mabumetus,
1379 633 1536 694 gente
1585 624 1896 688 lsmaelitte,
1926 623 2020 678 ﬁlii
2045 623 2264 695 Agaris,
2297 623 2388 693 qui
2415 631 2754 694 praeceptore
2777 627 3022 678 ususest
3049 619 3297 676 solitario
3319 619 3438 674 viro
3467 619 3724 690 quodam,

479 713 704 770 nomine
733 715 984 778 Bcchira,
1015 725 1162 772 secta
1191 715 1414 778 Ariano,
1454 715 1608 770 Sinai
1636 715 1839 770 deserti
1879 714 2056 769 incola
2098 730 2112 766 :
2145 729 2306 786 quem
2337 714 2397 768 in
2437 715 2614 768 locum
2645 713 2901 768 videlicet
2929 709 3262 767 conﬂuentes
3301 709 3588 766 Ismaelitn:
3618 725 3722 764 nu-

480 820 632 860 mero
666 807 812 860 aucti
837 815 984 872 sunt,
1014 823 1080 862 ex
1105 821 1215 878 quo
1247 816 1492 878 tempore
1521 805 1656 862 Sara
1685 807 1938 862 ancillam
1976 821 2132 862 suam
2159 806 2392 878 Agarcm
2422 807 2652 878 expulit.

553 923 918 982 Constantino
947 925 1182 981 Heraclii
1245 926 1358 980 ﬁlio
1407 935 1669 998 regnante
1721 933 1882 996 capta
1913 940 1942 980 a
1972 924 2266 982 Saracenis
2339 925 2562 986 Devina.
2607 933 2668 980 ut
2696 925 2916 996 quidam
2963 925 3038 978 ait
3073 923 3390 987 historicus,
3439 921 3724 980 interfecta

483 1023 616 1072 sunt
643 1017 782 1073 festo
813 1019 900 1074 die
931 1017 1246 1088 Epiphaniae
1277 1019 1330 1072 in
1367 1015 1554 1072 Sancti
1589 1017 1764 1088 Sergii
1793 1019 1908 1072 uade
1941 1017 2230 1072 duodecim
2261 1017 2432 1070 millia
2461 1017 2762 1080 hominum,
2792 1015 2864 1070 ita
2899 1023 2958 1068 ut
2981 1031 3248 1070 caesorum
3273 1015 3538 1086 sanguine
3567 1029 3724 1068 sacra

481 1124 668 1164 mensa
683 1119 736 1166 et
753 1111 1094 1180 baptismatis
1127 1109 1248 1166 fons
1277 1110 1650 1164 redundarent
1687 1131 1698 1164 :
1737 1111 1970 1165 abducta
1997 1125 2128 1166 vero
2152 1111 2205 1164 in
2229 1110 2602 1180 captivitatem
2625 1119 2752 1164 sunt
2781 1111 2902 1180 plus
2931 1109 3152 1182 triginta
3173 1111 3413 1180 quinque
3447 1109 3724 1164 hominum

483 1203 676 1258 millia.
719 1201 841 1258 Mox
873 1221 1106 1274 corpora
1135 1221 1345 1270 eorum,
1381 1207 1473 1275 qui
1515 1205 1620 1260 hoc
1653 1206 1795 1262 bello
1823 1207 2158 1274 ceciderant,
2192 1206 2410 1276 collegit
2451 1205 2652 1262 Nerses
2697 1205 3029 1276 patriarcha,
3069 1215 3230 1276 atque
3261 1205 3314 1258 in
3355 1204 3542 1260 eadem
3570 1219 3724 1260 sacra

479 1292 614 1356 aede,
644 1309 808 1364 quam
839 1295 1049 1358 refecit,
1083 1296 1402 1350 collocanda
1425 1295 1658 1350 curavit.

549 1407 803 1464 Jamvero
833 1409 1170 1466 lsmaeliticze
1201 1413 1378 1483 gentis
1403 1427 1500 1467 rex
1529 1411 1717 1468 eadem
1747 1411 1800 1466 in
1833 1411 1968 1466 urbe
2008 1411 2190 1466 sedem
2223 1409 2372 1474 fixit;
2405 1411 2616 1481 primus
2645 1409 2870 1481 quidem
2903 1411 3121 1466 nomine
3145 1409 3496 1476 Chalarthus,
3527 1409 3594 1466 de
3617 1426 3728 1484 quo

481 1502 799 1578 vaticinium
834 1517 992 1558 sacra
1023 1505 1198 1559 Biblia
1229 1507 1564 1565 cecinerunt,
1599 1485 1972 1560 fore'scilicet
2003 1515 2060 1558 ut
2091 1503 2484 1558 Cbalartalabii
2514 1503 2636 1572 (25)
2667 1505 2899 1576 populus
2933 1501 3143 1574 gladios
3171 1517 3300 1558 suos
3329 1519 3527 1560 cruore
3575 1513 3728 1560 satu-

479 1607 648 1653 raret.
683 1597 784 1654 Hic
808 1611 932 1656 octo
987 1610 1110 1672 post
1147 1616 1322 1656 annos
1352 1601 1487 1656 obiit
1523 1617 1536 1654 :
1571 1601 1950 1672 successitque
1993 1603 2304 1658 Amaranus
2334 1605 2500 1660 annis
2543 1619 2644 1658 xu.
2686 1603 2792 1660 Sed
2822 1603 2994 1667 enim
3029 1603 3118 1658 ille
3159 1601 3488 1660 Cbalarthus
3531 1601 3726 1660 Dama-

488 1706 642 1744 scum
674 1709 847 1762 usque
875 1709 1200 1765 progressus
1227 1695 1424 1756 fuerat,
1448 1701 1502 1748 et
1527 1694 1582 1748 in
1615 1693 2002 1764 Mesopotamia
2031 1694 2280 1750 Amidam
2307 1697 2496 1750 urbem
2519 1695 2728 1750 inﬁnita
2755 1695 3058 1765 direptione
3085 1703 3418 1750 vastaverat.
3441 1695 3578 1750 Exin
3611 1705 3729 1752 tres

479 1783 649 1840 duces
680 1787 846 1840 alium
878 1788 986 1842 alio
1019 1789 1338 1852 dimiserat;
1371 1789 1424 1843 in
1445 1789 1663 1844 Graecas
1695 1789 1912 1857 quidem
1941 1789 2254 1858 provincias
2297 1787 2476 1844 Jalum
2511 1789 2624 1860 (25)
2645 1805 2740 1845 seu
2781 1787 3008 1856 Joelem,
3043 1789 3134 1860 qui
3166 1787 3478 1845 Graecorum
3511 1801 3728 1862 septua-

479 1877 630 1948 ginta
657 1878 827 1932 millia
863 1881 1092 1946 cecidit;
1125 1881 1176 1934 in
1201 1880 1484 1938 Persidem
1515 1897 1646 1938 vero
1677 1879 2008 1936 Othmanum
2035 1882 2276 1938 Amiram
2313 1883 2362 1936 Μ
2379 1884 2716 1954 avimumque
2741 1885 3026 1948 copiarum
3057 1883 3272 1948 ducem,
3305 1885 3398 1956 qui
3431 1884 3732 1940 debellave-

479 1979 610 2024 runt
638 1971 830 2042 viginti
855 1973 1004 2028 mille
1035 1973 1298 2046 Myrdatis
1331 1975 1554 2040 milites,
1589 1975 1830 2044 itemque
1859 1974 2246 2030 Armeniorum
2283 1975 2480 2030 ducem
2529 1975 2788 2032 Musaeum
2819 1992 2940 2031 cum
2973 1977 3090 2033 suis
3115 1977 3392 2048 equitibus
3425 1993 3440 2032 :
3471 1985 3632 2048 atque
3655 1977 3730 2034 ita

479 2061 709 2133 contigit
743 2061 1113 2132 utArmeniis,
1143 2063 1346 2130 Persis,
1389 2065 1563 2136 Syris,
1599 2062 1894 2135 Egyptiis,
1923 2063 2115 2130 Medis,
2149 2063 2370 2120 Parthis
2403 2075 2457 2120 et
2485 2065 2794 2123 Palmstinis
2816 2069 3144 2138 potirentur.

549 2177 670 2232 Jam
703 2195 891 2244 causa,
919 2183 1276 2250 quamobrem
1305 2181 1362 2236 hi
1389 2181 1672 2238 consecuti
1698 2189 1828 2236 sunt
1859 2180 2221 2244 dominatum,
2254 2181 2524 2248 ejusmodi
2552 2181 2652 2236 fuit
2683 2201 2695 2238 :
2725 2183 2986 2254 Princeps
3019 2183 3238 2256 quidam
3271 2185 3620 2244 Damascena:
3647 2201 3732 2241 re-

479 2271 658 2340 gionis
689 2269 914 2340 Sergius
949 2273 1092 2326 haud
1137 2271 1351 2327 modica
1399 2289 1459 2328 re
1501 2281 1834 2327 mercatores
1858 2271 2211 2327 lsmaeliticos
2255 2271 2562 2342 spoliabat:
2591 2272 2922 2330 Chalarthus
2957 2283 3159 2340 autem,
3189 2291 3316 2332 cum
3349 2291 3492 2346 saepe
3529 2277 3596 2332 de
3641 2277 3730 2332 bis

483 2363 702 2438 injuriis
733 2366 1157 2436 expostulasset,
1193 2382 1294 2422 nec
1323 2367 1414 2422 ille
1433 2367 1502 2422 ab
1523 2365 1739 2438 ingenio
1773 2364 2094 2428 decederet,
2133 2363 2202 2420 ad
2227 2373 2534 2420 extremum
2569 2367 2814 2424 collectis
2837 2369 3018 2439 gentis
3041 2385 3154 2426 sua:
3185 2369 3532 2440 pedestribus
3559 2385 3730 2448 eque-

482 2455 800 2524 stribusque
831 2455 1007 2526 copiis
1044 2463 1128 2510 ter
1156 2457 1570 2527 impressionem
1607 2457 1664 2510 in
1687 2455 1900 2510 hostem
1931 2453 2080 2520 fecit,
2115 2470 2295 2525 neque
2318 2469 2376 2510 re
2399 2471 2498 2510 sua
2523 2465 2734 2512 tantum
2757 2459 2964 2528 potitus
2985 2467 3088 2524 est,
3115 2475 3302 2518 verum
3329 2463 3494 2518 etiam
3513 2463 3686 2518 aliena
3709 2480 3725 2526 ;

483 2562 658 2618 quare
685 2556 739 2603 et
765 2547 819 2602 in
852 2547 1168 2604 Armeniam
1193 2549 1428 2612 delatus,
1461 2549 1510 2602 vi
1551 2549 1856 2603 conabatur
1877 2548 2190 2618 religiosam
2215 2549 2520 2603 incolarum
2557 2548 2718 2605 ﬁdem
2749 2551 3084 2608 subvertere.

555 2665 826 2721 Praeterea
857 2663 1260 2721 lsmaelitarum
1295 2679 1388 2720 rex
1423 2663 1718 2734 praedictus
1751 2663 2162 2732 conspirantem
2199 2677 2386 2718 secum
2429 2671 2623 2718 nactus
2653 2670 2738 2720 est
2767 2665 3056 2734 quemdam
3089 2667 3310 2723 nomine
3357 2665 3724 2725 Mahumetum

479 2757 869 2832 Agyptiorum
916 2767 1282 2814 mercatorum
1306 2759 1628 2828 principem.
1663 2757 1762 2814 llic
1795 2759 1977 2826 legum
2003 2756 2362 2812 Mosaicarum
2401 2757 2613 2814 modice
2645 2761 2875 2830 peritus,
2913 2762 3008 2817 sed
3045 2763 3158 2816 Arii
3187 2763 3542 2836 Cerinthique
3567 2779 3732 2822 seeta‘.

483 2852 760 2915 addictus,
787 2851 880 2922 qui
903 2867 1130 2921 regnum
1164 2851 1430 2904 caelorum
1465 2865 1788 2918 corporeum
1818 2865 1943 2904 esse
1987 2848 2221 2910 dicebat,
2255 2850 2310 2904 in
2357 2865 2467 2920 quo
2495 2852 2707 2906 scilicet
2743 2853 3022 2908 terrestris
3061 2855 3220 2910 cibus
3251 2857 3462 2914 ventris
3501 2859 3726 2928 inesset,

485 2947 724 3014 itemque
752 2945 1087 2998 eonnubium
1117 2951 1240 3014 post
1263 2943 1742 2997 resurrectionem.
1771 2941 1918 2995 Idem
1953 2941 2100 3012 leges
2131 2943 2274 2998 inter
2303 2958 2363 2998 se
2396 2945 2704 2998 contrarias
2734 2945 2942 3011 docuit,
2973 2948 3198 3017 antiqua
3249 2949 3457 3004 scilicet
3499 2959 3554 3004 et
3589 2967 3730 3008 nova

481 3045 706 3100 statuta,
729 3036 970 3092 absurda
993 3037 1420 3091 comminisccns
1471 3043 1637 3104 atque
1671 3035 1965 3090 insolentia
2006 3037 2333 3106 praedicans,
2371 3037 2648 3107 nimisque
2681 3039 3026 3110 impudenter
3057 3041 3236 3098 fmdus
3271 3043 3402 3097 illud
3433 3043 3728 3100 Abrahaml

479 3117 864 3201 corrumpens,
897 3145 1006 3200 quo
1036 3129 1250 3198 jussum
1287 3137 1370 3184 est
1407 3147 1424 3184 :
1465 3147 1483 3180 ι
1522 3127 1724 3184 Marem
1765 3145 1982 3202 omnem
2031 3129 2177 3200 apud
2209 3145 2306 3186 vos
2329 3129 2738 3187 circumcidctis
2763 3141 2956 3186 octava
2987 3133 3075 3188 die
3101 3133 3311 3206 (Cenes.
3347 3151 3532 3200 xxxiv,
3559 3137 3668 3206 t5);
3703 3157 3722 3190 ι

479 3227 597 3299 ipse
625 3235 803 3282 autem
835 3242 944 3284 non
971 3241 1149 3282 mares
1169 3233 1401 3290 tantum,
1429 3241 1618 3281 verum
1643 3209 1832 3294 etiam,
1861 3221 1998 3296 proli
2021 3225 2229 3296 pudor!
2263 3225 2506 3282 femellas
2535 3245 2548 3280 :
2576 3227 2922 3296 signaculum
2955 3225 3220 3282 Dominici
3249 3229 3472 3286 fmderis
3493 3231 3726 3288 violans.

481 3321 682 3376 Statuit
713 3321 938 3392 insuper
967 3329 1026 3374 ut
1056 3335 1194 3392 aqua
1229 3328 1442 3374 tantum
1469 3319 1579 3391 (25)
1603 3321 1850 3374 lavarent
1875 3329 2138 3392 perpetuo
2161 3321 2214 3374 in
2245 3321 2394 3376 fonte
2417 3321 2763 3392 baptismatis
2795 3341 2810 3378 :
2837 3324 3145 3396 multasque
3165 3332 3426 3394 praeterea
3456 3327 3730 3384 absurdas

477 3417 749 3486 ejusmodi
781 3427 835 3472 ct
867 3417 1091 3471 insanas
1121 3417 1344 3486 risuque
1368 3415 1564 3485 dignas
1587 3415 2016 3472 consuetudines
2049 3416 2256 3471 docuit.

549 3535 708 3592 Hunc
742 3535 1116 3591 Mahumetum
1183 3551 1308 3591 cum
1365 3536 1468 3590 sibi
1516 3535 1882 3606 lcgislatorem
1909 3545 1964 3590 et
1993 3537 2276 3592 oraculum
2331 3539 2724 3609 copiarumque
2779 3537 2974 3594 ducem
3033 3536 3290 3594 Saraceni
3361 3535 3734 3608 prmfccissent

479 3630 642 3685 annis
671 3645 766 3688 xx.
801 3643 1016 3683 summo
1047 3627 1264 3682 excidio
1327 3625 1740 3682 debellaverunt
1797 3627 2156 3693 Beznuniam,
2213 3627 2550 3684 Alcovidiam
2595 3637 2760 3700 atque
2795 3629 3088 3684 Taroniam
3119 3629 3254 3701 (26).
3287 3629 3606 3700 Quanquam
3631 3645 3732 3700 po-

483 3733 694 3782 stremo
719 3723 1070 3780 Mahumetus
1099 3737 1226 3778 cum
1261 3721 1446 3778 ﬁdeles
1475 3723 1826 3778 obluctantes
1855 3731 2019 3780 sectae
2051 3739 2165 3780 sua:
2193 3726 2564 3794 cognovisset,
2593 3723 2772 3780 edicto
2795 3725 3006 3795 cepiam
3041 3723 3170 3779 fecit
3197 3725 3522 3779 nominatim
3545 3723 3734 3780 Arme-

481 3823 658 3876 niacis
681 3811 982 3888 provinciis
1011 3817 1328 3873 Christiano
1359 3817 1466 3871 ritu
1497 3819 1705 3882 utendi,
1737 3828 1923 3890 atque,
1955 3827 2016 3873 ut
2053 3820 2128 3873 ita
2151 3817 2350 3886 dicam,
2389 3821 2712 3892 religionem
2743 3835 2908 3890 quam
2951 3821 3306 3877 sectabantur
3339 3819 3540 3874 eisdem
3595 3835 3730 3874 ven-

482 3917 644 3980 didit,
673 3913 924 3984 vectigali
949 3915 1236 3982 imperato,
1269 3929 1463 3984 nempe
1487 3923 1546 3970 ut
1571 3913 1788 3971 familiae
1808 3915 2037 3986 singula:
2063 3923 2304 3985 quatuor
2333 3933 2612 3980 nummos,
2639 3916 2852 3971 modios
2877 3917 3155 3972 aridorum
3185 3924 3319 3980 tres,
3353 3917 3728 3987 hippoperam,

480 4007 870 4076 cilicinumque
899 4006 1080 4060 funem
1113 4007 1506 4075 persolverent.
1533 4005 1710 4077 Hujus
1754 4017 1936 4063 tamen
1977 4007 2166 4063 tributi
2198 4007 2538 4064 immunibus
2569 4023 2694 4064 esse
2719 4009 2996 4064 concessit
3025 4008 3422 4072 sacerdotibus,
3455 4009 3733 4066 nobilibus

479 4109 538 4157 et
564 4100 859 4171 equitibus.
893 4100 1067 4170 Atque
1095 4097 1372 4166 Saraceni,
1435 4115 1698 4172 posquam
1729 4101 1957 4171 prolatis
1987 4099 2204 4172 imperii
2233 4099 2435 4156 ﬁnibus
2481 4101 2724 4170 omnium
2759 4099 2916 4170 potiti
2943 4109 3092 4161 sunt,
3127 4099 3236 4170 dici
3270 4109 3552 4172 coeperunt
3577 4099 3734 4154 Ami-

479 4195 940 4266 ralmumni(*27).
965 4191 1085 4248 Jam
1111 4203 1234 4265 post
1275 4193 1571 4250 Mahumeti
1611 4209 1788 4250 annos
1843 4211 1916 4250 xx
1943 4191 2080 4266 (28),
2127 4193 2395 4250 dominati
2441 4201 2571 4250 sunt
2619 4175 3028 4256 Abubcchirus,
3061 4189 3366 4248 Otbmanus
3395 4199 3450 4246 et
3495 4189 3732 4247 Omarus

478 4301 642 4342 annis
671 4303 901 4344 XXXVIII.

556 4401 666 4456 Hac
697 4411 1024 4472 tempestate
1049 4403 1338 4473 imperium
1393 4418 1610 4474 quoque
1662 4403 1974 4464 Persarum,
2011 4403 2158 4473 quod
2199 4403 2486 4458 dicebatur
2539 4399 2962 4462 Sasanidarum,
2997 4399 3270 4454 sublatum
3303 4403 3408 4464 est,
3439 4403 3730 4466 postquam

479 4497 640 4566 annis
671 4511 836 4551 ccccx
865 4504 1306 4566 persevcraverat
1335 4515 1348 4551 :
1383 4495 1662 4552 Persicum
1709 4507 1888 4552 autem
1912 4507 2188 4568 sceptrum
2241 4507 2502 4566 ceperunt
2543 4493 2824 4560 Saraceni,
2853 4494 2946 4584 qui
2968 4491 3100 4574 dicti
3135 4497 3262 4546 sunt
3289 4489 3728 4544 Amiralmumni.

1477 4671 2000 4754 SA'RACENORUM
2037 4671 2532 4730 AMIRALMUMNI
2567 4672 2698 4742 (29).

549 4855 888 4916 Mahumetus
946 4857 1106 4912 annis
1165 4872 1274 4920 xx;
1306 4853 1688 4910 Abubcchirus
1735 4853 1896 4907 annis
1947 4867 2085 4918 vni;
2129 4849 2436 4904 0thmanus
2486 4849 2646 4904 annis
2693 4864 2764 4915 x;
2817 4847 3054 4906 Omarus
3109 4847 3270 4905 annis
3321 4863 3430 4914 xx;
3473 4845 3728 4902 Movimus

476 4953 638 5008 annis
663 4935 806 5016 xxii;
831 4951 1122 5008 Meruanus
1157 4965 1302 5018 anno
1334 4947 1662 5017 1;chithus
1699 4949 1858 5022 annis
1884 4965 1980 5014 ιιις
2023 4931 2472 5028 Abdelmelichus
2505 4945 2680 5000 Iannis
2727 4961 2838 4998 xxn
2863 4963 2877 5010 ;
2907 4943 3350 5028 Velithus'annis
3379 4959 3464 5010 tv;
3497 4943 3728 4998 Omarus

475 5025 638 5105 annis
683 5037 754 5116 ης
805 5047 1035 5104 Ezithus
1089 5047 1252 5103 anuis
1300 5061 1388 5112 vr;
1419 5027 1761 5102 Heschemus
1817 5045 1980 5100 armis
2039 5023 2173 5100 xix:
2245 5041 2494 5096 Velithus
2543 5055 2686 5094 anno
2717 5054 2772 5106 ις
2819 5023 3112 5096 Meruanus
3166 5039 3326 5096 annis
3375 5055 3510 5105 vin;
3559 5037 3730 5093 Abdla

473 5145 636 5198 annis
661 5159 812 5207 xxu;
845 5142 1212 5198 Abdelazizus
1247 5141 1408 5196 annis
1460 5157 1556 5206 m;
1601 5139 1816 5194 Mahdis
1847 5139 2007 5195 annis
2047 5155 2125 5205 ix;
2169 5131 2340 5192 Musis
2394 5137 2554 5192 annis
2595 5151 2664 5202 x;
2701 5133 2958 5192 llarunus
3013 5137 3172 5191 annis
3217 5149 3390 5202 mn;
3425 5133 3734 5190 Mahmetus

473 5239 636 5292 annis
661 5253 728 5302 νς
765 5223 1077 5289 Maimunus
1104 5233 1263 5287 annis
1295 5247 1484 5301 xxvu;
1515 5229 1894 5308 Ibenmeretus
1919 5230 2083 5308 annis
2117 5245 2208 5296 1x;
2251 5227 2510 5282 llarunus
2535 5227 2694 5294 annis
2717 5241 2882 5292 xvm;
2914 5225 3212 5297 Ciapbares
3233 5227 3394 5281 annis
3421 5241 3496 5280 ιι.
3523 5223 3732 5280 [lorum

473 5331 738 5386 memoria
767 5327 1074 5402 perditione
1100 5325 1390 5382 obruatur.

544 5533 656 5604 (25)
671 5529 915 5604 Chalirth
936 5529 1192 5592 dicuntur
1205 5529 1273 5584 ab
1296 5527 1569 5604 Armeniis
1585 5538 1727 5604 exta.
1747 5523 1860 5604 Hoc
1877 5533 2058 5604 autem
2381 5521 2630 5604 [lassant
2659 5521 3040 5604 Armeniorum
3071 5521 3388 5604 provinciae.

473 5592 596 5657 loco
619 5592 764 5658 haud
797 5592 1004 5654 scimus
1031 5613 1209 5652 utrum
1238 5600 1640 5668 respiciendum
1681 5599 1752 5652 sit
1793 5595 2052 5668 adDeut.
2181 5665 2189 5668 Α
2225 5592 2615 5668 (i7)_(lodices
2661 5595 2868 5668 partim
2911 5592 3554 5668 Antirimumni‘;‘parlim
3598 5603 3732 5648 vero

471 5687 671 5734 xxvm,
699 5673 789 5733 49,
829 5686 896 5726 an
928 5671 992 5738 ad
1025 5669 1262 5724 Hiercm.
1295 5663 1442 5738 xi.vl,
1471 5669 1557 5738 10,
1580 5669 1660 5720 vel
1689 5668 1754 5720 ad
1772 5667 1907 5738 psal.
1941 5681 2050 5726 LVI,
2155 5663 2588 5738 Amjrnlniumni,
2609 5679 2825 5738 ,nempe
2851 5663 3190 5738 imperatores
3223 5663 3480 5738 ﬁdelium.

473 5741 530 5809 5,
575 5731 747 5796 vel-ad
775 5731 929 5796 ινιιι.
966 5735 1019 5793 8.
1053 5739 1186 5792 Rem
1219 5741 1310 5792 alii
1338 5733 1650 5806 diligentius
1681 5731 2048 5809 considerent.
2225 5733 2334 5809 (2S)
2349 5735 2648 5809 godd.,x_t..
2671 5731 2774 5788 Sed
2795 5733 3094 5788 iidemaute
3113 5743 3407 5809 posteaque
3423 5731 3724 5809 liabentxx.

555 5814 668 5882 (24)
697 5811 798 5865 llic
823 5811 1041 5882 codices
1081 5811 1258 5882 aliqua
1307 5803 1660 5882 corruptione
1701 5803 2044 5862 laborabant.
2185 5805 2327 5882 ⁵(29)
2355 5803 2450 5882 llic
2484 5805 2674 5882 titulus
2725 5819 2848 5858 cum
2881 5805 3232 5882 sequentibus
3281 5803 3728 5866 Amiralmumnis

547 5875 661 5955 (25)
691 5883 896 5950 Nempe
923 5881 1039 5936 sine
1069 5879 1248 5934 verbis
1277 5875 1496 5965 sacris;
2147 5876 2305 5931 abest
2337 5875 2405 5929 ab
2445 5875 2752 5943 antiquiore
2783 5875 3098 5946 eremplari.
