4158 6490
352 374 466 452 ’ἕω
1105 374 1450 432 SAMUELIS
1483 373 1794 429 ANIENSIS
1835 372 2171 429 SUMMARII
2205 373 2586 430 TEMPOBUM
2626 375 2808 431 PARS
2846 376 2912 431 ll.
3501 379 3604 438 ἸΝ

1049 649 1240 691 OLYIP.
1301 648 1516 690 CHRISTI
1610 651 1804 690 CORST.
1911 650 2059 690 Διιιι.
2199 650 2328 690 Αιυι.
2469 650 2628 690 νΑτιι.
2755 652 2888 691 £85

2759 722 2889 762 ΔΕΜ.

1652 843 1753 896 Mi-
1872 843 2102 913 Ciapha-
2163 841 2388 898 Semba-
2471 843 2626 898 Joan-

1616 914 1770 969 cbael
1932 930 2018 971 res
2205 922 2295 967 tus
2497 931 2596 969 nes
2612 973 2617 980 ,

2155 1081 2369 1093 *-

2441 1082 2651 1096 *-

1087 1171 1229 1240 407
1372 1169 1478 1240 850
1700 1169 1757 1240 ,9
2000 1168 2035 1221 2
2246 1166 2317 1240 ἓῖι
2529 1169 2597 1240 48
2773 1171 2882 1226 297

1373 1239 1470 1293 85-1
1690 1239 1758 1295 10
2002 1240 2036 1292 5
2245 1237 2316 1291 28
2527 1239 2596 1292 19
2773 1242 2879 1297 298

1373 1309 1476 1363 852
1688 1309 1709 1362 1
1728 1311 1749 1363 1
1999 1307 2034 1361 ὁ
2244 1306 2315 1359 29
2525 1307 2595 1362 9.0
2771 1310 2878 1366 299

1089 1363 1228 1431 1:08
1371 1378 1476 1434 εδδ
1688 1378 1756 1432 la
2001 1377 2035 1430 5
2245 1376 2315 1429 δυ
2525 1378 2585 1430 ‘21
2773 1363 2881 1434 soi»

1372 1448 1474 1502 854
1691 1451 1708 1500 l
1721 1449 1755 1502 5
1999 1448 2033 1497 6
2247 1445 2306 1497 ’³1
2525 1446 2596 1500 22
2773 1451 2870 1504 501

2443 1624 2836 1680 ZACHARIAS
2883 1629 3040 1684 annis
3093 1647 3239 1695 xxii,
3289 1649 3320 1688 ο
3362 1633 3534 1692 Cotia

283 1781 364 1816 ’Ὗς

2648 1744 2847 1812 oppido
2887 1744 3047 1810 Zaga.

1339 1911 1444 1966 855
1658 1913 1726 1966 M
1980 1915 2010 1967 7
2223 1915 2291 1969 52
2543 1919 2568 1971 1
2753 1919 2851 1975 ’502

427 2137 714 2194 Pessimus
744 2137 979 2207 denique
1011 2136 1253 2190 omnium
1284 2135 1465 2190 valido
1503 2152 1626 2190 cum
1662 2139 1905 2193 exercitu
1932 2142 2328 2210 superveniens
2362 2140 2550 2214 Bugha
2582 2144 2693 2216 (52)
2715 2184 2730 2210 ,
2769 2162 2930 2216 quem
2961 2148 3162 2220 impius
3191 2151 3488 2223 Ciapbares
3530 2156 3599 2210 ad

351 2229 736 2286 ulciscendam
765 2229 1028 2285 Abusethi
1060 2243 1248 2284 necem
1273 2229 1328 2282 in
1359 2228 1670 2283 Armeniam
1695 2230 1967 2298 mittebat,
1998 2233 2246 2303 pluribus
2267 2233 2672 2292 calamitatibus
2692 2238 2952 2308 varioque
2968 2255 3250 2309 poenarum
3273 2259 3338 2300 ac
3362 2245 3598 2301 caedium

352 2338 565 2391 genere
597 2332 810 2394 gentem
840 2324 1210 2390 excruciavit,
1243 2325 1546 2393 praesertim
1590 2325 1802 2381 nobiles
1839 2337 1892 2381 et
1928 2329 2200 2398 equestris
2247 2329 2454 2384 militia:
2489 2331 2734 2387 ordinem
2785 2351 2797 2388 :
2849 2335 3048 2404 quibus
3080 2346 3260 2393 autem
3297 2340 3463 2394 vitam
3490 2341 3605 2394 lar-

351 2417 635 2486 giebatur,
674 2432 768 2473 eos
797 2427 854 2472 ut
885 2433 914 2471 a
947 2417 1170 2473 Christo
1199 2416 1494 2472 delicerent
1523 2428 1685 2489 atque
1714 2419 1770 2474 in
1798 2429 1959 2476 sectae
2001 2436 2116 2477 sua:
2155 2422 2490 2491 impietatem
2540 2425 2903 2484 concederent
2940 2430 3220 2488 blanditiis
3259 2433 3598 2504 impellebat.

347 2506 562 2562 Verum
595 2509 813 2578 plurimi
838 2509 964 2564 forti
989 2509 1172 2564 animo
1200 2509 1448 2566 homines
1480 2519 1697 2566 scutum
1729 2512 1832 2566 sibi
1861 2520 1916 2568 et
1946 2529 2097 2567 arma
2135 2513 2338 2570 Christi
2381 2515 2670 2573 induentes
2691 2558 2705 2583 ,
2744 2534 2959 2575 omnem
3006 2523 3400 2593 suppliciorum
3439 2525 3602 2580 dolo-

345 2618 591 2674 rumque
620 2611 878 2660 terrorem
899 2645 914 2669 ,
942 2605 1033 2676 qui
1061 2606 1163 2660 sibi
1197 2605 1265 2659 ab
1297 2620 1362 2660 eo
1393 2605 1622 2662 scelesto
1661 2607 2013 2674 imminebat,
2077 2619 2404 2678 spreverunt
2440 2619 2662 2681 propter
2696 2613 2822 2668 vita:
2861 2615 3057 2672 futura:
3083 2617 3246 2674 bona.
3292 2620 3349 2673 In
3383 2593 3468 2674 bis
3497 2619 3605 2676 fuit

351 2698 598 2754 dilectus
628 2699 739 2755 Deo
767 2701 996 2755 Atomus
1024 2716 1088 2755 ex
1119 2701 1320 2770 Albage
1348 2702 1627 2771 provincia
1646 2740 1662 2766 ,
1693 2703 1786 2772 qui
1845 2719 1970 2757 cum
2001 2704 2165 2758 sociis
2195 2717 2444 2775 magnam
2473 2705 2582 2758 vim
2613 2707 2954 2762 cruciatuum
2982 2725 3274 2780 perpessus
3318 2712 3606 2782 pretiosis-

346 2790 552 2843 sirnam
600 2805 859 2844 coronam
907 2791 1133 2861 adeptus
1179 2799 1263 2845 est
1309 2809 1322 2847 :
1377 2802 1538 2862 atque
1586 2791 1642 2845 hi
1755 2802 1971 2848 centum
2006 2793 2118 2849 fere
2143 2802 2197 2849 et
2221 2795 2611 2867 quinquaginta
2638 2796 2885 2861 fuerunt,
2917 2808 3110 2869 praeter
3140 2818 3234 2858 eos
3268 2803 3359 2873 qui
3391 2803 3445 2856 in
3477 2802 3604 2858 aliis

354 2881 666 2950 provinciis
699 2891 966 2953 martyres
995 2884 1357 2951 exstiterunt,
1384 2898 1617 2952 quorum
1641 2885 1822 2939 natale
1852 2883 2048 2940 festum
2079 2885 2168 2942 die
2229 2887 2421 2956 quinta
2457 2894 2510 2942 et
2551 2888 2806 2945 vicesima
2838 2890 3098 2962 Mehegan
3133 2892 3244 2963 (53)
3281 2896 3485 2951 mensis
3517 2895 3602 2949 in-

355 2975 570 3031 dictum
618 2984 722 3031 est.
775 2976 930 3032 Haud
981 2979 1136 3049 pauci
1178 2986 1359 3033 tamen
1413 2979 1661 3034 dolorum
1713 2980 2084 3051 impatientes,
2151 2984 2354 3054 probro
2392 2992 2562 3040 semet
2589 2989 3159 3057 commaculaverunt;
3207 2991 3370 3061 hique
3398 2992 3603 3047 amissa

348 3078 556 3124 aeterna
591 3071 698 3124 vita
730 3080 1047 3140 praesentem
1083 3071 1226 3125 haud
1252 3071 1430 3141 adepti
1463 3079 1591 3125 sunt
1621 3070 1752 3142 (54).

445 3253 734 3325 Improbus
760 3253 924 3323 igitur
954 3265 1018 3305 ac
1049 3265 1223 3306 saevus
1254 3248 1345 3305 ille
1374 3249 1558 3322 Buglia
1581 3293 1594 3319 ,
1642 3252 1732 3308 ubi
1761 3267 1876 3306 rem
1917 3267 1982 3307 ex
2017 3253 2183 3307 animi
2225 3255 2311 3308 sui
2350 3255 2621 3310 sententia
2667 3254 2892 3311 conﬁeri
2942 3256 3149 3322 sensit,
3181 3258 3420 3328 regionis
3450 3261 3596 3332 Opti-

357 3356 568 3409 mates,
598 3343 796 3415 partim
827 3342 1189 3412 dolo,partim
1229 3343 1551 3400 auctoritate
1592 3345 1647 3400 in
1692 3360 1845 3400 suam
1887 3353 2208 3416 potestatem
2250 3347 2500 3419 redegit:
2537 3363 2673 3419 quos
2703 3349 2845 3404 inter
2874 3364 3130 3420 magnum
3163 3367 3378 3421 quoque
3398 3353 3596 3410 ducem

357 3434 746 3491 Armeniarum
791 3431 1140 3496 Sembatum,
1171 3441 1535 3501 cognomento
1563 3433 1892 3504 Aplabasum
1912 3473 1927 3500 ,
1959 3449 2089 3490 sane
2122 3436 2329 3505 angelis
2361 3436 2722 3507 exoptabilem
2767 3444 2990 3507 propter
3017 3452 3202 3491 veram
3245 3438 3451 3497 Christi
3482 3457 3583 3497 no-

353 3529 569 3592 titiam,
601 3527 695 3598 qui
726 3534 780 3581 et
812 3523 1096 3580 confessor
1126 3525 1428 3595 appellatus
1457 3534 1562 3583 est.
1597 3526 1716 3582 Jam
1746 3542 1876 3582 vero
1919 3528 2095 3583 malus
2129 3529 2233 3584 iste
2260 3529 2446 3602 Bugba
2479 3529 2547 3584 ad
2576 3545 2829 3601 magnum
2861 3530 3105 3586 Amiram
3140 3532 3374 3587 reditum
3399 3545 3598 3589 matu-

352 3640 518 3688 rans,
553 3623 794 3693 reliquos
841 3621 1072 3676 vinculis
1097 3660 1113 3686 ,
1148 3619 1462 3676 Sembatum
1498 3629 1680 3678 autem
1707 3621 1896 3678 fraude
1921 3623 2309 3694 insidiosisque
2332 3623 2599 3679 bonorum
2629 3625 2911 3694 promissis
2941 3640 3126 3681 secum
3155 3626 3434 3682 avehebat.
3461 3625 3603 3684 inte-

355 3722 460 3775 rim
489 3719 618 3789 quia
657 3716 896 3772 Joannes
919 3717 1029 3772 vita
1061 3723 1398 3782 excesserat,
1431 3715 1723 3772 Zacharias
1753 3718 1806 3771 in
1835 3725 2074 3773 sanctam
2101 3718 2416 3789 dignitatem
2449 3719 2780 3775 substitutus
2803 3728 2920 3787 est,
2953 3721 3046 3790 qui
3080 3720 3244 3777 unius
3277 3721 3381 3776 diei
3421 3721 3603 3790 spatio

356 3829 386 3867 a
413 3812 745 3880 sacerdotio,
781 3812 890 3866 imo
920 3826 951 3866 a
973 3810 1286 3878 diaconatu,
1315 3812 1385 3866 ad
1415 3812 1600 3867 throni
1622 3813 2005 3883 patriarcbalis
2037 3811 2314 3888 fastigium
2341 3815 2620 3872 transiliit.

431 3991 548 4063 Age
578 4005 709 4047 vero
740 3990 996 4047 omnibus
1026 3989 1118 4062 qui
1149 4005 1180 4044 a
1207 3989 1442 4045 scelesto
1468 3989 1656 4062 Bugha
1683 3989 1901 4047 abducti
1937 3991 2190 4059 fuerant,
2219 3995 2470 4064 protinus
2509 3994 2749 4066 supremi
2779 3993 2996 4066 tyranni
3016 3993 3175 4064 jussu
3213 4007 3435 4047 carcere
3467 4006 3600 4046 con-

367 4086 540 4142 clusis
565 4127 580 4152 ,
613 4087 724 4142 nisi
754 4087 958 4141 Christi
988 4085 1159 4156 legem
1190 4093 1627 4151 exsecrarentur,
1658 4101 1768 4141 non
1795 4087 1910 4143 sine
1937 4087 2072 4144 diris
2109 4089 2448 4145 cruciatibus
2481 4089 2823 4144 moriendum
2861 4087 2982 4142 fuit.
3031 4087 3098 4142 Et
3129 4103 3260 4143 sane
3293 4103 3402 4142 non
3436 4084 3599 4157 pauci

364 4179 612 4251 corporis
641 4195 776 4236 nece
805 4178 1080 4251 perterriti
1112 4191 1143 4230 a
1172 4178 1275 4232 fide
1300 4176 1616 4233 defecerunt
1640 4195 1654 4239 ;
1687 4186 1915 4249 excepto
1940 4179 2142 4250 inclyto
2173 4179 2450 4245 Sembato,
2479 4181 2572 4251 qui
2601 4180 2702 4236 etsi
2736 4180 3015 4236 Christum
3047 4187 3362 4235 constanter
3388 4178 3600 4249 palam-

361 4293 469 4344 que
500 4275 876 4339 confitebatur,
912 4271 1270 4329 nihilominus
1300 4272 1356 4325 in
1386 4272 1621 4327 vinculis
1653 4280 1829 4329 morte
1855 4287 1956 4328 sua
1984 4272 2140 4329 obiit.
2172 4271 2468 4329 Prtefectus
2502 4272 2721 4328 interim
2753 4271 2974 4342 quidam
3021 4269 3364 4341 Stephanus,
3395 4284 3604 4338 cogno-

361 4372 509 4426 mine
535 4369 748 4432 Conus,
779 4365 1049 4438 intrepide
1079 4365 1356 4422 Christum
1382 4365 1670 4422 confessus
1698 4367 1943 4438 martyrii
1973 4367 2152 4437 palma
2179 4365 2414 4422 donatus
2450 4373 2534 4421 est
2563 4381 2708 4420 anno
2753 4378 2875 4418 aarae
2931 4363 3312 4417 Armeniorum
3351 4361 3601 4416 secundo

359 4477 526 4532 supra
577 4461 1042 4516 trecentesimum.
1085 4458 1260 4515 Porro
1304 4459 1554 4530 praedicti
1615 4456 1856 4514 Sembati
1905 4459 2240 4516 confessoris
2283 4475 2482 4529 corpus
2523 4473 2648 4513 cum
2690 4458 2894 4529 ingenti
2941 4471 3138 4527 pompa
3179 4464 3234 4510 et
3276 4453 3598 4524 psalmodiis

363 4573 393 4608 a
430 4555 678 4610 ﬁdelibus
712 4554 915 4608 elatum
945 4559 1028 4608 est
1075 4553 1143 4608 ad
1189 4552 1654 4622 Sancti_Danielis
1689 4569 1902 4611 sacram
1929 4555 2136 4621 aedem,
2174 4555 2303 4610 illuc
2333 4554 2594 4609 nimirum
2636 4555 2728 4610 ubi
2763 4554 2869 4608 iste
2900 4551 3032 4606 olim
3070 4549 3286 4604 leonum
3322 4547 3377 4600 in
3415 4546 3596 4601 lacum

363 4648 540 4705 fuerat
564 4648 860 4720 projectus.

432 4865 714 4923 Exstincto
750 4865 1004 4923 Semban
1023 4907 1040 4933 ,
1071 4882 1257 4923 rerum
1299 4867 1538 4922 habenas
1564 4866 1828 4938 corripuit
1855 4867 2000 4922 filius
2029 4869 2272 4939 ejusdem
2307 4867 2572 4933 Asutius;
2604 4867 2760 4936 isque
2792 4879 2903 4936 pra:
2926 4864 3140 4919 cunctis
3163 4861 3462 4931 majoribus
3483 4858 3600 4914 suis

364 4957 596 5025 claruit,
626 4975 792 5031 seque
824 4959 1137 5030 integritate
1160 4967 1214 5014 et
1245 4957 1572 5028 benignitate
1602 4957 1739 5013 adeo
1757 4959 2179 5025 commendavit,
2207 4967 2268 5014 ut
2287 4958 2532 5013 omnium
2563 4958 2843 5013 amoribus
2869 4957 3075 5028 potitus
3102 4955 3194 5011 sit.
3221 4953 3302 5010 Oh
3322 4949 3595 5024 ejusmodi

363 5053 634 5124 egregiam
665 5052 864 5107 famam
897 5054 1098 5108 missus
1124 5060 1209 5108 est
1240 5067 1269 5105 a
1297 5066 1495 5122 magno
1530 5049 1716 5106 Amira
1740 5050 1958 5122 quidam
1986 5051 2386 5124 Aly-Armenus
2421 5051 2643 5106 nomine
2667 5064 2794 5104 cum
2820 5049 3140 5104 muneribus
3171 5047 3226 5100 in
3257 5043 3600 5107 Armeniam,

364 5146 458 5214 qui
499 5145 564 5200 ad
601 5144 850 5200 Asutium
890 5151 1086 5213 prazter
1122 5141 1509 5212 prmfecturam
1552 5141 1771 5196 titulum
1801 5156 2018 5211 quoque
2061 5140 2328 5212 principis
2363 5141 2671 5212 principum
2701 5138 2976 5196 contulit:
3018 5139 3073 5192 in
3104 5152 3212 5208 qua
3249 5137 3296 5192 is
3333 5133 3603 5205 dignitate

368 5239 526 5300 annis
548 5255 653 5293 xxx
681 5237 1017 5309 permansit:
1048 5237 1225 5292 donec
1248 5237 1467 5292 virtutis
1503 5250 1633 5306 ergo
1675 5243 1838 5305 atque
1873 5251 2098 5307 Operam
2140 5235 2468 5306 optimorum
2517 5234 2666 5304 regio
2703 5247 2918 5303 quoque
2964 5230 3265 5286 diademate
3311 5224 3605 5295 insignitus

366 5339 467 5394 est,
522 5347 617 5386 rex
658 5333 916 5386 nimirum
967 5346 1000 5385 a
1047 5330 1260 5386 duobus
1305 5329 1523 5400 regibus
1567 5328 1915 5384 renuntiatus
1966 5326 2293 5384 lsmaelitico
2344 5335 2398 5382 et
2439 5324 2627 5381 Graeco
2676 5323 2970 5395 postremis
3013 5320 3256 5395 quinque
3293 5315 3606 5373 dominatus

365 5425 448 5478 sui
482 5433 640 5482 annis
671 5425 804 5494 (55).

440 5670 550 5740 (52)
589 5669 810 5740 Bougha
835 5667 975 5740 apud
1003 5666 1225 5740 furcas
1239 5671 1397 5740 sonat
1428 5670 1673 5714 taurum.-
2027 5647 2986 5740 ratliganncs!patriarcha._uum
3027 5715 3256 5740 “nm.
3292 5709 3428 5740 mm:

440 5716 553 5810 ἱέὸ
592 5716 1488 5810 ὶὶῐῖεῖῑαῖιῖῖιῑιὲιῡέέὸέιοθίέηιε
1647 5807 1656 5810 _
1755 5798 1788 5810 -.
2049 5724 2232 5810 .155),
2276 5716 3256 5810 ,ιθξιῑθ,ιξῖεξ,ξιξεξιξιξτξιάιεὶξῖνιίππ
3291 5716 3528 5769 mm
3563 5721 3600 5766 ο

589 5785 1682 5879 ila-mque-aliamolfcausamperierunt,
1711 5798 1791 5854 uti
1813 5812 1941 5853 nar-
2049 5785 2243 5851 latiore
2269 5790 2496 5849 Joannis
2521 5787 2848 5860 patriarchae
2877 5785 3134 5841 Historia.
