4158 6488
410 320 514 377 715
1134 327 1477 384 SAMUELIS
1503 327 1821 391 ANIENSIS
1858 331 2052 391 SUMM

2024 331 2198 388 ilARli
2236 332 2619 405 TEMPORUM
2645 336 2825 395 PARS
2860 338 2926 397 ll.
3555 348 3666 410 7η

452 504 3631 552 ..________________________________________

1294 627 1485 671 OLYIIP.
1560 630 1720 671 CHRI-
1754 632 1945 674 CONST.
1982 632 2133 675 ΔΗΙΒ.
2198 634 2330 676 ΔΒΗ.
2394 636 2553 676 PATR.
2620 638 2756 678 ERE

1600 702 1689 742 δτι
2621 708 2751 748 ΔΒΗ.

1789 827 1903 885 Leo
1972 827 2125 911 Mah-
2188 830 2331 911 Asu—
2387 829 2554 911 Geor-

1965 907 2145 956 metus
2209 902 2321 957 tius
2405 902 2527 973 gius

1551 1120 1658 1176 889
1834 1119 1872 1175 2
2013 1119 2040 1175 1
2053 1120 2084 1175 7
2225 1123 2296 1180 54
2436 1122 2508 1179 15
2646 1124 2753 1181 556

1299 1194 1445 1267 417
1549 1191 1657 1267 §99
1835 1190 1871 1267 ξ
2012 1190 2083 1267 ἓξ
2223 1194 2296 1267 ἕξ
2436 1193 2505 1267 11
2649 1197 2754 1267 557

465 1261 708 1332 Asutius,
738 1276 992 1319 omnibus
1020 1261 1090 1319 ad
1130 1260 1229 1318 Dei
1324 1259 1428 1267 “““
1550 1261 1653 1317 891
1833 1259 1871 1314 4
2012 1260 2081 1316 19

1130 1260 1229 1318 Dei
1324 1259 1428 1267 “”
1550 1261 1653 1317 891
1833 1259 1871 1314 4
2012 1260 2081 1316 19
2223 1264 2293 1319 56
2435 1264 2506 1320 15
2647 1266 2752 1322 558

387 1335 649 1406 placitum
710 1334 1003 1406 ordinatis,
1052 1343 1228 1389 morte

387 1401 724 1460 transfertur
784 1404 841 1458 in
909 1411 1228 1461 sanctorum
2060 1462 2071 1466 _
2174 1401 2545 1459 SEMBATUS
2571 1408 2731 1465 annis
2759 1423 2908 1467 utv.

385 1488 581 1546 regum
607 1474 873 1532 ordinem.
2516 1514 2521 1519 -

1547 1588 1657 1645 892
1830 1587 1871 1646 5
2007 1585 2079 1649 20
2255 1589 2285 1644 1
2432 1591 2502 1647 16
2640 1596 2748 1652 559
2871 1594 3166 1669 sembatus

2007 1585 2079 1649 eo
2255 1589 2285 1644 ι
2432 1591 2502 1647 16
2640 1596 2748 1652 539
2871 1594 3166 1669 sembatus
3241 1601 3424 1660 Asutii
3493 1596 3640 1669 ﬁlius

2794 1667 2937 1737 patri
2965 1671 3228 1729 succedit.

1544 1726 1652 1783 895
1831 1725 1866 1781 6
2005 1727 2071 1784 21
2250 1726 2289 1782 2
2428 1731 2456 1785 1
2468 1732 2501 1785 7
2638 1736 2747 1791 540

404 1801 1056 1886 ..Αδδβυεηφίιίιίεείιμιε
1082 1802 1224 1886 As“:
1291 1802 1436 1875 418
1540 1798 1651 1886 ἓξὲξ
1829 1796 1866 1886 Z
2003 1800 2046 1886 2?

1095 1802 1224 1886 es":
1291 1802 1436 1875 Ms
1540 1798 1651 1886 ἕὲἑ
1829 1796 1866 1886 Z
2003 1800 2077 1886 ἓξ
2251 1799 2288 1886 ζ’
2427 1801 2496 1886 ξὲ
2637 1806 2737 1886 eu

377 1871 445 1928 εἰὶ
474 1875 832 1956 regisirater,
863 1867 1093 1953 moleste
1116 1871 1224 1939 [ert
1316 1867 1330 1873 ⁷
1352 1867 1430 1875 “”
1542 1868 1651 1935 895
1827 1867 1863 1923 8
2003 1868 2019 1922 ε

380 1942 813 1995 dominationem
847 1942 1111 1995 Sembau.
1540 1937 1647 1992 896
1823 1935 1860 1992 9
2002 1939 2019 1992 Ε

2003 1868 2076 1924 25
2247 1867 2286 1923 4
2427 1872 2497 1927 19
2636 1876 2743 1943 542
2861 1878 3126 1937 Dominus
3156 1880 3453 1941 Mastosius
3498 1888 3633 1942 reli-

2002 1939 2074 1994 24
2248 1938 2285 1994 5
2423 1941 2496 1995 20
2635 1945 2743 1995 545
2791 1948 2946 1995 ariam
2980 1952 3107 1995 vim
3145 1952 3397 1995 ίηςιίιιιιη
3432 1962 3486 1995 nt
3513 1958 3633 1995 nm-

380 1942 813 2011 dominationem
847 1942 1111 2001 Sembati.
1540 1942 1647 1992 896
1823 1942 1860 1992 9
2002 1942 2022 1992 Ε

1308 2075 1327 2094 .
1355 2076 1433 2094 ,η
1537 2007 1649 2094 i322
1789 2005 1860 2094 i9
1999 2008 2022 2094 Ξ

2002 1942 2074 1994 24
2248 1942 2285 1994 5
2423 1942 2496 1997 20
2635 1942 2743 2001 545
2791 1948 2946 2019 gioso
2980 1952 3107 2006 vitae
3144 1952 3397 2009 instituto
3432 1962 3487 2011 et
3512 1958 3636 2027 phi-

1999 2008 2074 2094 gij
2250 2009 2286 2094 ρ
2634 2015 2740 2094 544
2792 2021 3087 2094 losophicis
3113 2022 3420 2094 disciplinis
3451 2027 3633 2084 clarus

1294 2075 1436 2152 419
1536 2078 1644 2135 898
1787 2075 1852 2131 u
1999 2079 2071 2138 26
2250 2078 2284 2132 7
2421 2082 2494 2139 22
2635 2085 2741 2142 545
2791 2075 3094 2147 habebatur

2420 2221 2817 2284 MASTOSIUS
2843 2230 3114 2291 oriundus
3144 2231 3379 2290 Sevania
3406 2247 3553 2292 anno
3582 2250 3626 2297 ι.

1534 2358 1642 2419 899
1783 2355 1854 2412 12
1991 2361 2065 2416 27
2239 2361 2275 2420 8
2448 2362 2478 2419 1
2623 2365 2728 2421 516

2411 2501 2716 2561 JOANNES
2750 2520 2913 2565 annis
2943 2523 3118 2565 xxvm
3146 2508 3289 2583 (60).

1530 2638 1638 2696 900
1776 2637 1847 2709 15
1983 2641 2057 2698 28
2231 2640 2267 2698 9
2443 2644 2473 2699 1
2619 2644 2728 2702 547
2847 2646 3110 2706 Dominus
3144 2649 3172 2704 ιι

1983 2641 2057 2698 28
2231 2640 2267 2698 9
2443 2644 2473 2699 1
2619 2644 2728 2702 547
2847 2646 3110 2706 Dominus
3144 2644 3508 2707 hic'Joannes
3537 2653 3620 2709 di-

1529 2710 1634 2792 991
1776 2707 1847 2792 ii
1983 2711 2057 2792 ἓξ
2196 2710 2269 2792 19
2439 2714 2481 2792 ἓ
2618 2717 2727 2792 μς
2776 2717 3153 2792 ssipuluseius

1983 2711 2057 2792 gs
2196 2710 2269 2792 to
2439 2714 2481 2792 ξ
2618 2717 2727 2792 ys
2776 2717 3464 2792 scipulusejus(Mastosii)
3493 2707 3616 2789 fuit,

1276 2754 1425 2841 420
1526 2754 1636 2857 ﬁt}?
1775 2754 1848 2857 ἐξ
1983 2754 2057 2857 ἐξ)
2196 2754 2267 2857 ἐξ
2441 2754 2481 2857 Ξ
2618 2754 2727 2841 579
2776 2754 2918 2843 i533?

1983 2754 2057 2857 ἐξ)
2196 2754 2267 2857 ii
2441 2754 2481 2857 ᾇ
2618 2754 2727 2841 579
2776 2754 3619 2857 {53631}?"’J'Jﬁuiliwﬁiit‘i'fé

1530 2849 1638 2907 905
1775 2844 1846 2911 16
1985 2852 2051 2909 51
2196 2852 2268 2908 12
2440 2852 2478 2927 t
2619 2856 2726 2913 550
2778 2844 3172 2932 conjunctus_(l

1985 2852 2051 2909 51
2196 2852 2268 2908 12
2440 2852 2478 2927 4
2619 2856 2726 2913 550
2778 2844 3106 2932 conjunctus
3121 2844 3274 2932 _(61)_
3294 2844 3618 2932 cuni—iiii}:

2770 2929 2868 2981 tali
2890 2940 2943 2982 et
2962 2929 3372 2987 divinitus'dato
3397 2929 3619 2988 nomine

2768 2996 2865 3052 Dei
2892 2996 3150 3054 Mastosio
3178 3015 3191 3052 :
3223 3001 3492 3057 oriundus
3516 3017 3619 3056 au-

2768 3073 2878 3122 tem
2932 3067 3156 3143 Carnio,
3207 3069 3425 3143 Georgii
3476 3086 3617 3141 quo-

2767 3151 2909 3219 que,
2952 3137 3046 3209 qui
3091 3139 3192 3199 hos
3234 3137 3611 3213 praecesserat,

2771 3213 2967 3259 patria.

2768 3221 2967 3276 patria.

429 3381 531 3439 Hie
554 3381 708 3441 locus
737 3391 823 3441 est
844 3381 1129 3450 innuendi,
1161 3381 1618 3454 quemadmodum
1647 3381 1988 3453 ismaeljticae
2009 3385 2188 3458 gentis
2208 3386 2461 3458 tyrannis
2488 3386 2557 3443 ad
2586 3388 2790 3444 exitum
2816 3404 3044 3462 vergere
3069 3392 3315 3464 coeperit.
3341 3391 3612 3450 Nimirum

354 3493 484 3547 cum
514 3479 846 3551 Bagratunia
877 3479 1083 3535 familia
1128 3494 1238 3535 non
1285 3478 1405 3535 sine
1446 3477 1842 3537 lsmaelitarum
1883 3496 2158 3538 consensu
2190 3491 2473 3553 regnaret,
2504 3482 2675 3538 nihilo
2723 3491 2905 3539 tamen
2952 3485 3132 3542 secius
3174 3485 3442 3543 Armeniae
3479 3501 3613 3558 pars

353 3578 535 3649 major
559 3593 655 3648 per
684 3578 818 3634 illud
849 3585 1085 3649 tempus,
1122 3576 1286 3633 sicuti
1313 3579 1477 3632 etiam
1498 3592 1671 3642 nunc,
1705 3578 1761 3637 in
1791 3593 1981 3635 eorum
2011 3584 2280 3650 potestate
2308 3585 2466 3644 erat;
2501 3577 2645 3633 haud
2669 3587 2852 3635 tamen
2885 3579 2989 3635 sub
3020 3581 3184 3638 unius
3217 3581 3418 3637 Amirae
3445 3589 3606 3648 nutu,

354 3672 433 3727 uti
465 3686 586 3726 mos
609 3669 785 3727 fuerat
810 3669 923 3740 jam
956 3669 1084 3727 inde
1109 3684 1139 3722 a
1173 3669 1349 3739 primo
1382 3669 1692 3729 Mahumeto
1719 3685 1894 3742 usque
1921 3671 1989 3727 ad
2019 3670 2340 3741 Ciapharem
2371 3686 2471 3726 nec
2494 3670 2703 3737 nonad
2731 3670 2895 3741 hujus
2926 3671 3144 3729 liberos.
3174 3672 3384 3745 Quippe
3411 3690 3609 3732 conse-

353 3763 500 3818 cutis
533 3761 871 3832 temporibus
896 3770 1104 3825 temere
1132 3769 1295 3832 prout
1323 3761 1527 3825 libebat
1553 3762 1816 3835 praesides
1848 3763 2343 3819 constituebantur.
2370 3762 2433 3819 ld
2462 3771 2644 3818 autem
2680 3763 2944 3818 indicium
2971 3774 3054 3821 est
3079 3763 3279 3820 inﬁrmi
3304 3769 3612 3836 pereuntis-

352 3874 459 3929 que
490 3858 726 3928 imperii,
759 3857 1059 3937 praesertim
1084 3856 1132 3913 si
1164 3856 1465 3911 dominatio
1512 3857 1568 3911 in
1613 3857 1797 3928 plures
1828 3857 2121 3922 tribuatur,
2151 3858 2296 3929 quod
2326 3856 2395 3913 iis
2422 3871 2571 3912 nunc
2600 3857 2978 3913 usuveniebat.
3005 3856 3251 3928 Namque
3297 3857 3610 3929 Sanphares

351 3953 737 4008 dominabatur
765 3953 820 4015 in
855 3951 1191 4011 Chorasania
1219 3953 1468 4022 regione;
1500 3950 1735 4007 Lavicus
1760 3952 2184 4023 Abuthoraphus
2212 3951 2268 4007 in
2295 3953 2430 4007 urbe
2465 3952 2641 4020 Dara;
2673 3951 2785 4009 lses
2814 3950 2975 4008 Sechi
3010 3954 3154 4011 ﬁlius
3192 3956 3246 4009 in
3275 3952 3607 4032 Palaestina;

352 4048 643 4120 Abldelphi
692 4056 876 4103 autem
917 4047 1063 4103 ﬁlius
1093 4048 1149 4103 in
1180 4046 1515 4108 Telntarensi
1550 4047 1868 4120 provincia;
1901 4048 1991 4103 alii
2023 4047 2257 4119 denique
2290 4048 2421 4104 alibi
2452 4047 2778 4103 tumultibus
2810 4046 3155 4119 indulgentes
3184 4055 3376 4104 mutuo
3414 4054 3606 4119 tyran-

353 4146 538 4201 nidem
568 4144 912 4201 aliectabant.
945 4143 1084 4198 Hinc
1110 4143 1171 4211 iit
1219 4150 1278 4199 ut
1319 4144 1611 4215 impiorum
1647 4144 1910 4200 horumce
1956 4151 2311 4216 tyrannorum
2353 4145 2574 4198 nomina
2607 4144 2993 4214 perturbentur
3020 4146 3076 4199 in
3103 4145 3324 4201 Canone
3366 4144 3606 4199 chrono-

355 4241 556 4312 logico.
580 4240 670 4303 Ab
699 4240 785 4296 his
815 4239 1036 4295 interim
1072 4240 1431 4310 undequaque
1458 4239 1816 4305 mittebantur
1850 4239 1909 4305 in
1939 4240 2124 4311 plagas
2154 4245 2373 4295 nostras
2405 4238 2657 4293 malevoli
2686 4239 2925 4309 saevique
2955 4246 3374 4310 procuratores;
3408 4249 3605 4306 nempe

353 4330 564 4388 ferinus
597 4332 688 4387 ille
716 4331 885 4398 Bula;
916 4339 971 4386 et
998 4330 1378 4396 iniquissimus
1414 4330 1692 4401 Aphsinus
1723 4330 1866 4387 ﬁlius
1898 4331 2039 4401 ejus,
2067 4330 2161 4401 qui
2195 4337 2322 4384 ante
2347 4328 2662 4400 praefuerat,
2694 4330 2913 4386 scelesti
2956 4328 3324 4399 Abusigithae;
3361 4339 3464 4380 nec
3492 4339 3605 4379 non

354 4428 627 4498 malignus
673 4427 1045 4498 exitiosusque
1084 4427 1358 4497 lusuphps
1401 4426 1633 4497 Aphsini
1678 4424 1879 4495 frater;
1926 4432 2042 4480 tum
2078 4423 2304 4489 Nesras,
2336 4425 2659 4496 cognomine
2699 4424 2980 4491 Sbercba;
3011 4431 3127 4476 tum
3157 4421 3248 4475 alii
3276 4419 3364 4474 his
3395 4418 3602 4473 similes

353 4521 558 4578 Christi
598 4522 805 4589 hostes,
840 4523 933 4592 qui
975 4537 1150 4592 usque
1183 4522 1252 4585 ad
1291 4521 1848 4587 Amiralmumnorum
1889 4520 2067 4592 gentis
2112 4518 2402 4592 Scythica,
2437 4535 2559 4590 quae
2586 4518 2765 4587 adhuc
2791 4522 3123 4589 perseverat,
3155 4511 3599 4573 dominationem,

354 4616 802 4686 pepulationibus
832 4616 1108 4685 perpetuis
1132 4616 1514 4671 Armeniorum
1538 4616 1871 4675 nostratium
1900 4615 2164 4679 terminos
2188 4621 2541 4671 vexaverunt.
2575 4612 2802 4678 Horum,
2837 4609 3135 4681 inquimus,
3166 4605 3390 4662 nomina
3431 4602 3601 4656 nullis

352 4708 410 4763 in
433 4709 703 4773 historiis,
735 4715 1000 4780 quantum
1028 4707 1289 4773 vidimus,
1321 4707 1526 4763 diserte
1554 4708 1778 4777 scripta,
1814 4706 1934 4763 ﬁeri
1963 4707 2152 4779 nequit
2194 4714 2257 4762 ut
2294 4706 2606 4779 singillatim
2632 4717 2971 4775 exponamus
3001 4718 3018 4758 :
3048 4696 3349 4774 prmeriim
3377 4709 3503 4750 cum
3530 4708 3603 4750 ne

353 4800 409 4855 in
434 4802 579 4856 libro
614 4801 833 4873 quidem
863 4800 989 4857 vitae
1017 4800 1115 4858 sed
1138 4802 1193 4856 in
1223 4801 1515 4872 impiorum
1540 4802 1820 4858 memoriis
1845 4809 2070 4857 exarata
2098 4802 2231 4858 sint.

420 4917 620 4985 Postea
654 4916 867 4990 Scythae
899 4916 1011 4990 (62)
1046 4918 1149 4974 hac
1188 4919 1400 4974 ratione
1441 4918 1785 4991 tyrannidem
1834 4924 2260 4990 occupaverunt,
2306 4917 2385 4972 uti
2429 4915 2695 4986 scriptum
2739 4911 3020 4985 comperio
3057 4927 3089 4967 a
3133 4925 3332 4981 magno
3376 4910 3601 4967 doctore

354 5009 660 5070 Sarcavaco
693 5013 805 5085 (65)
844 5013 937 5083 qui
969 5012 1049 5077 sic
1078 5012 1320 5082 loquitur
1351 5028 1365 5065 :
1407 5030 1426 5064 ι
1466 5012 1605 5071 Dum
1634 5013 1819 5071 Persae
1848 5021 1903 5069 et
1927 5013 2069 5069 Medi
2099 5015 2311 5069 alterna
2344 5011 2570 5073 fortuna
2601 5010 2741 5066 inter
2770 5024 2830 5065 se
2857 5008 3120 5063 dimicant
3152 5007 3219 5062 ad
3243 5006 3385 5061 hanc
3424 5021 3601 5075 usque

355 5107 516 5175 diem,
559 5109 811 5181 Scythica
844 5124 978 5179 gens
1011 5106 1180 5179 (haud
1214 5107 1340 5163 dico
1371 5106 1743 5165 Graecanicam
1772 5109 1871 5167 sed
1893 5107 2208 5181 barbaram)
2240 5108 2296 5161 in
2338 5121 2530 5162 eorum
2562 5104 2813 5176 regiones
2837 5103 3085 5173 ingressa
3113 5100 3219 5155 hoc
3260 5105 3421 5169 pacto
3462 5097 3600 5153 dici-

354 5207 464 5261 tur.
490 5202 751 5271 Plurimis
784 5202 1014 5271 devictis
1039 5202 1354 5259 nationibus
1384 5218 1540 5276 reges
1567 5205 1688 5275 ejus
1718 5205 1918 5273 aetatis,
1945 5218 2181 5276 quorum
2227 5202 2450 5258 nomina
2493 5201 2654 5257 nobis
2698 5199 2885 5271 ignota
2916 5204 3044 5261 sunt
3085 5195 3410 5268 (propterea
3448 5191 3598 5264 quod

424 5478 535 5553 (60)
555 5479 794 5538 Joannes
821 5481 924 5536 hoc
944 5479 1165 5553 nomine
1189 5486 1377 5553 sextus
1401 5476 1710 5553 patriarcha
1738 5477 1913 5553 histo-
2018 5482 2216 5553 tumet
2244 5473 2591 5553 ébuli‘edam.
2614 5544 2627 5553 _
2653 5543 2666 5553 _
2709 5549 2716 5553 Δ
2792 5540 2804 5552 ,
2912 5539 2945 5553 η
3183 5539 3197 5552 ,
3252 5538 3283 5553 η
3305 5536 3321 5553 _
3417 5547 3430 5553 _
3497 5537 3532 5553 μ

352 5536 499 5621 τίἐω
517 5536 755 5621 patriam
773 5536 1178 5621 elegantissimo
1206 5536 1546 5609 baicanismo
1568 5547 1811 5619 scripsit.
2096 5546 2216 5621 (65)
2246 5544 2448 5601 Praeter
2477 5540 2878 5621 baec__historiea
2906 5539 3221 5621 Sarcavaci
3247 5536 3323 5610 (id
3354 5547 3438 5594 est

448 5610 536 5689 6l')
572 5620 778 5691 Nempe
804 5610 1283 5688 eb'diseipulatum
1312 5628 1365 5673 et
1391 5631 1584 5689 genus.
1683 5610 1701 5619 ’
2019 5610 2156 5679 cani)
2190 5610 2490 5686 fragmenta
2511 5653 2526 5678 ,
2558 5615 2677 5668 aliae
2705 5619 2921 5671 exstant
2947 5613 3001 5667 in
3026 5610 3310 5667 codicibus
3334 5610 3593 5681 perutiles

424 5620 537 5763 {62)
574 5690 776 5762 Nempe
802 5690 1138 5762 Selgiukidaz,
1168 5691 1235 5748 de
1261 5690 1460 5760 quibus
1491 5686 1614 5746 vide
1649 5684 1910 5746 Herbelo-
2019 5686 2352 5757 eruditaeque
2377 5684 2621 5756 ejusdem
2650 5682 3063 5747 lucubrationes

447 5682 537 5761 62)
574 5682 776 5762 Nempe
802 5682 1138 5762 Selgiukiiiaz,
1168 5691 1235 5748 de
1261 5682 1460 5760 quibus
1491 5686 1614 5746 vide
1649 5684 1910 5746 Herbelo-
2019 5682 2352 5757 eruditaeque
2377 5684 2621 5756 ejusdem
2650 5682 3063 5747 lucubrationes

747 5766 754 5776 ι
794 5807 1067 5868 ΡΑτιιοι..
1106 5804 1224 5866 Gn.
1259 5804 1435 5866 XIX.

3190 5795 3268 5857 23
