4146 6482
1813 1083 2024 1095 ψ

435 447 534 502 725
1173 425 1516 496 SAMUELiS
1553 431 1868 493 MIENSIS
1906 422 2245 493 SUMMARII
2267 421 2677 488 TEMPUR’UH
2694 415 2876 486 Mss
2919 423 2986 484 n,
3563 423 3669 478 ne

898 605 3640 643 ‘______________________.._._—_—————

1232 721 1423 762 omne.
1512 720 1728 760 cnnrsri
1793 719 1984 760 cons'r.
2107 718 2236 759 anu.
2347 700 2528 772 (pars.
2698 712 2833 752 arma

1859 843 1954 898 Μῖ-
2104 843 2270 898 Joan-
2291 842 2303 910 |
2387 839 2580 894 Petrus
2701 782 2829 822 Aw.

1833 915 1987 970 chael
2122 929 2240 982 ,nes
2343 938 2356 950 -

502 1176 796 1246 Gregorius
817 1173 1074 1245 Magister
1099 1173 1195 1229 Pa-
1554 1147 1686 1246 "659
2420 1145 2499 1246 ἒξ

431 1232 721 1302 blavuﬁius
775 1232 1026 1315 princeps
1076 1259 1195 1298 eru-
1581 1243 1688 1315 040
1861 1243 1898 1315 4

2150 1242 2219 1315 i7
2427 1237 2499 1315 ἓξ
2707 1232 2814 1315 ’ἓὲἒ

431 1317 735 1388 ditissimus
777 1302 793 1315 ’
815 1302 1197 1388 _cogn'osceba-
1560 1313 1680 1368 10M
1864 1313 1900 1367 5

2150 1311 2218 1366 18
2428 1307 2500 1361 24
2709 1302 2814 1359 488

431 1395 519 1442 tur
545 1386 677 1459 (82).

500 1641 695 1718 Joanni
746 1643 871 1714 fregi
913 1642 1040 1718 _(ss)
1104 1645 1197 1717 qui
1254 1644 1398 1718 455
1548 1645 1689 1702 1042
1803 1605 1805 1607 ’
1874 1636 1912 1694 6

2153 1638 2220 1695 19
2429 1638 2502 1692 25
2719 1628 2824 1691 489

429 1713 601 1782 prolis
641 1713 837 1783 expers
879 1713 1031 1776 obiit,
1079 1713 1200 1773 suc-

427 1784 595 1854 cessit
625 1783 894 1854 Gaghicus
919 1787 1098 1844 Asutii
1126 1787 1192 1844 ti-

429 1797 595 1911 ﬁelsssit
625 1797 894 1854 uagtncus
919 1797 1098 1844 Asutn
1126 1797 1192 1844 ti-
1685 1800 1871 1858 CYRA
1907 1798 2043 1856 ZOE

2097 1799 2194 1871 84)
2223 1797 2398 1854 'annis
2447 1814 2507 1854 ιι.

2114 1931 2496 1999 _GAGHlCUS
2540 1933 2698 1990 annis
2739 1947 2800 1990 η.

1552 2107 1692 2164 1045
1868 2109 1894 2162 1
2055 2098 2058 2101 ’
2184 2113 2209 2165 1
2428 2115 2499 2170 26

1550 2201 1690 2258 1044
1865 2205 1900 2259 2
2183 2207 2219 2260 2
2433 2212 2503 2265 27

2710 2119 2814 2175 490

2717 2215 2816 2271 491

1867 2384 2348 2446 MONOMAGHUS
2385 2395 2545 2450 annis
2585 2409 2686 2450 xu.

1547 2555 1692 2618 1045
1873 2561 1900 2615 1
2319 2595 2326 2603 ι
2433 2565 2505 2620 28
2718 2567 2824 2622 4θὲ

502 2740 739 2796 Tandem
797 2747 921 2810 post
957 2738 1258 2811 Gagbicum
1308 2751 1473 2795 nemo
1517 2752 1586 2795 ex
1618 2738 1722 2794 hac
1749 2746 1912 2810 gente
1950 2739 2062 2811 (85)
2129 2757 2221 2796 rex
2251 2742 2372 2798 fuit.
2421 2743 2635 2814 Quippe
2667 2745 2826 2801 annis
2860 2761 2952 2800 xxi
2983 2745 3159 2804 Grzeci
3189 2748 3453 2809 dominati
3505 2766 3656 2815 siut.

427 2834 634 2890 Deinde
663 2833 1029 2904 Alphaslanus
1065 2834 1262 2888 Aniam
1300 2831 1685 2888 Armeniorum
1713 2832 2060 2903 metropolim
2089 2835 2232 2904 cepit
2263 2833 2621 2906 funditusque
2653 2837 2938 2893 subvertit.

500 2949 644 3006 Sane
675 2957 800 3022 post
837 2951 1043 3006 obitum
1092 2951 1356 3016 Sembati,
1386 2951 1480 3017 qui
1529 2948 1771 3005 Joannes
1808 2965 2025 3021 quoque
2066 2951 2370 3017 dicebatur,
2418 2955 2860 3026 conspirantibus
2902 2957 3176 3032 suffragiis
3207 2962 3492 3032 optimates
3541 2979 3668 3020 cum

427 3042 740 3112 patriarcha
773 3041 994 3096 domino
1037 3041 1200 3098 Petro
1252 3042 1307 3095 in
1361 3041 1649 3111 magnifica
1683 3041 1984 3098 cathedrali
2033 3043 2149 3098 aede
2195 3046 2564 3114 metropoleos
2589 3048 2974 3103 Armeniorum
3019 3051 3173 3107 Aniae
3215 3055 3530 3125 congregati
3563 3054 3670 3110 Ga-

428 3133 648 3204 gbicum
681 3131 909 3188 Joannis
965 3134 1110 3204 regis
1160 3149 1226 3189 ex
1261 3133 1428 3188 fratre
1456 3141 1708 3203 nepotem
1746 3134 1802 3188 in
1853 3137 2001 3206 regia
2048 3137 2231 3206 patrui
2289 3137 2554 3207 dignitate
2601 3141 3040 3208 constituerunt;
3097 3158 3287 3199 verum
3334 3145 3422 3200 hic
3474 3146 3668 3201 bekbica

426 3225 629 3293 shrdia,
665 3227 718 3280 in
749 3227 953 3296 quibus
983 3229 1209 3297 imperia
1238 3229 1510 3293 nituntur,
1543 3230 1798 3299 neglexit.
1844 3230 2007 3302 Atqui
2050 3233 2134 3287 his
2186 3236 2488 3303 praesertim
2539 3237 2880 3306 temporibus
2933 3237 3078 3292 vires
3131 3239 3388 3296 acuenda:
3431 3238 3666 3304 fuerant,

427 3319 820 3375 bacchantibus
855 3321 1162 3386 lsmaelitis,
1197 3320 1415 3394 Scythis
1443 3322 1879 3388 incursantibus,
1929 3326 2007 3379 uti
2048 3325 2159 3395 jam
2197 3326 2455 3393 diximus,
2497 3327 2700 3385 Graecis
2727 3329 2963 3401 denique
2989 3331 3122 3401 ipsis
3156 3333 3428 3388 seditione
3460 3331 3669 3388 ferven-

427 3412 593 3476 tibus,
629 3427 913 3485 prOpterea
960 3416 1104 3486 quod
1150 3433 1377 3489 regnum
1415 3431 1572 3471 suum
1605 3415 1817 3473 femina:
1843 3419 1954 3490 (86)
1995 3419 2222 3475 arbitrio
2249 3421 2616 3476 administrari
2650 3421 2911 3478 viderent.
2950 3422 3021 3488 Is,
3047 3424 3291 3494 inquam,
3320 3422 3581 3494 Gaglu'cua
3611 3425 3668 3478 in

426 3506 731 3566 litterarum
766 3510 1206 3579 disciplinisjam
1231 3510 1356 3565 inde
1395 3525 1423 3564 a
1451 3513 1654 3567 teneris
1690 3511 2001 3580 unguiculis
2026 3511 2230 3565 versari
2260 3513 2474 3577 solitus,
2512 3513 2566 3566 in
2597 3513 2825 3583 imperio
2856 3529 3072 3584 quoque
3101 3514 3295 3570 iisdem
3329 3530 3388 3569 se
3419 3514 3664 3569 oblecta-

425 3601 541 3660 bat.
578 3603 657 3659 Re
684 3602 856 3658 Graeci
889 3603 1162 3658 intellecta
1201 3602 1343 3674 (qua:
1387 3619 1520 3672 gens
1575 3602 1858 3657 fraudibus
1906 3610 2160 3656 concreta
2187 3601 2292 3672 est)
2324 3602 2596 3657 hominem
2629 3604 2697 3657 ad
2739 3618 2799 3659 se
2827 3604 3201 3674 pellexerunt;
3249 3604 3334 3659 usi
3373 3605 3429 3658 in
3476 3605 3669 3674 primis

426 3698 751 3766 cptimatnm
803 3704 1117 3752 nostrorum
1158 3697 1392 3761 technis,
1421 3698 1517 3766 qui
1556 3712 1680 3751 cum
1721 3711 1946 3765 regnum
1977 3694 2099 3763 ejus
2131 3701 2319 3750 sancte
2353 3711 2383 3748 a
2416 3711 2476 3751 se
2519 3695 2855 3750 custoditum
2888 3696 2957 3749 iri
2996 3706 3341 3751 sacramento
3373 3696 3668 3751 confirma-

425 3788 656 3853 vissent,
688 3795 869 3842 tamen
899 3787 1113 3843 Domini
1144 3786 1322 3841 fmdus
1347 3802 1456 3841 non
1491 3793 1847 3841 servaverunt
1879 3803 1890 3836 :
1933 3799 2053 3853 quae
2089 3784 2318 3839 consilia
2352 3784 2499 3838 hunc
2527 3785 2735 3839 exitum
2767 3784 2961 3839 sortita
3009 3793 3156 3853 sunt,
3181 3793 3241 3838 ut
3275 3784 3379 3854 ipsi
3408 3785 3670 3839 nimirum

427 3880 627 3949 aliique
652 3881 959 3950 complures
984 3880 1320 3935 ineluctabili
1351 3879 1516 3935 exitio
1544 3877 1822 3949 perierint.
1862 3875 2032 3931 Graeci
2062 3877 2230 3942 enim,
2259 3877 2510 3932 submoto
2543 3877 2600 3932 in
2642 3877 2876 3933 insulam
2906 3893 3051 3949 rege,
3084 3877 3344 3948 praesides
3373 3878 3670 3948 quotannis

426 3971 716 4026 mittebant
752 3989 766 4025 :
803 3987 910 4041 quo
941 3981 1186 4043 tempore
1217 3973 1371 4027 Anim
1420 3973 1573 4027 urbis
1608 3973 1753 4027 cives
1781 3979 1943 4040 atque
1983 3971 2271 4039 optimates
2311 3970 2540 4025 dissidio
2582 3978 2637 4025 et
2684 3971 2984 4026 ambitione
3015 3971 3318 4034 certabant,
3354 3971 3671 4040 mutuisque

427 4065 720 4119 calumniis
750 4065 817 4120 de
848 4066 974 4119 laesa
1004 4065 1351 4134 imperatoris
1381 4066 1670 4135 majestate
1701 4065 1990 4134 studioque
2018 4063 2389 4133 Agarenorum
2421 4064 2565 4118 inter
2608 4079 2668 4118 se
2689 4064 3060 4133 postulabant.
3093 4063 3232 4130 Quin
3265 4078 3520 4133 proceres
3549 4063 3670 4118 ausi

429 4166 556 4211 sunt
587 4157 952 4228 patriarcham
1000 4161 1174 4229 ipsum
1203 4161 1682 4214 criminationibus
1714 4159 2138 4222 circumvenire,
2174 4160 2266 4229 qui
2296 4158 2542 4214 vicissim
2583 4159 2915 4215 necessitate
2944 4168 3167 4214 coactus
3195 4159 3318 4214 illos
3363 4159 3561 4213 detulit
3611 4158 3668 4212 in

424 4251 710 4320 judicium.
761 4252 1122 4319 Quamobrem
1176 4255 1390 4325 utrique
1433 4256 1641 4310 laribus
1674 4257 1788 4311 suis
1846 4254 2021 4310 eversi
2063 4263 2192 4310 sunt
2230 4255 2446 4324 alioque
2493 4255 2730 4310 traducti
2767 4275 2779 4311 :
2819 4270 2944 4310 cum
2987 4254 3206 4310 interim
3258 4255 3452 4324 vulgus
3500 4267 3670 4322 prope

425 4347 584 4403 exlex
638 4347 706 4402 ad
760 4363 915 4403 suam
961 4349 1242 4405 libidinem
1300 4352 1526 4406 viveret.
1586 4350 1760 4421 Atque
1812 4350 1928 4405 haec
1983 4364 2170 4405 rerum
2229 4350 2572 4420 publicarum
2621 4350 2763 4405 ratio
2823 4349 2999 4404 tenuit
3045 4362 3217 4402 annos
3278 4362 3391 4401 xxi.
3451 4345 3662 4412 Quibus

428 4437 635 4492 exactis
662 4437 822 4492 turbo
852 4439 1042 4508 igneus
1075 4440 1298 4493 australi
1333 4440 1468 4493 flatu
1507 4441 1823 4510 compulsus
1860 4441 1984 4494 tulit
2015 4441 2250 4496 belluam
2283 4439 2984 4512 anthropophagam,cujus
3013 4438 3279 4494 incendiis
3309 4452 3442 4508 gens
3472 4444 3664 4493 nostra

426 4532 604 4589 deleta
634 4532 900 4590 radicitus
927 4541 1010 4589 est
1035 4552 1048 4588 :
1086 4535 1220 4604 quin
1250 4543 1304 4590 et
1336 4535 1470 4591 urbs
1495 4535 1634 4590 Ania
1663 4543 1784 4607 post
1812 4536 2024 4592 dierum
2055 4553 2163 4592 xxv
2195 4536 2536 4592 obsidionem
2570 4542 2880 4606 expugnata
2907 4540 3026 4599 est,
3073 4531 3301 4602 ejusque
3341 4529 3489 4587 cives
3530 4528 3664 4586 ferri

500 4773 611 4847 (82)
649 4773 945 4843 Gregorius
979 4781 1339 4847 cognomento
1371 4774 1647 4844 Magister,
1691 4789 1719 4830 a
1749 4774 1996 4847 magistri
2095 4774 2311 4844 guimus
2339 4774 2482 4830 circa
2505 4771 2853 4847 undecimum
2883 4769 3212 4847 Christiana:
3235 4784 3371 4847 ᾔει-εις-
3403 4768 3663 4847 saeculum

426 4837 711 4915 dignitate,
763 4837 881 4914 qua
936 4837 1076 4900 eumv
1116 4847 1342 4901 Graecus
1394 4837 1697 4915 imperator
1757 4837 1992 4900 ornavit.
2097 4837 2334 4914 Ereptum
2382 4859 2504 4898 esse
2542 4842 2763 4915 migrari
2813 4856 2879 4894 ex
2929 4840 3185 4915 Armenia
3233 4841 3290 4894 in
3337 4837 3665 4894 Sarmatiam

426 4913 575 4967 Idem
635 4913 814 4968 dictus
872 4923 957 4971 est
998 4916 1365 4971 Pahlavunius
1415 4913 1652 4985 itemque
1711 4915 1996 4985 Arsacides

427 4992 646 5054 propter
671 4999 840 5052 genus
863 5002 928 5040 ex
962 4987 1338 5041 Armeniorum
1372 4977 1752 5040 illuminatoris
1773 4977 1831 5039 S.
1863 4984 1997 5054 Gre-

427 5053 565 5123 gorii
608 5057 858 5124 prosapia
891 5055 1205 5110 deductum.
1254 5056 1303 5111 ls
1347 5057 1582 5110 traditur
1615 5055 1821 5111 liberali
1855 5053 1998 5123 opti-

427 5138 642 5196 maque_
673 5125 856 5179 indole
908 5126 1189 5196 prmditus,
1235 5127 1489 5196 princeps
1537 5127 1696 5195 plane
1737 5125 1996 5196 doctissi-

428 5207 572 5266 rnus,
603 5193 922 5266 Graecaque
939 5204 992 5250 et
1031 5193 1275 5250 Arabicae
1321 5193 1481 5250 etiam
1526 5193 1722 5266 lingua:
1765 5195 1993 5263 peritus.

429 5260 672 5318 Habetur
702 5264 755 5317 in
790 5260 1041 5319 manibus
1073 5273 1334 5320 tractatus
1354 5267 1471 5332 ejus
1504 5260 1909 5331 grammaticus,
1944 5273 1997 5319 et

428 5334 784 5401 epistolarum
830 5335 897 5388 ad
933 5336 1227 5390 familiares
1259 5337 1511 5389 volumen
1541 5336 1829 5403 omnigena
1872 5350 1997 5388 eru-

428 5403 638 5458 ditione
671 5404 930 5460 refertum
967 5425 978 5460 :
1012 5421 1076 5459 ex
1112 5421 1219 5474 quo
1249 5406 1408 5459 etiam
1449 5406 1798 5476 cognoscitur
1823 5421 1998 5474 quan-

429 5481 616 5542 topere
665 5476 712 5530 is
759 5483 980 5544 cuperet
1019 5477 1085 5528 ad
1141 5490 1302 5530 omne
1353 5491 1524 5545 genus
1580 5475 1993 5545 disciplinarum

428 5552 826 5613 gentemrsuam
865 5545 1164 5613 impellere.

501 5612 891 5684 (85),}lujusce
913 5614 1158 5674 Joannis,
1193 5614 1474 5684 penultimi
1499 5613 1876 5668 Armeniorum
1906 5629 1993 5667 rc-

427 5681 535 5752 gis',
565 5681 601 5738 θ’
623 5681 1076 5754 Bagratuniorum
1114 5681 1384 5754 dynastia,
1415 5701 1535 5752 quae
1566 5685 1986 5751 annoscigciter

428 5767 523 5806 ccc
561 5755 868 5824 occupavit,
892 5754 1143 5824 civilibus
1174 5754 1380 5824 legibus
1408 5755 1499 5809 diu
1530 5769 1628 5809 usa
1655 5759 1738 5808 est
1771 5754 1988 5808 Sarma-

431 5824 536 5877 tica
592 5823 970 5882 Armeniorum
1020 5823 1279 5882 colonia:
1311 5839 1416 5896 qua
1463 5841 1525 5880 ex
1567 5839 1626 5879 re
1665 5825 1860 5880 merito
1902 5839 1989 5878 ar—

2098 4911 2453 4982 eamdemque
2491 4911 2864 4982 migrationem
2915 4911 3166 4982 subinde
3192 4917 3409 4982 auctam
3447 4917 3668 4978 propter

2099 4977 2493 5038 Saracenorum
2540 4977 2594 5035 in
2636 4981 2902 5052 Armenia,
2956 4980 3318 5052 tyrannidem.
3348 4977 3668 5033 Joannaum

2098 5053 2366 5120 ejusmodi
2395 5052 2486 5119 jus
2526 5066 2635 5105 non
2680 5053 2753 5105 ita
2790 5051 2993 5120 pridem
3027 5053 3365 5120 antiquatum
3397 5056 3499 5120 est,
3541 5061 3666 5120 cum

2097 5115 2365 5193 Iosephus
2394 5115 2437 5174 ll
2479 5122 2758 5191 Augustus
2791 5115 2845 5174 in
2883 5115 3177 5193 Sarmatiae
3203 5118 3519 5189 regionibus
3561 5115 3666 5193 sibi

2099 5186 2351 5248 obnoxiis
2389 5186 2592 5260 legem'
2615 5193 2756 5252 tulit,
2798 5197 2856 5243 ut
2906 5201 3016 5260 tam
3059 5186 3324 5260 indigenae
3355 5186 3665 5260 quamAr-

2097 5263 2264 5317 menii
2313 5278 2421 5315 uno
2444 5255 2655 5330 'judicii
2704 5276 2919 5330 genere,
2957 5259 3009 5330 id
3057 5269 3142 5314 est
3178 5255 3316 5330 'jure
3352 5255 3664 5330 Austriaco,

2098 5326 2486 5402 disceptarent.
2527 5326 2841 5402 Joannfgum
2881 5329 3121 5402 codicem
3165 5326 3516 5402 in_Lati_nam
3547 5326 3666 5402 _l_in_-

2096 5394 2268 5472 guam'
2289 5416 2609 5456 conversum
2655 5400 2701 5454 J.
2735 5399 3018 5472 zohrabus
3057 5397 3512 5472 (quandoquidem
3547 5394 3671 5472 llai-

2098 5465 2296 5526 Eanum
2345 5471 2622 5539 exemplar
2668 5471 2810 5523 haud
2865 5465 3204 5539 occurrebat)
3243 5465 3667 5539 exscribcndum

2099 5545 2329 5604 curavit,
2371 5535 2605 5609 cumque
2643 5540 2763 5593 aliis
2815 5535 3312 5606 autographis’nec
3344 5535 3674 5606 paenitenda

2098 5613 2274 5680 frugis
2301 5608 2531 5680 scriplis’
2554 5608 2812 5663 Venetias
2841 5609 3140 5664 transtulit.

2228 5682 2276 5747 1)
2314 5673 2519 5735 Nomen
2547 5680 2652 5734 hoc
2683 5688 2999 5747 corruptum
3034 5684 3151 5734 erat
3178 5680 3236 5733 in
3263 5673 3424 5733 codd.
3444 5674 3616 5730 Ann.

2187 5682 2278 5818 81)
2314 5682 2519 5735 Nomen
2547 5682 2652 5734 hoc
2683 5688 2919 5747 corrupti

2189 5753 2258 5806 85
2320 5751 2542 5806 Scilicet
2572 5750 2919 5818 Bagratunia.

2164 5684 2282 5893 186)
2316 5821 2593 5878 Praedicta:
2619 5817 2778 5875 Zoes.

2190 5817 2282 5893 86)
2316 5821 2593 5878 Praedicta:
2619 5817 2778 5875 ZOes.
