2073 3226
0 0 855 13 ῇ-ῌ-

241 208 290 236 751
746 209 916 238 APPENDIX
935 211 982 238 AD
1001 211 1133 239 EUSEBll
1150 213 1357 242 CHRONICON.
1808 222 1861 250 733

240 277 294 306 fuit
314 277 382 314 (91).
402 278 495 313 Neque
514 278 654 311 ingenium
675 287 799 308 moresve
820 282 907 316 patris
927 282 969 309 sui
988 283 1133 311 aemulatus
1152 288 1214 317 est;
1235 286 1290 312 imo
1313 285 1380 313 adeo
1405 290 1459 313 tam
1483 289 1619 316 contraria
1644 290 1734 318 studia
1758 299 1814 327 pra:
1833 300 1863 320 se

241 325 304 353 tulit
319 345 326 357 ,
355 330 383 353 ut
403 333 518 360 prorsus
538 325 707 353 existimaret
734 327 801 353 nihil
830 328 950 362 iniquius
963 348 970 361 ,
990 330 1056 357 nihil
1073 331 1134 365 paci
1152 335 1199 358 aut
1214 333 1326 359 omnino
1346 332 1472 360 humana:
1487 335 1549 362 vitae
1566 325 1767 366 adversantius
1778 339 1863 368 fuisse

242 380 324 407 quam
342 373 428 407 patris
454 373 495 400 sui
525 373 639 400 consilia
659 378 686 401 et
706 375 871 403 voluntates.
893 375 953 411 Ipse
973 377 1057 412 igitur
1075 378 1145 406 bene
1164 380 1272 407 cunctis
1291 380 1447 414 dispositis,
1469 382 1611 416 prudentia
1627 383 1690 411 item
1707 392 1738 412 ac
1753 384 1862 413 fortitu-

242 421 306 449 dine
326 422 428 449 mullos
448 429 546 457 rcges,
574 425 600 448 et
622 424 696 447 certe
709 427 821 452 omnes,
847 421 894 456 qui
919 423 1051 450 memoria
1071 429 1164 451 nostra
1189 425 1373 457 exstiterunt,
1403 426 1581 461 praecellens,
1613 429 1681 456 nihil
1708 429 1860 464 impensius

243 470 386 505 satagebat
399 490 406 500 ,
428 478 510 505 quam
530 474 560 496 ut
572 469 725 504 justissime
742 470 844 496 viveret
857 491 864 503 ,
884 471 1042 506 neminique
1057 471 1157 507 injuria
1175 477 1222 500 aut
1236 474 1364 508 superbia
1382 474 1515 502 molestus
1530 478 1612 502 esset.
1629 473 1700 507 Quin
1713 479 1741 502 et
1756 475 1863 503 liberali

243 518 328 544 animi
348 523 445 544 natura
467 518 598 552 praeditus
617 519 698 549 erat,
720 517 831 551 altoque
850 519 951 545 mentis
971 520 1088 546 consilio
1104 539 1111 552 ,
1132 524 1236 547 statura
1256 521 1374 555 denique
1393 522 1516 556 corporis
1536 530 1596 557 qua:
1614 531 1704 558 regem
1724 523 1860 550 decebat:

244 569 319 591 tanta
338 573 402 592 vero
422 564 601 592 mansuetudo
622 571 782 598 morumque
803 565 925 593 suavitas
947 566 973 593 in
995 575 1028 594 eo
1048 571 1107 594 erat
1119 588 1125 600 ,
1142 572 1172 595 ut
1188 568 1302 596 miriﬁce
1315 569 1482 603 diligeretur.
1499 569 1587 603 Atque
1601 575 1652 602 ego
1667 567 1776 602 quidem
1789 574 1861 593 non-

243 612 297 639 nisi
316 620 408 647 regem
427 612 561 647 ejusmodi
581 612 709 639 cxistimo
735 619 797 639 esse
820 612 942 641 divitem.
964 614 1014 641 llic
1033 615 1109 642 brevi
1130 621 1251 650 tempore
1270 620 1406 643 terrarum
1431 616 1524 643 orbem
1548 619 1652 642 tantum
1677 621 1732 641 non
1755 614 1863 640 univer-

244 669 303 689 sum
324 662 432 697 subegit
449 671 454 688 :
476 669 537 689 cum
557 660 653 693 reliqui
674 668 750 695 reges
770 661 811 687 vel
832 665 893 695 post
913 661 1048 689 diutinum
1068 667 1174 698 tempus
1195 664 1235 690 vel
1258 671 1398 699 nunquam
1422 667 1498 690 tanto
1520 662 1633 696 imperio
1646 660 1726 696 potiri
1747 660 1862 687 soleant.

245 707 297 734 Sed
324 707 348 734 is
374 708 504 734 nimirum
531 707 720 734 benevolentia
745 708 832 742 magis
857 713 883 735 et
908 710 1036 737 comitate
1060 718 1141 745 quam
1168 711 1264 738 bellica
1284 712 1311 738 vi
1331 712 1467 738 utebatur.
1494 709 1554 737 Jam
1576 710 1598 736 si
1621 713 1675 735 tam
1696 707 1782 735 multa
1808 711 1863 734 tam

244 754 321 781 brevi
341 755 479 786 obtinuit,
498 754 621 790 profecto
634 776 640 786 ,
663 755 701 781 uti
723 754 860 787 arbitror.
889 755 1011 783 futurum
1030 762 1090 784 erat
1103 777 1110 789 ,
1133 762 1163 784 ut
1184 766 1216 785 ne
1235 758 1344 793 Europa
1363 758 1472 793 quidem
1499 765 1514 784 a
1540 755 1615 790 regni
1635 755 1695 790 ejus
1716 753 1816 781 finibus
1836 760 1866 787 se

244 799 427 832 subduceret,
447 800 500 828 nisi
520 801 544 829 is
563 803 698 830 maturius
717 803 771 830 vita
791 805 966 832 excessisset.
984 814 995 831 ι
1015 805 1077 832 Πςεε
1099 805 1270 834 Sarcavacus
1293 807 1326 834 de
1354 806 1435 841 hujus
1455 806 1510 832 vita
1537 803 1641 835 tradit,
1663 800 1709 837 qui
1729 800 1810 828 annis
1827 807 1865 827 xx

244 847 400 875 dominatus
420 852 471 876 est.
492 849 555 877 Mox
574 858 625 886 ego
644 859 705 886 quae
724 852 758 879 de
778 852 902 887 ejusdem
922 857 1010 881 morte
1029 854 1176 890 praedictus
1195 855 1297 882 Auctor
1317 858 1431 887 narrat,
1457 854 1612 882 subtexam.

721 1024 819 1045 οιυιρ.
855 1024 964 1044 CHRISTI
1001 1024 1098 1046 CONST.
1153 1025 1234 1046 PATR.
1298 1026 1366 1046 ER‘

1297 1061 1362 1081 Διυι.

1020 1119 1071 1146 Mi—
1144 1118 1248 1154 Grego-

1004 1154 1082 1181 chael
1178 1163 1224 1182 ras

1143 1235 1249 1244 .—._-
1286 1235 1392 1242 ——_—

998 1298 1151 1327 MlCllAEL
1171 1299 1250 1327 annis
1269 1306 1327 1326 vni.

863 1387 932 1415 1075
1039 1389 1052 1415 1
1179 1388 1196 1416 9
1303 1387 1354 1414 522

279 1477 357 1505 Anno
374 1484 435 1506 teras
454 1484 530 1504 rxrii
550 1477 659 1511 vigente
684 1475 900 1504 Sarracenorum
926 1476 1070 1513 tyrannide
1088 1477 1209 1505 Ausinus
1231 1476 1286 1512 (92)
1307 1477 1438 1511 princeps
1462 1476 1605 1511 digressus
1630 1480 1672 1503 est
1696 1474 1867 1503 haereditaria

242 1524 345 1552 ditione
364 1532 413 1552 sua
432 1525 476 1551 cui
496 1531 595 1551 nomen
622 1523 739 1556 Maireaz
757 1524 879 1556 Ciurch,
901 1530 998 1552 contra
1020 1524 1174 1559 Ganzagam
1196 1525 1267 1556 sita,
1289 1525 1484 1552 comitantibus
1504 1524 1588 1551 fratre
1607 1523 1739 1559 Algamo,
1760 1527 1866 1556 matre,

242 1570 358 1605 conjuge
384 1570 499 1605 aliisque
523 1577 630 1597 summa
656 1570 801 1597 nobilitate
828 1571 915 1605 viris,
937 1576 1033 1599 avecta
1061 1573 1144 1599 etiam
1171 1572 1244 1599 omni
1266 1572 1455 1606 supellectile:
1478 1572 1672 1607 ingressusque
1690 1571 1812 1598 Ciliciam
1826 1590 1833 1602 .
1853 1577 1869 1598 ο

243 1617 457 1645 Sarracenorum
477 1621 613 1653 potestate
633 1618 685 1645 sibi
706 1618 855 1646 vindicavit
879 1619 1088 1647 celeberrimam
1107 1619 1305 1654 Lampruniam
1332 1626 1422 1646 arcem
1435 1639 1442 1651 ,
1463 1618 1497 1646 ad
1523 1616 1608 1643 Tauri
1634 1616 1735 1643 montis
1761 1615 1869 1643 radices

241 1661 287 1689 tibi
306 1666 335 1689 et
352 1661 456 1690 Tarsus
475 1662 645 1697 metropolis.

863 1752 932 1790 1029
1037 1754 1056 1790 ἓ
1166 1753 1200 1790 to
1306 1751 1358 1790 52?
1465 1750 1681 1790 99min‘!_s_Gr°s

1050 1755 1056 1790 β
1166 1753 1200 1790 lt)
1465 1750 1601 1790 Dominus
1612 1750 1748 1790 Gregoras
1765 1758 1800 1778 on
1815 1757 1868 1778 cu-

862 1789 932 1815 1077
1038 1789 1055 1815 '5
1164 1789 1196 1815 Η
1305 1787 1358 1815 524
1429 1787 1542 1813 randam
1574 1786 1706 1814 librorum
1735 1786 1870 1820 interpre-

736 1814 807 1848 ιθι
863 1823 934 1851 i073
1039 1823 1057 1850 t
1164 1823 1199 1850 η
1305 1822 1359 1850 525
1431 1822 1562 1882 tgéligplem
1599 1821 1868 1856 Constantinopolim

1435 1864 1532 1891 pergit.

277 1937 358 1964 Anno
376 1944 437 1964 teras
455 1944 527 1965 nxxv
546 1935 683 1973 Gagbicus
701 1942 750 1962 rex
768 1934 885 1963 Tarsum
906 1936 940 1963 ad
960 1933 1152 1970 Apelgaripum
1171 1933 1362 1961 Armeniorum
1388 1934 1540 1969 principem
1561 1934 1612 1962 sibi
1634 1935 1868 1971 consanguineum

243 1990 274 2011 se
292 1982 409 2010 contulit
425 1991 431 2010 :
453 1989 515 2009 cum
535 1990 601 2011 vero
620 1983 717 2019 pedem
737 1982 802 2010 inde
821 1983 936 2011 referret
955 1990 970 2010 a
989 1982 1145 2010 Graecorum
1166 1982 1336 2017 principibus
1349 1989 1433 2017 prope
1447 1981 1555 2016 Argiam
1571 1981 1597 2008 vi
1615 1982 1752 2016 appetitus
1772 1982 1870 2016 laqueo

242 2030 327 2058 vitam
347 2030 445 2058 finivit.
466 2030 520 2058 Alii
539 2034 629 2058 tamen
650 2032 746 2063 aiunt.
766 2031 839 2059 hunc
855 2032 993 2059 venationi
1014 2030 1136 2059 deditum
1157 2033 1184 2056 et
1204 2028 1274 2056 forte
1297 2028 1478 2055 dormientem
1503 2034 1518 2053 a
1542 2025 1720 2053 Mandalianis
1741 2026 1798 2061 (93)
1821 2032 1869 2053 ca-

242 2083 319 2115 ptum
338 2087 420 2112 esse;
440 2079 504 2107 exin
524 2083 636 2106 auctum
656 2079 684 2106 in
704 2086 793 2107 arcem
821 2079 1050 2107 Candrnscoriam
1074 2079 1166 2113 ibique
1190 2076 1374 2104 interfectum.
1400 2074 1440 2102 Eo
1471 2079 1575 2102 terrore
1601 2074 1747 2101 exanimati
1770 2073 1867 2108 reliqui

241 2128 377 2163 principes
396 2128 587 2155 Armeniorum
606 2127 668 2163 fuga
688 2127 786 2162 dilapsi
806 2132 882 2155 sunt.
903 2127 942 2155 Ex
960 2127 1058 2155 horum
1080 2131 1171 2154 tamen
1192 2132 1309 2166 numero
1327 2123 1456 2159 princeps
1476 2123 1587 2157 quidam
1611 2122 1726 2157 Gagliici
1750 2129 1868 2149 consan-

242 2174 376 2210 guineus,
403 2174 514 2201 nomine
540 2173 671 2202 Rulienus
697 2174 774 2209 (94),
802 2175 848 2210 qui
874 2174 1049 2202 Causilarum
1075 2181 1165 2200 arcem
1192 2172 1321 2204 tenebat,
1340 2172 1449 2206 cognita
1470 2169 1583 2204 Gagliici
1604 2177 1690 2201 nece,
1711 2176 1774 2196 cum
1793 2168 1868 2196 omni

240 2220 322 2248 domo
340 2227 390 2248 sua
409 2220 437 2247 in
456 2219 579 2256 Phrygiae
595 2224 686 2255 partes
703 2221 852 2256 migravit,
872 2219 1058 2256 oppidumque
1076 2217 1260 2246 Colmesolum
1280 2216 1389 2245 insedit.
1420 2216 1469 2244 liis
1495 2216 1565 2244 forte
1583 2216 1612 2243 in
1631 2216 1770 2244 montibus
1789 2223 1867 2243 com-

242 2269 335 2301 plures
353 2266 488 2301 degebant
507 2266 677 2293 Armeniaca:
695 2266 785 2301 gentis
805 2266 917 2298 coloni,
937 2265 1038 2300 quibus
1050 2265 1100 2292 sibi
1115 2264 1264 2299 praeclarus
1282 2262 1442 2297 Rhupenius
1457 2261 1595 2296 adjunctis
1609 2265 1636 2290 et
1648 2262 1716 2290 satis
1734 2261 1868 2290 corrobo-

241 2318 318 2342 ratus
336 2317 494 2342 montanam
514 2321 653 2350 regionem
673 2314 757 2342 armis
774 2314 884 2347 tenuit,
904 2313 1049 2349 pulsisque
1068 2312 1172 2341 (ἱππεὶς
1185 2332 1193 2346 ,
1214 2319 1309 2340 eorum
1329 2310 1427 2346 oppida
1446 2307 1570 2338 incoluit.

858 2401 929 2430 1079
1036 2402 1054 2430 5
1160 2401 1195 2428 15
1303 2399 1357 2427 526

857 2437 929 2464 1080
1034 2437 1052 2464 6
1159 2436 1195 2464 H-
1301 2434 1355 2462 527

859 2472 927 2500 iosi
1036 2472 1053 2499 7
1158 2471 1193 2498 i5
1301 2469 1354 2496 598

733 2499 806 2534 465
859 2507 930 2536 i082
1036 2507 1053 2535 ε
1158 2505 1194 2533 to
1299 2503 1354 2531 529

278 2599 412 2642 Georgius
429 2602 456 2642 et
472 2579 629 2642 Stephanus
642 2599 693 2628 do-
940 2588 942 2590 I
1010 2586 1165 2626 ALEXiUS
1184 2595 1264 2624 annis
1282 2602 1400 2623 xxxvni.

243 2640 335 2664 ctores
357 2639 469 2671 scriptis
492 2639 633 2672 rebusque
645 2642 694 2671 ge—

243 2673 295 2699 stis
306 2671 472 2700 clarescunt.
863 2663 934 2695 1083
1040 2664 1053 2692 Ι

540 2643 633 2672 mque
645 2642 694 2671 μ’
863 2663 934 2695 1083
1040 2664 1053 2692 i
1166 2663 1200 2691 i7
1305 2662 1358 2691 550

279 2795 442 2832 (9l)_Helich
453 2796 570 2832 Arabica
583 2803 641 2829 rex,
657 2795 749 2824 achiah
762 2793 874 2823 Persice
887 2794 954 2823 item
968 2801 1028 2822 res.
1119 2792 1176 2827 (95)
1196 2791 1334 2832 lifandales
1348 2793 1408 2832 erat
1411 2789 1526 2832 graecus
1542 2789 1653 2832 quidam
1669 2788 1865 2832 paterfamilias

244 2825 314 2859 Hine
328 2830 499 2860 Sat-canens
512 2831 578 2859 facit
592 2825 640 2860 me
654 2839 755 2862 regum.
1082 2825 1129 2862 aut
1143 2825 1306 2862 praefectus,
1316 2826 1398 2862 cujus
1409 2825 1457 2862 filii
1469 2829 1515 2854 aut
1527 2825 1658 2854 satellites
1669 2825 1726 2854 dici
1736 2825 1864 2854 videntur

281 2864 337 2927 ξω)
356 2864 407 2894 Hic
424 2865 548 2908 Ausiiius
559 2865 673 2908 Nouem
683 2861 1031 2908 Itampruniensem'Tarsi
1085 2870 1100 2891 a
1118 2861 1246 2890 samuele
1261 2861 1456 2902 Μιιγιιιιιιίαιιί.¹
1591 2895 1598 2902 .

293 2906 407 2927 leonum
421 2901 587 2927 scripti-aue
600 2901 729 2927 plurimis
743 2902 848 2927 clarum
863 2904 967 2927 genuit.
1124 2897 1180 2927 (θι)
1202 2897 1333 2926 Rubenus
1348 2896 1482 2927 dynastm
1492 2895 1598 2926 Rubelli

247 2895 407 2935 episcopum
421 2901 587 2938 scriptisque
600 2901 729 2939 plurimis
743 2895 848 2931 clarum
863 2900 967 2938 genuit.
1124 2897 1180 2935 (9t)
1202 2897 1333 2936 nubentis
1348 2896 1482 2933 dynastis
1492 2895 1708 2926 Rubeniensium
1722 2898 1832 2926 auctor.

1681 3215 1762 3218 ω
1834 3158 2053 3219 sed
