4146 6478
437 440 540 498 735
1163 444 1509 501 SAMUELIS
1538 434 1861 501 AKIENSIS
1899 442 2238 502 SUMMABII
2270 443 2652 500 TEMPORUM
2686 443 2866 501 PARS
2902 445 2968 502 ll.
3568 452 3676 511 734

432 599 1809 629 .—__—__.______—______

1429 722 1623 763 OLYIP.
1700 721 1913 760 ωιιιετι
1986 718 2177 760 CONST.
2287 716 2446 757 PATB.
2556 717 2690 756 sana

2412 784 2424 802 ⁸
2545 788 2674 826 ΔΒΗ.

1935 928 2162 985 Alexius
2234 927 2469 984 Basilius

1400 1096 2729 1114 —w—*__——u

2187 1246 2504 1304 BASlLlUS
2541 1249 2702 1307 annis
2770 1318 2807 1325 _
2843 1245 3129 1325 Exstincto
3182 1250 3403 1325 domino
3430 1252 3670 1325 Gregora

2365 1334 2540 1378 xxxn.
2770 1318 3107 1376 Pahlavunio
3130 1324 3395 1377 successit
3415 1318 3670 1385 dominus

2763 1389 2996 1447 Basilius
3049 1393 3255 1447 sororis
3307 1393 3424 1460 ejus
3482 1394 3667 1461 ﬁlius,

1700 1460 1841 1514 1081
2053 1459 2090 1513 2
2304 1460 2331 1530 1
2549 1458 2647 1530 551
2761 1476 2923 1530 quem
3014 1468 3172 1516 antea
3252 1476 3337 1516 cor

2053 1459 2090 1513 2
2304 1460 2331 1530 1
2549 1458 2647 1530 551
2761 1476 2923 1530 quem
3014 1468 3172 1516 antea
3252 1458 3671 1520 consecraverat

1700 1531 1841 1584 1085
2055 1530 2089 1602 ὃ
2300 1529 2337 1602 2
2548 1529 2654 1602 ἓξὲξ
2760 1531 3016 1585 dominus
3043 1532 3159 1601 ipse
3198 1531 3337 1602 Greg

2055 1530 2089 1602 ξ
2300 1529 2337 1602 2
2548 1529 2654 1602 ἓξὲξ
2760 1531 3016 1585 dominus
3043 1532 3159 1601 ipse
3198 1531 3496 1602 Gregorius
3538 1536 3668 1589 dum

1453 1608 1593 1673 466
1702 1602 1838 1673 1089
2053 1599 2088 1673 ξ
2301 1600 2337 1673 ξ)
2549 1598 2653 1673 ἓξὲξ
2761 1602 2931 1673 iterin
2958 1598 3090 1656 extet

2053 1599 2088 1673 ξ
2301 1600 2337 1673 ξ)
2549 1598 2653 1673 {ﬁli
2761 1602 2931 1673 iterin
2958 1598 3173 1656 exteras
3199 1598 3383 1673 plagas
3406 1604 3668 1658 librorum

1698 1670 1838 1744 1οξ’1
2298 1670 2335 1744 ξ
2748 1666 3335 1744 ἰηιθτρνριειιιάοτὶιηὴ

2054 1668 2089 1744 ξ
2298 1670 2335 1744 ξ
2748 1666 3664 1744 ~interprctandorum'aliorumque

1696 1739 1838 1818 10§§
2300 1740 2336 1818 ἐξ
2766 1737 3105 1811 negotiorum
3147 1756 3315 1797 causa

2052 1737 2090 1818 ρ
2300 1740 2336 1818 ἐξ
2766 1737 3105 1811 negotiorum
3147 1756 3315 1797 causa
3347 1737 3583 1813 pararet.

1438 1842 1578 1907 467
1700 1808 1837 1861 1089
2058 1808 2090 1861 7
2302 1810 2337 1861 6
2547 1807 2655 1861 556

1701 1877 1838 1932 1090
2052 1878 2086 1932 8
2305 1879 2337 1930 7
2546 1878 2656 1932 557

504 1953 784 2010 Horrenda
824 1952 1007 2008 fames
1060 1950 1335 2022 regionem
1698 1949 1831 2022 1091
2026 1948 2087 2022 ti

1060 1950 1335 2022 regionem
1698 1949 1831 2022 409!
2026 1948 2087 2022 ,θ
2299 1948 2335 2022 δ
2548 1947 2653 2022 ξξξ

426 2035 675 2079 nostram
714 2023 986 2084 vastavit,
1032 2016 1155 2075 cum
1188 2021 1337 2075 vide-
1699 2018 1837 2073 1οῐεὲ
2017 2018 2063 2071 11

1032 2016 1155 2075 cum
1188 2021 1337 2075 vide—
1699 2018 1837 2073 1οῐεὲ
2017 2018 2087 2072 10
2298 2018 2333 2071 9
2550 2016 2655 2072 559

422 2096 549 2150 lit-et
591 2094 890 2149 sceleribus
920 2092 1126 2147 nostris
1145 2104 1339 2146 cumu-
1446 2088 1587 2156 468
1696 2088 1837 2143 1095
2016 2089 2079 2142 11
2264 2088 2335 2142 10
2546 2088 2653 2143 540
2829 2087 2943 2145 Hoc
2969 2105 3114 2144 anno
3140 2088 3505 2152 Melichsahus
3548 2090 3672 2146 Sul-

420 2165 506 2220 lus
536 2175 681 2220 esset
709 2162 1022 2234 impositus.
1695 2158 1836 2213 1094
2015 2159 2057 2213 ιε

1695 2158 1836 2213 1094
2015 2156 2084 2213 12
2262 2158 2325 2213 11
2547 2157 2645 2212 541
2758 2166 2920 2216 tanus
2947 2162 3106 2215 obiit.

489 2365 601 2434 Age
644 2376 777 2419 vero
817 2360 1077 2432 quoniam
1126 2365 1392 2430 regnante
1439 2356 1770 2413 Melichsaho
1817 2372 1954 2428 pace
2002 2357 2163 2414 orbis
2211 2358 2505 2414 universus
2555 2358 2969 2430 praesertimque
3016 2358 3278 2414 Armenia
3326 2359 3500 2430 potita
3549 2366 3670 2426 est,

418 2458 507 2512 cui
547 2456 768 2527 quidem
806 2453 1118 2524 superiores
1157 2451 1378 2524 tyranni
1416 2452 1675 2520 poculum
1712 2450 1937 2506 exitiale
1974 2449 2163 2505 tandiu
2204 2451 2674 2521 propinaverant;
2714 2452 2865 2508 lubet
2902 2453 3073 2508 verba
3109 2453 3422 2509 laudatoria
3471 2453 3672 2525 praedi-

418 2547 491 2600 cti
529 2545 715 2600 eximii
754 2544 999 2602 doctoris
1041 2543 1316 2597 ascribere
1342 2583 1356 2608 ,
1397 2542 1491 2611 qui
1531 2539 1825 2594 admodum
1862 2540 2196 2595 elaboratam
2237 2543 2619 2612 prolixamque
2656 2543 2960 2597 orationem
3000 2558 3196 2599 rursus
3236 2544 3466 2609 scribit,
3521 2548 3674 2615 post-

418 2654 578 2709 quam
619 2637 828 2693 scilicet
859 2652 946 2692 res
981 2635 1215 2690 viventis
1252 2634 1485 2690 absolvit
1524 2634 1605 2689 sic
1638 2632 1882 2704 ejusdem
1917 2633 2127 2687 obitum
2167 2648 2421 2688 narrans.
2456 2652 2477 2686 ι
2502 2632 2661 2689 Anno
2697 2649 2819 2689 aera:
2852 2650 2980 2688 nm
3024 2650 3316 2704 supremus
3348 2634 3669 2691 Melichsahi

418 2731 705 2787 Persarum
745 2732 892 2801 regis
940 2729 1266 2785 administer
1313 2729 1535 2784 occisus
1580 2738 1705 2793 est,
1759 2729 1919 2799 cujus
1964 2743 2166 2783 nomen
2213 2728 2466 2785 Hasanus
2495 2769 2510 2793 ,
2564 2729 2859 2799 dignitatis
2909 2738 3088 2784 autem
3139 2730 3332 2785 titulus
3374 2730 3670 2789 Vezrucius

416 2825 643 2897 Chogia.
686 2824 825 2879 Octo
863 2831 1046 2879 autem
1083 2832 1139 2879 et
1174 2823 1367 2893 viginti
1407 2828 1531 2893 post
1567 2821 1685 2877 dies
1725 2821 1841 2891 ipse
1879 2836 2098 2891 quoque
2151 2819 2518 2877 Melichsabus
2565 2822 2775 2876 interiit
2828 2836 3041 2876 veneno
3068 2861 3082 2885 ,
3134 2828 3194 2874 ut
3243 2821 3389 2874 fama
3435 2808 3671 2889 est,'ab

416 2931 586 2970 uxore
624 2921 960 2985 corruptus:
1004 2915 1089 2967 vir
1124 2914 1179 2968 in
1217 2928 1408 2968 omnes
1445 2912 1741 2968 benevolus
1781 2920 1945 2983 atque
1982 2913 2305 2968 mitissimus
2331 2952 2346 2976 ,
2379 2913 2435 2966 in
2478 2912 2824 2968 Christianos
2872 2922 3051 2966 autem
3084 2925 3253 2982 prope
3293 2912 3666 2981 singulariter.

415 3005 589 3077 Hujus
626 3008 835 3064 obitum
873 3007 1213 3063 incredibilis
1251 3008 1493 3062 omnium
1533 3007 1776 3077 gentium
1817 3007 2156 3078 perturbatio
2194 3015 2494 3063 consecuta
2545 3016 2632 3063 est
2671 3023 2769 3079 per
2806 3007 3256 3077 quadriennium.
3291 3005 3428 3060 Nam
3460 3014 3515 3061 et
3553 3005 3668 3061 fra-

414 3112 496 3157 ter
535 3101 805 3160 Dedusius
841 3109 896 3159 et
933 3104 1078 3159 illius
1116 3102 1525 3159 Bechiaruchus
1566 3103 1651 3159 his
1692 3103 1851 3159 annis
1888 3103 2031 3159 bella
2062 3104 2270 3160 cientes
2302 3119 2466 3160 omne
2501 3119 2674 3175 genus
2704 3104 3109 3159 institutionum
3140 3103 3407 3157 bonarum
3438 3102 3668 3157 subver-

414 3204 634 3262 terunt,
673 3196 802 3251 dum
841 3205 1034 3253 neuter
1071 3212 1240 3268 regno
1278 3197 1509 3252 ﬁrmiter
1546 3198 1835 3268 potiretur.
1895 3198 2134 3271 Sanguis
2176 3200 2397 3255 interim
2438 3198 2765 3254 torrentium
2818 3198 2997 3253 instar
3048 3197 3304 3252 manabat
3341 3213 3452 3251 non
3491 3197 3668 3252 solum

412 3285 585 3341 Marte
620 3290 949 3343 certantium
975 3328 991 3353 ,
1034 3305 1224 3344 verum
1263 3290 1428 3345 etiam
1468 3292 1649 3346 omnis
1688 3291 1898 3347 ordinis
1937 3292 2137 3347 civium
2177 3301 2233 3347 et
2270 3293 2730 3364 provincialium:
2774 3302 2970 3362 praeter
3008 3291 3145 3346 alias
3197 3304 3468 3345 aerumnas
3506 3288 3668 3345 famis

412 3388 577 3449 atque
613 3380 1018 3449 captivitatum.
1060 3378 1154 3434 Sic
1191 3380 1450 3434 nimirum
1486 3380 1721 3436 felicitas
1758 3395 1884 3435 cum
1925 3381 2037 3435 vita
2075 3382 2222 3453 regis
2258 3383 2418 3452 pulsa
2455 3389 2581 3437 est:
2626 3380 2696 3434 ad
2735 3395 2899 3451 quem
2937 3380 3157 3449 quidem
3215 3393 3470 3433 curarum
3510 3393 3668 3448 rega-

410 3473 544 3529 lium
581 3475 736 3530 labor
772 3475 1156 3545 pertinuerat;
1199 3473 1267 3528 ad
1305 3475 1443 3530 alios
1480 3489 1613 3531 vero
1652 3474 1770 3530 sive
1806 3476 2099 3543 optimates
2144 3478 2260 3532 sive
2295 3476 2538 3547 plebeios
2578 3475 2792 3531 fructus
2847 3490 3037 3530 earum
3073 3483 3129 3530 et
3173 3475 3531 3530 commoditas
3577 3489 3668 3530 re-

417 3566 795 3635 dundaverat,
834 3567 961 3622 vita:
997 3582 1191 3637 nempe
1229 3568 1537 3635 securitas,
1578 3583 1763 3622 rerum
1804 3568 2028 3623 ubertas
2084 3569 2465 3639 malorumque
2517 3569 2790 3639 depulsio.
2846 3567 2900 3623 ls
2957 3568 3093 3623 adeo
3147 3576 3361 3638 gentem
3417 3575 3664 3623 nostram

417 3654 646 3720 dilexit,
686 3664 746 3710 ut
784 3670 978 3726 preces
1014 3661 1334 3725 exposceret
1372 3670 1436 3710 ac
1473 3655 1932 3710 benedictiones:
1974 3655 2136 3725 cujus
2169 3657 2251 3712 rei
2284 3672 2454 3715 causa
2493 3657 2864 3728 patriarcham
2899 3673 3116 3728 quoque
3145 3658 3213 3712 ad
3256 3659 3436 3713 aulam
3475 3673 3665 3715 accer-

417 3748 563 3805 sivit.
603 3747 782 3818 Atque
821 3747 1029 3802 utinam
1063 3746 1132 3800 ad
1169 3745 1478 3801 Christiana
1512 3760 1670 3802 sacra
1700 3762 1989 3817 moresque
2016 3749 2341 3806 transisset!
2374 3769 2393 3803 »
2421 3748 2641 3823 Imperii
2669 3750 2793 3819 ejus
2823 3750 2983 3807 sedes
3015 3750 3306 3822 Aspahana
3344 3750 3492 3822 fuit,
3533 3768 3657 3823 qua:

414 3839 733 3910 metropolis
769 3836 1062 3895 Persarum
1098 3844 1183 3893 est
1204 3876 1220 3904 ,
1262 3835 1577 3905 ibidemque
1612 3834 1783 3891 vitam
1822 3835 2114 3892 conclusit.

1658 4070 1798 4128 1095
1975 4074 2045 4130 15
2222 4076 2293 4130 12
2505 4078 2611 4133 512

1657 4142 1796 4198 1096
1973 4144 2043 4199 l4
2219 4146 2290 4201 is
2503 4148 2610 4204 543
2808 4147 3125 4205 Revolvitur
3175 4152 3291 4223 cycl

2028 4147 2043 4199 ι
2219 4146 2290 4201 15
2503 4148 2610 4204 545
2808 4147 3125 4205 Revolvitur
3175 4152 3361 4223 cyclus
3398 4152 3665 4223 quingen-

2737 4227 2916 4291 torum
2944 4222 3219 4275 annorum
3242 4222 3374 4291 (95).

484 4286 882 4345 Constantinus
912 4286 1164 4358 princeps
1203 4302 1307 4343 no-
1438 4356 1443 4358 Α
1664 4282 1805 4358 1001
1979 4285 2049 4358 15
2226 4285 2297 4358 14
2507 4288 2614 4344 514
2790 4289 3061 4345 Dedusius
3096 4282 3345 4346 Damasci
3368 4330 3383 4353 ,
3416 4290 3664 4346 Palaesti-

414 4368 553 4431 ster,
573 4359 786 4431 Bubeni
811 4354 955 4414 [llius
975 4399 988 4424 ,
1019 4354 1189 4414 eﬂ'usa
1219 4359 1315 4413 hu-
1414 4356 1561 4429 469
1663 4354 1803 4431 ςρξξ
1981 4356 2051 4431 115

2020 4357 2051 4431 ρ
2229 4356 2302 4431 1ξ
2515 4358 2621 4431 1113
2727 4375 2844 4423 nae,
2878 4360 3229 4431 ﬁnitimasque
3260 4362 3500 4429 regionis
3532 4376 3657 4420 rex.

412 4430 676 4485 manitate
727 4428 1028 4483 Romanam
1092 4436 1308 4499 gentem
1440 4424 1546 4429 “’”
1662 4424 1802 4478 1099
1978 4426 2049 4481 17
2234 4426 2304 4482 16
2517 4427 2622 4484 546
2718 4424 3281 4499 praeliointerimitur
3300 4424 3662 4498 Aspahanaea

411 4510 736 4571 prosecutus
763 4539 780 4565 ,
827 4499 1033 4555 honore
1063 4498 1308 4555 vicissim
2717 4498 3090 4555 Bechiarucho
3120 4514 3262 4554 anno
3288 4513 3410 4554 atra:
3438 4516 3622 4555 nxmv.

412 4580 639 4628 ornatus
671 4576 775 4626 εει.

480 4771 711 4830 Romani
747 4788 846 4846 per
880 4773 1170 4831 Thraciam
1207 4775 1264 4830 in
1300 4774 1488 4832 Asiam
1523 4772 1944 4839 transmittunt,
1987 4778 2050 4827 ut
2092 4771 2421 4845 Scytharum
2448 4812 2464 4840 ,
2505 4772 2798 4830 Persarum
2836 4780 3001 4845 atque
3036 4771 3434 4829 Saracenorum
3465 4771 3657 4828 adver-

411 4885 506 4929 sus
540 4869 879 4928 Christianos
908 4870 1138 4942 injurias
1165 4873 1339 4927 ultum
1367 4878 1512 4927 eant.
1543 4867 1802 4925 Plurimis
1831 4877 2013 4924 autem
2038 4869 2402 4926 incommodis
2446 4869 2754 4925 adiciuntur
2796 4885 2827 4925 a
2864 4869 2978 4926 lilio
3032 4868 3246 4924 Satanae
3283 4868 3472 4925 Alexio
3508 4866 3658 4923 Grae-

411 4980 600 5021 corum
637 4966 696 5021 in
728 4965 863 5022 urbe
891 4960 1489 5037 Constantinopolitana
1509 4980 1655 5036 rege.
1688 4962 1789 5019 Hic
1825 4963 2025 5034 partim
2051 4965 2290 5031 arcanis,
2324 4964 2524 5034 partim
2554 4966 2863 5023 manifestis
2895 4965 3111 5021 insndiis
3133 5005 3149 5031 ,
3177 4964 3463 5019 mortifero
3492 4965 3657 5019 etiam

409 5061 531 5116 cibo
565 5061 959 5133 grassabatur:
1003 5069 1119 5116 tum
1158 5061 1327 5117 iidem
1369 5061 1509 5115 mari
1549 5074 1889 5129 suorumque
1926 5058 2150 5115 ducatui
2198 5061 2440 5130 pessimo
2497 5061 2732 5118 artiﬁcio
2768 5063 3053 5118 commissi
3092 5060 3440 5132 signiﬁcabat
3477 5069 3658 5115 astute

409 5151 657 5209 barbaris
687 5167 794 5224 qua
820 5153 1032 5208 ratione
1060 5160 1402 5221 caperentur.
1430 5149 1557 5206 Haec
1582 5149 1846 5206 Dominus
1888 5150 2186 5220 aliquando
2216 5150 2516 5206 ulciscatur
2540 5153 2553 5206 l
2588 5153 2858 5224 siquidem
2878 5153 2987 5207 hic
3014 5153 3179 5206 homo
3206 5152 3444 5221 itemque
3483 5159 3658 5207 mater

410 5247 530 5319 ejus
556 5290 574 5317 ,
615 5250 696 5307 uti
735 5264 803 5306 ex
844 5248 1033 5305 multis
1073 5247 1405 5310 audivimus,
1445 5245 1762 5301 Christiano
1794 5245 1905 5301 ritu
1938 5247 2101 5301 alieni
2134 5253 2309 5301 erant.
2346 5245 2404 5300 ld
2437 5246 2601 5301 etiam
2633 5247 2974 5304 Sarcavacus
3019 5247 3213 5302 doctor
3242 5252 3653 5300 commemorat.

478 5447 710 5506 Romani
752 5450 1125 5525 Hierosolyma
1160 5455 1214 5509 vi
1253 5453 1544 5511 Saracenis
1590 5456 1831 5526 eripiunt
1887 5457 2044 5513 caesis
2089 5455 2329 5511 hostium
2364 5457 2646 5528 sexaginta
2685 5458 2926 5528 quinque
2963 5457 3205 5512 millibus
3252 5458 3308 5511 in
3347 5458 3571 5528 templo,
3604 5468 3658 5514 et

411 5536 661 5610 pluribus
684 5542 863 5600 adhuc
898 5545 957 5601 in
991 5546 1145 5603 urbe.
1176 5544 1438 5603 Dominus
1476 5545 1782 5603 Vahramus
1821 5550 2137 5605 versabatur
2171 5546 2563 5621 Hierosolymis
2594 5549 2722 5604 dum
2754 5550 2887 5604 urbs
2919 5550 3235 5620 capiebatur
3260 5548 3392 5621 (98).

633 5760 830 5840 [ieeple
856 5762 924 5817 ad
953 5778 1042 5840 an.
1074 5764 1143 5820 10
1169 5780 1291 5840 aet-ag
1317 5766 1466 5821 Arm.
1609 5836 1624 5840 _
1697 5836 1708 5840 _
1740 5836 1752 5840 _
2082 5770 2286 5840 ricope.
2327 5769 2481 5825 Latet
2515 5777 2693 5825 autem
2735 5773 2789 5826 in
2819 5770 3007 5826 eadem
3045 5771 3334 5839 mendum;
3368 5787 3492 5826 nam
3519 5770 3653 5828 ϐη-

482 5830 595 5905 (96)
635 5830 982 5892 Desideratur
1011 5835 1068 5891 in
1095 5835 1392 5895 vetustiore
1415 5836 1712 5911 exemplari
1740 5836 1854 5893 haec
1877 5852 1970 5911 pe-
2075 5830 2237 5911 σοι’εέ
2273 5840 2573 5899 Vahramus
2612 5848 2737 5897 ante
2768 5856 2942 5898 annos
2970 5857 3060 5899 tm
3090 5843 3199 5900 vita
3221 5830 3555 5904 excesserat.
