4146 6436
388 325 485 379 757
1086 313 1432 371 SAMUELIS
1462 310 1781 366 ANIENSIS
1813 308 2156 366 SUMMARII
2191 307 2578 365 TEMPORUM
2607 307 2786 364 PARS
2822 311 2886 364 ll.
3536 317 3642 374 738

1357 568 1547 608 omne.
1625 565 1844 607 cunter
1922 563 2115 605 cous'r.
2197 549 2378 620 ίιιλτιι.
2520 564 2658 604 ,ειυς

2513 633 2644 674 ΔΒΗ.

1944 689 2098 772 palo-
2203 686 2411 766 Grego-

1940 774 2101 830 joan-
2250 773 2370 813 rius

1980 845 2082 884 nes

1341 949 2679 970 ——-———_——-——--—_—-——.

1991 1037 2479 1098 CALOJOANNES
2503 1039 2580 1113 (l)
2613 1039 2757 1095 haud
2789 1040 2982 1110 paucis
3020 1040 3180 1098 annis
3207 1043 3471 1115 regnavit.

1681 1208 1813 1264 1121
2037 1205 2067 1277 1
2319 1204 2354 1277 ﬁ
2533 1204 2639 1277 1168
2716 1273 2746 1277 η
2782 1202 3073 1277 Exstincto
3087 1205 3298 1277 _Aylexio

2037 1205 2067 1277 1
2319 1204 2354 1277 (ξ
2533 1204 2639 1277 568
2716 1273 2746 1277 η
2782 1202 3298 1277 ExstinctoAlexio
3348 1215 3540 1277 regnat
3580 1207 3645 1262 ﬁ-

466 1277 723 1334 Praalium
750 1284 906 1365 atrox
936 1276 1318 1365 Ca‘rrn‘iroviti-
1389 1281 1530 1351 475
2029 1274 2073 1365 ἓ
2322 1274 2355 1365 Ζ
2713 1273 2838 1365 liu'sL
2855 1276 2977 1342 cjus
3007 1275 3392 1365 Calojoar'i‘nes.

394 1365 539 1414 cum,
578 1366 686 1419 quo
735 1350 912 1404 victus
944 1357 1027 1405 est
1075 1347 1316 1429 Franco-
1414 1343 1428 1351 ’
1453 1343 1522 1350 ’⁷
1680 1348 1822 1401 1125
2034 1345 2070 1398 5
2321 1344 2355 1398 8
2536 1345 2642 1399 570
2749 1343 3068 1426 .lberorutn
3109 1343 3205 1426 rex
3238 1343 3406 1398 David
3453 1344 3649 1428 Elcha-

393 1436 514 1496 rum
536 1430 597 1496 _et
633 1420 1010 1496 Armeniorum
1044 1427 1316 1496 exercitus
2031 1413 2074 1496 ξ
2715 1431 2856 1496 zru'rn
2881 1415 3249 1496 e.t_Melch_tur_n
3277 1416 3432 1472 clade
3462 1417 3646 1496 allied.

395 1489 584 1546 fraude
615 1505 924 1560 procerum.
955 1489 1111 1544 Tunc
1135 1499 1190 1543 et
1218 1487 1321 1542 Ro-
1678 1487 1820 1560 112Ξξ
2039 1483 2076 1560 ξ
2287 1485 2358 1560 16
2537 1484 2643 1560 age
2788 1483 2962 1541 David
2990 1501 3088 1542 rex
3115 1485 3376 1540 Teflisum
3408 1488 3576 1558 capit.

394 1560 574 1628 gerius
615 1551 948 1616 -Antiochia3
993 1560 1320 1630 praefectus
1391 1561 1534 1630 416
1680 1556 1819 1611 1126

1027 1560 1320 1630 praefectus
1391 1561 1534 1630 416
1680 1556 1819 1611 1126
2037 1551 2072 1607 6
2285 1555 2350 1610 11
2537 1555 2642 1610 575

394 1631 565 1752 mplto
605 1646 730 1686 cum
769 1631 940 1685 milite
975 1628 1321 1684 desideratus

394 1713 454 1752 es
485 1740 497 1752 .

394 1713 497 1755 εει,

463 1879 868 1946 lncursionum,
917 1880 1256 1950 rapinarum,
1288 1875 1578 1932 exitiorum
1625 1882 1679 1931 et
1722 1873 1981 1940 cladium,
2023 1875 2225 1945 quibus
2265 1874 2406 1930 Iberi
2438 1875 2686 1930 certatim
2726 1872 3098 1944 Saracenique
3138 1875 3473 1944 provinciam
3501 1877 3654 1932 Aniae

391 1972 682 2035 vexabant,
715 1971 928 2040 pertaasi
958 1971 1194 2041 denique
1221 1967 1372 2022 Aniae
1396 1969 1548 2022 urbis
1575 1967 1912 2037 Siraciaeque
1951 1967 2193 2038 regionis
2223 1967 2438 2033 incolae,
2465 1974 2526 2022 ut
2561 1967 2702 2020 hanc
2735 1980 2765 2019 a
2800 1982 2858 2022 se
2881 1967 3176 2036 procellam
3200 1966 3552 2037 depellerent,
3583 1969 3652 2022 ad

393 2050 616 2116 Davidis
648 2060 928 2115 lberorum
968 2060 1112 2128 regis
1162 2058 1472 2113 clientelam
1504 2055 1802 2126 confugere
1847 2057 2228 2112 decreverunt.
2283 2056 2452 2127 Igitur
2483 2056 2832 2125 conjuratum
2879 2064 2962 2111 est
2996 2057 3258 2112 adversus
3287 2058 3654 2127 Apelsuarum

395 2154 650 2217 amiram,
686 2151 951 2207 Manuciei
989 2151 1178 2216 ﬁlium,
1213 2151 1306 2221 qui
1345 2151 1617 2206 exstincto
1644 2149 1784 2219 patri
1815 2149 1870 2202 in
1904 2147 2058 2202 Aniae
2096 2149 2438 2202 dominatum
2474 2158 2858 2214 successerat;
2905 2147 3072 2202 David
3108 2156 3289 2204 autem
3330 2164 3424 2203 rex
3462 2160 3654 2218 paten-

396 2245 541 2300 tibus
589 2246 760 2315 portis
806 2245 860 2298 in
901 2245 1091 2300 urbem
1125 2253 1417 2315 receptus:
1455 2260 1564 2314 quo
1613 2244 1692 2298 sic
1719 2251 1942 2313 repente
1982 2243 2338 2314 introgresso,
2393 2259 2554 2298 nemo
2596 2244 2723 2298 vitae
2773 2243 3160 2299 detrimentum
3208 2260 3408 2314 passus
3447 2253 3550 2300 est.
3603 2245 3654 2301 ls

392 2346 613 2406 captum
643 2352 767 2390 cum
813 2335 936 2391 ﬁliis
968 2337 1330 2406 Apelsuarum
1368 2337 1422 2390 in
1453 2335 1682 2390 lberiam
1713 2351 1901 2390 secum
1938 2336 2140 2400 avexit,
2174 2335 2404 2406 locoque
2442 2336 2579 2390 adeo
2609 2336 2885 2406 pestilenti
2917 2336 3195 2405 deposuit,
3227 2345 3288 2390 ut
3317 2337 3468 2390 brevi
3502 2344 3656 2406 pater

393 2443 519 2483 cum
550 2427 735 2482 liberis
768 2429 980 2482 duobus
1007 2429 1248 2497 perierit.
1287 2427 1506 2483 Interim
1567 2443 1692 2482 cutn
1736 2427 1894 2481 fortis
1925 2442 2142 2497 quoque
2176 2426 2344 2482 David
2376 2436 2587 2482 natura:
2620 2427 3011 2491 concessisset,
3043 2426 3230 2482 lberiae
3259 2443 3485 2498 regnum
3522 2429 3656 2483 adiit

393 2521 700 2577 Demetrius
733 2523 976 2590 ejusdem
1009 2523 1171 2589 ﬁlius,
1200 2523 1350 2577 omni
1391 2523 1550 2578 laude
1583 2522 1847 2592 juvenilis
1876 2523 2182 2591 disciplinae
2211 2523 2705 2578 cumulatissimus.
2738 2521 2878 2577 Tum
2923 2537 3054 2576 vero
3086 2521 3391 2577 Phatlunus
3420 2521 3656 2576 ﬁliorum

393 2617 679 2688 Apelsuari
704 2626 833 2671 natu
861 2618 1157 2676 maximus.
1188 2619 1281 2688 qui
1316 2619 1504 2672 tandiu
1533 2619 1673 2688 apud
1701 2633 1955 2687 maguum
1988 2619 2215 2672 amiram
2256 2619 2309 2672 in
2342 2617 2680 2673 Chorasania
2716 2617 3125 2684 diversabatur,
3161 2616 3377 2687 cognita
3412 2616 3657 2686 parentis

394 2711 704 2765 calamitate
732 2710 1095 2780 stationisque
1140 2712 1302 2764 noxia
1338 2719 1556 2774 natura,
1591 2711 1645 2764 in
1683 2710 1932 2778 regiones
1977 2721 2196 2765 nostras
2236 2710 2532 2764 maturavit
2576 2709 2878 2773 incurrere,
2909 2710 3290 2780 przefectisque
3325 2711 3657 2766 suburbanis

395 2804 644 2869 devictis,
671 2805 1017 2874 metropolim
1049 2805 1334 2861 obsidione
1371 2805 1610 2859 vallavit.
1667 2803 1821 2858 Saeva
1860 2803 2060 2858 dehinc
2095 2803 2266 2859 fames
2308 2819 2512 2857 annum
2547 2804 2818 2874 integrum
2868 2804 3196 2874 occupavit:
3230 2819 3464 2874 cumque
3511 2807 3658 2862 cives

396 2894 466 2950 ad
492 2895 913 2965 comparandam
941 2911 1121 2951 escam
1151 2904 1317 2950 noctu
1349 2895 1760 2966 egrederentur,
1791 2894 2018 2949 structis
2042 2893 2260 2950 insidiis
2289 2895 2463 2950 hostis
2493 2895 2642 2949 viros
2672 2893 2893 2964 qui-dem
2924 2893 3236 2964 jugulabat,
3265 2895 3339 2948 ita
3375 2903 3434 2948 ut
3459 2910 3658 2952 cruore

395 2995 450 3044 et
487 2990 706 3044 ossibus
748 2997 892 3042 terra
939 2990 1232 3060 squaleret,
1283 2990 1515 3045 feminas
1554 3001 1735 3045 autem
1776 3005 2086 3060 puerosque
2128 2990 2416 3045 vendebat.
2471 2989 2578 3044 Sed
2634 2998 2817 3044 tamen
2857 2989 3151 3044 identidem
3175 3006 3238 3044 ex
3275 2990 3447 3044 Iberia
3487 2990 3657 3045 duces

397 3079 623 3135 aderant
653 3082 755 3136 viri
786 3084 1010 3153 egregii,
1044 3093 1102 3136 ut
1131 3085 1222 3138 ille
1258 3085 1441 3139 clarus
1466 3100 1530 3138 ac
1561 3095 1818 3140 strenuus
1850 3083 2040 3140 lvancs
2060 3084 2317 3138 Abulethi
2350 3085 2494 3138 ﬁlius
2521 3083 2616 3154 qui
2651 3083 2778 3138 forti
2805 3085 2992 3137 animo
3031 3083 3347 3139 incursores
3375 3085 3615 3139 credebat
3642 3102 3655 3138 :

399 3187 635 3242 cumque
673 3171 976 3229 Phatlunus
1015 3188 1208 3243 magna
1236 3174 1289 3228 vi
1331 3174 1517 3227 urbem
1558 3175 1960 3244 aggrederetur,
1995 3173 2112 3244 ipse
2141 3173 2331 3242 paucis
2360 3174 2615 3244 stipatus,
2648 3173 3034 3243 adjuvantibus
3073 3173 3304 3238 civibus,
3332 3174 3524 3228 urbem
3565 3190 3661 3245 pe—

397 3267 571 3322 riculo
607 3268 899 3339 expedivit.
933 3267 1119 3338 Neque
1157 3284 1286 3323 vero
1326 3269 1669 3330 reticendum
1709 3278 1789 3324 est
1822 3267 2038 3324 femina:
2076 3268 2363 3338 cujusdam
2397 3269 2448 3322 in
2480 3283 2546 3322 eo
2588 3269 2889 3323 certamine
2915 3268 3072 3322 virile
3101 3267 3337 3336 facinus,
3369 3285 3490 3340 quae
3524 3270 3659 3325 satis

398 3363 660 3419 audacter
698 3365 971 3420 menibus
1006 3365 1267 3420 insistens
1315 3364 1555 3434 lapidum
1589 3365 1793 3420 ictibus
1828 3365 2016 3420 hostes
2054 3364 2311 3434 pellebat,
2347 3364 2562 3432 sagittis
2599 3363 2800 3434 quibus
2833 3363 3178 3418 extrinsecus
3213 3364 3501 3433 petebatur
3527 3378 3660 3418 con-

400 3458 638 3526 temptis.
667 3456 900 3512 Femina
928 3473 1124 3513 nomen
1156 3457 1384 3530 Caprea,
1418 3459 1563 3529 quod
1612 3459 1730 3529 ejus
1761 3467 1878 3514 erat
1922 3459 2234 3529 pernicitati
2269 3467 2723 3514 consentaneum.
2755 3457 3148 3514 Verumtamen
3184 3474 3352 3529 regno
3375 3457 3658 3514 lberorum

400 3550 642 3603 nondum
679 3550 733 3604 in
771 3567 835 3606 ea
866 3553 998 3607 urbe
1027 3554 1161 3608 satis
1192 3553 1538 3618 conﬁrmato,
1572 3553 1715 3609 fame
1745 3570 1809 3609 ac
1839 3555 2080 3610 caedibus
2115 3555 2170 3608 in
2198 3555 2315 3610 dies
2355 3555 2730 3620 saevientibus,
2762 3563 3035 3625 coguntur
3069 3556 3216 3609 cives
3253 3556 3442 3609 urbem
3477 3555 3661 3610 denuo

400 3641 467 3694 ad
497 3639 752 3696 Phatluni
779 3651 1102 3712 potestatem
1137 3645 1456 3711 transferre,
1494 3645 1600 3700 ﬁde
1625 3646 1806 3715 jurata
1836 3647 1904 3701 ab
1941 3647 2405 3716 eodem'accepta,
2447 3647 2644 3715 nequid
2682 3654 2874 3700 contra
2905 3647 3078 3716 patris
3109 3633 3447 3716 fratrumque
3475 3647 3662 3716 prodi-

396 3739 549 3788 tores
582 3741 864 3789 statueret.
896 3735 952 3790 ld
980 3737 1066 3790 ille
1111 3737 1290 3793 foedus
1319 3737 1421 3792 etsi
1457 3738 1512 3792 in
1545 3740 1805 3808 praesenti
1840 3755 1950 3792 non
1990 3739 2337 3803 detrectavit,
2370 3739 2733 3794 nihilominus
2773 3739 2983 3808 pacatis
3012 3738 3196 3802 rebus,
3234 3753 3328 3794 eos
3354 3741 3505 3793 vario
3551 3740 3661 3794 cri-

399 3827 762 3882 rninatiouum
809 3846 1008 3900 genere
1039 3846 1328 3902 aggressus
1363 3836 1444 3887 eSt
1491 3839 1656 3902 atque
1686 3833 1954 3888 multavit.
1992 3833 2066 3888 Eo
2135 3841 2398 3904 regnante
2433 3849 2462 3888 a
2491 3834 2770 3889 consuetis
2803 3834 3022 3904 quidem
3058 3834 3469 3894 incursionibus
3505 3838 3662 3904 quies

401 3920 458 3974 in
489 3921 748 3976 Armenia
790 3923 914 3988 fuit,
947 3923 1041 3980 sed
1078 3933 1194 3979 tum
1226 3926 1500 3996 praeterita
1523 3927 1744 3983 damna.
1786 3935 1901 3981 tum
1931 3928 2282 3998 vectigalium
2324 3928 2755 3998 rapinarumque
2797 3928 2879 3982 vis
2922 3943 3193 3982 summam
3230 3927 3374 3996 apud
3413 3942 3514 3981 nos
3537 3943 3664 3997 ege-

401 4022 600 4070 statem
629 4031 922 4086 rerumque
955 4018 1200 4071 omnium
1238 4020 1524 4089 penuriam
1554 4020 1874 4089 effecerunt,
1903 4038 2025 4094 qua:
2056 4022 2278 4093 quidem
2313 4022 2381 4077 ab
2406 4037 2471 4077 ea
2500 4036 2673 4092 usque
2697 4029 2856 4076 aetate
2884 4021 3238 4076 incrementis
3263 4028 3422 4075 aucta
3458 4021 3662 4077 nostris

403 4109 582 4164 adhuc
600 4109 945 4178 temporibus
974 4117 1304 4180 perseverat.

477 4202 545 4256 At
577 4202 722 4258 enim
755 4213 977 4258 sanctus
1005 4204 1314 4272 patriarcha
1343 4204 1577 4278 ﬁdeique
1619 4207 1851 4263 antistes
1877 4205 2134 4263 dominus
2160 4205 2478 4278 Gregorius,
2508 4207 2637 4278 quia
2676 4203 2856 4260 foedus
2880 4205 3170 4261 amicabile
3197 4219 3320 4260 cum
3359 4203 3664 4274 Apelsuaro

408 4295 629 4362 fecerat,
654 4309 764 4365 quo
791 4294 948 4350 sedes
979 4295 1048 4350 ab
1073 4311 1140 4352 eo
1161 4304 1559 4369 protegeretur,
1588 4299 1776 4355 audita
1802 4300 1858 4356 in
1885 4300 2033 4355 hunc
2056 4299 2380 4354 Aniensium
2406 4299 2838 4368 conspiratione,
2866 4298 3114 4353 criminis
3153 4295 3470 4352 auctoribus
3498 4296 3664 4351 vehe-

406 4396 617 4444 menter
647 4389 962 4446 succensuit
991 4389 1090 4462 (2).

1695 4568 1836 4622 112⁸1
2057 4570 2091 4624 7
2304 4569 2375 4624 12
2553 4569 2660 4624 574

1695 4639 1836 4693 1128
2052 4641 2088 4695 8
2298 4641 2373 4695 15
2552 4639 2659 4693 575

1696 4709 1837 4763 1129
2052 4711 2086 4765 9
2303 4711 2371 4764 Μ
2551 4709 2659 4763 576

446 4773 506 4828 In
531 4772 761 4852 Halbata
778 4777 1340 4852 obiitinChristoma-
1408 4782 1552 4852 477
1697 4779 1839 4852 figit)
2017 4781 2088 4836 10
2299 4780 2370 4852 15
2549 4778 2656 4852 ﬁ]?
2765 4776 3075 4852 Demetrius
3105 4795 3202 4852 rex
3231 4778 3656 4852 Charasgurum,

409 4859 549 4912 gnus
571 4845 1153 4922 doctorArmeniorum
1174 4847 1340 4904 Joan-
1433 4845 1448 4851 ’
1473 4845 1486 4852 ⁷
1521 4845 1535 4851 ⁷
1699 4848 1831 4904 1151
2018 4853 2081 4907 11
2300 4851 2368 4904 16
2549 4848 2654 4904 578
2729 4851 2820 4922 qui
2853 4867 2912 4906 se
2945 4851 2997 4905 in
3024 4865 3148 4904 arce
3181 4845 3464 4922 Alhabegi'
3486 4849 3662 4902 multo

409 4930 506 4968 nes
533 4928 894 4986 cognomento
919 4916 1282 4975 Sarcavacus.

481 4983 861 5039 Redemptoris
875 4988 1018 5039 mdes
1034 5004 1192 5039 sacra
1215 5005 1338 5039 cor-
1699 4990 1724 5039 1
1741 4989 1840 5039 152
2018 4992 2042 5039 1

2728 4916 2852 4974 cum
2905 4923 3079 4975 milite
3135 4916 3514 4981 conclusei'at,
3567 4935 3663 4972 ex-

2026 4992 2088 5039 12
2295 4990 2374 5039 17
2550 4990 2655 5039 579
2729 4993 3012 5039 mmnavit.
3038 4990 3238 5039 Eodem
3269 5005 3414 5039 anno
3458 4989 3661 5039 Abule-

481 4988 861 5056 Redemptoris
875 4988 1018 5044 aedes
1034 5004 1192 5043 sacra
1215 5005 1338 5044 cor-
1699 4989 1840 5043 1152
2018 4992 2088 5045 12
2295 4990 2374 5044 17
2550 4990 2655 5046 579
2729 4993 3012 5060 pugnavit.
3037 4990 3238 5045 Eodem
3269 5005 3414 5042 anno
3458 4989 3661 5044 Abulc-

410 5055 518 5140 μιῆς
549 5056 702 5140 ﬁgit}
731 5057 818 5137 (lie
847 5074 966 5140 xvlt
988 5061 1192 5115 mensis
1231 5059 1345 5114 Μει-
1697 5060 1841 5115 1155
2019 5062 2090 5117 15
2307 5061 2376 5115 18
2549 5061 2660 5118 580
2733 5062 2860 5115 thus
2881 5068 2936 5116 et
2961 5061 3151 5140 [varies
3174 5058 3661 5140 ﬁlius-Damaniam

408 5125 518 5178 reri
551 5125 628 5197 (ὅ)
657 5125 792 5181 feria
819 5130 1028 5198 quinta.

2732 5141 3014 5201 ceperunt.
3075 5132 3276 5186 Eodem
3326 5132 3661 5201 itemtanno

2732 5199 2923 5256 lvanes
2939 5210 3102 5271 atque
3127 5201 3417 5256 Sembatus
3449 5199 3666 5254 Chuna—

2732 5273 2820 5325 nia
2856 5273 3009 5341 potiti
3031 5280 3182 5326 sunt.

481 5332 596 5390 Hoc
634 5337 1335 5413 annoobiit‘clarissimus
1407 5342 1548 5413 4⁸78
1695 5344 1838 5399 1154
2021 5342 2089 5398 14

2022 5342 2089 5398 14
2306 5341 2374 5397 19
2554 5342 2651 5398 581
2802 5332 3109 5396 Phatlunus
3142 5343 3195 5394 in
3226 5339 3424 5413 praelia
3449 5338 3659 5413 exstin-

410 5403 604 5461 doctor
634 5405 803 5462 David
822 5408 1000 5463 Alucii
1025 5410 1190 5466 ﬁlius.
1431 5403 1446 5412 ’
1471 5403 1485 5412 ”
1509 5403 1544 5413 ’⁷
2729 5413 2916 5484 guilur
2945 5427 3088 5484 anno
3115 5403 3266 5484 regni
3291 5410 3552 5484 septimo:
3587 5408 3667 5462 ei-

2728 5481 2836 5554 que
2866 5482 3114 5537 succedit
3137 5481 3450 5535 Mahmutus
3469 5481 3661 5534 frater.

479 5675 557 5748 (1)
589 5672 690 5748 ilic
724 5679 808 5729 est
835 5687 1074 5748 soannes
1102 5674 1510 5748 l._Comne_nus.
1617 5743 1651 5748 __
1869 5743 1885 5748 _
2089 5676 2158 5731 ab
2187 5679 2612 5748 amanuensmus
2636 5677 2842 5741 addita,
2865 5694 2987 5748 quae
3019 5693 3122 5734 nos
3145 5679 3312 5734 missa
3338 5679 3588 5737 fecimus.

483 5744 560 5816 (2)
600 5743 700 5799 Hic
741 5745 1109 5816 sequebantur
1153 5745 1208 5800 in
1248 5746 1408 5801 codd.
1461 5743 1689 5801 moralia
1729 5743 1979 5817 quaedam
2161 5747 2238 5816 (5)
2266 5747 2382 5804 Hoc
2413 5764 2558 5805 anno
2585 5749 2860 5806 incidebat
2884 5743 2952 5804 in
2979 5749 3331 5806 Decembrem.
