4146 6434
481 275 588 332 743
1495 267 1588 326 ΑΙ)
1619 265 1889 324 EUSEBII
1926 264 2320 329 CﬂRONICON
2356 263 2722 328 APPENDIX.

3633 266 3738 330 7H

491 423 3708 460 Μ

1901 599 2084 661 ΜοΝ
2089 599 2123 658 1
2127 597 2322 659 TUM.

559 799 708 876 Quae
735 807 1084 879 sequuntur
1111 796 1413 876 opuscula
1437 793 1878 871 chronologica
1908 803 1963 852 et
1986 790 2410 852 astronomica
2427 808 2564 852 cum
2585 788 2759 870 apud
2791 787 3072 850 eruditos
3097 787 3367 868 plurimi
3387 785 3658 860 valeant,
3685 794 3745 848 et

489 903 572 966 iis
601 901 783 980 quasi
813 899 1215 978 fundamento
1245 898 1538 957 nitantur
1574 895 1945 972 chronologi
1982 891 2337 956 Christiani
2364 899 2618 963 veteres,
2665 889 2846 951 nobis
2883 887 3238 967 faciendum
3277 888 3638 967 putavimus
3671 896 3745 948 ut

488 1020 561 1063 ea
583 997 1032 1065 recuderemus,
1067 993 1350 1056 studioso
1385 992 1634 1054 Lectori
1667 999 1984 1069 acceptam
2021 991 2160 1069 fore
2204 985 2579 1067 conﬁdentes
2630 988 2789 1050 hanc
2817 983 2900 1046 ad
2950 983 3211 1046 Eusebii
3229 984 3516 1048 Canones
3559 985 3710 1047 chro

483 1103 662 1163 nicas
691 1119 818 1161 non
837 1095 1260 1180 pwmtendam
1291 1095 1676 1156 mantissam.
1706 1095 1890 1154 Ευιτ.

1248 1461 1946 1582 VETEBUM
2037 1461 2195 1576 SC
2217 1460 2961 1578 RIPTORUM

1927 1713 2340 1786 OPUSCULA

1038 1915 1980 2016 CHRONOLOGICA
2049 1916 2204 2008 ET
2273 1913 3175 2014 ASTRONOMICA.

1399 2315 1847 2380 DIONYSIUS
1875 2314 2296 2380 PETAVIUS
2331 2316 2708 2381 LECTORI
2731 2311 2838 2398 (a).

560 2498 711 2559 Inter
735 2510 977 2558 auctores
1006 2499 1152 2570 infra
1187 2501 1354 2556 editos
1377 2501 1580 2570 primus
1607 2511 1684 2555 est
1703 2500 1974 2566 Geminus,
2009 2503 2101 2573 qui
2123 2513 2246 2560 ante
2274 2521 2444 2562 annos
2469 2505 2697 2573 amplius
2719 2503 3077 2576 quadraginta
3103 2501 3510 2570 prodiit,Grace
3531 2500 3750 2560 Latine-

485 2617 586 2672 que
614 2601 678 2654 ab
706 2597 886 2654 Edone
926 2596 1233 2660 Hilderico;
1267 2597 1494 2663 scriptor
1535 2597 1779 2652 eruditus
1811 2607 1861 2654 et
1891 2599 2161 2668 antiquus.
2203 2599 2351 2654 Vixit
2393 2600 2533 2654 enim
2573 2599 2738 2656 Sulla:
2783 2617 2846 2654 ac
2875 2598 3144 2655 Ciceronis
3193 2596 3425 2658 steculo,
3477 2606 3536 2650 ut
3573 2612 3640 2651 ex
3682 2596 3750 2652 iis

487 2702 696 2748 constat
725 2710 842 2763 qua:
873 2691 942 2746 ad
966 2707 1085 2762 pag.
1115 2692 1180 2747 i9
1213 2693 1268 2746 in
1301 2693 1440 2746 notis
1469 2691 1824 2748 observamus.
1863 2692 2056 2746 Patria
2097 2692 2363 2747 Rhodium
2397 2693 2560 2764 fuisse
2584 2695 2723 2748 inter
2747 2710 2927 2748 omnes
2958 2691 3216 2747 convenit.
3247 2694 3350 2746 Sed
3389 2689 3589 2752 Romar,
3616 2699 3664 2744 et
3691 2689 3749 2744 in

489 2781 658 2838 Italia
681 2786 894 2844 vixisse.
923 2801 1025 2837 non
1052 2784 1174 2837 levis
1215 2791 1290 2836 est
1323 2782 1648 2852 conjectura,
1688 2784 1864 2854 ibique
1894 2785 2334 2839 commentarium
2359 2784 2497 2838 hunc
2530 2786 2826 2854 scripsisse,
2856 2795 2916 2839 ut
2954 2786 3007 2838 in
3041 2785 3228 2839 iisdem
3263 2784 3480 2838 scholiis
3524 2782 3753 2837 adnota-

487 2879 674 2934 vimus.
707 2880 784 2932 Ac
818 2875 896 2930 vel
928 2877 1136 2932 nomine
1168 2877 1282 2944 ipso
1313 2874 1525 2930 Gemini
1560 2876 1694 2930 satis
1715 2875 1812 2929 hoc
1847 2876 2130 2939 evincitur,
2156 2874 2470 2930 Latinorum
2502 2893 2603 2932 usu
2631 2887 2682 2932 et
2715 2878 3029 2932 commercio
3059 2877 3389 2947 implicatum
3419 2892 3532 2932 esse
3577 2874 3751 2929 Itami-

488 2987 642 3036 nem;
669 2987 730 3025 ac
762 2967 1003 3024 libertum
1036 2968 1279 3038 fortean,
1322 2975 1416 3020 aut
1447 2965 1689 3020 clientem
1736 2967 1968 3036 alicujus
2005 2965 2172 3035 fuisse
2203 2967 2450 3036 lamilire,
2481 2967 2566 3020 cui
2615 2967 2882 3036 peculiare
2920 2981 3203 3035 cognomen
3267 2965 3321 3018 id
3364 2973 3480 3019 erat
3505 3003 3521 3027 .
3571 2980 3752 3034 nempe

489 3067 852 3122 Serviliorum.
909 3065 1131 3120 Proetus
1185 3064 1243 3117 in
1285 3061 1696 3118 Commentariis
1741 3063 1810 3117 ad
1854 3063 2058 3133 priores
2091 3061 2330 3118 Euclidis
2378 3063 2540 3119 libros
2593 3080 2696 3117 non
2743 3062 2904 3118 semel
2935 3061 3209 3117 Geminum
3245 3061 3468 3126 laudat,
3516 3077 3666 3130 quem
3704 3067 3754 3116 et

486 3159 712 3230 Γεμῖνον
763 3167 1012 3228 perpetuo
1046 3157 1327 3218 nominat,
1377 3154 1721 3223 circumﬂexo
1766 3155 2104 3224 peuultima:
2147 3154 2482 3225 iudidemque
2514 3155 2824 3224 colligitur,
2869 3159 3114 3224 qua’dam
3149 3155 3302 3210 illum
3350 3154 3414 3210 de
3465 3158 3755 3225 geometria

487 3249 777 3316 scripsisse.
803 3249 970 3319 Cujus
998 3249 1151 3319 ﬁdem
1186 3247 1315 3318 facit
1345 3245 1617 3315 catalogus
1643 3245 1926 3313 librorum,
1948 3248 2038 3317 qui
2069 3263 2136 3302 ex
2167 3247 2500 3302 Barocciana
2533 3247 2846 3302 bibliotheca
2877 3263 3042 3316 nuper
3064 3248 3116 3302 in
3145 3247 3392 3315 Angliam
3422 3248 3588 3302 avecti
3607 3257 3752 3311 sunt,

484 3354 613 3406 quos
637 3341 775 3394 inter
801 3337 1010 3394 Gemini
1035 3339 1168 3396 liber
1195 3354 1370 3400 exstat
1401 3343 1634 3400 nondum
1663 3344 1856 3400 editus.
1896 3344 2000 3401 Sed
2041 3355 2092 3402 et
2123 3343 2306 3400 Procli
2337 3344 2560 3416 διώκω
2589 3346 2724 3400 nihil
2759 3344 2909 3402 aliud
2943 3352 3022 3400 est
3048 3354 3240 3414 praeter
3269 3341 3520 3419 lsagoges
3550 3341 3754 3399 Gemini

487 3437 670 3504 capita
697 3435 964 3506 quadam,
999 3439 1138 3508 quod
1163 3457 1260 3497 suo
1290 3442 1403 3496 loco
1439 3443 1852 3496 declaravimus.

557 3525 736 3596 Hujus
762 3546 856 3583 nos
885 3531 1180 3586 testimonio
1217 3534 1492 3600 scriptoris
1525 3547 1660 3599 scepe
1694 3547 1757 3592 ac
1789 3531 2011 3588 libenter
2032 3531 2121 3585 usi
2148 3547 2330 3586 sumus
2361 3531 2416 3583 in
2446 3531 2528 3584 his
2552 3545 2669 3600 quia
2698 3531 2768 3584 ad
2808 3546 3006 3584 annum
3045 3529 3266 3584 Gra'cia:
3292 3531 3478 3584 veteris
3504 3538 3555 3582 et
3585 3527 3738 3600 digg-

485 3619 717 3686 ptiacum
751 3632 1006 3687 spectant.
1040 3622 1182 3677 Nam
1211 3625 1275 3679 de
1303 3628 1478 3692 priore
1509 3627 1602 3680 illo
1633 3645 1784 3681 nemo
1817 3636 1930 3690 est,
1977 3628 2066 3696 qui
2093 3626 2406 3697 diligentius
2434 3627 2834 3696 expressiusque
2873 3627 3027 3680 verba
3081 3626 3260 3694 fecerit
3287 3667 3302 3687 ,
3351 3625 3602 3695 cujusque
3634 3641 3756 3692 pro-

487 3719 603 3776 pter
636 3713 1003 3782 antiquitatem
1032 3725 1080 3769 et
1117 3717 1463 3772 eruditionem
1489 3720 1628 3772 ratio
1654 3719 1828 3788 major
1875 3718 2056 3772 haberi
2078 3722 2283 3772 debeat.
2319 3717 2487 3783 Quem
2512 3717 2558 3770 si
2583 3717 2638 3769 in
2663 3715 2942 3769 consilium
2975 3715 3300 3770 adhibuisset
3339 3698 3609 3785 Scaliger,
3661 3721 3754 3766 aut

489 3803 540 3856 si
571 3819 688 3855 eum
712 3805 963 3858 attentius
991 3805 1220 3875 legisset,
1255 3825 1417 3878 neque
1460 3809 1868 3878 pra'judicatam
1907 3807 2058 3862 illam
2087 3824 2240 3862 suam
2269 3807 2332 3861 de
2367 3823 2507 3860 anno
2541 3803 2724 3860 Graeco
2762 3805 3030 3875 πρόληψιν
3077 3804 3148 3858 ad
3183 3806 3328 3859 illius
3383 3803 3754 3859 tractationem

490 3893 775 3956 attulisset,
802 3911 902 3949 non
949 3897 1046 3950 illa
1074 3899 1222 3952 nobis
1275 3902 1401 3954 anni
1430 3898 1606 3954 erci
1664 3909 1712 3954 et
1759 3901 1926 3954 Attici
1973 3908 2263 3954 commenta
2301 3898 2622 3968 peperisset,
2657 3913 2774 3968 qua:
2810 3906 2861 3950 et
2916 3895 3305 3950 absurdissima
3344 3905 3466 3950 sunt
3508 3905 3558 3949 et
3591 3895 3750 3948 unius

488 3996 683 4057 prn'ter
713 3996 928 4044 steteras
962 3989 1164 4045 Gemini
1191 3995 1505 4050 auctoritate
1532 3994 1868 4057 refelluntur.
1911 3993 2064 4048 llunc
2089 3996 2252 4064 igitur
2279 4010 2396 4048 cum
2428 3991 2630 4046 Latina
2665 3991 3095 4060 interpretatione
3124 3989 3283 4044 reteri
3309 3989 3479 4056 primo
3510 3988 3624 4041 loco
3653 4002 3754 4055 po-

490 4084 696 4140 suimus
715 4125 730 4148 ,
761 4104 864 4156 qua
893 4089 1126 4158 profecto
1151 4088 1417 4144 meliorem
1445 4089 1918 4160 elegantioremque
1942 4088 2239 4143 merebatur
2267 4104 2287 4142 :
2327 4095 2376 4142 et
2417 4095 2533 4141 erat
2575 4086 2784 4140 animus
2819 4099 3004 4138 novam
3043 4082 3276 4152 aggredi,
3311 4080 3416 4134 nisi
3440 4081 3492 4133 in
3520 4078 3756 4148 Hippar-

491 4178 645 4233 chum
673 4189 722 4234 et
751 4182 908 4245 alios,
938 4183 1027 4252 qui
1050 4183 1249 4236 nullam
1275 4182 1536 4236 habebant
1561 4185 1795 4251 omnino,
1826 4183 1882 4236 id
1919 4199 2086 4252 opera.’
2107 4182 2346 4242 conferre
2367 4183 2538 4236 satius
2563 4197 2674 4236 esse
2691 4178 3038 4248 judicassem.
3065 4175 3250 4229 Gra‘ca
3274 4189 3392 4228 vero
3425 4172 3494 4226 ad
3525 4182 3752 4226 veterum

492 4271 971 4340 manuscriptorum
1001 4271 1157 4340 ﬁdem
1194 4279 1374 4326 exacte
1407 4273 1786 4342 castigavimus
1814 4290 1832 4328 :
1863 4290 1892 4328 ε
1919 4275 2110 4344 quibus
2135 4289 2302 4326 unum
2352 4287 2506 4340 penes
2538 4288 2632 4325 nos
2667 4270 2988 4325 habebamus
3017 4265 3158 4320 haud
3189 4265 3318 4319 adeo
3347 4274 3565 4319 veterem
3589 4307 3604 4329 ,
3662 4263 3757 4318 sed

493 4372 800 4417 accuratum
830 4379 891 4416 ac
931 4365 1186 4432 scriptum
1223 4363 1481 4431 imprimis
1535 4364 1823 4434 eleganter.
1871 4364 2022 4418 Alter
2068 4364 2122 4417 in
2165 4363 2455 4419 Oxoniensi
2505 4363 2816 4416 bibliotheca
2865 4362 3162 4431 reperitur,
3204 4374 3426 4428 quocum
3474 4355 3755 4414 editionem

499 4449 757 4506 Ililderici
785 4449 1062 4520 diligenter
1098 4451 1320 4504 contulit
1356 4451 1615 4506 Henricus
1647 4450 1918 4522 Briggius,
1951 4451 2273 4508 Oxoniensis
2320 4453 2760 4516 mathematicus;
2794 4470 2826 4506 a
2855 4469 2957 4522 quo
2987 4452 3042 4505 id
3070 4469 3182 4507 meo
3215 4452 3422 4507 nomine
3451 4453 3754 4521 postularat

491 4545 664 4600 Lucas
701 4543 1007 4600 Holstenius
1042 4543 1482 4615 Hamburgensis,
1532 4547 1612 4600 vir
1638 4547 2056 4606 eruditissimus.
2078 4549 2167 4616 qui
2193 4549 2248 4602 in
2277 4548 2478 4602 illustr.
2527 4548 2732 4601 cardiu.
2789 4547 3067 4602 Barberini
3095 4549 3351 4602 comitatu
3385 4547 3562 4604 Romae
3602 4551 3756 4607 hodie

492 4643 638 4698 vivit.
672 4641 954 4710 Utriusque
981 4656 1074 4710 ope
1101 4659 1164 4696 ac
1197 4642 1445 4712 beneﬁcio
1482 4643 1752 4697 variarum
1777 4643 2056 4697 lectionum
2098 4644 2391 4698 indiculum
2421 4645 2748 4711 accepimus,
2774 4660 2905 4713 quas
2939 4645 3122 4712 paucis
3169 4646 3397 4715 exceptis
3431 4645 3648 4700 totidem
3696 4647 3753 4702 in

493 4743 676 4790 nostro
701 4734 875 4788 codice
901 4733 1350 4802 deprehendimus.
1389 4732 1746 4800 Quamobrem
1775 4733 2030 4806 quidquid
2059 4736 2115 4789 in
2147 4752 2280 4790 nova
2315 4735 2414 4789 hac
2455 4735 2680 4790 editione
2715 4733 2919 4789 Gemini
2946 4735 3104 4790 aliter
3135 4747 3291 4806 atque
3322 4738 3376 4792 in
3410 4739 3606 4808 priore,
3636 4747 3754 4793 stu-

492 4829 638 4884 diose
667 4828 853 4884 Lector
872 4869 887 4892 ,
919 4827 1218 4898 offenderis,
1251 4829 1308 4883 id
1331 4844 1396 4883 ex
1424 4829 1699 4885 amborum
1726 4831 2056 4885 auctoritate
2078 4838 2128 4885 et
2158 4845 2412 4885 consensu
2445 4831 2786 4884 immutatum
2815 4845 2927 4884 esse
2954 4831 3114 4885 scias.
3146 4829 3259 4885 Nec
3287 4847 3470 4898 pauca
3499 4847 3619 4886 vero
3655 4831 3754 4885 illa

493 4927 638 4983 sunt,
673 4935 832 4988 neque
860 4918 1020 4984 levia,
1057 4928 1136 4980 ut,
1165 4922 1252 4989 qui
1283 4918 1466 4974 ambas
1489 4920 1691 4991 legerit,
1718 4931 1988 4992 agnoscet.

565 5006 698 5062 Post
733 5006 1007 5062 Geminum
1060 5007 1334 5063 Ptolemaai
1369 5008 1498 5062 liber
1529 5012 1763 5082 sequitur
1792 5053 1807 5076 ,
1853 5012 1946 5081 qui
1978 5011 2180 5076 Φάσεις

2116 5029 2180 5076 ςις
2211 5010 2468 5066 ἀπλανῶν
2496 5010 2879 5082 ἐπισημασιῶν
2916 5011 2970 5065 in
3000 5012 3214 5083 antiquo
3244 5015 3422 5068 codice
3469 5013 3753 5082 inscriptus

495 5100 684 5173 legitur
709 5139 724 5162 ,
762 5101 842 5153 uti
865 5117 958 5154 nos
985 5099 1265 5155 edidimus.
1301 5101 1472 5172 Ilujus
1499 5104 1646 5160 nobis
1682 5108 1893 5173 copiam
1924 5107 2127 5162 amicus
2159 5105 2373 5176 quidam
2403 5106 2560 5174 fecit,
2607 5107 2698 5175 qui
2722 5121 2787 5160 ea:
2829 5109 3044 5178 antiquo
3082 5109 3257 5162 codice
3295 5125 3414 5164 eum
3455 5107 3750 5178 descripse-

493 5201 600 5245 rat.
637 5190 986 5262 Eumdemque
1007 5202 1122 5262 post
1144 5194 1434 5250 invenimus
1462 5196 1517 5250 in
1547 5195 1704 5270 Regia
1734 5197 2084 5263 bibliotheca;
2133 5207 2182 5253 et
2225 5216 2258 5253 a
2296 5199 2365 5254 cl.
2407 5199 2470 5254 γ.
2507 5197 2576 5254 D.
2609 5197 2840 5256 Nicolao
2882 5199 3114 5271 Rigaltio
3144 5203 3392 5256 utendum
3419 5203 3714 5272 accepimus
3735 5242 3754 5268 ,

495 5297 561 5336 cx
586 5300 684 5354 quo
711 5284 870 5338 etiam
897 5301 1000 5338 non
1029 5300 1198 5352 pauca
1219 5289 1614 5356 castigavimus.
1645 5289 1718 5344 De
1736 5290 1895 5360 hujus
1917 5303 2130 5346 auctore
2153 5289 2280 5362 quid
2305 5291 2486 5345 dicant
2511 5291 2644 5346 nihil
2681 5290 2867 5353 habeo.
2889 5301 3080 5361 Prteter
3104 5311 3164 5347 ea
3187 5311 3304 5365 qua:
3333 5295 3386 5347 in
3420 5295 3556 5348 notis
3591 5309 3754 5363 expo-

497 5375 594 5427 sui.
635 5373 734 5430 Cui
761 5374 966 5446 quidem
996 5373 1326 5432 Kalendaria
1349 5378 1582 5448 ejusdem
1616 5383 1914 5452 argumenti
1944 5381 2192 5452 subjecta
2224 5390 2348 5434 sunt
2376 5381 2502 5436 tria.
2537 5379 2786 5435 Primum
2815 5390 2894 5436 est
2935 5381 3030 5435 sub
3072 5381 3209 5451 falso
3235 5383 3444 5436 nomine
3471 5381 3751 5436 Ptolemaei

497 5465 692 5521 editum
723 5485 757 5522 a
789 5466 1032 5536 Leonico,
1060 5486 1087 5524 e
1129 5469 1412 5543 ercoque
1441 5473 1794 5540 translatum;
1831 5491 1988 5545 quam
2031 5474 2325 5531 miscellam
2368 5491 2482 5532 esse
2514 5477 2923 5532 tumultuariam
2972 5491 3038 5531 es:
3071 5476 3235 5532 variis
3283 5479 3750 5548 parapegmattbus

573 5641 647 5712 (α)
687 5641 758 5698 De
780 5643 1023 5700 doctrina
1052 5654 1363 5717 temporum,
1403 5655 1444 5702 t.
1475 5647 1564 5715 Ill,
1592 5647 1745 5705 Prati.

3748 6423 3816 6430 κὴ
3915 6425 3956 6432 -ιι
4019 6417 4120 6432 τιή-
