4146 6436
395 367 498 427 745
1008 360 1011 363 λ
1839 371 2179 431 MONITUM:
3067 428 3077 437 .
3541 376 3644 432 746

390 490 703 560 confectam,
740 490 1029 546 nonsemel
1056 492 1112 545 in
1142 487 1608 546 dissertationibus
1639 491 1986 547 ostendimus.
2031 490 2099 545 In
2130 507 2231 562 quo
2255 490 2518 545 ridiculus
2545 501 2624 545 est
2650 490 2964 547 Solimaaus
2992 498 3340 561 exercitator,
3364 511 3461 565 aut
3505 513 3645 554 nunc

391 584 626 638 libellum
649 584 922 638 aureolum
954 586 1009 638 in
1035 602 1133 639 sua
1164 585 1435 656 farragine
1466 584 1845 641 Plinianarum
1880 584 2349 640 Exercitationum
2386 585 2661 650 nominat;
2692 601 2757 639 ea:
2783 602 2885 657 quo
2924 588 3060 643 nihil
3088 590 3218 643 certi
3246 590 3487 660 bonique,
3519 607 3647 659 pro-

388 684 503 743 pter
547 676 940 745 confusionem,
985 686 1035 735 et
1068 687 1349 733 auctorum
1394 680 1729 750 locorumque
1760 681 1928 734 tacita
1958 680 2247 744 vocabula,
2284 680 2473 734 harum
2510 696 2687 734 rerum
2719 680 2989 738 studiosus
3033 680 3293 751 colligat:
3322 680 3413 734 sed
3452 680 3645 735 habent

388 766 586 821 similes
609 768 760 823 labra
789 769 1045 825 lactucas.
1076 770 1284 826 Alteros
1314 769 1512 826 Fastos
1539 788 1605 826 ea:
1633 771 1828 835 Ovidii,
1861 769 2172 827 Columella:
2203 771 2471 842 Pliniique
2513 771 2667 826 libris
2703 773 3134 827 concinnavimus
3166 770 3289 837 ipsi,
3319 771 3415 839 qui
3458 769 3643 826 Julia-

388 873 575 911 norum
604 861 776 913 instar
799 877 909 915 esse
936 872 1147 933 queant.
1176 862 1260 916 Es:
1297 860 1567 933 Sosigenis
1593 864 1755 928 enim,
1783 862 1863 916 vel
1887 862 2023 916 Julii
2060 861 2291 917 Casaris
2338 870 2709 933 parapegmate
2734 902 2748 928 ,
2799 880 2889 917 nec
2918 862 3219 918 uniusmodi
3256 863 3485 932 fortasse
3506 902 3522 929 ,
3562 863 3642 917 uti

390 951 519 1006 libro
551 969 587 1007 ιι
624 952 908 1010 Varinrum
942 959 1256 1022 docuimus;
1293 967 1533 1012 auctores
1565 958 1647 1011 illi
1673 958 2015 1027 phwnomena
2048 974 2147 1012 sua
2177 958 2611 1027 perscripserunt.
2646 956 2751 1023 Qui
2778 967 2956 1012 noster
2997 957 3147 1013 labor
3177 974 3280 1012 non
3326 973 3517 1027 parum
3546 973 3635 1012 eos

387 1044 780 1117 adjuvabit,qui
802 1057 979 1116 poetas
1002 1050 1236 1119 aliosque
1258 1052 1534 1120 scriptores
1565 1052 1620 1105 in
1644 1069 1830 1107 manus
1848 1052 2205 1121 sumpserint;
2241 1050 2329 1103 ubi
2353 1052 2634 1106 orientium
2646 1050 2726 1104 vel
2748 1050 3094 1115 occidentium
3121 1051 3397 1105 stellarum
3419 1052 3479 1121 fit
3507 1065 3640 1104 non-

386 1142 536 1196 nulla
566 1147 776 1210 mentio,
794 1149 1084 1214 praesertim
1106 1150 1153 1202 si
1182 1147 1251 1202 ad
1267 1164 1421 1202 usum
1448 1147 1767 1203 Kalendarii
1800 1149 1976 1215 istius,
2001 1147 2129 1201 libri
2158 1148 2315 1216 primi
2342 1148 2614 1201 variarum
2637 1145 3069 1201 dissertationum
3103 1155 3408 1201 nostrarum
3432 1145 3635 1201 doctri-

386 1251 510 1287 nam
540 1235 905 1305 adjunxerint.
936 1238 1169 1294 Tertium
1203 1250 1286 1297 est
1322 1240 1714 1296 Kalendarium
1749 1240 2089 1295 Constantini
2116 1239 2194 1294 Μ.
2224 1258 2256 1292 a
2287 1238 2498 1295 Joanne
2530 1238 2813 1295 Herwarto
2841 1239 2967 1295 olim
2993 1237 3213 1304 editum,
3239 1238 3388 1309 cujus
3413 1252 3637 1292 enarra-

382 1325 577 1379 tionem
600 1328 628 1379 ὁ
660 1329 968 1401 μακαρίτης
1008 1329 1363 1401 Hieronymus
1392 1331 1694 1385 Alexander
1722 1330 1948 1385 scribere
1981 1331 2305 1385 instituerat.

454 1417 659 1473 Exinde
689 1421 909 1475 Achillis
949 1421 1092 1476 Tatii
1134 1432 1181 1477 et
1216 1422 1508 1493 Hipparchi
1541 1422 1706 1478 libros
1738 1422 2063 1487 addidimus,
2092 1439 2222 1493 quos
2263 1420 2441 1477 Graece
2465 1423 2666 1493 primus
2713 1440 2741 1477 e
2774 1421 3009 1476 Medicea
3060 1421 3373 1477 bibliotheca
3402 1419 3633 1491 vulgavit

378 1500 571 1563 Petrus
614 1510 897 1577 Victorius,
934 1530 1027 1568 nos
1059 1512 1278 1568 Latinos
1302 1517 1544 1584 fecimus.
1583 1514 1661 1568 Ac
1703 1514 1960 1582 principio
1990 1514 2199 1583 quidem
2230 1513 2402 1568 solum
2450 1512 2665 1567 Tatium
2695 1514 2931 1581 conferre
2958 1514 3016 1567 in
3041 1513 3354 1567 Auctarium
3390 1512 3485 1566 hoc
3539 1528 3635 1565 no-

376 1610 543 1656 strum
577 1603 870 1667 voluimus;
898 1614 1014 1673 post
1049 1606 1113 1661 de
1134 1606 1436 1675 Hipparcho
1463 1624 1665 1678 quoque
1684 1608 1983 1661 remisimus
2005 1606 2283 1661 doctorum
2304 1605 2659 1674 quorumdam
2687 1608 2980 1660 amicorum
3010 1606 3270 1676 precibus.

450 1701 518 1753 In
544 1699 763 1757 Achillis
806 1704 1198 1757 commentariis
1234 1703 1491 1757 nonnulla
1521 1713 1643 1758 sunt
1671 1703 1965 1775 περίεργα,
1992 1717 2055 1756 ac
2086 1703 2299 1757 minime
2332 1703 2652 1764 necessaria,
2684 1703 2842 1770 plura
2874 1711 3049 1756 tamen
3085 1700 3220 1752 scitu
3251 1714 3355 1753 non
3392 1697 3629 1769 indigna.

377 1791 448 1847 In
474 1793 660 1863 quibus
683 1812 798 1867 quae
818 1808 969 1852 erant
997 1798 1187 1851 menda
1217 1797 1414 1867 corrigi
1438 1814 1542 1851 non
1571 1807 1873 1867 potuerunt,
1897 1795 2037 1866 quod
2076 1794 2280 1850 nullum
2314 1805 2455 1851 vetus
2484 1795 2754 1864 exemplar
2776 1834 2792 1860 ,
2838 1810 2939 1864 quo
2963 1794 3280 1858 niteremur,
3312 1795 3381 1844 ad
3409 1806 3625 1845 manum

374 1884 520 1953 fuit.-

447 1977 739 2049 Hipparchi
772 1995 887 2034 vero
919 1979 1046 2033 libri
1086 1980 1272 2034 multis
1307 1980 1361 2035 in
1388 1980 1517 2035 locis
1546 1978 1811 2035 emendati
1840 1987 1985 2046 sunt,
2018 1997 2124 2036 non
2157 1995 2223 2035 ea:
2246 1981 2551 2051 conjectura
2581 1983 2775 2046 solum,
2796 1995 2934 2050 qua,
2967 1978 3056 2033 ubi
3078 1994 3207 2048 opus
3231 1979 3354 2047 fuit,
3390 1976 3460 2029 ad
3482 1991 3632 2028 mar-

370 2072 544 2141 ginem
566 2073 799 2140 ascripta
830 2083 928 2139 est,
957 2073 1396 2143 quemadmodum
1428 2083 1480 2129 et
1512 2075 1566 2129 in
1609 2074 1815 2129 caneris
1854 2074 2093 2144 fecimus,
2121 2074 2213 2129 sed
2249 2076 2411 2130 etiam
2435 2092 2501 2132 ex
2538 2077 2753 2140 antiquo
2784 2073 3105 2129 bibliotheca
3128 2071 3301 2141 Regia
3328 2070 3483 2134 libro,
3506 2069 3629 2139 pul-

369 2170 626 2225 cherrime
656 2171 873 2238 scripto,
898 2187 1050 2241 quem
1079 2172 1228 2226 nobis
1259 2171 1327 2225 cl.
1369 2170 1432 2225 V.
1459 2170 1529 2227 Β.
1562 2169 1827 2241 Rigaltius
1858 2172 2229 2225 commodavit.
2264 2170 2344 2225 Eo
2372 2182 2639 2240 pra’eunte
2687 2172 2851 2236 libro,
2908 2164 3163 2238 quidquid
3194 2179 3362 2228 secus,
3387 2171 3540 2230 atque
3573 2161 3631 2213 in

369 2258 687 2317 Florentino
714 2263 960 2328 editione,
984 2265 1040 2318 in
1071 2263 1170 2317 hac
1205 2274 1391 2318 nostra
1420 2262 1573 2334 leges,
1605 2262 1997 2331 conformatum
2024 2278 2137 2317 esse
2169 2264 2488 2318 memineris.
2522 2264 2841 2319 Asterismos
2870 2269 3067 2323 autem,
3105 2273 3240 2329 quos
3270 2257 3365 2311 sub
3394 2255 3630 2324 Hippar-

369 2355 452 2409 chi
486 2356 695 2410 nomine
720 2356 904 2410 eadem
944 2355 1265 2411 Florentina
1302 2356 1464 2411 editio
1508 2357 1757 2423 continet,
1783 2356 2021 2410 consulto
2048 2358 2505 2424 prmtermisimus.
2551 2357 2676 2411 Non
2710 2357 2850 2411 enim
2883 2352 3173 2423 Hipparchi
3201 2360 3345 2414 sunt,
3378 2351 3468 2405 sed
3496 2349 3628 2404 Pto-

369 2442 561 2509 lemaei,
589 2459 622 2496 a
652 2444 803 2513 cujus
833 2443 1016 2498 tabula
1044 2445 1232 2515 paucis
1264 2443 1531 2499 interdum
1556 2446 1775 2499 minutis
1800 2445 2124 2514 discrepant.
2165 2444 2353 2515 Itaque
2391 2462 2835 2515 supervacaneum
2866 2462 2977 2505 erat
3010 2452 3133 2505 illos
3165 2451 3427 2505 recudere.

441 2530 685 2589 Succedit
726 2536 809 2590 his
841 2534 1002 2591 Gaza:
1047 2537 1177 2590 liber
1212 2535 1292 2592 De
1324 2538 1611 2593 mensibus
1652 2536 1850 2594 Atticis
1872 2577 1889 2605 ,
1938 2553 2059 2592 cum
2088 2536 2288 2592 Latina
2335 2541 2568 2594 versione
2594 2538 2826 2594 Joannis
2855 2541 3083 2597 Perrelli
3112 2552 3233 2598 ante
3285 2552 3490 2597 centum
3520 2540 3627 2610 [ere

369 2639 536 2679 annos
571 2625 737 2682 edita.

438 2719 570 2775 Tum
608 2720 665 2776 S.
697 2719 926 2778 Παπίνιιί
944 2725 1194 2793 martyris
1234 2725 1557 2794 Computus,
1584 2739 1739 2794 quem
1770 2738 1797 2777 e
1833 2719 2094 2777 Vaticana
2132 2723 2447 2779 bibliotheca
2484 2723 2882 2780 describendum
2918 2725 3119 2780 curavi.
3153 2723 3332 2793 Hujus
3377 2730 3626 2800 excerpta

368 2812 606 2877 quwdam
631 2813 890 2885 Josephus
939 2816 1179 2889 Scaliger
1204 2820 1348 2887 operi
1388 2817 1466 2873 De
1493 2815 1874 2873 emendatione
1905 2824 2209 2888 temporum
2254 2818 2580 2882 inseruerat;
2633 2828 2684 2872 et
2729 2818 2975 2872 uberibus
3005 2819 3142 2871 notis
3175 2815 3345 2871 (ἕναθοὶ
3389 2806 3624 2879 οοηψαι⁸

368 2907 659 2962 doctrinam
684 2909 1021 2979 explicarat‘:
1049 2927 1166 2981 qua:
1196 2926 1300 2976 res,
1321 2911 1401 2963 uti
1429 2919 1620 2965 ctetera
1653 2907 1801 2963 illius
1822 2910 2011 2977 operis,
2035 2910 2083 2963 ei
2110 2910 2393 2978 infeliciter
2426 2910 2701 2975 successit,
2741 2919 2801 2963 ut
2841 2925 2907 2965 ea:
2928 2908 3314 2964 dissertatione
3341 2917 3527 2963 nostra
3547 2905 3624 2961 De

366 3003 677 3059 Graecorum
705 3004 831 3059 aeris
857 3018 921 3057 ac
954 3004 1224 3074 computis
1252 3000 1490 3057 eruditus
1518 3004 1680 3055 lector
1701 2999 1977 3072 intelliget.
2010 3000 2311 3071 Adjecimus
2340 3009 2390 3056 et
2424 3000 2606 3056 Isaaci
2624 3000 2821 3072 Arggri
2850 3010 3152 3071 computum
3185 2998 3471 3068 duplicem,
3495 3013 3627 3068 quo-

367 3109 484 3147 rum
507 3096 654 3165 prior
681 3112 715 3149 a
744 3093 944 3149 Jacobo
973 3093 1349 3150 Christmanno
1391 3095 1619 3163 primum
1647 3092 1825 3148 Greece
1865 3102 2108 3164 vulgatus
2137 3103 2252 3158 est;
2283 3112 2378 3149 nos
2404 3093 2596 3149 Latine
2622 3096 2892 3160 vertimus,
2923 3103 2974 3148 et
3014 3094 3359 3162 posteriorem
3384 3090 3624 3160 ejusdem

365 3193 663 3253 computum
690 3200 754 3239 ea:
779 3183 1220 3240 Christianissimi
1248 3186 1386 3255 regis
1404 3182 1715 3238 bibliotheca
1746 3181 2059 3243 subiecimus
2082 3183 2327 3254 beneﬁcio
2361 3184 2428 3241 cl.
2464 3184 2528 3242 V.
2568 3183 2784 3239 Nicolai
2812 3183 3053 3255 Rigaltii.
3088 3186 3325 3239 Accessit
3356 3182 3622 3238 perbrevis

366 3276 589 3333 Andrea:
619 3275 881 3332 Cretensis
913 3286 1189 3349 computus
1224 3278 1355 3332 olim
1384 3276 1454 3331 ad
1494 3293 1587 3331 nos
1613 3293 1646 3330 a
1677 3274 1743 3329 P.
1779 3275 1993 3332 Andrea
2020 3274 2235 3331 Schotto
2267 3279 2493 3344 missus,
2529 3294 2682 3349 quem
2720 3293 2786 3333 ex
2827 3275 3088 3333 Vaticana
3117 3294 3172 3332 se
3198 3275 3458 3345 accepisse
3482 3278 3625 3331 scri-

364 3380 511 3441 ptum
535 3370 767 3444 reliquit.

1159 3501 3608 3538 mw
3632 3500 3639 3531 ε

1640 3602 1843 3656 ΠΕΡΙ
1918 3604 2370 3671 ΙΠΠΑΡΧΟΥ,

1782 3724 1848 3777 ὲκ
1875 3722 1984 3778 τῶν
2016 3724 2228 3779 Σουῖδα.

1477 3835 1851 3893 HIPPARCHI
1889 3835 2200 3893 ELOGIUM
2251 3836 2295 3890 Ε
2337 3834 2565 3892 SUIDA.

434 3974 734 4048 Ἵππαρχος
783 3973 1019 4040 Νικαεὺς
1070 3975 1378 4048 φιλόσοφος,
1421 3975 1659 4046 γεγονὼς
1700 3975 1794 4030 ἐπὶ
1833 3972 1943 4027 τῶν

2121 3972 2467 4045 Hipparchus
2512 3973 2765 4032 Nicmnus
2812 3975 3202 4046 philosophus,
3248 3977 3344 4048 qui
3389 3976 3494 4033 fuit
3520 3981 3623 4037 sub

364 4067 607 4135 ὑπάτων,
658 4068 864 4140 ἔγραψε
903 4069 1044 4138 Περὶ
1093 4068 1213 4124 τῶν
1239 4069 1486 4139 Ἀράτου
1543 4068 1939 4139 Φαινομένων,

2050 4067 2388 4132 consulibus,
2422 4068 2643 4137 scripsit
2670 4065 2748 4123 De
2772 4069 2927 4122 Arati
2961 4068 3337 4140 phaenomenis,
3383 4071 3462 4125 De
3494 4073 3622 4128 stel-

365 4160 630 4230 περὶτῆς
654 4160 771 4216 τῶν
789 4161 1074 4218 ἀπλανῶν
1104 4161 1468 4228 συντάξεως,
1495 4162 1591 4216 καὶ
1625 4160 1732 4216 τοῦ
1760 4176 1940 4216 κατα-

2051 4159 2224 4212 larum
2246 4160 2599 4215 inerrantium
2622 4160 3013 4226 constitutione,
3046 4173 3097 4216 et
3126 4161 3343 4217 immota
3365 4166 3622 4230 statione;

362 4255 718 4324 στηριγμοῦ·
753 4256 889 4325 περὶ
927 4254 1036 4325 τῆς
1070 4256 1219 4310 κατὰ
1259 4256 1486 4322 πλάτος
1507 4256 1788 4325 μηνιαίας
1831 4252 1940 4323 τῆς

2047 4250 2128 4305 De
2156 4261 2422 4307 menstruo
2456 4252 2595 4308 luna:
2629 4262 2774 4306 motu
2804 4253 3088 4307 secundum
3120 4254 3474 4323 latitudinem,
3496 4266 3546 4310 et
3568 4257 3624 4309 in

361 4343 631 4416 σελήνης
658 4346 975 4418 κινήσεως,
1005 4348 1105 4402 καὶ
1130 4350 1220 4416 είς
1245 4348 1389 4415 τοὺς
1424 4332 1843 4417 ἂστερισμούς.

734 4346 975 4418 νοήσεως,
1005 4348 1105 4402 καὶ
1130 4350 1220 4416 είς
1245 4348 1389 4415 τοὺς
1424 4332 1843 4417 ἂστερισμούς.
2047 4347 2371 4400 asterismos.

1971 4462 2032 4483 νι-

1550 4548 1711 4601 ΠΕΡΙ
1756 4544 2104 4600 ΑΧΙΛΛΕΩΣ
2145 4543 2441 4597 ΣΤΑΤΙΟΥ

1781 4665 1847 4717 ἐκ
1882 4658 1976 4717 τοῦ
2014 4656 2199 4712 αὐτοῦ.

1402 4777 1509 4851 [DE
1545 4777 1841 4834 ACHILLE
1879 4776 2138 4838 STATIO
2177 4774 2269 4830 EX
2305 4773 2580 4832 EODEM.'

445 4897 715 4969 Ἀχιλλεὺς
731 4900 975 4967 Στάτιος,
991 4900 1387 4973 Ἀλεξανδρεὺς.
1410 4905 1438 4957 ὁ
1459 4902 1675 4974 γράψας
1696 4902 1764 4958 τὰ
1788 4902 1940 4957 κατὰ

2117 4896 2355 4953 Achilles
2375 4894 2605 4960 Statius,
2638 4894 3043 4954 Alexandrinus
3066 4937 3083 4965 ,
3109 4898 3204 4967 qui
3238 4895 3317 4952 De
3357 4895 3616 4971 Leucippo

361 4990 715 5059 Λευκίππην
740 4991 838 5046 καὶ
864 4990 1301 5062 Κλειτοφῶντα,
1339 4994 1434 5047 καὶ
1455 4993 1589 5047 ἄλλα
1611 4991 1849 5064 ἐρωτικὰ
1880 4991 1941 5044 ὲν

2044 4999 2096 5044 et
2133 4988 2469 5057 Clitophonte
2489 4987 2732 5058 scripsit,
2760 4994 2815 5042 et
2846 4988 2954 5041 alia
2975 4987 3244 5043 amatoria
3273 4988 3431 5045 libris
3454 5000 3611 5058 octo;

363 5078 588 5150 βιϐλίοις
614 5088 684 5154 η’,
712 5082 935 5151 γέγονεν
971 5082 1198 5153 ἔσχατον
1225 5083 1548 5154 Χριστιανὸς
1588 5082 1682 5135 καὶ
1709 5081 1939 5133 ἐπίσκοο

2041 5080 2260 5136 tandem
2296 5078 2474 5134 factus
2505 5085 2591 5135 est
2631 5077 2978 5135 Christianus
3022 5086 3077 5135 et
3121 5082 3433 5152 episcopus.
3468 5080 3617 5137 Scri-

359 5189 480 5237 πος.
511 5174 759 5247 Ἔγραψε
786 5174 843 5228 δὲ
865 5174 1006 5243 Περὶ
1048 5174 1331 5244 σφαίρας,
1386 5172 1486 5227 καὶ
1517 5171 1936 5242 ἐτυμολογίας,

2038 5171 2149 5242 psit
2173 5170 2249 5225 De
2278 5171 2506 5241 sphera,
2531 5177 2585 5226 et
2607 5170 2965 5242 Etgmologia,
2992 5179 3047 5228 et
3072 5171 3372 5229 Historiam
3408 5175 3618 5229 miscel—

359 5266 457 5320 ual.
495 5267 780 5336 Ἱστορίαν
800 5269 1155 5337 σύμμικτον,
1191 5264 1401 5320 πολλῶν
1433 5265 1529 5319 καὶ
1558 5264 1809 5335 μεγάλων
1842 5266 1937 5317 καὶ

2038 5265 2290 5329 laneam;
2324 5278 2447 5334 quas
2478 5263 2797 5329 multorum,
2824 5271 2879 5318 et
2902 5279 3222 5335 magnorum
3242 5305 3259 5331 ,
3290 5274 3345 5322 et
3379 5266 3618 5321 admira-

250 5380 269 5403 ο
359 5352 677 5425 θαυμασίων
694 5356 902 5428 ἀνδρῶν
926 5354 1388 5429 μνημονεύουσαν.
1424 5353 1487 5409 Ὀ
1508 5352 1564 5407 δὲ
1592 5353 1750 5423 λόγος
1768 5354 1887 5407 αὐτ(

2039 5356 2231 5412 bilium
2266 5356 2511 5411 virorum
2555 5355 2891 5412 mentionem
2940 5355 3092 5412 facit.
3122 5355 3298 5428 Ipsius
3323 5373 3453 5414 vero
3494 5372 3618 5413 ora-

359 5446 502 5501 κατὰ
527 5447 703 5502 πάντα
723 5449 905 5520 ὅμοιος
929 5451 1041 5514 τοῖς
1061 5450 1367 5521 ἐρωτικοῖς.

2037 5447 2119 5504 tio
2148 5449 2207 5504 in
2260 5447 2515 5505 omnibus
2570 5462 2799 5520 prorsus
2844 5456 2931 5504 est
2968 5450 3249 5507 amatoriis
3277 5450 3616 5507 orationibus

2041 5539 2259 5597 similis.

432 5627 682 5709 Heminit
704 5642 754 5685 et
780 5632 1003 5709 Achillis
1041 5631 1183 5709 Tatii
1213 5631 1433 5709 fhotius
1463 5630 1578 5709 cod.
1613 5645 1856 5709 uituli,
1885 5632 1978 5687 ubi
1996 5650 2100 5709 non
2123 5635 2352 5709 szgtov
2382 5645 2554 5709 vocat,
2586 5637 2680 5709 sed
2716 5637 2933 5709 Τάτιον,
2960 5638 3400 5709 quemadmodum
3429 5649 3479 5693 et
3507 5639 3621 5694 Pa-

360 5695 563 5780 latinus
588 5701 1019 5780 codexhabebat,
1046 5703 1184 5780 unde
1204 5702 1558 5780 Clitophontis
1585 5712 1637 5755 et
1668 5695 1958 5780 Leucippes
1982 5705 2204 5780 Amores
2228 5695 2586 5780 Commelinus
2614 5707 2800 5767 edidit.
2833 5695 2985 5764 Nam
3009 5711 3180 5765 altera
3202 5726 3269 5765 ex
3288 5727 3467 5767 errore
3497 5727 3620 5780 pro-

360 5766 501 5835 fecta
529 5769 683 5825 lectio
720 5771 941 5840 videtur,
975 5774 1194 5841 repetita
1216 5766 1490 5845 perperam
1519 5771 1699 5830 littera
1726 5772 1767 5825 Σ
1785 5766 1851 5829 ea:
1863 5766 2040 5842 priori
2064 5776 2636 5845 ηοηιὶηε,”Δνιλλέως.

603 5866 877 5927 Parnm.
909 5866 1217 5955 ϐιηΧΙΧ
3221 5873 3296 5933 9³
