4146 6462
489 340 596 399 747

1476 331 1566 387 AD
1602 329 1874 388 EUSEBII
1912 325 2309 386 CHRONICON
2340 326 2713 384 APPENDIX.

3625 322 3740 382 74η

487 522 3736 568 ____________________________________.

1266 804 1280 817 .
1381 681 2067 806 ΓΕΜΙΝΟΥ
2138 682 2894 798 ΕΙΣΑΓΩΓΗ

1772 898 2012 969 ΕΙΣΤΑ
2051 897 2472 952 ΦΑΙΝΟΜΕΝΑ.

1054 1253 1487 1349 GEMINI
1576 1247 2224 1341 ELEMENTA
2306 1242 3175 1341 ASTBONOMUE.

1576 1467 1931 1547 lnterprete
1963 1472 2185 1538 Edone
2223 1469 2555 1533 Hilderico
2584 1469 2661 1530 Β.

1051 1772 1100 1846 ι
1153 1772 1383 1830 CAPUT
1416 1773 1459 1828 ι.

552 1883 828 1945 Zodiacus
857 1884 1098 1943 circulus
1142 1886 1198 1940 in
1227 1884 1513 1941 duodecim
1562 1884 1823 1943 dividitur
1863 1898 2067 1959 partes,

489 1989 654 2050 atque
685 1980 881 2035 borum
925 1985 1333 2049 segmentorum
1365 1978 1798 2050 unumquodque
1835 1996 2064 2051 genera-

491 2073 614 2126 liter
658 2071 879 2142 quidem
917 2078 1148 2125 vocatur
1193 2068 1698 2135 dodecatemorion,
1735 2071 1791 2125 id
1822 2078 1906 2127 est
1934 2087 2084 2142 pars

490 2160 841 2226 duodecima,
874 2159 1188 2230 specialiter
1219 2174 1350 2215 vero
1376 2160 1592 2231 signum
1631 2179 1646 2217 :
1682 2162 1846 2233 idque
1874 2176 1907 2217 a
1938 2165 2068 2219 stel-

487 2252 578 2316 lis,
607 2266 744 2322 quas
777 2251 1042 2315 continet,
1089 2257 1145 2305 et
1173 2264 1205 2304 a
1238 2250 1439 2320 quibus
1478 2252 1645 2306 etiam
1693 2262 1901 2308 certam
1949 2252 2065 2309 elli-

488 2343 631 2414 giem
683 2343 928 2399 sortitur.
990 2343 1129 2397 Sunt
1158 2351 1338 2398 autem
1376 2342 1492 2398 haec
1517 2343 1805 2399 duodecim
1852 2344 2007 2416 signa
2048 2364 2063 2401 :

487 2436 667 2501 Aries,
702 2434 938 2499 Taurus,
974 2434 1212 2502 Gemini,
1243 2434 1475 2502 Cancer,
1496 2434 1626 2500 Leo,
1657 2433 1844 2507 Virgo,
1878 2435 2063 2504 Libra,

491 2523 777 2596 Scorpius,
829 2525 1195 2596 Sagittarius,
1250 2525 1644 2597 Capricornus,
1688 2526 1965 2599 Aquarius
2011 2536 2067 2585 et

486 2617 698 2673 Pisces.

458 2688 475 2707 ’
556 2707 768 2765 Dicitur
806 2707 1021 2778 signum
1072 2709 1286 2764 duobus
1334 2709 1549 2765 modis:
1589 2726 1721 2777 uno,
1760 2710 2063 2767 secundum

494 2816 660 2871 quem
687 2810 775 2857 est
801 2801 1127 2858 duodecima
1170 2815 1296 2871 pars
1325 2802 1535 2857 zodiaci
1569 2821 1583 2857 :
1614 2817 1736 2872 qua:
1776 2810 1862 2859 est
1895 2803 2067 2858 inter-

487 2890 690 2947 vallum
732 2892 1004 2962 quoddam
1035 2891 1231 2955 locale,
1274 2891 1544 2963 quodvel
1571 2892 1770 2958 stellis,
1812 2894 1898 2948 vel
1928 2908 2068 2963 pun-

489 2986 594 3042 ctis
623 2985 1050 3052 determinatur;
1077 2988 1270 3051 altero,
1304 2984 1605 3041 secundum
1635 3000 1797 3055 quem
1824 2992 1910 3042 est
1938 3001 2066 3042 con-

2092 1783 2142 1843 A
2190 1788 2197 1795 .

2691 1770 3085 1825 ΚΕΦΔΛΑΙΟΝ
3134 1769 3212 1824 A’.

2258 1893 2300 1947 0
2325 1890 2433 1944 τῶν
2453 1886 2659 1952 ζωδίων
2677 1885 2877 1949 κύκλος
2898 1886 3188 1956 διαιρεῖται
3213 1884 3293 1947 είς
3323 1882 3463 1956 μέρη
3490 1879 3739 1950 δεκαδύο,

2162 1980 2258 2034 καὶ
2278 1980 2525 2033 καλεῖται
2557 1975 2752 2039 κοινῶς
2781 1974 2878 2045 μὲν
2905 1974 3137 2028 ἕκαστον
3172 1973 3282 2027 τῶν
3299 1989 3410 2044 τμη
3421 1973 3605 2044 μάτων
3631 1973 3740 2027 δω-

2164 2071 2557 2142 δεκατημόριον
2582 2087 2596 2101 ·
2642 2069 2786 2131 ἰδίως
2840 2067 2899 2121 δὲ
2950 2067 3058 2120 ἀπὸ
3100 2066 3208 2120 τῶν
3263 2065 3741 2138 ἐμπεριεχομένων

2164 2164 2430 2233 ἀστέρων,
2467 2161 2555 2231 ὑφ’
2600 2153 2676 2214 ὧν
2726 2158 2821 2212 καὶ
2869 2156 3222 2211 διατυποῦται
3276 2158 3504 2210 ’ἑκαστον
3560 2155 3742 2210 αὐτῶν

2166 2254 2373 2320 ζώδιον.
2406 2254 2562 2307 Ἐστι
2603 2252 2661 2306 δὲ
2689 2252 2783 2306 καὶ
2819 2253 2888 2307 τά
2924 2252 3130 2305 δώδεκα
3171 2247 3335 2313 ζὼδια
3365 2248 3512 2313 τάδε,
3546 2247 3738 2320 Κριὸς,

2164 2346 2397 2418 Ταῦρος,
2430 2346 2671 2414 Δίδυμοι,
2700 2344 2993 2415 Καρκίνος,
3021 2342 3193 2403 Λέων,
3219 2339 3513 2413 Παρθένος,
3544 2338 3738 2407 Ζυγδς,

2165 2435 2456 2507 Σκορπίος,
2479 2433 2733 2506 Τοξότης,
2750 2433 3084 2504 Δίγόκερως,
3111 2429 3416 2502 Ὑδροχόος,
3443 2428 3665 2500 Ἰχθύες.

2235 2717 2410 2788 Διχῶς
2441 2716 2500 2771 δὲ
2536 2716 2753 2785 λέγεται
2779 2715 2856 2787 (Ι)
2892 2713 3082 2779 ζώδιον
3101 2732 3115 2745 ·
3144 2714 3263 2769 καθ’
3293 2714 3389 2769 ἕνα
3416 2714 3515 2786 μὲν
3539 2715 3741 2788 τρόπον

2162 2808 2225 2863 τὸ
2246 2794 2351 2880 ιβ⁶⁹’
2379 2810 2542 2882 μέρος
2574 2809 2668 2862 τοῦ
2705 2806 2970 2873 ζωδιακοῦ
3005 2807 3204 2861 κύκλου
3224 2825 3237 2838 ·
3269 2809 3298 2861 ὅ
3324 2808 3439 2860 ἐστι
3467 2806 3742 2877 διάστημά

2161 2917 2214 2953 τι
2240 2900 2429 2966 τόπου,
2456 2901 2489 2971 ἢ
2530 2901 2771 2972 ἄστροις,
2801 2899 2835 2970 ἢ
2871 2900 3120 2970 σημείοις
3145 2898 3539 2971 ἀφοριζόμενον
3564 2916 3576 2929 ’
3614 2897 3736 2952 καθ’

2161 2992 2348 3063 ἕτερον
2396 2991 2452 3045 δὲ
2485 2992 2653 3045 τὸτὲκ
2713 2991 2836 3045 τῶν.
2884 2992 3131 3062 ἀστέρων
3183 2990 3739 3062 είδωλοπεποιημένον

489 3078 729 3133 stellatio
779 3076 1070 3148 quaedam,
1118 3093 1183 3133 ex
1216 3076 1467 3148 pluribus
1511 3076 1687 3133 stellis
1738 3076 2060 3149 composita,

2165 3084 2307 3139 κατὰ
2326 3086 2425 3157 τὴν
2450 3085 2744 3157 ὁμοιότητα
2770 3085 2866 3138 καὶ
2889 3084 2989 3158 τὴν
3023 3084 3173 3138 Θέσιν
3204 3083 3313 3139 τῶν
3340 3082 3610 3154 ἀστέρων.

488 3166 787 3222 secundum
819 3166 1251 3232 similitudinem,
1279 3174 1333 3221 et
1365 3167 1528 3221 situm
1562 3166 1863 3222 stellarum.
1948 3217 1957 3223 .

559 3252 1006 3310 Dodecatemoria
1030 3255 1217 3326 igitur,
1247 3254 1429 3326 quoad
1457 3255 1889 3327 magnitudinem
1920 3256 2064 3312 inter

489 3360 549 3403 se
591 3354 721 3402 sunt
768 3347 1019 3417 aequalia,
1077 3361 1142 3402 eo
1174 3346 1322 3417 quod
1361 3345 1620 3402 zodiacus
1672 3347 1727 3400 in
1774 3346 2063 3401 duodecim

488 3449 670 3511 partes
698 3438 934 3508 aequales
983 3445 1067 3493 est
1104 3436 1358 3493 divisus:
1382 3445 1439 3492 at
1469 3438 1649 3508 signa,
1683 3453 1805 3508 quae
1839 3452 1906 3492 ex
1939 3436 2064 3493 lixis

488 3529 663 3585 stellis
696 3535 825 3584 sunt
855 3529 1180 3600 composita,
1215 3543 1395 3599 neque
1420 3528 1563 3586 inter
1591 3545 1651 3585 se
1674 3535 1804 3585 sunt
1831 3526 2065 3599 aequalia

489 3621 669 3692 quoad
702 3620 1153 3693 magnitudinem,
1214 3635 1393 3691 neque
1446 3636 1515 3677 ex
1551 3619 1856 3690 aequalibus
1889 3617 2065 3674 stellis

490 3723 619 3771 sunt
647 3714 970 3784 composita,
994 3727 1172 3783 neque
1192 3714 1411 3782 explent
1440 3712 1661 3782 propria
1690 3709 1866 3782 spatia
1898 3709 2069 3766 dede-

491 3804 954 3869 catemoriorum;
1014 3804 1112 3858 sed
1150 3803 1400 3874 quaedam
1435 3804 1506 3858 ab
1543 3801 1857 3872 ltujusmodi
1887 3800 2071 3871 exple-

491 3895 637 3951 tione
661 3894 940 3958 deﬁciunt,
962 3902 1022 3949 ut
1049 3893 1280 3960 Cancer,
1301 3909 1528 3965 parvum
1553 3894 1699 3949 enim
1723 3893 1957 3964 spatium
1984 3891 2071 3948 sui

492 3986 698 4057 proprii
738 3986 845 4041 loci
872 3992 1105 4054 occupat
1133 4008 1145 4041 :
1171 3986 1423 4056 quaedam
1456 4001 1590 4042 vero
1622 3987 1769 4041 ultra
1800 4000 1902 4041 sua
1932 3999 2060 4056 pro-

493 4078 608 4149 pria
656 4077 777 4131 loca
820 4079 1206 4142 extenduntur,
1254 4086 1308 4133 et
1339 4084 1523 4149 partes
1561 4077 1826 4148 quasdam
1856 4091 2062 4148 prame-

492 4167 736 4224 dentium
784 4175 841 4224 et
885 4168 1231 4240 sequentium
1300 4169 1581 4239 signorum
1632 4178 1942 4240 occupant,
2002 4176 2065 4223 ut

493 4258 622 4317 Leo.

2159 3292 2171 3327 ε
2229 3262 2311 3318 Τά
2345 3262 2444 3334 μὲν
2479 3258 2572 3315 οὖν
2614 3259 3065 3332 δωδεκατημόρια
3098 3260 3189 3314 ῐσα
3223 3262 3341 3315 ἐστὶ
3368 3261 3511 3315 κατὰ
3545 3259 3607 3315 τὸ
3646 3261 3741 3332 μέ-

2159 3354 2320 3426 γεθος
2337 3371 2352 3385 ο
2390 3353 2645 3425 διῄρηται
2669 3354 2686 3384 ¹
2709 3353 2766 3407 δὲ
2792 3355 2821 3407 ό
2846 3352 2954 3405 τῶν
2983 3352 3189 3418 ζωδίων
3212 3352 3409 3417 κύκλος
3440 3355 3519 3417 είς
3550 3352 3617 3424 ιβ’
3643 3353 3741 3423 μέ-

2164 3465 2231 3520 ρη
2265 3446 2383 3500 ῐσα·
2416 3445 2486 3499 τά
2512 3445 2569 3499 δὲ
2602 3444 3078 3517 κατηστερισμένα
3100 3444 3121 3476 ⁸
3154 3443 3322 3510 ζώδια
3349 3444 3472 3503 οὔτε
3506 3445 3596 3499 ῐσα
3621 3444 3740 3499 ἐστὶ

2162 3537 2302 3593 κατὰ
2322 3537 2382 3590 τὸ
2417 3535 2666 3607 μέγεθος,
2697 3535 2821 3589 οὔτε
2854 3536 2915 3600 ἐξ
2938 3535 3068 3590 ίσων
3100 3536 3346 3608 ἀστέρων
3373 3536 3734 3609 συνέστηκενθ

2161 3629 2286 3684 οὔτε
2320 3629 2498 3683 πάντα
2519 3628 2787 3700 ἐκπληροῖ
2810 3628 2887 3698 (2)
2914 3630 3040 3692 τοὺς
3074 3627 3232 3692 ἰδίους
3262 3629 3460 3693 τόπους
3489 3629 3597 3682 τῶν
3630 3629 3738 3683 6t»-

2162 3720 2595 3794 δεκατημορίων,
2622 3720 2737 3774 ἀλλ’
2771 3721 2808 3774 ἃ
2837 3720 2936 3791 μὲν
2970 3719 3227 3786 ἐλλείπει,
3254 3720 3507 3793 καθάπερ
3528 3722 3558 3774 ό
3586 3723 3739 3794 Καρ-

2166 3813 2330 3879 κίνος,
2363 3813 2556 3885 μικρὸν
2584 3811 2642 3865 δὲ
2669 3812 2834 3865 τόπον
2866 3811 3049 3882 ἐπέχει
3084 3811 3180 3865 τοῦ
3216 3811 3347 3865 ἰδίου
3384 3812 3582 3865 τόπου·
3611 3811 3648 3866 ἃ
3680 3811 3737 3868 δί

2168 3906 2521 3978 ὑπερπίπτει,
2553 3905 2647 3959 καὶ
2684 3904 2825 3976 μέρη
2856 3902 2981 3958 τινὰ
3004 3902 3112 3956 τῶν
3154 3904 3605 3975 προηγουμένων,
3643 3902 3739 3957 καὶ

2162 3996 2271 4052 τῶν
2327 3996 2608 4068 ἑπομένων
2658 3994 2866 4061 ζωδίων
2921 3994 3285 4067 έπιλαμὸἀνει
3314 3994 3371 4062 ³,
3414 3994 3667 4067 καθάπερ
3705 3994 3738 4050 6

2164 4089 2339 4145 Λέων.

560 4419 578 4451 ⁸
614 4434 705 4488 γρ.
738 4418 967 4491 δίοπτρα
998 4419 1109 4491 γὰρ
1133 4418 1407 4492 διῄρηται.
1482 4421 1503 4452 ⁸
1532 4437 1622 4491 γρ.
1651 4419 2150 4493 κατεστηριγμένα.
2227 4417 2249 4450 ³
2276 4435 2368 4489 rp.
2396 4412 2896 4488 δπιλαμϐανόμενα.

560 4573 633 4655 (l)
666 4574 851 4655 Atxéiq
882 4574 952 4628 δὲ
974 4575 1231 4655 λέγεται.
1261 4573 1528 4655 Zodiacus
1549 4574 1745 4655 duplex
1767 4586 1875 4655 est,
1906 4572 2053 4655 quod
2081 4596 2083 4619 ι

2161 4588 2328 4655 quam
2348 4570 2718 4655 Hipparchum
2751 4572 3020 4655 sequitur.
3055 4570 3242 4655 Neque
3265 4575 3328 4628 τὺ
3351 4574 3585 4655 ἀκριϐὲς
3608 4589 3741 4655 con-

486 4644 906 4716 ad'rinstitutum
961 4654 1210 4701 nostrqu
1260 4647 1542 4716 pertinet:
1584 4644 1723 4700 alter
1771 4645 1827 4699 in
1873 4644 2054 4715 primo

488 4715 695 4780 mobili,
728 4717 820 4785 qui
857 4716 1021 4770 situm
1053 4732 1162 4771 non
1206 4715 1409 4778 mutat,
1443 4717 1547 4778 hoc
1584 4724 1669 4771 est
1710 4716 2056 4770 intersectio-

489 4801 585 4840 nes
602 4786 832 4855 easdem
874 4793 1139 4854 perpetuo
1186 4786 1307 4854 ejus
1339 4786 1588 4855 ecliptica
1638 4800 1764 4839 cum
1810 4790 2057 4855 aequino-

486 4854 637 4909 ctiali
688 4855 926 4910 retinet:
964 4863 1018 4909 ct
1062 4866 1147 4910 est
1197 4854 1493 4923 imaginum
1540 4870 1770 4924 expers;
1816 4854 1954 4910 alter
1999 4854 2053 4909 in

483 4924 618 4980 orbe
654 4924 872 4980 stellato
921 4925 1014 4994 qui
1067 4928 1147 4988 εἰς
1198 4924 1268 4976 τὰ
1302 4925 1543 4995 ἑπόμενα
1585 4940 1935 4995 progressum
1970 4924 2054 4977 fa-

487 4995 661 5058 ciens,
687 4996 743 5049 in
779 4995 901 5049 aliis
926 5003 981 5049 et
1014 4996 1137 5049 aliis
1170 4996 1391 5063 punctis
1410 4994 1678 5050 continue
1700 4994 2057 5050 intersectio-

486 5081 585 5131 nes
607 5079 730 5119 cum
746 5066 1122 5136 aequinoctiali
1156 5064 1307 5136 facit.
1342 5063 1517 5135 llujus
1553 5065 1772 5135 propria
1799 5073 1925 5136 sunt
1954 5064 2058 5130 ζώ-

483 5137 604 5197 δια,
662 5137 778 5190 sive
824 5134 1107 5191 'asterisnti
1175 5134 1761 5191 dodecatemoriorum.
1842 5134 2058 5190 Primus

490 5203 854 5275 Hipparchus,
877 5207 1095 5261 collatis
1124 5205 1269 5261 inter
1297 5222 1356 5261 se
1380 5215 1621 5261 veterum
1644 5222 1707 5260 ac
1730 5206 1845 5260 suis
1869 5205 2058 5259 obsn-

488 5277 816 5339 vationibus,
861 5278 1177 5346 suspicatus
1207 5285 1293 5332 est
1329 5278 1533 5332 moveri
1574 5277 1628 5329 in
1662 5276 2058 5344 consequentia

487 5346 767 5415 signorum
826 5355 1076 5417 octavam
1128 5346 1432 5417 sphaeram.
1486 5346 1755 5417 adeoque
1784 5346 2055 5417 duplicem

486 5430 609 5471 esse
659 5417 966 5490 zodiacum.
1018 5415 1125 5472 Sed
1154 5415 1298 5486 quod
1343 5415 1653 5490 ὁλοσχερεῖς
1679 5416 1922 5486 priorum
1955 5416 2054 5490 ob-

486 5487 824 5558 servationes
880 5488 1091 5551 forent,
1138 5502 1316 5558 neque
1357 5487 1496 5544 satis
1534 5487 1752 5558 longum
1783 5495 1946 5558 esset
1976 5487 2059 5558 in-

488 5555 770 5623 teriectum
819 5559 1090 5627 spatium,
1139 5555 1249 5630 non
1279 5555 2059 5630 penitusrallirmavitLPtoleé

486 5641 655 5697 matus
727 5626 861 5681 vero
918 5642 1055 5697 rem
1110 5626 1297 5697 plane—
1341 5628 1572 5684 deﬁniit.
1636 5626 1764 5682 llaec
1826 5627 2058 5682 dicenda

480 5694 820 5769 iurruut,‘ne
851 5698 976 5769 quis
1013 5696 1067 5769 id,
1097 5694 1127 5751 εἰ
1156 5697 1387 5753 Gemino
1415 5701 1643 5769 miretur
1666 5714 1788 5753 esse
1813 5698 2059 5769 prmteri-

489 5780 617 5835 tum,
650 5766 778 5838 qui,
827 5776 884 5820 ut
919 5767 971 5822 in
1020 5768 1297 5840 plerisque
1348 5770 1489 5837 aliis,
1528 5766 1829 5827 Eudoxum'
1850 5769 2055 5841 potius,

2161 4642 2598 4716 sectatur,_quod
2628 4658 2727 4697 nec
2763 4643 2866 4696 fuit
2886 4658 3114 4716 necesse
3129 4642 3452 4716 electrum-ip;
3476 4660 3539 4701 ac
3558 4647 3738 4716 prima

2161 4713 2327 4784 hujus
2345 4714 2479 4768 artis
2504 4715 2771 4768 elementa
2798 4713 3083 4768 scribenti.
3116 4713 3388 4781 Quocirca
3411 4713 3480 4771 de
3510 4713 3741 4773 zodiaca

2161 4785 2244 4856 sic
2276 4784 2533 4853 loquitur,
2570 4785 2727 4856 quasi
2768 4784 2933 4856 unius
2965 4785 3117 4839 orbis
3157 4794 3325 4849 esset,
3359 4800 3423 4839 ac
3452 4801 3739 4856 nunquam

2162 4852 2636 4927 situm’mutaret.
2676 4852 3138 4927 podecatemoria
3185 4857 3302 4909 veri
3356 4852 3602 4927 zodiaci;
3645 4857 3742 4927 qui

2160 4931 2247 4980 est
2279 4922 2332 4976 i'n
2368 4925 2547 4993 primo
2584 4924 2792 4987 mobili,
2829 4924 2895 4978 de
2929 4921 3161 4990 ζωδίοις,
3207 4932 3262 4980 et
3304 4926 3611 4981 asterismis
3640 4921 3743 4981 vo-

2161 4993 2523 5065 cabulagtunc
2554 5001 2904 5061 acceperunt,
2945 5009 3070 5065 cum
3098 5011 3163 5049 ea
3196 4997 3576 5051 continerent:
3610 5005 3741 5065 puta

2158 5064 2319 5119 Aries
2344 5063 2524 5119 dictus
2569 5075 2654 5118 est
2681 5064 2919 5132 primum
2952 5063 3460 5131 dodecatemorion,
3490 5063 3640 5137 quod
3684 5067 3744 5121 in

2157 5151 2225 5189 eo
2260 5142 2390 5187 tunc
2424 5146 2569 5206 esset
2601 5137 2925 5206 asterismus
2972 5142 3180 5206 octavae
3223 5138 3468 5206 spltatrae,
3512 5138 3604 5192 cui
3636 5138 3743 5192 hoc

2158 5205 2482 5274 vocabulum
2528 5204 2757 5259 inditum
2793 5213 2900 5270 est,
2931 5208 3079 5274 quod
3108 5204 3363 5273 Metonis,
3401 5205 3639 5271 Eudoxi,
3673 5222 3742 5261 ac

2159 5272 2440 5348 Ptolemaei
2490 5275 2705 5331 saeculis
2752 5272 3011 5331 accurate
3060 5279 3311 5348 contigit.
3352 5272 3565 5332 Nostro
3610 5292 3743 5333 vero

2160 5345 2375 5415 longius
2417 5348 2472 5399 in
2523 5348 2823 5414 posteriora
2869 5348 3146 5415 progressi
3176 5345 3304 5401 sunt
3345 5349 3643 5413 asteristui,
3676 5362 3743 5402 ac

2159 5417 2258 5469 toti
2306 5416 2429 5487 fere
2450 5424 2606 5470 extra
2647 5416 2915 5487 ὁμώνυμα
2952 5426 3231 5487 segmenta
3282 5421 3615 5475 consistunt.
3661 5417 3743 5473 Ex

2159 5486 2350 5559 quo‘in
2382 5485 2658 5555 plerisque
2685 5485 2861 5542 Stellis
2891 5485 3211 5544 latitudines
3244 5504 3273 5542 τι
3310 5505 3433 5543 vera
3461 5488 3738 5559 ecliptica,

2158 5566 2213 5611 et
2257 5556 2653 5611 declinationes
2697 5559 2997 5612 immutatae
3042 5568 3191 5622 sunt,
3241 5570 3300 5613 ut
3336 5556 3609 5614 australes
3643 5562 3743 5616 lie-

2159 5634 2305 5689 rent,
2340 5643 2461 5694 qum
2488 5635 2643 5681 erant
2674 5628 2941 5687 boreales.
2970 5635 3025 5681 et
3051 5637 3263 5684 contra.

2230 5696 2306 5768 (2)
2345 5695 2739 5773 06rs_:t_ci_rta
2781 5699 3090 5766 ἐκπληροῖ.
3130 5698 3281 5773 ‘Vide
3326 5699 3736 5773 Hipparchum,

2159 5766 2252 5825 lib;
2283 5784 2343 5833 tt,
2377 5768 2479 5825 sub
2512 5766 2749 5824 initium.
