4146 6436
411 355 518 406 749

1449 353 1688 410 GEMINI
1723 354 2094 410 ELEMENTA
2121 357 2616 417 ASTRONOMUE.

3543 371 3649 424 750

483 466 602 518 Ἔτι
630 463 684 516 δέ
715 482 835 519 τινα
863 465 970 518 τῶν
1006 466 1068 537 ιβ’
1097 465 1302 532 ζῳδίων
1327 467 1448 521 οὕτε
1484 470 1576 522 ὅλα
1601 473 1776 524 κεῖται
1809 471 1866 523 ἐν
1896 468 1970 539 τῷ

2146 470 2197 540 2
2228 469 2494 528 Praeterea
2515 489 2582 528 ex
2604 473 2889 532 duodecim
2921 477 3091 549 signis
3138 480 3384 550 quaedam
3424 499 3492 540 ne
3533 491 3647 538 tota

410 556 656 627 ζωδιακῷ
690 558 902 629 κύκλῳ·
941 559 1056 612 ἀλλ’
1089 560 1124 612 ἂ
1160 561 1258 631 μέν
1293 563 1408 615 ἐστι
1444 561 1757 634 βορειότερα
1786 562 1972 628 αὐτοῦ,

409 649 656 720 καθάπερ
688 652 716 703 ὁ
747 651 930 704 Λέων·
967 650 1004 705 ἃ.
1037 650 1094 704 δὲ
1122 651 1437 724 νοτιώτερα,
1459 653 1708 725 καθάπερ
1747 655 1775 706 ὁ
1806 655 1977 725 Σκορ-

409 741 548 803 πίος.

464 831 631 885 Πάλιν
662 833 892 888 ἕκαστον
924 835 1033 889 τῶν
1060 835 1550 908 δωδεκατημορίων
1576 837 1864 908 διαιρεῖται
1895 838 1976 900 είς

410 923 548 994 μέρη
581 923 645 987 λ’,
688 926 781 978 καὶ
808 926 1050 979 καλεῖται
1088 927 1147 978 τὸ
1176 927 1232 980 ἓν
1257 927 1454 997 τμῆμα
1487 930 1668 998 μοῖρα.
1694 929 1856 980 Ὥστε
1883 927 1974 980 τὸν

406 1013 522 1065 ὅλον
560 1013 756 1067 κύκλον
804 1015 913 1069 τῶν
961 1017 1165 1082 ζῳδίων
1206 1018 1478 1088 περιέχειν
1510 1017 1694 1088 ⁵ζώδια
1746 1018 1845 1090 μὲν
1883 1016 1972 1087 ιβ’,

410 1103 604 1176 μοίρας
633 1105 689 1157 δὲ
713 1106 806 1170 τε.

489 1195 547 1246 '0
561 1195 616 1248 δὲ
636 1196 782 1266 ἥλιος
797 1197 1024 1268 ἐνιαυτῷ
1041 1199 1118 1269 (5)
1144 1199 1165 1230 ⁵
1188 1199 1567 1270 διαπορεύεται
1595 1199 1686 1253 τὸν
1710 1200 1973 1265 ζωδιακὸν

407 1287 624 1341 κύκλον.
665 1288 819 1342 Ἔστι
865 1290 973 1360 γὰρ
1020 1291 1289 1356 ἐνιαύσιος
1321 1291 1540 1362 χρόνος,
1573 1293 1630 1344 ἐν
1677 1285 1721 1359 ᾧ
1764 1294 1792 1345 ὁ
1823 1291 1973 1362 ἥλιος

408 1381 826 1453 ⁸ετεριπορεύεται
872 1383 962 1435 τὸν
1003 1381 1264 1447 ζωδιακὸν
1313 1383 1530 1449 κύκλον,
1580 1383 1674 1436 καὶ
1723 1384 1831 1437 ἀπὸ
1877 1382 1972 1436 τοῦ

407 1470 568 1524 αὑτοῦ
601 1474 826 1544 σημείου
865 1475 957 1528 ἐπὶ
996 1475 1056 1527 τὸ
1089 1477 1220 1529 αὐτὸ
1255 1479 1477 1547 σημεῖον
1515 1475 1967 1530 ἀποκαθίσταται.

419 1561 478 1614 '0
524 1562 581 1616 δὲ
633 1565 820 1634 χρόνος
876 1560 1034 1630 οὗτός
1085 1570 1231 1621 ἐστιν
1293 1569 1518 1640 ἡμερῶν
1556 1569 1685 1636 τξε’,
1731 1568 1835 1624 δυ’,
1884 1572 1972 1624 Ἐν

406 1657 692 1722 τοσαύταις
725 1660 834 1730 γὰρ
867 1661 1104 1732 ἡμέραις
1145 1663 1243 1726 τὰς
1270 1663 1348 1729 τε
1389 1662 1584 1732 μοίρας
1625 1661 1910 1733 παροδεύει
1943 1663 1971 1714 ὁ

405 1749 556 1818 ἥλιος
579 1767 593 1780 ·
623 1749 763 1804 ὥστε
795 1751 946 1823 παρὰ
983 1753 1176 1823 μικρὸν
1211 1756 1269 1807 ἐν
1315 1756 1414 1826 μιᾷ
1455 1753 1638 1824 ἡμέρᾳ
1668 1757 1860 1826 μοῖραν
1889 1772 1971 1807 κι-

407 1840 614 1894 νείσθαι
639 1843 729 1897 τὸν
764 1843 938 1914 ἥλιον.

484 1934 646 1988 Ἀλλο
677 1936 856 2006 μέντοι
871 1936 934 2004 γέ
957 1936 1072 1988 ἐστι
1099 1939 1258 2008 μοῖρα
1279 1977 1293 2000 ,
1311 1939 1405 2011 καὶ
1425 1937 1551 1992 ἄλλο
1574 1940 1773 2011 ἡμέρα.
1796 1941 1976 2011 Μοῖρα

412 2027 510 2095 μὲν
545 2027 652 2096 γάρ
696 2028 813 2081 ἐστι
845 2006 1118 2100 διάστημᾶ
1148 2006 1201 2081 τι
1249 2006 1333 2082 λ⁶ν’
1387 2030 1550 2100 μέρος
1595 2006 1838 2102 ύπόιρχον
1880 2006 1974 2083 τού

406 2116 637 2182 ζωδίου·
683 2119 863 2191 ἡμέρα
911 2121 968 2174 δέ
1017 2124 1134 2174 ἐστι
1185 2121 1375 2192 χρόνος
1426 2123 1746 2194 τριακοστὸν
1812 2124 1976 2196 μέρος

401 2209 478 2273 ὡς
506 2209 730 2279 ἔγγιστα
755 2211 850 2266 τοῦ
888 2211 1136 2283 μηνιαίου
1186 2213 1406 2284 χρόνου.
1439 2215 1552 2268 Καὶ
1590 2217 1623 2287 ἡ
1675 2216 1774 2286 μὲν
1810 2219 1973 2288 μοῖρα

403 2301 467 2367 τε
487 2299 520 2360 .'
554 2302 882 2379 μέρος-,ἐστὶ⁵
925 2303 1020 2357 τοῦ
1055 2305 1322 2368 ζωδιακοῦ
1357 2305 1558 2360 κύκλου
1583 2349 1599 2374 ,
1631 2309 1663 2378 ὴ
1696 2307 1753 2360 δὲ
1791 2307 1973 2379 ἡμέρα

401 2394 508 2459 τξε⁹
543 2370 640 2448 καί
661 2370 745 2449 δ’δ’
789 2396 952 2469 μέρος
981 2397 1056 2460 ὡς
1091 2397 1320 2466 ἔγγιστα
1346 2398 1441 2452 τοῦ
1483 2370 1972 2472 ἐνιαυσιαίου-’χρό-

403 2486 639 2543 mmihi
660 2487 869 2542 πάντα⁵
898 2488 996 2559 μὲν
1025 2489 1093 2543 τὰ
1117 2489 1284 2554 ζώδια
1310 2491 1773 2564 τριακοντημόριά
1803 2493 1970 2559 ἐστιν,

403 2577 464 2630 ού
499 2577 676 2632 πάντα
699 2578 756 2632 δὲ
777 2581 1244 2653 τριακονθήμερα.

470 2670 765 2742 Διαιρεῖται
798 2671 854 2723 δὲ
889 2675 918 2726 ό
953 2671 1224 2738 ἐνιαύσιος
1252 2675 1442 2746 χρόνος
1474 2676 1556 2738 είς
1595 2674 1735 2748 μέρη
1764 2676 1826 2739 δ’,
1850 2675 1968 2740 ἔαρ,

403 2758 577 2833 θέρος,
617 2762 984 2835 φθινόπωρον,
1031 2765 1124 2819 καὶ
1171 2766 1436 2836 χειμῶνα.
1483 2766 1701 2838 Ἐαρινὴ
1736 2767 1833 2838 μὲν
1880 2763 1972 2820 οὖν

407 2850 662 2923 ἰσημερία
705 2850 781 2923 (4)
824 2853 1030 2922 γίνεται
1068 2854 1196 2924 περὶ
1251 2855 1352 2925 τὴν
1391 2853 1500 2907 τῶν
1547 2854 1753 2908 ἀνθέων
1791 2855 1974 2925 ἀκμὴν

403 2942 460 2992 ἐν
484 2941 656 3012 Κριοῦ
689 2944 784 3013 μιᾷι⁹
823 2943 1014 3015 μοίρᾳ·
1055 2945 1232 3016 τροπὴ
1275 2945 1331 2997 δὲ
1361 2944 1547 3016 θερινὴ
1589 2945 1799 3013 γίνεται
1846 2947 1973 3018 περὶ

402 3031 498 3101 τὴν
517 3029 625 3084 τῶν
657 3033 952 3102 καυμάτων
981 3033 1232 3088 ἐπίτασιν
1254 3035 1310 3088 ἐν
1343 3034 1619 3106 Καρκίνου
1654 3036 1754 3106 μιᾷ
1781 3034 1968 3106 μοίρᾳ·

2081 563 2298 630 quidem
2358 563 2536 634 posita
2580 574 2707 619 sunt
2745 566 2799 620 in
2839 568 3084 634 zodiaco,
3139 570 3236 625 sed
3279 572 3382 626 alia
3430 589 3493 628 eo
3521 584 3649 629 sunt

2081 650 2410 720 borealiora,
2448 665 2508 709 ut
2539 654 2650 712 Leo
2687 678 2700 713 :
2737 659 2842 713 alia
2872 663 3208 718 australiora
3230 704 3246 730 ,
3285 673 3342 720 ut
3365 664 3645 738 Scorpius.

2150 832 2364 890 Rursus
2418 838 2844 909 unumquodque
2894 841 3458 902 dodecatemoriorum
3509 849 3651 906 divi-

2082 923 2230 977 ditur
2295 927 2350 978 in
2410 935 2594 995 partes
2659 929 2913 998 triginta,
2966 940 3020 987 et
3073 943 3302 990 vocatur
3344 955 3512 994 unum
3562 957 3651 996 se-

2081 1024 2358 1084 gmentum
2400 1032 2548 1086 pars,
2605 1033 2700 1073 seu
2741 1022 2965 1090 gradus.
2997 1021 3182 1094 Itaque
3213 1027 3470 1083 zodiacus
3510 1046 3648 1086 con-

2082 1107 2216 1161 tinet
2249 1109 2402 1178 signa
2431 1111 2650 1179 quidem
2680 1111 2991 1176 duodecim,
3033 1124 3216 1184 partes
3258 1135 3385 1174 vero
3413 1120 3537 1176 560.

2152 1198 2245 1254 Sol
2288 1209 2466 1255 autem
2518 1219 2629 1258 uno
2690 1219 2834 1260 anno
2881 1208 3155 1276 percurrit
3197 1210 3501 1268 zodiacum.
3552 1213 3650 1271 Est

2078 1291 2223 1345 enim
2274 1300 2489 1365 tempus
2545 1310 2787 1350 annuum
2845 1297 3000 1365 illud,
3051 1300 3104 1354 in
3140 1316 3248 1371 quo
3279 1303 3362 1356 sol
3395 1315 3650 1376 peragrat

2081 1381 2385 1447 zodiacum,
2422 1392 2476 1439 et
2507 1385 2578 1439 ab
2615 1386 2805 1442 eodem
2843 1397 3049 1458 puncto
3092 1391 3160 1445 ad
3210 1392 3351 1448 idem
3387 1404 3648 1464 punctum

2079 1470 2236 1532 redit,
2266 1471 2370 1526 hoc
2413 1481 2632 1542 tempus
2653 1483 2736 1530 est
2765 1474 2977 1531 dierum
3005 1477 3110 1534 565
3143 1481 3265 1551 1/4.
3300 1480 3358 1536 In
3389 1491 3469 1537 tot
3501 1487 3647 1541 enim

2078 1561 2268 1618 diebus
2320 1565 2440 1620 illas
2483 1567 2587 1620 560
2621 1577 2802 1637 partes
2848 1571 3058 1625 zodiaci
3103 1575 3185 1628 sol
3227 1575 3487 1645 coniicit;
3535 1578 3650 1636 fere

2079 1657 2261 1726 itaque
2290 1657 2346 1712 in
2375 1674 2482 1713 uno
2510 1660 2598 1715 die
2643 1676 2811 1716 unum
2841 1665 3070 1734 gradum
3101 1667 3184 1721 sol
3219 1667 3470 1724 absolvit.

2152 1928 2533 1990 Verumtamen
2581 1935 2730 1992 aliud
2775 1944 2862 1994 est
2913 1954 3064 2010 pars,
3114 1940 3262 1996 aliud
3317 1941 3454 2000 dies.
3513 1944 3650 2003 Pars

2074 2024 2218 2077 enim
2251 2035 2334 2078 est
2391 2026 2735 2083 intervallum
2775 2032 3074 2101 quoddam,
3126 2047 3250 2087 cum
3297 2035 3367 2089 sit
3405 2036 3474 2090 50
3520 2052 3648 2108 pars

2076 2113 2250 2184 signi;
2284 2116 2401 2172 dies
2430 2134 2560 2174 vero
2594 2127 2680 2175 est
2721 2129 2958 2192 tempus,
2987 2123 3132 2194 quod
3163 2123 3276 2180 fere
3309 2126 3377 2180 50
3404 2143 3531 2197 pars
3563 2138 3650 2184 est

2074 2209 2339 2260 menstrui
2389 2211 2668 2279 temporis.
2719 2210 2924 2284 Deinde
2980 2230 3108 2284 pars
3152 2215 3374 2285 quidem
3424 2228 3506 2272 est
3542 2219 3651 2276 560

2073 2307 2202 2362 pars
2239 2295 2470 2361 zodiaci,
2487 2297 2605 2353 dies
2628 2307 2807 2354 autem
2825 2311 2908 2355 est
2930 2317 3058 2371 pars
3090 2303 3316 2373 5651/4
3337 2303 3449 2361 fere
3479 2309 3650 2363 annui

2072 2386 2355 2455 temporis.
2411 2387 2491 2442 Ac
2536 2405 2752 2460 semper
2795 2391 3014 2462 quidem
3063 2395 3218 2470 signa
3257 2405 3387 2452 sunt
3425 2399 3494 2455 50
3523 2415 3624 2470 par

2072 2470 2210 2532 tium
2235 2517 2252 2543 ,
2285 2495 2396 2535 non
2421 2495 2636 2552 semper
2665 2493 2846 2540 autem
2879 2486 2950 2540 50
2983 2487 3220 2543 dierum.

2143 2659 2413 2716 Dividitur
2439 2671 2616 2718 autem
2652 2677 2892 2719 annuum
2933 2675 3146 2737 tempus
3182 2667 3236 2722 in
3281 2676 3464 2739 partes
3495 2685 3634 2739 qua—
3665 2683 3672 2696 '

2074 2763 2217 2819 tuor,
2253 2769 2366 2817 ver,
2415 2763 2679 2818 aestatem,
2729 2763 3072 2823 autumnum,
3125 2767 3180 2814 et
3228 2759 3481 2814 hiemem.
3512 2761 3650 2816 Ver-

2074 2862 2204 2900 num
2243 2847 2409 2917 igitur
2444 2850 2833 2918 aequinoctium
2877 2851 2937 2905 lit
2991 2853 3140 2906 circa
3181 2851 3374 2908 ﬂorum
3407 2856 3650 2926 vigorem

2075 2955 2370 3005 summum,
2413 2943 2467 2995 in
2502 2943 2675 3011 prima
2715 2951 2869 3012 parte
2908 2944 3132 2999 Arietis.
3173 2944 3480 3000 Solstitium
3509 2946 3652 3001 aesti-

2074 3049 2199 3089 vum
2231 3034 2496 3104 contingit
2531 3035 2677 3088 circa
2717 3044 2948 3089 azstuum
2990 3035 3346 3090 intentionem
3385 3037 3439 3090 in
3474 3038 3650 3106 prima

402 3123 532 3178 ὖιτυου
563 3123 594 3178 ὀ
624 3123 774 3194 ἥλιος
799 3123 888 3177 τὸν
915 3123 1251 3196 βορειότατον
1283 3125 1479 3179 κύκλον
1502 3126 1726 3197 γράφει,
1751 3125 1843 3179 καὶ
1877 3143 1970 3196 με-

2075 3135 2227 3197 parte
2254 3127 2474 3190 Cancri,
2513 3128 2608 3182 ubi
2649 3128 2727 3184 sol
2779 3127 3218 3181 borcalissimum
3253 3127 3520 3182 circulum
3548 3128 3648 3184 de-

409 3209 594 3286 ίίστην
623 3214 812 3268 πασῶν
840 3214 948 3268 τῶν
979 3217 1036 3268 ἐν
1064 3217 1292 3288 ἐνιαυτῷ
1315 3218 1528 3289 ἡμέραν
1561 3217 1818 3283 ἐπιτελεῖ,
1850 3218 1972 3272 ἐλα-

408 3302 592 3378 χίστην
635 3307 692 3360 δὲ
731 3307 828 3378 τὴν
876 3307 1066 3362 νύκτα.
1104 3309 1169 3362 Ἡ
1206 3309 1390 3380 μέντοι
1422 3327 1486 3378 γε
1523 3311 1752 3382 μεγίστη
1792 3311 1974 3383 ἡμέρα

407 3396 492 3469 ἴση
529 3398 646 3452 ἐστὶ
689 3401 756 3470 τῇ
794 3401 1026 3472 μεγίστῃ
1070 3402 1246 3464 νυκτὶ,
1281 3402 1377 3454 καὶ
1415 3403 1450 3472 ἡ
1493 3403 1750 3474 ἐλαχίστη
1793 3403 1976 3474 ἡμέρα

408 3505 492 3560 ,ση
539 3491 656 3545 ἐστὶ
705 3494 772 3563 τῇ
825 3492 1084 3566 ἐλαχίστῃ
1131 3493 1306 3548 νυκτί.
1344 3495 1500 3548 Ἔστι
1551 3496 1608 3548 δὲ
1657 3497 1690 3566 ἡ
1743 3494 1971 3565 μεγίστη

408 3581 587 3652 ἡμέρα
601 3581 745 3635 κατὰ
765 3582 825 3636 τὸ
841 3585 898 3637 ὲν
912 3585 1077 3656 Ῥόδῳ
1099 3585 1269 3657 κλίμα
1287 3585 1446 3659 ὡρῶν
1473 3588 1560 3657 ίση
1570 3584 1803 3658 μερινῶν
1825 3584 1962 3650 dig".

415 3674 693 3747 Ἰσημερία
735 3675 791 3730 δέ
837 3675 952 3729 ἐστι
997 3678 1397 3751 φθινοπωρινὴ,
1433 3681 1558 3732 ὅταν
1596 3681 1625 3732 ὁ
1669 3679 1837 3750 ἥλιος,
1876 3678 1970 3732 ἀπ’

406 3762 619 3835 ίρκτων
641 3766 776 3836 πρὸς
809 3768 1156 3838 μεσημϐρίαν
1184 3769 1517 3842 παροδεύων,
1557 3769 1720 3823 πάλιν
1748 3769 1841 3821 ἐπὶ
1877 3767 1970 3821 τοῦ

405 3857 722 3929 ισημερινοῦ
749 3858 972 3930 γένηται
998 3859 1220 3927 κύκλου,
1259 3862 1354 3915 καὶ
1383 3861 1502 3932 ἴσην
1535 3861 1634 3932 τὴν
1661 3861 1872 3932 ἡμέραν
1903 3863 1971 3933 τῇ

405 3950 558 4003 νυκτὶ
592 3952 901 4022 ποιήσηται.
947 3954 1134 4025 Τροπὴ
1167 3955 1225 4007 δέ
1270 3955 1386 4008 ἐστι
1441 3953 1747 4025 χειμερινὴ,
1785 3954 1912 4005 ὅταν
1942 3953 1970 4003 ὁ

404 4041 553 4112 ἦλιος
584 4044 919 4115 πορρωτάτω
941 4045 961 4077 ⁶
983 4045 1139 4116 ἡμῶν
1176 4047 1275 4118 τῆς
1297 4047 1567 4117 οἰκήσεως
1596 4044 1840 4114 γένηται,
1881 4043 1974 4096 κα)⁵

402 4134 788 4197 ⁴ιεαπεινότατος
835 4134 911 4197 ὡς
949 4135 1079 4205 πρὸς
1111 4136 1203 4190 τὸν
1233 4133 1480 4206 ὁρίζοντα
1521 4135 1595 4205 (5)
1616 4174 1631 4200 ,
1667 4134 1759 4186 καὶ
1782 4129 1970 4185 νοτιώ-

403 4242 563 4279 τατον
595 4225 792 4279 κύκλον
841 4226 1027 4300 γράφῃ
1048 4270 1062 4292 ,
1098 4229 1192 4281 καὶ
1248 4227 1512 4298 μεγίστην
1554 4225 1744 4281 πασῶν
1776 4225 1882 4278 τῶν
1912 4225 1972 4279 ἐν

403 4315 552 4386 αύτῷ
577 4315 854 4389 [ἐνιαυτῷ]
885 4315 1054 4370 νύκτα
1087 4315 1405 4387 ποιήσηται,
1434 4318 1724 4388 ἐλαχίστην
1756 4315 1812 4369 δὲ
1834 4313 1972 4385 ἡμέ-

405 4424 524 4479 ραν.
557 4409 787 4464 Ἐστιδὲ
817 4409 851 4479 ἡ
880 4408 1113 4480 μεγίστη
1142 4409 1238 4474 νὺξ
1270 4409 1411 4464 κατὰ
1435 4409 1495 4463 τὸ
1523 4411 1581 4462 ἐν
1615 4408 1778 4478 Ῥόδῳ
1800 4407 1970 4478 κλίμα

403 4499 558 4572 ὡρῶν
600 4502 927 4572 ίσημερινῶν
963 4500 1102 4567 ιδςθ.

471 4685 532 4738 Οί
564 4684 619 4738 δὲ
653 4684 856 4755 μεταξὺ
889 4685 1068 4757 χρόνοι
1091 4684 1166 4758 (6)
1197 4685 1305 4739 τῶν
1336 4686 1550 4757 τροπῶν
1581 4686 1672 4738 καὶ
1700 4684 1806 4737 τῶν
1845 4687 1964 4754 ἰση-

475 4839 497 4870 ⁸
523 4860 613 4910 γρ.
645 4843 702 4896 ἐν
729 4841 898 4914 αὐτῷ.
971 4843 993 4874 ³
1021 4861 1109 4912 γρ.
1149 4842 1396 4896 πάντοτε.

472 5005 549 5075 (5)
606 5003 671 5077 '0_
709 5002 778 5077 δὲ
824 5002 994 5077 ἦᾼιος
1035 4999 1306 5065 ἐνιαυτῷ.
1362 4997 1631 5077 Nondum
1654 4997 1960 5077 προήγησις

403 5067 690 5156 ἰσημερινὴ
717 5067 924 5156 liquido
965 5067 1240 5156 Comperta
1262 5078 1416 5156 "erat,
1449 5077 1508 5123 ut
1542 5067 1960 5156 alibliﬁdiximus,

403 5155 455 5202 et
477 5139 804 5212 intelligetur
831 5143 1024 5196 iterum
1043 5141 1230 5212 capite
1260 5139 1314 5202 6,
1357 5139 1432 5212 De
1465 5139 1748 5212 mensibus.

469 5214 545 5285 (4)
599 5206 836 5282 ’Βαρινὴ
854 5213 975 5285 μὲν
999 5206 1432 5285 οὖν’ίοζημερία.
1473 5210 1791 5285 Annuarum
1817 5214 1960 5285 tem-

403 5277 670 5356 pestatum
695 5277 926 5338 exordia
972 5281 1130 5335 aliter
1165 5277 1251 5332 ab
1277 5280 1628 5356 astronomis,
1665 5277 1962 5356 curatione

402 5345 829 5425 constituuntur,
868 5367 1048 5425 quam
1099 5364 1262 5425 sensu
1314 5349 1670 5425 pepularique
1728 5345 1956 5425 judicio.

402 5423 535 5478 Nam
585 5414 1028 5492 astronomi'per
1072 5414 1403 5495 quadrantes
1455 5414 1660 5471 tributo
1710 5414 1957 5495 zodiaco,

401 5495 624 5550 cuilibet
682 5491 984 5563 tempestati
1032 5491 1388 5560 quadrantem
1441 5503 1598 5543 suum
1655 5491 1958 5554 assignant,

401 5579 560 5605 annm
612 5563 816 5605 emerim
855 5561 1089 5605 nnnpilat
1141 5559 1338 5605 Paulus
1377 5555 1798 5605 Alexandrinus.
1852 5551 1958 5605 lni-

400 5579 561 5646 quem
612 5555 1089 5645 sponiivappeilat
1137 5559 1338 5613 Paulus
1376 5555 1798 5640 Alexandrinus.
1852 5555 1960 5607 lni-

401 5643 536 5688 tium
571 5634 628 5687 ﬁt
664 5634 736 5688 ab
760 5637 959 5687 Arietis
983 5644 1275 5703 ingressu;
1316 5643 1381 5682 ac
1431 5643 1512 5684 sic
1537 5626 1818 5703 deinceps.
1850 5621 1956 5677 P0-

401 5705 607 5772 pularis
637 5718 771 5759 usus
795 5718 860 5757 ex
891 5701 1013 5756 cceli
1054 5699 1355 5772 mutatione
1379 5705 1764 5772 tempestatum
1790 5699 1957 5772 inter:

402 5762 538 5830 'valia
570 5775 830 5829 metitur:
865 5773 952 5828 cui
997 5777 1050 5826 et
1090 5769 1392 5838 scriptores
1437 5762 1516 5823 illi
1560 5765 1828 5831 serviunt,
1863 5762 1956 5834 qui

1473 4842 1494 4872 ⁸
1521 4856 1610 4910 γρ.
1645 4838 2010 4910 ποῤῥὼτατος.

2076 3219 2287 3283 scribit,
2317 3228 2372 3276 et
2395 3219 2775 3290 longissimum
2807 3219 3072 3283 omn-ium,
3115 3219 3206 3289 qui
3241 3227 3369 3274 sunt
3399 3220 3452 3273 in
3479 3234 3646 3286 anno,

2076 3310 2220 3366 diem
2252 3309 2443 3376 efﬁcit,
2474 3319 2690 3364 noctem
2730 3325 2862 3364 vero
2903 3310 3300 3364 brevissimam.
3333 3310 3497 3380 Atqui
3529 3311 3648 3366 dies

2076 3407 2430 3476 longissimus
2461 3405 2686 3475 aequalis
2740 3410 2824 3460 est
2866 3404 3015 3458 nocti
3047 3403 3400 3473 longissimae,
3437 3411 3492 3457 et
3528 3404 3646 3460 dies

2076 3497 2434 3552 brevissimus
2454 3496 2677 3565 aequalis
2699 3504 2782 3550 est
2805 3499 2950 3549 nocti
2974 3494 3329 3550 brevissimae.
3360 3493 3486 3549 Dies
3514 3510 3647 3550 vero

2076 3588 2432 3658 longissimus
2488 3589 2541 3641 in
2577 3587 2794 3642 climate
2825 3586 3004 3640 Rhodi
3042 3594 3126 3640 est
3175 3587 3430 3640 horarum
3474 3586 3646 3655 aequi-

2077 3679 2394 3734 noctialium
2412 3679 2476 3733 14
2499 3679 2524 3731 1
2529 3677 3040 3750 /«i.1Equiuoctium
3060 3677 3374 3732 autumnale
3393 3684 3497 3738 est,
3517 3692 3644 3732 cum

2077 3771 2217 3826 sola
2242 3770 2446 3826 boreali
2489 3770 2646 3839 plaga
2697 3768 2763 3822 ad
2792 3767 3087 3824 australem
3127 3767 3342 3838 plagam
3387 3767 3641 3833 tendens,

2077 3860 2274 3915 iterum
2315 3861 2383 3913 ad
2427 3859 2860 3928 aequinoctialem
2912 3859 3176 3912 circulum
3216 3858 3544 3927 pervenerit,
3588 3867 3645 3914 et

2075 3952 2219 4008 diem
2267 3953 2419 4007 nocti
2477 3952 2740 4021 aequalem
2791 3950 3050 4006 effecerit.
3091 3948 3402 4005 Solstitium
3461 3958 3646 4006 autem

2073 4045 2361 4100 hibernum
2388 4050 2495 4108 est,
2540 4058 2662 4099 cum
2694 4043 2774 4099 sol
2799 4043 3119 4114 longissime
3152 4057 3182 4095 a
3222 4051 3426 4112 puncto
3454 4052 3647 4100 nostro

2074 4136 2322 4192 verticali
2366 4136 2703 4200 discesserit,
2747 4141 2802 4189 et
2849 4135 3226 4198 humillimus,
3268 4135 3447 4204 quoad
3494 4135 3646 4190 borio

2075 4233 2309 4292 zontem,
2355 4225 2530 4281 factus
2571 4225 2763 4289 fuerit,
2799 4225 3054 4294 idemque
3097 4225 3363 4279 circulum
3409 4226 3647 4281 maxime

2074 4316 2368 4372 australem
2401 4315 2775 4385 descripserit,
2802 4322 2856 4368 et
2881 4322 3098 4368 noctem
3131 4314 3504 4383 longissimam
3530 4330 3644 4367 om-

2073 4409 2248 4473 nium,
2277 4423 2399 4478 quae
2431 4414 2560 4462 sunt
2592 4406 2646 4459 in
2692 4419 2856 4466 anno,
2883 4404 3140 4470 eﬂ‘ecerit,
3169 4404 3311 4459 diem
3356 4419 3481 4458 vero
3520 4405 3643 4459 bre-

1994 4501 2377 4564 Dvissimum.
2434 4497 2530 4554 Est
2582 4503 2761 4551 autem
2800 4495 3118 4564 longissima
3168 4509 3274 4548 nox
3319 4495 3374 4548 in
3423 4495 3644 4551 climate

2073 4590 2248 4645 Rhodi
2279 4589 2539 4642 horarum
2568 4585 3026 4655 aequinoctialium
3054 4582 3121 4636 M
3154 4583 3278 4653 1/2.

2143 4679 2408 4750 Tempora
2428 4691 2578 4742 vero,
2615 4689 2732 4746 qum
2749 4681 2877 4730 sunt
2896 4673 3038 4728 inter
3083 4672 3315 4728 solstitia
3357 4682 3412 4729 et
3467 4671 3638 4744 tequi-

2067 5008 2179 5049 rem
2207 4991 2470 5045 rusticam
2498 4994 2552 5044 et
2585 4987 2752 5058 hujus
2779 4987 3139 5059 generis'aiia
3165 4995 3523 5059 pertractant.

2137 5061 2214 5130 ('5)
2253 5061 2361 5114 Kal.
2405 5057 2830 5123 ταπεινότατος
2877 5059 2956 5124 ὡς
3009 5057 3302 5130 πρὸξτὸν
3347 5057 3634 5126 ὁρίζοντα.

2079 5129 2400 5195 mammae,
2447 5137 2501 5184 et
2552 5130 2620 5183 ad
2670 5130 2887 5184 oculum
2941 5130 3014 5184 ita
3058 5129 3318 5185 Geminus
3371 5130 3635 5194 loquitur,

2066 5203 2194 5271 quia
2231 5210 2360 5254 tunc
2392 5199 2475 5254 sol
2509 5198 2745 5271 maxime
2788 5198 3054 5266 dejectus,
3096 5207 3150 5271 et
3199 5198 3464 5271 horizonti
3497 5199 3634 5271 vici-

2066 5268 2172 5341 rius
2225 5277 2467 5341 apparet.
2525 5269 2691 5323 Recte
2737 5278 2917 5321 autem
2970 5270 3200 5333 addidit,
3239 5270 3320 5341 ὡς
3359 5268 3494 5338 πρὸς
3546 5269 3636 5321 τὸν

2065 5337 2350 5412 ὁρίζοντα,
2389 5354 2456 5395 eo
2507 5353 2693 5403 sensu,
2742 5352 2936 5412 quem_
2963 5341 3220 5412 diximus.
3277 5337 3410 5412 Nam
3443 5352 3634 5412 revera

2065 5407 2232 5466 terris
2262 5411 2483 5464 citimus
2532 5424 2640 5462 non
2695 5407 2812 5462 erat
2858 5408 2940 5461 sol
2981 5417 3140 5464 aetate
3181 5407 3394 5464 Gemini
3445 5407 3500 5459 in
3551 5407 3641 5461 hi-

2065 5481 2236 5536 berno
2275 5482 2485 5549 tropico
2518 5496 2532 5532 :
2566 5475 2662 5550 sed
2690 5477 2746 5530 in
2783 5475 3060 5545 Sagittarii
3100 5480 3269 5550 gradu
3303 5479 3496 5547 quinto
3523 5477 3637 5550 cir-

2065 5551 2239 5613 citer;
2275 5547 2381 5621 ubi
2406 5557 2520 5603 tum
2554 5548 2689 5602 solis
2717 5554 2836 5621 erat
2874 5547 3170 5621 perigeum,
3201 5559 3261 5621 ut
3286 5547 3633 5621 apogeu_m_i_n

2064 5621 2254 5690 quinto
2283 5618 2655 5683 Geminorum,
2682 5617 2825 5686 quod
2868 5625 2921 5671 et
2954 5616 3074 5690 pag.
3112 5621 3147 5673 4
3199 5616 3461 5675 Geminus
3489 5616 3636 5672 indi-

2063 5699 2213 5831 eat(.6)
2251 5764 2314 5816 οι
2339 5759 2407 5815 δὲ
2423 5759 2649 5832 μεταξὺ
2680 5759 2902 5828 χρόνοι.
2933 5753 3138 5814 Eodem
3164 5752 3326 5810 modo
3351 5767 3528 5808 annus
3561 5749 3633 5807 ab
