4146 6480
445 353 536 406 751

1427 342 1518 396 AD
1549 339 1816 398 EUSEBll
1859 334 2250 394 CHRONICON
2297 334 2664 390 APPENDIX.

3587 329 3692 384 752

441 468 752 536 noctia,hoc
771 465 931 520 modo
949 463 1296 520 dividuntur:
1319 462 1386 516 ab
1399 459 1728 531 aequinoctio
1739 470 2021 520 verno,us-

2139 455 2330 526 ιεριῶν
2382 453 2568 508 τοῦτον
2613 451 2946 522 διαιροῦνται
2989 450 3082 502 τὸν
3137 447 3366 522 τρόπον’
3421 446 3550 500 Ἀπὸ
3595 447 3696 518 μὲν

442 577 549 632 que
566 559 630 613 ad
647 557 935 613 solstitium
949 555 1194 610 aestivum
1206 555 1322 608 dies
1339 561 1463 608 sunt
1482 551 1552 606 94
1579 550 1681 622 1/2
1699 568 1713 618 ;
1733 563 1854 604 nam
1871 548 1926 602 in
1941 554 2022 602 tot

445 651 638 706 diebus
665 649 862 704 transit
899 647 982 704 sol
1009 647 1270 709 Arietem,
1297 641 1560 705 Taurum,
1591 641 1848 696 Geminos
1877 645 1931 692 et
1953 637 2020 690 ad

446 745 678 817 primam
701 749 908 812 partem
926 739 1122 794 Cancri
1139 737 1426 800 accedens,
1455 733 1746 790 solstitium
1772 730 2021 786 aestivum

447 837 630 894 ellicit.
673 833 758 888 Ab
803 833 991 888 aestivo
1032 832 1269 888 solstitio
1305 845 1479 898 usque
1511 827 1580 880 ad
1629 825 2020 895 aequinoctium

449 927 763 984 autumnale
790 926 906 981 dies
927 933 1055 980 sunt
1071 925 1140 979 92
1161 924 1294 994 l/2;
1321 937 1444 976 nam
1463 921 1518 974 in
1537 927 1616 974 tot
1639 918 1830 974 diebus
1849 925 2022 972 trans-

449 1020 492 1072 it
527 1019 608 1074 sol
633 1017 927 1080 Cancrum,
949 1014 1210 1080 Leonem,
1251 1011 1554 1084 Virginem,
1583 1017 1638 1064 et
1693 1007 1762 1062 ad
1787 1008 2020 1078 primam

451 1115 659 1178 partem
693 1106 869 1161 Librae
901 1105 1168 1160 accedens
1200 1103 1362 1160 edicit
1382 1101 1772 1172 aequinoctium
1805 1105 2024 1152 autum-

451 1201 594 1256 nale.
623 1200 706 1255 Αἰ)
740 1197 1064 1268 aequinoctio
1094 1196 1394 1251 autumnali
1431 1209 1606 1265 usque
1635 1193 1700 1248 ad
1725 1191 2022 1248 solstitium

452 1294 740 1349 hibernum
757 1290 874 1346 dies
891 1297 1017 1344 sunt
1041 1289 1230 1360 881/8
1251 1307 1266 1358 ;
1285 1303 1410 1343 nam
1430 1288 1486 1342 in
1511 1294 1590 1342 tot
1607 1284 1799 1340 diebus
1825 1283 2024 1338 transit

454 1387 536 1444 sol
599 1381 850 1451 Libraml,
911 1381 1230 1452 Scorpium,
1291 1378 1643 1450 Sagittarium
1667 1418 1684 1444 ,
1725 1383 1782 1430 ct
1814 1374 1882 1428 ad
1921 1379 2026 1444 pri-

453 1494 598 1534 mam
643 1485 850 1548 partem
899 1473 1222 1544 Capricorni
1266 1471 1590 1543 perveniens
1632 1465 1794 1522 eﬂicit
1833 1464 2024 1520 solsti-

453 1574 590 1628 tium
615 1571 926 1627 hibernum.
951 1569 997 1622 Α
1029 1567 1266 1624 solstitio
1299 1565 1530 1620 hiberno
1561 1577 1736 1632 usque
1765 1559 1832 1612 ad
1855 1557 2026 1626 aequi-

453 1667 698 1721 noctium
725 1678 952 1718 vernum
981 1661 1098 1716 dies
1129 1667 1258 1715 sunt
1283 1657 1506 1728 901/8;
1543 1657 1598 1710 in
1633 1661 1714 1708 tot
1745 1651 1890 1707 enim
1910 1649 2026 1703 die-

455 1758 559 1813 bus
607 1755 806 1812 transit
865 1754 950 1809 sol
987 1753 1196 1822 reliqua
1235 1751 1342 1805 tria
1373 1751 1551 1818 signa,
1603 1745 2022 1817 Capricornum.

2126 545 2413 616 ἰσημερίας
2467 545 2690 618 ἐαρινῆς
2745 543 2908 615 μέχρι
2950 541 3159 614 τροπῆς
3213 539 3428 610 θερινῆς
3487 538 3693 610 ἡμέραι

2121 638 2258 690 εἰσὶν
2277 637 2434 704 ιβςη·
2455 639 2512 690 ὲν
2544 637 2654 709 γάρ
2683 635 2974 698 τοσαύταις
3000 633 3234 706 ἡμέραις
3261 630 3644 703 διαπορεύεται
3665 633 3698 686 6

2120 731 2269 802 ἥλιος
2293 731 2484 804 Κριὸν,
2517 729 2749 802 Ταῦρον,
2775 729 3064 800 Διδύμους,
3091 725 3186 780 καὶ
3227 727 3320 780 ἐπὶ
3345 725 3444 796 τὴν
3471 723 3698 796 πρώτην

2125 827 2316 896 μοῖραν
2370 824 2462 878 τοῦ
2525 823 2800 895 Καρκίνου
2837 819 3290 894 παραγινόμενος,
3338 817 3438 890 τὴν
3477 817 3700 888 θερινὴν

2121 917 2328 990 τροπὴν
2356 919 2622 970 ποιεῖται·
2659 915 2766 969 ἀπὸ
2791 914 2848 966 δὲ
2873 913 3094 984 θερινῆς
3127 913 3338 984 τροπῆς
3385 909 3576 982 μέχρις
3617 911 3700 962 ἰσ-

2121 1009 2354 1082 ημερίας
2371 1008 2772 1080 φθινοπωρινῆς
2787 1006 2988 1078 ἡμέραι
3013 1007 3154 1058 εἰσὶν
3169 1001 3334 1072 ιιβςηο
3358 1001 3416 1054 ὲν
3465 1001 3576 1072 γάρ
3607 1017 3700 1054 το-

2127 1101 2350 1164 σαύταις
2410 1101 2646 1172 ἡμέραις
2697 1097 3082 1168 διαπορεύεται
3115 1098 3144 1148 ὁ
3197 1093 3348 1164 ἥλιος
3397 1089 3698 1163 Καρκίνον,

2125 1196 2362 1259 Λέοντα,
2395 1193 2694 1264 Παρθένον,
2728 1192 2821 1246 καὶ
2855 1191 3076 1260 ἐπὶ-τὴν
3111 1186 3336 1259 πρώτην
3361 1189 3556 1256 μοῖραν
3591 1180 3700 1236 τῶν

2125 1285 2318 1357 Χηλῶν
2347 1283 2782 1354 παραγινόμενος
2823 1281 2922 1352 τὴν
2961 1279 3358 1350 φθινοπωρινὴν
3409 1272 3700 1345 ἰσημερίαν

2128 1383 2358 1434 ποιεῖται
2377 1395 2390 1408 ⁸
2423 1377 2533 1430 ἀπὸ
2558 1377 2614 1428 δὲ
2645 1373 2932 1448 ἰσημερίας
2955 1369 3356 1442 φθινοπωρινῆς
3389 1367 3552 1438 μέχρι
3571 1381 3700 1436 τρο-

2127 1471 2236 1542 πῆς
2261 1469 2576 1540 χειμερινῆς
2609 1467 2814 1538 ἡμέραι
2845 1465 2980 1518 εἰσὶν
3007 1467 3194 1534 πη¹η⁶⁹
3222 1476 3234 1488 ·
3283 1463 3344 1513 ὲν
3377 1457 3486 1528 γὰρ
3515 1454 3704 1510 τοσαύ-

2126 1580 2245 1626 ταις
2273 1561 2508 1632 ἡμέραις
2536 1556 2918 1628 διαπορεύεται
2941 1557 2968 1608 ὁ
2997 1555 3146 1626 ἥλιος
3171 1551 3378 1624 Χηλὰς,
3405 1548 3698 1620 Σκορπίον,

2127 1653 2382 1724 Τοξότην,
2411 1651 2508 1704 καὶ
2537 1651 2629 1702 έπί
2659 1649 2758 1720 τὴν
2787 1647 3230 1719 πρώτηνμοίραν
3261 1639 3702 1714 παραγενόμενος

2127 1743 2155 1794 ὁ
2185 1741 2335 1812 ἥλιος
2375 1737 2468 1792 τοῦ
2506 1739 2810 1807 Αἰγόκερω,
2853 1736 2952 1806 τὴν
2983 1733 3300 1806 χειμερινὴν
3343 1731 3550 1804 τροπὴν
3579 1744 3704 1780 ποι-

456 1849 788 1919 Aquarium,
822 1844 1027 1900 Pisces.
1075 1819 1274 1898 omnes
1315 1843 1479 1913 igitur
1511 1841 1628 1894 dies
1659 1839 1852 1893 borum
1885 1849 2012 1904 qua:

2139 1835 2298 1884 εῖται·
2333 1829 2442 1883 ἀπὸ
2475 1829 2531 1881 δὲ
2575 1829 2782 1899 τροπῆς
2819 1827 3134 1898 χειμερινῆς
3174 1827 3368 1896 μέχρις
3417 1819 3705 1894 ἰσημερίας

459 1951 582 1996 tuor
597 1947 904 2009 temporum
928 1935 1090 1992 simul
1121 1935 1322 2003 sumpti
1362 1933 1600 1988 eﬂiciunt
1633 1931 1749 1984 dies
1769 1925 2022 1995 5631/4,

457 2039 591 2103 quot
627 2031 790 2085 etiam
825 2030 882 2083 in
913 2045 1020 2083 uno
1050 2035 1178 2082 sunt
1207 2041 1368 2080 anno.

2135 1921 2352 1992 ἐαρινῆς
2386 1919 2590 1990 ἡμέραι
2617 1919 2751 1970 εἰσὶν
2787 1923 2928 1989 ιίηονν
2971 1937 2985 1948 ·
3017 1919 3075 1970 ὲν
3107 1916 3216 1986 γάρ
3246 1913 3533 1976 τοσαύταις
3567 1908 3706 1982 ὴμέ-

2137 2029 2257 2084 ραις
2304 2007 2684 2080 διαπορεύεται
2731 2009 2758 2059 ό
2807 2007 2957 2077 ἥλιος
3017 2005 3086 2060 τὰ
3130 2003 3536 2074 ἀπολειπόμενα
3579 1996 3708 2066 τρία

460 2127 653 2192 ζώδια,
687 2125 1018 2194 Αἰγόκερων,
1066 2122 1374 2194 Ὑδροχόον,
1423 2117 1650 2188 Ἰχθύας.
1677 2117 1740 2168 Αἱ
1777 2115 1946 2167 πᾶσαι
1985 2105 2079 2164 οὖν
2123 2107 2326 2178 ἡμέραι
2355 2105 2560 2159 τούτων
2601 2103 2709 2157 τῶν
2755 2105 3034 2178 τεσσάρων
3073 2103 3278 2174 χρόνων
3329 2098 3706 2169 συντιθέμεναι

462 2221 668 2278 ποιοῦσι
696 2221 800 2285 τξε⁹
835 2201 936 2284 δ⁶”,
964 2222 1195 2288 ὅσαιπερ
1223 2213 1361 2288 ἦσαν
1387 2216 1441 2268 αἱ
1473 2213 1564 2268 τοῦ
1597 2209 1860 2266 ἐνιαυτοῦ.

533 2313 808 2378 Quaeritur
843 2299 1008 2382 igitur
1053 2312 1108 2364 in
1151 2309 1260 2374 his,
1301 2323 1422 2373 cur,
1453 2321 1576 2360 cum
1625 2313 1859 2376 quatuor
1895 2298 2026 2354 dicti

461 2407 796 2478 quadrantes
843 2403 1052 2459 zodiaci
1099 2402 1242 2457 inter
1293 2415 1352 2454 se
1403 2399 1512 2452 sint
1553 2396 1812 2466 aequales,
1855 2401 1908 2448 et
1949 2391 2033 2448 sol

465 2511 679 2567 semper
705 2483 988 2566 aequaliter
1012 2499 1294 2548 moveatur
1315 2531 1330 2556 ,
1370 2489 1486 2560 ipse
1508 2488 1563 2543 in
1591 2485 1928 2558 temporibus
1957 2485 2034 2540 in-

464 2588 768 2659 aqualihus
788 2586 1024 2658 aequales
1055 2585 1247 2640 horum
1295 2583 1658 2654 quadrantum
1705 2595 1866 2634 arcus
1905 2595 2032 2649 per-

465 2687 658 2752 agret;
719 2693 842 2733 nam
890 2693 985 2748 per
1017 2685 1185 2731 totam
1224 2676 1614 2729 astronomiam
1663 2673 2034 2742 praesupponi-

467 2783 582 2838 tur,
609 2781 663 2828 et
692 2771 883 2834 solem,
913 2777 966 2824 et
989 2769 1195 2832 lunam,
1223 2776 1276 2822 et
1317 2767 1557 2836 quinque
1588 2765 1833 2834 planetas
1856 2777 2038 2834 aequa-

467 2867 616 2929 liter,
641 2862 1004 2926 circulariter,
1045 2869 1100 2916 et
1130 2873 1320 2914 contra
1353 2858 1538 2912 mundi
1575 2863 1778 2910 motum
1803 2853 2034 2910 moveri.

466 2955 804 3028 Pythagorici
841 2954 1006 3019 enim,
1060 2967 1184 3005 cum
1227 2949 1390 3020 primi
1437 2949 1536 3003 has
1585 2947 1915 3020 quaestiones
1947 2961 2036 3017 ag-

466 3047 863 3120 grederentur,
917 3049 1440 3114 prmsupposuerunt
1509 3041 1808 3095 circulares
1875 3045 2038 3109 atque

2219 2301 2588 2370 Ἐπιζητείται
2621 2293 2713 2353 οὖν
2743 2300 2800 2352 ἐν
2823 2299 3055 2366 τούτοις,
3079 2298 3216 2364 πῶς,
3245 2301 3375 2352 ἴσων
3399 2299 3567 2354 όντων
3597 2299 3708 2354 τῶν

2139 2393 2416 2464 τεσσάρων
2453 2393 2656 2466 μορίων
2717 2391 2812 2444 τοῦ
2855 2389 3118 2455 ζωδιακοῦ
3171 2390 3406 2457 κύκλου,
3453 2393 3482 2446 6
3527 2391 3708 2463 ἥλιος,

2141 2485 2403 2560 ἰσοταχῶς
2425 2483 2755 2559 κινούμενος
2788 2482 2876 2541 διὰ
2908 2481 3140 2552 παντὸς,
3169 2483 3228 2536 ὲν
3261 2482 3466 2548 ἀνίσοις
3499 2483 3713 2554 χρόνοις

2137 2581 2514 2652 διαπορεύεται
2543 2581 2640 2644 τὰς
2671 2581 2789 2644 ἴσας
2841 2581 3216 2652 περιφερείας.
3252 2580 3564 2635 ’Υπόκειται
3603 2581 3714 2652 γάρ

2140 2674 2276 2742 πρὸς
2319 2673 2446 2746 ὅλην
2509 2673 2608 2744 τὴν
2653 2672 3006 2744 ἀστρολογίαν
3031 2673 3050 2704 ⁷
3101 2672 3250 2742 ἥλιόν
3299 2689 3361 2726 τε
3407 2673 3502 2726 καὶ
3557 2673 3702 2746 σελή-

2139 2783 2237 2836 νην
2259 2805 2272 2830 ,
2305 2767 2400 2818 καὶ
2449 2765 2576 2828 τοὺς
2605 2765 2766 2818 πέντε
2813 2764 3090 2836 πλανήτας
3127 2765 3508 2836 ἰσοταχῶς,καὶ
3548 2767 3714 2834 ὲγκυ-

2139 2858 2324 2925 κλίως,
2363 2858 2457 2912 καὶ
2487 2857 2822 2920 ὑπεναντίως
2861 2857 2940 2928 τῷ
2985 2857 3173 2928 κόσμῳ
3209 2857 3492 2912 κινεῖσθαι.
3525 2859 3586 2910 Οί
3609 2857 3714 2929 γὰρ

2141 2939 2538 3020 Πυθαγόρειοι,
2591 2947 2798 3017 πρῶτοι
2849 2947 3237 3018 προσελθόντες
3279 2951 3397 3012 ταῖς
3439 2949 3716 3013 τοιαύταις

2141 3041 2463 3112 ζητήσεσιν,
2505 3041 2764 3094 ὑπέθεντο
2807 3041 3123 3108 ἐγκυκλίους
3155 3041 3250 3094 καὶ
3290 3041 3494 3112 ὁμαλὰς
3531 3043 3712 3114 ἡλίου,

465 3139 704 3210 aequales
735 3137 888 3198 solis,
923 3136 1065 3188 lunae
1093 3142 1145 3188 et
1184 3133 1546 3188 erraticarum
1593 3131 1876 3186 stellarum
1919 3144 2033 3181 mo-

2139 3139 2232 3190 καὶ
2283 3138 2512 3209 σελήνης
2542 3177 2556 3202 ,
2595 3137 2690 3191 καὶ
2735 3136 2844 3190 τῶν
2901 3143 2940 3190 ε’
2989 3137 3273 3206 πλανητῶν
3319 3139 3564 3210 ἀστέρων
3613 3138 3714 3202 τὰς

467 3243 576 3287 tus.
621 3228 756 3283 Nam
804 3225 1121 3298 hujusmodi
1151 3225 1616 3296 irregularitatem
1649 3238 1760 3276 non
1799 3220 2037 3274 admise-

467 3331 596 3378 runt
632 3322 688 3376 in
740 3320 824 3376 his
881 3318 1082 3374 divinis
1125 3327 1290 3388 atque
1333 3315 1554 3372 aeternis
1585 3313 1932 3384 corporibus,
1979 3321 2041 3366 ut

469 3409 737 3470 intérdum
789 3411 1028 3467 velocius
1081 3415 1452 3473 moverentur,
1493 3407 1766 3462 interdum
1803 3407 2038 3470 tardius,

471 3507 744 3562 interdum
784 3511 1012 3568 starent,
1055 3511 1116 3557 ut
1162 3518 1294 3557 sane
1331 3501 1492 3556 etiam
1540 3499 1804 3556 stationes
1847 3505 2042 3553 vocant

471 3599 528 3654 in
558 3597 804 3668 quinque
840 3594 1092 3650 erraticis
1125 3593 1318 3650 stellis.
1347 3591 1530 3663 Neque
1557 3593 1702 3648 enim
1737 3591 1792 3646 in
1819 3591 2043 3646 homine

468 3693 608 3748 bene
645 3691 694 3760 3
734 3687 1038 3758 composito
1072 3693 1126 3742 et
1168 3687 1422 3741 ordinato
1463 3687 1628 3738 talem
1673 3690 1856 3738 motus
1903 3683 2044 3737 irre-

469 3783 814 3856 gularitatcm
863 3781 920 3834 in
971 3777 1253 3848 gressibus
1297 3776 1495 3847 aliquis
1525 3773 1880 3838 admitteret;
1916 3788 2042 3828 nam

470 3874 598 3930 vitae
623 3872 981 3928 necessitates
1008 3885 1150 3939 saepe
1177 3869 1316 3922 liunt
1345 3865 1660 3922 hominibus
1681 3881 1862 3920 causa:
1881 3863 2047 3920 tardi-

471 3965 622 4028 tatis,
651 3971 704 4018 et
730 3961 1052 4018 velocitatis.
1083 3959 1152 4013 At
1181 3961 1236 4014 in
1267 3961 1384 4028 ipsa
1409 3957 1809 4028 incorruptibili
1848 3965 2044 4012 natura

473 4058 752 4112 stellarum
791 4071 902 4110 non
933 4061 1112 4124 potest
1144 4053 1252 4107 ulla
1284 4067 1452 4106 causa
1483 4051 1778 4108 celeritatis
1827 4057 1883 4107 et
1937 4059 2047 4106 tar-

471 4149 658 4203 ditatis
703 4147 918 4202 adduci.
977 4145 1150 4212 Quam
1199 4146 1269 4200 ob
1289 4159 1510 4201 causam
1543 4145 1880 4216 Pythagorici
1907 4145 2046 4198 hanc

473 4246 874 4309 proposuerunt
913 4238 1270 4308 quaestionem
1311 4235 1632 4302 :Quomodo
1657 4252 1757 4306 per
1803 4237 2044 4292 circula-

473 4343 561 4383 res
595 4335 648 4383 et
687 4329 926 4399 aequales
983 4337 1162 4382 motus
1191 4335 1418 4398 possent
1452 4327 1784 4398 apparentia:
1815 4327 2036 4384 salvari.

543 4419 618 4474 De
650 4419 876 4489 reliquis
905 4419 1069 4490 igitur
1097 4419 1330 4489 planetis
1377 4418 1432 4472 in
1476 4401 1600 4472 aliis
1633 4419 1855 4488 scriptis
1912 4433 2048 4474 cau-

473 4529 590 4566 sam
618 4527 986 4582 exponemus;
1016 4526 1165 4566 nunc
1198 4527 1327 4567 vero
1359 4511 1427 4567 de
1467 4512 1581 4567 sole
1607 4527 1830 4567 causam
1855 4519 2042 4566 osten-

473 4605 682 4672 demus,
710 4619 830 4670 cur,
873 4620 997 4661 cum
1026 4605 1305 4675 aequaliter
1347 4613 1656 4670 moveatur,
1699 4605 1754 4659 in
1777 4605 2046 4674 tempori-

473 4695 578 4749 bus
606 4695 966 4767 inaequalibus
1013 4697 1248 4766 mquales
1291 4711 1452 4751 arcus
1499 4693 1712 4750 zodiaci
1757 4694 2037 4749 conﬁciat.

475 4786 740 4857 Suprema
773 4787 939 4859 igitur
966 4797 1052 4842 est
1081 4787 1324 4842 omnium
1353 4802 1417 4842 ea
1447 4787 1659 4857 sphaera
1686 4825 1701 4849 ,
1736 4793 1858 4855 quae
1901 4786 2036 4840 stel-

472 4877 652 4930 larum
690 4877 918 4931 lixarum
947 4877 1169 4942 dicitur,
1195 4893 1316 4948 qua:
1345 4878 1402 4931 in
1424 4893 1484 4934 se
1515 4879 1760 4933 continet
1791 4877 2036 4932 omnium

474 4967 704 5021 lixarum
733 4967 1249 5030 constellationum,
1296 4967 1408 5022 sive
1458 4967 1738 5040 signorum
1784 4967 2041 5040 effigiem.

471 5058 594 5114 Non
622 5071 705 5116 est
735 5067 916 5115 autem
946 5059 1294 5130 cogitandum
1320 5099 1334 5124 ,
1367 5075 1558 5115 omnes
1591 5060 1780 5116 stellas
1811 5059 1916 5115 sub
1940 5075 2032 5115 ea-

474 5154 596 5208 dem
625 5167 748 5208 esse
777 5153 982 5226 positas
1017 5149 1340 5221 superﬁcie,
1390 5151 1486 5207 sed
1519 5152 1655 5206 alias
1689 5167 1812 5208 esse
1867 5153 2042 5208 subli-

474 5245 676 5299 niiores
697 5288 710 5308 ,
755 5244 891 5298 alias
923 5243 1259 5297 humiliores.
1299 5241 1434 5296 Cum
1483 5243 1627 5296 enim
1661 5243 1815 5299 visus
1847 5251 2036 5299 noster

477 5340 544 5392 ad
578 5341 838 5410 :equaiem
885 5337 1273 5406 longitudinem
1322 5351 1352 5388 a
1399 5343 1546 5390 terra
1577 5337 1634 5389 in
1679 5337 1878 5390 malum
1913 5350 2038 5391 sese

2143 3230 2404 3300 κινήσεις.
2437 3229 2546 3299 Τὴν
2571 3229 2678 3301 γάρ
2698 3227 2952 3297 τοιαύτην
2981 3229 3204 3294 ἀταξίαν
3235 3230 3296 3282 οὑ
3331 3228 3717 3300 προσεδέξαντο

2143 3322 2280 3390 πρὸς
2307 3320 2377 3372 τὰ
2409 3319 2527 3374 θεῖα
2549 3319 2641 3372 καὶ
2687 3318 2880 3374 αἰώνια
2900 3336 2914 3350 ⁸
2949 3319 3025 3384 ὡς
3056 3319 3184 3372 ποτὲ
3207 3321 3304 3390 μὲν
3337 3319 3522 3390 τάχιον
3551 3323 3718 3374 κινεῖ-

2147 3409 2289 3473 σθαι,
2317 3409 2448 3462 ποτὲ
2473 3409 2531 3462 δὲ
2559 3407 2794 3479 βράδιον,
2823 3408 2954 3460 ποτὲ
2978 3407 3034 3460 δὲ
3073 3408 3388 3478 έστηκέναν
3417 3409 3508 3471 οὓς
3535 3409 3600 3480 δὴ
3623 3411 3716 3464 καὶ

2145 3501 2370 3555 καλοῦσι
2414 3501 2750 3572 στηριγμοὺς
2789 3501 2882 3552 ἐπὶ
2913 3500 3022 3553 τῶν
3069 3507 3110 3552 ε’
3137 3499 3424 3572 πλανητῶν
3449 3502 3714 3572 ἀστέρων.

2145 3593 2278 3646 Οὐδὲ
2299 3591 2410 3664 γάρ
2443 3593 2572 3663 περὶ
2595 3591 2878 3662 ἄνθρωπον
2917 3591 3142 3662 κόσμιον
3175 3593 3269 3646 καὶ
3301 3593 3632 3664 τεταγμένον
3661 3595 3720 3647 ὲν

2145 3690 2264 3750 ταῖς
2299 3685 2547 3758 πορείαις
2580 3684 2680 3756 τὴν
2704 3683 2960 3755 τοιαύτην
2989 3685 3300 3754 ἀνωμαλίαν
3325 3685 3422 3757 τῆς
3453 3687 3721 3757 κινήσεως

2147 3779 2508 3850 προσεδέξατο
2542 3779 2564 3811 ⁸
2593 3778 2659 3832 ἄν
2705 3795 2822 3843 τις·
2861 3779 2918 3832 αἰ
2959 3777 3068 3848 γὰρ
3117 3777 3210 3830 τοῦ
3239 3777 3356 3848 βίου
3399 3781 3576 3850 χρεῖαι
3609 3783 3723 3843 τοῖς

2147 3870 2454 3943 ἀνθρώποις
2485 3869 2746 3935 πολλάκις
2789 3869 2958 3924 αἴτιαι
2985 3868 3224 3938 γίνονται
3271 3869 3602 3941 βραδυτῆτος
3627 3871 3724 3924 καὶ

2145 3963 2450 4034 ταχυτῆτος
2467 3981 2482 3994 θ
2508 3979 2574 4016 πε
2583 3963 2638 4033 pi.
2661 3961 2718 4014 δὲ
2743 3961 2841 4032 τὴν
2862 3961 3136 4032 ἄφθαρτον
3163 3959 3324 4030 φύσιν
3343 3959 3453 4014 τῶν
3479 3963 3722 4032 ἀστέρων

2147 4055 2403 4126 οὐδεμίαν
2423 4055 2644 4109 δυνατὸν
2679 4054 2859 4110 αἰτίαν
2885 4054 3262 4124 προσαχθῆναι
3303 4055 3602 4126 ταχυτῆτος
3627 4055 3722 4107 καὶ

2151 4149 2501 4221 βραδυτῆτος.
2539 4149 2614 4200 Δι’
2639 4148 2830 4218 ἥντινα
2853 4147 3035 4201 αἰτίαν
3051 4147 3370 4218 προέτειναν
3405 4145 3570 4201 οὓτω·
3599 4148 3726 4211 Πῶς

2149 4241 2215 4295 ἂν
2241 4241 2306 4294 δι’
2341 4240 2646 4308 ἐγκυκλίων
2673 4241 2767 4294 καὶ
2793 4239 3011 4310 ὁμαλῶν
3042 4241 3308 4311 κινήσεων
3335 4241 3622 4312 ἀποδοθείη
3657 4241 3724 4294 τὰ

2153 4334 2474 4405 φαινόμενα.

2221 4425 2359 4496 Περὶ
2399 4423 2498 4496 μὲν
2525 4419 2617 4476 οὖν
2638 4421 2748 4476 τῶν
2767 4423 2970 4476 λοιπῶν
2985 4423 3230 4495 ἀστέρων
3263 4425 3322 4478 έν
3351 4426 3558 4492 ἑτέροις
3587 4428 3724 4479 ἀπο-

2153 4513 2395 4585 δώσομεν
2426 4513 2524 4584 τὴν
2548 4513 2724 4566 αἰτίαν
2743 4529 2755 4542 ·
2787 4511 2903 4566 νυνὶ
2921 4511 2980 4565 δὲ
3009 4512 3138 4584 περὶ
3165 4512 3315 4582 ἡλίου
3349 4511 3722 4585 ὑποδείξομεν,

2153 4607 2218 4660 δι’
2253 4607 2320 4678 ἢν
2349 4605 2528 4660 αἰτίαν
2555 4603 2816 4676 ἰσοταχῶς
2845 4603 3183 4674 κινούμενος,
3211 4607 3268 4658 έν
3289 4605 3492 4668 ἀνίσοις
3514 4605 3726 4676 χρόνοις

2154 4697 2253 4762 τάς
2282 4699 2404 4762 ἰσας
2431 4697 2786 4769 περιφερείας
2826 4694 3208 4767 διαπορεύεται
3235 4698 3256 4728 ³
3277 4712 3290 4726 ·
3325 4695 3586 4750 ἀνωτάτω
3617 4695 3724 4766 γὰρ

2156 4791 2372 4844 πάντων
2424 4789 2572 4843 ἐστὶν
2625 4791 2660 4860 ἡ
2705 4787 2974 4859 λεγομένη
3033 4787 3140 4840 τῶν
3183 4786 3441 4843 ἀπλανῶν
3481 4787 3726 4858 ἀστέρων

2153 4885 2375 4954 σφαῖρα,
2412 4883 2446 4952 ἡ
2479 4879 2808 4952 περιέχουσα
2835 4879 3054 4932 πάντων
3073 4877 3183 4933 τῶν
3213 4878 3726 4950 κατηστερισμένων

2155 4971 2359 5036 ζωδίων
2391 4973 2488 5043 τὴν
2519 4969 2892 5026 εἰδωλοποιίαν
2911 4985 2923 5000 ·
2940 4971 3000 5022 ού
3042 4971 3248 5034 πάντας
3272 4969 3328 5022 δὲ
3343 4971 3467 5032 τοὺς
3493 4969 3729 5040 ἀστέρας

2153 5064 2496 5134 ὑποληπτέον
2533 5063 2640 5118 ὑπὸ
2679 5063 2806 5134 μίαν
2845 5063 3168 5132 ἐπιφάνειαν
3199 5062 3446 5116 κεῖσθαιο
3493 5061 3608 5116 ἀλλ’
3635 5059 3730 5124 οὓς

2159 5157 2258 5228 μὲν
2301 5157 2736 5229 μετεωροτέρους
2767 5155 3052 5226 ὑπάρχειν,
3090 5154 3182 5218 οὒς
3203 5155 3262 5206 δὲ
3293 5154 3728 5224 ταπεινοτέρους.

2155 5247 2254 5302 Διὰ
2287 5248 2343 5300 δὲ
2387 5249 2448 5300 τὸ
2498 5248 2596 5319 τὴν
2642 5248 2830 5319 ὅρασιν
2887 5249 2979 5300 ἐπὶ
3026 5247 3139 5300 ίσον
3169 5247 3496 5314 ἐξικνεῖσθαι
3535 5247 3728 5318 μῆκος,

2157 5338 2553 5410 ἀνεπαίσθητος
2576 5339 2785 5408 γίνεται
2810 5341 2844 5410 ἡ
2871 5339 2963 5393 τοῦ
2997 5337 3164 5410 ὕψους
3191 5337 3444 5412 διαφορά.

477 5435 780 5489 extendat:
835 5431 1078 5486 redditur
1140 5430 1473 5485 insensibilis
1524 5429 1830 5486 altitudinis
1881 5430 2218 5488 differentia.

547 5591 568 5622 "
605 5609 695 5658 γρ.
725 5593 1100 5663 ἀστρονομίαν.
1176 5592 1198 5624 ⁸
1235 5588 1720 5662 τρ.,ποοαδέξεται.

479 5704 789 5774 Hipparcho
819 5707 1142 5760 distributus
1165 5713 1269 5760 est.
1301 5704 1438 5758 Vide
1463 5705 1557 5759 lib.
1595 5721 1646 5757 tv
1681 5703 1750 5756 De
1789 5702 2034 5774 doctrina

475 5773 792 5844 temporum,
819 5777 994 5846 capite
1037 5776 1126 5842 ὅθ,
1173 5777 1264 5832 ubi
1305 5776 1372 5830 de
1409 5790 1620 5830 summa
1667 5775 1798 5858 solis
1850 5773 2036 5844 apside

1815 5591 1836 5622 ⁹
1877 5606 1964 5660 γρ.
2001 5589 2446 5662 περιπορεύεται.

2147 5703 2468 5760 caeterisoue
2493 5718 2614 5776 quae
2639 5703 2732 5760 hic
2763 5717 2794 5758 a
2841 5701 3072 5758 Gemino
3101 5701 3300 5758 tradita
3333 5710 3484 5769 sunt,
3515 5700 3740 5773 copiose

2148 5785 2492 5844 disputatur.
