  <div class='ocr_page' id='page_1' title='image "/cluster/home/n/w/nwhite01/storage/ocr_20150623/19:no.1/coo.31924054872993/398.png"; bbox 0 0 4146 6450; ppageno 0'>
   <div class='ocr_carea' id='block_1_1' title="bbox 401 480 505 538">
    <p class='ocr_par' dir='ltr' id='par_1_1' title="bbox 401 480 505 538">
     <span class='ocr_line' id='line_1_1' title="bbox 401 480 505 538; baseline 0 0"><span class='ocrx_word' id='word_1_1' title='bbox 401 480 505 538; x_wconf 72' lang='lat'><strong>753</strong></span> 
     </span>
    </p>
   </div>
   <div class='ocr_carea' id='block_1_2' title="bbox 1442 468 2620 530">
    <p class='ocr_par' dir='ltr' id='par_1_2' title="bbox 1442 468 2620 530">
     <span class='ocr_line' id='line_1_2' title="bbox 1442 468 2620 530; baseline -0.006 0"><span class='ocrx_word' id='word_1_2' title='bbox 1442 472 1682 530; x_wconf 80' lang='lat' dir='ltr'><strong>GEMINI</strong></span> <span class='ocrx_word' id='word_1_3' title='bbox 1723 471 2098 529; x_wconf 82' lang='lat' dir='ltr'><strong>ELEMENTA</strong></span> <span class='ocrx_word' id='word_1_4' title='bbox 2129 468 2620 528; x_wconf 71' lang='lat' dir='ltr'><strong>ASTRONOMIE.</strong></span> 
     </span>
    </p>
   </div>
   <div class='ocr_carea' id='block_1_3' title="bbox 3539 464 3646 521">
    <p class='ocr_par' dir='ltr' id='par_1_3' title="bbox 3539 464 3646 521">
     <span class='ocr_line' id='line_1_3' title="bbox 3539 464 3646 521; baseline 0.019 -2"><span class='ocrx_word' id='word_1_5' title='bbox 3539 464 3646 521; x_wconf 69' lang='grc' dir='ltr'>γει</span> 
     </span>
    </p>
   </div>
   <div class='ocr_carea' id='block_1_4' title="bbox 479 576 1974 663">
    <p class='ocr_par' dir='ltr' id='par_1_4' title="bbox 479 587 1974 663">
     <span class='ocr_line' id='line_1_4' title="bbox 479 587 1974 663; baseline -0.004 -17"><span class='ocrx_word' id='word_1_6' title='bbox 479 592 615 648; x_wconf 85' lang='grc' dir='ltr'><strong>Ὑπὸ</strong></span> <span class='ocrx_word' id='word_1_7' title='bbox 661 593 719 647; x_wconf 84' lang='grc' dir='ltr'>δὲ</span> <span class='ocrx_word' id='word_1_8' title='bbox 770 591 868 663; x_wconf 81' lang='grc' dir='ltr'><strong>τὴν</strong></span> <span class='ocrx_word' id='word_1_9' title='bbox 916 590 1026 644; x_wconf 86' lang='grc' dir='ltr'><strong>τῶν</strong></span> <span class='ocrx_word' id='word_1_10' title='bbox 1064 587 1319 644; x_wconf 83' lang='grc' dir='ltr'>ἀπλανῶν</span> <span class='ocrx_word' id='word_1_11' title='bbox 1356 589 1430 660; x_wconf 88' lang='grc'><strong>(7)</strong></span> <span class='ocrx_word' id='word_1_12' title='bbox 1466 587 1711 659; x_wconf 83' lang='grc' dir='ltr'><strong>ἀστέρων</strong></span> <span class='ocrx_word' id='word_1_13' title='bbox 1743 589 1974 658; x_wconf 82' lang='grc' dir='ltr'>σφαῖραν</span> 
     </span>
    </p>
   </div>
   <div class='ocr_carea' id='block_1_5' title="bbox 2080 576 3650 663">
    <p class='ocr_par' dir='ltr' id='par_1_5' title="bbox 2152 576 3650 655">
     <span class='ocr_line' id='line_1_5' title="bbox 2152 576 3650 655; baseline -0.005 -15"><span class='ocrx_word' id='word_1_14' title='bbox 2152 584 2264 640; x_wconf 89' lang='lat' dir='ltr'><strong>Sub</strong></span> <span class='ocrx_word' id='word_1_15' title='bbox 2295 584 2504 655; x_wconf 77' lang='lat' dir='ltr'><strong>Sphaera</strong></span> <span class='ocrx_word' id='word_1_16' title='bbox 2534 583 2814 639; x_wconf 87' lang='lat' dir='ltr'><strong>stellarum</strong></span> <span class='ocrx_word' id='word_1_17' title='bbox 2849 581 3077 636; x_wconf 71' lang='lat' dir='ltr'><strong>(irarum</strong></span> <span class='ocrx_word' id='word_1_18' title='bbox 3108 580 3328 650; x_wconf 77' lang='lat' dir='ltr'><strong>ponitur</strong></span> <span class='ocrx_word' id='word_1_19' title='bbox 3366 578 3520 634; x_wconf 79' lang='lat' dir='ltr'><strong>stella</strong></span> <span class='ocrx_word' id='word_1_20' title='bbox 3549 576 3650 633; x_wconf 87' lang='lat' dir='ltr'><strong>Sa-</strong></span> 
     </span>
    </p>
   </div>
   <div class='ocr_carea' id='block_1_6' title="bbox 396 681 1976 755">
    <p class='ocr_par' dir='ltr' id='par_1_6' title="bbox 396 681 1976 755">
     <span class='ocr_line' id='line_1_6' title="bbox 396 681 1976 755; baseline -0.005 -13"><span class='ocrx_word' id='word_1_21' title='bbox 396 690 571 743; x_wconf 89' lang='grc' dir='ltr'>κεῖται</span> <span class='ocrx_word' id='word_1_22' title='bbox 641 685 845 755; x_wconf 80' lang='grc' dir='ltr'>φαίνων</span> <span class='ocrx_word' id='word_1_23' title='bbox 909 686 939 739; x_wconf 93' lang='lat'><strong>6</strong></span> <span class='ocrx_word' id='word_1_24' title='bbox 1003 683 1096 738; x_wconf 88' lang='grc' dir='ltr'><strong>τοῦ</strong></span> <span class='ocrx_word' id='word_1_25' title='bbox 1160 683 1370 754; x_wconf 87' lang='grc' dir='ltr'><strong>Κρόνου</strong></span> <span class='ocrx_word' id='word_1_26' title='bbox 1436 681 1976 754; x_wconf 81' lang='grc' dir='ltr'><strong>προσαγορευόμενος</strong></span> 
     </span>
    </p>
   </div>
   <div class='ocr_carea' id='block_1_7' title="bbox 397 770 1977 849">
    <p class='ocr_par' dir='ltr' id='par_1_7' title="bbox 397 770 1977 849">
     <span class='ocr_line' id='line_1_7' title="bbox 397 770 1977 849; baseline -0.006 -15"><span class='ocrx_word' id='word_1_27' title='bbox 397 779 592 849; x_wconf 84' lang='grc' dir='ltr'>ἀστήρ.</span> <span class='ocrx_word' id='word_1_28' title='bbox 629 770 796 841; x_wconf 76' lang='grc' dir='ltr'>Οὗτος</span> <span class='ocrx_word' id='word_1_29' title='bbox 815 777 906 830; x_wconf 91' lang='grc' dir='ltr'><strong>τὸν</strong></span> <span class='ocrx_word' id='word_1_30' title='bbox 934 776 1031 848; x_wconf 78' lang='grc' dir='ltr'><strong>μὲν</strong></span> <span class='ocrx_word' id='word_1_31' title='bbox 1055 772 1320 840; x_wconf 79' lang='grc' dir='ltr'><strong>ζωδιακὸν</strong></span> <span class='ocrx_word' id='word_1_32' title='bbox 1342 771 1540 828; x_wconf 80' lang='grc' dir='ltr'><strong>κύκλον</strong></span> <span class='ocrx_word' id='word_1_33' title='bbox 1569 772 1626 826; x_wconf 99' lang='lat' dir='ltr'><strong><em>tv</em></strong></span> <span class='ocrx_word' id='word_1_34' title='bbox 1659 772 1802 826; x_wconf 75' lang='grc' dir='ltr'>ἔτεσι</span> <span class='ocrx_word' id='word_1_35' title='bbox 1827 770 1870 824; x_wconf 85' lang='grc' dir='ltr'><strong>λ’</strong></span> <span class='ocrx_word' id='word_1_36' title='bbox 1900 771 1977 836; x_wconf 82' lang='grc' dir='ltr'>ὡς</span> 
     </span>
    </p>
   </div>
   <div class='ocr_carea' id='block_1_8' title="bbox 398 864 1977 941">
    <p class='ocr_par' dir='ltr' id='par_1_8' title="bbox 398 864 1977 941">
     <span class='ocr_line' id='line_1_8' title="bbox 398 864 1977 941; baseline -0.004 -18"><span class='ocrx_word' id='word_1_37' title='bbox 398 871 623 939; x_wconf 75' lang='grc' dir='ltr'>ἔγγιστα</span> <span class='ocrx_word' id='word_1_38' title='bbox 675 865 1089 941; x_wconf 84' lang='grc' dir='ltr'><strong>διαπορεύεται·</strong></span> <span class='ocrx_word' id='word_1_39' title='bbox 1153 865 1214 921; x_wconf 86' lang='grc' dir='ltr'><strong>τὸ</strong></span> <span class='ocrx_word' id='word_1_40' title='bbox 1272 867 1331 922; x_wconf 86' lang='grc' dir='ltr'>δὲ</span> <span class='ocrx_word' id='word_1_41' title='bbox 1380 866 1437 920; x_wconf 84' lang='grc' dir='ltr'>ἓν</span> <span class='ocrx_word' id='word_1_42' title='bbox 1487 865 1677 931; x_wconf 84' lang='grc' dir='ltr'>ζὼδιον</span> <span class='ocrx_word' id='word_1_43' title='bbox 1725 866 1784 920; x_wconf 90' lang='lat' dir='ltr'><strong><em>tv</em></strong></span> <span class='ocrx_word' id='word_1_44' title='bbox 1827 864 1977 917; x_wconf 70' lang='grc' dir='ltr'>δυσὶν</span> 
     </span>
    </p>
   </div>
   <div class='ocr_carea' id='block_1_9' title="bbox 395 957 1972 1031">
    <p class='ocr_par' dir='ltr' id='par_1_9' title="bbox 395 957 1972 1031">
     <span class='ocr_line' id='line_1_9' title="bbox 395 957 1972 1031; baseline -0.005 -15"><span class='ocrx_word' id='word_1_45' title='bbox 395 961 538 1016; x_wconf 69' lang='grc' dir='ltr'>ἔτεσι</span> <span class='ocrx_word' id='word_1_46' title='bbox 565 960 658 1014; x_wconf 76' lang='grc' dir='ltr'>καὶ</span> <span class='ocrx_word' id='word_1_47' title='bbox 679 959 739 1025; x_wconf 81' lang='grc' dir='ltr'>ἒξ</span> <span class='ocrx_word' id='word_1_48' title='bbox 767 960 949 1031; x_wconf 86' lang='grc' dir='ltr'>μησίν.</span> <span class='ocrx_word' id='word_1_49' title='bbox 992 959 1130 1014; x_wconf 90' lang='grc' dir='ltr'><strong>Ὑπὸ</strong></span> <span class='ocrx_word' id='word_1_50' title='bbox 1166 959 1223 1014; x_wconf 83' lang='grc' dir='ltr'>δὲ</span> <span class='ocrx_word' id='word_1_51' title='bbox 1248 959 1338 1013; x_wconf 91' lang='grc' dir='ltr'><strong>τὸν</strong></span> <span class='ocrx_word' id='word_1_52' title='bbox 1367 959 1624 1029; x_wconf 77' lang='grc' dir='ltr'>φαίνοντα</span> <span class='ocrx_word' id='word_1_53' title='bbox 1649 957 1972 1028; x_wconf 84' lang='grc' dir='ltr'>κατώτερον·</span> 
     </span>
    </p>
   </div>
   <div class='ocr_carea' id='block_1_10' title="bbox 395 1048 1960 1123">
    <p class='ocr_par' dir='ltr' id='par_1_10' title="bbox 395 1048 1960 1123">
     <span class='ocr_line' id='line_1_10' title="bbox 395 1048 1960 1123; baseline -0.003 -16"><span class='ocrx_word' id='word_1_54' title='bbox 395 1051 559 1107; x_wconf 78' lang='grc' dir='ltr'>αὑτοῦ</span> <span class='ocrx_word' id='word_1_55' title='bbox 594 1052 818 1123; x_wconf 88' lang='grc' dir='ltr'>φέρεται</span> <span class='ocrx_word' id='word_1_56' title='bbox 866 1052 1105 1118; x_wconf 82' lang='grc' dir='ltr'><strong>Φαέθων,</strong></span> <span class='ocrx_word' id='word_1_57' title='bbox 1145 1054 1173 1106; x_wconf 95' lang='lat'><strong>6</strong></span> <span class='ocrx_word' id='word_1_58' title='bbox 1212 1052 1307 1106; x_wconf 89' lang='grc' dir='ltr'><strong>τοῦ</strong></span> <span class='ocrx_word' id='word_1_59' title='bbox 1355 1051 1523 1122; x_wconf 84' lang='grc' dir='ltr'>Ζηνὸς</span> <span class='ocrx_word' id='word_1_60' title='bbox 1557 1048 1960 1122; x_wconf 85' lang='grc' dir='ltr'>προσαγορευό-</span> 
     </span>
    </p>
   </div>
   <div class='ocr_carea' id='block_1_11' title="bbox 398 1134 1974 1214">
    <p class='ocr_par' dir='ltr' id='par_1_11' title="bbox 398 1134 1974 1214">
     <span class='ocr_line' id='line_1_11' title="bbox 398 1134 1974 1214; baseline -0.001 -19"><span class='ocrx_word' id='word_1_61' title='bbox 398 1159 560 1214; x_wconf 86' lang='grc' dir='ltr'>μενος</span> <span class='ocrx_word' id='word_1_62' title='bbox 591 1143 784 1213; x_wconf 83' lang='grc' dir='ltr'>ἀστήρ.</span> <span class='ocrx_word' id='word_1_63' title='bbox 832 1134 1000 1206; x_wconf 75' lang='grc' dir='ltr'>Οὗτος</span> <span class='ocrx_word' id='word_1_64' title='bbox 1057 1141 1113 1195; x_wconf 78' lang='grc' dir='ltr'><strong>δὲ</strong></span> <span class='ocrx_word' id='word_1_65' title='bbox 1136 1142 1228 1196; x_wconf 88' lang='grc' dir='ltr'><strong>τὸν</strong></span> <span class='ocrx_word' id='word_1_66' title='bbox 1259 1141 1520 1206; x_wconf 76' lang='grc' dir='ltr'><strong>ζωδιακὸν</strong></span> <span class='ocrx_word' id='word_1_67' title='bbox 1547 1140 1746 1195; x_wconf 80' lang='grc' dir='ltr'>κύκλον</span> <span class='ocrx_word' id='word_1_68' title='bbox 1785 1140 1974 1194; x_wconf 87' lang='grc' dir='ltr'>διαπο-</span> 
     </span>
    </p>
   </div>
   <div class='ocr_carea' id='block_1_12' title="bbox 399 1229 1973 1304">
    <p class='ocr_par' dir='ltr' id='par_1_12' title="bbox 399 1229 1973 1304">
     <span class='ocr_line' id='line_1_12' title="bbox 399 1229 1973 1304; baseline 0.001 -20"><span class='ocrx_word' id='word_1_69' title='bbox 399 1231 615 1304; x_wconf 85' lang='grc' dir='ltr'>ρεύεται</span> <span class='ocrx_word' id='word_1_70' title='bbox 668 1233 727 1286; x_wconf 85' lang='grc' dir='ltr'><strong>ὲν</strong></span> <span class='ocrx_word' id='word_1_71' title='bbox 787 1231 853 1302; x_wconf 84' lang='grc' dir='ltr'><strong>ιβ’</strong></span> <span class='ocrx_word' id='word_1_72' title='bbox 906 1230 1082 1285; x_wconf 77' lang='grc' dir='ltr'>ἔτεσι·</span> <span class='ocrx_word' id='word_1_73' title='bbox 1112 1231 1178 1285; x_wconf 89' lang='grc' dir='ltr'><strong>τὸ</strong></span> <span class='ocrx_word' id='word_1_74' title='bbox 1215 1231 1272 1285; x_wconf 81' lang='grc' dir='ltr'>δὲ</span> <span class='ocrx_word' id='word_1_75' title='bbox 1305 1231 1364 1287; x_wconf 84' lang='grc' dir='ltr'><strong>ἓν</strong></span> <span class='ocrx_word' id='word_1_76' title='bbox 1406 1229 1595 1296; x_wconf 86' lang='grc' dir='ltr'>ζώδιον</span> <span class='ocrx_word' id='word_1_77' title='bbox 1639 1233 1696 1286; x_wconf 89' lang='lat' dir='ltr'><strong><em>tv</em></strong></span> <span class='ocrx_word' id='word_1_78' title='bbox 1722 1230 1973 1302; x_wconf 78' lang='grc' dir='ltr'><strong>ἐνιαυτῷ.</strong></span> 
     </span>
    </p>
   </div>
   <div class='ocr_carea' id='block_1_13' title="bbox 407 1323 1972 1396">
    <p class='ocr_par' dir='ltr' id='par_1_13' title="bbox 407 1323 1972 1396">
     <span class='ocr_line' id='line_1_13' title="bbox 407 1323 1972 1396; baseline -0.001 -18"><span class='ocrx_word' id='word_1_79' title='bbox 407 1324 542 1378; x_wconf 81' lang='grc' dir='ltr'>Ὑπὸ</span> <span class='ocrx_word' id='word_1_80' title='bbox 593 1324 651 1378; x_wconf 81' lang='grc' dir='ltr'>δὲ</span> <span class='ocrx_word' id='word_1_81' title='bbox 704 1323 899 1379; x_wconf 88' lang='grc' dir='ltr'>τοῦτον</span> <span class='ocrx_word' id='word_1_82' title='bbox 954 1324 1213 1378; x_wconf 89' lang='grc' dir='ltr'>τέτακται</span> <span class='ocrx_word' id='word_1_83' title='bbox 1255 1325 1498 1396; x_wconf 84' lang='grc' dir='ltr'>πυρόεις,</span> <span class='ocrx_word' id='word_1_84' title='bbox 1532 1326 1561 1376; x_wconf 89' lang='lat'><strong>6</strong></span> <span class='ocrx_word' id='word_1_85' title='bbox 1612 1323 1708 1377; x_wconf 87' lang='grc' dir='ltr'><strong>τοῦ</strong></span> <span class='ocrx_word' id='word_1_86' title='bbox 1758 1325 1972 1394; x_wconf 80' lang='grc' dir='ltr'>Ἀρεος.</span> 
     </span>
    </p>
   </div>
   <div class='ocr_carea' id='block_1_14' title="bbox 395 1411 1974 1487">
    <p class='ocr_par' dir='ltr' id='par_1_14' title="bbox 395 1411 1974 1487">
     <span class='ocr_line' id='line_1_14' title="bbox 395 1411 1974 1487; baseline -0.001 -17"><span class='ocrx_word' id='word_1_87' title='bbox 395 1411 568 1480; x_wconf 81' lang='grc' dir='ltr'>Οὗτος</span> <span class='ocrx_word' id='word_1_88' title='bbox 588 1416 646 1470; x_wconf 88' lang='grc' dir='ltr'>δὲ</span> <span class='ocrx_word' id='word_1_89' title='bbox 658 1415 753 1470; x_wconf 80' lang='grc' dir='ltr'><strong>τὸν</strong></span> <span class='ocrx_word' id='word_1_90' title='bbox 790 1417 890 1487; x_wconf 79' lang='grc' dir='ltr'><strong>μὲν</strong></span> <span class='ocrx_word' id='word_1_91' title='bbox 913 1415 1176 1481; x_wconf 73' lang='grc' dir='ltr'>ζωδιακὸν</span> <span class='ocrx_word' id='word_1_92' title='bbox 1206 1415 1404 1470; x_wconf 87' lang='grc' dir='ltr'>κύκλον</span> <span class='ocrx_word' id='word_1_93' title='bbox 1438 1415 1711 1486; x_wconf 79' lang='grc' dir='ltr'>διέρχεται</span> <span class='ocrx_word' id='word_1_94' title='bbox 1736 1416 1794 1468; x_wconf 89' lang='lat' dir='ltr'><strong>tv</strong></span> <span class='ocrx_word' id='word_1_95' title='bbox 1819 1416 1974 1469; x_wconf 77' lang='grc' dir='ltr'>δυσὶν</span> 
     </span>
    </p>
   </div>
   <div class='ocr_carea' id='block_1_15' title="bbox 395 1507 1976 1583">
    <p class='ocr_par' dir='ltr' id='par_1_15' title="bbox 395 1507 1976 1583">
     <span class='ocr_line' id='line_1_15' title="bbox 395 1507 1976 1583; baseline -0.001 -20"><span class='ocrx_word' id='word_1_96' title='bbox 395 1509 542 1564; x_wconf 74' lang='grc' dir='ltr'>ἔτεσι</span> <span class='ocrx_word' id='word_1_97' title='bbox 578 1510 672 1563; x_wconf 77' lang='grc' dir='ltr'><strong>καὶ</strong></span> <span class='ocrx_word' id='word_1_98' title='bbox 718 1508 974 1583; x_wconf 82' lang='grc' dir='ltr'>ὲξαμήνῳ</span> <span class='ocrx_word' id='word_1_99' title='bbox 1004 1527 1018 1542; x_wconf 88' lang='grc'>·</span> <span class='ocrx_word' id='word_1_100' title='bbox 1054 1510 1114 1564; x_wconf 94' lang='grc' dir='ltr'><strong>τὸ</strong></span> <span class='ocrx_word' id='word_1_101' title='bbox 1147 1509 1205 1562; x_wconf 80' lang='grc' dir='ltr'>δὲ</span> <span class='ocrx_word' id='word_1_102' title='bbox 1233 1507 1423 1575; x_wconf 83' lang='grc' dir='ltr'>ζώδιον</span> <span class='ocrx_word' id='word_1_103' title='bbox 1453 1509 1511 1562; x_wconf 84' lang='lat' dir='ltr'><strong><em>tv</em></strong></span> <span class='ocrx_word' id='word_1_104' title='bbox 1535 1508 1654 1561; x_wconf 85' lang='grc' dir='ltr'><strong>δυσί</strong></span> <span class='ocrx_word' id='word_1_105' title='bbox 1704 1508 1838 1579; x_wconf 81' lang='grc' dir='ltr'><strong>μησί</strong></span> <span class='ocrx_word' id='word_1_106' title='bbox 1881 1509 1976 1562; x_wconf 77' lang='grc' dir='ltr'><strong>καί</strong></span> 
     </span>
    </p>
   </div>
   <div class='ocr_carea' id='block_1_16' title="bbox 393 1598 1973 1673">
    <p class='ocr_par' dir='ltr' id='par_1_16' title="bbox 393 1598 1973 1673">
     <span class='ocr_line' id='line_1_16' title="bbox 393 1598 1973 1673; baseline -0.001 -20"><span class='ocrx_word' id='word_1_107' title='bbox 393 1599 603 1672; x_wconf 76' lang='grc' dir='ltr'>ἡμίσει.</span> <span class='ocrx_word' id='word_1_108' title='bbox 641 1600 754 1671; x_wconf 85' lang='grc' dir='ltr'><strong>Τὴν</strong></span> <span class='ocrx_word' id='word_1_109' title='bbox 810 1601 867 1654; x_wconf 83' lang='grc' dir='ltr'>δὲ</span> <span class='ocrx_word' id='word_1_110' title='bbox 894 1601 1159 1673; x_wconf 82' lang='grc' dir='ltr'><strong>ἐχομένην</strong></span> <span class='ocrx_word' id='word_1_111' title='bbox 1215 1599 1400 1671; x_wconf 88' lang='grc' dir='ltr'>χώραν</span> <span class='ocrx_word' id='word_1_112' title='bbox 1459 1599 1680 1670; x_wconf 82' lang='grc' dir='ltr'>κατέχει</span> <span class='ocrx_word' id='word_1_113' title='bbox 1730 1601 1759 1652; x_wconf 97' lang='lat'><strong>6</strong></span> <span class='ocrx_word' id='word_1_114' title='bbox 1802 1598 1973 1670; x_wconf 62' lang='grc' dir='ltr'><strong>⁴ίίλλιος,</strong></span> 
     </span>
    </p>
   </div>
   <div class='ocr_carea' id='block_1_17' title="bbox 392 1690 1976 1764">
    <p class='ocr_par' dir='ltr' id='par_1_17' title="bbox 392 1690 1976 1764">
     <span class='ocr_line' id='line_1_17' title="bbox 392 1690 1976 1764; baseline -0.001 -19"><span class='ocrx_word' id='word_1_115' title='bbox 392 1690 628 1763; x_wconf 66' lang='grc' dir='ltr'>ὲνιαυτῷ</span> <span class='ocrx_word' id='word_1_116' title='bbox 681 1691 1136 1764; x_wconf 85' lang='grc' dir='ltr'>διαπορευόμενος</span> <span class='ocrx_word' id='word_1_117' title='bbox 1160 1693 1252 1746; x_wconf 91' lang='grc' dir='ltr'><strong>τὸν</strong></span> <span class='ocrx_word' id='word_1_118' title='bbox 1285 1691 1545 1757; x_wconf 76' lang='grc' dir='ltr'>ζωδιακὸν</span> <span class='ocrx_word' id='word_1_119' title='bbox 1573 1691 1794 1753; x_wconf 86' lang='grc' dir='ltr'>κύκλον,</span> <span class='ocrx_word' id='word_1_120' title='bbox 1827 1691 1887 1743; x_wconf 88' lang='grc' dir='ltr'><strong>τὸ</strong></span> <span class='ocrx_word' id='word_1_121' title='bbox 1916 1690 1976 1744; x_wconf 74' lang='grc' dir='ltr'><strong>δὲ</strong></span> 
     </span>
    </p>
   </div>
   <div class='ocr_carea' id='block_1_18' title="bbox 392 1779 1973 1854">
    <p class='ocr_par' dir='ltr' id='par_1_18' title="bbox 392 1779 1973 1854">
     <span class='ocr_line' id='line_1_18' title="bbox 392 1779 1973 1854; baseline -0.003 -19"><span class='ocrx_word' id='word_1_122' title='bbox 392 1781 585 1848; x_wconf 85' lang='grc' dir='ltr'>ζώδιον</span> <span class='ocrx_word' id='word_1_123' title='bbox 636 1782 713 1846; x_wconf 83' lang='grc' dir='ltr'><strong>ὡς</strong></span> <span class='ocrx_word' id='word_1_124' title='bbox 758 1781 988 1851; x_wconf 79' lang='grc' dir='ltr'>ἔγγιστα</span> <span class='ocrx_word' id='word_1_125' title='bbox 1033 1781 1114 1835; x_wconf 77' lang='grc' dir='ltr'><strong>ἑνὶ</strong></span> <span class='ocrx_word' id='word_1_126' title='bbox 1149 1782 1296 1854; x_wconf 88' lang='grc' dir='ltr'>μηνί.</span> <span class='ocrx_word' id='word_1_127' title='bbox 1326 1779 1651 1852; x_wconf 75' lang='grc' dir='ltr'>Κατὶῢτερος</span> <span class='ocrx_word' id='word_1_128' title='bbox 1689 1779 1747 1833; x_wconf 84' lang='grc' dir='ltr'>δὲ</span> <span class='ocrx_word' id='word_1_129' title='bbox 1785 1779 1973 1833; x_wconf 85' lang='grc' dir='ltr'>τούτου</span> 
     </span>
    </p>
   </div>
   <div class='ocr_carea' id='block_1_19' title="bbox 393 1867 1975 1945">
    <p class='ocr_par' dir='ltr' id='par_1_19' title="bbox 393 1867 1975 1945">
     <span class='ocr_line' id='line_1_19' title="bbox 393 1867 1975 1945; baseline -0.002 -17"><span class='ocrx_word' id='word_1_130' title='bbox 393 1877 573 1928; x_wconf 83' lang='grc' dir='ltr'>κεῖται</span> <span class='ocrx_word' id='word_1_131' title='bbox 597 1875 903 1944; x_wconf 82' lang='grc' dir='ltr'>φωσφόρος,</span> <span class='ocrx_word' id='word_1_132' title='bbox 926 1876 955 1928; x_wconf 94' lang='lat'><strong>6</strong></span> <span class='ocrx_word' id='word_1_133' title='bbox 982 1873 1081 1944; x_wconf 80' lang='grc' dir='ltr'><strong>τῆς</strong></span> <span class='ocrx_word' id='word_1_134' title='bbox 1125 1873 1444 1945; x_wconf 79' lang='grc' dir='ltr'>Ἀφροδίτης</span> <span class='ocrx_word' id='word_1_135' title='bbox 1489 1873 1684 1944; x_wconf 82' lang='grc' dir='ltr'>ἀστήρ.</span> <span class='ocrx_word' id='word_1_136' title='bbox 1723 1867 1886 1936; x_wconf 79' lang='grc' dir='ltr'>Οῦτος</span> <span class='ocrx_word' id='word_1_137' title='bbox 1918 1872 1975 1925; x_wconf 84' lang='grc' dir='ltr'>δὲ</span> 
     </span>
    </p>
   </div>
   <div class='ocr_carea' id='block_1_20' title="bbox 2082 670 3648 745">
    <p class='ocr_par' dir='ltr' id='par_1_20' title="bbox 2082 670 3648 745">
     <span class='ocr_line' id='line_1_20' title="bbox 2082 670 3648 745; baseline -0.003 -12"><span class='ocrx_word' id='word_1_138' title='bbox 2082 677 2249 742; x_wconf 90' lang='lat' dir='ltr'><strong>turni,</strong></span> <span class='ocrx_word' id='word_1_139' title='bbox 2282 676 2485 734; x_wconf 71' lang='lat' dir='ltr'><strong>Graecis</strong></span> <span class='ocrx_word' id='word_1_140' title='bbox 2535 675 2774 745; x_wconf 78' lang='grc' dir='ltr'>φαίνων,</span> <span class='ocrx_word' id='word_1_141' title='bbox 2813 673 2866 729; x_wconf 95' lang='lat' dir='ltr'><strong>id</strong></span> <span class='ocrx_word' id='word_1_142' title='bbox 2923 683 3006 730; x_wconf 93' lang='lat' dir='ltr'><strong>est</strong></span> <span class='ocrx_word' id='word_1_143' title='bbox 3059 674 3261 741; x_wconf 78' lang='lat' dir='ltr'><strong>lucens,</strong></span> <span class='ocrx_word' id='word_1_144' title='bbox 3303 671 3466 727; x_wconf 89' lang='lat' dir='ltr'><strong>dicta.</strong></span> <span class='ocrx_word' id='word_1_145' title='bbox 3522 670 3648 728; x_wconf 72' lang='lat' dir='ltr'><strong>llaec</strong></span> 
     </span>
    </p>
   </div>
   <div class='ocr_carea' id='block_1_21' title="bbox 2082 763 3651 836">
    <p class='ocr_par' dir='ltr' id='par_1_21' title="bbox 2082 763 3651 836">
     <span class='ocr_line' id='line_1_21' title="bbox 2082 763 3651 836; baseline -0.003 -11"><span class='ocrx_word' id='word_1_146' title='bbox 2082 771 2238 826; x_wconf 79' lang='lat' dir='ltr'><strong>stella</strong></span> <span class='ocrx_word' id='word_1_147' title='bbox 2296 769 2583 825; x_wconf 83' lang='lat' dir='ltr'><strong>zodiacum</strong></span> <span class='ocrx_word' id='word_1_148' title='bbox 2639 768 2906 822; x_wconf 86' lang='lat' dir='ltr'><strong>circulum</strong></span> <span class='ocrx_word' id='word_1_149' title='bbox 2944 767 3000 821; x_wconf 89' lang='lat' dir='ltr'><strong>in</strong></span> <span class='ocrx_word' id='word_1_150' title='bbox 3045 766 3272 836; x_wconf 80' lang='lat' dir='ltr'><strong>triginta</strong></span> <span class='ocrx_word' id='word_1_151' title='bbox 3328 764 3486 820; x_wconf 85' lang='lat' dir='ltr'><strong>annis</strong></span> <span class='ocrx_word' id='word_1_152' title='bbox 3537 763 3651 820; x_wconf 88' lang='lat' dir='ltr'><strong>fere</strong></span> 
     </span>
    </p>
   </div>
   <div class='ocr_carea' id='block_1_22' title="bbox 2081 855 3652 932">
    <p class='ocr_par' dir='ltr' id='par_1_22' title="bbox 2081 855 3652 932">
     <span class='ocr_line' id='line_1_22' title="bbox 2081 855 3652 932; baseline -0.004 -16"><span class='ocrx_word' id='word_1_153' title='bbox 2081 868 2358 932; x_wconf 83' lang='lat' dir='ltr'><strong>peragrat,</strong></span> <span class='ocrx_word' id='word_1_154' title='bbox 2392 874 2559 912; x_wconf 92' lang='lat' dir='ltr'><strong>unum</strong></span> <span class='ocrx_word' id='word_1_155' title='bbox 2588 872 2722 913; x_wconf 88' lang='lat' dir='ltr'><strong>vero</strong></span> <span class='ocrx_word' id='word_1_156' title='bbox 2752 858 2965 928; x_wconf 85' lang='lat' dir='ltr'><strong>signum</strong></span> <span class='ocrx_word' id='word_1_157' title='bbox 2997 855 3212 911; x_wconf 89' lang='lat' dir='ltr'><strong>duobus</strong></span> <span class='ocrx_word' id='word_1_158' title='bbox 3245 855 3437 920; x_wconf 88' lang='lat' dir='ltr'><strong>annis,</strong></span> <span class='ocrx_word' id='word_1_159' title='bbox 3468 862 3522 910; x_wconf 90' lang='lat' dir='ltr'><strong>et</strong></span> <span class='ocrx_word' id='word_1_160' title='bbox 3556 871 3652 910; x_wconf 81' lang='lat' dir='ltr'><strong>sex</strong></span> 
     </span>
    </p>
   </div>
   <div class='ocr_carea' id='block_1_23' title="bbox 2081 943 3651 1016">
    <p class='ocr_par' dir='ltr' id='par_1_23' title="bbox 2081 943 3651 1016">
     <span class='ocr_line' id='line_1_23' title="bbox 2081 943 3651 1016; baseline -0.003 -10"><span class='ocrx_word' id='word_1_161' title='bbox 2081 950 2384 1006; x_wconf 86' lang='lat' dir='ltr'><strong>mensibus.</strong></span> <span class='ocrx_word' id='word_1_162' title='bbox 2413 947 2529 1003; x_wconf 89' lang='lat' dir='ltr'><strong>Sub</strong></span> <span class='ocrx_word' id='word_1_163' title='bbox 2552 945 2812 1012; x_wconf 89' lang='lat' dir='ltr'><strong>Saturno,</strong></span> <span class='ocrx_word' id='word_1_164' title='bbox 2843 961 3016 1016; x_wconf 90' lang='lat' dir='ltr'><strong>eoque</strong></span> <span class='ocrx_word' id='word_1_165' title='bbox 3045 946 3277 1001; x_wconf 91' lang='lat' dir='ltr'><strong>inferius</strong></span> <span class='ocrx_word' id='word_1_166' title='bbox 3307 944 3480 1000; x_wconf 83' lang='lat' dir='ltr'><strong>fertur</strong></span> <span class='ocrx_word' id='word_1_167' title='bbox 3500 943 3651 1001; x_wconf 77' lang='lat' dir='ltr'><strong>JOvis</strong></span> 
     </span>
    </p>
   </div>
   <div class='ocr_carea' id='block_1_24' title="bbox 2082 1034 3650 1110">
    <p class='ocr_par' dir='ltr' id='par_1_24' title="bbox 2082 1034 3650 1110">
     <span class='ocr_line' id='line_1_24' title="bbox 2082 1034 3650 1110; baseline -0.006 -13"><span class='ocrx_word' id='word_1_168' title='bbox 2082 1041 2260 1106; x_wconf 87' lang='lat' dir='ltr'><strong>stella,</strong></span> <span class='ocrx_word' id='word_1_169' title='bbox 2287 1055 2407 1110; x_wconf 76' lang='lat' dir='ltr'><strong>quae</strong></span> <span class='ocrx_word' id='word_1_170' title='bbox 2437 1036 2642 1094; x_wconf 76' lang='lat' dir='ltr'><strong>Graecis</strong></span> <span class='ocrx_word' id='word_1_171' title='bbox 2673 1036 2890 1090; x_wconf 82' lang='grc' dir='ltr'>Φαέθων</span> <span class='ocrx_word' id='word_1_172' title='bbox 2911 1043 3156 1091; x_wconf 85' lang='lat' dir='ltr'><strong>vocatur.</strong></span> <span class='ocrx_word' id='word_1_173' title='bbox 3180 1034 3439 1105; x_wconf 88' lang='lat' dir='ltr'><strong>Peragrat</strong></span> <span class='ocrx_word' id='word_1_174' title='bbox 3468 1041 3650 1090; x_wconf 89' lang='lat' dir='ltr'><strong>autem</strong></span> 
     </span>
    </p>
   </div>
   <div class='ocr_carea' id='block_1_25' title="bbox 2083 1128 3652 1202">
    <p class='ocr_par' dir='ltr' id='par_1_25' title="bbox 2083 1128 3652 1202">
     <span class='ocr_line' id='line_1_25' title="bbox 2083 1128 3652 1202; baseline -0.003 -14"><span class='ocrx_word' id='word_1_175' title='bbox 2083 1132 2296 1202; x_wconf 85' lang='lat' dir='ltr'><strong>Jupiter</strong></span> <span class='ocrx_word' id='word_1_176' title='bbox 2328 1131 2610 1186; x_wconf 82' lang='lat' dir='ltr'><strong>zodiacum</strong></span> <span class='ocrx_word' id='word_1_177' title='bbox 2645 1130 2699 1184; x_wconf 93' lang='lat' dir='ltr'><strong>in</strong></span> <span class='ocrx_word' id='word_1_178' title='bbox 2730 1128 3018 1184; x_wconf 89' lang='lat' dir='ltr'><strong>duodecim</strong></span> <span class='ocrx_word' id='word_1_179' title='bbox 3072 1128 3272 1183; x_wconf 88' lang='lat' dir='ltr'><strong>annis:</strong></span> <span class='ocrx_word' id='word_1_180' title='bbox 3318 1143 3486 1182; x_wconf 91' lang='lat' dir='ltr'><strong>unum</strong></span> <span class='ocrx_word' id='word_1_181' title='bbox 3521 1143 3652 1183; x_wconf 86' lang='lat' dir='ltr'><strong>vero</strong></span> 
     </span>
    </p>
   </div>
   <div class='ocr_carea' id='block_1_26' title="bbox 2081 1217 3652 1296">
    <p class='ocr_par' dir='ltr' id='par_1_26' title="bbox 2081 1217 3652 1296">
     <span class='ocr_line' id='line_1_26' title="bbox 2081 1217 3652 1296; baseline -0.004 -17"><span class='ocrx_word' id='word_1_182' title='bbox 2081 1225 2294 1296; x_wconf 82' lang='lat' dir='ltr'><strong>signum</strong></span> <span class='ocrx_word' id='word_1_183' title='bbox 2328 1223 2382 1277; x_wconf 91' lang='lat' dir='ltr'><strong>in</strong></span> <span class='ocrx_word' id='word_1_184' title='bbox 2411 1236 2555 1276; x_wconf 90' lang='lat' dir='ltr'><strong>anno</strong></span> <span class='ocrx_word' id='word_1_185' title='bbox 2578 1236 2709 1276; x_wconf 89' lang='lat' dir='ltr'><strong>uno.</strong></span> <span class='ocrx_word' id='word_1_186' title='bbox 2753 1218 2869 1275; x_wconf 89' lang='lat' dir='ltr'><strong>Sub</strong></span> <span class='ocrx_word' id='word_1_187' title='bbox 2895 1218 3027 1274; x_wconf 86' lang='lat' dir='ltr'><strong>Jove</strong></span> <span class='ocrx_word' id='word_1_188' title='bbox 3058 1218 3162 1275; x_wconf 85' lang='lat' dir='ltr'><strong>sita</strong></span> <span class='ocrx_word' id='word_1_189' title='bbox 3193 1227 3276 1274; x_wconf 90' lang='lat' dir='ltr'><strong>est</strong></span> <span class='ocrx_word' id='word_1_190' title='bbox 3321 1219 3475 1274; x_wconf 89' lang='lat' dir='ltr'><strong>stella</strong></span> <span class='ocrx_word' id='word_1_191' title='bbox 3508 1217 3652 1272; x_wconf 82' lang='lat' dir='ltr'><strong>Mar-</strong></span> 
     </span>
    </p>
   </div>
   <div class='ocr_carea' id='block_1_27' title="bbox 2082 1307 3652 1382">
    <p class='ocr_par' dir='ltr' id='par_1_27' title="bbox 2082 1307 3652 1382">
     <span class='ocr_line' id='line_1_27' title="bbox 2082 1307 3652 1382; baseline -0.004 -16"><span class='ocrx_word' id='word_1_192' title='bbox 2082 1314 2176 1374; x_wconf 87' lang='lat' dir='ltr'><strong>tis.</strong></span> <span class='ocrx_word' id='word_1_193' title='bbox 2210 1313 2414 1368; x_wconf 76' lang='lat' dir='ltr'><strong>Graecis</strong></span> <span class='ocrx_word' id='word_1_194' title='bbox 2462 1311 2685 1382; x_wconf 81' lang='grc' dir='ltr'>πυρόεις</span> <span class='ocrx_word' id='word_1_195' title='bbox 2728 1317 2941 1364; x_wconf 83' lang='lat' dir='ltr'><strong>vocata.</strong></span> <span class='ocrx_word' id='word_1_196' title='bbox 2993 1307 3119 1363; x_wconf 85' lang='lat' dir='ltr'><strong>Haec</strong></span> <span class='ocrx_word' id='word_1_197' title='bbox 3161 1307 3315 1364; x_wconf 83' lang='lat' dir='ltr'><strong>stella</strong></span> <span class='ocrx_word' id='word_1_198' title='bbox 3367 1307 3652 1362; x_wconf 89' lang='lat' dir='ltr'><strong>zodiacum</strong></span> 
     </span>
    </p>
   </div>
   <div class='ocr_carea' id='block_1_28' title="bbox 2081 1398 3651 1466">
    <p class='ocr_par' dir='ltr' id='par_1_28' title="bbox 2081 1398 3651 1466">
     <span class='ocr_line' id='line_1_28' title="bbox 2081 1398 3651 1466; baseline -0.006 -5"><span class='ocrx_word' id='word_1_199' title='bbox 2081 1405 2304 1461; x_wconf 77' lang='lat' dir='ltr'><strong>coniicit</strong></span> <span class='ocrx_word' id='word_1_200' title='bbox 2337 1403 2495 1459; x_wconf 89' lang='lat' dir='ltr'><strong>annis</strong></span> <span class='ocrx_word' id='word_1_201' title='bbox 2549 1401 2763 1457; x_wconf 89' lang='lat' dir='ltr'><strong>duobus</strong></span> <span class='ocrx_word' id='word_1_202' title='bbox 2789 1441 2804 1466; x_wconf 96' lang='lat'><strong>,</strong></span> <span class='ocrx_word' id='word_1_203' title='bbox 2858 1411 2912 1455; x_wconf 89' lang='lat' dir='ltr'><strong>et</strong></span> <span class='ocrx_word' id='word_1_204' title='bbox 2947 1416 3044 1456; x_wconf 81' lang='lat' dir='ltr'><strong>sex</strong></span> <span class='ocrx_word' id='word_1_205' title='bbox 3095 1398 3378 1454; x_wconf 93' lang='lat' dir='ltr'><strong>mensibus</strong></span> <span class='ocrx_word' id='word_1_206' title='bbox 3414 1417 3426 1452; x_wconf 91' lang='lat'>:</span> <span class='ocrx_word' id='word_1_207' title='bbox 3481 1413 3651 1452; x_wconf 91' lang='lat' dir='ltr'><strong>unum</strong></span> 
     </span>
    </p>
   </div>
   <div class='ocr_carea' id='block_1_29' title="bbox 2081 1486 3654 1564">
    <p class='ocr_par' dir='ltr' id='par_1_29' title="bbox 2081 1486 3654 1564">
     <span class='ocr_line' id='line_1_29' title="bbox 2081 1486 3654 1564; baseline -0.005 -15"><span class='ocrx_word' id='word_1_208' title='bbox 2081 1509 2212 1550; x_wconf 85' lang='lat' dir='ltr'><strong>vero</strong></span> <span class='ocrx_word' id='word_1_209' title='bbox 2237 1493 2452 1564; x_wconf 83' lang='lat' dir='ltr'><strong>signum</strong></span> <span class='ocrx_word' id='word_1_210' title='bbox 2483 1491 2700 1546; x_wconf 89' lang='lat' dir='ltr'><strong>duobus</strong></span> <span class='ocrx_word' id='word_1_211' title='bbox 2745 1489 3048 1554; x_wconf 85' lang='lat' dir='ltr'><strong>mensibus,</strong></span> <span class='ocrx_word' id='word_1_212' title='bbox 3091 1497 3146 1544; x_wconf 91' lang='lat' dir='ltr'><strong>et</strong></span> <span class='ocrx_word' id='word_1_213' title='bbox 3177 1488 3424 1544; x_wconf 90' lang='lat' dir='ltr'><strong>dimidio.</strong></span> <span class='ocrx_word' id='word_1_214' title='bbox 3459 1486 3654 1543; x_wconf 81' lang='lat' dir='ltr'><strong>Proxi-</strong></span> 
     </span>
    </p>
   </div>
   <div class='ocr_carea' id='block_1_30' title="bbox 2080 1582 3653 1653">
    <p class='ocr_par' dir='ltr' id='par_1_30' title="bbox 2080 1582 3653 1653">
     <span class='ocr_line' id='line_1_30' title="bbox 2080 1582 3653 1653; baseline -0.004 -12"><span class='ocrx_word' id='word_1_215' title='bbox 2080 1603 2227 1642; x_wconf 93' lang='lat' dir='ltr'><strong>mum</strong></span> <span class='ocrx_word' id='word_1_216' title='bbox 2261 1588 2440 1640; x_wconf 90' lang='lat' dir='ltr'><strong>locum</strong></span> <span class='ocrx_word' id='word_1_217' title='bbox 2474 1585 2684 1640; x_wconf 87' lang='lat' dir='ltr'><strong>obtinet</strong></span> <span class='ocrx_word' id='word_1_218' title='bbox 2714 1584 2827 1648; x_wconf 87' lang='lat' dir='ltr'><strong>sol,</strong></span> <span class='ocrx_word' id='word_1_219' title='bbox 2871 1599 2982 1638; x_wconf 90' lang='lat' dir='ltr'><strong>uno</strong></span> <span class='ocrx_word' id='word_1_220' title='bbox 3028 1598 3174 1638; x_wconf 87' lang='lat' dir='ltr'><strong>anno</strong></span> <span class='ocrx_word' id='word_1_221' title='bbox 3212 1582 3496 1637; x_wconf 86' lang='lat' dir='ltr'><strong>zodiacum</strong></span> <span class='ocrx_word' id='word_1_222' title='bbox 3527 1597 3653 1653; x_wconf 89' lang='lat' dir='ltr'><strong>per-</strong></span> 
     </span>
    </p>
   </div>
   <div class='ocr_carea' id='block_1_31' title="bbox 2080 1671 3652 1751">
    <p class='ocr_par' dir='ltr' id='par_1_31' title="bbox 2080 1671 3652 1751">
     <span class='ocr_line' id='line_1_31' title="bbox 2080 1671 3652 1751; baseline -0.004 -18"><span class='ocrx_word' id='word_1_223' title='bbox 2080 1695 2317 1751; x_wconf 86' lang='lat' dir='ltr'><strong>agrans:</strong></span> <span class='ocrx_word' id='word_1_224' title='bbox 2355 1693 2522 1733; x_wconf 92' lang='lat' dir='ltr'><strong>unum</strong></span> <span class='ocrx_word' id='word_1_225' title='bbox 2561 1684 2743 1732; x_wconf 86' lang='lat' dir='ltr'><strong>autem</strong></span> <span class='ocrx_word' id='word_1_226' title='bbox 2769 1676 2985 1746; x_wconf 85' lang='lat' dir='ltr'><strong>signum</strong></span> <span class='ocrx_word' id='word_1_227' title='bbox 3025 1691 3136 1730; x_wconf 89' lang='lat' dir='ltr'><strong>uno</strong></span> <span class='ocrx_word' id='word_1_228' title='bbox 3160 1674 3270 1730; x_wconf 88' lang='lat' dir='ltr'><strong>fere</strong></span> <span class='ocrx_word' id='word_1_229' title='bbox 3299 1689 3508 1729; x_wconf 86' lang='lat' dir='ltr'><strong>mense.</strong></span> <span class='ocrx_word' id='word_1_230' title='bbox 3561 1671 3652 1728; x_wconf 78' lang='lat' dir='ltr'><strong>ln-</strong></span> 
     </span>
    </p>
   </div>
   <div class='ocr_carea' id='block_1_32' title="bbox 2081 1764 3657 1834">
    <p class='ocr_par' dir='ltr' id='par_1_32' title="bbox 2081 1764 3657 1834">
     <span class='ocr_line' id='line_1_32' title="bbox 2081 1764 3657 1834; baseline -0.003 -10"><span class='ocrx_word' id='word_1_231' title='bbox 2081 1771 2249 1827; x_wconf 87' lang='lat' dir='ltr'><strong>ferior</strong></span> <span class='ocrx_word' id='word_1_232' title='bbox 2279 1771 2393 1827; x_wconf 85' lang='lat' dir='ltr'><strong>sole</strong></span> <span class='ocrx_word' id='word_1_233' title='bbox 2419 1777 2505 1826; x_wconf 91' lang='lat' dir='ltr'><strong>est</strong></span> <span class='ocrx_word' id='word_1_234' title='bbox 2531 1768 2776 1834; x_wconf 84' lang='lat' dir='ltr'><strong>Lucifer,</strong></span> <span class='ocrx_word' id='word_1_235' title='bbox 2808 1767 2864 1822; x_wconf 90' lang='lat' dir='ltr'><strong>id</strong></span> <span class='ocrx_word' id='word_1_236' title='bbox 2905 1778 2989 1823; x_wconf 89' lang='lat' dir='ltr'><strong>est</strong></span> <span class='ocrx_word' id='word_1_237' title='bbox 3047 1767 3206 1823; x_wconf 90' lang='lat' dir='ltr'><strong>stella</strong></span> <span class='ocrx_word' id='word_1_238' title='bbox 3237 1765 3487 1822; x_wconf 81' lang='lat' dir='ltr'><strong>Veneris.</strong></span> <span class='ocrx_word' id='word_1_239' title='bbox 3527 1764 3657 1820; x_wconf 70' lang='lat' dir='ltr'><strong>Haec</strong></span> 
     </span>
    </p>
   </div>
   <div class='ocr_carea' id='block_1_33' title="bbox 2081 1853 3654 1931">
    <p class='ocr_par' dir='ltr' id='par_1_33' title="bbox 2081 1853 3654 1931">
     <span class='ocr_line' id='line_1_33' title="bbox 2081 1853 3654 1931; baseline -0.003 -16"><span class='ocrx_word' id='word_1_240' title='bbox 2081 1862 2190 1918; x_wconf 88' lang='lat' dir='ltr'><strong>fere</strong></span> <span class='ocrx_word' id='word_1_241' title='bbox 2223 1861 2416 1931; x_wconf 77' lang='lat' dir='ltr'><strong>aequali</strong></span> <span class='ocrx_word' id='word_1_242' title='bbox 2443 1860 2733 1916; x_wconf 89' lang='lat' dir='ltr'><strong>velocitate</strong></span> <span class='ocrx_word' id='word_1_243' title='bbox 2764 1873 2889 1913; x_wconf 90' lang='lat' dir='ltr'><strong>cum</strong></span> <span class='ocrx_word' id='word_1_244' title='bbox 2938 1857 3054 1912; x_wconf 87' lang='lat' dir='ltr'><strong>sole</strong></span> <span class='ocrx_word' id='word_1_245' title='bbox 3085 1863 3358 1912; x_wconf 85' lang='lat' dir='ltr'><strong>movetur.</strong></span> <span class='ocrx_word' id='word_1_246' title='bbox 3397 1853 3510 1910; x_wconf 89' lang='lat' dir='ltr'><strong>Sub</strong></span> <span class='ocrx_word' id='word_1_247' title='bbox 3543 1854 3654 1910; x_wconf 81' lang='lat' dir='ltr'><strong>Ve-</strong></span> 
     </span>
    </p>
   </div>
   <div class='ocr_carea' id='block_1_34' title="bbox 391 1947 1974 2036">
    <p class='ocr_par' dir='ltr' id='par_1_34' title="bbox 391 1961 1973 2036">
     <span class='ocr_line' id='line_1_34' title="bbox 391 1961 1973 2036; baseline -0.003 -18"><span class='ocrx_word' id='word_1_248' title='bbox 391 1965 471 2029; x_wconf 85' lang='grc' dir='ltr'>ὼς</span> <span class='ocrx_word' id='word_1_249' title='bbox 516 1965 743 2035; x_wconf 77' lang='grc' dir='ltr'>ἔγγιστα</span> <span class='ocrx_word' id='word_1_250' title='bbox 795 1964 1059 2035; x_wconf 78' lang='grc' dir='ltr'>ἰσοταχῶς</span> <span class='ocrx_word' id='word_1_251' title='bbox 1106 1966 1334 2019; x_wconf 88' lang='grc' dir='ltr'>κινεῖται</span> <span class='ocrx_word' id='word_1_252' title='bbox 1384 1963 1463 2035; x_wconf 83' lang='grc' dir='ltr'>τῷ</span> <span class='ocrx_word' id='word_1_253' title='bbox 1511 1962 1646 2036; x_wconf 78' lang='grc' dir='ltr'>ἡλίῳ</span> <span class='ocrx_word' id='word_1_254' title='bbox 1683 1963 1780 2035; x_wconf 86' lang='lat'><strong>(8).</strong></span> <span class='ocrx_word' id='word_1_255' title='bbox 1836 1961 1973 2016; x_wconf 87' lang='grc' dir='ltr'><strong>Ὑπὸ</strong></span> 
     </span>
    </p>
   </div>
   <div class='ocr_carea' id='block_1_35' title="bbox 2080 1947 3656 2036">
    <p class='ocr_par' dir='ltr' id='par_1_35' title="bbox 2080 1947 3656 2020">
     <span class='ocr_line' id='line_1_35' title="bbox 2080 1947 3656 2020; baseline -0.006 -12"><span class='ocrx_word' id='word_1_256' title='bbox 2080 1969 2208 2009; x_wconf 85' lang='lat' dir='ltr'><strong>nere</strong></span> <span class='ocrx_word' id='word_1_257' title='bbox 2243 1954 2546 2008; x_wconf 89' lang='lat' dir='ltr'><strong>collocatur</strong></span> <span class='ocrx_word' id='word_1_258' title='bbox 2575 1949 2832 2006; x_wconf 86' lang='lat' dir='ltr'><strong>Mercurii</strong></span> <span class='ocrx_word' id='word_1_259' title='bbox 2869 1949 3050 2014; x_wconf 89' lang='lat' dir='ltr'><strong>stella,</strong></span> <span class='ocrx_word' id='word_1_260' title='bbox 3079 1963 3201 2020; x_wconf 68' lang='lat' dir='ltr'><strong>qua:</strong></span> <span class='ocrx_word' id='word_1_261' title='bbox 3226 1955 3280 2003; x_wconf 91' lang='lat' dir='ltr'><strong>et</strong></span> <span class='ocrx_word' id='word_1_262' title='bbox 3301 1948 3422 2017; x_wconf 87' lang='lat' dir='ltr'><strong>ipsa</strong></span> <span class='ocrx_word' id='word_1_263' title='bbox 3447 1947 3549 2002; x_wconf 92' lang='lat' dir='ltr'><strong>soli</strong></span> <span class='ocrx_word' id='word_1_264' title='bbox 3570 1952 3656 2000; x_wconf 83' lang='lat' dir='ltr'><strong>est.</strong></span> 
     </span>
    </p>
   </div>
   <div class='ocr_carea' id='block_1_36' title="bbox 391 2055 1974 2130">
    <p class='ocr_par' dir='ltr' id='par_1_36' title="bbox 391 2055 1974 2130">
     <span class='ocr_line' id='line_1_36' title="bbox 391 2055 1974 2130; baseline 0.001 -21"><span class='ocrx_word' id='word_1_265' title='bbox 391 2057 582 2112; x_wconf 87' lang='grc' dir='ltr'>τοῦτον</span> <span class='ocrx_word' id='word_1_266' title='bbox 604 2058 661 2112; x_wconf 83' lang='grc' dir='ltr'>δὲ</span> <span class='ocrx_word' id='word_1_267' title='bbox 697 2059 726 2112; x_wconf 93' lang='lat'><strong>6</strong></span> <span class='ocrx_word' id='word_1_268' title='bbox 753 2055 848 2112; x_wconf 89' lang='grc' dir='ltr'><strong>τοῦ</strong></span> <span class='ocrx_word' id='word_1_269' title='bbox 907 2056 1112 2130; x_wconf 83' lang='grc' dir='ltr'>Ἑρμοῦ</span> <span class='ocrx_word' id='word_1_270' title='bbox 1155 2057 1331 2129; x_wconf 80' lang='grc' dir='ltr'>ἀστὴρ</span> <span class='ocrx_word' id='word_1_271' title='bbox 1357 2060 1534 2111; x_wconf 87' lang='grc' dir='ltr'>κεῖται</span> <span class='ocrx_word' id='word_1_272' title='bbox 1554 2074 1578 2088; x_wconf 89' lang='grc'><strong>·-</strong></span> <span class='ocrx_word' id='word_1_273' title='bbox 1599 2057 1693 2110; x_wconf 84' lang='grc' dir='ltr'><strong>καὶ</strong></span> <span class='ocrx_word' id='word_1_274' title='bbox 1729 2055 1890 2121; x_wconf 86' lang='grc' dir='ltr'>αύτός</span> <span class='ocrx_word' id='word_1_275' title='bbox 1913 2075 1974 2111; x_wconf 88' lang='grc' dir='ltr'><strong>τε</strong></span> 
     </span>
    </p>
   </div>
   <div class='ocr_carea' id='block_1_37' title="bbox 393 2148 1974 2220">
    <p class='ocr_par' dir='ltr' id='par_1_37' title="bbox 393 2148 1974 2220">
     <span class='ocr_line' id='line_1_37' title="bbox 393 2148 1974 2220; baseline 0.001 -19"><span class='ocrx_word' id='word_1_276' title='bbox 393 2148 662 2219; x_wconf 79' lang='grc' dir='ltr'>ἰσοταχῶς</span> <span class='ocrx_word' id='word_1_277' title='bbox 729 2148 1059 2220; x_wconf 84' lang='grc' dir='ltr'>κινεῖταιτῷ</span> <span class='ocrx_word' id='word_1_278' title='bbox 1110 2149 1265 2220; x_wconf 80' lang='grc' dir='ltr'>ἡλίῳ.</span> <span class='ocrx_word' id='word_1_279' title='bbox 1299 2149 1610 2220; x_wconf 85' lang='grc' dir='ltr'>Κατωτέρω</span> <span class='ocrx_word' id='word_1_280' title='bbox 1653 2149 1710 2202; x_wconf 74' lang='grc' dir='ltr'>δὲ</span> <span class='ocrx_word' id='word_1_281' title='bbox 1758 2149 1974 2203; x_wconf 84' lang='grc' dir='ltr'>πάντων</span> 
     </span>
    </p>
   </div>
   <div class='ocr_carea' id='block_1_38' title="bbox 391 2240 1977 2313">
    <p class='ocr_par' dir='ltr' id='par_1_38' title="bbox 391 2240 1977 2313">
     <span class='ocr_line' id='line_1_38' title="bbox 391 2240 1977 2313; baseline 0.001 -19"><span class='ocrx_word' id='word_1_282' title='bbox 391 2241 619 2312; x_wconf 88' lang='grc' dir='ltr'>φέρεται</span> <span class='ocrx_word' id='word_1_283' title='bbox 647 2243 681 2312; x_wconf 84' lang='grc' dir='ltr'>ἡ</span> <span class='ocrx_word' id='word_1_284' title='bbox 716 2241 912 2313; x_wconf 86' lang='grc' dir='ltr'>σελήνη</span> <span class='ocrx_word' id='word_1_285' title='bbox 933 2244 990 2296; x_wconf 83' lang='grc' dir='ltr'><strong>ὲν</strong></span> <span class='ocrx_word' id='word_1_286' title='bbox 1020 2241 1254 2313; x_wconf 81' lang='grc' dir='ltr'>ἡμέραις</span> <span class='ocrx_word' id='word_1_287' title='bbox 1276 2247 1324 2294; x_wconf 86' lang='grc' dir='ltr'>κ’</span> <span class='ocrx_word' id='word_1_288' title='bbox 1353 2240 1448 2294; x_wconf 76' lang='grc' dir='ltr'>καὶ</span> <span class='ocrx_word' id='word_1_289' title='bbox 1480 2241 1526 2306; x_wconf 84' lang='grc' dir='ltr'>ζ’</span> <span class='ocrx_word' id='word_1_290' title='bbox 1553 2241 1647 2294; x_wconf 63' lang='grc' dir='ltr'><strong>καὶ¹</strong></span> <span class='ocrx_word' id='word_1_291' title='bbox 1675 2241 1843 2313; x_wconf 81' lang='grc' dir='ltr'>τρίτῳ</span> <span class='ocrx_word' id='word_1_292' title='bbox 1863 2241 1977 2296; x_wconf 87' lang='grc' dir='ltr'>δια-</span> 
     </span>
    </p>
   </div>
   <div class='ocr_carea' id='block_1_39' title="bbox 387 2329 1977 2404">
    <p class='ocr_par' dir='ltr' id='par_1_39' title="bbox 387 2329 1977 2404">
     <span class='ocr_line' id='line_1_39' title="bbox 387 2329 1977 2404; baseline -0.001 -17"><span class='ocrx_word' id='word_1_293' title='bbox 387 2331 741 2404; x_wconf 86' lang='grc' dir='ltr'>πορευομένη</span> <span class='ocrx_word' id='word_1_294' title='bbox 797 2331 889 2386; x_wconf 85' lang='grc' dir='ltr'><strong>τὸν</strong></span> <span class='ocrx_word' id='word_1_295' title='bbox 927 2331 1191 2395; x_wconf 83' lang='grc' dir='ltr'>ζωδιακὸν</span> <span class='ocrx_word' id='word_1_296' title='bbox 1223 2331 1423 2387; x_wconf 84' lang='grc' dir='ltr'>κύκλον</span> <span class='ocrx_word' id='word_1_297' title='bbox 1446 2349 1460 2362; x_wconf 91' lang='grc'><strong>·</strong></span> <span class='ocrx_word' id='word_1_298' title='bbox 1505 2331 1568 2386; x_wconf 83' lang='grc' dir='ltr'><strong>τὸ</strong></span> <span class='ocrx_word' id='word_1_299' title='bbox 1601 2331 1657 2385; x_wconf 85' lang='grc' dir='ltr'>δὲ</span> <span class='ocrx_word' id='word_1_300' title='bbox 1705 2329 1893 2396; x_wconf 85' lang='grc' dir='ltr'>ζώδιον</span> <span class='ocrx_word' id='word_1_301' title='bbox 1919 2332 1977 2386; x_wconf 87' lang='lat' dir='ltr'><strong><em>tv</em></strong></span> 
     </span>
    </p>
   </div>
   <div class='ocr_carea' id='block_1_40' title="bbox 386 2420 1976 2495">
    <p class='ocr_par' dir='ltr' id='par_1_40' title="bbox 386 2420 1976 2495">
     <span class='ocr_line' id='line_1_40' title="bbox 386 2420 1976 2495; baseline 0.001 -21"><span class='ocrx_word' id='word_1_302' title='bbox 386 2420 633 2495; x_wconf 76' lang='grc' dir='ltr'>ἡμέραις</span> <span class='ocrx_word' id='word_1_303' title='bbox 667 2421 712 2493; x_wconf 84' lang='grc' dir='ltr'><strong>β’</strong></span> <span class='ocrx_word' id='word_1_304' title='bbox 747 2422 842 2477; x_wconf 79' lang='grc' dir='ltr'>καὶ</span> <span class='ocrx_word' id='word_1_305' title='bbox 885 2422 1132 2494; x_wconf 80' lang='grc' dir='ltr'>τετάρτῳ</span> <span class='ocrx_word' id='word_1_306' title='bbox 1178 2421 1338 2493; x_wconf 81' lang='grc' dir='ltr'>μέρει</span> <span class='ocrx_word' id='word_1_307' title='bbox 1368 2421 1470 2494; x_wconf 79' lang='grc' dir='ltr'><strong>τῆς</strong></span> <span class='ocrx_word' id='word_1_308' title='bbox 1507 2423 1636 2493; x_wconf 83' lang='grc' dir='ltr'>μιᾶς</span> <span class='ocrx_word' id='word_1_309' title='bbox 1659 2421 1871 2493; x_wconf 75' lang='grc' dir='ltr'>ἡμέρας</span> <span class='ocrx_word' id='word_1_310' title='bbox 1900 2421 1976 2485; x_wconf 83' lang='grc' dir='ltr'>ὡς</span> 
     </span>
    </p>
   </div>
   <div class='ocr_carea' id='block_1_41' title="bbox 385 2513 1524 2586">
    <p class='ocr_par' dir='ltr' id='par_1_41' title="bbox 385 2513 1524 2586">
     <span class='ocr_line' id='line_1_41' title="bbox 385 2513 1524 2586; baseline -0.002 -16"><span class='ocrx_word' id='word_1_311' title='bbox 385 2517 644 2586; x_wconf 75' lang='grc' dir='ltr'>ἔγγιστα.</span> <span class='ocrx_word' id='word_1_312' title='bbox 1036 2525 1039 2530; x_wconf 83' lang='grc'><em>’</em></span> <span class='ocrx_word' id='word_1_313' title='bbox 1517 2513 1524 2526; x_wconf 89' lang='grc'><strong>’</strong></span> 
     </span>
    </p>
   </div>
   <div class='ocr_carea' id='block_1_42' title="bbox 457 2602 1978 2680">
    <p class='ocr_par' dir='ltr' id='par_1_42' title="bbox 457 2602 1978 2680">
     <span class='ocr_line' id='line_1_42' title="bbox 457 2602 1978 2680; baseline -0.003 -16"><span class='ocrx_word' id='word_1_314' title='bbox 457 2609 531 2664; x_wconf 85' lang='grc' dir='ltr'>Εἰ</span> <span class='ocrx_word' id='word_1_315' title='bbox 587 2608 684 2680; x_wconf 89' lang='grc' dir='ltr'>μὲν</span> <span class='ocrx_word' id='word_1_316' title='bbox 707 2602 801 2662; x_wconf 77' lang='grc' dir='ltr'><strong>οὖν</strong></span> <span class='ocrx_word' id='word_1_317' title='bbox 840 2607 870 2660; x_wconf 88' lang='lat'><strong>6</strong></span> <span class='ocrx_word' id='word_1_318' title='bbox 904 2607 1055 2678; x_wconf 72' lang='grc' dir='ltr'>ἥλιος</span> <span class='ocrx_word' id='word_1_319' title='bbox 1099 2609 1331 2664; x_wconf 78' lang='grc' dir='ltr'>ἐκινεῖτο</span> <span class='ocrx_word' id='word_1_320' title='bbox 1371 2607 1466 2662; x_wconf 78' lang='grc' dir='ltr'><strong>ἐπὶ</strong></span> <span class='ocrx_word' id='word_1_321' title='bbox 1509 2607 1620 2662; x_wconf 88' lang='grc' dir='ltr'><strong>τῶν</strong></span> <span class='ocrx_word' id='word_1_322' title='bbox 1650 2624 1978 2679; x_wconf 87' lang='grc' dir='ltr'>κατηστερι-</span> 
     </span>
    </p>
   </div>
   <div class='ocr_carea' id='block_1_43' title="bbox 384 2697 1978 2772">
    <p class='ocr_par' dir='ltr' id='par_1_43' title="bbox 384 2697 1978 2772">
     <span class='ocr_line' id='line_1_43' title="bbox 384 2697 1978 2772; baseline -0.001 -20"><span class='ocrx_word' id='word_1_323' title='bbox 384 2697 612 2772; x_wconf 79' lang='grc' dir='ltr'>σμένὼν</span> <span class='ocrx_word' id='word_1_324' title='bbox 653 2697 880 2765; x_wconf 86' lang='grc' dir='ltr'>ζωδίων,</span> <span class='ocrx_word' id='word_1_325' title='bbox 926 2698 1145 2761; x_wconf 85' lang='grc' dir='ltr'>πάντως</span> <span class='ocrx_word' id='word_1_326' title='bbox 1179 2699 1244 2753; x_wconf 86' lang='grc' dir='ltr'>ἂν</span> <span class='ocrx_word' id='word_1_327' title='bbox 1279 2698 1520 2768; x_wconf 76' lang='grc' dir='ltr'>ἐγίνοντο</span> <span class='ocrx_word' id='word_1_328' title='bbox 1550 2699 1600 2752; x_wconf 88' lang='grc' dir='ltr'>οἱ</span> <span class='ocrx_word' id='word_1_329' title='bbox 1643 2697 1844 2768; x_wconf 80' lang='grc' dir='ltr'>μεταξὺ</span> <span class='ocrx_word' id='word_1_330' title='bbox 1870 2699 1978 2752; x_wconf 88' lang='grc' dir='ltr'><strong>τῶν</strong></span> 
     </span>
    </p>
   </div>
   <div class='ocr_carea' id='block_1_44' title="bbox 380 2787 1978 2862">
    <p class='ocr_par' dir='ltr' id='par_1_44' title="bbox 380 2787 1978 2862">
     <span class='ocr_line' id='line_1_44' title="bbox 380 2787 1978 2862; baseline -0.001 -19"><span class='ocrx_word' id='word_1_331' title='bbox 380 2787 612 2862; x_wconf 77' lang='grc' dir='ltr'>τροπῶν</span> <span class='ocrx_word' id='word_1_332' title='bbox 635 2787 859 2843; x_wconf 78' lang='grc' dir='ltr'>καὶτῶν</span> <span class='ocrx_word' id='word_1_333' title='bbox 901 2789 987 2859; x_wconf 84' lang='grc' dir='ltr'><strong>ίση</strong></span> <span class='ocrx_word' id='word_1_334' title='bbox 998 2788 1200 2861; x_wconf 88' lang='grc' dir='ltr'>μεριῶν</span> <span class='ocrx_word' id='word_1_335' title='bbox 1223 2789 1405 2860; x_wconf 90' lang='grc' dir='ltr'>χρόνοι</span> <span class='ocrx_word' id='word_1_336' title='bbox 1431 2790 1536 2842; x_wconf 76' lang='grc' dir='ltr'>ἴσοι</span> <span class='ocrx_word' id='word_1_337' title='bbox 1567 2788 1833 2859; x_wconf 87' lang='grc' dir='ltr'>ἀλλήλοις.</span> <span class='ocrx_word' id='word_1_338' title='bbox 1867 2789 1978 2852; x_wconf 84' lang='grc' dir='ltr'>Τὰς</span> 
     </span>
    </p>
   </div>
   <div class='ocr_carea' id='block_1_45' title="bbox 381 2879 1979 2952">
    <p class='ocr_par' dir='ltr' id='par_1_45' title="bbox 381 2879 1979 2952">
     <span class='ocr_line' id='line_1_45' title="bbox 381 2879 1979 2952; baseline 0 -18"><span class='ocrx_word' id='word_1_339' title='bbox 381 2880 506 2952; x_wconf 77' lang='grc' dir='ltr'>γὰρ</span> <span class='ocrx_word' id='word_1_340' title='bbox 543 2881 663 2943; x_wconf 83' lang='grc' dir='ltr'>ἴσας</span> <span class='ocrx_word' id='word_1_341' title='bbox 697 2879 1049 2952; x_wconf 86' lang='grc' dir='ltr'>περιφερείας</span> <span class='ocrx_word' id='word_1_342' title='bbox 1080 2881 1342 2951; x_wconf 84' lang='grc' dir='ltr'>ἰσοταχῶς</span> <span class='ocrx_word' id='word_1_343' title='bbox 1374 2880 1711 2952; x_wconf 90' lang='grc' dir='ltr'>κινούμενος,</span> <span class='ocrx_word' id='word_1_344' title='bbox 1751 2880 1979 2950; x_wconf 79' lang='grc' dir='ltr'>ὠφειλεν</span> 
     </span>
    </p>
   </div>
   <div class='ocr_carea' id='block_1_46' title="bbox 381 2971 1978 3045">
    <p class='ocr_par' dir='ltr' id='par_1_46' title="bbox 381 2971 1978 3045">
     <span class='ocr_line' id='line_1_46' title="bbox 381 2971 1978 3045; baseline -0.001 -18"><span class='ocrx_word' id='word_1_345' title='bbox 381 2975 444 3027; x_wconf 77' lang='lat' dir='ltr'><strong><em>tv</em></strong></span> <span class='ocrx_word' id='word_1_346' title='bbox 474 2973 614 3035; x_wconf 76' lang='grc' dir='ltr'>ἴσοις</span> <span class='ocrx_word' id='word_1_347' title='bbox 635 2971 870 3026; x_wconf 82' lang='grc' dir='ltr'>διανύειν</span> <span class='ocrx_word' id='word_1_348' title='bbox 891 2971 1124 3042; x_wconf 87' lang='grc' dir='ltr'>χρόνοις.</span> <span class='ocrx_word' id='word_1_349' title='bbox 1141 2972 1373 3043; x_wconf 82' lang='grc' dir='ltr'>Ὁμοίως</span> <span class='ocrx_word' id='word_1_350' title='bbox 1391 2973 1448 3026; x_wconf 78' lang='grc' dir='ltr'><strong>δὲ</strong></span> <span class='ocrx_word' id='word_1_351' title='bbox 1473 2973 1522 3026; x_wconf 91' lang='grc' dir='ltr'><strong>εἰ</strong></span> <span class='ocrx_word' id='word_1_352' title='bbox 1551 2974 1645 3027; x_wconf 78' lang='grc' dir='ltr'><strong>καί</strong></span> <span class='ocrx_word' id='word_1_353' title='bbox 1671 2971 1978 3045; x_wconf 87' lang='grc' dir='ltr'>κατώτερον</span> 
     </span>
    </p>
   </div>
   <div class='ocr_carea' id='block_1_47' title="bbox 381 3063 1981 3137">
    <p class='ocr_par' dir='ltr' id='par_1_47' title="bbox 381 3063 1981 3137">
     <span class='ocr_line' id='line_1_47' title="bbox 381 3063 1981 3137; baseline -0.003 -16"><span class='ocrx_word' id='word_1_354' title='bbox 381 3063 494 3121; x_wconf 75' lang='grc' dir='ltr'><strong>τοῦ</strong></span> <span class='ocrx_word' id='word_1_355' title='bbox 524 3063 786 3130; x_wconf 90' lang='grc' dir='ltr'>ζωδιακοῦ</span> <span class='ocrx_word' id='word_1_356' title='bbox 812 3063 1013 3118; x_wconf 89' lang='grc' dir='ltr'>κύκλου</span> <span class='ocrx_word' id='word_1_357' title='bbox 1039 3065 1337 3136; x_wconf 84' lang='grc' dir='ltr'>φερόμενος</span> <span class='ocrx_word' id='word_1_358' title='bbox 1365 3067 1393 3118; x_wconf 93' lang='lat'><strong>6</strong></span> <span class='ocrx_word' id='word_1_359' title='bbox 1416 3066 1588 3137; x_wconf 77' lang='grc' dir='ltr'>ἥλιος,</span> <span class='ocrx_word' id='word_1_360' title='bbox 1616 3067 1743 3135; x_wconf 75' lang='grc' dir='ltr'>περὶ</span> <span class='ocrx_word' id='word_1_361' title='bbox 1773 3064 1834 3118; x_wconf 89' lang='grc' dir='ltr'><strong>τὸ</strong></span> <span class='ocrx_word' id='word_1_362' title='bbox 1849 3063 1981 3118; x_wconf 82' lang='grc' dir='ltr'>αὐτὸ</span> 
     </span>
    </p>
   </div>
   <div class='ocr_carea' id='block_1_48' title="bbox 381 3156 1979 3230">
    <p class='ocr_par' dir='ltr' id='par_1_48' title="bbox 381 3156 1979 3230">
     <span class='ocr_line' id='line_1_48' title="bbox 381 3156 1979 3230; baseline -0.001 -17"><span class='ocrx_word' id='word_1_363' title='bbox 381 3157 623 3230; x_wconf 76' lang='grc' dir='ltr'>κέντρον</span> <span class='ocrx_word' id='word_1_364' title='bbox 682 3158 914 3211; x_wconf 78' lang='grc' dir='ltr'>ἐκινεῖτο</span> <span class='ocrx_word' id='word_1_365' title='bbox 961 3156 1040 3228; x_wconf 83' lang='grc' dir='ltr'><strong>τῷ</strong></span> <span class='ocrx_word' id='word_1_366' title='bbox 1077 3157 1326 3228; x_wconf 81' lang='grc' dir='ltr'>ζωδιακῷ</span> <span class='ocrx_word' id='word_1_367' title='bbox 1354 3157 1559 3229; x_wconf 84' lang='grc' dir='ltr'>κύκλῳ,</span> <span class='ocrx_word' id='word_1_368' title='bbox 1593 3158 1687 3211; x_wconf 78' lang='grc' dir='ltr'><strong>καὶ</strong></span> <span class='ocrx_word' id='word_1_369' title='bbox 1713 3157 1884 3222; x_wconf 80' lang='grc' dir='ltr'>οὕτως</span> <span class='ocrx_word' id='word_1_370' title='bbox 1913 3158 1979 3212; x_wconf 85' lang='grc' dir='ltr'><strong>ἂν</strong></span> 
     </span>
    </p>
   </div>
   <div class='ocr_carea' id='block_1_49' title="bbox 382 3248 1977 3322">
    <p class='ocr_par' dir='ltr' id='par_1_49' title="bbox 382 3248 1977 3322">
     <span class='ocr_line' id='line_1_49' title="bbox 382 3248 1977 3322; baseline -0.001 -19"><span class='ocrx_word' id='word_1_371' title='bbox 382 3249 638 3320; x_wconf 65' lang='grc' dir='ltr'>ἐγίνοντο</span> <span class='ocrx_word' id='word_1_372' title='bbox 683 3251 731 3302; x_wconf 77' lang='lat' dir='ltr'><strong>oi.</strong></span> <span class='ocrx_word' id='word_1_373' title='bbox 772 3248 977 3319; x_wconf 81' lang='grc' dir='ltr'>μεταξὺ</span> <span class='ocrx_word' id='word_1_374' title='bbox 1011 3250 1119 3304; x_wconf 90' lang='grc' dir='ltr'><strong>τῶν</strong></span> <span class='ocrx_word' id='word_1_375' title='bbox 1150 3250 1367 3322; x_wconf 90' lang='grc' dir='ltr'>τροπῶν</span> <span class='ocrx_word' id='word_1_376' title='bbox 1403 3251 1498 3304; x_wconf 74' lang='grc' dir='ltr'><strong>καὶ</strong></span> <span class='ocrx_word' id='word_1_377' title='bbox 1533 3249 1643 3304; x_wconf 88' lang='grc' dir='ltr'><strong>τῶν</strong></span> <span class='ocrx_word' id='word_1_378' title='bbox 1682 3250 1977 3322; x_wconf 83' lang='grc' dir='ltr'>ἰσημεριῶν</span> 
     </span>
    </p>
   </div>
   <div class='ocr_carea' id='block_1_50' title="bbox 381 3339 1978 3414">
    <p class='ocr_par' dir='ltr' id='par_1_50' title="bbox 381 3339 1978 3414">
     <span class='ocr_line' id='line_1_50' title="bbox 381 3339 1978 3414; baseline 0.002 -22"><span class='ocrx_word' id='word_1_379' title='bbox 381 3339 578 3413; x_wconf 81' lang='grc' dir='ltr'>χρόνοι</span> <span class='ocrx_word' id='word_1_380' title='bbox 603 3339 726 3394; x_wconf 77' lang='grc' dir='ltr'>ἴσοι.</span> <span class='ocrx_word' id='word_1_381' title='bbox 758 3339 965 3404; x_wconf 85' lang='grc' dir='ltr'>Πάντες</span> <span class='ocrx_word' id='word_1_382' title='bbox 983 3339 1093 3413; x_wconf 86' lang='grc' dir='ltr'>γὰρ</span> <span class='ocrx_word' id='word_1_383' title='bbox 1123 3343 1170 3394; x_wconf 86' lang='grc' dir='ltr'>οἱ</span> <span class='ocrx_word' id='word_1_384' title='bbox 1200 3342 1328 3412; x_wconf 78' lang='grc' dir='ltr'>περὶ</span> <span class='ocrx_word' id='word_1_385' title='bbox 1354 3340 1414 3394; x_wconf 92' lang='grc' dir='ltr'><strong>τὸ</strong></span> <span class='ocrx_word' id='word_1_386' title='bbox 1440 3341 1571 3395; x_wconf 87' lang='grc' dir='ltr'>αὐτὸ</span> <span class='ocrx_word' id='word_1_387' title='bbox 1591 3342 1814 3414; x_wconf 77' lang='grc' dir='ltr'>κέντρον</span> <span class='ocrx_word' id='word_1_388' title='bbox 1845 3359 1978 3413; x_wconf 87' lang='grc' dir='ltr'>γρα-</span> 
     </span>
    </p>
   </div>
   <div class='ocr_carea' id='block_1_51' title="bbox 381 3428 1978 3505">
    <p class='ocr_par' dir='ltr' id='par_1_51' title="bbox 381 3428 1978 3505">
     <span class='ocr_line' id='line_1_51' title="bbox 381 3428 1978 3505; baseline 0.001 -21"><span class='ocrx_word' id='word_1_389' title='bbox 381 3430 623 3502; x_wconf 81' lang='grc' dir='ltr'>φόμενοι</span> <span class='ocrx_word' id='word_1_390' title='bbox 686 3430 733 3462; x_wconf 81' lang='grc'><strong>¹⁰</strong></span> <span class='ocrx_word' id='word_1_391' title='bbox 786 3428 976 3482; x_wconf 87' lang='grc' dir='ltr'>κύκλοι</span> <span class='ocrx_word' id='word_1_392' title='bbox 1026 3430 1228 3500; x_wconf 84' lang='grc' dir='ltr'>ὁμοίως</span> <span class='ocrx_word' id='word_1_393' title='bbox 1277 3431 1384 3484; x_wconf 84' lang='grc' dir='ltr'><strong>ὑπὸ</strong></span> <span class='ocrx_word' id='word_1_394' title='bbox 1423 3433 1466 3463; x_wconf 83' lang='grc'>¹¹</span> <span class='ocrx_word' id='word_1_395' title='bbox 1514 3431 1624 3486; x_wconf 93' lang='grc' dir='ltr'><strong>τῶν</strong></span> <span class='ocrx_word' id='word_1_396' title='bbox 1673 3433 1978 3505; x_wconf 88' lang='grc' dir='ltr'>διαμέτρων</span> 
     </span>
    </p>
   </div>
   <div class='ocr_carea' id='block_1_52' title="bbox 379 3519 1977 3597">
    <p class='ocr_par' dir='ltr' id='par_1_52' title="bbox 379 3519 1977 3597">
     <span class='ocr_line' id='line_1_52' title="bbox 379 3519 1977 3597; baseline 0.004 -25"><span class='ocrx_word' id='word_1_397' title='bbox 379 3519 754 3593; x_wconf 70' lang='grc' dir='ltr'>διαιροῦνται.</span> <span class='ocrx_word' id='word_1_398' title='bbox 774 3522 957 3586; x_wconf 83' lang='grc' dir='ltr'>Ὥστε,</span> <span class='ocrx_word' id='word_1_399' title='bbox 979 3521 1104 3575; x_wconf 78' lang='grc' dir='ltr'>ἐπεὶ</span> <span class='ocrx_word' id='word_1_400' title='bbox 1123 3524 1151 3576; x_wconf 92' lang='lat'><strong>6</strong></span> <span class='ocrx_word' id='word_1_401' title='bbox 1175 3522 1435 3587; x_wconf 84' lang='grc' dir='ltr'>ζωδιακὸς</span> <span class='ocrx_word' id='word_1_402' title='bbox 1447 3522 1644 3588; x_wconf 90' lang='grc' dir='ltr'>κύκλος</span> <span class='ocrx_word' id='word_1_403' title='bbox 1666 3526 1744 3588; x_wconf 90' lang='grc' dir='ltr'><strong>εἰς</strong></span> <span class='ocrx_word' id='word_1_404' title='bbox 1767 3525 1810 3578; x_wconf 88' lang='grc' dir='ltr'>δ’</span> <span class='ocrx_word' id='word_1_405' title='bbox 1836 3524 1977 3597; x_wconf 90' lang='grc' dir='ltr'>μέρη</span> 
     </span>
    </p>
   </div>
   <div class='ocr_carea' id='block_1_53' title="bbox 384 3612 1979 3687">
    <p class='ocr_par' dir='ltr' id='par_1_53' title="bbox 384 3612 1979 3687">
     <span class='ocr_line' id='line_1_53' title="bbox 384 3612 1979 3687; baseline 0.003 -21"><span class='ocrx_word' id='word_1_406' title='bbox 384 3613 486 3668; x_wconf 74' lang='grc' dir='ltr'>[σα</span> <span class='ocrx_word' id='word_1_407' title='bbox 516 3612 801 3684; x_wconf 88' lang='grc' dir='ltr'>διαιρεῖται</span> <span class='ocrx_word' id='word_1_408' title='bbox 856 3612 960 3666; x_wconf 82' lang='grc' dir='ltr'><strong>ὑπὸ</strong></span> <span class='ocrx_word' id='word_1_409' title='bbox 998 3613 1107 3667; x_wconf 91' lang='grc' dir='ltr'><strong>τῶν</strong></span> <span class='ocrx_word' id='word_1_410' title='bbox 1145 3614 1472 3686; x_wconf 85' lang='grc' dir='ltr'>διαμέτρων,</span> <span class='ocrx_word' id='word_1_411' title='bbox 1502 3615 1612 3669; x_wconf 90' lang='grc' dir='ltr'><strong>τῶν</strong></span> <span class='ocrx_word' id='word_1_412' title='bbox 1643 3615 1713 3669; x_wconf 86' lang='grc' dir='ltr'>τὰ</span> <span class='ocrx_word' id='word_1_413' title='bbox 1741 3617 1979 3687; x_wconf 81' lang='grc' dir='ltr'>τροπικὰ</span> 
     </span>
    </p>
   </div>
   <div class='ocr_carea' id='block_1_54' title="bbox 383 3703 1978 3782">
    <p class='ocr_par' dir='ltr' id='par_1_54' title="bbox 383 3703 1978 3782">
     <span class='ocr_line' id='line_1_54' title="bbox 383 3703 1978 3782; baseline 0.002 -22"><span class='ocrx_word' id='word_1_414' title='bbox 383 3707 487 3760; x_wconf 76' lang='grc' dir='ltr'><strong>καὶ</strong></span> <span class='ocrx_word' id='word_1_415' title='bbox 530 3703 820 3775; x_wconf 87' lang='grc' dir='ltr'>ἰσημερινὰ</span> <span class='ocrx_word' id='word_1_416' title='bbox 864 3707 1064 3776; x_wconf 82' lang='grc' dir='ltr'>σημεῖα</span> <span class='ocrx_word' id='word_1_417' title='bbox 1096 3705 1566 3775; x_wconf 78' lang='grc' dir='ltr'>ἐπιζευγνυουσῶν</span> <span class='ocrx_word' id='word_1_418' title='bbox 1589 3748 1603 3772; x_wconf 90' lang='grc'><strong>,</strong></span> <span class='ocrx_word' id='word_1_419' title='bbox 1637 3709 1850 3782; x_wconf 82' lang='grc' dir='ltr'>ἀνάγκη</span> <span class='ocrx_word' id='word_1_420' title='bbox 1883 3710 1978 3763; x_wconf 67' lang='grc' dir='ltr'>καὶ</span> 
     </span>
    </p>
   </div>
   <div class='ocr_carea' id='block_1_55' title="bbox 379 3797 1979 3873">
    <p class='ocr_par' dir='ltr' id='par_1_55' title="bbox 379 3797 1979 3873">
     <span class='ocr_line' id='line_1_55' title="bbox 379 3797 1979 3873; baseline 0.002 -19"><span class='ocrx_word' id='word_1_421' title='bbox 379 3799 482 3854; x_wconf 84' lang='grc' dir='ltr'><strong>τὸν</strong></span> <span class='ocrx_word' id='word_1_422' title='bbox 509 3799 731 3870; x_wconf 77' lang='grc' dir='ltr'>ἡλιακὸν</span> <span class='ocrx_word' id='word_1_423' title='bbox 775 3797 974 3852; x_wconf 89' lang='grc' dir='ltr'>κύκλον</span> <span class='ocrx_word' id='word_1_424' title='bbox 1011 3800 1091 3864; x_wconf 87' lang='grc' dir='ltr'><strong>εἰς</strong></span> <span class='ocrx_word' id='word_1_425' title='bbox 1127 3800 1169 3852; x_wconf 84' lang='grc' dir='ltr'>δ’</span> <span class='ocrx_word' id='word_1_426' title='bbox 1199 3801 1338 3872; x_wconf 89' lang='grc' dir='ltr'>μέρη</span> <span class='ocrx_word' id='word_1_427' title='bbox 1374 3801 1696 3873; x_wconf 82' lang='grc' dir='ltr'>διαιρεῖσθαι</span> <span class='ocrx_word' id='word_1_428' title='bbox 1747 3803 1838 3858; x_wconf 83' lang='grc' dir='ltr'>ῐσα</span> <span class='ocrx_word' id='word_1_429' title='bbox 1875 3803 1979 3857; x_wconf 87' lang='grc' dir='ltr'><strong>ὑπὸ</strong></span> 
     </span>
    </p>
   </div>
   <div class='ocr_carea' id='block_1_56' title="bbox 379 3889 1980 3967">
    <p class='ocr_par' dir='ltr' id='par_1_56' title="bbox 379 3889 1980 3967">
     <span class='ocr_line' id='line_1_56' title="bbox 379 3889 1980 3967; baseline 0.002 -22"><span class='ocrx_word' id='word_1_430' title='bbox 379 3891 507 3946; x_wconf 81' lang='grc' dir='ltr'><strong>τῶν</strong></span> <span class='ocrx_word' id='word_1_431' title='bbox 546 3889 725 3944; x_wconf 84' lang='grc' dir='ltr'>αὐτῶν</span> <span class='ocrx_word' id='word_1_432' title='bbox 767 3889 1093 3962; x_wconf 89' lang='grc' dir='ltr'>διαμέτρων.</span> <span class='ocrx_word' id='word_1_433' title='bbox 1156 3893 1438 3964; x_wconf 77' lang='grc' dir='ltr'>’ἰσοταχῶς</span> <span class='ocrx_word' id='word_1_434' title='bbox 1477 3889 1572 3948; x_wconf 82' lang='grc' dir='ltr'>οὖν</span> <span class='ocrx_word' id='word_1_435' title='bbox 1609 3894 1922 3967; x_wconf 89' lang='grc' dir='ltr'>κινούμενος</span> <span class='ocrx_word' id='word_1_436' title='bbox 1951 3898 1980 3948; x_wconf 90' lang='lat'><strong>6</strong></span> 
     </span>
    </p>
   </div>
   <div class='ocr_carea' id='block_1_57' title="bbox 380 3981 1980 4055">
    <p class='ocr_par' dir='ltr' id='par_1_57' title="bbox 380 3981 1980 4055">
     <span class='ocr_line' id='line_1_57' title="bbox 380 3981 1980 4055; baseline 0.001 -18"><span class='ocrx_word' id='word_1_437' title='bbox 380 3984 550 4055; x_wconf 70' lang='grc' dir='ltr'>ἣλιος</span> <span class='ocrx_word' id='word_1_438' title='bbox 575 3981 670 4034; x_wconf 74' lang='grc' dir='ltr'><strong>ἐπὶ</strong></span> <span class='ocrx_word' id='word_1_439' title='bbox 695 3981 794 4052; x_wconf 84' lang='grc' dir='ltr'>τῆς</span> <span class='ocrx_word' id='word_1_440' title='bbox 821 3981 958 4044; x_wconf 84' lang='grc' dir='ltr'>ἰδίας</span> <span class='ocrx_word' id='word_1_441' title='bbox 999 3982 1351 4054; x_wconf 85' lang='grc' dir='ltr'>περιφερείας</span> <span class='ocrx_word' id='word_1_442' title='bbox 1384 4023 1400 4049; x_wconf 95' lang='grc'><strong>,</strong></span> <span class='ocrx_word' id='word_1_443' title='bbox 1451 3983 1599 4049; x_wconf 82' lang='grc' dir='ltr'>ἰσους</span> <span class='ocrx_word' id='word_1_444' title='bbox 1635 3985 1702 4039; x_wconf 84' lang='grc' dir='ltr'><strong>ἂν</strong></span> <span class='ocrx_word' id='word_1_445' title='bbox 1734 3987 1980 4040; x_wconf 76' lang='grc' dir='ltr'>ἐπετέλει</span> 
     </span>
    </p>
   </div>
   <div class='ocr_carea' id='block_1_58' title="bbox 381 4073 1978 4149">
    <p class='ocr_par' dir='ltr' id='par_1_58' title="bbox 381 4073 1978 4149">
     <span class='ocr_line' id='line_1_58' title="bbox 381 4073 1978 4149; baseline 0 -19"><span class='ocrx_word' id='word_1_446' title='bbox 381 4078 528 4139; x_wconf 80' lang='grc' dir='ltr'>τοὺς</span> <span class='ocrx_word' id='word_1_447' title='bbox 548 4074 656 4130; x_wconf 90' lang='grc' dir='ltr'><strong>τῶν</strong></span> <span class='ocrx_word' id='word_1_448' title='bbox 681 4073 1120 4147; x_wconf 88' lang='grc' dir='ltr'>τεταρτημορίων</span> <span class='ocrx_word' id='word_1_449' title='bbox 1140 4075 1384 4145; x_wconf 84' lang='grc' dir='ltr'>χρόνους.</span> <span class='ocrx_word' id='word_1_450' title='bbox 1413 4077 1552 4130; x_wconf 84' lang='grc' dir='ltr'>Νυνί</span> <span class='ocrx_word' id='word_1_451' title='bbox 1582 4076 1639 4130; x_wconf 79' lang='grc' dir='ltr'><strong>δὲ</strong></span> <span class='ocrx_word' id='word_1_452' title='bbox 1670 4077 1878 4132; x_wconf 85' lang='grc' dir='ltr'>κατὼτε</span> <span class='ocrx_word' id='word_1_453' title='bbox 1889 4095 1978 4149; x_wconf 89' lang='grc' dir='ltr'><strong>ρον</strong></span> 
     </span>
    </p>
   </div>
   <div class='ocr_carea' id='block_1_59' title="bbox 383 4166 1975 4239">
    <p class='ocr_par' dir='ltr' id='par_1_59' title="bbox 383 4166 1975 4239">
     <span class='ocr_line' id='line_1_59' title="bbox 383 4166 1975 4239; baseline 0.001 -17"><span class='ocrx_word' id='word_1_454' title='bbox 383 4169 626 4239; x_wconf 86' lang='grc' dir='ltr'>φέρεται</span> <span class='ocrx_word' id='word_1_455' title='bbox 650 4169 678 4221; x_wconf 93' lang='lat'><strong>6</strong></span> <span class='ocrx_word' id='word_1_456' title='bbox 705 4167 876 4237; x_wconf 78' lang='grc' dir='ltr'>ἥλιος,</span> <span class='ocrx_word' id='word_1_457' title='bbox 916 4167 1012 4222; x_wconf 73' lang='grc' dir='ltr'>καὶ</span> <span class='ocrx_word' id='word_1_458' title='bbox 1044 4167 1136 4220; x_wconf 77' lang='grc' dir='ltr'><strong>ἐπὶ</strong></span> <span class='ocrx_word' id='word_1_459' title='bbox 1166 4166 1458 4238; x_wconf 83' lang='grc' dir='ltr'>ἐκκέντρου</span> <span class='ocrx_word' id='word_1_460' title='bbox 1487 4169 1687 4222; x_wconf 87' lang='grc' dir='ltr'>κύκλου</span> <span class='ocrx_word' id='word_1_461' title='bbox 1721 4172 1975 4234; x_wconf 86' lang='grc' dir='ltr'>κινεῖται,</span> 
     </span>
    </p>
   </div>
   <div class='ocr_carea' id='block_1_60' title="bbox 383 4257 1976 4332">
    <p class='ocr_par' dir='ltr' id='par_1_60' title="bbox 383 4257 1976 4332">
     <span class='ocr_line' id='line_1_60' title="bbox 383 4257 1976 4332; baseline -0.001 -18"><span class='ocrx_word' id='word_1_462' title='bbox 383 4257 656 4328; x_wconf 83' lang='grc' dir='ltr'>καθάπερ</span> <span class='ocrx_word' id='word_1_463' title='bbox 704 4259 1137 4331; x_wconf 82' lang='grc' dir='ltr'>ὑπογέγραπται.</span> <span class='ocrx_word' id='word_1_464' title='bbox 1185 4257 1261 4310; x_wconf 86' lang='grc' dir='ltr'><strong>Οὐ</strong></span> <span class='ocrx_word' id='word_1_465' title='bbox 1317 4257 1426 4330; x_wconf 79' lang='grc' dir='ltr'>γὰρ</span> <span class='ocrx_word' id='word_1_466' title='bbox 1464 4259 1528 4310; x_wconf 92' lang='grc' dir='ltr'><strong>τὸ</strong></span> <span class='ocrx_word' id='word_1_467' title='bbox 1575 4258 1705 4311; x_wconf 89' lang='grc' dir='ltr'>αύτὸ</span> <span class='ocrx_word' id='word_1_468' title='bbox 1754 4258 1976 4332; x_wconf 80' lang='grc' dir='ltr'>κέντρον</span> 
     </span>
    </p>
   </div>
   <div class='ocr_carea' id='block_1_61' title="bbox 382 4350 1978 4422">
    <p class='ocr_par' dir='ltr' id='par_1_61' title="bbox 382 4350 1978 4422">
     <span class='ocr_line' id='line_1_61' title="bbox 382 4350 1978 4422; baseline 0 -18"><span class='ocrx_word' id='word_1_469' title='bbox 382 4353 519 4406; x_wconf 71' lang='grc' dir='ltr'>ἐστὶ</span> <span class='ocrx_word' id='word_1_470' title='bbox 546 4351 639 4404; x_wconf 90' lang='grc' dir='ltr'><strong>τοῦ</strong></span> <span class='ocrx_word' id='word_1_471' title='bbox 668 4350 895 4422; x_wconf 78' lang='grc' dir='ltr'>ἡλιακοῦ</span> <span class='ocrx_word' id='word_1_472' title='bbox 921 4350 1121 4405; x_wconf 89' lang='grc' dir='ltr'>κύκλου</span> <span class='ocrx_word' id='word_1_473' title='bbox 1152 4351 1246 4404; x_wconf 68' lang='grc' dir='ltr'><strong>καὶ</strong></span> <span class='ocrx_word' id='word_1_474' title='bbox 1279 4350 1372 4403; x_wconf 88' lang='grc' dir='ltr'><strong>τοῦ</strong></span> <span class='ocrx_word' id='word_1_475' title='bbox 1411 4351 1677 4416; x_wconf 88' lang='grc' dir='ltr'>ζωδιακοῦ</span> <span class='ocrx_word' id='word_1_476' title='bbox 1701 4369 1712 4381; x_wconf 88' lang='grc'><strong>·</strong></span> <span class='ocrx_word' id='word_1_477' title='bbox 1743 4352 1862 4405; x_wconf 87' lang='grc' dir='ltr'>ἀλλ’</span> <span class='ocrx_word' id='word_1_478' title='bbox 1892 4354 1978 4421; x_wconf 78' lang='grc' dir='ltr'><strong>ἐφ’</strong></span> 
     </span>
    </p>
   </div>
   <div class='ocr_carea' id='block_1_62' title="bbox 384 4425 1979 4514">
    <p class='ocr_par' dir='ltr' id='par_1_62' title="bbox 384 4425 1979 4514">
     <span class='ocr_line' id='line_1_62' title="bbox 384 4425 1979 4514; baseline -0.001 -17"><span class='ocrx_word' id='word_1_479' title='bbox 384 4444 450 4497; x_wconf 80' lang='grc' dir='ltr'><strong>ἓν</strong></span> <span class='ocrx_word' id='word_1_480' title='bbox 492 4443 538 4474; x_wconf 77' lang='grc'>¹²</span> <span class='ocrx_word' id='word_1_481' title='bbox 566 4442 731 4514; x_wconf 86' lang='grc' dir='ltr'>μέρος</span> <span class='ocrx_word' id='word_1_482' title='bbox 789 4441 1072 4514; x_wconf 84' lang='grc' dir='ltr'>παρῆκται</span> <span class='ocrx_word' id='word_1_483' title='bbox 1123 4425 1165 4514; x_wconf 59' lang='grc' dir='ltr'><strong>ἡχ</strong></span> <span class='ocrx_word' id='word_1_484' title='bbox 1190 4441 1282 4496; x_wconf 85' lang='grc' dir='ltr'><strong>τοῦ</strong></span> <span class='ocrx_word' id='word_1_485' title='bbox 1322 4443 1471 4514; x_wconf 82' lang='grc' dir='ltr'>ἡλίου</span> <span class='ocrx_word' id='word_1_486' title='bbox 1523 4446 1745 4514; x_wconf 83' lang='grc' dir='ltr'>σφαῖρα.</span> <span class='ocrx_word' id='word_1_487' title='bbox 1783 4444 1882 4497; x_wconf 86' lang='grc' dir='ltr'><strong>Διά</strong></span> <span class='ocrx_word' id='word_1_488' title='bbox 1922 4443 1979 4496; x_wconf 81' lang='grc' dir='ltr'>δὲ</span> 
     </span>
    </p>
   </div>
   <div class='ocr_carea' id='block_1_63' title="bbox 381 4533 1978 4607">
    <p class='ocr_par' dir='ltr' id='par_1_63' title="bbox 381 4533 1978 4607">
     <span class='ocr_line' id='line_1_63' title="bbox 381 4533 1978 4607; baseline -0.001 -18"><span class='ocrx_word' id='word_1_489' title='bbox 381 4535 498 4607; x_wconf 84' lang='grc' dir='ltr'>τὴν</span> <span class='ocrx_word' id='word_1_490' title='bbox 527 4533 783 4604; x_wconf 90' lang='grc' dir='ltr'>τοιαύτην</span> <span class='ocrx_word' id='word_1_491' title='bbox 811 4533 960 4588; x_wconf 84' lang='grc' dir='ltr'>Θέσιν</span> <span class='ocrx_word' id='word_1_492' title='bbox 994 4537 1074 4598; x_wconf 86' lang='grc' dir='ltr'><strong>εἰς</strong></span> <span class='ocrx_word' id='word_1_493' title='bbox 1095 4534 1334 4606; x_wconf 84' lang='grc' dir='ltr'>τέσσαρα</span> <span class='ocrx_word' id='word_1_494' title='bbox 1354 4534 1492 4607; x_wconf 80' lang='grc' dir='ltr'>μέρη</span> <span class='ocrx_word' id='word_1_495' title='bbox 1515 4533 1675 4589; x_wconf 80' lang='grc' dir='ltr'>ἄνισα</span> <span class='ocrx_word' id='word_1_496' title='bbox 1689 4535 1978 4607; x_wconf 87' lang='grc' dir='ltr'>διαιρεῖται</span> 
     </span>
    </p>
   </div>
   <div class='ocr_carea' id='block_1_64' title="bbox 2073 2038 3656 2115">
    <p class='ocr_par' dir='ltr' id='par_1_64' title="bbox 2073 2038 3656 2115">
     <span class='ocr_line' id='line_1_64' title="bbox 2073 2038 3656 2115; baseline -0.006 -14"><span class='ocrx_word' id='word_1_497' title='bbox 2073 2044 2300 2115; x_wconf 74' lang='lat' dir='ltr'><strong>aequalis</strong></span> <span class='ocrx_word' id='word_1_498' title='bbox 2351 2043 2406 2099; x_wconf 90' lang='lat' dir='ltr'><strong>in</strong></span> <span class='ocrx_word' id='word_1_499' title='bbox 2442 2052 2613 2098; x_wconf 90' lang='lat' dir='ltr'><strong>motu.</strong></span> <span class='ocrx_word' id='word_1_500' title='bbox 2649 2040 2841 2096; x_wconf 85' lang='lat' dir='ltr'><strong>Inﬁma</strong></span> <span class='ocrx_word' id='word_1_501' title='bbox 2880 2041 3124 2095; x_wconf 90' lang='lat' dir='ltr'><strong>omnium</strong></span> <span class='ocrx_word' id='word_1_502' title='bbox 3157 2046 3238 2096; x_wconf 88' lang='lat' dir='ltr'><strong>est</strong></span> <span class='ocrx_word' id='word_1_503' title='bbox 3285 2038 3474 2103; x_wconf 91' lang='lat' dir='ltr'><strong>Luna,</strong></span> <span class='ocrx_word' id='word_1_504' title='bbox 3533 2052 3656 2108; x_wconf 71' lang='lat' dir='ltr'><strong>quae</strong></span> 
     </span>
    </p>
   </div>
   <div class='ocr_carea' id='block_1_65' title="bbox 2075 2130 3654 2207">
    <p class='ocr_par' dir='ltr' id='par_1_65' title="bbox 2075 2130 3654 2207">
     <span class='ocr_line' id='line_1_65' title="bbox 2075 2130 3654 2207; baseline -0.005 -15"><span class='ocrx_word' id='word_1_505' title='bbox 2075 2139 2266 2194; x_wconf 85' lang='lat' dir='ltr'><strong>diebus</strong></span> <span class='ocrx_word' id='word_1_506' title='bbox 2301 2137 2370 2191; x_wconf 74' lang='lat'><strong>2&#39;7</strong></span> <span class='ocrx_word' id='word_1_507' title='bbox 2407 2136 2510 2190; x_wconf 72' lang='lat'><strong>1/5</strong></span> <span class='ocrx_word' id='word_1_508' title='bbox 2539 2135 2822 2190; x_wconf 88' lang='lat' dir='ltr'><strong>zodiacum</strong></span> <span class='ocrx_word' id='word_1_509' title='bbox 2856 2134 3158 2207; x_wconf 85' lang='lat' dir='ltr'><strong>percurrit,</strong></span> <span class='ocrx_word' id='word_1_510' title='bbox 3197 2149 3369 2189; x_wconf 90' lang='lat' dir='ltr'><strong>unum</strong></span> <span class='ocrx_word' id='word_1_511' title='bbox 3408 2146 3540 2188; x_wconf 87' lang='lat' dir='ltr'><strong>vero</strong></span> <span class='ocrx_word' id='word_1_512' title='bbox 3577 2130 3654 2185; x_wconf 86' lang='lat' dir='ltr'><strong>si-</strong></span> 
     </span>
    </p>
   </div>
   <div class='ocr_carea' id='block_1_66' title="bbox 2075 2225 3656 2300">
    <p class='ocr_par' dir='ltr' id='par_1_66' title="bbox 2075 2225 3656 2300">
     <span class='ocr_line' id='line_1_66' title="bbox 2075 2225 3656 2300; baseline -0.003 -16"><span class='ocrx_word' id='word_1_513' title='bbox 2075 2245 2242 2300; x_wconf 84' lang='lat' dir='ltr'><strong>gnum</strong></span> <span class='ocrx_word' id='word_1_514' title='bbox 2267 2229 2462 2286; x_wconf 88' lang='lat' dir='ltr'><strong>diebus</strong></span> <span class='ocrx_word' id='word_1_515' title='bbox 2485 2228 2722 2296; x_wconf 90' lang='lat' dir='ltr'><strong>duobus,</strong></span> <span class='ocrx_word' id='word_1_516' title='bbox 2741 2236 2796 2285; x_wconf 90' lang='lat' dir='ltr'><strong>et</strong></span> <span class='ocrx_word' id='word_1_517' title='bbox 2821 2244 2934 2284; x_wconf 91' lang='lat' dir='ltr'><strong>una</strong></span> <span class='ocrx_word' id='word_1_518' title='bbox 2961 2227 3074 2284; x_wconf 84' lang='lat' dir='ltr'><strong>fere</strong></span> <span class='ocrx_word' id='word_1_519' title='bbox 3096 2234 3289 2300; x_wconf 89' lang='lat' dir='ltr'><strong>quarta</strong></span> <span class='ocrx_word' id='word_1_520' title='bbox 3316 2233 3468 2298; x_wconf 89' lang='lat' dir='ltr'><strong>parte</strong></span> <span class='ocrx_word' id='word_1_521' title='bbox 3490 2225 3656 2280; x_wconf 80' lang='lat' dir='ltr'><strong>unius</strong></span> 
     </span>
    </p>
   </div>
   <div class='ocr_carea' id='block_1_67' title="bbox 2076 2320 2205 2377">
    <p class='ocr_par' dir='ltr' id='par_1_67' title="bbox 2076 2320 2205 2377">
     <span class='ocr_line' id='line_1_67' title="bbox 2076 2320 2205 2377; baseline -0.008 -1"><span class='ocrx_word' id='word_1_522' title='bbox 2076 2320 2205 2377; x_wconf 80' lang='lat' dir='ltr'><strong>di&#39;ei.</strong></span> 
     </span>
    </p>
   </div>
   <div class='ocr_carea' id='block_1_68' title="bbox 2077 2607 3650 2680">
    <p class='ocr_par' dir='ltr' id='par_1_68' title="bbox 2077 2607 3650 2680">
     <span class='ocr_line' id='line_1_68' title="bbox 2077 2607 3650 2680; baseline -0.001 -16"><span class='ocrx_word' id='word_1_523' title='bbox 2077 2632 2110 2672; x_wconf 73' lang='grc' dir='ltr'><strong>ι.</strong></span> <span class='ocrx_word' id='word_1_524' title='bbox 2151 2607 2210 2664; x_wconf 90' lang='lat' dir='ltr'><strong>Si</strong></span> <span class='ocrx_word' id='word_1_525' title='bbox 2236 2607 2401 2680; x_wconf 81' lang='lat' dir='ltr'><strong>igitur</strong></span> <span class='ocrx_word' id='word_1_526' title='bbox 2431 2609 2515 2665; x_wconf 88' lang='lat' dir='ltr'><strong>sol</strong></span> <span class='ocrx_word' id='word_1_527' title='bbox 2540 2618 2854 2665; x_wconf 86' lang='lat' dir='ltr'><strong>moveretur</strong></span> <span class='ocrx_word' id='word_1_528' title='bbox 2882 2623 3050 2679; x_wconf 90' lang='lat' dir='ltr'><strong>super</strong></span> <span class='ocrx_word' id='word_1_529' title='bbox 3092 2608 3429 2665; x_wconf 89' lang='lat' dir='ltr'><strong>constellatis</strong></span> <span class='ocrx_word' id='word_1_530' title='bbox 3457 2608 3650 2679; x_wconf 87' lang='lat' dir='ltr'><strong>signis,</strong></span> 
     </span>
    </p>
   </div>
   <div class='ocr_carea' id='block_1_69' title="bbox 2078 2701 3655 2774">
    <p class='ocr_par' dir='ltr' id='par_1_69' title="bbox 2078 2701 3655 2774">
     <span class='ocr_line' id='line_1_69' title="bbox 2078 2701 3655 2774; baseline -0.003 -16"><span class='ocrx_word' id='word_1_531' title='bbox 2078 2703 2302 2758; x_wconf 87' lang='lat' dir='ltr'><strong>omnino</strong></span> <span class='ocrx_word' id='word_1_532' title='bbox 2335 2711 2599 2774; x_wconf 89' lang='lat' dir='ltr'><strong>tempora,</strong></span> <span class='ocrx_word' id='word_1_533' title='bbox 2636 2718 2757 2774; x_wconf 71' lang='lat' dir='ltr'><strong>qua:</strong></span> <span class='ocrx_word' id='word_1_534' title='bbox 2779 2711 2908 2758; x_wconf 89' lang='lat' dir='ltr'><strong>sunt</strong></span> <span class='ocrx_word' id='word_1_535' title='bbox 2940 2702 3082 2758; x_wconf 89' lang='lat' dir='ltr'><strong>inter</strong></span> <span class='ocrx_word' id='word_1_536' title='bbox 3111 2702 3369 2766; x_wconf 87' lang='lat' dir='ltr'><strong>solstitia,</strong></span> <span class='ocrx_word' id='word_1_537' title='bbox 3399 2709 3453 2756; x_wconf 89' lang='lat' dir='ltr'><strong>et</strong></span> <span class='ocrx_word' id='word_1_538' title='bbox 3483 2701 3655 2772; x_wconf 83' lang='lat' dir='ltr'><strong>aequi-</strong></span> 
     </span>
    </p>
   </div>
   <div class='ocr_carea' id='block_1_70' title="bbox 2077 2789 3655 2860">
    <p class='ocr_par' dir='ltr' id='par_1_70' title="bbox 2077 2789 3655 2860">
     <span class='ocr_line' id='line_1_70' title="bbox 2077 2789 3655 2860; baseline -0.003 -12"><span class='ocrx_word' id='word_1_539' title='bbox 2077 2792 2282 2857; x_wconf 88' lang='lat' dir='ltr'><strong>noctia,</strong></span> <span class='ocrx_word' id='word_1_540' title='bbox 2308 2799 2492 2847; x_wconf 87' lang='lat' dir='ltr'><strong>essent</strong></span> <span class='ocrx_word' id='word_1_541' title='bbox 2522 2792 2664 2847; x_wconf 90' lang='lat' dir='ltr'><strong>inter</strong></span> <span class='ocrx_word' id='word_1_542' title='bbox 2695 2807 2754 2847; x_wconf 90' lang='lat' dir='ltr'><strong>se</strong></span> <span class='ocrx_word' id='word_1_543' title='bbox 2777 2790 3029 2860; x_wconf 52' lang='lat' dir='ltr'><strong>aequalia;</strong></span> <span class='ocrx_word' id='word_1_544' title='bbox 3087 2789 3351 2860; x_wconf 76' lang='lat' dir='ltr'><strong>AEquales</strong></span> <span class='ocrx_word' id='word_1_545' title='bbox 3394 2789 3540 2844; x_wconf 91' lang='lat' dir='ltr'><strong>enim</strong></span> <span class='ocrx_word' id='word_1_546' title='bbox 3566 2805 3655 2843; x_wconf 87' lang='lat' dir='ltr'><strong>ar—</strong></span> 
     </span>
    </p>
   </div>
   <div class='ocr_carea' id='block_1_71' title="bbox 2079 2883 3657 2954">
    <p class='ocr_par' dir='ltr' id='par_1_71' title="bbox 2079 2883 3657 2954">
     <span class='ocr_line' id='line_1_71' title="bbox 2079 2883 3657 2954; baseline -0.001 -14"><span class='ocrx_word' id='word_1_547' title='bbox 2079 2900 2197 2950; x_wconf 90' lang='lat' dir='ltr'><strong>cus,</strong></span> <span class='ocrx_word' id='word_1_548' title='bbox 2220 2899 2346 2940; x_wconf 92' lang='lat' dir='ltr'><strong>cum</strong></span> <span class='ocrx_word' id='word_1_549' title='bbox 2372 2884 2656 2954; x_wconf 79' lang='lat' dir='ltr'><strong>aequaliter</strong></span> <span class='ocrx_word' id='word_1_550' title='bbox 2676 2893 3007 2949; x_wconf 88' lang='lat' dir='ltr'><strong>moveretur,</strong></span> <span class='ocrx_word' id='word_1_551' title='bbox 3026 2884 3080 2938; x_wconf 90' lang='lat' dir='ltr'><strong>in</strong></span> <span class='ocrx_word' id='word_1_552' title='bbox 3112 2883 3446 2952; x_wconf 89' lang='lat' dir='ltr'><strong>temporibus</strong></span> <span class='ocrx_word' id='word_1_553' title='bbox 3473 2899 3657 2954; x_wconf 59' lang='lat' dir='ltr'><strong>atqua-</strong></span> 
     </span>
    </p>
   </div>
   <div class='ocr_carea' id='block_1_72' title="bbox 2079 2974 3655 3042">
    <p class='ocr_par' dir='ltr' id='par_1_72' title="bbox 2079 2974 3655 3042">
     <span class='ocr_line' id='line_1_72' title="bbox 2079 2974 3655 3042; baseline -0.002 -10"><span class='ocrx_word' id='word_1_554' title='bbox 2079 2979 2223 3032; x_wconf 90' lang='lat' dir='ltr'><strong>libus</strong></span> <span class='ocrx_word' id='word_1_555' title='bbox 2277 2976 2592 3032; x_wconf 89' lang='lat' dir='ltr'><strong>conﬁceret.</strong></span> <span class='ocrx_word' id='word_1_556' title='bbox 2647 2974 2931 3042; x_wconf 86' lang='lat' dir='ltr'><strong>Similiter,</strong></span> <span class='ocrx_word' id='word_1_557' title='bbox 2965 2976 3011 3032; x_wconf 80' lang='lat' dir='ltr'><strong>si</strong></span> <span class='ocrx_word' id='word_1_558' title='bbox 3065 2975 3148 3031; x_wconf 86' lang='lat' dir='ltr'><strong>sol</strong></span> <span class='ocrx_word' id='word_1_559' title='bbox 3194 2974 3336 3030; x_wconf 86' lang='lat' dir='ltr'><strong>infra</strong></span> <span class='ocrx_word' id='word_1_560' title='bbox 3367 2975 3655 3030; x_wconf 89' lang='lat' dir='ltr'><strong>zodiacum</strong></span> 
     </span>
    </p>
   </div>
   <div class='ocr_carea' id='block_1_73' title="bbox 2080 3065 3651 3133">
    <p class='ocr_par' dir='ltr' id='par_1_73' title="bbox 2080 3065 3651 3133">
     <span class='ocr_line' id='line_1_73' title="bbox 2080 3065 3651 3133; baseline -0.001 -10"><span class='ocrx_word' id='word_1_561' title='bbox 2080 3069 2330 3133; x_wconf 84' lang='lat' dir='ltr'><strong>ferretur,</strong></span> <span class='ocrx_word' id='word_1_562' title='bbox 2366 3078 2420 3124; x_wconf 89' lang='lat' dir='ltr'><strong>et</strong></span> <span class='ocrx_word' id='word_1_563' title='bbox 2442 3075 2754 3123; x_wconf 88' lang='lat' dir='ltr'><strong>moveretur</strong></span> <span class='ocrx_word' id='word_1_564' title='bbox 2775 3068 3095 3124; x_wconf 86' lang='lat' dir='ltr'><strong>circa-idem</strong></span> <span class='ocrx_word' id='word_1_565' title='bbox 3121 3074 3366 3122; x_wconf 89' lang='lat' dir='ltr'><strong>centrum</strong></span> <span class='ocrx_word' id='word_1_566' title='bbox 3399 3065 3608 3121; x_wconf 83' lang='lat' dir='ltr'><strong>zodiaci</strong></span> <span class='ocrx_word' id='word_1_567' title='bbox 3635 3085 3651 3122; x_wconf 73' lang='grc' dir='ltr'><strong>τ</strong></span> 
     </span>
    </p>
   </div>
   <div class='ocr_carea' id='block_1_74' title="bbox 2081 3155 3654 3228">
    <p class='ocr_par' dir='ltr' id='par_1_74' title="bbox 2081 3155 3654 3228">
     <span class='ocr_line' id='line_1_74' title="bbox 2081 3155 3654 3228; baseline -0.004 -14"><span class='ocrx_word' id='word_1_568' title='bbox 2081 3167 2262 3215; x_wconf 88' lang='lat' dir='ltr'><strong>tamen</strong></span> <span class='ocrx_word' id='word_1_569' title='bbox 2297 3159 2462 3215; x_wconf 90' lang='lat' dir='ltr'><strong>etiam</strong></span> <span class='ocrx_word' id='word_1_570' title='bbox 2501 3159 2582 3215; x_wconf 90' lang='lat' dir='ltr'><strong>sic</strong></span> <span class='ocrx_word' id='word_1_571' title='bbox 2613 3166 2880 3228; x_wconf 88' lang='lat' dir='ltr'><strong>tempora,</strong></span> <span class='ocrx_word' id='word_1_572' title='bbox 2929 3173 3049 3228; x_wconf 85' lang='lat' dir='ltr'><strong>quae</strong></span> <span class='ocrx_word' id='word_1_573' title='bbox 3080 3162 3208 3212; x_wconf 91' lang='lat' dir='ltr'><strong>sunt</strong></span> <span class='ocrx_word' id='word_1_574' title='bbox 3238 3156 3381 3211; x_wconf 90' lang='lat' dir='ltr'><strong>inter</strong></span> <span class='ocrx_word' id='word_1_575' title='bbox 3418 3155 3654 3210; x_wconf 86' lang='lat' dir='ltr'><strong>solstitia</strong></span> 
     </span>
    </p>
   </div>
   <div class='ocr_carea' id='block_1_75' title="bbox 2081 3248 3663 3324">
    <p class='ocr_par' dir='ltr' id='par_1_75' title="bbox 2081 3248 3663 3324">
     <span class='ocr_line' id='line_1_75' title="bbox 2081 3248 3663 3324; baseline -0.003 -17"><span class='ocrx_word' id='word_1_576' title='bbox 2081 3261 2134 3308; x_wconf 86' lang='lat' dir='ltr'><strong>et</strong></span> <span class='ocrx_word' id='word_1_577' title='bbox 2160 3252 2531 3324; x_wconf 82' lang='lat' dir='ltr'><strong>aequinoctia.</strong></span> <span class='ocrx_word' id='word_1_578' title='bbox 2595 3258 2782 3308; x_wconf 88' lang='lat' dir='ltr'><strong>essent</strong></span> <span class='ocrx_word' id='word_1_579' title='bbox 2818 3251 2962 3306; x_wconf 90' lang='lat' dir='ltr'><strong>inter</strong></span> <span class='ocrx_word' id='word_1_580' title='bbox 3013 3266 3072 3306; x_wconf 91' lang='lat' dir='ltr'><strong>se</strong></span> <span class='ocrx_word' id='word_1_581' title='bbox 3129 3248 3398 3320; x_wconf 67' lang='lat' dir='ltr'><strong>aequalia;</strong></span> <span class='ocrx_word' id='word_1_582' title='bbox 3461 3263 3663 3303; x_wconf 78' lang='lat' dir='ltr'><strong>omnes</strong></span> 
     </span>
    </p>
   </div>
   <div class='ocr_carea' id='block_1_76' title="bbox 2078 3342 3651 3414">
    <p class='ocr_par' dir='ltr' id='par_1_76' title="bbox 2078 3342 3651 3414">
     <span class='ocr_line' id='line_1_76' title="bbox 2078 3342 3651 3414; baseline -0.005 -15"><span class='ocrx_word' id='word_1_583' title='bbox 2078 3349 2227 3400; x_wconf 89' lang='lat' dir='ltr'><strong>enim</strong></span> <span class='ocrx_word' id='word_1_584' title='bbox 2259 3344 2448 3399; x_wconf 88' lang='lat' dir='ltr'><strong>circuli</strong></span> <span class='ocrx_word' id='word_1_585' title='bbox 2475 3384 2491 3408; x_wconf 95' lang='lat'><strong>,</strong></span> <span class='ocrx_word' id='word_1_586' title='bbox 2544 3343 2639 3414; x_wconf 88' lang='lat' dir='ltr'><strong>qui</strong></span> <span class='ocrx_word' id='word_1_587' title='bbox 2670 3343 2816 3397; x_wconf 88' lang='lat' dir='ltr'><strong>circa</strong></span> <span class='ocrx_word' id='word_1_588' title='bbox 2859 3342 3003 3397; x_wconf 87' lang='lat' dir='ltr'><strong>idem</strong></span> <span class='ocrx_word' id='word_1_589' title='bbox 3037 3349 3286 3397; x_wconf 89' lang='lat' dir='ltr'><strong>centrum</strong></span> <span class='ocrx_word' id='word_1_590' title='bbox 3317 3347 3607 3395; x_wconf 90' lang='lat' dir='ltr'><strong>moventur</strong></span> <span class='ocrx_word' id='word_1_591' title='bbox 3634 3377 3651 3402; x_wconf 94' lang='lat'><strong>,</strong></span> 
     </span>
    </p>
   </div>
   <div class='ocr_carea' id='block_1_77' title="bbox 2081 3430 3652 3503">
    <p class='ocr_par' dir='ltr' id='par_1_77' title="bbox 2081 3430 3652 3503">
     <span class='ocr_line' id='line_1_77' title="bbox 2081 3430 3652 3503; baseline -0.005 -11"><span class='ocrx_word' id='word_1_592' title='bbox 2081 3437 2332 3492; x_wconf 87' lang='lat' dir='ltr'><strong>similiter</strong></span> <span class='ocrx_word' id='word_1_593' title='bbox 2357 3450 2388 3489; x_wconf 91' lang='lat' dir='ltr'><strong>a</strong></span> <span class='ocrx_word' id='word_1_594' title='bbox 2417 3434 2702 3490; x_wconf 88' lang='lat' dir='ltr'><strong>diametris</strong></span> <span class='ocrx_word' id='word_1_595' title='bbox 2724 3432 3062 3489; x_wconf 83' lang='lat' dir='ltr'><strong>dividuntur.</strong></span> <span class='ocrx_word' id='word_1_596' title='bbox 3089 3431 3300 3503; x_wconf 89' lang='lat' dir='ltr'><strong>Itaque,</strong></span> <span class='ocrx_word' id='word_1_597' title='bbox 3319 3446 3441 3486; x_wconf 93' lang='lat' dir='ltr'><strong>cum</strong></span> <span class='ocrx_word' id='word_1_598' title='bbox 3465 3430 3652 3486; x_wconf 89' lang='lat' dir='ltr'><strong>zodia-</strong></span> 
     </span>
    </p>
   </div>
   <div class='ocr_carea' id='block_1_78' title="bbox 2079 3523 3652 3600">
    <p class='ocr_par' dir='ltr' id='par_1_78' title="bbox 2079 3523 3652 3600">
     <span class='ocr_line' id='line_1_78' title="bbox 2079 3523 3652 3600; baseline -0.005 -15"><span class='ocrx_word' id='word_1_599' title='bbox 2079 3546 2178 3586; x_wconf 88' lang='lat' dir='ltr'><strong>cus</strong></span> <span class='ocrx_word' id='word_1_600' title='bbox 2205 3530 2262 3585; x_wconf 88' lang='lat' dir='ltr'><strong>in</strong></span> <span class='ocrx_word' id='word_1_601' title='bbox 2295 3536 2532 3600; x_wconf 88' lang='lat' dir='ltr'><strong>quatuor</strong></span> <span class='ocrx_word' id='word_1_602' title='bbox 2559 3537 2742 3598; x_wconf 85' lang='lat' dir='ltr'><strong>partes</strong></span> <span class='ocrx_word' id='word_1_603' title='bbox 2791 3528 3029 3597; x_wconf 71' lang='lat' dir='ltr'><strong>aequales</strong></span> <span class='ocrx_word' id='word_1_604' title='bbox 3059 3526 3336 3580; x_wconf 86' lang='lat' dir='ltr'><strong>dividatur</strong></span> <span class='ocrx_word' id='word_1_605' title='bbox 3365 3540 3395 3578; x_wconf 92' lang='lat' dir='ltr'><strong>a</strong></span> <span class='ocrx_word' id='word_1_606' title='bbox 3443 3523 3652 3578; x_wconf 81' lang='lat' dir='ltr'><strong>diame-</strong></span> 
     </span>
    </p>
   </div>
   <div class='ocr_carea' id='block_1_79' title="bbox 2081 3619 3654 3695">
    <p class='ocr_par' dir='ltr' id='par_1_79' title="bbox 2081 3619 3654 3695">
     <span class='ocr_line' id='line_1_79' title="bbox 2081 3619 3654 3695; baseline -0.004 -17"><span class='ocrx_word' id='word_1_607' title='bbox 2081 3624 2200 3689; x_wconf 86' lang='lat' dir='ltr'><strong>tris,</strong></span> <span class='ocrx_word' id='word_1_608' title='bbox 2237 3639 2360 3695; x_wconf 74' lang='lat' dir='ltr'><strong>quae</strong></span> <span class='ocrx_word' id='word_1_609' title='bbox 2388 3629 2592 3694; x_wconf 88' lang='lat' dir='ltr'><strong>puncta</strong></span> <span class='ocrx_word' id='word_1_610' title='bbox 2630 3621 2942 3678; x_wconf 88' lang='lat' dir='ltr'><strong>solstitialia</strong></span> <span class='ocrx_word' id='word_1_611' title='bbox 2972 3628 3027 3675; x_wconf 93' lang='lat' dir='ltr'><strong>et</strong></span> <span class='ocrx_word' id='word_1_612' title='bbox 3062 3619 3469 3691; x_wconf 72' lang='lat' dir='ltr'><strong>aequinoctialia</strong></span> <span class='ocrx_word' id='word_1_613' title='bbox 3520 3633 3654 3672; x_wconf 89' lang='lat' dir='ltr'><strong>con-</strong></span> 
     </span>
    </p>
   </div>
   <div class='ocr_carea' id='block_1_80' title="bbox 2079 3711 3657 3772">
    <p class='ocr_par' dir='ltr' id='par_1_80' title="bbox 2079 3711 3657 3772">
     <span class='ocr_line' id='line_1_80' title="bbox 2079 3711 3657 3772; baseline -0.006 -1"><span class='ocrx_word' id='word_1_614' title='bbox 2079 3723 2347 3772; x_wconf 86' lang='lat' dir='ltr'><strong>nectunt:</strong></span> <span class='ocrx_word' id='word_1_615' title='bbox 2389 3715 2706 3770; x_wconf 88' lang='lat' dir='ltr'><strong>necessario</strong></span> <span class='ocrx_word' id='word_1_616' title='bbox 2734 3715 2899 3768; x_wconf 91' lang='lat' dir='ltr'><strong>etiam</strong></span> <span class='ocrx_word' id='word_1_617' title='bbox 2946 3713 3143 3768; x_wconf 85' lang='lat' dir='ltr'><strong>solaris</strong></span> <span class='ocrx_word' id='word_1_618' title='bbox 3192 3713 3434 3767; x_wconf 90' lang='lat' dir='ltr'><strong>circulus</strong></span> <span class='ocrx_word' id='word_1_619' title='bbox 3464 3711 3529 3764; x_wconf 92' lang='lat' dir='ltr'><strong>ab</strong></span> <span class='ocrx_word' id='word_1_620' title='bbox 3558 3711 3657 3763; x_wconf 64' lang='lat' dir='ltr'><strong>iis-</strong></span> 
     </span>
    </p>
   </div>
   <div class='ocr_carea' id='block_1_81' title="bbox 2079 3803 3650 3876">
    <p class='ocr_par' dir='ltr' id='par_1_81' title="bbox 2079 3803 3650 3876">
     <span class='ocr_line' id='line_1_81' title="bbox 2079 3803 3650 3876; baseline -0.003 -14"><span class='ocrx_word' id='word_1_621' title='bbox 2079 3807 2201 3862; x_wconf 88' lang='lat' dir='ltr'><strong>dem</strong></span> <span class='ocrx_word' id='word_1_622' title='bbox 2228 3807 2513 3862; x_wconf 88' lang='lat' dir='ltr'><strong>diametris</strong></span> <span class='ocrx_word' id='word_1_623' title='bbox 2540 3807 2594 3860; x_wconf 92' lang='lat' dir='ltr'><strong>in</strong></span> <span class='ocrx_word' id='word_1_624' title='bbox 2620 3816 2857 3876; x_wconf 91' lang='lat' dir='ltr'><strong>quatuor</strong></span> <span class='ocrx_word' id='word_1_625' title='bbox 2887 3814 3070 3876; x_wconf 91' lang='lat' dir='ltr'><strong>partes</strong></span> <span class='ocrx_word' id='word_1_626' title='bbox 3097 3805 3336 3874; x_wconf 85' lang='lat' dir='ltr'><strong>aequales</strong></span> <span class='ocrx_word' id='word_1_627' title='bbox 3357 3803 3650 3858; x_wconf 89' lang='lat' dir='ltr'><strong>dividetur.</strong></span> 
     </span>
    </p>
   </div>
   <div class='ocr_carea' id='block_1_82' title="bbox 2078 3894 3655 3967">
    <p class='ocr_par' dir='ltr' id='par_1_82' title="bbox 2078 3894 3655 3967">
     <span class='ocr_line' id='line_1_82' title="bbox 2078 3894 3655 3967; baseline -0.004 -14"><span class='ocrx_word' id='word_1_628' title='bbox 2078 3898 2216 3953; x_wconf 76' lang='lat' dir='ltr'><strong>Cum</strong></span> <span class='ocrx_word' id='word_1_629' title='bbox 2253 3899 2419 3967; x_wconf 78' lang='lat' dir='ltr'><strong>igitur</strong></span> <span class='ocrx_word' id='word_1_630' title='bbox 2452 3896 2534 3953; x_wconf 92' lang='lat' dir='ltr'><strong>sol</strong></span> <span class='ocrx_word' id='word_1_631' title='bbox 2558 3913 2723 3967; x_wconf 88' lang='lat' dir='ltr'><strong>super</strong></span> <span class='ocrx_word' id='word_1_632' title='bbox 2750 3896 2969 3967; x_wconf 91' lang='lat' dir='ltr'><strong>propria</strong></span> <span class='ocrx_word' id='word_1_633' title='bbox 3004 3894 3445 3951; x_wconf 80' lang='lat' dir='ltr'><strong>circumferentia</strong></span> <span class='ocrx_word' id='word_1_634' title='bbox 3472 3911 3655 3964; x_wconf 63' lang='lat' dir='ltr'><strong>aequa-</strong></span> 
     </span>
    </p>
   </div>
   <div class='ocr_carea' id='block_1_83' title="bbox 2079 3987 3657 4058">
    <p class='ocr_par' dir='ltr' id='par_1_83' title="bbox 2079 3987 3657 4058">
     <span class='ocr_line' id='line_1_83' title="bbox 2079 3987 3657 4058; baseline -0.002 -15"><span class='ocrx_word' id='word_1_635' title='bbox 2079 3989 2205 4045; x_wconf 91' lang='lat' dir='ltr'><strong>liter</strong></span> <span class='ocrx_word' id='word_1_636' title='bbox 2226 3996 2530 4052; x_wconf 89' lang='lat' dir='ltr'><strong>moveatur,</strong></span> <span class='ocrx_word' id='word_1_637' title='bbox 2562 3996 2811 4058; x_wconf 85' lang='lat' dir='ltr'><strong>tempora</strong></span> <span class='ocrx_word' id='word_1_638' title='bbox 2858 3987 3226 4058; x_wconf 87' lang='lat' dir='ltr'><strong>quadrantum</strong></span> <span class='ocrx_word' id='word_1_639' title='bbox 3260 3987 3467 4042; x_wconf 90' lang='lat' dir='ltr'><strong>zodiaci</strong></span> <span class='ocrx_word' id='word_1_640' title='bbox 3515 3987 3657 4040; x_wconf 89' lang='lat' dir='ltr'><strong>inter</strong></span> 
     </span>
    </p>
   </div>
   <div class='ocr_carea' id='block_1_84' title="bbox 2081 4078 3660 4151">
    <p class='ocr_par' dir='ltr' id='par_1_84' title="bbox 2081 4078 3660 4151">
     <span class='ocr_line' id='line_1_84' title="bbox 2081 4078 3660 4151; baseline -0.002 -16"><span class='ocrx_word' id='word_1_641' title='bbox 2081 4095 2140 4135; x_wconf 89' lang='lat' dir='ltr'><strong>se</strong></span> <span class='ocrx_word' id='word_1_642' title='bbox 2166 4080 2397 4151; x_wconf 66' lang='lat' dir='ltr'><strong>aequalia</strong></span> <span class='ocrx_word' id='word_1_643' title='bbox 2432 4079 2688 4136; x_wconf 78' lang='lat' dir='ltr'><strong>efﬁceret.</strong></span> <span class='ocrx_word' id='word_1_644' title='bbox 2720 4079 2789 4134; x_wconf 86' lang='lat' dir='ltr'><strong>At</strong></span> <span class='ocrx_word' id='word_1_645' title='bbox 2818 4095 2966 4135; x_wconf 90' lang='lat' dir='ltr'><strong>nunc</strong></span> <span class='ocrx_word' id='word_1_646' title='bbox 2997 4078 3232 4135; x_wconf 89' lang='lat' dir='ltr'><strong>inferius</strong></span> <span class='ocrx_word' id='word_1_647' title='bbox 3263 4078 3438 4134; x_wconf 82' lang='lat' dir='ltr'><strong>fertur</strong></span> <span class='ocrx_word' id='word_1_648' title='bbox 3467 4078 3570 4143; x_wconf 89' lang='lat' dir='ltr'><strong>sol,</strong></span> <span class='ocrx_word' id='word_1_649' title='bbox 3600 4084 3660 4133; x_wconf 83' lang='lat' dir='ltr'><strong>et</strong></span> 
     </span>
    </p>
   </div>
   <div class='ocr_carea' id='block_1_85' title="bbox 2081 4167 3659 4243">
    <p class='ocr_par' dir='ltr' id='par_1_85' title="bbox 2081 4167 3659 4243">
     <span class='ocr_line' id='line_1_85' title="bbox 2081 4167 3659 4243; baseline -0.004 -14"><span class='ocrx_word' id='word_1_650' title='bbox 2081 4189 2243 4243; x_wconf 86' lang='lat' dir='ltr'><strong>super</strong></span> <span class='ocrx_word' id='word_1_651' title='bbox 2261 4174 2572 4229; x_wconf 79' lang='lat' dir='ltr'><strong>excentrico</strong></span> <span class='ocrx_word' id='word_1_652' title='bbox 2599 4172 2807 4228; x_wconf 89' lang='lat' dir='ltr'><strong>circulo</strong></span> <span class='ocrx_word' id='word_1_653' title='bbox 2835 4179 3084 4227; x_wconf 87' lang='lat' dir='ltr'><strong>movetur</strong></span> <span class='ocrx_word' id='word_1_654' title='bbox 3110 4189 3124 4225; x_wconf 92' lang='lat'><strong>:</strong></span> <span class='ocrx_word' id='word_1_655' title='bbox 3158 4170 3299 4226; x_wconf 89' lang='lat' dir='ltr'><strong>sicut</strong></span> <span class='ocrx_word' id='word_1_656' title='bbox 3328 4168 3498 4239; x_wconf 88' lang='lat' dir='ltr'><strong>ﬁgura</strong></span> <span class='ocrx_word' id='word_1_657' title='bbox 3525 4167 3659 4223; x_wconf 90' lang='lat' dir='ltr'><strong>sub-</strong></span> 
     </span>
    </p>
   </div>
   <div class='ocr_carea' id='block_1_86' title="bbox 2090 4259 3652 4336">
    <p class='ocr_par' dir='ltr' id='par_1_86' title="bbox 2090 4259 3652 4336">
     <span class='ocr_line' id='line_1_86' title="bbox 2090 4259 3652 4336; baseline -0.007 -14"><span class='ocrx_word' id='word_1_658' title='bbox 2090 4266 2293 4336; x_wconf 87' lang='lat' dir='ltr'><strong>scripta</strong></span> <span class='ocrx_word' id='word_1_659' title='bbox 2324 4265 2584 4321; x_wconf 86' lang='lat' dir='ltr'><strong>ostendit.</strong></span> <span class='ocrx_word' id='word_1_660' title='bbox 2615 4264 2736 4319; x_wconf 93' lang='lat' dir='ltr'><strong>Non</strong></span> <span class='ocrx_word' id='word_1_661' title='bbox 2770 4264 2917 4319; x_wconf 85' lang='lat' dir='ltr'><strong>enim</strong></span> <span class='ocrx_word' id='word_1_662' title='bbox 2942 4263 3085 4318; x_wconf 86' lang='lat' dir='ltr'><strong>idem</strong></span> <span class='ocrx_word' id='word_1_663' title='bbox 3113 4271 3196 4317; x_wconf 90' lang='lat' dir='ltr'><strong>est</strong></span> <span class='ocrx_word' id='word_1_664' title='bbox 3225 4269 3471 4315; x_wconf 92' lang='lat' dir='ltr'><strong>centrum</strong></span> <span class='ocrx_word' id='word_1_665' title='bbox 3503 4259 3652 4313; x_wconf 85' lang='lat' dir='ltr'><strong>sola-</strong></span> 
     </span>
    </p>
   </div>
   <div class='ocr_carea' id='block_1_87' title="bbox 2080 4353 3652 4424">
    <p class='ocr_par' dir='ltr' id='par_1_87' title="bbox 2080 4353 3652 4424">
     <span class='ocr_line' id='line_1_87' title="bbox 2080 4353 3652 4424; baseline -0.006 -13"><span class='ocrx_word' id='word_1_666' title='bbox 2080 4357 2158 4411; x_wconf 86' lang='lat' dir='ltr'><strong>ris</strong></span> <span class='ocrx_word' id='word_1_667' title='bbox 2199 4355 2436 4424; x_wconf 90' lang='lat' dir='ltr'><strong>circuli,</strong></span> <span class='ocrx_word' id='word_1_668' title='bbox 2477 4362 2532 4411; x_wconf 90' lang='lat' dir='ltr'><strong>et</strong></span> <span class='ocrx_word' id='word_1_669' title='bbox 2579 4355 2825 4411; x_wconf 83' lang='lat' dir='ltr'><strong>zodiaci:</strong></span> <span class='ocrx_word' id='word_1_670' title='bbox 2857 4353 2953 4409; x_wconf 91' lang='lat' dir='ltr'><strong>sed</strong></span> <span class='ocrx_word' id='word_1_671' title='bbox 3002 4367 3194 4408; x_wconf 87' lang='lat' dir='ltr'><strong>versus</strong></span> <span class='ocrx_word' id='word_1_672' title='bbox 3243 4365 3406 4404; x_wconf 90' lang='lat' dir='ltr'><strong>unam</strong></span> <span class='ocrx_word' id='word_1_673' title='bbox 3443 4354 3652 4418; x_wconf 84' lang='lat' dir='ltr'><strong>partem</strong></span> 
     </span>
    </p>
   </div>
   <div class='ocr_carea' id='block_1_88' title="bbox 2081 4439 3673 4516">
    <p class='ocr_par' dir='ltr' id='par_1_88' title="bbox 2081 4439 3673 4516">
     <span class='ocr_line' id='line_1_88' title="bbox 2081 4439 3673 4516; baseline -0.006 -15"><span class='ocrx_word' id='word_1_674' title='bbox 2081 4445 2317 4501; x_wconf 89' lang='lat' dir='ltr'><strong>adducta</strong></span> <span class='ocrx_word' id='word_1_675' title='bbox 2351 4455 2436 4502; x_wconf 89' lang='lat' dir='ltr'><strong>est</strong></span> <span class='ocrx_word' id='word_1_676' title='bbox 2472 4447 2607 4502; x_wconf 87' lang='lat' dir='ltr'><strong>solis</strong></span> <span class='ocrx_word' id='word_1_677' title='bbox 2661 4446 2895 4516; x_wconf 85' lang='lat' dir='ltr'><strong>sphaera.</strong></span> <span class='ocrx_word' id='word_1_678' title='bbox 2939 4443 3170 4512; x_wconf 84' lang='lat' dir='ltr'><strong>Propter</strong></span> <span class='ocrx_word' id='word_1_679' title='bbox 3215 4441 3377 4496; x_wconf 89' lang='lat' dir='ltr'><strong>talem</strong></span> <span class='ocrx_word' id='word_1_680' title='bbox 3414 4439 3673 4510; x_wconf 86' lang='lat' dir='ltr'><strong>positum.</strong></span> 
     </span>
    </p>
   </div>
   <div class='ocr_carea' id='block_1_89' title="bbox 2083 4532 3655 4608">
    <p class='ocr_par' dir='ltr' id='par_1_89' title="bbox 2083 4532 3655 4608">
     <span class='ocr_line' id='line_1_89' title="bbox 2083 4532 3655 4608; baseline -0.004 -18"><span class='ocrx_word' id='word_1_681' title='bbox 2083 4536 2139 4590; x_wconf 91' lang='lat' dir='ltr'><strong>in</strong></span> <span class='ocrx_word' id='word_1_682' title='bbox 2170 4546 2410 4607; x_wconf 85' lang='lat' dir='ltr'><strong>quatuor</strong></span> <span class='ocrx_word' id='word_1_683' title='bbox 2440 4544 2623 4608; x_wconf 91' lang='lat' dir='ltr'><strong>partes</strong></span> <span class='ocrx_word' id='word_1_684' title='bbox 2663 4536 2958 4607; x_wconf 60' lang='lat' dir='ltr'><strong>inaequales</strong></span> <span class='ocrx_word' id='word_1_685' title='bbox 2996 4533 3260 4589; x_wconf 86' lang='lat' dir='ltr'><strong>dividitur</strong></span> <span class='ocrx_word' id='word_1_686' title='bbox 3305 4532 3501 4587; x_wconf 92' lang='lat' dir='ltr'><strong>solaris</strong></span> <span class='ocrx_word' id='word_1_687' title='bbox 3529 4546 3655 4584; x_wconf 83' lang='lat' dir='ltr'><strong>cur-</strong></span> 
     </span>
    </p>
   </div>
   <div class='ocr_carea' id='block_1_90' title="bbox 382 4623 1974 4699">
    <p class='ocr_par' dir='ltr' id='par_1_90' title="bbox 382 4625 1974 4699">
     <span class='ocr_line' id='line_1_90' title="bbox 382 4625 1974 4699; baseline -0.001 -17"><span class='ocrx_word' id='word_1_688' title='bbox 382 4629 418 4682; x_wconf 84' lang='lat'><strong>6</strong></span> <span class='ocrx_word' id='word_1_689' title='bbox 443 4625 676 4698; x_wconf 80' lang='grc' dir='ltr'>ήλιακὸς</span> <span class='ocrx_word' id='word_1_690' title='bbox 700 4625 930 4697; x_wconf 84' lang='grc' dir='ltr'>δρόμος’</span> <span class='ocrx_word' id='word_1_691' title='bbox 976 4627 1072 4681; x_wconf 72' lang='grc' dir='ltr'><strong>καὶ</strong></span> <span class='ocrx_word' id='word_1_692' title='bbox 1109 4627 1318 4695; x_wconf 87' lang='grc' dir='ltr'>γίνεται</span> <span class='ocrx_word' id='word_1_693' title='bbox 1359 4627 1590 4698; x_wconf 84' lang='grc' dir='ltr'>μεγίστη</span> <span class='ocrx_word' id='word_1_694' title='bbox 1623 4627 1720 4698; x_wconf 87' lang='grc' dir='ltr'>μὲν</span> <span class='ocrx_word' id='word_1_695' title='bbox 1752 4627 1974 4699; x_wconf 87' lang='grc' dir='ltr'>περιφέ-</span> 
     </span>
    </p>
   </div>
   <div class='ocr_carea' id='block_1_91' title="bbox 2080 4623 3655 4699">
    <p class='ocr_par' dir='ltr' id='par_1_91' title="bbox 2089 4623 3655 4696">
     <span class='ocr_line' id='line_1_91' title="bbox 2089 4623 3655 4696; baseline -0.004 -14"><span class='ocrx_word' id='word_1_696' title='bbox 2089 4645 2185 4685; x_wconf 92' lang='lat' dir='ltr'><strong>sus</strong></span> <span class='ocrx_word' id='word_1_697' title='bbox 2219 4648 2233 4684; x_wconf 90' lang='lat'><strong>:</strong></span> <span class='ocrx_word' id='word_1_698' title='bbox 2275 4639 2329 4685; x_wconf 91' lang='lat' dir='ltr'><strong>et</strong></span> <span class='ocrx_word' id='word_1_699' title='bbox 2359 4629 2416 4683; x_wconf 92' lang='lat' dir='ltr'><strong>ﬁt</strong></span> <span class='ocrx_word' id='word_1_700' title='bbox 2437 4631 2709 4685; x_wconf 80' lang='lat' dir='ltr'><strong>maximus</strong></span> <span class='ocrx_word' id='word_1_701' title='bbox 2737 4643 2921 4692; x_wconf 91' lang='lat' dir='ltr'><strong>arcus,</strong></span> <span class='ocrx_word' id='word_1_702' title='bbox 2956 4625 3052 4696; x_wconf 89' lang='lat' dir='ltr'><strong>qui</strong></span> <span class='ocrx_word' id='word_1_703' title='bbox 3073 4624 3218 4679; x_wconf 89' lang='lat' dir='ltr'><strong>cadit</strong></span> <span class='ocrx_word' id='word_1_704' title='bbox 3249 4623 3350 4680; x_wconf 90' lang='lat' dir='ltr'><strong>sub</strong></span> <span class='ocrx_word' id='word_1_705' title='bbox 3381 4623 3655 4694; x_wconf 86' lang='lat' dir='ltr'><strong>quadran-</strong></span> 
     </span>
    </p>
   </div>
   <div class='ocr_carea' id='block_1_92' title="bbox 384 4717 1976 4793">
    <p class='ocr_par' dir='ltr' id='par_1_92' title="bbox 384 4717 1976 4793">
     <span class='ocr_line' id='line_1_92' title="bbox 384 4717 1976 4793; baseline -0.001 -20"><span class='ocrx_word' id='word_1_706' title='bbox 384 4735 527 4793; x_wconf 86' lang='grc' dir='ltr'>ρεια</span> <span class='ocrx_word' id='word_1_707' title='bbox 554 4719 588 4788; x_wconf 79' lang='grc' dir='ltr'><strong>ἡ</strong></span> <span class='ocrx_word' id='word_1_708' title='bbox 617 4718 1040 4771; x_wconf 84' lang='grc' dir='ltr'>ύποπεπτωκυῖα</span> <span class='ocrx_word' id='word_1_709' title='bbox 1089 4717 1194 4771; x_wconf 80' lang='grc' dir='ltr'>ὑπὸ</span> <span class='ocrx_word' id='word_1_710' title='bbox 1219 4717 1281 4771; x_wconf 81' lang='grc' dir='ltr'><strong>τὸ</strong></span> <span class='ocrx_word' id='word_1_711' title='bbox 1324 4717 1419 4771; x_wconf 90' lang='grc' dir='ltr'><strong>τοῦ</strong></span> <span class='ocrx_word' id='word_1_712' title='bbox 1465 4717 1730 4782; x_wconf 81' lang='grc' dir='ltr'>ζωδιακοῦ</span> <span class='ocrx_word' id='word_1_713' title='bbox 1774 4718 1976 4772; x_wconf 89' lang='grc' dir='ltr'>κύκλου</span> 
     </span>
    </p>
   </div>
   <div class='ocr_carea' id='block_1_93' title="bbox 379 4808 1975 4883">
    <p class='ocr_par' dir='ltr' id='par_1_93' title="bbox 379 4808 1975 4883">
     <span class='ocr_line' id='line_1_93' title="bbox 379 4808 1975 4883; baseline -0.001 -18"><span class='ocrx_word' id='word_1_714' title='bbox 379 4808 854 4880; x_wconf 85' lang='grc' dir='ltr'>τεταρτημόριον,</span> <span class='ocrx_word' id='word_1_715' title='bbox 902 4809 965 4860; x_wconf 89' lang='grc' dir='ltr'><strong>τὸ</strong></span> <span class='ocrx_word' id='word_1_716' title='bbox 1010 4809 1122 4862; x_wconf 85' lang='grc' dir='ltr'>ἀπὸ</span> <span class='ocrx_word' id='word_1_717' title='bbox 1163 4808 1258 4862; x_wconf 84' lang='grc' dir='ltr'><strong>τοῦ</strong></span> <span class='ocrx_word' id='word_1_718' title='bbox 1302 4809 1476 4879; x_wconf 80' lang='grc' dir='ltr'>Κριοῦ</span> <span class='ocrx_word' id='word_1_719' title='bbox 1507 4815 1556 4863; x_wconf 79' lang='grc' dir='ltr'><strong>α’</strong></span> <span class='ocrx_word' id='word_1_720' title='bbox 1591 4810 1786 4881; x_wconf 90' lang='grc' dir='ltr'>μοίρας</span> <span class='ocrx_word' id='word_1_721' title='bbox 1815 4811 1975 4883; x_wconf 88' lang='grc' dir='ltr'>μέχρι</span> 
     </span>
    </p>
   </div>
   <div class='ocr_carea' id='block_1_94' title="bbox 380 4897 1976 4972">
    <p class='ocr_par' dir='ltr' id='par_1_94' title="bbox 380 4897 1976 4972">
     <span class='ocr_line' id='line_1_94' title="bbox 380 4897 1976 4972; baseline -0.001 -16"><span class='ocrx_word' id='word_1_722' title='bbox 380 4899 650 4970; x_wconf 88' lang='grc' dir='ltr'>Διδύμων</span> <span class='ocrx_word' id='word_1_723' title='bbox 673 4898 737 4961; x_wconf 84' lang='grc' dir='ltr'>λ’,</span> <span class='ocrx_word' id='word_1_724' title='bbox 756 4897 1011 4969; x_wconf 77' lang='grc' dir='ltr'>ἐλαχίστη</span> <span class='ocrx_word' id='word_1_725' title='bbox 1035 4898 1091 4951; x_wconf 80' lang='grc' dir='ltr'>δὲ</span> <span class='ocrx_word' id='word_1_726' title='bbox 1121 4900 1495 4972; x_wconf 72' lang='grc' dir='ltr'>περιφέρεια-ὴ</span> <span class='ocrx_word' id='word_1_727' title='bbox 1527 4903 1754 4972; x_wconf 89' lang='grc' dir='ltr'>κειμένη</span> <span class='ocrx_word' id='word_1_728' title='bbox 1783 4902 1888 4954; x_wconf 83' lang='grc' dir='ltr'><strong>ὑπὸ</strong></span> <span class='ocrx_word' id='word_1_729' title='bbox 1914 4901 1976 4954; x_wconf 90' lang='grc' dir='ltr'><strong>τὸ</strong></span> 
     </span>
    </p>
   </div>
   <div class='ocr_carea' id='block_1_95' title="bbox 379 4988 1974 5065">
    <p class='ocr_par' dir='ltr' id='par_1_95' title="bbox 379 4988 1974 5065">
     <span class='ocr_line' id='line_1_95' title="bbox 379 4988 1974 5065; baseline 0 -17"><span class='ocrx_word' id='word_1_730' title='bbox 379 4989 829 5063; x_wconf 84' lang='grc' dir='ltr'>τεταρτημόριον</span> <span class='ocrx_word' id='word_1_731' title='bbox 847 4988 908 5042; x_wconf 81' lang='grc' dir='ltr'><strong>τὸ</strong></span> <span class='ocrx_word' id='word_1_732' title='bbox 925 4989 1032 5043; x_wconf 82' lang='grc' dir='ltr'>ἀπὸ</span> <span class='ocrx_word' id='word_1_733' title='bbox 1043 4989 1214 5059; x_wconf 86' lang='grc' dir='ltr'>Ζυγοῦ</span> <span class='ocrx_word' id='word_1_734' title='bbox 1240 4990 1288 5045; x_wconf 85' lang='grc' dir='ltr'><strong>α’</strong></span> <span class='ocrx_word' id='word_1_735' title='bbox 1316 4993 1529 5064; x_wconf 85' lang='grc' dir='ltr'>μοίρας,</span> <span class='ocrx_word' id='word_1_736' title='bbox 1557 4994 1719 5065; x_wconf 89' lang='grc' dir='ltr'>μέχρι</span> <span class='ocrx_word' id='word_1_737' title='bbox 1738 4993 1974 5060; x_wconf 85' lang='grc' dir='ltr'>Τοξότου</span> 
     </span>
    </p>
   </div>
   <div class='ocr_carea' id='block_1_96' title="bbox 386 5082 690 5157">
    <p class='ocr_par' dir='ltr' id='par_1_96' title="bbox 386 5082 690 5157">
     <span class='ocr_line' id='line_1_96' title="bbox 386 5082 690 5157; baseline -0.003 -21"><span class='ocrx_word' id='word_1_738' title='bbox 386 5083 602 5157; x_wconf 80' lang='grc' dir='ltr'>μοίρας</span> <span class='ocrx_word' id='word_1_739' title='bbox 623 5082 690 5136; x_wconf 87' lang='grc' dir='ltr'><strong>λ’.</strong></span> 
     </span>
    </p>
   </div>
   <div class='ocr_carea' id='block_1_97' title="bbox 477 5235 1840 5311">
    <p class='ocr_par' dir='ltr' id='par_1_97' title="bbox 477 5235 1840 5311">
     <span class='ocr_line' id='line_1_97' title="bbox 477 5235 1840 5311; baseline 0.002 -20"><span class='ocrx_word' id='word_1_740' title='bbox 477 5236 528 5268; x_wconf 83' lang='grc'><strong>¹⁶</strong></span> <span class='ocrx_word' id='word_1_741' title='bbox 549 5254 638 5307; x_wconf 77' lang='grc' dir='ltr'><strong>γρ.</strong></span> <span class='ocrx_word' id='word_1_742' title='bbox 679 5238 987 5311; x_wconf 84' lang='grc' dir='ltr'>φερόμενοι.</span> <span class='ocrx_word' id='word_1_743' title='bbox 1067 5238 1108 5268; x_wconf 83' lang='grc'>²¹</span> <span class='ocrx_word' id='word_1_744' title='bbox 1143 5253 1233 5305; x_wconf 80' lang='grc' dir='ltr'><strong>γρ.</strong></span> <span class='ocrx_word' id='word_1_745' title='bbox 1262 5235 1374 5291; x_wconf 77' lang='grc' dir='ltr'>ἐπί.</span> <span class='ocrx_word' id='word_1_746' title='bbox 1452 5237 1496 5269; x_wconf 78' lang='grc'><strong>⁸³</strong></span> <span class='ocrx_word' id='word_1_747' title='bbox 1519 5255 1607 5308; x_wconf 67' lang='grc' dir='ltr'><strong>π).</strong></span> <span class='ocrx_word' id='word_1_748' title='bbox 1639 5239 1736 5308; x_wconf 81' lang='grc' dir='ltr'>ὑφ’</span> <span class='ocrx_word' id='word_1_749' title='bbox 1759 5239 1840 5296; x_wconf 80' lang='lat' dir='ltr'><strong>tv.</strong></span> 
     </span>
    </p>
   </div>
   <div class='ocr_carea' id='block_1_98' title="bbox 457 5413 1970 5489">
    <p class='ocr_par' dir='ltr' id='par_1_98' title="bbox 457 5413 1970 5489">
     <span class='ocr_line' id='line_1_98' title="bbox 457 5413 1970 5489; baseline -0.001 -16"><span class='ocrx_word' id='word_1_750' title='bbox 457 5416 552 5489; x_wconf 85' lang='lat'><strong>(7)</strong></span> <span class='ocrx_word' id='word_1_751' title='bbox 595 5418 744 5473; x_wconf 82' lang='grc' dir='ltr'><strong>’Υπὸ</strong></span> <span class='ocrx_word' id='word_1_752' title='bbox 793 5418 863 5473; x_wconf 79' lang='grc' dir='ltr'>δὲ</span> <span class='ocrx_word' id='word_1_753' title='bbox 895 5418 1015 5489; x_wconf 53' lang='lat' dir='ltr'><strong>thr:</strong></span> <span class='ocrx_word' id='word_1_754' title='bbox 1049 5417 1185 5489; x_wconf 41' lang='lat' dir='ltr'><strong>tritae</strong></span> <span class='ocrx_word' id='word_1_755' title='bbox 1209 5413 1512 5472; x_wconf 76' lang='grc' dir='ltr'><strong>ἀπλανῶν.</strong></span> <span class='ocrx_word' id='word_1_756' title='bbox 1564 5415 1687 5489; x_wconf 72' lang='lat' dir='ltr'><strong>Haec</strong></span> <span class='ocrx_word' id='word_1_757' title='bbox 1722 5419 1970 5489; x_wconf 58' lang='lat' dir='ltr'><strong>plgneta»</strong></span> 
     </span>
    </p>
   </div>
   <div class='ocr_carea' id='block_1_99' title="bbox 369 5487 1968 5559">
    <p class='ocr_par' dir='ltr' id='par_1_99' title="bbox 369 5487 1968 5559">
     <span class='ocr_line' id='line_1_99' title="bbox 369 5487 1968 5559; baseline -0.001 -16"><span class='ocrx_word' id='word_1_758' title='bbox 369 5487 539 5559; x_wconf 29' lang='lat' dir='ltr'><strong>turni</strong></span> <span class='ocrx_word' id='word_1_759' title='bbox 563 5491 826 5544; x_wconf 89' lang='lat' dir='ltr'><strong>vocabula</strong></span> <span class='ocrx_word' id='word_1_760' title='bbox 855 5490 923 5543; x_wconf 92' lang='lat' dir='ltr'><strong>ab</strong></span> <span class='ocrx_word' id='word_1_761' title='bbox 953 5487 1223 5559; x_wconf 63' lang='lat' dir='ltr'><strong>Egyptiis</strong></span> <span class='ocrx_word' id='word_1_762' title='bbox 1261 5502 1516 5544; x_wconf 88' lang='lat' dir='ltr'><strong>manasse</strong></span> <span class='ocrx_word' id='word_1_763' title='bbox 1548 5488 1740 5543; x_wconf 90' lang='lat' dir='ltr'><strong>scribit</strong></span> <span class='ocrx_word' id='word_1_764' title='bbox 1769 5487 1968 5559; x_wconf 77' lang='lat' dir='ltr'><strong>Firmi-</strong></span> 
     </span>
    </p>
   </div>
   <div class='ocr_carea' id='block_1_100' title="bbox 369 5557 1965 5629">
    <p class='ocr_par' dir='ltr' id='par_1_100' title="bbox 369 5557 1965 5629">
     <span class='ocr_line' id='line_1_100' title="bbox 369 5557 1965 5629; baseline -0.002 -13"><span class='ocrx_word' id='word_1_765' title='bbox 369 5575 488 5616; x_wconf 79' lang='lat' dir='ltr'><strong>eus</strong></span> <span class='ocrx_word' id='word_1_766' title='bbox 516 5558 622 5614; x_wconf 91' lang='lat' dir='ltr'><strong>lib.</strong></span> <span class='ocrx_word' id='word_1_767' title='bbox 658 5573 720 5623; x_wconf 89' lang='lat' dir='ltr'><strong>ll,</strong></span> <span class='ocrx_word' id='word_1_768' title='bbox 751 5575 869 5629; x_wconf 89' lang='lat' dir='ltr'><strong>cap.</strong></span> <span class='ocrx_word' id='word_1_769' title='bbox 907 5559 962 5613; x_wconf 77' lang='lat'><strong>2.</strong></span> <span class='ocrx_word' id='word_1_770' title='bbox 997 5557 1251 5613; x_wconf 81' lang='lat' dir='ltr'><strong>Mercurii</strong></span> <span class='ocrx_word' id='word_1_771' title='bbox 1285 5573 1484 5629; x_wconf 60' lang='lat' dir='ltr'><strong>nomen</strong></span> <span class='ocrx_word' id='word_1_772' title='bbox 1512 5557 1894 5629; x_wconf 81' lang='lat' dir='ltr'><strong>omissum__bic</strong></span> <span class='ocrx_word' id='word_1_773' title='bbox 1933 5573 1965 5612; x_wconf 88' lang='lat' dir='ltr'><strong>a</strong></span> 
     </span>
    </p>
   </div>
   <div class='ocr_carea' id='block_1_101' title="bbox 366 5627 1958 5698">
    <p class='ocr_par' dir='ltr' id='par_1_101' title="bbox 366 5627 1958 5698">
     <span class='ocr_line' id='line_1_101' title="bbox 366 5627 1958 5698; baseline -0.004 -10"><span class='ocrx_word' id='word_1_774' title='bbox 366 5629 657 5690; x_wconf 81' lang='lat' dir='ltr'><strong>Gemino,</strong></span> <span class='ocrx_word' id='word_1_775' title='bbox 688 5630 774 5684; x_wconf 89' lang='lat' dir='ltr'><strong>vel</strong></span> <span class='ocrx_word' id='word_1_776' title='bbox 811 5627 1035 5685; x_wconf 83' lang='lat' dir='ltr'><strong>librario</strong></span> <span class='ocrx_word' id='word_1_777' title='bbox 1080 5629 1283 5698; x_wconf 87' lang='lat' dir='ltr'><strong>potius.</strong></span> <span class='ocrx_word' id='word_1_778' title='bbox 1343 5628 1438 5683; x_wconf 84' lang='lat' dir='ltr'><strong>Est</strong></span> <span class='ocrx_word' id='word_1_779' title='bbox 1481 5634 1663 5682; x_wconf 86' lang='lat' dir='ltr'><strong>autem</strong></span> <span class='ocrx_word' id='word_1_780' title='bbox 1711 5627 1958 5682; x_wconf 77' lang='grc' dir='ltr'>στίλϐων.</span> 
     </span>
    </p>
   </div>
   <div class='ocr_carea' id='block_1_102' title="bbox 2087 4717 3654 4792">
    <p class='ocr_par' dir='ltr' id='par_1_102' title="bbox 2087 4717 3654 4792">
     <span class='ocr_line' id='line_1_102' title="bbox 2087 4717 3654 4792; baseline -0.003 -18"><span class='ocrx_word' id='word_1_781' title='bbox 2087 4729 2192 4775; x_wconf 85' lang='lat' dir='ltr'><strong>tem</strong></span> <span class='ocrx_word' id='word_1_782' title='bbox 2223 4720 2433 4775; x_wconf 90' lang='lat' dir='ltr'><strong>zodiaci</strong></span> <span class='ocrx_word' id='word_1_783' title='bbox 2473 4736 2598 4776; x_wconf 89' lang='lat' dir='ltr'><strong>eum</strong></span> <span class='ocrx_word' id='word_1_784' title='bbox 2622 4760 2638 4786; x_wconf 89' lang='lat'><strong>,</strong></span> <span class='ocrx_word' id='word_1_785' title='bbox 2687 4721 2780 4792; x_wconf 91' lang='lat' dir='ltr'><strong>qui</strong></span> <span class='ocrx_word' id='word_1_786' title='bbox 2814 4727 2897 4776; x_wconf 89' lang='lat' dir='ltr'><strong>est</strong></span> <span class='ocrx_word' id='word_1_787' title='bbox 2934 4719 3002 4773; x_wconf 87' lang='lat' dir='ltr'><strong>ab</strong></span> <span class='ocrx_word' id='word_1_788' title='bbox 3030 4717 3229 4773; x_wconf 87' lang='lat' dir='ltr'><strong>Arietis</strong></span> <span class='ocrx_word' id='word_1_789' title='bbox 3278 4717 3456 4788; x_wconf 88' lang='lat' dir='ltr'><strong>primo</strong></span> <span class='ocrx_word' id='word_1_790' title='bbox 3482 4717 3654 4789; x_wconf 82' lang='lat' dir='ltr'><strong>gradu</strong></span> 
     </span>
    </p>
   </div>
   <div class='ocr_carea' id='block_1_103' title="bbox 2087 4807 3657 4883">
    <p class='ocr_par' dir='ltr' id='par_1_103' title="bbox 2087 4807 3657 4883">
     <span class='ocr_line' id='line_1_103' title="bbox 2087 4807 3657 4883; baseline -0.004 -16"><span class='ocrx_word' id='word_1_791' title='bbox 2087 4826 2260 4881; x_wconf 84' lang='lat' dir='ltr'><strong>usque</strong></span> <span class='ocrx_word' id='word_1_792' title='bbox 2293 4811 2362 4865; x_wconf 91' lang='lat' dir='ltr'><strong>ad</strong></span> <span class='ocrx_word' id='word_1_793' title='bbox 2399 4812 2751 4868; x_wconf 87' lang='lat' dir='ltr'><strong>Geminorum</strong></span> <span class='ocrx_word' id='word_1_794' title='bbox 2789 4811 3018 4883; x_wconf 87' lang='lat' dir='ltr'><strong>gradum</strong></span> <span class='ocrx_word' id='word_1_795' title='bbox 3059 4808 3396 4878; x_wconf 84' lang='lat' dir='ltr'><strong>tricesimum</strong></span> <span class='ocrx_word' id='word_1_796' title='bbox 3429 4827 3444 4863; x_wconf 91' lang='lat'><strong>:</strong></span> <span class='ocrx_word' id='word_1_797' title='bbox 3493 4807 3657 4862; x_wconf 91' lang='lat' dir='ltr'><strong>mini-</strong></span> 
     </span>
    </p>
   </div>
   <div class='ocr_carea' id='block_1_104' title="bbox 2085 4895 3654 4975">
    <p class='ocr_par' dir='ltr' id='par_1_104' title="bbox 2085 4895 3654 4975">
     <span class='ocr_line' id='line_1_104' title="bbox 2085 4895 3654 4975; baseline -0.004 -19"><span class='ocrx_word' id='word_1_798' title='bbox 2085 4917 2209 4958; x_wconf 90' lang='lat' dir='ltr'><strong>mus</strong></span> <span class='ocrx_word' id='word_1_799' title='bbox 2237 4917 2366 4958; x_wconf 87' lang='lat' dir='ltr'><strong>vero</strong></span> <span class='ocrx_word' id='word_1_800' title='bbox 2405 4918 2587 4968; x_wconf 84' lang='lat' dir='ltr'><strong>arcus,</strong></span> <span class='ocrx_word' id='word_1_801' title='bbox 2617 4903 2712 4975; x_wconf 90' lang='lat' dir='ltr'><strong>qui</strong></span> <span class='ocrx_word' id='word_1_802' title='bbox 2762 4903 2972 4974; x_wconf 89' lang='lat' dir='ltr'><strong>positus</strong></span> <span class='ocrx_word' id='word_1_803' title='bbox 3032 4908 3117 4956; x_wconf 90' lang='lat' dir='ltr'><strong>est</strong></span> <span class='ocrx_word' id='word_1_804' title='bbox 3173 4899 3274 4954; x_wconf 90' lang='lat' dir='ltr'><strong>sub</strong></span> <span class='ocrx_word' id='word_1_805' title='bbox 3328 4913 3392 4954; x_wconf 89' lang='lat' dir='ltr'><strong>eo</strong></span> <span class='ocrx_word' id='word_1_806' title='bbox 3447 4895 3654 4952; x_wconf 80' lang='lat' dir='ltr'><strong>zodiaci</strong></span> 
     </span>
    </p>
   </div>
   <div class='ocr_carea' id='block_1_105' title="bbox 2087 4989 3670 5068">
    <p class='ocr_par' dir='ltr' id='par_1_105' title="bbox 2087 4989 3670 5068">
     <span class='ocr_line' id='line_1_105' title="bbox 2087 4989 3670 5068; baseline -0.003 -17"><span class='ocrx_word' id='word_1_807' title='bbox 2087 4995 2420 5066; x_wconf 87' lang='lat' dir='ltr'><strong>quadrante,</strong></span> <span class='ocrx_word' id='word_1_808' title='bbox 2449 4997 2540 5067; x_wconf 92' lang='lat' dir='ltr'><strong>qui</strong></span> <span class='ocrx_word' id='word_1_809' title='bbox 2571 5007 2656 5053; x_wconf 89' lang='lat' dir='ltr'><strong>est</strong></span> <span class='ocrx_word' id='word_1_810' title='bbox 2684 5012 2714 5052; x_wconf 93' lang='lat' dir='ltr'><strong>a</strong></span> <span class='ocrx_word' id='word_1_811' title='bbox 2741 4999 2918 5068; x_wconf 90' lang='lat' dir='ltr'><strong>primo</strong></span> <span class='ocrx_word' id='word_1_812' title='bbox 2951 4995 3120 5067; x_wconf 85' lang='lat' dir='ltr'><strong>gradu</strong></span> <span class='ocrx_word' id='word_1_813' title='bbox 3154 4991 3351 5058; x_wconf 79' lang='lat' dir='ltr'><strong>Librae,</strong></span> <span class='ocrx_word' id='word_1_814' title='bbox 3383 5005 3554 5061; x_wconf 89' lang='lat' dir='ltr'><strong>usque</strong></span> <span class='ocrx_word' id='word_1_815' title='bbox 3585 4989 3670 5047; x_wconf 84' lang='lat' dir='ltr'><strong>ad.</strong></span> 
     </span>
    </p>
   </div>
   <div class='ocr_carea' id='block_1_106' title="bbox 2089 5087 3021 5160">
    <p class='ocr_par' dir='ltr' id='par_1_106' title="bbox 2089 5087 3021 5160">
     <span class='ocr_line' id='line_1_106' title="bbox 2089 5087 3021 5160; baseline 0.001 -18"><span class='ocrx_word' id='word_1_816' title='bbox 2089 5088 2426 5143; x_wconf 85' lang='lat' dir='ltr'><strong>tricesimum</strong></span> <span class='ocrx_word' id='word_1_817' title='bbox 2460 5087 2687 5159; x_wconf 84' lang='lat' dir='ltr'><strong>gradum</strong></span> <span class='ocrx_word' id='word_1_818' title='bbox 2719 5087 3021 5160; x_wconf 88' lang='lat' dir='ltr'><strong>Sagittarii.</strong></span> 
     </span>
    </p>
   </div>
   <div class='ocr_carea' id='block_1_107' title="bbox 2080 5415 3654 5489">
    <p class='ocr_par' dir='ltr' id='par_1_107' title="bbox 2080 5415 3654 5489">
     <span class='ocr_line' id='line_1_107' title="bbox 2080 5415 3654 5489; baseline -0.001 -19"><span class='ocrx_word' id='word_1_819' title='bbox 2080 5417 2325 5489; x_wconf 85' lang='grc' dir='ltr'>γομένων</span> <span class='ocrx_word' id='word_1_820' title='bbox 2371 5418 2627 5473; x_wconf 87' lang='grc' dir='ltr'>ἀπλανῶν</span> <span class='ocrx_word' id='word_1_821' title='bbox 2676 5419 2773 5489; x_wconf 86' lang='grc' dir='ltr'><strong>μία</strong></span> <span class='ocrx_word' id='word_1_822' title='bbox 2825 5418 2933 5471; x_wconf 89' lang='grc' dir='ltr'><strong>τῶν</strong></span> <span class='ocrx_word' id='word_1_823' title='bbox 2972 5423 3023 5489; x_wconf 75' lang='grc' dir='ltr'>η’</span> <span class='ocrx_word' id='word_1_824' title='bbox 3075 5417 3174 5486; x_wconf 79' lang='grc' dir='ltr'>τὴν</span> <span class='ocrx_word' id='word_1_825' title='bbox 3224 5417 3343 5489; x_wconf 29' lang='grc' dir='ltr'>ἀπὸ.</span> <span class='ocrx_word' id='word_1_826' title='bbox 3365 5416 3471 5489; x_wconf 88' lang='grc' dir='ltr'><strong>τῶν</strong></span> <span class='ocrx_word' id='word_1_827' title='bbox 3505 5415 3654 5489; x_wconf 74' lang='grc' dir='ltr'>ἑῴων</span> 
     </span>
    </p>
   </div>
   <div class='ocr_carea' id='block_1_108' title="bbox 2076 5487 3653 5562">
    <p class='ocr_par' dir='ltr' id='par_1_108' title="bbox 2076 5487 3653 5562">
     <span class='ocr_line' id='line_1_108' title="bbox 2076 5487 3653 5562; baseline 0.001 -22"><span class='ocrx_word' id='word_1_828' title='bbox 2076 5491 2167 5562; x_wconf 76' lang='grc' dir='ltr'><strong>ἐπὶ</strong></span> <span class='ocrx_word' id='word_1_829' title='bbox 2198 5488 2267 5562; x_wconf 76' lang='grc' dir='ltr'>τὸι</span> <span class='ocrx_word' id='word_1_830' title='bbox 2288 5491 2520 5562; x_wconf 75' lang='grc' dir='ltr'>ἑσπέρια</span> <span class='ocrx_word' id='word_1_831' title='bbox 2548 5487 2769 5562; x_wconf 69' lang='grc' dir='ltr'>εἱλεῖται</span> <span class='ocrx_word' id='word_1_832' title='bbox 2802 5487 3075 5562; x_wconf 73' lang='grc' dir='ltr'>περίοδον,</span> <span class='ocrx_word' id='word_1_833' title='bbox 3100 5502 3224 5540; x_wconf 90' lang='lat' dir='ltr'><strong>nam</strong></span> <span class='ocrx_word' id='word_1_834' title='bbox 3259 5487 3428 5562; x_wconf 72' lang='lat' dir='ltr'><strong>vulgo</strong></span> <span class='ocrx_word' id='word_1_835' title='bbox 3458 5487 3653 5555; x_wconf 75' lang='lat' dir='ltr'><strong>legitur</strong></span> 
     </span>
    </p>
   </div>
   <div class='ocr_carea' id='block_1_109' title="bbox 2077 5557 3650 5634">
    <p class='ocr_par' dir='ltr' id='par_1_109' title="bbox 2077 5557 3650 5634">
     <span class='ocr_line' id='line_1_109' title="bbox 2077 5557 3650 5634; baseline -0.001 -23"><span class='ocrx_word' id='word_1_836' title='bbox 2077 5559 2207 5629; x_wconf 89' lang='grc' dir='ltr'>μία,</span> <span class='ocrx_word' id='word_1_837' title='bbox 2241 5559 2276 5628; x_wconf 80' lang='grc' dir='ltr'>ἢ</span> <span class='ocrx_word' id='word_1_838' title='bbox 2299 5557 2559 5634; x_wconf 51' lang='grc' dir='ltr'><strong>τήνίθῐο,</strong></span> <span class='ocrx_word' id='word_1_839' title='bbox 2597 5558 2730 5634; x_wconf 73' lang='lat' dir='ltr'><strong>Octo</strong></span> <span class='ocrx_word' id='word_1_840' title='bbox 2759 5557 3242 5634; x_wconf 70' lang='lat' dir='ltr'><strong>quippe_spba3ras_</strong></span> <span class='ocrx_word' id='word_1_841' title='bbox 3267 5558 3476 5618; x_wconf 80' lang='lat' dir='ltr'><strong>statuit,</strong></span> <span class='ocrx_word' id='word_1_842' title='bbox 3510 5572 3650 5634; x_wconf 88' lang='lat' dir='ltr'><strong>qua-</strong></span> 
     </span>
    </p>
   </div>
   <div class='ocr_carea' id='block_1_110' title="bbox 2073 5628 3650 5702">
    <p class='ocr_par' dir='ltr' id='par_1_110' title="bbox 2073 5628 3650 5702">
     <span class='ocr_line' id='line_1_110' title="bbox 2073 5628 3650 5702; baseline 0 -20"><span class='ocrx_word' id='word_1_843' title='bbox 2073 5628 2195 5683; x_wconf 86' lang='lat' dir='ltr'><strong>rum</strong></span> <span class='ocrx_word' id='word_1_844' title='bbox 2229 5628 2363 5686; x_wconf 67' lang='lat' dir='ltr'><strong>una&#39;</strong></span> <span class='ocrx_word' id='word_1_845' title='bbox 2394 5639 2491 5687; x_wconf 88' lang='lat' dir='ltr'><strong>est.</strong></span> <span class='ocrx_word' id='word_1_846' title='bbox 2520 5646 2642 5702; x_wconf 73' lang='lat' dir='ltr'><strong>quae</strong></span> <span class='ocrx_word' id='word_1_847' title='bbox 2673 5631 2807 5685; x_wconf 82' lang='lat' dir='ltr'><strong>ﬁxas</strong></span> <span class='ocrx_word' id='word_1_848' title='bbox 2837 5628 3102 5692; x_wconf 82' lang='lat' dir='ltr'><strong>continet,</strong></span> <span class='ocrx_word' id='word_1_849' title='bbox 3149 5628 3370 5698; x_wconf 85' lang='lat' dir='ltr'><strong>reliquae</strong></span> <span class='ocrx_word' id='word_1_850' title='bbox 3402 5633 3533 5682; x_wconf 89' lang='lat' dir='ltr'><strong>sunt</strong></span> <span class='ocrx_word' id='word_1_851' title='bbox 3563 5640 3650 5683; x_wconf 82' lang='lat' dir='ltr'><strong>se-</strong></span> 
     </span>
    </p>
   </div>
   <div class='ocr_carea' id='block_1_111' title="bbox 366 5698 2236 5771">
    <p class='ocr_par' dir='ltr' id='par_1_111' title="bbox 366 5698 2236 5771">
     <span class='ocr_line' id='line_1_111' title="bbox 366 5698 2236 5771; baseline -0.001 -15"><span class='ocrx_word' id='word_1_852' title='bbox 366 5701 458 5756; x_wconf 86' lang='lat' dir='ltr'><strong>De</strong></span> <span class='ocrx_word' id='word_1_853' title='bbox 491 5703 848 5771; x_wconf 80' lang='lat' dir='ltr'><strong>planetarum</strong></span> <span class='ocrx_word' id='word_1_854' title='bbox 875 5699 1135 5771; x_wconf 76' lang='lat' dir='ltr'><strong>motibus,</strong></span> <span class='ocrx_word' id='word_1_855' title='bbox 1150 5699 1276 5771; x_wconf 72' lang='lat' dir='ltr'><strong>sive</strong></span> <span class='ocrx_word' id='word_1_856' title='bbox 1295 5699 1651 5771; x_wconf 57' lang='lat' dir='ltr'><strong>sphaerarum,</strong></span> <span class='ocrx_word' id='word_1_857' title='bbox 1679 5698 1733 5771; x_wconf 86' lang='lat' dir='ltr'><strong>in</strong></span> <span class='ocrx_word' id='word_1_858' title='bbox 1761 5699 1960 5771; x_wconf 83' lang='lat' dir='ltr'><strong>quibus</strong></span> <span class='ocrx_word' id='word_1_859' title='bbox 2070 5707 2236 5771; x_wconf 74' lang='lat' dir='ltr'><strong>ptem.</strong></span> 
     </span>
    </p>
   </div>
   <div class='ocr_carea' id='block_1_112' title="bbox 363 5768 1956 5837">
    <p class='ocr_par' dir='ltr' id='par_1_112' title="bbox 363 5768 1956 5837">
     <span class='ocr_line' id='line_1_112' title="bbox 363 5768 1956 5837; baseline -0.003 -11"><span class='ocrx_word' id='word_1_860' title='bbox 363 5768 716 5837; x_wconf 78' lang='lat' dir='ltr'><strong>volvuntur,</strong></span> <span class='ocrx_word' id='word_1_861' title='bbox 747 5770 936 5826; x_wconf 88' lang='lat' dir='ltr'><strong>eadem</strong></span> <span class='ocrx_word' id='word_1_862' title='bbox 961 5769 1122 5823; x_wconf 88' lang='lat' dir='ltr'><strong>habet</strong></span> <span class='ocrx_word' id='word_1_863' title='bbox 1148 5769 1302 5824; x_wconf 89' lang='lat' dir='ltr'><strong>Philo</strong></span> <span class='ocrx_word' id='word_1_864' title='bbox 1327 5768 1392 5825; x_wconf 80' lang='lat' dir='ltr'><strong>in</strong></span> <span class='ocrx_word' id='word_1_865' title='bbox 1421 5770 1561 5826; x_wconf 88' lang='lat' dir='ltr'><strong>libro</strong></span> <span class='ocrx_word' id='word_1_866' title='bbox 1583 5769 1654 5824; x_wconf 82' lang='lat' dir='ltr'><strong>De</strong></span> <span class='ocrx_word' id='word_1_867' title='bbox 1673 5768 1956 5831; x_wconf 61' lang='lat' dir='ltr'><strong>cherubim,</strong></span> 
     </span>
    </p>
   </div>
   <div class='ocr_carea' id='block_1_113' title="bbox 2139 5764 3662 5840">
    <p class='ocr_par' dir='ltr' id='par_1_113' title="bbox 2139 5764 3662 5840">
     <span class='ocr_line' id='line_1_113' title="bbox 2139 5764 3662 5840; baseline -0.002 -18"><span class='ocrx_word' id='word_1_868' title='bbox 2139 5769 2216 5837; x_wconf 81' lang='lat'><strong>(8)</strong></span> <span class='ocrx_word' id='word_1_869' title='bbox 2274 5766 2485 5824; x_wconf 86' lang='lat' dir='ltr'><strong>Absunt</strong></span> <span class='ocrx_word' id='word_1_870' title='bbox 2544 5767 2658 5824; x_wconf 61' lang='lat' dir='ltr'><strong>haec</strong></span> <span class='ocrx_word' id='word_1_871' title='bbox 2709 5764 2776 5821; x_wconf 90' lang='lat' dir='ltr'><strong>de</strong></span> <span class='ocrx_word' id='word_1_872' title='bbox 2843 5765 3121 5823; x_wconf 85' lang='lat' dir='ltr'><strong>Mercurio</strong></span> <span class='ocrx_word' id='word_1_873' title='bbox 3189 5767 3258 5824; x_wconf 85' lang='lat' dir='ltr'><strong>ab</strong></span> <span class='ocrx_word' id='word_1_874' title='bbox 3315 5764 3528 5840; x_wconf 79' lang='lat' dir='ltr'><strong>Anglic.</strong></span> <span class='ocrx_word' id='word_1_875' title='bbox 3595 5773 3662 5823; x_wconf 86' lang='lat' dir='ltr'><strong>et</strong></span> 
     </span>
    </p>
   </div>
   <div class='ocr_carea' id='block_1_114' title="bbox 363 5838 2277 5922">
    <p class='ocr_par' dir='ltr' id='par_1_114' title="bbox 363 5838 2277 5922">
     <span class='ocr_line' id='line_1_114' title="bbox 363 5838 2277 5922; baseline -0.004 -25"><span class='ocrx_word' id='word_1_876' title='bbox 363 5842 500 5922; x_wconf 55' lang='lat' dir='ltr'><strong>sive</strong></span> <span class='ocrx_word' id='word_1_877' title='bbox 551 5839 706 5922; x_wconf 52' lang='lat' dir='ltr'><strong>Onam,</strong></span> <span class='ocrx_word' id='word_1_878' title='bbox 754 5839 912 5908; x_wconf 86' lang='lat' dir='ltr'><strong>cujus</strong></span> <span class='ocrx_word' id='word_1_879' title='bbox 957 5840 1120 5922; x_wconf 45' lang='lat' dir='ltr'><strong>verba</strong></span> <span class='ocrx_word' id='word_1_880' title='bbox 1154 5840 1684 5922; x_wconf 42' lang='lat' dir='ltr'><strong>.cor_rige&#39;nda_sunt,</strong></span> <span class='ocrx_word' id='word_1_881' title='bbox 1735 5838 1958 5922; x_wconf 24' lang='lat' dir='ltr'><strong>pagum</strong></span> <span class='ocrx_word' id='word_1_882' title='bbox 2069 5847 2277 5894; x_wconf 88' lang='lat' dir='ltr'><strong>nostro.</strong></span> 
     </span>
    </p>
   </div>
   <div class='ocr_carea' id='block_1_115' title="bbox 364 5906 1954 5981">
    <p class='ocr_par' dir='ltr' id='par_1_115' title="bbox 364 5906 1954 5981">
     <span class='ocr_line' id='line_1_115' title="bbox 364 5906 1954 5981; baseline -0.004 -14"><span class='ocrx_word' id='word_1_883' title='bbox 364 5911 520 5967; x_wconf 70' lang='lat' dir='ltr'><strong>edit.</strong></span> <span class='ocrx_word' id='word_1_884' title='bbox 569 5910 790 5978; x_wconf 65' lang='lat' dir='ltr'><strong>Graecae,</strong></span> <span class='ocrx_word' id='word_1_885' title='bbox 818 5906 932 5967; x_wconf 72' lang='lat' dir='ltr'><strong>ver.</strong></span> <span class='ocrx_word' id='word_1_886' title='bbox 958 5906 1098 5966; x_wconf 64' lang='lat' dir='ltr'>06W</span> <span class='ocrx_word' id='word_1_887' title='bbox 1144 5911 1176 5981; x_wconf 86' lang='grc' dir='ltr'><strong>ἡ</strong></span> <span class='ocrx_word' id='word_1_888' title='bbox 1214 5906 1425 5981; x_wconf 77' lang='grc' dir='ltr'>μὲνόὗν</span> <span class='ocrx_word' id='word_1_889' title='bbox 1466 5909 1717 5978; x_wconf 78' lang='grc' dir='ltr'>ἐξωτάτω</span> <span class='ocrx_word' id='word_1_890' title='bbox 1735 5906 1954 5965; x_wconf 50' lang='grc' dir='ltr'>τῶνιλε-</span> 
     </span>
    </p>
   </div>
  </div>
