4146 6484
517 509 622 568 735

587 601 908 684 Unde'cum
948 623 1032 678 sol
1077 637 1242 694 super
1275 623 1494 693 proprio
1547 621 1752 676 circulo
1803 621 2086 692 aequaliter
2111 641 2159 698 Α

510 725 818 781 moveatur,
852 716 994 771 idem
1027 715 1412 770 convenienter
1441 713 1732 784 inaequales
1791 729 1952 768 arcus
1995 715 2080 770 sui

510 809 704 865 circuli
719 807 1080 878 inaequalibus
1101 805 1434 876 temporibus
1463 805 1770 868 coniicit,ac
1787 805 2082 860 maximum

510 901 728 972 quidem
767 913 954 952 arcum
1005 897 1281 960 maximo,
1335 896 1620 950 minimum
1679 909 1808 950 vero
1855 895 2081 950 minimo

509 1003 756 1064 tempore
789 991 1006 1046 transit.
1037 991 1106 1043 At
1140 1003 1264 1044 cum
1291 987 1588 1042 maximum
1621 1001 1806 1040 arcum
1829 987 1914 1041 sui
1954 1001 2082 1056 pro-

511 1087 616 1155 prii
640 1083 828 1138 circuli
861 1091 1129 1152 peragrat,
1159 1089 1292 1134 tuuc
1319 1095 1443 1134 eum
1482 1077 1690 1132 zodiaci
1721 1077 2080 1148 quadrantem

511 1175 770 1238 coniicit,
821 1172 912 1242 qui
945 1179 1028 1226 est
1079 1169 1221 1224 inter
1268 1165 1656 1238 aequinoctium
1691 1179 1961 1228 vernum,
2023 1169 2080 1218 et

511 1265 809 1323 solstitium
839 1263 1130 1326 aestivum;
1177 1275 1302 1316 cum
1333 1273 1463 1314 vero
1513 1273 1607 1327 per
1645 1257 1932 1316 minimum
1983 1271 2075 1309 ar-

509 1375 632 1414 cum
658 1359 740 1413 sui
781 1357 986 1428 proprii
1015 1355 1208 1410 circuli
1245 1359 1515 1416 movetur,
1546 1359 1678 1404 tunc
1708 1363 1832 1404 eum
1865 1348 2076 1404 zodiaci

511 1451 868 1520 quadrantem
899 1451 1202 1520 percurrit,
1261 1444 1355 1514 qui
1401 1453 1484 1499 est
1515 1443 1656 1496 inter
1691 1442 2076 1512 aequinoctium

511 1540 822 1597 autumnale
849 1545 903 1594 et
927 1537 1222 1592 solstitium
1275 1534 1583 1589 hibernum.
1617 1531 1752 1587 Cum
1785 1533 1951 1602 igitur
1993 1533 2078 1585 in-

511 1633 743 1704 .equalcs
797 1645 960 1686 arcus
1005 1627 1200 1686 solaris
1245 1625 1436 1680 circuli
1472 1625 1578 1680 sub
1633 1623 1866 1693 aequales
1913 1637 2078 1678 arcus

512 1725 718 1782 zodiaci
741 1723 958 1786 cadant,
983 1733 1209 1776 necesse
1239 1725 1325 1773 est
1367 1717 1652 1786 inaequalia
1691 1714 1806 1770 ﬁeri
1829 1723 2076 1784 tempora

511 1823 649 1872 inter
673 1831 752 1880 se,
791 1829 914 1885 quae
953 1819 1082 1866 sunt
1121 1811 1262 1865 inter
1312 1806 1620 1864 solstitiaiia
1649 1815 1702 1862 et
1729 1805 2078 1884 aequinoctia-

510 1909 576 1964 tia
603 1917 841 1980 puncta:
893 1913 947 1961 et
977 1903 1276 1960 maximum
1304 1899 1524 1972 quidem
1575 1899 1661 1964 id,
1709 1899 1850 1970 quod
1881 1907 1966 1954 est
2007 1899 2074 1952 ab

1499 505 1591 560 AD
1627 503 1897 560 EUSEBII
1934 503 2330 564 CHRONICON
2369 505 2734 563 APPENDIX.

3656 502 3759 558 756

2258 625 2420 680 Ὅθεν
2447 625 2684 694 εὐλόγως
2724 627 2754 678 6
2801 623 2971 694 ἥλιος,
3007 619 3266 690 ἰσοταχῶς
3309 620 3626 690 κινούμενος
3665 621 3760 674 ἐπὶ

2181 717 2274 772 τοῦ
2305 717 2436 770 ἰδίου
2465 717 2687 780 κύκλου,
2715 715 2813 778 τὰς
2839 713 3055 776 ἀνίσους
3083 713 3438 784 περιφερείας
3461 713 3519 764 ἐν
3553 713 3762 780 ἀνίσοις

2183 811 2392 882 χρόνοις
2415 809 2686 882 διέρχεται
2709 827 2721 840 ·
2759 810 2852 864 καὶ
2871 809 2968 878 τὴν
2995 807 3091 878 μὲν
3125 807 3384 878 μεγίστην
3403 807 3460 858 ἐν
3493 805 3756 878 μεγίστῳ,

2179 901 2279 971 τὴν
2309 901 2366 954 δέ
2411 901 2698 972 ἐλαχίστην
2739 903 2797 954 ἐν
2843 899 3108 970 ἐλαχίστῳ
3131 898 3306 970 χρόνῳ
3353 895 3754 967 διαπορεύεται.

2195 991 2330 1044 Ἀλλ’
2360 995 2486 1046 ὅταν
2527 993 2624 1062 μὲν
2655 991 2752 1062 τὴν
2803 991 3062 1062 μεγίστην
3107 988 3460 1058 περιςρέρειαν
3515 987 3608 1040 ἐπὶ
3662 987 3756 1040 τοῦ

2185 1081 2314 1134 ἰδίου
2344 1081 2541 1134 κύκλου
2575 1081 2788 1153 διανύη,
2807 1081 2926 1133 τότε
2957 1077 3242 1151 παροδεύει
3275 1077 3336 1129 τὸ
3363 1077 3456 1130 τοῦ
3489 1075 3756 1140 ζωδιακοῦ

2178 1175 2604 1244 τεταρτημόριον
2627 1173 2687 1226 τδ
2717 1173 2824 1226 ἀπὸ
2861 1171 3150 1243 ἰσημερίας
3191 1169 3412 1240 ἐαρινῆς
3443 1169 3604 1240 μέχρι
3633 1185 3760 1239 τρο-

2179 1264 2290 1334 πῆς
2313 1265 2529 1336 θερινῆς
2547 1283 2560 1294 ·
2593 1267 2717 1318 ὅταν
2743 1264 2798 1316 δὲ
2827 1265 2924 1335 τὴν
2965 1261 3251 1332 ἐλαχίστην
3283 1263 3636 1331 περιφέρειαν
3663 1261 3758 1316 ἐπὶ

2175 1355 2270 1408 τοῦ
2305 1355 2434 1408 ἰδίου
2465 1355 2662 1408 κύκλου
2695 1353 2929 1424 κινῆται,
2959 1353 3080 1404 τότε
3117 1349 3404 1422 παροδεύει
3431 1349 3526 1402 τοῦ
3561 1349 3756 1414 ζωδια-

2179 1447 2275 1500 κοῦ
2301 1447 2362 1500 τὸ
2403 1447 2852 1516 τεταρτημόριον,
2895 1443 2956 1497 τὺ
2983 1445 3091 1498 ἀπὸ
3117 1443 3406 1514 ἰσημερίας
3429 1441 3756 1512 φθινοπωρι-

2177 1539 2274 1609 νῆς
2337 1539 2500 1609 μέχρι
2557 1539 2764 1608 τροπῆς
2813 1535 3148 1606 χειμερινῆς.
3233 1535 3386 1588 Ἐπεὶ
3423 1531 3516 1586 οὖν
3583 1533 3756 1588 ἄνισοι

2177 1630 2520 1701 περιφέρειαι
2579 1627 2672 1682 τοῦ
2738 1627 2962 1698 ἡλιακοῦ
3027 1626 3226 1680 κύκλου
3291 1625 3396 1680 ὑπὸ
3435 1627 3556 1690 ίσας
3603 1639 3756 1698 περι-

2177 1721 2397 1792 φερείας
2461 1719 2554 1774 τοῦ
2637 1718 2898 1784 ζωδιακοῦ
2975 1717 3174 1770 κύκλου
3249 1715 3706 1770 ὑποπεπτώκασιν
3737 1757 3754 1781 ,

2175 1813 2388 1884 ἀνάγκη
2427 1813 2642 1876 ἀνίσους
2679 1811 2926 1880 γίνεσθαι
2961 1813 3086 1874 τοὺς
3127 1811 3237 1864 ἀπὸ
3281 1809 3390 1863 τῶν
3413 1811 3630 1882 τροπῶν
3661 1811 3756 1880 μέ-

2175 1925 2266 1978 χρι
2333 1883 2442 1960 τῶν
2511 1905 2812 1976 ἰσημεριῶν
2861 1883 3274 1974 χρόνους·”καὶ
3335 1903 3590 1972 μέγιστον
3657 1903 3756 1973 μὲν

509 1997 870 2070 aequinoctiali
921 2003 1125 2068 puncto
1185 2007 1353 2048 verno
1420 2005 1597 2061 usque
1651 1990 1720 2044 ad
1791 1989 2076 2046 solstitiale

2177 2001 2264 2052 τὸν
2305 2000 2412 2052 ἀπὸ
2455 1999 2742 2069 ἰσημερίας
2783 1999 3002 2068 ἐαρινῆς
3047 1997 3205 2068 μέχρι
3251 1995 3460 2067 τροπῆς
3497 1995 3754 2066 θερινῆς,

507 2098 766 2162 punctum
798 2088 1045 2145 aestivum
1077 2105 1090 2141 :
1133 2085 1417 2140 minimum
1445 2097 1577 2138 vero
1613 2081 1688 2146 id,
1715 2081 1860 2152 quod
1895 2089 1980 2136 est
2007 2082 2076 2137 ab

507 2180 870 2252 .equinoctiali
909 2187 1112 2250 puncto
1145 2175 1450 2230 autumnali
1481 2189 1656 2244 usque
1689 2173 1754 2228 ad
1787 2173 2077 2230 solstitiale

507 2281 768 2344 punctum
795 2271 1102 2326 hibernum.
1139 2267 1233 2323 Sol
1261 2269 1426 2338 igitur
1457 2273 1724 2337 perpetuo
1747 2263 1803 2338 ἀ
1827 2275 2078 2320 movetur

507 2365 786 2436 aequaliter
832 2379 844 2414 :
907 2363 1000 2418 sed
1070 2371 1289 2432 propter
1351 2359 1814 2415 excentricitatem
1879 2359 2076 2414 solaris

507 2458 732 2528 Sphaarae
781 2453 1118 2524 temporibus
1175 2451 1536 2522 inaequalibus
1584 2450 1821 2520 aequales
1866 2449 2074 2503 zodiaci

505 2551 838 2622 quadrantes
865 2547 1104 2604 coniicit.
1139 2545 1368 2616 Propter
1389 2543 1634 2600 eamdem
1665 2557 1882 2596 causam
1911 2542 2076 2596 etiam

505 2643 732 2713 aequalia
764 2641 918 2712 signa
954 2641 1008 2694 in
1055 2638 1391 2709 temporibus
1431 2637 1788 2707 inaequalibus
1835 2637 1918 2692 sol
1951 2653 2076 2707 pcr-

501 2745 678 2807 agrat.
713 2733 770 2789 Si
799 2733 940 2788 enim
961 2733 1028 2788 ab
1049 2731 1486 2786 extremitatibus
1509 2729 2074 2784 dodecatemoriorum

501 2829 574 2884 ad
625 2835 870 2882 centrum
933 2825 1140 2878 zodiaci
1191 2833 1578 2878 connectamus
1620 2823 1794 2877 lineas
1845 2829 2072 2876 rectas:

501 2917 963 2992 quemadmodum
992 2915 1166 2987 ﬁgura
1201 2917 1509 2985 subscripta
1537 2913 1797 2975 ostendit.
1827 2915 1931 2970 crit
1961 2913 2076 2984 qui-

503 3014 626 3069 dem
658 3011 914 3066 zodiacus
940 3009 996 3064 in
1031 3009 1316 3090 duodecim
1349 3017 1531 3080 partes
1559 3009 1797 3077 aequales
1820 3007 2030 3062 divisus
2059 3025 2070 3060 :

501 3105 636 3161 solis
666 3119 796 3160 vero
821 3089 1308 3172 circulus'propter
1329 3101 1794 3156 excentricitatem
1839 3099 1896 3154 in
1937 3099 2068 3154 duo-

502 3197 678 3252 decim
695 3205 877 3267 partes
895 3194 1189 3264 inaequales
1215 3191 1425 3248 divisus
1449 3211 1462 3248 :
1489 3207 1552 3247 ac
1571 3191 1840 3248 maximus
1855 3191 2074 3261 quidem

497 3305 661 3345 arcus
689 3287 743 3342 in
771 3287 937 3344 solari
967 3285 1172 3341 circulo
1193 3285 1294 3339 erit
1315 3284 1424 3350 ille,
1447 3283 1540 3354 qui
1563 3291 1645 3339 est
1669 3284 1770 3339 sub
1791 3281 2030 3339 Geminis
2056 3301 2068 3338 :

499 3383 761 3444 minimus
797 3393 962 3449 vero,
1007 3378 1099 3451 qui
1149 3385 1232 3434 est
1263 3375 1366 3433 sub
1399 3374 1706 3448 Sagittario.

2177 2089 2458 2160 ἐλάχιστον
2536 2089 2594 2142 δέ
2657 2090 2748 2141 τὸν
2831 2087 2938 2141 ἀπὸ
2999 2087 3288 2158 ἰσημερίας
3355 2087 3756 2158 φθινοπωρινῆς

2181 2183 2342 2252 μέχρι
2373 2181 2580 2253 τροπῆς
2607 2181 2942 2250 χειμερινῆς.
2960 2180 3017 2231 Ὀ
3041 2179 3137 2249 μὲν
3159 2173 3252 2232 οὖν
3271 2177 3418 2248 ἥλιος
3443 2177 3530 2232 διὰ
3553 2179 3756 2244 παντὸς

2180 2273 2442 2343 ἰσοταχῶς
2493 2277 2744 2326 κινεῖται.
2803 2271 2900 2324 Διά
2945 2271 3002 2324 δέ
3057 2272 3158 2342 τὴν
3215 2271 3614 2344 ὲκκεντρὸτητα
3655 2273 3756 2342 τῆς

2179 2365 2406 2436 ἡλιακῆς
2435 2365 2668 2436 σφαίρας
2707 2367 2766 2418 ἐν
2795 2365 3000 2428 ἀνίσοις
3029 2365 3240 2436 χρόνοις
3265 2365 3646 2436 διαπορεύεται
3683 2365 3754 2418 τὰ

2177 2456 2270 2509 τοῦ
2305 2456 2570 2521 ζωδιακοῦ
2597 2457 3020 2528 τεταρτημόρια.
3043 2455 3141 2510 Διά
3167 2455 3222 2510 δὲ
3253 2457 3352 2528 τὴν
3385 2457 3552 2528 αὐτὴν
3575 2457 3753 2510 αἰτίαν

2175 2549 2272 2600 καὶ
2299 2547 2367 2600 τὰ
2391 2547 2480 2599 ἶσα
2513 2545 2676 2609 ζῴδια
2725 2549 2782 2599 ἐν
2807 2546 3011 2610 ἀνίσοις
3055 2548 3268 2617 χρόνοις
3318 2547 3698 2618 διαπορεύεται
3723 2550 3756 2602 6

2174 2639 2342 2709 ἣλιος.
2397 2638 2520 2692 Ἐἀν
2543 2641 2650 2710 γὰρ
2679 2639 2784 2692 ἀπὺ
2814 2640 2922 2694 τῶν
2949 2641 3200 2711 περάτων
3238 2641 3346 2694 τῶν
3378 2641 3754 2712 δωδεκατημοα

2177 2733 2308 2804 ρίων
2357 2733 2450 2784 ἐπὶ
2505 2733 2567 2784 τὸ
2613 2733 2836 2803 κέντρον
2875 2733 2968 2786 τοῦ
3013 2733 3276 2796 ζωδιακοῦ
3309 2733 3508 2787 κύκλου
3539 2734 3756 2797 ἐπιζεύ-

2177 2825 2354 2896 ξωμεν
2379 2825 2612 2890 εὐθείας,
2640 2825 2894 2896 καθάπερ
2931 2827 3348 2897 ὑπογέγραπται
3371 2868 3384 2892 ,
3419 2827 3570 2880 ἔσται
3599 2830 3628 2882 6
3655 2826 3756 2898 μὲν

2175 2917 2282 2970 τῶν
2321 2915 2526 2980 ζωδίων
2559 2917 2758 2982 κύκλος
2789 2919 2869 2980 εἰς
2895 2917 2960 2988 ιβ’
2985 2919 3125 2990 μέρη
3153 2919 3242 2974 ίσα
3263 2919 3608 2991 διῃρημένος,
3641 2923 3671 2974 6
3695 2919 3754 2974 δὲ

2173 3005 2267 3059 τοῦ
2293 3007 2444 3076 ἡλίου
2465 3007 2662 3071 κύκλος
2689 3007 2778 3062 διὰ
2821 3007 2922 3079 τὴν
2955 3011 3352 3082 ἐκκεντρότητα
3381 3013 3460 3074 είς
3507 3009 3574 3082 ιβ’
3609 3010 3752 3084 μέρη

2175 3101 2338 3156 ἄνισα
2381 3103 2744 3176 διῃρημένος·
2793 3103 2888 3155 καὶ
2937 3103 3168 3174 μεγίστη
3223 3103 3322 3175 μέν
3359 3103 3678 3175 περιφέρεια
3717 3105 3754 3174 ή

2175 3197 2604 3248 ὑποπεπτωκυῖα
2665 3195 2771 3248 ὑπὸ
2793 3195 2920 3258 τοὺς
2972 3195 3254 3266 Διδύμους,
3319 3195 3576 3268 ἐλαχίστη
3619 3195 3678 3249 δὲ
3717 3199 3756 3268 ἡ

2177 3289 2602 3344 ύποπεπτωκυῖα
2625 3287 2731 3341 ὑπὸ
2759 3287 2850 3341 τὸν
2871 3283 3126 3359 Τοξότην.

1275 3787 3042 4868 ἵλὶχβὲ

1265 4499 1650 4736 ὶίχ
2865 4539 2980 4694 ε

1315 4921 1580 5110 ς-σις
1747 4833 2807 5335 ίῶῑέᾼ*

569 5431 796 5504 Propter
821 5433 1234 5504 quam'causam
1274 5435 1514 5490 maximo
1549 5441 1792 5504 tempore
1839 5451 2068 5505 percur-
2097 5449 2152 5510 ι)

497 5523 570 5578 rit
593 5525 674 5580 sol
701 5523 956 5582 Geminos
987 5545 1002 5582 :
1035 5527 1263 5583 minimo
1281 5545 1408 5584 vero
1430 5541 1671 5600 tempore
1691 5529 2065 5601 Sagittarium,

500 5629 624 5668 cum
661 5615 776 5684 ipse
801 5616 880 5670 sol
916 5632 1129 5688 semper
1158 5621 1439 5690 aequaliter
1473 5629 1774 5677 moveatur.
1807 5621 1911 5676 Sed
1942 5637 2066 5676 cum

501 5717 719 5775 prop:er
751 5709 1212 5766 excentricitatem
1244 5713 1297 5766 in
1323 5721 1508 5784 partes
1549 5713 1842 5784 inmquales
1873 5713 2068 5770 solari

499 5797 747 5852 circulus
785 5807 1026 5864 secetur,
1071 5803 1340 5874 contingit
1383 5811 1626 5878 tempora
1667 5805 1942 5878 signorum
1975 5821 2063 5861 zo-

499 5887 640 5946 diaci
683 5889 966 5956 inaequalia
1003 5905 1131 5950 esse.

2259 5443 2336 5492 At‘
2363 5441 2430 5510 ῆν
2442 5441 2619 5496 αἰτίαν
2643 5441 2702 5498 ἐν
2731 5441 2965 5516 πλειστῳ
2985 5445 3082 5515 μὲν
3109 5444 3286 5516 χρόνῳ
3315 5441 3690 5516 διαπορεύεται
3717 5440 3746 5496 6

2170 5531 2321 5602 ἥλιος
2341 5534 2465 5595 τοὺς
2498 5532 2778 5604 Διδύμους,
2811 5537 2868 5588 ἐν
2883 5535 3147 5607 ἐλαχίστῳ
3171 5535 3228 5589 δέ
3259 5536 3435 5608 χρόνῳ
3471 5535 3562 5589 τδν
3596 5533 3750 5599 Τοξό-

2171 5641 2292 5692 την,
2319 5623 2480 5688 αὐτὸς
2519 5625 2616 5694 μὲν
2653 5625 2740 5678 διὰ
2773 5627 2974 5692 παντὸς
3017 5627 3276 5698 ἰσοταχῶς
3303 5627 3639 5698 κινούμενος,
3661 5625 3746 5678 διὰ

2173 5715 2229 5767 δέ
2279 5715 2378 5786 τὴν
2423 5717 2822 5788 ἐκκεντρότητα
2856 5721 2935 5782 εἰς
2981 5721 3140 5774 ἄνισα
3189 5720 3328 5790 μέρη
3371 5719 3744 5792 διαιρουμένου

2173 5803 2266 5858 τοῦ
2294 5805 2522 5876 ἡλιακοῦ
2554 5807 2776 5870 κύκλου,
2807 5809 3090 5882 συμϐαίνει
3117 5811 3208 5866 καὶ
3237 5813 3360 5876 τοὺς
3385 5811 3610 5884 χρόνους
3648 5811 3740 5865 ἀν-

2177 5895 2323 5958 ίσους
2345 5893 2484 5952 εἶναι
2514 5897 2621 5954 τῶν
2641 5895 2858 5958 ζωδίων.
