4146 6436
413 400 520 458 ’157

1438 398 1675 457 GEMINI
1716 397 2091 455 ELEMENTA
2129 392 2628 452 ASTBONOMUE.

3552 386 3658 443 758

484 518 599 589 Τῆς
638 516 696 571 δὲ
754 517 888 590 πρὸς
919 516 1121 589 ἄλληλα
1150 516 1358 585 τάξεως
1398 517 1475 589 (9)
1515 519 1612 572 καὶ
1646 517 1848 581 θέσεως
1877 517 1986 571 τῶν

2156 511 2347 579 Quoad
2377 510 2623 566 ordinem
2657 517 2836 566 autem
2883 515 2938 563 et
2978 506 3142 563 situm
3168 546 3183 571 ,
3240 518 3402 576 quem
3428 502 3572 560 inter
3598 517 3663 561 so

418 605 485 677 ιβ’
514 608 720 673 ξωδίων
742 608 994 680 διαφοραί
1018 611 1124 663 εἰσι
1144 610 1429 682 τέσσαρες.
1467 611 1539 663 Ἀπ
1563 610 1661 681 μὲν
1680 609 1989 682 γὰροαὺτῶν

413 700 630 769 λέγεται
664 702 806 755 κατὰ
841 702 1152 774 διάμετρον,
1199 701 1235 757 ἃ.
1281 703 1339 757 δὲ
1380 702 1522 756 κατὰ
1552 703 1836 775 τρίγωνον,
1870 703 1906 758 ἃ
1929 703 1994 757 δὲ

415 795 554 848 κατὰ
579 795 939 866 τετράγωνον,
962 796 1000 852 ἃ
1019 797 1085 850 δὲ·
1119 799 1260 854 κατὰ
1286 797 1569 866 συζυγίαν,
1601 798 1705 852 ὑπό
1735 815 1896 853 τινων
1927 798 1986 852 δὲ

414 887 816 957 ἀντισυζυγίαν.

485 1149 639 1205 Κατὰ
682 1151 971 1224 διάμετρον
1024 1153 1121 1223 μὲν
1149 1151 1242 1207 οὖν
1282 1153 1389 1206 εἰσι
1423 1151 1586 1218 ζὼδια
1615 1153 1861 1209 τὰεκατδι
1889 1153 1987 1225 τὴν

414 1240 582 1311 αὐτὴν
631 1240 922 1314 διάμετρον
973 1243 1218 1313 κείμενα.
1276 1244 1433 1297 Ἔστι
1489 1244 1546 1297 δὲ
1584 1244 1742 1308 τάδε,
1794 1244 1985 1316 Κριὸς,

414 1331 604 1399 Ζυγδς,
651 1330 880 1402 Ταῦρος,
921 1333 1208 1403 Σκορπίος,
1263 1333 1503 1405 Δίδυμοι,
1555 1334 1809 1405 Τοξότης,
1838 1336 1990 1406 Καρ-

412 1422 578 1485 κίνος,
596 1422 925 1495 Αῑγόκερως,
938 1424 1107 1489 Λέων,
1125 1424 1425 1495 ’Υδροχόος,
1443 1424 1740 1497 Παρθένος,
1764 1425 1982 1495 Ἰχθύες.

413 1511 737 1583 Συμὸέὸηκε
793 1514 851 1567 δὲ
902 1513 1131 1579 τούτοις,
1167 1515 1296 1569 ὃταν
1339 1515 1401 1568 τὺ
1431 1515 1618 1588 ἓτερον
1651 1515 1831 1569 αὑτῶν
1859 1518 1988 1571 ἀνα-

413 1604 594 1679 τέλλῃ,
631 1606 693 1659 τὸ
717 1606 859 1660 κατὰ
890 1607 1181 1679 διάμετρον
1207 1606 1405 1671 δύνειν,
1448 1609 1542 1661 καὶ
1566 1608 1894 1662 τούναντίον.
1929 1609 1987 1663 '0

410 1693 470 1750 δὲ
493 1695 650 1765 λόγος
677 1696 909 1753 ἐπὶ-τῶν
954 1697 1457 1770 δωδεκατημορίων,
1492 1699 1585 1752 καὶ
1612 1700 1711 1753 οὑκ
1759 1701 1853 1753 ἐπὶ
1878 1700 1987 1755 τῶν

413 1788 929 1860 κατηστερισμένων
993 1787 1218 1853 ζωδίων.
1269 1789 1439 1861 Κριοῦ
1485 1789 1585 1860 μὲν
1616 1790 1726 1862 γὰρ
1756 1791 1984 1846 ἀνατέλ-

2086 603 2380 660 duodecim
2408 603 2567 675 signa
2591 602 2818 666 habent,
2846 606 2976 656 sunt
3012 613 3204 656 eorum
3239 604 3473 669 quatuor
3507 594 3664 652 ὥσθ-

2085 698 2297 753 ῐθηῑίω.
2326 695 2528 750 Eorum
2563 694 2710 749 enim
2755 690 3006 764 quaedam
3052 688 3447 747 diametraliter
3492 702 3662 758 oppo-

2085 794 2330 851 nuntur,
2379 785 2627 858 quaedam
2690 782 2993 838 secundum
3048 781 3381 851 triangulum
3414 778 3659 845 distant,

2086 875 2344 950 quaedam'
2369 876 2671 935 secundum
2704 873 3053 946 quadratum,
3086 872 3333 944 quaedam
3358 870 3663 927 secundum

2087 969 2571 1034 combinationem,
2595 980 2759 1038 quam
2784 965 2951 1036 aliqui
2985 964 3148 1021 etiam
3178 964 3486 1035 oppositam
3510 977 3662 1017 com-

2086 1061 2428 1117 binationem
2455 1067 2674 1115 vocant.

2159 1152 2233 1207 Ea
2267 1152 2433 1222 igitur
2462 1151 2616 1221 signa
2649 1150 3038 1207 diametraliter
3065 1146 3317 1218 opposita
3360 1144 3618 1200 dicuntur
3640 1185 3659 1211 ,

2088 1256 2209 1312 quae
2257 1240 2560 1297 secundum
2609 1240 2855 1296 eamdem
2912 1240 3240 1294 diametrum
3289 1244 3418 1293 sunt
3463 1235 3661 1307 posita.

2090 1332 2230 1387 Sunt
2259 1339 2439 1386 autem
2478 1331 2594 1385 haec
2621 1350 2633 1385 :
2660 1330 2850 1395 Aries,
2877 1329 3061 1394 Libra,
3093 1327 3327 1391 Taurus,
3361 1325 3621 1397 Scorpius
3643 1365 3663 1390 ,

2088 1420 2323 1489 Gemini,
2360 1421 2716 1492 Sagittarius,
2763 1422 2973 1476 Cancer
2995 1461 3010 1486 ,
3051 1419 3421 1490 Capricornus
3444 1458 3461 1484 ,
3509 1415 3661 1481 Leo,

2086 1512 2384 1584 Aquarius,
2421 1511 2609 1583 Virgo,
2646 1512 2856 1569 Pisces.
2889 1511 2988 1568 His
3017 1523 3197 1567 autem
3225 1509 3514 1579 contingit,
3536 1522 3664 1563 cum

2088 1607 2407 1662 alterutrum
2433 1620 2624 1662 eorum
2656 1607 2855 1673 oritur,
2883 1605 3136 1662 occidere
3166 1605 3222 1660 id
3252 1602 3399 1676 quod
3437 1610 3522 1658 est
3545 1602 3666 1657 dia-

2088 1699 2389 1755 metraliter
2418 1698 2749 1769 oppositum,
2778 1707 2833 1754 et
2864 1707 3081 1753 contra.
3116 1694 3244 1751 Haec
3282 1709 3313 1749 a
3360 1693 3521 1749 nobis
3575 1692 3665 1748 di-

2088 1800 2290 1848 cuntur
2316 1792 2386 1847 de
2415 1791 2892 1855 dodecatemoriis,
2922 1805 3032 1845 non
3063 1790 3131 1845 de
3153 1785 3662 1857 stelliferis-signis.

412 1877 614 1945 λοντος,
645 1878 789 1932 δύνει
827 1876 1031 1946 Ζυγὸς·
1068 1876 1284 1948 Ταύρου
1318 1878 1376 1931 δὲ
1417 1878 1816 1945 ἀνατέλλοντος,
1843 1879 1989 1933 δύνει

2089 1884 2273 1941 Ariete
2321 1885 2468 1940 enim
2517 1885 2769 1949 oriente,
2823 1883 3027 1939 occidit
3075 1881 3258 1938 Libra.
3307 1879 3489 1935 Tauro
3534 1890 3667 1934 vero

411 1970 699 2043 Σκορπίος.
739 1971 796 2023 Ὀ
819 1969 876 2023 δὲ
908 1970 1069 2032 αὐτὸς
1096 1970 1252 2039 λόγος
1275 1971 1369 2025 καὶ
1400 1972 1494 2025 ἐπὶ.
1519 1972 1626 2026 τῶν
1650 1973 1853 2029 λοιπῶν
1878 1972 1987 2029 τῶν

413 2064 571 2118 κατὰρ
605 2063 895 2134 διάμετρον
955 2062 1178 2127 ζωδίων.
1240 2064 1590 2135 Ααμδὰνεται
1636 2065 1695 2119 δὲ
1725 2066 1795 2121 τὰ
1847 2066 1989 2120 κατὰ

410 2154 701 2227 διάμετρον
743 2154 848 2208 ὑπὸ
908 2153 1018 2208 τῶν
1072 2155 1353 2209 Χαλδαίων
1378 2156 1473 2209 καὶ
1500 2155 1635 2227 πρὸς
1668 2154 1767 2219 τὰς
1786 2158 1843 2211 ὲν
1869 2158 1989 2221 ταῖς

411 2245 655 2315 γενέσεσι
685 2244 1046 2316 συμπαθείας.
1077 2244 1428 2316 Δοκοῢσιγὰρ
1450 2247 1499 2300 οἱ
1529 2245 1671 2303 κατὰ
1699 2245 1989 2318 διάμετρον

409 2335 692 2407 γενόμενοι
733 2336 1078 2407 συμπάσχειν
1130 2336 1401 2409 ἀλλήλοις,
1458 2338 1572 2401 καὶ,
1619 2337 1695 2401 ὡς
1742 2337 1807 2392 ἂν
1846 2336 1989 2391 εἴποι

409 2444 515 2493 τις,
540 2428 875 2483 ἀντικεῖσθαι
925 2428 1196 2501 ἀλλήλοις.
1227 2429 1340 2483 Καὶ
1386 2429 1493 2483 τῶν
1528 2429 1775 2503 ἀστέρων
1788 2430 1991 2500 ὲποχαὶ

411 2523 471 2574 ὲν
488 2522 613 2584 τοῖς
641 2520 783 2581 κατὰ
811 2520 1103 2593 διάμετρον
1131 2520 1342 2585 ζωδὶοις
1382 2520 1522 2575 κατὰ
1543 2521 1636 2575 τὸν
1669 2521 1831 2576 αὑτὸν
1863 2538 1988 2576 και-

415 2612 506 2684 ρὸν
534 2612 630 2666 καὶ
663 2613 1052 2682 συνωφελοῦσι,
1077 2613 1173 2668 καὶ
1199 2613 1609 2685 συμὸλάπτουσι
1625 2613 1725 2678 τὰς
1744 2614 1990 2683 γενέσεις

410 2704 555 2760 κατὰ
586 2706 683 2768 τὰς
705 2704 1141 2778 παραδεδομένας
1164 2704 1419 2776 δυνάμεις
1442 2705 1550 2760 τῶν
1582 2706 1847 2777 ἀστέρων.

479 2878 640 2932 Κατὰ
690 2878 955 2950 τρίγωνον
1005 2878 1064 2933 δέ
1125 2880 1243 2933 ἐστι
1284 2879 1474 2952 Κριὸς,
1499 2881 1676 2944 Λέων,
1725 2880 1985 2952 Τοξότης’

410 2968 643 3042 Ταῦρος,
698 2970 994 3041 Παρθένος,
1058 2970 1404 3043 Αῐγὸκερως·
1477 2971 1696 3044 Δίδυμοι
1721 3012 1737 3037 ,
1795 2972 1987 3042 Ζυγὸς,

423 3062 702 3133 ’Υδροχόος
726 3079 740 3093 ⁸
784 3062 1080 3132 Καρκίνος,
1114 3062 1402 3135 Σκορπιος,
1441 3063 1667 3133 Ἰχθύες.
1701 3064 1786 3118 Τὰ
1812 3064 1991 3120 πάντα

408 3151 651 3225 τρίγωνα
704 3154 995 3225 ἰσόπλευρα
1045 3154 1304 3225 τέτταρα.
1365 3155 1668 3210 Ὑποτείνει
1719 3157 1778 3210 δὲ
1831 3157 1988 3229 ἡτοῦ

398 3245 676 3329 τριγώνου
724 3245 936 3319 πλευρὰ
977 3247 1083 3302 ὑπὸ
1129 3247 1295 3313 ζώδια
1349 3249 1448 3321 μὲν
1484 3249 1748 3324 τέτταρα,
1792 3252 1990 3325 μοίρας

409 3336 467 3392 δὲ
493 3345 596 3392 ρκ’.

481 3430 741 3485 Καλεῖται
765 3430 822 3484 δὲ
852 3431 912 3484 τὸ
945 3431 1043 3503 μὲν
1067 3430 1280 3504 πρῶτον
1309 3431 1573 3503 τρίγωνον
1594 3432 1654 3487 τὸ
1682 3433 1790 3488 ἀπὸ
1814 3433 1988 3506 Κριοῦ

413 3521 642 3596 βόρειον.
689 3522 829 3577 Ἐὰν
844 3521 972 3594 γὰρ,
1012 3521 1114 3593 τῆς
1169 3521 1398 3595 σελήνης
1435 3522 1492 3578 έν
1534 3541 1639 3578 τινι
1676 3523 1782 3579 τῶν
1824 3524 1991 3597 τριῶν

413 3612 619 3680 ζωδιων
675 3614 1026 3686 ὑπαρχούσης
1049 3655 1065 3681 ,
1110 3614 1304 3686 βορέας
1357 3614 1588 3687 πνεύσῃ,
1641 3617 1751 3670 ὲπὶέ
1795 3615 1993 3680 πολλὰς

410 3705 626 3777 ἡμέρας
661 3708 694 3777 ὴ
743 3704 880 3776 αὑτὴ
924 3705 1166 3776 διαμένει
1209 3705 1416 3769 στάσις.
1454 3705 1616 3759 Ὅθεν
1653 3704 1761 3760 ἀπὸ
1790 3706 1992 3778 ταύτης

411 3798 513 3869 τὶιε
557 3798 993 3870 παρατηρήσεως
1035 3795 1368 3868 ὁρμηθέντες
1407 3797 1456 3850 οἱ
1505 3796 1822 3869 ἀστρολόγοι
1860 3815 1994 3868 προ-

413 3890 628 3959 λέγουσι
656 3888 758 3953 τὰς
792 3888 1006 3960 βορείας
1034 3888 1270 3953 στάσεις.
1314 3887 1440 3943 Ἐὰν
1473 3887 1573 3960 μὲν
1598 3888 1729 3960 γὰρ,
1764 3889 1827 3945 ἐν
1849 3887 2015 3960 ἄλλῳ.

414 3980 590 4054 ζωδίῳ
639 3982 740 4052 τῆς
794 3980 1023 4053 σελήνης
1075 3978 1450 4052 ὑπαρχούσης,
1503 3979 1718 4053 βορεινή
1769 3980 1993 4052 γένηται

416 4074 625 4139 στάσις,
671 4072 978 4137 εὑδιάλυτος
1020 4072 1229 4143 γίνεται
1265 4075 1293 4127 ὁ
1325 4072 1550 4144 βορέας·
1580 4072 1769 4131 ἐὰνδὲ
1802 4072 1858 4126 έν
1887 4089 1993 4127 τινι

412 4168 523 4224 τῶν
567 4167 964 4239 ἀφωρισμένων
1010 4165 1216 4231 ζωδίων
1256 4168 1316 4220 ὲν
1349 4166 1428 4238 τῷ
1477 4165 1704 4238 βορεινῷ
1744 4165 1995 4238 τριγώνῳ

418 4258 612 4331 βορέας
643 4258 985 4330 συμπνεύσῃ,
1031 4257 1387 4329 προλέγουσιν
1424 4259 1517 4312 ἐπὶ
1550 4258 1750 4323 πολλὰς
1784 4258 1996 4330 ἡμέρας

414 4349 688 4422 διαμένειν
711 4349 815 4420 τὴν
837 4347 1003 4419 αὑτὴν
1034 4347 1310 4403 σύστασιν.
1362 4347 1436 4401 Τὸ
1474 4348 1541 4401 δὲ
1569 4347 1697 4419 ἑξῆς
1732 4334 1995 4419 τριγωνον

414 4441 476 4495 τὸ
502 4440 610 4495 ἀπὸ
637 4439 732 4494 τοῦ
763 4438 963 4513 ταύρου
1007 4439 1254 4494 καλεῖται
1298 4438 1495 4493 νότιον.
1528 4439 1698 4494 Πάλιν
1733 4439 1843 4512 γὰρ
1877 4440 1993 4503 ἐὰν,

2089 1976 2321 2038 oriente,
2345 1974 2548 2030 occidit
2575 1973 2868 2045 Scorpius;
2910 1972 3102 2029 eadem
3147 1970 3289 2026 ratio
3311 1977 3397 2025 est
3425 1968 3667 2038 reliquo-

2088 2082 2211 2122 rum
2266 2065 2659 2122 diametraliter
2717 2064 3092 2138 oppositorum
3147 2062 3450 2132 signorum.
3505 2057 3666 2113 Aeci-

2089 2163 2316 2233 piuntur
2343 2169 2523 2215 autem
2552 2158 2952 2216 diametraliter
2984 2156 3239 2228 opposita
3260 2155 3414 2226 signa
3451 2167 3482 2206 a
3507 2149 3667 2206 Chal-

2089 2251 2223 2307 daeis
2248 2251 2413 2307 etiam
2464 2249 2533 2305 ad
2568 2257 2788 2305 mutuas
2816 2248 3231 2318 compassiones
3260 2246 3318 2300 in
3360 2242 3665 2299 nativitati-

2087 2341 2217 2400 bus.
2270 2340 2541 2397 Videntur
2588 2340 2736 2396 enim
2778 2339 2892 2406 illi,
2927 2338 3022 2410 qui
3068 2337 3127 2392 in
3173 2334 3443 2408 oppositis
3494 2332 3668 2404 signis

2090 2438 2219 2486 sunt
2238 2431 2375 2496 nati,
2403 2429 2509 2486 sibi
2534 2429 2765 2485 invicem
2807 2424 3083 2498 compati,
3125 2433 3200 2490 et,
3234 2432 3297 2479 ut
3335 2423 3533 2480 dixerit
3561 2421 3666 2476 ali-

2089 2523 2233 2593 quis,
2274 2521 2381 2577 sibi
2409 2521 2646 2602 invicem
2680 2518 2981 2575 adversari.
3021 2515 3090 2571 Et
3139 2516 3418 2572 stellarum
3445 2514 3699 2585 epoclun,

2086 2613 2147 2668 in
2197 2612 2371 2684 signis
2425 2611 2819 2668 diametraliter
2863 2607 3133 2680 oppositis
3175 2604 3472 2663 secundum
3522 2603 3667 2659 idem

1992 2753 2000 2761 .
2090 2713 2304 2779 tempus
2344 2713 2398 2763 et
2445 2722 2554 2761 una
2584 2706 2820 2775 juvant,
2878 2713 2931 2758 et
2964 2716 3074 2757 una
3126 2700 3331 2756 laedunt
3359 2698 3669 2754 nativitates

2091 2798 2395 2854 secundum
2425 2797 2657 2853 traditas
2694 2795 2840 2851 vires
2866 2794 3171 2849 stellarum.

2087 2891 2133 2959 γι
2164 2888 2475 2945 Secundum
2506 2887 2841 2959 triangulum
2873 2893 3056 2942 autem
3095 2883 3276 2956 posita
3323 2882 3480 2953 signa
3517 2885 3691 2946 sunt,,

2089 2978 2271 3048 Aries,
2308 2978 2439 3044 Leo,
2486 2977 2854 3049 Sagittarius:
2892 2975 3129 3041 Taurus,
3157 2971 3347 3044 Virgo,
3382 2970 3672 3041 Capricor-

2090 3087 2197 3128 nus
2226 3091 2240 3126 :
2280 3069 2516 3132 Gemini.
2544 3068 2730 3133 Libra,
2755 3066 3030 3139 Aquarius
3059 3084 3073 3121 :
3106 3064 3339 3130 Cancer,
3386 3060 3673 3132 Scorpius,

2090 3162 2300 3220 Pisces.
2334 3160 2528 3218 Omnia
2565 3160 2837 3231 triangula
2876 3159 2927 3230 5
2971 3158 3287 3230 aequilatera
3345 3162 3474 3210 sunt
3530 3163 3672 3223 qua»

2090 3264 2264 3312 tuor‘:
2309 3253 2589 3311 subtendit
2619 3262 2802 3311 autem
2843 3250 3106 3323 trianguli
3146 3249 3293 3303 latus
3342 3246 3498 3317 signa
3533 3258 3672 3314 qua-

2090 3355 2216 3404 tuor
2234 3386 2250 3411 ,
2284 3345 2487 3417 gradus
2524 3343 2652 3401 12.0.

2090 3469 2102 3490 τ
2159 3438 2400 3496 Vocatur
2444 3444 2623 3495 autem
2651 3437 2888 3507 primum
2938 3430 3276 3503 triangulum
3305 3426 3546 3485 boreale.
3607 3423 3674 3479 Si

2090 3532 2235 3593 enim
2266 3531 2397 3585 luna
2427 3529 2485 3584 in
2519 3542 2630 3584 uno
2657 3529 2824 3582 trium
2874 3526 3158 3597 signorum
3203 3518 3389 3592 primi.
3416 3515 3693 3587 trianguli

2091 3624 2289 3695 posita,
2307 3630 2504 3678 ventus
2521 3622 2718 3676 boreas
2731 3617 3026 3691 spiraverit
3049 3632 3063 3668 :
3083 3628 3180 3687 per
3200 3611 3322 3668 dies
3347 3608 3550 3664 multos
3574 3622 3673 3662 ea-

2092 3706 2218 3771 dem
2241 3719 2528 3785 permanet
2551 3710 2898 3768 constitutio.
2938 3705 3098 3763 Unde
3138 3701 3423 3773 astrologi,
3448 3713 3573 3755 cum
3602 3696 3701 3751 ab.

2103 3808 2208 3864 hac
2236 3804 2618 3864 observatione
2646 3802 2870 3859 initium
2899 3799 3162 3861 habeant,
3191 3795 3371 3850 boreae
3401 3788 3674 3847 constitu-

2094 3899 2280 3957 tiones
2324 3896 2652 3969 praedicunt.
2699 3892 2839 3949 Nam
2891 3891 2940 3948 si
2992 3889 3051 3945 in
3096 3887 3206 3942 alio
3237 3882 3472 3957 quodam
3515 3880 3703 3951 signo.

2093 3992 2223 4049 luna
2251 3990 2578 4054 constituta,
2608 3984 2887 4043 exstiterit
2927 3977 3257 4038 constitutio
3295 3974 3555 4038 borealis,
3591 3971 3676 4027 fa—

2094 4082 2200 4138 cile
2243 4080 2441 4136 boreas
2471 4078 2817 4143 dissolvitur;
2846 4081 2902 4128 at
2935 4072 2984 4129 si
3016 4086 3128 4127 una
3157 4067 3449 4141 spiraverit
3474 4066 3677 4121 boreas

2096 4172 2151 4227 in
2178 4186 2288 4226 uno
2317 4185 2507 4226 eorum
2555 4169 2861 4240 signorum,
2890 4179 3014 4236 qua:
3059 4164 3115 4219 in
3148 4160 3358 4218 boreali
3398 4155 3676 4227 triangula

2095 4262 2467 4329 continentur,
2501 4258 2807 4331 praedicunt
2844 4269 2945 4328 per
2994 4254 3117 4309 dies
3167 4251 3373 4306 multos
3422 4245 3676 4304 eamdem

2097 4369 2422 4425 permanere
2454 4350 2930 4408 constitutionem.
2966 4345 3290 4402 Proximum.
3312 4338 3673 4409 triangulum,

2098 4444 2246 4518 quod
2294 4443 2532 4499 aTauro
2575 4441 2790 4512 incipit,
2833 4432 3442 4497 nominaturaaustrale.
3469 4428 3675 4485 Contra

415 4532 516 4605 τῆς
543 4531 772 4604 σελήνης
800 4530 855 4585 έν
883 4547 992 4584 τινι
1029 4530 1138 4585 τῶν
1178 4529 1346 4603 τριῶν
1377 4528 1581 4595 ζωδίων
1621 4529 1991 4601 ὑπαρχούσης,

2114 4538 2285 4604 enim,
2315 4535 2361 4592 si
2411 4536 2467 4590 in
2496 4548 2607 4589 uno
2634 4533 2830 4590 bonum
2857 4529 3027 4584 trium
3054 4527 3339 4597 signorum
3369 4521 3502 4577 luna
3533 4533 3672 4575 con-

488 4688 567 4762 (9)
611 4687 729 4756 Τῆς
742 4687 820 4762 es
840 4688 990 4757 πρὸς
1015 4687 1257 4757 ἄλληλα
1284 4687 1528 4762 τάξεως.
1561 4687 1806 4762 Quatuor
1833 4685 1990 4762 babi:

416 4755 1201 4828 tudines,’siveiconspectus
1250 4761 1534 4828 signorum
1582 4758 1840 4827 explicat,
1897 4755 1989 4826 qui

415 4830 528 4909 vim
561 4829 796 4909 aliquam
835 4827 897 4909 in
935 4827 1823 4909 pacatoraxvicpgenethliacorum
1871 4841 1990 4880 sor-

416 4901 514 4970 tita
545 4904 825 4970 putantur.
837 4896 1077 4970 Primus
1099 4896 1696 4970 _est’icar_&f6tdpsfcpov,
1729 4912 1851 4970 quae
1894 4912 1989 4970 se;

416 4966 572 5037 signa
596 4967 893 5032 subtendit,
925 4974 987 5021 ut
1016 4967 1195 5031 Aries,
1228 4977 1282 5024 et
1310 4966 1492 5024 Libra.
1530 4966 1819 5024 Secundus
1850 4966 1991 5020 κατὰ

416 5040 706 5111 τρίγωνον.
740 5039 899 5103 cujus
941 5039 1083 5093 latus
1116 5045 1353 5108 quatuor
1393 5041 1545 5110 signa
1577 5037 1879 5100 subtendit,
1932 5044 1994 5091 ut

416 5110 598 5174 Aries,
630 5108 761 5171 Leo,
796 5109 1125 5177 Sagittarius
1170 5111 1441 5177 trigonum
1482 5108 1742 5164 elliciuut.
1775 5106 1998 5164 Tertius

582 5148 598 5174 ’
630 5142 761 5171 “CV.
796 5142 1125 5174 κνσιδιιιαιιυο
1171 5142 1207 5161 ιι
1225 5142 1441 5174 ιξςυιιυιιι
1482 5142 1742 5164 ΕΙΙΙυΙυΙΙιο

415 5187 502 5235 est
537 5178 689 5252 scatat
734 5181 1077 5252 τετράγωνον
1098 5180 1579 5252 ,uquadrantalisq
1633 5178 1794 5252 cujus
1827 5178 1994 5252 _la_tus

457 5251 679 5306 radibus
724 5246 1023 5317 90.'signis
1073 5246 1252 5303 tribus
1285 5249 1651 5304 subtenditur.
1696 5246 1787 5317 Sic
1812 5246 1991 5313 Aries,

466 5335 648 5387 aucer,
683 5317 870 5384 Libra,
900 5316 1269 5391 Capricornus
1296 5320 1733 5391 quadrangulum
1762 5316 1991 5391 (aciunt.

417 5388 658 5456 Quartus
710 5398 794 5448 est
853 5387 999 5445 κατᾶ
1056 5387 1351 5459 συζυγίαν,
1411 5387 1575 5458 atque
1627 5390 1718 5444 hic
1758 5387 1995 5443 duorum

417 5463 700 5532 signorum
747 5468 1004 5532 estquae
1047 5476 1076 5514 a
1105 5460 1324 5532 punctis
1354 5459 1585 5532 tropicis
1612 5475 1679 5532 ex
1709 5474 1866 5529 arquo
1901 5473 1996 5532 re-

415 5526 727 5602 moventur,
763 5540 823 5586 ut
847 5526 1086 5602 Cancer,
1105 5526 1159 5602 et
1180 5530 1390 5602 Gemini
1423 5526 1872 5602 :7'Capricornu9,
1897 5526 1999 5602 sa-

413 5601 693 5727 gittarius.
725 5616 846 5684 quae
887 5608 1021 5656 sunt
1043 5601 1311 5672 βλέποντα
1336 5599 1633 5683 Ptolemaei,
1669 5607 1739 5685 et.
1765 5599 1997 5656 antiscia

453 5674 544 5727 ulu
576 5670 822 5727 FllmlCI.
848 5669 963 5727 Hoc
991 5688 1162 5727 genus
1185 5677 1474 5727 separatur.
1504 5686 1742 5727 ani-imis
1763 5677 1997 5727 uuatuor

453 5673 544 5727 ulii
576 5669 822 5727 Firmici.
848 5669 963 5727 Hoc
991 5669 1162 5741 genus
1185 5672 1474 5741 separatim
1504 5672 1742 5741 aprimis
1763 5677 2001 5741 quatuor

415 5743 486 5798 ab
514 5743 622 5813 illis
660 5743 906 5813 ponitur.
950 5741 1086 5813 Nam
1131 5743 1178 5797 is
1208 5741 1427 5813 proprie
1462 5741 1867 5813 σχημιιιτισμδς⁸
1885 5755 1999 5813 non

415 5821 521 5882 est,
547 5810 773 5870 hoc"est
801 5812 1033 5885 ﬁguram
1061 5812 1115 5868 in
1159 5810 1369 5868 circulo
1394 5810 1659 5884 integram
1699 5810 1809 5868 nun
1841 5810 1996 5879 facit,

2090 4706 2217 4746 cum
2269 4704 2380 4749 uno
2425 4685 2806 4743 tantummodo
2857 4683 3027 4737 latere
3081 4688 3330 4743 constet,
3384 4674 3674 4749 qu9_d_uni

2093 4745 2271 4832 signo.
2296 4745 2385 4832 sel
2419 4758 2622 4821 tribus,
2644 4756 2731 4811 vel
2771 4753 3014 4832 quinque
3043 4745 3420 4832 subtenditur.’
3460 4745 3699 4832 liablent.

2093 4815 2275 4886 tai’nen
2304 4830 2480 4898 λόγον,
2510 4815 2614 4882 nec
2640 4832 2768 4880 sunt
2789 4815 3074 4898 ’ἀσύνδετα
3095 4825 3430 4898 signa,__quat
3455 4830 3548 4898 3e
3570 4815 3699 4898 hoc.»

2094 4884 2607 4968 niodorespiciunt,
2637 4902 2697 4948 ut
2725 4903 2916 4949 auctor
2941 4884 3267 4968 e_stPtol'em.
3285 4884 3379 4968 lib.
3410 4903 3429 4942 1
3455 4884 3695 4968 Τειιξνιιὺἐκ

2100 4954 2208 5026 Sed
2230 4954 2652 5026 Schematismus
2682 4980 2790 5020 non
2816 4973 2924 5037 est.
2956 4962 3063 5018 Pro
3100 4977 3166 5016 eo
3200 4954 3575 5037 matbematici
3611 4954 3695 5036 τδλ

2096 5040 2220 5095 καθ’
2252 5039 2522 5106 ἑξάγωνον
2545 5038 2729 5108 σχῆμα
2754 5035 3116 5108 substituunt,
3143 5031 3303 5108 cujus
3329 5031 3472 5108 latus
3499 5031 3677 5108 signis

2095 5093 2314 5165 duobus
2355 5093 2411 5162 et
2458 5093 2721 5178 gradibus
2772 5106 3063 5178 sexaginta
3103 5093 3480 5178 sub-teruntur.
3534 5093 3674 5178 Vide

2097 5188 2293 5252 praeter
2326 5165 2544 5252 citatos
2559 5185 2844 5252 auctores,
2883 5165 3161 5252 lianilium
3194 5178 3251 5226 et
3290 5168 3518 5252 Paulum
3545 5165 3673 5252 Ale-

2096 5242 2448 5306 iandrinum.
2500 5246 2662 5301 Κατὰ
2710 5244 2970 5318 συζυγίαν
3039 5242 3194 5318 signa
3249 5247 3416 5318 sunt._
3447 5250 3669 5318 quater

2096 5321 2289 5376 eodem
2330 5319 2454 5374 loco
2498 5308 2875 5380 oriuntur,'et
2923 5315 2979 5368 in
3026 5308 3217 5368 eodem
3262 5308 3563 5380 occidunt:
3594 5308 3672 5361 ita

2096 5398 2284 5515 flamen
2311 5395 2370 5444 ut
2407 5387 2635 5454 ἐναλλὰξ
2681 5378 2838 5442 initia
2882 5398 3072 5440 eorum
3117 5395 3183 5436 ac
3219 5378 3441 5436 termini
3473 5390 3668 5449 proce-

2137 5469 2253 5515 ant.

2137 5460 2253 5516 an't.

2172 5530 2345 5587 Porro
2384 5529 2607 5603 schema
2635 5527 2790 5603 illud,
2825 5526 2975 5603 quod
3000 5540 3034 5583 e
3075 5524 3452 5603 manuscripto
3479 5516 3671 5603 codice

2100 5600 2634 5673 repraesentavimus,
2654 5590 2896 5673 _solos'e
2924 5597 3216 5673 diametro,
3270 5602 3325 5651 et
3358 5590 3509 5673 Βιατὰ
3549 5590 3671 5660 τρί-

2101 5662 2275 5741 γώνον
2301 5677 2557 5742 aspectus
2585 5662 2807 5742 exhibet
2839 5688 2854 5725 :
2889 5667 3300 5742 quadrantales,
3335 5673 3392 5742 et
3436 5662 3673 5742 hexago-

2099 5731 2207 5799 nos
2237 5757 2347 5798 non
2365 5731 2633 5798 continet.
2665 5741 2789 5795 Ideo
2812 5731 2924 5795 ιιοέ
2946 5740 3176 5794 alterum
3209 5736 3317 5791 hoc
3340 5737 3464 5790 loco
3489 5731 3690 5800 subje-~

2104 5813 2305 5883 cimus,
2334 5812 2390 5870 in
2419 5827 2528 5885 quo
2550 5808 2922 5869 schematismi
2947 5818 3181 5882 quatuor
3209 5813 3507 5880 apparent...
