4146 6412
507 365 612 424 759

1491 357 1586 412 AD
1615 353 1886 412 EUSEBII
1913 353 2308 412 CHRONICON
2343 353 2705 410 APPENDIX.

3627 353 3736 410 Ἰθὺ

489 482 684 538 stituta
705 481 892 532 auster
906 473 1136 538 ﬂaverit.
1157 487 1255 545 per
1269 472 1386 528 dies
1401 471 1604 526 multos
1627 470 1814 524 eadem
1846 483 2057 540 perma-

2163 472 2314 534 νότος
2359 472 2582 544 πνεύσῃ,
2625 471 2718 524 ἐπὶ
2759 471 2958 536 πολλὰς
3001 469 3211 544 ἡμέρας
3247 472 3282 542 ἡ
3321 470 3457 542 αὐτὴ
3494 471 3736 541 διαμένει

485 580 582 629 net
604 568 944 624 constitutio.
959 565 1274 622 Proximum
1295 563 1648 633 triangulum,
1665 562 1810 632 quod
1829 577 1860 614 a
1879 561 2062 616 Gemi-

489 663 580 718 nis
607 661 914 726 inchoatur,
937 666 1166 715 vocatur
1195 657 1542 728 zephyricum
1577 655 1810 710 similem
1839 653 1910 707 ob
1929 668 2064 707 cau-

490 769 629 810 sam.
651 752 994 808 Postremum
1027 751 1378 821 triangulum,
1394 748 1538 818 quod
1562 763 1592 802 a
1611 748 1824 802 Cancro
1845 747 2062 800 initium

489 847 676 910 habet,
703 844 902 900 dicitur
927 844 1280 899 subsolanum
1302 851 1522 912 propter
1539 841 1784 894 eamdem
1811 853 2057 894 causam.

561 936 904 1006 Usurpantur
927 945 1112 990 autem
1149 935 1312 990 etiam
1345 933 1461 988 hmc
1506 931 1780 1002 triangula
1809 932 1878 986 ad
1909 933 2063 985 inve-

488 1030 718 1085 niendas
768 1029 1204 1098 compassiones,
1247 1042 1370 1096 quae
1417 1026 1474 1080 in
1511 1027 1890 1080 nativitatibus
1929 1040 2059 1095 spe-

487 1117 1017 1176 ctantur.Videntur
1048 1119 1218 1184 enim,
1245 1119 1340 1188 qui
1369 1117 1670 1175 secundum
1705 1117 1848 1172 idem
1883 1117 2058 1169 trian-

490 1210 678 1278 gulum
702 1215 1027 1269 nascuntur,
1063 1207 1170 1262 sibi
1203 1207 1437 1262 invicem
1465 1207 1700 1277 compati
1737 1223 1750 1258 :
1783 1217 1837 1260 et
1875 1207 2060 1262 stella-

490 1313 610 1353 rum
633 1299 1079 1362 constitutiones,
1114 1313 1235 1368 quae
1260 1305 1390 1354 sunt
1433 1299 1490 1352 in
1522 1299 1716 1354 iisdem
1745 1299 2058 1370 triangulis,

489 1389 653 1442 simul
681 1397 734 1442 et
766 1389 1028 1458 adjuvare
1061 1394 1116 1442 et
1148 1385 1344 1442 laedere
1373 1387 1710 1444 nativitates.
1737 1387 1874 1442 Nam
1903 1403 2058 1444 com-

487 1480 774 1548 passiones
797 1480 935 1534 ﬁunt
959 1481 1138 1536 tribus
1155 1477 1354 1544 modis,
1379 1480 1684 1536 secundum
1707 1481 2056 1548 diametrum,

487 1571 790 1628 secundum
833 1574 1194 1644 triangulum,
1239 1574 1542 1632 secundum
1569 1574 1918 1644 quadratum.
1951 1573 2058 1628 Sed

489 1663 794 1718 secundum
845 1665 1010 1720 aliam
1056 1667 1372 1722 distantiam
1419 1668 1571 1722 nulla
1615 1667 1674 1722 ﬁt
1715 1669 2056 1738 compassio;

487 1753 642 1824 atqui
672 1763 1104 1812 consentaneum
1137 1769 1275 1824 erat,
1303 1767 1366 1816 ut
1395 1775 1464 1815 ex
1499 1761 1673 1830 signis
1715 1761 1954 1816 maxime
1976 1764 2060 1816 vi-

2166 563 2370 626 στὰσις.
2404 565 2477 617 Τὸ
2521 563 2578 616 δὲ
2617 565 2742 634 ἑξῆς
2775 563 3034 635 τρίγωνον
3075 563 3136 616 τὸ
3187 563 3294 616 ἀπὸ
3339 563 3445 616 τῶν
3485 564 3734 635 Διδύμων

2163 657 2406 710 καλεῖται
2435 655 2724 728 ζεφυρικὺν
2755 655 2842 708 διὰ
2869 655 2968 726 τὴν
3009 655 3198 726 ὁμοίαν
3227 654 3410 708 αἰτίαν
3428 671 3442 683 ·
3471 655 3532 706 τὸ
3561 654 3618 708 δὲ
3647 655 3740 708 ἐπὶ

2163 751 2298 802 πᾶσι
2334 751 2616 820 τρίγωνον,
2651 747 2712 800 τὸ
2757 747 2866 800 ἀπὸ
2907 747 3206 818 Καρκίνου,
3239 745 3602 816 ἀφηλιωτικὸν
3649 747 3740 802 διὰ

2159 843 2260 914 τὴν
2285 843 2452 912 αὐτὴν
2483 843 2681 897 αἰτίαν.

2235 935 2584 1004 Λαμεάνεται
2613 935 2669 988 δὲ
2701 933 2768 986 τὰ
2803 933 3044 1005 τρίγωνα
3085 935 3180 986 καὶ
3209 933 3344 1004 πρὸς
3387 931 3485 994 τὰς
3525 933 3580 984 ἑν
3617 937 3738 996 ταῖς

2161 1029 2405 1095 γενέσεσι
2439 1025 2799 1096 συμπαθείας.
2835 1025 3060 1078 Δοκοῦσι
3093 1025 3202 1096 γὰρ
3229 1025 3278 1077 oi
3307 1023 3449 1078 κατά
3477 1025 3736 1094 τρίγωνον

2161 1115 2486 1186 γεννώμενοι
2521 1116 2824 1186 συμπαθεῖν
2853 1117 3118 1186 ἀλλήλοις,
3147 1119 3238 1170 καὶ
3263 1118 3318 1170 αἱ
3349 1117 3456 1168 τῶν
3495 1117 3739 1186 ἀστέρων

2161 1211 2378 1272 στάσεις
2413 1213 2466 1262 αἱ
2495 1211 2678 1272 ἐντοῖς
2705 1211 2886 1272 αὐτοῖς
2933 1209 3216 1280 τριγώνοις
3246 1211 3340 1262 καὶ
3391 1209 3736 1274 συνωφελείν,

2163 1301 2258 1354 καὶ
2285 1301 2652 1370 συμϐλάπτειν
2689 1301 2804 1370 ἅμα
2849 1301 2946 1362 τὰς
2974 1301 3232 1368 γενέσεις.
3279 1299 3432 1352 Κατὰ
3456 1297 3564 1368 γὰρ
3589 1301 3738 1368 τρεῖς

2159 1393 2392 1464 τρόπους
2439 1395 2497 1446 αί
2539 1392 2873 1462 συμπάθειαι
2927 1392 3186 1458 γίνονται,
3234 1391 3374 1444 κατὰ
3423 1389 3734 1460 διάμετρον,

2161 1483 2305 1538 κατὰ
2343 1483 2624 1555 τρίγωνον,
2667 1484 2808 1538 κατά
2847 1485 3210 1554 τετράγωνον.
3251 1481 3408 1536 Κατὰ
3462 1481 3626 1552 ἄλλην
3677 1481 3736 1535 δὲ

2161 1575 2442 1629 διάστασιν
2471 1575 2694 1644 οὐδεμία
2729 1576 3040 1645 συμπάθεια
3072 1577 3297 1644 γίνεται.
3343 1575 3536 1628 Καίτοι
3584 1573 3736 1626 εὓλο-

2164 1685 2260 1736 γον
2299 1664 2388 1738 ἦν,
2419 1669 2482 1720 ἐκ
2519 1667 2624 1720 τῶν
2662 1667 2896 1738 μάλιστα
2927 1667 3190 1734 σύνεγγυς
3233 1666 3603 1734 συγκειμένων
3633 1665 3738 1728 ζω-

2160 1762 2290 1814 δίων
2311 1761 2652 1830 συμπάθειαν
2679 1759 2944 1828 γίνεσθαι.
2975 1761 3038 1812 Ἥ
3063 1759 3170 1830 γὰρ
3191 1759 3444 1829 ἀποφορὰ
3465 1760 3560 1811 καὶ
3583 1759 3737 1828 ἁπόῤ

487 1847 628 1902 cinis
656 1853 964 1926 compassio
988 1850 1163 1906 ﬁeret.
1187 1851 1398 1908 Delatio
1413 1853 1558 1908 enim
1583 1861 1640 1908 et
1669 1851 2052 1924 deﬂuxus.qui

2161 1857 2300 1926 ροια,
2323 1855 2356 1924 ἡ
2381 1855 2650 1925 φερομένη
2677 1853 2784 1905 ἀπὸ
2807 1853 2904 1922 τῆς
2925 1851 3056 1914 ἰδίας
3071 1851 3351 1920 δυνάμεως
3375 1849 3606 1902 ἑκάστου
3627 1847 3738 1902 τῶν

487 1937 662 1994 fertur
683 1955 716 1994 a
765 1943 986 2012 propria
1026 1943 1080 1998 vi
1113 1945 1450 2016 singularum
1477 1947 1756 2002 stellarum
1776 1985 1791 2010 ,
1821 1946 2054 2002 debebat

485 2033 722 2088 maxime
752 2039 1175 2107 concorporati,
1207 2048 1261 2094 et
1309 2039 1660 2094 commisceri
1693 2055 1816 2094 cum
1846 2041 2044 2094 vicinis

486 2122 682 2195 signis.
719 2123 790 2180 Ut
821 2129 968 2182 enim
991 2129 1268 2200 triangula
1297 2139 1353 2186 et
1383 2130 1652 2202 quadrata
1677 2132 2054 2187 inscribuntur

488 2217 738 2274 circulo:
773 2221 854 2274 sic
895 2223 1062 2277 etiam
1109 2224 1474 2296 hexagonum,
1522 2235 1578 2280 et
1617 2235 1966 2296 octagonum,
2001 2233 2058 2282 et

488 2305 918 2380 dodecagonum.
955 2313 1026 2368 At
1071 2317 1372 2372 secundum
1430 2317 1628 2372 horum
1669 2318 2058 2387 inscriptiones

490 2400 644 2456 milia
687 2403 745 2457 tit
781 2407 1092 2476 compassio
1121 2423 1137 2459 :
1169 2415 1380 2462 tantum
1409 2424 1472 2464 ea
1505 2409 1566 2463 ﬁt
1593 2409 1896 2464 secundum
1930 2425 2059 2479 prse-

491 2489 672 2544 lictos
701 2491 914 2560 modos,
947 2509 1072 2550 cum
1096 2497 1153 2551 in
1179 2497 1496 2569 huiusmodi
1525 2499 1803 2556 distantiis
1831 2507 2056 2554 natura-

489 2577 562 2634 lis
585 2582 830 2652 quadam
853 2588 928 2642 sit
957 2591 1286 2660 compassio.

2159 1945 2422 2016 ἀστέρων,
2445 1943 2642 2013 ὤφειλε
2671 1944 2902 2015 μάλιστα
2935 1941 3604 2014 συναναχρωτίζεσθαικαὶ
3623 1955 3736 1990 συν-

2161 2037 2550 2106 ανακιρνᾶσθαι
2591 2039 2702 2100 τοῖς
2745 2033 3101 2106 πλησιάζουσι
3137 2031 3364 2096 ζωδίοις.
3392 2031 3600 2100 Ὥσπερ
3627 2028 3738 2100 γὰρ

2159 2131 2228 2184 τὰ
2243 2130 2482 2200 τρίγωνα
2501 2130 2594 2181 καὶ
2619 2129 2934 2200 τετράγωνα
2955 2126 3282 2197 ἐγγράφεται
3305 2125 3382 2186 είς
3405 2122 3494 2174 τὸν
3517 2120 3733 2182 κύκλον,

2163 2223 2304 2276 οὕτω
2333 2223 2428 2276 καὶ
2459 2222 2747 2290 ἑξάγωνον,
2775 2221 2870 2274 καὶ
2917 2221 3242 2287 ὀκτάγωνον,
3279 2215 3376 2270 καὶ
3415 2213 3736 2282 δωδεκάγω-

2163 2332 2274 2370 νον.
2315 2315 2473 2367 Ἀλλὰ
2515 2314 2654 2368 κατὰ
2691 2315 2787 2384 μὲν
2820 2313 2918 2376 τὰς
2955 2312 3156 2366 τούτων
3189 2307 3468 2380 ἐγγραφὰς
3512 2305 3736 2374 οὐδεμία

2162 2408 2370 2476 γίνεται
2419 2407 2762 2476 συμπάθεια·
2823 2405 2964 2458 κατὰ
3017 2403 3072 2458 δὲ
3121 2403 3248 2466 τοὺς
3305 2397 3732 2473 προειρημένους

2161 2501 2394 2572 τρόπους
2441 2501 2620 2571 μόνον,
2666 2499 2900 2568 φυσικῆς
2939 2515 3082 2561 τινος
3125 2493 3474 2568 ὑπαρχούσης
3521 2493 3580 2544 ἑν
3613 2491 3732 2550 ταῖς

2161 2593 2438 2656 τοιαύταις
2471 2592 2802 2646 ἀποστάσεσι
2835 2587 3194 2661 συμπαθείας.

1307 5019 2862 5658 ΛΝ
3355 5239 3364 5254 '
