4146 6436
362 393 469 450 761·
1400 400 1639 457 GEMINI
1680 403 2055 460 ELEMENTA
2097 404 2594 464 ASTRONOMIAE.
3508 408 3613 464 762

428 513 581 565 Κατὰ
614 513 951 584 τετράγωνον
993 513 1049 567 δέ
1095 515 1244 567 ἐστι·
1281 516 1468 587 Κριὸς,
1502 516 1796 588 Καρκίνος,
1837 518 1938 570 Ζυ-
1964 521 2013 580 Α
2043 522 2057 551 ³

1969 521 2013 580 Α
2043 522 2057 551 λ
2116 516 2431 572 Secundum
2467 517 2799 588 quadratum
2856 517 3033 588 posita
3081 515 3237 589 signa
3274 525 3404 573 sunt
3440 517 3559 575 hac
3593 537 3606 573 ε

367 603 471 672 γὸς,
512 605 854 676 Αίγόκερως·
916 605 1148 678 Ταῦρος,
1196 607 1366 673 Λέων,
1416 609 1703 680 Σκορπίος,
1749 610 1933 682 Ὑδρο-

2036 609 2215 673 Aries,
2251 607 2487 672 Cancer,
2522 608 2709 674 Libra,
2751 608 3164 679 Capricornus:
3195 608 3432 674 Taurus,
3477 608 3608 676 Leo,

359 694 478 765 χάος
494 710 508 725 ⁸
540 695 781 766 Δίδυμοι,
806 697 1099 769 Παρθένος,
1123 698 1377 770 Τοξότης,
1408 698 1631 770 ’1χθύες.
1652 700 1733 753 Τὰ
1757 701 1934 755 πάντα

2039 697 2329 768 Scorpius,
2381 699 2660 768 Aquarius
2691 714 2704 750 :
2741 698 2988 763 Gemini,
3021 697 3207 770 Virgo,
3260 697 3607 768 Sagittarius.

363 785 674 856 τετράγωνα
717 788 863 857 τρία.
909 788 1207 842 ’Υποτείνει
1256 790 1313 843 δὲ
1361 791 1394 861 ἡ
1442 788 1538 843 τοῦ
1592 789 1931 865 τετραγώνου

2036 787 2245 844 Pisces.
2280 787 2477 843 Omnia
2502 788 2772 856 quadrata
2804 795 2934 844 sunt
2956 790 3086 845 tria.
3116 786 3402 842 Subtendit
3426 795 3609 842 autem

358 876 566 949 πλευρά
593 878 696 931 ὑπὸ
725 877 889 943 ξώδια
922 879 1020 951 μὲν
1060 881 1207 953 τρία,
1242 881 1434 953 μοίρας
1464 881 1521 935 δὲ
1555 886 1625 949 ιιι.
1672 882 1931 936 Καλεῖται

2035 880 2183 936 latus
2212 881 2483 951 quadrati
2513 880 2669 951 signa
2697 879 2824 942 tria,
2876 880 3080 949 gradus
3104 879 3194 935 90.
3228 879 3467 934 Vocatur
3494 880 3609 950 pri-

360 967 460 1037 μὲν
490 968 551 1021 τὸ
584 969 798 1041 πρῶτον
823 972 1161 1043 τετράγωνον
1195 973 1257 1027 τὸ
1300 974 1408 1027 ἀπὸ
1447 973 1539 1027 τοῦ
1580 974 1772 1046 Κριοῦ,
1805 976 1862 1029 ὲν
1887 967 1933 1043 ᾧ

2034 988 2182 1026 mum
2215 972 2571 1042 quadratum,
2602 971 2932 1043 quadratum
2978 971 3049 1025 ab
3080 971 3264 1039 Ariete
3309 972 3605 1040 inceptum,

357 1057 414 1111 αί
444 1049 585 1127 ὧραι
612 1058 887 1131 ἄρχονται,
925 1061 1044 1133 ἔαρ,
1086 1061 1262 1136 θέρος,
1299 1064 1657 1136 φθινόπωρον,
1689 1063 1926 1136 χειμών·

2034 1062 2092 1118 in
2125 1078 2234 1135 quo
2279 1064 2427 1119 hora:
2477 1079 2575 1119 seu
2624 1076 2862 1135 quatuor
2904 1072 3089 1133 partes
3137 1064 3266 1118 anni
3317 1064 3607 1134 incipiunt,

356 1145 417 1199 τὸ
443 1145 691 1219 δεύτερον
722 1151 1059 1221 τετράγωνον
1092 1154 1153 1206 τὸ
1190 1154 1298 1209 ἀπὸ
1327 1154 1422 1207 τοῦ
1448 1156 1682 1227 Ταύρου,
1714 1158 1771 1210 ὲν
1802 1151 1846 1225 ᾧ
1874 1158 1930 1211 αἱ

2033 1169 2152 1218 ver,
2184 1162 2370 1219 aestas,
2402 1163 2726 1219 autumnus,
2768 1153 2979 1220 hiems;
3018 1154 3320 1209 secundum
3364 1156 3607 1225 quadra-

356 1229 493 1308 ὧραι
523 1238 614 1292 τὸν
640 1239 802 1310 μέσον
834 1241 1016 1313 έχουσι
1058 1246 1269 1317 χρόνον,
1305 1246 1485 1320 ἔαρος,
1516 1247 1722 1319 θέρους,
1752 1247 1933 1318 φθινο-

2037 1253 2154 1300 tum
2179 1247 2496 1301 nominatur
2529 1246 2857 1318 quadratum
2901 1263 2932 1302 a
2955 1245 3139 1302 Tauro
3186 1247 3523 1312 inchoatum,
3552 1249 3607 1304 in

357 1324 564 1398 πώρου,
596 1329 864 1400 χειμῶνος
885 1349 898 1363 ·
932 1332 993 1386 τὸ
1035 1334 1094 1388 δὲ
1138 1336 1317 1407 τρίτον
1354 1338 1690 1408 τετράγωνον
1730 1339 1790 1391 τὸ
1822 1338 1931 1392 ἀπὸ

2033 1353 2142 1409 quo
2177 1338 2324 1392 horae
2370 1338 2570 1393 habent
2616 1339 2854 1393 medium
2902 1346 3119 1408 tempus
3168 1339 3348 1404 veris,
3377 1340 3607 1405 aestatis,

355 1416 464 1471 τῶν
493 1418 759 1490 Διδύμων,
787 1422 845 1476 ὲν
870 1416 916 1493 ᾧ
939 1426 994 1478 αἱ
1026 1419 1165 1497 ὧραι
1199 1427 1421 1499 λήγουσι
1472 1428 1612 1482 κατὰ
1649 1430 1776 1493 τοὺς
1804 1429 1931 1500 χρό-

2032 1432 2305 1497 autumni,
2349 1431 2581 1498 hiemis;
2614 1433 2834 1487 tertium
2866 1434 3191 1503 quadratum
3230 1433 3433 1487 dicitur
3469 1448 3606 1503 qua—

355 1528 501 1576 νους.
532 1513 880 1585 Λαμϐάνεται
923 1516 981 1570 δὲ
1028 1518 1091 1571 τὸ
1130 1520 1469 1591 τετράγωνον
1495 1519 1572 1585 ἓν,
1603 1520 1853 1593 καθάπερ
1885 1521 1928 1553 ¹³

2031 1524 2249 1579 dratum
2288 1540 2319 1579 a
2359 1522 2604 1580 Geminis
2636 1525 2934 1594 inceptum,
2986 1524 3042 1579 in
3073 1541 3184 1595 quo
3230 1525 3381 1580 horae
3417 1540 3610 1581 secun-

355 1605 597 1677 εἴρηται,
648 1609 741 1661 καὶ
790 1608 927 1680 πρὸς
981 1609 1081 1674 τὰς
1135 1612 1193 1665 ὲν
1247 1614 1366 1674 ταῖς
1417 1611 1661 1680 γενέσεσι
1710 1630 1928 1684 συμπα-

2030 1618 2162 1670 dum
2228 1623 2476 1686 tempora
2522 1614 2799 1671 desinunt.
2845 1614 3152 1684 Usurpatur
3196 1625 3381 1670 autem
3438 1630 3607 1672 unum

355 1698 522 1763 θείας.
2029 1708 2287 1776 idemque
2338 1705 2695 1775 quadratum,
2745 1715 2806 1760 ut
2846 1707 3053 1761 dictum
3088 1717 3193 1770 est,
3225 1707 3389 1762 etiam
3424 1706 3492 1762 ad
3524 1707 3610 1761 in-

1953 1852 2002 1914 B
2035 1797 2337 1853 veniendas
2365 1798 2816 1868 compassiones,
2848 1814 2968 1868 quae
2995 1799 3051 1853 in
3083 1799 3460 1855 nativitatibus
3484 1816 3609 1872 spc-

2030 1897 2271 1944 ctantur.
2306 1915 2319 1934 ι

425 1973 547 2025 Ἔτι
580 1971 638 2025 δὲ
665 1973 697 2043 ἡ
722 1970 832 2024 τῶν
857 1967 1214 2041 τετραγώνων
1257 1966 1489 2034 ἔκθεσις,
1519 1969 1612 2023 κα)⁸
1649 1969 1783 2040 πρός
1810 1985 1930 2023 τινα

2102 1981 2159 2051 6
2180 1980 2446 2037 Prazterea
2468 1982 2863 2052 quadratorum
2890 1981 3138 2037 doctrina
3159 1983 3324 2038 etiam
3342 1983 3408 2038 ad
3438 1983 3604 2038 alium

348 2067 518 2137 ἄλλην
544 2064 729 2137 χρείαν
762 2062 1099 2133 λαμϐάνεται
1153 2060 1258 2114 ὑπό
1303 2077 1485 2113 τινων.
1527 2060 1632 2113 Τοῦ
1668 2062 1777 2131 γὰρ
1812 2060 1930 2123 ἑνὸς

2032 2070 2328 2142 quemdam
2362 2089 2523 2128 usum
2574 2088 2605 2127 a
2638 2074 2963 2144 quibusdam
2996 2076 3283 2145 accipitur.
3319 2074 3452 2128 Nam
3494 2089 3607 2130 uno

346 2159 531 2214 αὐτῶν
564 2158 668 2211 ὑπὸ
706 2154 801 2210 τοῦ
843 2153 1009 2210 αὑτοῦ
1051 2152 1394 2225 τετραγώνου
1423 2152 1688 2217 δύνοντος,
1716 2153 1775 2206 τὸ
1802 2152 1929 2223 ἑξῆς

2031 2162 2348 2218 earumdem
2375 2165 2679 2235 signorum,
2699 2181 2820 2236 quae
2851 2175 2981 2221 sunt
3010 2168 3066 2222 in
3096 2166 3299 2224 eodem-
3316 2166 3602 2237 quadrato,

349 2250 731 2322 ὑπελάμϐανον
762 2249 1111 2321 μεσουρανείν
1158 2247 1216 2298 ὲν
1252 2243 1330 2315 τῷ
1360 2244 1501 2314 ὑπὲρ
1532 2243 1637 2313 γῆν
1667 2246 1930 2314 ἡμισφαι-

2031 2252 2333 2317 occidente,
2369 2254 2675 2325 proximum
2706 2256 2975 2326 putabant
2998 2265 3189 2312 tenere
3217 2256 3456 2312 medium
3479 2255 3604 2310 coeli

349 2346 487 2418 ρίῳο
522 2339 662 2405 οἷον,
689 2343 970 2413 Αίγόκερω
1010 2339 1286 2403 δύνοντος,
1341 2340 1695 2407 μεσουρανεῖν
1736 2336 1927 2406 Κριὸν,

2031 2342 2086 2395 in
2114 2345 2398 2412 superiore
2420 2344 2826 2416 hemisphaerio.
2846 2346 2916 2402 Ut
2942 2347 3279 2418 Capricorno
3303 2347 3603 2415 occidente,

344 2436 659 2495 ἀνατέλλειν
687 2436 744 2488 δὲ
772 2435 1064 2507 Καρκίνον,
1102 2432 1196 2486 καὶ
1235 2430 1585 2502 μεσουρανείν
1616 2427 1672 2480 δὲ
1696 2428 1800 2481 ὑπὸ
1824 2427 1929 2498 γῆν

2028 2438 2214 2487 tenere
2243 2434 2482 2489 medium
2537 2438 2661 2490 caeli
2713 2437 2979 2503 Arietem,
3011 2438 3146 2493 oriri
3194 2437 3487 2503 Cancrum,
3522 2446 3607 2493 tc-

347 2535 542 2603 Ζυγόν.
571 2534 628 2588 '0
660 2532 716 2587 δὲ
746 2533 905 2596 αὐτὸς
934 2531 1090 2600 λόγος
1124 2528 1215 2584 καὶ
1246 2526 1340 2581 ἐπὶ
1370 2524 1479 2577 τῶν
1504 2523 1706 2577 λοιπῶν
1734 2539 1930 2594 τετρα-

2026 2537 2157 2577 nere
2178 2522 2349 2577 imum
2382 2525 2506 2579 cmli
2539 2524 2782 2581 Libram.
2816 2526 3019 2583 Eadem
3063 2536 3150 2584 est
3201 2529 3344 2584 ratio
3381 2530 3436 2586 in
3470 2529 3603 2585 reli-

344 2623 704 2695 γώνωνοὲστί.
736 2622 809 2675 Τὸ
828 2622 884 2675 δὲ
909 2620 1146 2676 τοιοῦτον
1172 2617 1539 2690 παράγγελμα
1573 2615 1664 2668 ἐπὶ
1707 2614 1805 2687 μὲν
1830 2611 1926 2666 τοῦ

2028 2615 2153 2685 quis
2186 2616 2493 2687 quadratis.
2519 2616 2638 2673 Hoc
2692 2628 3029 2690 praeceptum
3059 2637 3185 2677 cum
3218 2623 3431 2693 integre
3465 2621 3604 2677 dici-

346 2718 467 2781 ένὸς
491 2713 853 2787 τετραγώνου,
889 2713 981 2767 τοῦ
1019 2713 1121 2775 τὰς
1151 2711 1360 2783 τροπὰς
1389 2709 1483 2763 καὶ
1513 2707 1612 2771 τάς
1638 2705 1928 2779 ἰσημερίας

2029 2719 2139 2772 tur,
2175 2716 2387 2763 tantum
2419 2709 2475 2763 in
2515 2726 2627 2765 uno
2662 2711 2952 2782 quadrato,
2978 2713 3123 2783 quod
3166 2714 3223 2768 in
3262 2729 3321 2769 se
3361 2714 3604 2769 continet

345 2807 715 2882 περιέχοντος,
761 2806 904 2861 κατὰ
947 2805 1008 2859 τὸ
1052 2802 1335 2874 ὁλοσχερὲς
1382 2800 1669 2871 λεγόμενον
1703 2816 1926 2870 συμφωο

2027 2806 2229 2868 puncta
2258 2800 2575 2854 solstitialia
2610 2810 2664 2857 et
2700 2803 3107 2871 aequinoctialia
3131 2845 3147 2870 ,
3183 2811 3448 2875 congruet
3475 2819 3602 2860 cum

344 2902 503 2972 νήσει
548 2900 686 2971 πρὸς
724 2898 785 2951 τὸ
832 2898 1188 2968 φαινόμενον·
1228 2895 1364 2964 πρὸς
1405 2893 1463 2946 δὲ
1494 2892 1591 2963 τὴν
1624 2894 1681 2945 ὲν
1718 2890 1796 2961 τῷ
1820 2891 1927 2961 ὅλῳ

2025 2905 2093 2944 eo
2124 2890 2271 2960 quod
2301 2899 2529 2962 apparet
2569 2910 2583 2947 :
2618 2900 2674 2947 at
2703 2893 2963 2948 dissentit
2988 2896 3034 2950 si
3055 2901 3228 2950 totum
3253 2896 3354 2952 hoc
3371 2895 3582 2966 quadra

342 2991 630 3065 ἀκρίϐειαν
661 2990 935 3060 διαφωνεῖ.
966 2989 1247 3058 Δίγόκερω
1278 2986 1385 3057 γάρ
1412 2984 1513 3054 τῆς
1546 2982 1769 3054 πρώτης
1810 2981 1928 3053 μοί-

2025 2989 2142 3035 tum
2174 2983 2450 3039 subtiliter
2481 2985 2885 3042 consideretur.
2912 2987 3236 3058 Capricorni
3255 2988 3399 3043 enim
3426 2988 3603 3059 primo

342 3098 447 3157 ρας
466 3079 746 3152 δυνούσης,
762 3078 930 3151 Κριοῦ
949 3077 1138 3150 πρώτη
1159 3079 1321 3149 μοῖρα
1343 3075 1758 3146 μεσουρανήσει·
1782 3075 1928 3147 Καρ-

2027 3075 2201 3146 gradu
2252 3077 2560 3143 occidente,
2600 3077 2805 3134 Arietis
2845 3078 3057 3149 primus
3112 3079 3314 3149 gradus
3363 3079 3602 3134 medium

342 3175 494 3238 κίνος
539 3173 596 3226 δὲ
642 3171 836 3246 πρώτῃ
879 3172 1043 3243 μοίρᾳ
1087 3169 1400 3262 ἀνατέλλειο
1436 3168 1606 3262 levo;
1633 3168 1701 3262 Ade
1734 3164 1923 3262 πρώτῃ
1954 3202 1979 3262 ί

1967 3202 1997 3262 Β
2031 3169 2156 3225 cteli
2181 3171 2422 3226 tenebit:
2455 3170 2671 3227 Cancer
2696 3187 2798 3228 suo
2831 3173 3011 3244 primo
3040 3172 3213 3244 gradu
3235 3173 3479 3228 orietur:
3514 3171 3604 3228 Li-

346 3268 513 3340 μοίρᾳ
544 3266 649 3319 ὑπὸ
672 3266 775 3335 γῆν
805 3262 1219 3335 μεσουρανήσει.
1251 3260 1385 3314 Τότε
1412 3259 1522 3332 γὰρ
1559 3260 1588 3311 ὁ
1627 3257 1716 3311 διὰ
1748 3258 1928 3329 μέσων
1965 3257 1983 3262 ⁷

1965 3257 1996 3262 ν
2032 3262 2129 3317 bra
2162 3277 2294 3318 vero
2324 3277 2427 3318 suo
2475 3265 2655 3334 primo
2698 3262 2875 3336 gradu
2913 3264 3083 3319 imum
3124 3264 3251 3319 caeli
3291 3262 3599 3334 occupabit.

339 3357 453 3415 τῶν
482 3357 685 3424 ζωδίων
718 3355 914 3420 κύκλος
957 3356 1039 3420 εἰς
1074 3354 1317 3424 τέσσαρα
1348 3352 1488 3424 μέρη
1523 3351 1612 3405 ἴσα
1643 3351 1928 3422 διαιρεῖται

2031 3351 2188 3408 Tunc
2218 3353 2364 3409 enim
2393 3355 2647 3425 ecliptica
2677 3355 2734 3410 in
2766 3362 3009 3425 quatuor
3035 3361 3220 3426 partes
3249 3358 3486 3426 aequales
3519 3353 3603 3410 di-

339 3451 451 3509 ὑπὸ
476 3449 586 3505 τῶν
627 3449 898 3521 κολούρων
927 3447 1170 3502 κύκλων·
1200 3446 1341 3500 ὥστε
1388 3447 1501 3499 ἴσον
1544 3440 1684 3498 εἶναι
1724 3444 1789 3497 τὸ
1820 3444 1929 3498 ἀπὸ

2027 3444 2235 3500 viditur
2266 3460 2297 3499 a
2325 3447 2531 3503 coluris
2569 3448 2836 3504 circulis:
2870 3456 2931 3502 ut
2978 3448 3325 3504 intervallum
3368 3448 3603 3518 zodiaci,

343 3546 439 3617 τῆς
502 3544 948 3615 μεσουρανήσεως
990 3540 1128 3611 πρὸς
1178 3537 1444 3607 ἀνατολὴν
1492 3537 1587 3591 καὶ
1638 3536 1789 3590 δύσιν
1832 3534 1925 3589 τοῦ

2030 3537 2175 3608 quod
2203 3546 2289 3593 est
2318 3552 2349 3592 a
2388 3539 2570 3594 medio
2603 3540 2727 3595 caeli
2752 3540 2820 3595 ad
2850 3548 3055 3604 ortum,
3090 3540 3162 3595 sit
3198 3541 3405 3611 mquale
3436 3541 3605 3596 inter-

342 3630 614 3700 ζωδιακοῦ
666 3631 966 3701 διάστημω
1015 3629 1273 3699 ἑκάτερον
1330 3626 1440 3697 γὰρ
1484 3624 1664 3679 αὐτῶν
1720 3626 1927 3693 γίνεται

2027 3629 2174 3683 vallo
2201 3629 2436 3695 zodiaci,
2467 3630 2615 3702 quod
2665 3637 2750 3688 est
2782 3646 2812 3685 a
2859 3631 3041 3686 medio
3066 3633 3190 3688 caeli
3218 3633 3287 3686 ad
3310 3647 3602 3700 occasum;

342 3724 555 3791 ζωδίων
588 3721 774 3795 τριῶν.
823 3722 912 3776 Ἐν
940 3708 1014 3774 ’δὲ
1044 3722 1166 3782 ταῖς
1196 3718 1410 3781 λοιπαῖς
1454 3718 1674 3771 στάσεσι
1708 3715 1802 3769 τοῦ
1842 3732 1927 3770 τε-

2028 3727 2330 3791 utrumque
2359 3721 2505 3776 enim
2543 3721 2741 3776 horum
2776 3721 3190 3776 intervallorum
3220 3727 3327 3777 tria
3361 3723 3607 3778 continet

340 3812 624 3887 τραγώνου
645 3812 834 3865 τούτου
865 3810 959 3864 καὶ
998 3809 1106 3863 τῶν
1128 3807 1328 3861 λοιπῶν
1360 3807 1422 3860 ού
1454 3806 1740 3877 συμϐαίνει
1777 3807 1856 3869 εἰς
1884 3805 1926 3859 δ’

2028 3810 2205 3881 signa.
2238 3810 2310 3863 At
2362 3812 2421 3865 in
2468 3811 2698 3882 reliquis
2747 3811 2983 3867 statibus
3028 3812 3195 3883 hujus
3229 3813 3513 3883 quadrati,
3551 3820 3608 3868 et

345 3909 493 3980 μέρη
510 3908 599 3962 ῐσα
613 3903 936 3979 διαιρεῖσθαι
962 3902 1053 3957 τὸν
1071 3900 1332 3966 ζωδιακὸν
1351 3898 1568 3953 κύκλον.
1588 3897 1686 3951 Διὰ
1699 3897 1756 3951 δὲ
1769 3896 1927 3950 τοῦτο

2027 3903 2260 3958 aliorum
2309 3901 2705 3973 quadratorum
2754 3918 2866 3959 non
2928 3904 3199 3977 contingit
3254 3906 3311 3959 in
3368 3913 3604 3977 quatuor

342 4001 441 4055 οὐκ
480 3999 593 4052 ἐστι
624 3998 710 4052 διὰ
738 3997 936 4059 παντὸς
975 3994 1088 4047 ἴσον
1115 3993 1178 4047 τὸ
1204 3992 1312 4047 ἀπὸ
1346 3991 1447 4061 τῆς
1482 3990 1927 4062 μεσουρανήσεως

2024 4004 2211 4065 partes
2247 3995 2485 4064 aequales
2520 3995 2805 4050 zodiacum
2849 3993 3117 4050 circulum
3157 3995 3447 4052 dividi.Ac
3476 4012 3607 4068 pro-

343 4097 483 4168 πρὸς
518 4094 781 4166 ἀνατολὴν
815 4092 910 4146 καὶ
931 4091 1070 4162 πρὸς
1095 4090 1195 4161 τὴν
1224 4088 1374 4142 δύσιν
1392 4088 1686 4158 διάστημα,
1713 4087 1806 4141 ἐπὶ
1829 4086 1923 4141 τοῦ

2027 4094 2215 4157 pterea
2243 4086 2592 4143 intervallum
2617 4102 2648 4140 a
2668 4087 2848 4143 medio
2869 4088 2995 4144 ωειὶ
3016 4087 3086 4143 ad
3119 4099 3298 4144 ortum
3333 4104 3439 4144 non
3462 4105 3603 4144 sem-

344 4186 612 4254 ζωδιακοῦ
647 4184 848 4239 κύκλου
891 4181 1319 4255 λαμϐανομένων
1368 4179 1477 4233 τῶν
1522 4178 1920 4251 διαστημάτων.

2027 4193 2126 4249 per
2153 4185 2237 4234 est
2261 4179 2470 4250 azquale
2493 4180 2782 4235 intervallo
2809 4194 2842 4234 a
2872 4180 3054 4237 medio
3078 4182 3204 4239 cmli
3234 4181 3299 4236 ad
3319 4196 3601 4248 occasum,

342 4281 504 4336 Κατὰ
537 4280 635 4351 μὲν
660 4278 769 4351 γὰρ
794 4275 1137 4348 παράλληλον
1154 4274 1373 4341 κύκλον,
1394 4276 1507 4330 ἴσον
1536 4276 1653 4329 ἐστὶ
1680 4274 1770 4329 διὰ
1795 4292 1926 4330 παν-

2030 4286 2155 4326 cum
2189 4271 2307 4327 haec
2341 4272 2651 4339 intervalla,
2686 4288 2782 4328 seu
2811 4288 2998 4338 arcus,
3033 4274 3091 4328 in
3120 4273 3347 4328 zodiaco
3377 4289 3605 4329 sumun-

342 4373 434 4438 τδς
471 4373 532 4427 τὸ
564 4371 672 4425 ἀπὸ
714 4370 814 4440 τῆς
858 4369 1308 4440 μεσουρανήσεως
1345 4367 1482 4439 πρὸς
1528 4366 1788 4438 ἀνατολὴν
1829 4368 1924 4422 καὶ

2024 4373 2137 4420 tur.
2171 4364 2241 4418 At
2271 4366 2318 4421 si
2347 4365 2462 4421 hac
2487 4366 2775 4420 intervalla
2803 4366 2858 4420 in
2892 4366 3155 4436 parallelo
3183 4366 3366 4436 aliquo
3392 4364 3601 4421 circulo

343 4469 482 4541 πρὸς
511 4465 609 4537 τὴν
645 4463 793 4519 δύσιν
823 4463 1117 4540 διάστημα.
1151 4460 1311 4516 Ὅθεν
1355 4461 1449 4515 καὶ
1477 4460 1555 4531 τῷ
1597 4460 1732 4531 ἡλίῳ
1764 4478 1922 4533 φερο-

2028 4466 2354 4524 sumuntur,
2386 4474 2604 4529 semper
2654 4458 2710 4513 id
2763 4458 2911 4528 quod
2957 4466 3099 4515 esta
3146 4458 3327 4514 medio
3359 4458 3483 4513 cceli
3534 4459 3603 4513 ad

347 4562 496 4630 μένῳ
528 4556 650 4611 καθ’
676 4556 912 4625 ἑκάστην
934 4553 1150 4625 ἡμέραν
1178 4552 1272 4605 ἐπὶ
1297 4549 1512 4605 κύκλων
1541 4550 1922 4624 παραλλήλων,
1950 4547 1984 4607 ll

1968 4548 2003 4607 D
2028 4560 2215 4607 ortum
2248 4558 2335 4606 est
2366 4551 2576 4622 aequale
2598 4549 2671 4615 ei,
2701 4548 2846 4620 quod
2889 4558 2975 4604 est
2996 4562 3027 4602 a
3048 4548 3228 4603 medio
3259 4549 3383 4604 coeli
3413 4549 3481 4604 ad
3511 4564 3605 4605 oc-

345 4650 459 4706 ἴσον
487 4646 627 4705 εἶναι
657 4647 940 4720 συμϐαίνει
966 4648 1055 4700 τὸν
1083 4645 1192 4700 ἀπὸ
1222 4645 1325 4715 τῆς
1345 4644 1609 4715 ἀνατολῆς
1639 4645 1800 4715 μέχρι
1826 4645 1925 4717 τῆς

2026 4659 2243 4700 casum.
2287 4642 2445 4699 Unde
2478 4643 2538 4697 ﬁt
2568 4651 2651 4707 ut,
2682 4657 2807 4696 cum
2848 4642 2930 4696 sol
2956 4639 3201 4711 quotidie
3234 4641 3291 4697 in
3327 4643 3603 4713 parallelis

348 4743 801 4814 μεσουρανήσεως
833 4739 1030 4810 δρόμον
1067 4737 1162 4792 τοῦ
1207 4738 1315 4791 ἀπὸ
1349 4738 1450 4809 τῆς
1477 4737 1925 4809 μεσουρανήσεως

2029 4734 2261 4790 circulis
2288 4733 2518 4800 feratur,
2543 4731 2744 4787 habeat
2764 4747 3012 4796 cursum,
3038 4732 3133 4803 qui
3173 4742 3258 4788 est
3284 4735 3356 4789 ab
3383 4742 3507 4790 ortu
3533 4735 3602 4790 ad

348 4836 510 4908 μέχρι
534 4834 754 4898 δύσεως.
801 4830 925 4884 Ἐπὶ
961 4830 1018 4883 δὲ
1049 4830 1142 4884 τοῦ
1175 4828 1444 4894 ζωδιακοῦ
1480 4828 1679 4883 κύκλου
1714 4826 1925 4900 λαμϐα-

2030 4824 2275 4881 medium
2313 4824 2460 4885 cceli,
2491 4824 2759 4895 aequalem
2787 4826 2838 4881 ei
2865 4826 3056 4882 cursui
3102 4826 3197 4898 qui
3252 4835 3337 4881 est
3362 4840 3393 4879 a
3423 4824 3604 4882 medi'o

344 4927 584 4997 νομένων
625 4924 734 4979 τῶν
780 4922 1184 4995 διαστημάτων,
1227 4922 1411 4977 ἄνισον
1441 4918 1579 4975 εἶναι
1612 4919 1926 4992 συμϐέϐηκε

2029 4917 2158 4973 οωιὶ
2193 4932 2369 4988 usque
2403 4916 2473 4972 ad
2494 4931 2776 4974 occasum.
2811 4917 2948 4973 Cum
2972 4933 3103 4975 vero
3135 4919 3192 4973 in
3230 4918 3456 4975 zodiaco
3488 4919 3605 4975 haec

345 5019 406 5071 τὸ
429 5019 538 5072 ἀπὸ
561 5018 660 5089 τῆς
692 5016 1143 5088 μεσουρανήσεως
1178 5012 1341 5085 μέχρι
1380 5016 1482 5085 τῆς
1515 5012 1777 5082 ἀνατολῆς
1803 5011 1922 5066 διά-

2029 5009 2319 5066 intervalla
2352 5018 2666 5077 sumuntur,
2708 5010 2979 5083 contingit
3027 5018 3090 5065 ut
3127 5011 3183 5066 id
3230 5012 3600 5078 intervallum,

345 5126 530 5180 στημα
561 5108 640 5180 τῷ
664 5108 773 5163 ἀπὸ
798 5106 898 5177 τῆς
927 5106 1374 5177 μεσουρανήσεως
1405 5105 1565 5178 μέχρι
1594 5105 1694 5175 τῆς
1720 5103 1924 5168 δύσεως

2029 5100 2177 5173 quod
2205 5107 2291 5157 est
2342 5116 2374 5155 a
2413 5101 2593 5157 medio
2622 5103 2747 5158 εωιί
2778 5101 2849 5158 ad
2892 5112 3075 5158 ortum
3097 5142 3115 5169 ,
3147 5104 3218 5159 sit
3256 5103 3521 5173 inaequale
3551 5104 3602 5159 ei

343 5201 430 5255 διὰ
454 5201 551 5273 τὴν
582 5199 842 5271 λοξότητα
876 5196 970 5253 τοῦ
1016 5195 1304 5263 ζωδιακοῦ.
1352 5196 1463 5249 Καὶ
1507 5196 1655 5251 ἐστιν
1690 5196 1780 5250 ὅτε
1815 5194 1923 5248 τῶν

2032 5192 2350 5257 intervallo,
2383 5192 2527 5263 quod
2556 5202 2642 5250 est
2664 5209 2701 5248 a
2731 5193 2910 5251 medio
2957 5195 3082 5249 coeli
3114 5194 3183 5249 ad
3212 5208 3492 5259 occasum,
3523 5194 3605 5250 id-

345 5289 405 5357 ἐξ
435 5291 640 5357 ζωδίων
666 5290 775 5346 τῶν
807 5290 896 5345 διὰ
932 5289 1131 5354 παντὸς
1164 5288 1303 5362 ὑπὲρ
1331 5291 1435 5361 γῆν
1465 5288 1635 5344 ὄντων
1662 5287 1787 5361 τρία
1824 5288 1925 5359 μὲν

2034 5299 2144 5354 que
2195 5292 2417 5355 propter
2448 5283 2829 5355 obliquitatem
2868 5285 3102 5351 zodiaci,
3136 5301 3202 5341 ac
3237 5286 3510 5344 interdum
3538 5302 3605 5342 ex

346 5384 441 5437 καὶ
478 5386 650 5456 ἥμισυ
703 5383 812 5437 ἀπὸ
854 5383 955 5455 τῆς
1005 5381 1455 5455 μεσουρανήσεως
1490 5381 1630 5453 πρὸς
1661 5380 1924 5449 ἀνατολὴν

2031 5375 2143 5431 illis
2173 5391 2270 5435 sex
2301 5375 2495 5447 signis,
2534 5391 2657 5447 qua:
2699 5391 2916 5448 semper
2957 5388 3085 5433 sunt
3134 5392 3302 5448 supra
3348 5368 3606 5433 horizon-

345 5475 809 5549 άπολαμϐάνεται,
835 5475 928 5529 δύο
953 5475 1010 5529 δὲ
1039 5474 1135 5529 καὶ⁴
1157 5474 1328 5545 ἥμισυ
1357 5473 1493 5545 πρὸς
1518 5472 1688 5529 δύσιν.

2029 5476 2166 5534 tem,
2196 5469 2326 5536 tria,
2369 5476 2424 5524 et
2470 5468 2759 5524 dimidium
2806 5486 2837 5525 a
2883 5471 3062 5526 medio
3105 5472 3230 5527 caeli
3282 5486 3479 5528 versus
3512 5485 3605 5525 or~

2032 5567 2152 5614 tum
2206 5559 2664 5631 intercipiuntur,
2705 5559 2816 5617 duo
2859 5568 2913 5617 ct
2945 5560 3232 5617 dimidium
3266 5576 3462 5618 versus
3508 5576 3606 5618 oc-

2032 5667 2237 5709 casum.

432 5829 477 5863 “
511 5849 599 5904 γρ.
624 5831 683 5889 δὲ
711 5832 1023 5905 τετράγωνα
1048 5831 1314 5903 καθάπερ.
