4146 6472
546 364 658 426 765
1559 383 1648 438 AD
1686 383 1955 444 EUSEBH
1987 389 2387 456 CHRONICON
2421 401 2803 464 APPENDIX.'
3700 421 3816 487 76}

1378 612 1978 937 «ὥχᾶ
2150 539 2220 759 _'
2507 646 2642 781 ἦρ
2768 738 3079 983 χλ
3495 568 3503 577 ’

1426 1487 3416 2923 \//'

571 3155 692 3213 Jam
723 3169 950 3232 propter
977 3164 1259 3222 climatum
1293 3167 1632 3227 did‘erentias
1664 3171 1831 3227 etiam
1863 3172 1919 3226 in
1954 3187 2079 3243 par-
2108 3174 2208 3243 Al

2131 3179 2157 3234 ι
2181 3171 2398 3243 ωἭδη
2420 3170 2478 3225 δὲ
2511 3172 2662 3243 παρὰ
2695 3171 2794 3236 τὰς
2816 3169 2927 3225 τῶν
2956 3170 3234 3242 κλιμάτων
3266 3172 3526 3246 διαφορὰς
3566 3178 3662 3233 καὶ
3685 3180 3768 3245 εἰς

504 3250 786 3342 ιηεεηιαείε
812 3251 1110 3324 inaequales
1134 3257 1398 3315 dividitur
1419 3261 1678 3317 zodiacus
1694 3278 1725 3317 a
1750 3262 2077 3331 meridiano,

2179 3264 2485 3335 ἀνισώτερα
2518 3264 2658 3335 μέρη
2685 3263 2968 3336 διαιρεῖται
3001 3264 3106 3318 ὑπὸ
3134 3264 3230 3319 τοῦ
3262 3267 3637 3342 μεσημϐρινοῦ
3664 3271 3765 3326 κύ-

497 3344 564 3394 et
587 3339 859 3398 interdum
889 3345 958 3402 de
986 3347 1089 3402 180
1129 3351 1394 3420 gradibus
1413 3393 1428 3418 ,
1465 3355 1560 3424 qui
1593 3370 1811 3427 semper
1832 3365 1961 3413 sunt
1991 3372 2082 3412 su-

2178 3355 2330 3409 κλου.
2361 3354 2473 3409 Καὶ
2500 3354 2647 3408 ἔστιν
2679 3356 2768 3409 ὅτε
2793 3354 2901 3409 τῶν
2938 3361 3025 3428 ρπν
3071 3356 3276 3430 μοιρῶν
3307 3357 3414 3412 τῶν
3448 3339 3538 3414 διὰ
3564 3362 3766 3429 παντὸς

496 3446 597 3505 pra
635 3435 998 3506 horizontem,
1029 3442 1135 3498 120
1158 3445 1365 3516 gradus
1401 3462 1433 3501 a
1480 3449 1660 3503 medio
1705 3449 1835 3504 cmli
1881 3464 2076 3507 versus

2178 3446 2320 3519 ὑπὲρ
2347 3447 2438 3500 τὸν
2468 3447 2718 3517 ὁρίζοντα
2750 3447 3109 3519 ὑπαρχουσῶν
3156 3455 3200 3519 ρ’
3231 3449 3329 3520 μὲν
3375 3451 3469 3505 καὶ
3501 3458 3549 3505 κ’
3576 3457 3765 3525 μοῖραι

494 3537 679 3584 ortum
710 3531 1138 3604 intercipiuntur
1165 3559 1177 3593 :
1208 3536 1281 3595 60
1308 3555 1440 3595 vero
1468 3540 1672 3610 gradus
1704 3557 1899 3598 versus
1921 3557 2078 3599 occa-

2175 3538 2286 3594 ἀπὸ
2315 3539 2417 3611 τῆς
2472 3541 2922 3612 μεσουρανήσεως
2958 3541 3093 3611 πρὸς
3129 3541 3392 3613 ἀνατολὴν
3438 3543 3761 3615 ἀπολαμσά-

497 3634 645 3685 sum,
671 3629 726 3677 et
750 3632 966 3680 contra.
1000 3626 1141 3682 Cum
1174 3629 1344 3700 igitur
1366 3630 1423 3685 in
1454 3632 1729 3688 divisione
1755 3633 1965 3689 zodiaci
1994 3645 2076 3689 ta-

2172 3647 2375 3695 νονται,
2410 3630 2450 3695 ξ’
2482 3631 2540 3683 δὲ
2586 3632 2721 3703 πρὸς
2758 3631 2930 3697 δύσιν,
2976 3633 3071 3686 καὶ
3115 3634 3441 3689 τούναντίον.
3491 3636 3763 3710 Τοιαύτης

493 3710 565 3766 lis
588 3714 660 3768 sit
707 3718 971 3783 varietas,
1018 3721 1248 3776 omnino
1296 3723 1651 3780 manifestum
1701 3724 1761 3780 ﬁt
1804 3735 2068 3783 erratum.

2171 3716 2265 3776 οὖν
2289 3720 2455 3793 οῠσης
2478 3721 2579 3793 τῆς
2610 3722 2967 3794 παραλλαγῆς
3001 3724 3059 3777 ὲν
3098 3727 3165 3796 τῇ
3212 3725 3475 3798 διαιρέσει
3518 3726 3614 3782 τοῦ
3648 3728 3760 3792 ξω-

491 3802 630 3859 Cum
653 3808 800 3862 enim
828 3810 1106 3881 Aquarius
1127 3816 1328 3881 oritur,
1353 3832 1466 3872 non
1499 3826 1646 3874 tenet
1671 3819 1913 3876 medium
1945 3823 2070 3878 cali

2170 3813 2358 3869 διακοῦ
2388 3813 2611 3879 κύκλου,
2649 3815 2872 3887 ἔκδηλον
2903 3815 3207 3888 ὁλοσχερῶς
3236 3816 3447 3887 γίνεται
3484 3819 3547 3873 τὸ
3580 3821 3761 3891 ἁμάρ-

492 3897 728 3965 Taurus,
764 3905 859 3959 sed
883 3913 1001 3960 toto
1038 3907 1199 3978 signo
1233 3924 1265 3963 a
1297 3912 1479 3966 medio
1508 3912 1634 3967 caeli
1674 3913 1855 3970 aberit
1894 3917 2066 3971 inter-

2167 3923 2340 3977 τημα.
2382 3906 2668 3978 ’Υδροχόου
2712 3907 2822 3980 γὰρ
2852 3907 3261 3973 ἀνατέλλοντος,
3315 3910 3377 3963 οὐ
3431 3914 3762 3982 μεσουρανιϊ

490 3988 622 4046 dum
680 3996 845 4050 etiam
905 3997 1144 4069 longius.
1195 3999 1383 4072 Neque
1439 4002 1609 4058 imum
1665 4006 1791 4060 cmli
1846 4005 2068 4062 habebit

2168 3999 2404 4072 Ταῦρος,
2432 3999 2546 4053 ἀλλ’
2581 3998 2770 4069 ἀφέξει
2805 3997 2994 4064 ζώδιον
3014 3999 3134 4054 ὅλον
3161 4000 3269 4054 ἀπὸ
3295 4002 3393 4073 τῆς
3419 4002 3776 4075 μεσουρανῇ..

489 4081 807 4157 Scorpius:
853 4089 948 4146 sed
996 4091 1142 4148 idem
1192 4106 1225 4148 a
1287 4094 1598 4150 meridiano
1641 4097 1857 4168 integro
1909 4098 2065 4171 signo

2167 4107 2337 4155 σεωςο
2385 4090 2501 4144 ἔστι
2537 4091 2595 4145 δὲ
2631 4093 2721 4146 ὅτε
2760 4092 2856 4146 καὶ
2900 4091 3082 4146 πλέον.
3113 4092 3249 4145 Οὐδὲ
3280 4093 3386 4147 ὑπὸ
3422 4094 3525 4166 γῆν
3557 4111 3753 4164 μεσου-

484 4177 732 4247 distabit,
766 4181 1040 4238 interdum
1066 4185 1233 4241 etiam
1251 4185 1490 4259 longius.
1522 4186 1712 4259 Itaque
1732 4190 1847 4246 base
1871 4205 2064 4246 secun-

2165 4184 2390 4256 ρανήσει
2424 4184 2690 4255 Σκορπίος
2709 4201 2724 4215 ο
2753 4182 2891 4238 ἀλλὰ
2928 4181 3116 4248 ζὼδιον
3140 4182 3259 4237 ὅλον
3300 4183 3488 4254 ἀφέξει
3520 4185 3627 4239 ἀπὸ
3652 4185 3750 4240 τοῦ

482 4273 613 4329 dum
657 4276 924 4347 quosdam
973 4279 1372 4352 quadratorum
1416 4282 1669 4338 doctrina
1721 4283 1949 4341 omnino
1976 4294 2064 4342 est

2165 4272 2571 4347 μεσημϐρινοῦ·
2607 4275 2723 4327 ἐστι
2749 4274 2806 4327 δὲ
2828 4276 2916 4328 ὅτε
2947 4276 3041 4328 καὶ
3072 4274 3278 4331 πλεῖον.
3316 4276 3479 4329 Ὥστε
3520 4276 3750 4333 καθόλου

479 4365 645 4423 falsa.
2158 4367 2257 4439 τὴν
2286 4366 2392 4422 τῶν
2415 4366 2773 4439 τετραγώνων
2799 4366 3014 4422 ἔκθεσιν
3047 4366 3477 4440 διημαρτῆσθαι.

550 4458 863 4519 Secundum
884 4464 1344 4523 combinationem
1373 4469 1553 4540 posita
1577 4469 1731 4541 signa
1766 4485 1830 4527 ea
1862 4470 2057 4528 dicun—
2087 4537 2115 4541 _

2228 4458 2388 4512 Κατὰ
2413 4458 2673 4527 συζυγίαν
2698 4458 2755 4513 δὲ
2786 4458 3003 4528 λέγεται
3029 4457 3196 4523 ζώδια
3241 4458 3311 4513 τὰ
3347 4460 3411 4512 ὲκ
3445 4458 3541 4513 τοῦ
3577 4458 3746 4515 αὐτοῦ

476 4561 588 4619 tur,
619 4570 738 4626 qua:
765 4571 832 4611 cx
892 4559 1083 4615 eodem
1144 4559 1269 4618 loco
1303 4537 1585 4629 oriuntur,
1615 4537 1668 4619 et
1713 4564 1770 4618 in
1798 4564 2050 4621 eumdem
2085 4537 2113 4595 ε

2104 4539 2129 4595 3
2157 4550 2324 4605 τόπου
2350 4549 2724 4615 ἀνατέλλοντα,
2760 4550 2855 4603 καὶ⁸
2886 4551 2967 4614 είς
2993 4550 3085 4604 τὸν
3114 4550 3277 4605 αὑτὸν
3304 4551 3465 4605 τόπον
3498 4550 3741 4610 δύνοντα.

473 4645 654 4703 locum
683 4651 959 4707 occidunt.
984 4652 1109 4710 Haac
1130 4662 1310 4710 autem
1343 4664 1494 4724 sunt,
1511 4672 1633 4728 quae
1660 4658 1804 4712 inter
1824 4642 2048 4714 eosdem

2157 4642 2343 4696 Ταῦτα
2369 4640 2427 4694 δέ
2460 4642 2576 4694 εστί
2600 4639 2668 4695 τὰ
2699 4641 2805 4694 ὑπὸ
2821 4640 2930 4695 τῶν
2964 4641 3142 4694 αὐτῶν
3180 4641 3539 4713 παραλλήλων
3565 4660 3754 4715 παραα

470 4740 579 4797 sita
613 4752 743 4798 sunt
776 4746 1072 4815 parallelos
1101 4749 1366 4805 circulos.
1406 4727 1626 4808 Veteres
1655 4750 1875 4822 quidem
1906 4766 2052 4807 com-

2151 4729 2536 4803 λαμϐανόμενα
2554 4733 2597 4764 η
2614 4731 2848 4787 κύκλων.
2872 4734 2935 4785 Oi
2967 4734 3067 4803 μὲν
3086 4727 3177 4786 οὖν
3203 4735 3419 4805 ἀρχαῖοι
3454 4734 3555 4799 τὰς
3577 4737 3741 4800 συζυο

466 4831 779 4892 hinationes
815 4840 1095 4910 signorum
1127 4841 1210 4897 sic
1235 4844 1583 4914 exponebant
1612 4843 1922 4901 :Cancrum
1954 4846 2049 4900 do-

2148 4826 2273 4895 γίας
2302 4824 2660 4893 ἀπεφαίνοντο
2681 4823 2854 4888 οὕτως
2871 4840 2885 4853 ·
2905 4823 3172 4895 Καρκίνον
3200 4825 3296 4895 μὲν
3319 4822 3618 4887 eameam
3642 4843 3754 4896 μηο,

464 4935 701 4983 cuerunt
748 4929 955 4983 nullam
1017 4931 1223 4987 habere
1272 4933 1734 4990 combinationem
1767 4949 1891 4989 cum
1937 4934 2046 4989 alio

2145 4921 2201 4974 δε
2211 4919 2339 4991 μίαν
2357 4919 2498 4990 ἔχειν
2514 4919 2774 4987 συζυγίαν
2794 4917 2930 4989 πρὸς
2954 4916 3080 4972 ἄλλο
3096 4915 3284 4982 ξὼδιον
3300 4934 3313 4947 θ
3330 4916 3466 4971 ἀλλὰ
3487 4917 3583 4971 καὶ
3602 4919 3734 4973 ἀνα-

461 5020 660 5092 signo:
697 5024 792 5079 sed
822 5033 875 5081 et
913 5024 1051 5079 oriri
1090 5027 1328 5081 maxime
1366 5027 1669 5091 borealem,
1705 5034 1758 5083 et
1786 5024 2041 5081 occidere

2143 5012 2349 5067 τέλλειν
2381 5011 2742 5083 βορειότατον,
2776 5011 2870 5064 καὶ
2907 5009 3084 5064 δύνειν
3114 5008 3478 5082 βορειότατον,
3507 5011 3733 5085 τοιούτῳ

458 5114 699 5171 maxime
752 5116 1062 5182 borealem,
1096 5132 1222 5172 cum
1258 5116 1312 5172 in
1343 5118 1437 5173 tali
1484 5120 1671 5191 aliquo
1718 5125 2041 5189 argumento

2142 5107 2248 5161 τινὶ
2272 5104 2514 5169 πιθανῶς
2548 5103 3113 5176 προσαναπαυόμενοι.
3151 5102 3304 5155 Ἐπεὶ⁵
3328 5101 3443 5176 γὰρ
3483 5105 3540 5158 αἱ
3583 5100 3730 5177 θερι-

456 5207 731 5277 probabili
758 5209 1199 5280 acquiescerent.
1231 5207 1367 5263 Cum
1400 5211 1547 5265 enim
1581 5210 1772 5265 aestiva
1798 5208 2038 5264 solstitia

2140 5199 2230 5253 val.
2266 5197 2465 5269 τροπαὶ
2491 5196 2730 5265 γίνονται
2764 5198 2821 5250 ὲν
2850 5194 3131 5266 Καρκίνῳ,
3170 5195 3229 5247 ἐν
3259 5193 3315 5246 δὲ
3347 5196 3466 5257 ταῖς
3493 5193 3731 5265 θεριναῖς

454 5295 588 5354 ﬁant
614 5300 669 5355 in
698 5298 936 5367 Cancro,
969 5310 1023 5357 et
1053 5302 1111 5356 in
1157 5299 1365 5356 aestivis
1395 5302 1650 5358 solstitiis
1681 5300 1763 5355 sol
1799 5301 2036 5355 maxime

2136 5293 2365 5364 τροπαῖς
2397 5290 2733 5360 βορειότατος
2768 5289 2976 5357 γίνεται
3021 5288 3050 5340 ό
3080 5287 3240 5358 »ἥλιος
3259 5326 3274 5351 ,
3301 5285 3389 5339 διὰ
3420 5285 3580 5341 τοῦτο
3624 5287 3731 5341 ὐπ-

450 5390 691 5449 borealis
724 5394 837 5460 ﬁat,
892 5396 964 5451 ob
1013 5396 1119 5451 hoc
1161 5405 1430 5467 putarunt
1473 5397 1713 5451 maxime
1755 5394 2031 5449 borealem

2136 5383 2333 5437 ἔλαϐον
2365 5382 2703 5453 βορειότατον
2727 5379 3037 5434 ἀνατέλλειν
3055 5378 3148 5432 τὸν
3172 5380 3445 5450 Καρκίνον
3466 5397 3479 5410 ·
3522 5381 3735 5451 ὁμοίως,

448 5485 586 5541 oriri
623 5487 922 5554 Cancrum,
952 5489 1209 5547 similiter
1231 5498 1286 5545 ct
1310 5490 1584 5546 occidere.
1617 5486 1818 5543 Eadem
1846 5494 2031 5542 autem

2133 5476 2189 5530 δὲ
2216 5478 2310 5531 καὶ
2336 5475 2532 5529 δύνειν.
2572 5474 2630 5527 ’0
2674 5472 2732 5526 δὲ
2773 5471 2936 5535 αὐτὸς
2969 5471 3126 5540 λόγος
3167 5472 3260 5524 καὶ
3294 5470 3391 5525 ἐπὶ
3432 5470 3533 5529 τοῦ
3562 5471 3727 5543 Αίγύ-

450 5577 591 5632 ratio
617 5586 703 5634 est
730 5580 896 5634 etiam
944 5580 1000 5635 in
1035 5581 1395 5652 Capricorno.
1451 5579 1668 5636 Etenim
1726 5579 1875 5635 hunc
1924 5594 2029 5648 pu-

2131 5587 2297 5643 κερω.
2332 5570 2443 5625 Καὶ
2474 5568 2582 5638 γὰρ
2612 5566 2801 5622 τοῦτον
2831 5564 3212 5635 ὑπελάμϐανον
3240 5563 3560 5618 νπιώτατον
3589 5567 3720 5619 ἀνα-

446 5668 636 5725 tabant
665 5672 898 5728 maxime
926 5676 1221 5730 australem
1264 5674 1422 5736 oriri.
1453 5681 1509 5730 et
1540 5688 1667 5728 cum
1722 5672 1875 5728 nullo
1914 5672 2024 5728 alio

2127 5668 2350 5732 τέλλειν,
2404 5666 2497 5719 καὶ
2552 5663 2687 5734 πρὸς
2747 5660 2911 5733 μηδὲν
2968 5659 3155 5731 ἕτερον
3209 5657 3398 5725 ζώδιον
3454 5657 3715 5727 συζυγίαν

445 5764 605 5837 signo
654 5767 1113 5823 combinatiouem
1148 5767 1372 5825 habere.
1411 5766 1548 5824 Cum
1592 5766 1739 5823 enim
1792 5765 2021 5841 bjbﬂna

2127 5760 2291 5830 ἔχειν.
2336 5759 2489 5813 Ἐπεὶ
2539 5755 2648 5826 γὰρ
2702 5755 2758 5809 αἱ
2798 5753 2999 5808 τοοπαὶ
3040 5751 3346 5823 χειμεριναὶ
3383 5750 3623 5820 γίνονται
3654 5762 3716 5809 ιιι

520 5874 562 5908 ⁸⁵
596 5875 624 5938 Ῐ
675 5875 969 5945 περιλαμῇ.
