4146 6444
336 353 441 411 769

1373 352 1612 446 'GEMIISI
1654 351 2028 413 ELEMENTA
2058 360 2194 417 AST
2207 363 2572 425 RONOMIE.

3491 381 3598 440 7Ἰο

335 491 483 540 κτος,
522 476 555 547 ἡ
600 477 793 548 μικρὰ,
822 474 1048 549 Δράκων
1083 473 1114 527 6
1153 471 1244 527 διὰ
1271 471 1381 527 τῶν
1404 471 1644 544 ἄρκτων,
1692 473 1888 544 Ἀρκτο

2023 474 2162 534 Ursa
2200 480 2394 551 major,
2443 477 2580 539 Urs.
2627 498 2832 552 minor,
2873 486 3050 546 Draco
3090 505 3188 561 per
3222 507 3381 551 ursas
3408 503 3596 554 exten-

338 571 539 642 φύλαξ,
589 570 887 640 Στέφανος,
950 566 1292 636 Ἐνγόνασιν,
1362 563 1667 635 ὀφιοῦχος,
1727 565 1911 633 Ὄφις,

337 662 510 735 Λύρα,
545 663 754 734 Ὄρνις,
797 658 1026 724 Ὀἲστὺς,
1050 657 1267 721 ἕΑετδς,
1310 654 1526 724 Δελφὶς,
1556 655 1805 726 προτομὴ
1836 655 1918 709 ἴπ-

337 771 465 818 που,
510 753 631 808 καθ’
676 754 979 824 Ἵππαρχον
1016 750 1203 814 ἵππος,
1246 748 1494 820 Κηφεὺς,
1550 747 1911 812 Κασσιόπεια,

347 846 690 919 Ἀνδρομέδα,
717 846 983 916 Περσεὺς,
998 843 1259 913 Ἡνίοχος,
1286 840 1577 905 Δελτωτδν,
1597 840 1691 892 καὶ
1713 841 1741 893 6
1766 838 1916 893 ῦστε-

339 956 429 1010 ρον
485 937 979 1011 κατηστερισμένος
1034 934 1140 989 ὑπὸ
1200 933 1555 1004 Καλλιμάχου
1620 930 1914 1002 Βερενίκης

338 1030 513 1084 πλόκα
521 1048 638 1100 μος.

405 1120 572 1174 Πάλιν
599 1119 655 1174 δὲ
687 1119 780 1173 καὶ
806 1121 862 1174 έν
891 1116 1101 1180 τούτοις
1130 1117 1357 1186 ἀστέρες
1389 1116 1530 1178 τινὲς
1563 1114 1702 1176 ἰδίας
1731 1111 1912 1183 έχουσι

334 1211 703 1283 προσηγορίας
746 1210 832 1265 διὰ
867 1210 965 1275 τὰς
995 1211 1300 1281 ὀλοσχερεῐς
1333 1208 1420 1261 ἐπ’
1460 1206 1652 1270 αὐτοῖς
1696 1204 1914 1275 γινομέ-

335 1319 432 1366 νας
464 1302 853 1375 ὲπισημασίας.
900 1303 958 1357 '0
992 1303 1091 1375 μὲν
1122 1302 1232 1373 γὰρ
1271 1300 1374 1357 ἀνὰ
1427 1299 1594 1371 μέσον
1641 1297 1750 1351 τῶν
1783 1313 1911 1349 σκε-

332 1392 441 1446 λῶν
482 1391 575 1447 τοῦ
629 1394 1064 1467 Ἀρκτοφύλακος
1113 1393 1364 1465 κείμενος
1397 1389 1571 1491 ἀστὴρ
1595 1386 1900 1491 Δὲῐιτίσημλῡς,

343 1484 670 1558 Ἀρκτοῦρος
696 1485 1017 1558 ὀνομάζεται
1040 1500 1055 1515 ⁶
1084 1487 1114 1539 ό
1143 1485 1201 1539 δὲ
1246 1483 1396 1582 παρα
1438 1481 1536 1582 τὴν
1568 1479 1908 1582 ,μύρανλκεὶ-

222 1556 231 1561 ’
335 1556 494 1649 μενος
513 1556 763 1650 λαμπρὸς
789 1556 983 1650 ἀστὴρ,
1014 1575 1320 1650 ὁμωνύμως
1336 1574 1441 1646 ὅλῳ
1460 1573 1538 1644 τῷ
1563 1570 1742 1641 ζωδίῳ
1756 1566 1910 1639 Λύρα

330 1668 818 1741 προσαγορεύεται·
850 1671 898 1723 οἱ
944 1670 1002 1724 δὲ
1048 1671 1107 1723 ὲν
1155 1668 1301 1759 ᾇκρᾳ
1342 1670 1410 1759 τῇ
1459 1664 1723 1759 ἀριστερᾷ
1750 1658 1910 1759 ⁸χιε]ιῴ

327 1757 423 1812 τοῦ
471 1760 726 1831 Περσέως
772 1760 1012 1831 κείμενοι
1064 1758 1291 1830 ἀστέρες
1348 1756 1628 1829 Γοργόνων
1677 1750 1909 1807 καλοῦν-

2018 588 2135 640 sus,
2183 575 2571 648 Arctophylax,
2613 579 2852 646 Corona,
2898 580 2953 637 in
3002 584 3254 653 genibus,
3297 585 3597 659 Serpenta-
3679 611 3683 616 ’

2014 664 2153 728 rius,
2219 664 2476 738 Serpens,
2552 667 2720 742 Lyra,
2773 671 2928 739 Avis,
2980 675 3209 746 Sagitta,
3262 678 3504 750 Aquilap
3538 684 3598 756 ε

2014 752 2335 825 Delphinus,
2373 761 2660 828 praesectio
2704 764 2856 834 equi,
2897 766 2982 821 vel
3018 770 3318 825 secundum
3355 752 3597 845 llippar:

2014 847 2204 911 chum,
2255 863 2453 919 equus,
2504 849 2778 921 Cepheus,
2829 852 3174 928 Cassiopeia,
3223 861 3593 932 Andromeda,

2014 939 2273 1005 Perseus,
2321 942 2530 1012 auriga,
2580 943 2857 1007 Deltoton,
2898 956 2954 1003 et
2988 966 3109 1021 quae
3153 963 3341 1023 postea
3372 971 3403 1011 a
3430 957 3567 1014 Calli

2014 1034 2212 1088 macho
2243 1035 2385 1090 inter
2417 1036 2607 1092 stellas
2635 1045 2720 1093 est
2754 1042 2925 1095 relata
2961 1058 3117 1099 coma
3147 1046 3461 1107 Berenices.

2085 1124 2301 1181 Rursus
2362 1136 2543 1182 autem
2595 1130 2758 1185 etiam
2812 1131 2868 1187 in
2919 1133 3007 1191 his
3058 1136 3371 1196 borealibus
3423 1146 3593 1216 signis

2012 1217 2180 1272 stellae
2216 1218 2462 1289 quaadam
2494 1220 2743 1292 proprias
2779 1223 2985 1280 habent
3017 1231 3431 1299 appellationes,
3463 1253 3591 1307 pro-

2013 1317 2133 1376 pter
2170 1326 2265 1366 eas
2313 1327 2450 1381 quas
2495 1314 2718 1380 habent,
2780 1327 3081 1390 utcunque,
3139 1323 3588 1394 signiﬁcationes.

2013 1398 2147 1452 Nam
2181 1401 2412 1473 insignis
2447 1405 2638 1471 stella,
2675 1423 2797 1477 qua;
2832 1409 2887 1463 in
2920 1411 3098 1466 medio
3132 1429 3354 1469 crurum
3396 1419 3562 1477 Arcto

2012 1492 2257 1564 phylacis
2299 1495 2403 1549 sita
2446 1504 2553 1563 est,
2601 1497 2871 1556 Arcturus
2901 1503 3241 1559 nominatur.
3289 1504 3588 1578 Splendida

2013 1583 2191 1650 stella,
2230 1599 2352 1654 quae
2380 1586 2534 1653 juxta
2566 1585 2766 1659 Lyram
2810 1592 2990 1660 posita
3028 1602 3133 1658 est,
3169 1596 3389 1652 nomine
3421 1601 3588 1656 totius

2012 1671 2098 1726 sui
2148 1674 2424 1728 asterismi
2468 1676 2633 1730 etiam
2690 1677 2833 1750 Lyra
2881 1683 3188 1753 appellatur
3243 1705 3256 1742 :
3304 1703 3426 1758 quae
3457 1706 3587 1749 vero

2014 1762 2069 1815 in
2097 1771 2342 1818 extrema
2379 1779 2546 1820 manu
2579 1767 2805 1824 sinistra
2825 1769 3010 1828 Persei
3049 1774 3168 1829 sitae
3215 1785 3345 1832 sunt
3390 1781 3583 1847 stellzn,

327 1867 418 1903 ται
438 1866 453 1879 °
479 1851 527 1903 οἱ
560 1850 616 1904 δὲ
647 1853 706 1905 ὲν
733 1852 877 1924 ἄκρᾳ
908 1854 975 1924 τῇ
1014 1849 1165 1922 δεξιᾷ
1204 1850 1347 1921 χειρὶ
1370 1848 1465 1903 τοῦ
1492 1847 1745 1921 Περσέως
1790 1843 1890 1900 κεί·

2012 1861 2276 1908 vocantur
2313 1857 2485 1912 stella:
2514 1856 2875 1930 Gorgonum;
2924 1879 3047 1934 quae
3086 1883 3219 1923 vero
3266 1869 3321 1924 in
3369 1887 3584 1929 summa

330 1958 482 2012 μενοι
522 1942 834 2013 ἀστερίσκοι
858 1944 1060 1997 ’πυκνοὶ
1105 1943 1197 1997 καὶ
1229 1943 1434 2014 μικροὶ,
1465 1942 1545 2042 είς
1572 1940 1901 2042 τὴὶιἋρπην

329 2033 838 2105 καταστερίζονταιδ
888 2037 917 2089 6
966 2035 1023 2088 δὲ
1077 2037 1135 2089 ὲν
1191 2035 1272 2108 τῷ
1321 2033 1585 2139 εὐωνύμῳ
1621 2031 1760 2103 ὤμῳ
1803 2031 1898 2139 τοῦ

339 2123 582 2195 Ἦνιόχου
606 2124 852 2196 κείμενος
873 2126 1120 2200 λαμπρὸς
1147 2126 1342 2199 ἀστὴρ,
1366 2126 1466 2191 Αἲξ
1498 2123 1898 2196 προσαγορεύε-

322 2233 411 2270 ται
440 2234 453 2247 ·
489 2219 536 2270 ot
568 2217 624 2271 δὲ
650 2219 707 2270 ὲν
738 2218 881 2291 ἄκρᾳ
913 2218 1007 2272 τοῦ
1036 2220 1200 2275 αὑτοῦ
1229 2220 1374 2293 χειρὶ
1399 2218 1639 2290 κείμενοι
1680 2215 1900 2287 ἀστερί-

326 2324 447 2362 σκοι
473 2306 583 2372 δύο,
605 2308 821 2379 Ἕριφοι
847 2310 1157 2368 καλοῦνται.

392 2492 561 2547 Νότια
592 2492 649 2547 δέ
674 2492 843 2558 ἐστιν,
872 2492 972 2546 ὅσα
1001 2490 1096 2545 τοῦ
1126 2491 1236 2546 τῶν
1278 2488 1485 2556 ζωδίων
1526 2488 1729 2544 κύκλου
1759 2488 1898 2562 πρὸς

325 2583 670 2655 μεσημϐρίαν
711 2586 905 2638 κεῖται.
952 2583 1107 2636 Ἔστι
1155 2581 1214 2635 δὲ
1259 2581 1419 2659 τάδε·
1460 2580 1672 2653 Ὠρίων,
1708 2580 1892 2643 Κύων,

321 2676 417 2728 καὶ
440 2674 721 2744 Προκύων,
751 2673 995 2743 Λαγωὸς,
1034 2671 1232 2776 Ἀκργὼ,
1261 2672 1497 2776 Ὕζδροςκ
1515 2670 1762 2743 Κρατὴρ,
1796 2671 1895 2776 Κόῖ

326 2764 444 2838 ραξ,
473 2766 799 2835 Κένταυρος,
833 2762 1051 2834 Θηρίον,
1081 2762 1110 2815 6
1143 2763 1332 2832 κρατεῖ
1364 2762 1392 2813 6
1420 2758 1754 2831 Κένταυρος,
1800 2759 1894 2812 καὶ

321 2856 665 2929 θυρσολόχος,
692 2856 752 2910 δν
792 2858 983 2928 κρατεῖ
1012 2857 1040 2908 ὁ
1075 2852 1557 2956 Κένταυροὶζκαψ
1586 2854 1890 2956 ῗιππαρχον

320 2950 696 3021 θυμιατήριον,
736 2948 911 3012 νότιος
955 2947 1122 3019 ἰχθὺς,
1156 2945 1339 3009 κύτος,
1367 2945 1512 3018 ὕδωρ
1549 2945 1611 2998 τὸ
1645 2946 1752 2999 ἀπὸ
1795 2945 1891 2998 τοῦ

331 3041 639 3115 ’Υδροχόου,
672 3040 913 3112 ποταμὸς
939 3041 968 3093 6
998 3039 1106 3093 ἀπὸ
1136 3038 1232 3092 τοῦ
1261 3037 1534 3110 Ὠρίωνος,
1558 3037 1733 3101 νότιος
1765 3037 1890 3090 στέ-

318 3150 505 3204 φανος,
543 3132 646 3186 ὑπὸ
671 3132 729 3186 δέ
759 3148 919 3186 τινων
956 3130 1292 3202 Οὐρανίσκος
1328 3130 1886 3202 προσαγορευόμενος,

316 3224 611 3296 κηρύκειον
638 3222 760 3277 καθ’
791 3223 960 3277 Ἶππα
969 3238 1113 3294 ρχον.

392 3316 560 3370 Πάλιν
602 3315 659 3368 δὲ
705 3317 763 3369 ὲν
814 3314 1020 3378 τούτοις
1063 3314 1206 3380 τινὲς
1249 3314 1477 3387 ἀστέρες
1522 3312 1658 3379 ίδίας
1707 3313 1891 3387 έχουσι

317 3406 703 3480 προσηγορίας.
747 3406 806 3460 '0
841 3407 938 3479 μὲν
981 3406 1092 3479 γὰρ
1132 3408 1192 3461 ἐν
1232 3406 1310 3478 τῷ
1350 3406 1589 3479 Πρόκυνι
1634 3405 1709 3460 ὢν
1749 3407 1889 3478 λαξε-

314 3499 452 3568 πρὸς
471 3498 666 3570 ἀστὴρ,
694 3496 954 3570 Προκύων
986 3496 1230 3552 καλεῖται
1254 3515 1269 3530 ο
1301 3498 1330 3551 6
1373 3497 1429 3552 δὲ
1459 3499 1516 3551 ὲν
1547 3497 1626 3567 τῷ
1662 3498 1889 3568 στόματι

310 3586 408 3644 τοῦ
437 3589 611 3653 Κυνὸς
637 3588 884 3661 λαμπρὸς
912 3589 1107 3661 ἀστὴρ,
1140 3590 1198 3653 ὃς
1223 3589 1370 3643 δοκεί
1386 3590 1486 3662 τὴν
1519 3589 1766 3645 ἐπίτασιν
1790 3588 1888 3661 τὴν

310 3679 423 3732 τῶν
475 3679 773 3750 καυμάτων
822 3681 1016 3746 ποιεῖν,
1071 3680 1378 3752 ὁμωνύμως
1424 3681 1534 3751 ὅλῳ
1577 3679 1657 3752 τῷ
1711 3680 1887 3752 ζωδίῳ

313 3770 477 3825 Κύων
509 3770 969 3844 προσαγορεύεται
991 3788 1006 3802 ·
1055 3774 1085 3826 6
1131 3773 1190 3826 δὲ
1233 3774 1291 3826 έν
1340 3774 1495 3845 ἄκρῳ
1531 3771 1610 3843 τῷ
1641 3772 1887 3845 πηδαλίῳ

310 3865 413 3937 τῆς
451 3864 677 3936 Ἀργοῦς
708 3866 958 3937 κείμενος
988 3864 1236 3937 λαμπρὸς
1264 3865 1461 3937 ἀστὴρ,
1491 3865 1750 3930 Κάνωϐος
1771 3868 1887 3919 ὀνο-

312 3956 564 4029 μάζεται.
595 3952 763 4022 Οὗτος
800 3958 898 4029 μὲν
936 3959 994 4012 ὲν
1038 3958 1203 4030 Ῥόδῳ
1229 3958 1604 4032 δυσθεώρητός
1645 3960 1813 4027 ἐστιν,
1849 3959 1882 4032 ἢ

308 4048 589 4115 παντελῶς
610 4051 701 4121 ἀφ’
727 4050 943 4122 ὑψηλῶν
966 4051 1144 4106 τόπων
1171 4054 1364 4124 ὁρᾶται
1382 4070 1396 4084 ο
1423 4054 1479 4105 ἐν
1512 4053 1885 4126 Ἀλεξανδρείᾳ

302 4138 368 4193 δέ
410 4139 526 4192 ἐστι
575 4138 851 4202 παντελῶς
891 4140 1161 4212 ἐμφανής.
1211 4142 1405 4212 Σχεδὸν
1453 4141 1565 4215 γὰρ
1616 4142 1880 4216 τέταρτον

310 4227 476 4301 μέρος
507 4228 616 4302 (12)
664 4229 757 4283 τοῦ
787 4230 977 4296 ζωδίου
1014 4231 1122 4286 ἀπὸ
1163 4232 1258 4286 τοῦ
1300 4230 1574 4305 ὁρίζοντος
1618 4252 1879 4309 μετεωρι-

308 4322 506 4392 σμένος
542 4321 813 4393 φαίνεται.

834 4545 1223 4601 ΚΕΦΔΛΔΙΟΝ
1269 4550 1341 4604 Γ’.

697 4659 833 4730 Περὶ
862 4658 1081 4727 ἄξονος
1112 4659 1211 4716 καὶ
1237 4665 1443 4718 πόλων

378 4767 481 4823 Τοῦ
508 4767 565 4821 δὲ
590 4769 795 4841 κόσμου
825 4769 937 4841 (15)
961 4772 1331 4845 σφαιροειδοῦς
1355 4775 1707 4848 ὑπάρχοντος,
1731 4779 1874 4845 ἄξων

301 4858 547 4913 καλεῖται
578 4863 613 4932 ἡ
640 4860 928 4934 διάμετρος
953 4863 1046 4917 τοῦ
1076 4863 1305 4936 κόσμου,
1334 4868 1462 4939 περὶ
1483 4869 1550 4939 ῆν
1580 4870 1868 4943 στρέφεται

298 4951 331 5003 6
351 4951 577 5023 κόσμος.
605 4952 686 5006 Τὰ
730 4953 787 5008 δὲ
828 4955 1040 5028 πέρατα
1066 4954 1161 5009 τοῦ
1210 4956 1396 5023 ἄξονος
1434 4959 1587 5015 πόλοι
1620 4961 1871 5031 λέγονται

298 5041 395 5095 τοῦ
424 5043 648 5114 κόσμου.
694 5045 813 5100 Τῶν
842 5047 902 5101 δὲ
930 5049 1109 5104 πόλων
1153 5053 1182 5106 6
1227 5054 1326 5126 μὲν
1370 5052 1587 5122 λέγεται
1639 5054 1880 5133 βόρειος,

297 5135 328 5187 6
373 5132 431 5187 δὲ
478 5134 682 5200 νότιος·
718 5136 925 5208 βόρειος
964 5141 1064 5212 μὲν
1105 5145 1135 5198 6
1180 5144 1269 5199 διὰ
1298 5147 1499 5211 παντὸς
1545 5149 1870 5220 φαινόμενος

298 5225 377 5289 ὡς
408 5226 544 5298 πρὸς
565 5228 665 5300 τὴν
691 5231 965 5303 ἡμετέραν
991 5235 1220 5302 οἴκησιν,
1255 5237 1427 5302 νότιος
1453 5239 1510 5293 δὲ
1543 5242 1572 5294 6
1613 5241 1702 5297 διὰ
1731 5260 1869 5297 παν-

368 5424 481 5515 ςῼ)
512 5427 740 5515 ξκξεῗὸν
761 5435 872 5515 γὰρ
896 5433 1399 5515 τέταρτον-θέρος.
1429 5440 1542 5499 lmo
1563 5447 1867 5515 quadrante

294 5496 949 5576 solidoqitllipparéhus
998 5496 1155 5561 docet
1186 5496 1287 5564 ῆδῖ
1327 5496 1859 5576 ιξνηιιηίῘξδῖίῆἔῆἶ

294 5564 533 5662 distabat
557 5582 585 5621 ³
615 5564 1018 5662 νοῖέξβτεεάίυυθ
1038 5576 1130 5662 εει
1157 5578 1260 5643 διν,
1292 5564 1860 5662 (ιείοιιέῖλςεῦῐίιᾱέῦὲὶί
1962 5606 2015 5662 di

294 5642 1013 5715 nostrarumepilogismus
1066 5642 1400 5707 adamussim
1455 5656 1693 5711 exhibet.
1736 5642 1864 5715 Aie;

293 5707 536 5797 asinaria:
558 5707 720 5797 polus.
746 5707 1065 5797 elatus‘erat
1088 5717 1240 5785 grad.
1271 5707 1501 5797 Silere.
1527 5707 1698 5797 igitur
1729 5707 1859 5797 {Et}.

293 5774 455 5830 dibus
483 5776 532 5839 7,
572 5778 675 5839 30'.
706 5780 810 5836 hoc
857 5790 943 5840 est
988 5774 1183 5844 exaEto
1222 5774 1856 5857 uuadran'te—frcwa'ngbus

1905 4540 1952 4596 Ι)

2010 1957 2173 1997 manu
2217 1945 2407 2001 dextra
2444 1947 2633 2005 Persei
2673 1953 2904 2009 stellula:
2936 1957 3144 2014 crebrae
3170 1969 3225 2016 et
3256 1977 3436 2031 parvae
3464 1967 3582 2020 col-

2009 2033 2281 2102 locantur,
2314 2038 2397 2094 bm
2431 2040 2673 2096 efﬁciunt
2715 2048 3191 2107 constellationem
3224 2054 3379 2110 falcis
3409 2075 3584 2129 ;-quze

2008 2123 2064 2178 in
2138 2125 2365 2183 sinistro
2433 2129 2665 2186 humero
2735 2136 2939 2207 aurigae
3009 2142 3235 2210 ponitur
3296 2123 3581 2215 splendida

2006 2216 2183 2281 stella,
2232 2219 2347 2274 haec
2398 2224 2706 2292 appellatur
2753 2226 2931 2298 Capra
2977 2247 2989 2283 :
3047 2244 3102 2287 at
3151 2236 3272 2292 dua:
3325 2241 3577 2308 stellulze,

2003 2323 2126 2379 qua
2173 2311 2292 2366 sitae
2335 2323 2465 2369 sunt
2506 2316 2561 2372 in
2616 2319 2862 2390 ejusdem
2911 2340 3128 2382 summa
3178 2346 3368 2402 manu,
3418 2334 3573 2394 Haedi

2003 2410 2289 2458 vocantur.

2070 2494 2349 2554 Australia
2400 2500 2556 2572 signa
2607 2513 2769 2566 sunt.
2824 2522 2946 2578 quae
2998 2525 3030 2566 a
3081 2514 3308 2576 zodiaco
3364 2522 3579 2583 circulo

1999 2602 2192 2647 versus
2254 2592 2535 2650 meridiem
2590 2597 2890 2656 declinant.
2952 2603 3091 2661 Sunt
3149 2619 3330 2669 autem
3385 2616 3501 2674 haec
3558 2640 3574 2678 :

1999 2676 2188 2744 Orion,
2219 2680 2387 2739 Canis
2416 2686 2611 2756 major,
2642 2687 2913 2763 Procyon,
2933 2695 3132 2767 Lepus,
3166 2703 3335 2775 Argo,
3367 2676 3572 2782 Hydra,

1999 2764 2210 2835 Crater,
2267 2772 2508 2844 Curvus,
2570 2780 2903 2849 Centaurus,
2969 2764 3127 2860 Fera,
3194 2764 3351 2855 basta
3407 2764 3572 2874 ἆυεηῖ

2000 2865 2148 2914 tenet
2185 2860 2519 2932 Centaurus,
2564 2873 2865 2927 secundum
2900 2873 3297 2954 Hipparchum,
3339 2860 3455 2954 ara,
3497 2893 3577 2962 ριν

1997 2949 2110 3005 scis
2163 2957 2446 3024 australis,
2499 2967 2675 3028 cetus,
2732 2978 2871 3035 aqua
2922 2969 2990 3023 ab
3027 2972 3268 3041 Aquario
3317 2949 3569 3045 veniens.

1995 3040 2195 3101 ﬂuvius
2225 3047 2292 3102 ab
2318 3048 2520 3107 Orione
2552 3056 2802 3123 veniens,
2846 3072 3051 3117 corona
3077 3070 3354 3134 australis,
3386 3089 3507 3144 quas
3537 3091 3571 3131 a

1995 3135 2273 3192 nonnullis
2310 3136 2630 3211 Uraniscus,
2672 3145 2724 3201 id
2774 3158 2878 3217 est,
2920 3169 3147 3224 parvum
3183 3135 3573 3221 uelum-voca-

1992 3228 2103 3286 tur,
2134 3228 2436 3282 sccundum
2464 3228 2835 3302 Hipparchum
2864 3258 2994 3299 vero
3025 3247 3317 3305 caduceus.

2061 3312 2278 3374 Rursus
2316 3320 2482 3376 etiam
2512 3323 2566 3378 in
2595 3326 2682 3383 his
2714 3334 3048 3391 australibus
3087 3340 3281 3410 signis,
3317 3344 3567 3412 quatdam

1991 3406 2162 3463 stellae
2197 3413 2451 3482 proprias
2503 3414 2706 3476 habent
2753 3406 3167 3495 appellationes.
3222 3406 3356 3489 Nam
3407 3439 3567 3496 stella

1991 3499 2299 3568 splendida,
2335 3519 2456 3574 quae
2494 3516 2579 3564 est
2624 3511 2682 3566 in
2729 3512 2879 3572 Cane
2924 3520 3157 3587 minore,
3201 3523 3473 3599 Procyon,
3508 3530 3562 3587 id

1988 3598 2073 3646 est
2115 3594 2431 3665 praecedens
2473 3602 2653 3669 canis,
2686 3617 2917 3663 vocatur
2960 3629 2975 3665 :
3011 3615 3169 3669 stella
3211 3633 3345 3674 vero
3381 3621 3569 3691 splen-

1989 3680 2140 3749 dida,
2169 3701 2290 3756 quae
2310 3695 2394 3745 est
2418 3691 2475 3746 in
2503 3709 2601 3750 ore
2619 3694 2786 3755 Canis
2815 3702 3064 3773 majoris,
3097 3723 3327 3781 quzeque
3350 3680 3566 3771 vitietur

1988 3771 2387 3835 incrementum
2417 3791 2650 3842 aestuum
2690 3789 2924 3861 ellicere,
2954 3796 3146 3853 eodem
3177 3804 3401 3861 nomine
3431 3823 3562 3864 eum

1985 3870 2102 3921 toto
2146 3869 2303 3941 signo
2338 3873 2506 3933 Canis
2555 3882 2900 3954 appellatur;
2957 3889 3052 3944 sed
3105 3891 3559 3968 insignisstella,

1985 3970 2107 4026 quae
2148 3961 2254 4016 sita
2283 3971 2367 4019 est
2401 3965 2459 4022 in
2504 3985 2719 4028 summo
2752 3977 3124 4045 gubernaculo
3163 3961 3321 4042 navis
3359 3988 3560 4060 Argus,

1983 4047 2239 4110 Canobus
2266 4055 2695 4136 dicitur.‘Atque
2720 4067 2833 4125 hac
2860 4072 3069 4131 Canobi
3103 4078 3262 4133 stella
3291 4081 3346 4136 in
3367 4047 3562 4141 vaod6

1983 4141 2274 4204 dilliculter
2300 4151 2470 4208 videri
2505 4165 2707 4226 potest,
2740 4170 2836 4217 aut
2868 4164 2924 4220 in
2955 4167 3093 4225 locis
3131 4172 3293 4241 plane
3320 4178 3558 4235 excelsis

1980 4248 2206 4307 apparet
2231 4255 2253 4308 ;
2285 4249 2340 4299 at
2370 4245 2715 4308 Alexandria:
2744 4270 2976 4326 prorsus
3006 4261 3121 4317 haec
3152 4265 3322 4322 videri
3354 4278 3553 4338 potest.

1978 4324 2115 4422 Nam
2142 4329 2255 4389 fere
2288 4347 2481 4406 quarta
2514 4351 2670 4413 parte
2702 4324 2844 4420 signi
2867 4349 3143 4422 ~Canobus
3171 4357 3243 4413 ab
3272 4324 3556 4420 horizont—e

1977 4416 2222 4480 elevatus
2254 4438 2500 4498 apparet.

2585 4566 2815 4627 CAPUT
2851 4573 2934 4634 Ill.

2515 4699 2591 4756 De
2629 4720 2730 4760 axe
2760 4717 2811 4762 et
2845 4710 3020 4780 polit.‘

2044 4803 2181 4862 Cum
2236 4811 2474 4870 mundus
2519 4816 2842 4884 spbaerieam
2882 4823 3079 4883 habeat
3127 4827 3378 4903 ﬁguram,
3428 4838 3548 4897 axis

1971 4905 2200 4954 vocatur
2245 4901 2366 4973 ejus
2410 4903 2698 4978 diameter,
2744 4912 2892 4971 circa
2940 4932 3105 4988 quam
3137 4901 3378 4983 mundus
3411 4944 3548 4986 con-

1970 4990 2221 5047 vertitur.
2295 4992 2682 5059 Extremitates
2743 5021 2874 5062 vero
2945 5012 3066 5069 axis
3117 5014 3380 5074 dicuntur
3431 5024 3544 5093 poli

1970 5083 2160 5140 mundi
2193 5101 2209 5139 :
2253 5088 2503 5158 polorum
2548 5102 2731 5150 autem
2774 5099 2915 5156 alter
2951 5113 3180 5162 vocatur
3217 5083 3453 5178 bereus:
3487 5114 3541 5170 id

1969 5181 2055 5229 est
2085 5177 2356 5247 arcticus;
2399 5182 2537 5238 alter
2563 5188 2766 5252 notius,
2799 5190 2854 5245 ιο
2897 5201 2982 5248 est
3040 5200 3396 5258 antarcticus.
3426 5177 3540 5259 Bo-

1968 5280 2096 5323 reus
2124 5269 2342 5339 quidem
2370 5288 2586 5346 semper
2611 5289 2855 5351 apparet,
2887 5287 3068 5354 quoad
3096 5298 3342 5348 mstram
3371 5294 3535 5350 habi-

1966 5470 2260 5540 superabat
2294 5471 2654 5535 horizontem.

2036 5514 2658 5622 {‘35-
2680 5548 2906 5609 Proclus
2930 5554 3195 5622 spltmram
3227 5573 3382 5613 suam
3409 5514 3527 5617 edi,-

2021 5614 2208 5690 t,_qua:
2257 5612 2393 5701 nihil
2448 5612 2596 5673 aliud
2637 5627 2922 5701 estnquan}
2961 5612 3070 5701 hoc
3100 5625 3314 5701 Gemini
3350 5612 3532 5701 caput

1961 5680 2295 5771 tertiiginL-et
2324 5694 2602 5771 quartum,
2641 5680 2846 5761 quibus
2864 5680 3125 5763 ejusdem,
3146 5696 3210 5751 12
3236 5680 3531 5771 eE‘pds'iiél

1961 5762 2052 5803 mo
2087 5748 2122 5803 2
2153 5748 2418 5809 adtexuit.
