4146 6418
595 321 690 376 711

1613 315 1706 370 AD
1738 314 2012 372 EUSEBII
2055 313 2453 374 CHBONICON
2493 317 2856 376 APPENDIX.

3735 329 3847 390 πι

591 441 895 506 tationem;
947 439 1206 494 australis
1255 451 1386 494 vero
1435 451 1656 506 semper
1709 445 1794 492 est
1847 435 2140 492 invisibilis

2265 438 2358 502 τὸς
2401 439 2630 511 ἀόρατος
2673 441 2749 506 ὼς
2793 441 2932 512 πρὸς
2981 441 3074 496 τδν
3121 443 3388 516 ἡμέτερον
3427 446 3698 518 ὁρίζοντα.
3723 451 3848 507 Eia!

589 529 738 601 quad
780 539 1026 584 nostrum
1085 529 1444 584 horizontem.
1505 525 1897 584 Verumtamen
1939 535 2068 584 sunt
2109 529 2166 584 in

589 633 736 679 terra
772 622 890 676 loca
919 619 1190 692 quaedam,
1221 623 1312 676 ubi
1347 621 1618 691 contingit
1645 621 1855 690 polum,
1885 621 1980 690 qui
2021 621 2162 690 apud

589 727 693 768 nos
717 727 933 784 semper
959 720 1044 768 est
1075 727 1364 782 apparens,
1397 713 1505 766 illis
1531 727 1657 766 esse
1695 709 2070 776 invisibilem;
2109 718 2164 764 et

589 813 782 860 contra
823 821 947 862 eum
997 805 1200 876 polum,
1247 805 1342 875 qui
1388 806 1532 876 apud
1581 821 1684 860 nos
1730 812 1814 858 est
1847 804 2160 868 invisibilis,

589 900 703 955 illis
747 900 1102 969 conSpicuum
1140 913 1302 962 esse;
1345 907 1398 952 et
1443 911 1638 952 rursus
1691 903 1776 951 est
1837 897 1990 950 locus
2039 896 2162 965 qui-

587 991 714 1046 dam
745 992 800 1046 in
827 1001 990 1058 terra,
1024 990 1116 1044 ubi
1139 989 1246 1044 duo
1273 989 1328 1043 hi
1359 989 1470 1060 poli
1503 989 1757 1044 similiter
1790 987 1847 1042 in
1877 987 2161 1042 horizonte

583 1082 788 1156 jacent.

1183 1192 1414 1250 CAPUT
1459 1191 1552 1248 ιν.

1061 1308 1140 1362 De
1176 1308 1388 1364 circulis
1429 1307 1668 1376 sphamc.

653 1441 996 1498 Circulorum
1035 1439 1262 1510 sphaarze
1300 1439 1392 1493 alii
1431 1447 1560 1494 sunt
1599 1437 1864 1508 paralleli,
1897 1436 1986 1491 alii
2019 1435 2157 1490 obli-

580 1538 696 1610 qui,
745 1536 839 1590 alii
879 1551 975 1606 per
1009 1535 1164 1604 polos
1205 1533 1356 1588 ducti
1395 1551 1406 1587 :
1443 1531 1686 1604 paralleli
1713 1541 1862 1594 sunt,
1895 1531 1990 1600 qui
2031 1545 2155 1586 eos-

581 1631 704 1686 dem
725 1629 930 1684 habent
959 1627 1258 1698 polos-eum
1289 1625 1516 1681 mundo.
1541 1625 1682 1680 Sunt
1711 1635 1888 1678 autem
1913 1623 2154 1694 quinque

581 1723 822 1795 paralleli
872 1721 1084 1784 circuli,
1121 1719 1383 1781 arcticus,
1413 1717 1637 1772 :estivus
1669 1717 1938 1786 tr0picus,
1973 1715 2152 1786 aequi-

579 1814 856 1878 noctialis,
881 1813 1144 1868 hibernus
1167 1811 1412 1881 tropicus
1441 1817 1494 1865 et
1523 1809 1884 1864 antarcticus.

649 1993 898 2048 Arcticus
939 1991 1182 2046 circulus
1227 1989 1394 2062 igitur
1437 1995 1543 2054 est,
1591 1987 1684 2058 qui
1729 1987 1872 2042 inter
1913 1985 2152 2042 circulos

578 2100 795 2155 semper
845 2091 1174 2154 apparentes
1217 2093 1302 2137 est
1351 2080 1648 2141 maximus,
1703 2086 1758 2134 et
1813 2078 2154 2132 horizontem

579 2167 796 2247 attingit
833 2177 887 2232 in
931 2191 1040 2230 uno
1077 2181 1304 2246 puncto,
1333 2181 1590 2242 totusque
1621 2185 1786 2240 supra
1827 2177 2032 2226 terram
2059 2169 2154 2225 de-

579 2271 832 2332 sumitur,
861 2267 1050 2338 inquo
1079 2273 1227 2320 astra
1248 2267 1428 2337 posita
1461 2279 1639 2334 neque
1669 2261 1948 2326 occidunt,
1977 2277 2156 2332 neque

577 2362 853 2422 oriuntur,
893 2357 988 2414 sed
1015 2373 1112 2427 per
1133 2363 1302 2410 totam
1331 2361 1546 2410 noctem
1565 2353 1710 2408 circa
1737 2353 1920 2422 polum
1951 2349 2154 2404 moveri

579 2459 901 2509 cernuntur.
937 2449 1038 2505 Hic
1073 2449 1316 2504 circulus
1363 2449 1420 2502 in
1465 2455 1656 2502 nostro
1701 2447 1834 2501 orbe
1869 2445 2154 2501 habitabili

579 2549 648 2602 ab
675 2545 950 2601 anteriore
984 2541 1117 2613 pede
1151 2555 1296 2597 ursae
1323 2539 1552 2609 majoris
1589 2537 1938 2594 describitur.

647 2805 704 2878 9
728 2803 976 2859 Estivus
1019 2801 1266 2872 tropicus
1293 2800 1549 2872 {circulus
1581 2805 1688 2862 est,
1732 2795 1826 2868 qui
1871 2795 2016 2850 inter
2055 2805 2152 2846 eos

573 2894 834 2958 circulos,
866 2894 1010 2963 quia
1033 2893 1147 2946 sole
1177 2891 1480 2947 secundum
1511 2888 1700 2944 mundi
1734 2883 2152 2942 conversionem

575 2983 982 3046 describuntur,
1013 2989 1100 3036 est
1145 2983 1382 3036 maxime
1413 2979 1688 3044 borealis;
1720 2991 1886 3046 super
1919 2987 2028 3044 quo
2069 2969 2152 3026 sol

573 3075 908 3133 constitutus
954 3073 1116 3128 eﬂieit
1163 3073 1408 3129 aestivam
1456 3070 1898 3130 conversionem,
1945 3065 2004 3118 in
2041 3075 2148 3134 qua

2273 527 2456 598 μέντοι
2477 532 2632 584 τόποι
2663 533 2810 596 τινὲς
2837 534 2930 586 ἐπὶ
2969 533 3068 604 τῆς
3099 535 3222 603 γῆς,
3257 537 3393 590 ὅπου
3435 537 3722 609 συμϐαίνει
3751 541 3848 596 τὸν

2273 621 2370 690 μὲν
2401 624 2528 693 παρ’
2561 625 2692 694 ἡμῖν
2725 625 2888 678 πόλον
2913 625 3002 678 τὸν
3028 625 3116 678 ἀεὶ
3149 629 3378 700 φανερὸν
3411 629 3640 694 ἐκείνοις
3679 631 3848 702 ἀόρα-

2267 727 2359 764 τον
2383 707 2541 776 εἶναι,
2571 712 2662 766 τὸν
2687 713 2746 767 δὲ
2781 715 2912 786 παρ’
2941 717 3074 784 ἡμῖν
3107 715 3336 786 ἀόρατον
3361 717 3592 780 ἐκείνοις
3615 717 3848 789 φανερὸν

2267 797 2404 855 εἶναι
2424 819 2437 833 ⁸
2469 804 2560 856 καὶ
2589 805 2750 858 πάλιν
2787 805 2904 860 ἐστι
2928 823 3013 870 τις
3037 808 3202 872 τόπος
3227 809 3321 860 ἐπὶ
3351 809 3448 878 τῆς
3479 809 3603 880 γῆς,
3633 809 3768 864 ὅπου
3791 809 3844 863 οε

2265 893 2360 946 δύο
2385 894 2534 948 πόλοι
2563 897 2762 966 ὁμοίως
2785 898 2878 950 ἐπὶ
2917 897 3009 952 τοῦ
3037 898 3308 968 ὁρίζοντος
3337 901 3562 956 κεῖνται.

2791 1177 3185 1234 ΚΕΦΛΛΑΙΟΝ
3210 1181 3304 1252 μ’.

2507 1291 2648 1361 Περὶ
2693 1290 2812 1346 τῶν
2846 1293 2916 1344 ἐν
2945 1291 3020 1360 τῇ
3063 1295 3290 1363 σφαίρᾳ
3331 1294 3590 1349 κύκλων.

2331 1427 2452 1482 Τῶν
2483 1427 2540 1480 δὲ
2569 1429 2628 1481 ἐν
2657 1431 2722 1499 τῇ
2769 1427 2974 1500 σφαίρᾳ
3003 1428 3217 1484 κύκλων
3258 1431 3306 1486 oi
3341 1431 3440 1502 μέν
3485 1431 3592 1484 είσι
3627 1433 3840 1498 παράλ-

2259 1517 2430 1592 ληλοι,
2461 1521 2510 1572 οἱ
2555 1520 2612 1574 δὲ
2657 1519 2821 1586 λοξοὶ,
2853 1521 2902 1572 οἱ
2943 1521 3000 1574 δὲ
3037 1521 3126 1574 διὰ
3151 1521 3260 1576 τῶν
3305 1523 3518 1577 πόλων·
3559 1526 3838 1596 παράλλη-

2258 1614 2340 1666 λοι
2383 1613 2480 1684 μὲν
2519 1613 2568 1665 οἱ
2613 1613 2740 1675 τοὺς
2785 1613 2980 1676 αὐτοὺς
3013 1613 3208 1678 πόλους
3249 1613 3460 1684 ἔχοντες
3505 1615 3583 1686 τῷ
3623 1617 3834 1690 κόσμῳ.

2259 1701 2380 1754 Εἰσὶ
2419 1701 2476 1754 δὲ
2527 1701 2860 1772 παράλληλοι
2903 1701 3093 1756 κύκλοι
3139 1703 3319 1768 πέντε,
3359 1705 3638 1776 ἀρκτικὸς,
3691 1706 3838 1778 θερι-

2183 1801 2228 1858 Β
2255 1795 2346 1858 νὸς
2375 1795 2648 1864 τροπικδς,
2687 1795 3016 1866 ίσημερινδς,
3041 1797 3348 1868 χειμερινὸς
3385 1799 3667 1868 τροπικὺς,
3701 1801 3836 1854 ἀντ-

2255 1886 2536 1956 αρκτικός.

2341 1977 2624 2048 Ἀρκτικὸς
2671 1977 2770 2048 μὲν
2809 1974 2904 2032 οὖν
2947 1977 3060 2050 (14)
3109 1981 3224 2034 ἐστι
3271 1979 3467 2044 κύκλος
3497 1981 3526 2032 6
3579 1982 3834 2054 μέγιστος

2253 2069 2362 2124 τῶν
2401 2071 2490 2124 ἀεὶ
2533 2071 2922 2142 θεωρουμένων
2963 2072 3198 2138 κύκλων,
3247 2075 3276 2128 6
3317 2075 3692 2146 ἐφαπτόμενος
3739 2077 3834 2132 τοῦ

2253 2163 2524 2233 ὁρίζοντος
2553 2164 2674 2218 καθ’
2707 2163 2764 2218 ἓν
2804 2169 3052 2236 σημεῖον,
3085 2167 3178 2220 καὶ
3217 2167 3336 2230 ὅλος
3381 2167 3520 2240 ὑπὲρ
3561 2167 3664 2238 γῆν
3697 2169 3836 2220 ἀπο-

2253 2253 2662 2325 λαμϐανόμενος
2685 2273 2720 2325 σε
2753 2257 2810 2310 ἐν
2849 2249 2894 2326 ᾧ
2935 2257 3002 2310 τὰ
3041 2259 3269 2330 κείμενα
3307 2259 3414 2314 τῶν
3447 2259 3662 2330 ἄστρων
3707 2257 3834 2312 οὔτε

2252 2345 2402 2398 δύσιν
2454 2345 2580 2398 οὕτε
2628 2347 2892 2418 ἀνατολὴν
2941 2351 3176 2402 ποιεῖται
3199 2367 3213 2380 ·
3263 2349 3398 2404 ἀλλὰ
3447 2349 3514 2402 δι’
3559 2350 3688 2420 ὅλης
3731 2349 3834 2418 τῆς

2253 2438 2446 2502 νυκτὸς
2487 2441 2615 2510 περὶ
2659 2441 2750 2494 τὸν
2783 2441 2944 2496 πόλον
2989 2443 3330 2514 στρεφόμενα
3375 2443 3676 2516 θεωρεῖται.
3726 2441 3831 2500 U6-

2253 2549 2342 2596 τος
2379 2533 2436 2587 δὲ
2476 2535 2506 2585 6
2552 2533 2751 2596 κύκλος
2799 2534 2914 2604 (lii)
2961 2536 3022 2588 ἐν
3067 2539 3134 2608 τῇ
3183 2535 3304 2590 καθ’
3345 2539 3494 2608 ἡμᾶς
3539 2539 3832 2610 οἰκουμένῃ

2255 2623 2358 2675 ὑπὸ
2381 2621 2474 2675 τοῦ
2501 2623 2834 2694 ἐμπροσθίου
2859 2625 3022 2688 ποδὸς
3047 2627 3146 2696 τῆς
3173 2627 3414 2698 μεγάλης
3439 2627 3642 2700 ἄρκτου
3676 2646 3836 2696 περι-

2253 2715 2543 2786 γράφεται.

2321 2805 2540 2876 Θερινδς
2567 2805 2624 2860 δὲ
2649 2807 2904 2878 τροπικὺς
2929 2806 3126 2870 κύκλος
3147 2807 3338 2862 ἐστὶνὸ
3365 2807 3702 2881 βορειότατος
3721 2807 3834 2864 τῶν

2253 2897 2358 2950 ὑπὸ
2393 2897 2486 2950 τοῦ
2517 2897 2666 2968 ἡλίου
2695 2899 3054 2970 γραφομένων
3075 2900 3289 2954 κύκλων
3319 2901 3463 2956 κατὰ
3485 2902 3584 2973 τὴν
3611 2899 3704 2955 τοῦ
3733 2901 3828 2956 κό-

2253 3005 2390 3060 σμου
2443 2992 2736 3062 γινομένην
2795 2993 3184 3064 περιστροφὴν,
3231 2994 3316 3064 ἐφ’
3361 2987 3424 3047 o6
3467 2995 3756 3066 γενόμενος
3785 2995 3822 3048 6

2251 3080 2400 3152 ἥλιος
2423 3081 2518 3152 τὴν
2551 3081 2768 3154 θερινὴν
2801 3085 3008 3156 τροπὴν
3035 3087 3287 3138 ποιεῖται·
3319 3087 3378 3138 ἐν
3473 3085 3704 3156 μεγίστη
3731 3085 3832 3156 μιν

575 3167 896 3238 longissima
930 3167 987 3220 [it
1013 3165 1133 3222 dies
1159 3167 1427 3229 omnium,
1462 3179 1583 3234 qum
1615 3170 1745 3217 sunt
1773 3162 1827 3216 in
1848 3173 2014 3223 anno,
2041 3170 2146 3212 nox

2252 3143 2438 3226 πασῶν
2471 3143 2580 3228 τῶν
2613 3143 2671 3230 ἐν
2697 3143 2775 3247 τῷ
2801 3143 3030 3248 ἐνιαυτῷ
3066 3177 3268 3250 ἡμέρα,
3295 3143 3636 3250 ἐλαέίστηΙδὲ
3731 3143 3836 3238 νὺξ

571 3275 705 3316 vero
743 3259 1088 3315 brevissima.
1125 3257 1236 3313 Sed
1269 3266 1392 3328 post
1427 3259 1679 3314 mstivam
1725 3253 2145 3310 conversionem

571 3371 684 3410 non
711 3355 947 3425 amplius
975 3351 1042 3408 ad
1079 3367 1242 3408 ursas
1283 3353 1367 3408 sol
1409 3349 1694 3422 accedere:
1713 3355 2017 3418 spectatur,
2049 3343 2146 3400 sed

573 3449 640 3503 ad
691 3447 889 3501 alteras
931 3445 1120 3500 mundi
1163 3453 1347 3515 partes
1391 3443 1659 3508 vertitur,
1703 3457 1870 3512 quam
1920 3439 1992 3494 ob
2029 3431 2174 3494 rem'

574 3541 818 3597 circulus
843 3547 1074 3595 vocatur
1101 3538 1370 3608 tropicus,
1397 3536 1452 3590 id
1473 3543 1560 3591 est
1589 3533 1974 3606 conversivus.

643 3633 1071 3704 :Eqainoctialis
1100 3639 1184 3686 est
1225 3629 1469 3685 circulus
1505 3627 1782 3680 maximus
1813 3625 1958 3678 inter
1983 3623 2150 3693 quin-

573 3741 680 3796 que
711 3725 1022 3796 parallelos,
1047 3723 1140 3792 qui
1171 3721 1238 3776 ab
1260 3721 1546 3775 horizonte
1578 3717 1862 3788 mqualiter
1893 3723 2144 3781 secatur;

575 3829 634 3872 ut
665 3817 732 3872 de
761 3831 827 3870 eo
845 3813 1226 3870 semicirculus
1263 3825 1430 3881 supra
1463 3818 1670 3865 terram
1701 3813 1978 3871 sumatur,
2007 3806 2146 3860 alter

571 3923 705 3966 vero
755 3907 1134 3964 semicirculus
1189 3905 1292 3960 sub
1331 3905 1650 3968 horizonte,
1698 3915 1862 3970 super
1905 3913 2014 3969 quo
2063 3898 2150 3954 sol

571 4003 906 4057 constitutus
939 3999 1289 4071 aequinoctia,
1309 3996 1493 4060 efﬁcit,
1541 4009 1668 4051 cum
1715 4007 1969 4058 vernum,
1993 3998 2144 4070 )tum

571 4096 910 4150 autumnale.

643 4185 918 4242 llibernus
979 4183 1221 4254 tropicus
1257 4182 1526 4256 :circulus
1583 4187 1671 4237 est
1737 4175 1988 4250 is,‘qui
2059 4185 2144 4234 est

569 4279 808 4332 maxime
856 4275 1116 4332 australis
1163 4291 1353 4330 eorum
1401 4273 1757 4338 circulorum,
1803 4272 1898 4342 qui
1949 4287 1982 4326 a
2023 4271 2139 4328 sole

569 4371 874 4426 secundum
921 4367 1294 4440 quotidianam
1337 4367 1526 4422 mundi
1575 4366 1989 4422 conversionem
2045 4365 2144 4420 de-

2247 3263 2476 3332 γίνεται.
2511 3267 2670 3320 Μετὰ
2703 3267 2974 3338 ’μέντοιγε
3019 3269 3116 3340 τὴν
3149 3269 3363 3341 θερινὴν
3403 3269 3612 3341 τροπὴν
3647 3271 3834 3327 οὐκέτι

2249 3358 2386 3428 πρὸς
2439 3357 2538 3422 τὰς
2587 3357 2822 3430 ἄρκτους
2882 3359 3193 3432 παροδεύων
3239 3363 3269 3414 6
3317 3361 3466 3430 ἥλιος
3521 3360 3832 3434 θεωρεῖται,

2249 3448 2363 3501 ἀλλ’
2395 3450 2488 3504 ἐπὶ
2537 3450 2608 3504 τὰ
2634 3452 2796 3523 ἕτερα
2839 3451 2976 3524 μέρη
3011 3453 3272 3524 τρέπεται
3295 3453 3391 3506 τοῦ
3423 3453 3667 3525 κόσμου·
3703 3453 3772 3508 δι’
3795 3453 3830 3508 ἱ

2249 3543 2342 3595 καὶ
2369 3542 2630 3615 κέκληται
2663 3545 2942 3615 τροπικός.

2332 3635 2664 3707 ’ἰσημερινὺς
2695 3635 2752 3688 δέ
2791 3638 2906 3690 ἐστι
2953 3636 3151 3702 κύκλος
3185 3639 3216 3692 6
3248 3637 3504 3710 μέγιστος
3529 3637 3636 3692 τῶν
3667 3639 3822 3693 πέντε

2249 3727 2608 3799 παραλλήλων
2637 3728 2870 3790 κύκλων,
2903 3729 2932 3780 6
2961 3729 3244 3800 διχοτομού
3255 3747 3414 3800 μενος
3443 3729 3548 3783 ὑπὸ
3577 3729 3672 3782 τοῦ
3707 3731 3826 3800 6p:-

2249 3817 2466 3884 ζοντοςσ
2497 3819 2636 3873 ὥστε
2663 3821 2986 3892 ἡμικύκλιον
3027 3823 3126 3892 μὲν
3175 3823 3318 3894 ὑπὲρ
3351 3821 3456 3893 γῆν
3493 3823 3818 3893 ἀωλαμόἀο

2249 3911 2452 3976 νεσθαι,
2483 3911 2806 3983 ἡμικύκλιον
2829 3913 2886 3967 δὲ
2915 3913 3020 3966 ὑπὸ
3051 3913 3140 3966 τὸν
3164 3915 3430 3986 ὁρίζονταο
3467 3915 3550 3984 ἐφ’
3571 3907 3632 3966 o6
3667 3916 3822 3982 γενό-

2251 4015 2412 4069 μενος
2437 4000 2466 4052 6
2491 4000 2642 4070 ἥλιος
2668 4001 2764 4066 τὰς
2787 4003 3074 4074 ἰσημερίας
3097 4005 3350 4068 ποιεῖται,
3377 4005 3476 4074 τήν
3513 4021 3574 4056 τε
3601 4003 3824 4074 ἐαρινὴν

2249 4093 2342 4145 καὶ
2369 4093 2470 4162 τὴν
2509 4092 2928 4165 φθινοπωρινὴν.

2317 4183 2638 4254 Χειμερινὸς
2667 4185 2724 4238 δὲ
2754 4185 3013 4257 τροπικὸς
3043 4185 3243 4249 κύκλος
3264 4186 3412 4240 ἐστὶν
3439 4187 3470 4238 ό
3501 4183 3822 4247 νοτιώτατος

2244 4273 2352 4328 τῶν
2381 4277 2486 4328 ὑπὸ
2507 4275 2598 4329 τοῦ
2619 4277 2770 4347 ἡλίου
2796 4277 3156 4348 γραφομένων
3183 4277 3396 4332 κύκλων
3417 4276 3560 4331 κατὰ
3583 4276 3682 4348 τὴν
3719 4276 3825 4330 ὑπὸ

2242 4369 2337 4422 τοῦ
2373 4369 2575 4438 κόσμου
2619 4367 2918 4439 γενομένην
2945 4369 3314 4440 περιστροφὴν
3333 4385 3348 4400 ·
3389 4368 3472 4436 ἐφ’
3499 4359 3561 4421 o6
3591 4369 3822 4439 γενόμε-

567 4463 886 4519 scribuntur
915 4483 928 4518 :
966 4461 1032 4517 ad
1064 4477 1224 4532 quem
1266 4475 1391 4515 cum
1429 4461 1510 4515 sol
1541 4459 1810 4530 pervenit,
1843 4459 2134 4512 hibernam

2245 4477 2331 4523 νος
2357 4460 2386 4512 ὁ
2409 4459 2558 4530 ἥλιος
2600 4459 2696 4530 τὴν
2747 4461 3062 4530 χειμερινὴν
3091 4459 3297 4530 τροπὴν
3323 4461 3580 4524 ποιεῖται,
3613 4461 3672 4512 ἐν
3785 4459 3820 4530 ἡ

567 4553 728 4610 edicit
756 4553 1191 4618 conversionem,
1219 4553 1274 4606 in
1299 4567 1408 4622 qua
1439 4551 1761 4620 longissima
1795 4548 1854 4602 ﬁt
1875 4563 1984 4604 nox
2013 4563 2134 4602 om-

567 4644 716 4699 nium
747 4659 869 4715 qua:
901 4651 1030 4700 sunt
1061 4643 1115 4698 in
1145 4655 1321 4710 anno;
1353 4641 1472 4697 dies
1491 4655 1623 4696 vero
1645 4637 1991 4694 brevissima.
2023 4635 2136 4692 Ve-

569 4743 874 4792 rumtamen
915 4741 1040 4806 post
1085 4735 1370 4789 hibernam
1411 4733 1830 4788 conversionem
1869 4743 1975 4786 non
2019 4743 2134 4783 am-

637 4913 750 4982 (Η)
797 4909 1249 4982 Ἀρκτικὸςᾷμὲν
1284 4905 1416 4964 οὖν.
1441 4907 1695 4964 Circulus
1725 4907 2000 4982 ar_cticus_._
2021 4919 2131 4976 quo

565 4977 779 5042 veteres
815 4977 900 5036 usi
933 4991 1082 5046 sunt,
1109 4977 1268 5050 longe
1297 4983 1366 5034 ab
1397 4987 1584 5050 nostro
1611 4989 1666 5032 et
1709 4979 1917 5050 usitato
1951 4977 2132 5032 diver-

566 5071 662 5111 sus
685 5061 789 5110 est.
825 5051 960 5106 Nam
985 5051 1064 5104 illi
1096 5049 1568 5120 τῶνάειφανερῶν
1599 5049 1894 5120 maximum
1936 5053 2135 5120 vocant

565 5125 865 5189 art-ticum,
919 5121 1079 5190 cujus
1122 5115 1524 5175 semidiameter
1571 5125 1654 5172 est
1702 5115 1934 5190 altitudo
1983 5118 2130 5190 poli,

565 5187 1024 5262 centrum,polu's
1049 5191 1262 5262 mumli.
1299 5191 1482 5258 Itaque
1512 5189 1924 5262 pr0_re_gio_num
1951 5187 2132 5256 positu

564 5266 750 5318 varius
798 5257 915 5322 est,
967 5277 1031 5314 ac
1073 5261 1247 5330 major
1296 5257 1564 5314 minorve.
1611 5257 1748 5330 Yide
1779 5257 2130 5312 Ptolemnum

565 5334 658 5390 lib.
692 5350 753 5400 ιι,
785 5333 928 5400 ρει,
953 5327 1300 5386 Cleomedem
1333 5331 1426 5385 lib.
1463 5345 1502 5392 ι,
1539 5345 1586 5384 c.
1615 5327 1671 5382 2.

636 5398 748 5476 (i5)
791 5398 978 5476 Οὗτος
1007 5401 1135 5476 δέᾼό
1167 5401 1408 5476 κύκλος.
1459 5399 1986 5476 b‘cribitﬁeminus‘
2021 5399 2131 5476 cir-

561 5467 746 5530 culum
771 5467 1036 5528 arcticum
1053 5471 1254 5534 ibi,uhi
1281 5471 1582 5532 habitabat,
1609 5471 1938 5524 delineatum
1963 5467 2130 5524 fuisse

566 5543 828 5598 anteriori
858 5543 1008 5612 pede
1049 5543 1273 5612 majoris
1307 5541 1479 5596 Ursm.
1512 5543 1684 5612 igitur
1709 5541 1778 5596 37
1803 5541 1886 5595 vel
1911 5539 1980 5594 58
2021 5542 2130 5592 cir-

567 5613 705 5682 citer
738 5611 997 5682 gradibus
1039 5611 1195 5681 poltis
1229 5613 1302 5666 ibi
1346 5625 1509 5680 supra
1548 5611 1898 5682 horizontem
1948 5625 2126 5682 emer-

567 5679 765 5750 gebati
791 5681 882 5750 qui
913 5691 996 5737 est
1029 5679 1518 5750 Grmcimitractus.
1547 5679 1748 5735 Verum
1789 5681 1930 5734 infra
1971 5681 2127 5750 longe

570 5749 736 5812 alium
780 5749 940 5812 situm
985 5753 1188 5806 indicat
1225 5749 1390 5826 Nam
1431 5753 1506 5806 ait
1552 5751 1818 5818 circulum
1855 5749 2124 5821 tropicuin

2245 4553 2474 4622 μεγίστη
2508 4551 2606 4622 μὲν
2637 4551 2824 4604 πασῶν
2853 4551 2960 4604 τῶν
2991 4553 3047 4603 ἐν
3076 4551 3154 4622 τῷ
3181 4549 3414 4620 ἐνιαυτῷ
3434 4549 3532 4614 νὺξ
3555 4549 3820 4604 ἐπιτελεῖ-
3881 4549 3896 4568 ⁸

2239 4661 2348 4710 ται,
2385 4643 2642 4714 ἐλαχίστη
2691 4641 2748 4694 δὲ
2795 4643 2996 4714 ἡμέρα.
3027 4643 3182 4696 Μετὰ
3227 4643 3471 4713 μέντοιγε
3501 4641 3598 4714 τὴν
3629 4659 3817 4714 χειμε-

2241 4735 2394 4806 ρινὴν
2437 4733 2646 4806 τροπὴν
2677 4733 2860 4786 οὐκέτι
2891 4733 3028 4804 πρὸς
3071 4734 3418 4806 μεσημϐρίαν
3449 4735 3758 4806 παροδεύων
3787 4736 3818 4788 6

2239 4911 2352 4965 illic
2381 4909 2452 4964 ab
2475 4909 2764 4966 horizonte
2795 4910 2870 4962 ita
2901 4909 3092 4975 dividi,
3119 4917 3180 4964 ut
3219 4909 3316 4964 illo
3357 4909 3414 4964 in
3457 4917 3582 4964 octo
3626 4921 3812 4979 partes

2235 4981 2434 5044 diviso,
2467 4981 2710 5050 quinque
2737 4995 2923 5049 supra,
2959 4979 3246 5050 tresiiufra
3279 4981 3688 5034 contineantur.
3733 4981 3812 5036 Et

2235 5067 2343 5121 quo
2369 5049 2710 5120 consequi-ns
2739 5051 3029 5104 maximam
3055 5049 3198 5105 diem
3241 5051 3498 5104 horarum
3545 5065 3670 5104 esse
3703 5053 3812 5106 cir-

2235 5123 2370 5176 citer
2393 5137 2482 5184 xv,
2504 5131 2558 5176 et
2577 5121 2774 5176 elevari
2797 5121 2978 5189 polum
3003 5121 3262 5190 gradibus
3281 5135 3390 5191 xtl.
3409 5121 3607 5191 Aratus
3629 5121 3694 5175 ad
3717 5137 3814 5191 po-

2235 5193 2516 5248 steriorem
2573 5193 2696 5246 εαξιί
2745 5189 3025 5260 positum,
3051 5191 3146 5260 qui
3198 5201 3282 5244 est
3331 5189 3815 5254 Macedonize,‘et

2233 5261 2602 5330 Hellesponti,
2654 5262 3002 5331 phmnomena
3059 5275 3157 5314 sua
3223 5261 3601 5330 comparavit,
3653 5262 3814 5331 cujus

2232 5335 2558 5386 auctoritate
2586 5333 2734 5386 ducti
2771 5345 2906 5402 pene
2933 5345 3146 5402 attines,
3165 5331 3258 5400 qui
3289 5331 3356 5384 de
3377 5331 3591 5402 sphmra
3623 5343 3812 5396 postea

2233 5405 2592 5473 scripserunt.
2621 5403 2864 5456 eamdem
2879 5401 2998 5473 poli
3021 5403 3378 5473 elevationem
3405 5401 3808 5456 adhibuerunt:

2229 5471 2536 5542 cujtismodi
2591 5477 2814 5540 sphaera:
2861 5471 3076 5524 Aratea:
3121 5471 3228 5542 dici
3267 5479 3625 5542 meruerunt;
3683 5487 3808 5524 cum

2229 5539 2500 5598 Eudoxrm
2532 5539 2640 5596 non
2673 5543 2854 5596 minus
2881 5541 3140 5610 appellari
3173 5541 3470 5611 potuerint.
3497 5539 3552 5611 ξε
3585 5542 3808 5611 quidem

2228 5612 2539 5682 Emicxumi
2559 5613 2612 5666 in
2657 5609 2931 5682 onmibus’
2957 5611 3156 5682 Aratus
3174 5609 3476 5682 expressit.
3519 5609 3810 5682 Legendus

2227 5691 2484 5752 prmterea
2521 5681 2782 5738 Leontius
2828 5681 3195 5746 Mechanicus,
3221 5677 3274 5736 ei
3317 5679 3560 5736 Achilles
3602 5677 3808 5736 'Tatius

2231 5753 2496 5824 Isagoges,
2537 5769 2586 5808 ι’.
2621 5753 2718 5832 25.
