4146 6450
406 369 511 424 775

1456 360 1694 419 GEMINI
1729 359 2103 418 ELEMENTA
2140 359 2637 420 ASTRONOMIE.

3539 363 3645 419 776

402 482 552 556 ἡλιος
590 480 892 552 θεωρεῖται,
920 477 1035 534 ἀλλ’
1077 478 1171 533 ἐπὶ
1211 478 1282 533 τὰ
1317 478 1483 550 ἕτερα
1538 480 1678 552 μέρη
1719 478 1957 550 τρέπετα

2082 478 2227 549 plius
2264 478 2510 533 cernitur
2557 478 2638 533 sol
2679 491 2873 534 versus
2901 476 3183 532 meridiem
3227 475 3505 543 accedere,
3546 479 3645 534 sed

404 571 497 627 τοῦ
522 570 723 641 κόσμου
743 586 758 600 ο
793 567 859 622 δι’
891 568 921 621 ὃ
952 566 1210 638 κέκληται
1251 566 1346 622 καὶ
1376 559 1529 630 οὗτος
1555 565 1833 638 τροπικός.

485 742 869 816 Ἀνταρκτικὸς
894 742 951 796 δέ
989 744 1106 796 ἐστι
1135 741 1335 806 κύκλος
1359 743 1473 806 ἴσος
1504 742 1601 795 καὶ
1629 741 1973 813 παράλληλος

400 836 481 908 τῷ
512 835 777 908 ἀρκτικῷ,
807 836 901 890 καὶ
930 835 1304 907 ἐφαπτόμενος
1338 834 1430 888 τοῦ
1458 834 1733 906 ὁρίζοντος
1762 833 1881 887 καθ’
1913 833 1972 886 ἓν

404 933 648 1001 σημεῖον,
680 930 775 984 καὶ
818 929 935 992 ὅλος
969 928 1076 981 ὑπὸ
1104 929 1207 999 γῆν
1235 926 1755 998 ἁπολαμὸανόμενος
1775 943 1788 956 ·
1830 928 1887 978 ὲν
1926 919 1972 994 ᾧ

399 1022 470 1076 τὰ
516 1024 743 1094 κείμενα
804 1021 912 1076 τῶν
955 1021 1168 1093 ἄστρων
1233 1020 1320 1075 διὰ
1387 1020 1587 1083 παντὸς
1642 1022 1776 1090 ἡμῖν
1824 1020 1971 1085 ἐστιν

399 1111 627 1184 ἀόρατα.
697 1095 815 1113 Α

479 1203 591 1255 [ῶν
616 1202 673 1256 δὲ
705 1201 1116 1274 προειρημένων
1141 1201 1252 1274 (16)
1281 1200 1441 1256 πέντε
1468 1199 1682 1254 κύκλων
1716 1199 1970 1271 μέγιστος

402 1290 501 1363 μὲν
531 1294 559 1345 ό
585 1291 911 1363 ἰσημερινός
933 1291 1059 1362 ἑξῆς
1086 1290 1143 1342 δὲ
1168 1291 1281 1352 τοῖς
1307 1287 1594 1359 μεγέθεσιν
1618 1288 1667 1339 oi
1694 1286 1967 1359 τροπικοί*

398 1380 665 1451 ἐλάχιστοι
703 1380 760 1433 δὲ
790 1380 865 1444 ὡς
902 1379 1038 1452 πρὸς
1077 1378 1351 1450 ἡμετέραν
1380 1379 1590 1449 οἴκησιν
1616 1377 1665 1429 oi
1695 1375 1966 1446 ἀρκτικοί.

466 1473 699 1539 Τούτους
741 1474 799 1527 δὲ
831 1473 957 1536 τοὺς
998 1472 1230 1535 κύκλους
1265 1470 1346 1523 δεῖ
1372 1471 1513 1524 νοεῖν
1542 1468 1799 1531 ἀπλατεῖς
1826 1467 1970 1539 λόγῳ

399 1566 723 1638 θεωρητοὺς,
759 1566 823 1619 ἐκ
853 1566 951 1637 τῆς
971 1564 1078 1618 τῶν
1109 1563 1321 1634 ἄστρων
1352 1560 1572 1627 θέσεως,
1603 1561 1696 1613 καὶ
1723 1560 1826 1629 τῆς
1859 1558 1967 1615 τῶν

394 1658 662 1730 διόπτρων
691 1656 941 1730 θεωρίας,
983 1655 1077 1710 καὶ
1104 1657 1202 1727 τῆς
1234 1654 1508 1726 ἡμετέρας
1532 1653 1771 1715 ἐπινοίας
1790 1652 1969 1705 διατυ-

394 1749 717 1820 πουμένους.
735 1751 911 1813 Μόνος
937 1749 1046 1819 γὰρ
1074 1749 1131 1801 ὲν
1159 1745 1237 1817 τῷ
1261 1748 1452 1818 κόσμῳ
1479 1746 1676 1810 κύκλος
1696 1744 1812 1798 ἐστὶ
1835 1744 1968 1797 θεω-

2080 583 2278 623 rursus
2329 567 2398 621 ad
2451 568 2731 636 oppositas
2795 565 2986 621 mundi
3036 572 3218 635 partes
3267 566 3641 633 convertitur,

2072 658 2305 729 ideoque
2332 658 2515 714 dictus
2538 665 2624 713 est
2662 658 2750 712 nic
2774 657 3018 712 circulus
3049 656 3313 726 tropicus.

2141 749 2496 805 Anlarcticus
2538 750 2780 804 circulus
2831 758 2916 804 est
2964 750 3192 818 aequalis
3238 754 3292 803 et
3345 747 3643 819 parallelus

2071 840 2278 896 circulo
2312 841 2538 905 arctico,
2576 847 2632 894 et
2660 839 2935 908 attingens
2970 840 3308 895 horizontem
3336 841 3640 912 in.pttncto,

2071 939 2329 1002 totusque
2369 930 2513 985 intra
2560 938 2766 986 terram
2819 931 3174 1000 desumptus;
3219 932 3278 987 in
3323 947 3435 1004 quo
3462 935 3642 1004 posita

2071 1028 2221 1078 astra
2249 1036 2467 1092 semper
2495 1020 2658 1076 nobis
2692 1028 2823 1076 sunt
2848 1020 3167 1077 invisibilia.

2139 1175 2289 1230 Inter
2332 1174 2573 1231 circulos
2622 1174 2913 1246 praedictos
2946 1174 3222 1232 maximus
3267 1183 3352 1232 est
3395 1177 3643 1248 aequino-

2069 1267 2286 1334 ctialis;
2326 1265 2561 1337 proximi
2586 1265 2769 1336 quoad
2805 1266 3220 1337 magnitudines-
3251 1275 3380 1323 sunt
3406 1269 3640 1338 tropici'

2068 1359 2282 1413 minimi
2304 1373 2457 1423 vero,
2486 1356 2668 1428 quoad
2699 1366 2945 1413 nostram
2971 1358 3389 1424 habitationem,
3423 1360 3614 1414 arctici

2138 1449 2251 1507 Hos
2279 1460 2462 1505 autem
2495 1451 2755 1515 circulos,
2783 1458 2911 1506 cum‘
2948 1452 3060 1506 sint
3093 1451 3403 1508 latitudinis
3448 1468 3616 1524 exper

2067 1547 2173 1607 tes,
2195 1549 2250 1596 et
2277 1542 2491 1598 ratione
2516 1542 2870 1613 spectabiles,
2915 1552 3098 1600 mente
3125 1552 3339 1615 oportet
3366 1544 3635 1615 cogitare,

2067 1633 2161 1702 qui
2188 1647 2252 1688 ex
2284 1640 2558 1689 astrorum
2584 1635 2766 1705 positu
2791 1641 2846 1689 et
2878 1635 3217 1705 dioptrorum
3243 1636 3615 1705 speculatione

2067 1739 2121 1786 et
2148 1739 2339 1787 nostra
2371 1731 2704 1802 cogitatione
2746 1728 3155 1785 describuntur.
3195 1726 3359 1783 Solus
3401 1727 3547 1782 enim
3580 1729 3633 1785 in

393 1819 557 1911 ρητδς
588 1840 617 1891 ὀ
651 1836 745 1891 τοῦ
772 1836 1070 1908 γάλακτος⁶
1100 1835 1152 1888 οἱ
1176 1834 1234 1888 δὲ
1265 1833 1443 1887 λοιποὶ
1463 1833 1607 1904 λόγῳ
1629 1832 1737 1885 εἶσὶ
1758 1829 1957 1901 θεωρη“

2066 1823 2269 1878 mundo
2293 1824 2528 1879 visibilis
2560 1829 2646 1879 est
2674 1822 2917 1878 circulus
2944 1820 3033 1877 via
3066 1821 3277 1890 lactea;
3318 1821 3514 1893 reliqui
3544 1835 3637 1875 ra.

390 1933 494 1988 τοί.

461 2024 632 2078 Πέντε
692 2024 748 2078 δὲ
795 2022 1130 2095 παράλληλοι
1179 2020 1338 2091 μόνον
1386 2017 1829 2090 καταγράφονται
1869 2013 1966 2068 κύ-

390 2113 510 2168 κλοι
542 2115 622 2177 είς
647 2114 746 2185 τὴν
776 2115 1032 2185 σφαῖραν,
1057 2111 1120 2164 ού
1150 2110 1239 2163 διὰ
1263 2110 1324 2163 τὸ
1353 2109 1512 2180 μόνον
1551 2107 1771 2170 τούτους
1802 2106 1860 2157 έν
1886 2103 1964 2175 τῷ

390 2206 583 2277 κόσμῳ
614 2205 987 2277 παραλλήλους
1010 2201 1169 2258 εἶναι.
1205 2203 1263 2255 ’0
1282 2201 1391 2271 γὰρ
1409 2201 1560 2271 ἥλιος
1581 2198 1703 2252 καθ’
1728 2197 1964 2266 ἑκάστην

389 2298 603 2370 ἡμέραν
641 2298 716 2361 ὠς
754 2298 889 2369 πρὸς
934 2296 1186 2368 αἴσθησιν
1210 2293 1409 2347 κύκλον
1437 2290 1778 2364 παράλληλον
1807 2306 1965 2360 περι-

391 2389 679 2460 στρέφεται
724 2387 803 2458 τῷ
852 2386 1150 2459 ἰσημερινῷ
1198 2385 1341 2439 κατὰ
1384 2385 1482 2454 τὴν
1512 2384 1605 2436 ἐπὶ
1632 2381 1725 2436 τοῦ
1757 2382 1961 2451 κόσμου

387 2480 684 2551 γενομένην
712 2480 1081 2550 περιστροφὴν
1101 2494 1114 2507 ’
1150 2476 1290 2530 ὥστε
1324 2474 1524 2544 μεταξῦ
1553 2472 1663 2526 τῶν
1691 2472 1964 2545 τροπικῶν

388 2571 604 2627 κύκλων
635 2568 720 2643 ρπ⁹
751 2571 830 2634 δὶς
858 2568 1092 2632 κύκλους
1134 2565 1513 2641 παραλλήλους
1535 2563 1842 2637 γράφεσθαι
1860 2564 1965 2617 ὑπὸ

385 2662 482 2718 τοῦ
520 2662 671 2734 ἡλίου
692 2677 705 2693 ·
735 2660 993 2715 τοσαῦται
1018 2659 1128 2733 γὰρ
1152 2658 1358 2732 ἡμέραι
1386 2658 1522 2711 εἰσὶν
1545 2658 1599 2711 αἱ
1628 2655 1828 2729 μεταξὺ
1855 2655 1963 2711 τῶν

384 2753 623 2826 τροπῶν.

455 2847 715 2917 Φέρονται
763 2843 822 2899 δὲ
862 2843 958 2898 καὶ
1007 2843 1206 2907 πάντες
1230 2842 1280 2896 οἱ
1305 2840 1536 2913 ἀστέρες
1565 2841 1659 2893 ἐπὶ
1685 2837 1964 2911 παραλλή-

384 2935 494 2989 λων
527 2935 741 2989 κύκλων
779 2933 898 2988 καθ’
930 2935 1163 3005 ἑκάστην
1186 2933 1421 3004 ἡμέραν.
1467 2930 1960 3000 Συγκαταγράφον-

384 3047 475 3084 ται
498 3029 554 3082 δὲ
584 3023 727 3083 οὗτοι
758 3029 957 3083 πάντες⁹
982 3029 1062 3089 είς
1084 3026 1182 3097 τὴν
1204 3027 1461 3097 σφαῖραν,
1494 3022 1583 3077 διὰ
1612 3023 1674 3076 τὸ
1702 3022 1838 3093 πρὸς
1862 3019 1963 3090 μὲν

384 3115 550 3178 ἄλλας
580 3114 957 3186 πραγματείας
978 3114 1086 3166 τῶν
1112 3116 1170 3166 ὲν
1192 3116 1259 3185 τῇ
1281 3111 1604 3185 ἀστρολογίᾳ
1628 3111 1798 3164 πολλά
1822 3129 1960 3182 συμ-

383 3202 675 3258 σάλλεσθαι
691 3222 706 3235 ’
736 3203 857 3257 οὐδὲ
885 3204 992 3274 γὰρ
1014 3202 1506 3274 καταστερισθῆναι
1532 3201 1755 3256 δυνατὸν
1776 3200 1959 3266 καλῶς

381 3293 484 3364 τὴν
509 3296 739 3365 σφαῖραν
764 3294 892 3349 ἄνευ
926 3294 1143 3348 πάντων
1178 3294 1286 3347 τῶν
1329 3292 1686 3365 παραλλήλων
1721 3292 1955 3359 κύκλων,

382 3383 506 3439 οὐδὲ
532 3385 601 3438 τὰ
631 3384 835 3456 μεγέθη
862 3384 970 3439 τῶν
992 3385 1201 3440 νυκτῶν
1225 3386 1446 3440 καὶτῶν
1466 3385 1688 3458 ἡμερῶν
1716 3385 1959 3458 ἀκριϐῶς

380 3474 673 3549 εύρεθῆναι
733 3476 858 3530 ἄνευ
914 3474 1024 3529 τῶν
1076 3477 1488 3547 προειρημένων
1533 3475 1778 3530 κύκλων
1822 3474 1958 3547 πρὸς

385 3564 635 3639 μέντοιγε
678 3567 776 3639 τὴν
820 3567 1045 3638 πρώτην
1090 3569 1399 3639 εἰσαγωγὴν
1447 3568 1547 3640 τῆς
1601 3568 1959 3640 ἀστρολογίας

382 3658 532 3713 οὐδὲν
562 3659 910 3729 ἀποτέλεσμα
943 3660 1395 3732 προσφερόμενοι,
1424 3661 1486 3713 ού
1515 3660 1958 3732 καταγράφονται

381 3751 443 3804 ὲν
467 3753 532 3821 τῇ
565 3752 787 3824 σφαίρᾳ.
819 3752 881 3806 Οί
906 3751 963 3804 δὲ
995 3751 1156 3805 πέντε
1186 3752 1520 3824 παράλληλοι
1547 3752 1758 3817 κύκλοι,
1783 3752 1871 3806 διὰ
1896 3752 1960 3806 τὸ

380 3844 800 3915 ἀποτελέσματα
818 3861 941 3897 τινα
969 3844 1374 3916 προσφέρεσθαι
1393 3844 1724 3917 διωρισμένα
1752 3847 1833 3909 εἰς
1858 3846 1958 3916 τὴν

382 3934 606 4007 πρώτην
620 3935 925 4007 εἰσαγωγὴν
939 3936 1036 4006 τῆς
1051 3936 1426 4008 ἀστρολογίας,
1441 3936 1758 4008 κατεγράφη
1766 3953 1863 3991 σαν
1878 3938 1959 4001 εἰς

380 4025 481 4097 τὴν
511 4030 766 4099 σφαῖραν.
783 4028 840 4080 Ὁ
870 4028 966 4098 μὲν
990 4026 1099 4099 γὰρ
1115 4028 1373 4098 ἀρκτικὸς
1399 4026 1597 4092 κύκλος
1615 4026 1864 4100 ἀφορίζει
1886 4027 1959 4082 τὰ

381 4118 471 4171 ἀεὶ
504 4117 851 4191 θεωρούμενα
895 4117 1004 4172 τῶν
1040 4117 1255 4189 ἄστρων
1275 4135 1288 4150 ο
1321 4120 1349 4172 ὁ
1375 4118 1432 4171 δὲ
1459 4117 1667 4190 θερινὸς
1697 4119 1956 4189 τροπικὺς

383 4206 579 4269 κύκλος
610 4206 707 4277 τὴν
734 4206 940 4277 τροπὴν
967 4205 1229 4277 περιέχει,
1253 4207 1347 4260 καὶ
1393 4206 1564 4278 πέρας
1597 4206 1713 4260 ἐστὶ
1740 4208 1837 4279 τῆς
1861 4206 1955 4261 τοῦ

381 4297 534 4370 ἡλίου
568 4296 703 4368 πρὸς
738 4298 938 4368 ἄρκτον
967 4298 1316 4368 μεταὸἀσεως
1336 4314 1348 4327 ο
1381 4298 1409 4349 ὁ
1433 4297 1489 4350 δὲ
1519 4297 1830 4369 ίσημερινὸς
1858 4296 1956 4351 κύ·-

381 4386 509 4450 κλος
534 4385 634 4449 τὰς
665 4386 954 4457 ἰσημερίας
981 4386 1255 4458 περιέχει·
1289 4388 1319 4440 ὁ
1344 4385 1401 4439 δὲ
1437 4387 1744 4460 χειμερινὸς
1774 4404 1956 4459 τροπι-

2066 1914 2213 1970 tione
2236 1921 2363 1970 sunt
2388 1915 2738 1985 spectabiles.

2134 2004 2343 2059 Circuli
2381 2019 2510 2060 vero
2534 2004 2781 2075 paralleli
2813 2011 3027 2059 tantum
3059 2003 3300 2074 quinqui;
3333 2003 3391 2059 in
3423 2004 3635 2076 sphaera

2064 2096 2493 2164 describuntur,
2544 2098 2692 2167 quod
2743 2114 2852 2152 non
2903 2107 3192 2169 propterea
3244 2095 3300 2153 ﬁt
3362 2100 3520 2169 quasi
3577 2100 3635 2156 in

2063 2189 2270 2243 mundo
2298 2196 2511 2244 tantum
2550 2190 2607 2244 hi
2636 2198 2823 2246 essent
2865 2191 3133 2261 paralleli.
3173 2190 3309 2246 Nam
3342 2193 3421 2248 sol
3459 2194 3639 2262 quoti-

2065 2280 2174 2344 die,
2206 2283 2389 2352 quoad
2432 2299 2679 2346 sensum,
2712 2283 2977 2339 describit
3013 2285 3281 2340 circulum
3310 2288 3635 2358 parallelum

2063 2374 2433 2444 aquinoctiali
2483 2375 2785 2430 secundum
2833 2375 3022 2430 mundi
3060 2377 3453 2433 revolutionem
3480 2399 3492 2433 :
3524 2380 3634 2433 ita-

2063 2481 2171 2535 que
2196 2465 2341 2520 inter
2371 2467 2611 2536 tropicos
2650 2467 2889 2522 circulos
2913 2469 3157 2538 paralleli
3187 2471 3379 2525 circuli
3421 2472 3505 2527 bis
3533 2472 3660 2527 180-

2064 2571 2095 2611 a
2125 2557 2240 2613 sole
2269 2558 2690 2628 describuntur;
2718 2567 2800 2615 tot
2837 2561 2985 2616 enim
3011 2559 3132 2617 dies
3165 2568 3294 2616 sunt
3332 2562 3476 2618 inter
3495 2578 3633 2618 con-

2061 2664 2158 2704 ver
2162 2664 2368 2706 SlOﬂCS.

2128 2825 2407 2883 Feruntur
2431 2828 2595 2884 etiam
2633 2843 2826 2886 omnes
2851 2831 3021 2886 stella:
3054 2830 3108 2886 in
3140 2830 3366 2887 circulis
3397 2830 3634 2901 paralle-

2059 2917 2131 2974 lis
2162 2919 2424 2990 quotidie.
2457 2918 2842 2977 Verumtamen
2877 2937 2986 2976 non
3019 2937 3208 2978 omnes
3238 2923 3428 2978 circuli
3453 2925 3634 2995 paral-

2060 3010 2150 3066 leli
2172 3011 2228 3065 in
2268 3011 2480 3081 sphera
2509 3010 2919 3080 describuntur,
2943 3013 3108 3083 idque
3141 3024 3446 3084 propterea,
3482 3015 3631 3085 quod

2060 3100 2127 3156 ad
2174 3101 2312 3157 alios
2363 3103 2579 3173 quidem
2627 3112 2898 3159 tractatus
2952 3105 3353 3160 astronomicos
3398 3107 3632 3161 multum

2062 3192 2391 3259 conducant,
2415 3209 2524 3249 non
2557 3195 2704 3249 enim
2727 3194 2989 3266 possibile
3008 3205 3170 3261 esset,
3198 3196 3382 3253 stellas
3404 3206 3552 3254 recte
3573 3198 3633 3254 in

2059 3282 2277 3353 globum
2310 3285 2651 3342 materialem
2696 3288 2905 3343 referre
2950 3288 3072 3343 sine
3102 3289 3360 3345 omnibus
3406 3290 3631 3347 circulis

2058 3376 2334 3445 parallelis
2360 3395 2374 3431 :
2404 3393 2582 3447 neque
2619 3380 3022 3450 magnitudines
3057 3381 3269 3436 dierum
3294 3392 3348 3437 et
3382 3384 3631 3438 noctium

2059 3474 2316 3521 accurate
2349 3467 2584 3523 inveniri
2615 3470 2736 3525 sine
2762 3471 3038 3541 praedictis
3065 3473 3289 3528 circulis
3314 3475 3629 3543 parallelis;

2060 3558 2177 3625 sed,
2210 3575 2333 3614 cum
2352 3560 2418 3615 ad
2442 3561 2673 3632 primam
2695 3562 3046 3619 astronomiae
3077 3564 3476 3620 institutionem
3506 3567 3632 3621 nul-

2058 3650 2170 3705 lum
2211 3652 2637 3709 emolumentum
2686 3654 2937 3722 afferant,
2990 3672 3100 3712 non
3145 3657 3631 3715 describunturin

2059 3745 2271 3815 Sphaera
2294 3763 2309 3799 :
2331 3752 2387 3800 at
2416 3748 2657 3818 quinque
2686 3749 2931 3819 paralleli
2969 3749 3184 3814 circuli,
3210 3766 3278 3805 eo
3306 3751 3450 3822 quod
3475 3758 3630 3810 certa

2058 3837 2306 3909 quaedam
2341 3840 2708 3895 emolumenta
2738 3842 2804 3895 ad
2838 3842 3069 3911 primam
3095 3843 3446 3898 astronomiae
3474 3843 3631 3900 insti~

2057 3928 2323 3985 tutionem
2354 3928 2602 3995 aﬂ‘erant,
2635 3929 2691 3984 in
2727 3930 2937 4000 sphaera
2966 3939 3094 3987 sunt
3122 3931 3405 4003 descripti.
3445 3933 3629 3990 Arcti-

2058 4034 2158 4076 cus
2200 4020 2345 4076 enim
2376 4021 2617 4076 circulus
2648 4028 2799 4076 astra
2844 4036 3061 4092 semper
3094 4025 3414 4093 apparentia
3439 4023 3627 4081 deter-

2057 4111 2267 4177 minat;
2301 4111 2524 4167 aestivus
2555 4113 2802 4184 tropicus
2834 4114 3079 4170 circulus
3108 4116 3354 4171 aestivam
3396 4130 3627 4174 conver-

2057 4205 2267 4261 sionem
2297 4207 2559 4271 continet,
2585 4213 2638 4261 et
2668 4207 2825 4263 limes
2849 4215 2934 4263 est
2974 4207 3243 4264 transitus
3267 4208 3400 4263 solis
3429 4223 3626 4266 versus

2056 4294 2516 4366 septentrionem;
2540 4297 2939 4368 aequinoctialis
2965 4298 3204 4354 circulus
3226 4305 3429 4369 puncta
3453 4301 3625 4370 aqui-

2055 4386 2312 4441 noctialia
2339 4387 2617 4454 continet;
2658 4387 2922 4444 hibernus
2952 4388 3199 4458 tropicus
3230 4388 3472 4445 circulus
3513 4399 3624 4446 ter-

381 4478 477 4543 κὸς
504 4478 702 4543 κύκλος
725 4479 905 4550 τέρμα
930 4478 1047 4531 ἐστὶ
1075 4481 1174 4550 τῆς
1194 4480 1330 4551 πρὸς
1353 4479 1697 4551 μεσημϐρίαν
1724 4479 1950 4552 προόδου

2058 4477 2239 4531 minus
2286 4489 2372 4533 est
2415 4492 2742 4548 progressus
2789 4478 2923 4534 solis
2969 4493 3164 4534 versus
3206 4479 3527 4546 meridiem,
3566 4489 3624 4555 et

380 4570 476 4624 ἐπὶ
518 4569 673 4642 ἡλίῳ,
706 4572 802 4624 καὶ
840 4570 938 4641 τὴν
968 4570 1282 4642 χειμερινὴν
1305 4570 1513 4642 τροπὴν
1547 4570 1810 4642 περιέχειο
1843 4574 1872 4625 ὁ
1895 4571 1953 4625 δὲ

381 4661 741 4732 ἀνταρκτικὸς
776 4660 973 4724 κύκλος
998 4660 1068 4713 τά
1096 4660 1171 4731 μὴ
1198 4660 1549 4734 θεωρούμενα
1582 4661 1690 4715 τῶν
1738 4663 1954 4733 ἄστρων

379 4752 652 4823 ἀφορίζει.
704 4753 959 4822 Ἔχοντες
1008 4747 1100 4806 οὖν
1138 4752 1409 4822 κεφάλαια
1447 4753 1540 4806 καὶ
1577 4752 1952 4823 ἀποτελέσμα-

379 4859 452 4897 τα
501 4842 784 4914 ὡρισμένα
829 4841 966 4914 πρὸς
1022 4841 1121 4913 τὴν
1173 4842 1480 4914 εἰσαγωγὴν
1552 4843 1651 4913 τῆς
1699 4841 1952 4913 ἀστρολο-

380 4932 528 5002 γίας,
551 4932 790 5001 εὐλόγως
818 4934 1244 5004 κατεγράφησαν
1276 4936 1355 4997 είς
1379 4932 1477 5005 τὴν
1509 4936 1764 5004 σφαῖραν.

452 5022 575 5078 Τῶν
604 5023 662 5077 δὲ
693 5023 1104 5095 προειρημένων
1151 5024 1310 5077 πέντε
1346 5024 1705 5096 παραλλήλων
1736 5023 1952 5078 κύκλων

380 5118 412 5170 ὁ
438 5116 538 5188 μὲν
559 5115 817 5188 ἀρκτικὸς
836 5113 1031 5178 κύκλος
1052 5114 1170 5178 ὅλος
1191 5114 1331 5188 ὑπὲρ
1355 5117 1458 5186 γῆν
1485 5112 1946 5186 ἀπολαμϐάνεται,

452 5267 563 5338 (16)
622 5266 746 5323 Τῶν
808 5268 878 5323 δὲ
929 5268 1390 5338 προειρημένων.
1450 5268 1840 5325 Parallelorum
1893 5269 1947 5323 in

380 5340 593 5408 sphaera
623 5340 894 5395 maximus
922 5348 1005 5395 est
1034 5341 1463 5408 aequinoctialis;
1492 5351 1809 5409 caterorum
1841 5354 1950 5409 quo

381 5411 615 5478 quisque
638 5410 852 5479 longius
886 5411 1069 5464 abillo
1090 5409 1314 5469 recedit,
1344 5425 1411 5465 eo
1440 5419 1522 5466 est
1554 5411 1753 5464 minor.
1784 5408 1944 5464 Ratio

381 5493 534 5540 vero,
574 5478 751 5549 quam
771 5480 972 5535 habent
1002 5482 1241 5535 minores
1263 5478 1329 5534 ad
1360 5481 1674 5543 maximum,
1716 5480 1944 5549 investi-

381 5557 542 5615 gatur
566 5547 632 5604 ea
671 5549 961 5623 methodo,
975 5565 1138 5619 quam
1182 5551 1459 5617 attigimus
1490 5550 1633 5623 libro
1655 5547 1938 5623 vu._Nam,

382 5628 440 5670 ut
466 5629 551 5673 est
591 5619 779 5688 radius
810 5618 875 5673 ad
919 5618 1100 5674 Sinum
1123 5621 1502 5688 complctnenti
1544 5619 1814 5673 distantia:
1848 5635 1944 5688 pa-

378 5688 553 5759 ralleli
580 5687 905 5759 cujusiibet,
941 5691 1015 5742 ita
1055 5687 1450 5757 aequinoctialis
1483 5689 1551 5742 ad
1596 5687 1938 5757 parallelu'tn.

378 5754 510 5814 Esto
540 5754 781 5818 tropicus
808 5762 1025 5817 aestivus
1047 5754 1306 5825 gradibus
1330 5759 1398 5812 2i
1425 5754 1632 5815 distans
1658 5761 1726 5815 ab
1759 5774 1942 5828 mqua-

2054 4569 2337 4625 bibernam
2362 4570 2781 4626 conversionem
2823 4571 3105 4636 continet;
3141 4573 3479 4630 antarcticus
3509 4575 3624 4631 cir-

2052 4660 2211 4716 culns
2245 4669 2396 4717 astra
2426 4676 2537 4716 non
2572 4661 2890 4730 apparentia
2934 4662 3283 4718 determinat.
3335 4663 3473 4720 Cum
3514 4665 3621 4738 igi-

2051 4759 2143 4807 tur
2173 4752 2409 4808 habeant
2431 4759 2582 4808 certa
2611 4753 2791 4822 capita
2817 4760 2870 4808 et
2897 4754 3264 4810 emolumenta
3291 4754 3359 4809 ad
3391 4754 3621 4810 institu-

2050 4843 2254 4898 tionem
2280 4843 2646 4909 astronomiae,
2671 4858 2782 4900 non
2808 4843 2927 4901 sine
2956 4844 3171 4902 ratione
3199 4844 3462 4916 descripti
3491 4855 3623 4903 sunt

2051 4934 2105 4989 in
2127 4934 2360 5004 sphaera.

2121 5025 2268 5080 Inter
2293 5025 2538 5095 quinque
2586 5026 2877 5096 praedictos
2910 5027 3204 5098 parallelos
3233 5027 3494 5092 circulos,
3530 5040 3621 5080 ar-

2051 5119 2228 5175 cticus
2254 5119 2498 5175 circulus
2536 5127 2687 5176 totus
2717 5136 2884 5192 supra
2914 5120 3255 5177 horizontem
3285 5120 3614 5177 desumitur.

2051 5278 2206 5342 tore;
2243 5270 2700 5342 complementum
2737 5271 3007 5327 distantias
3033 5280 3117 5328 est
3144 5271 3298 5342 grad.
3333 5268 3422 5334 60,
3460 5268 3618 5342 cuius

2051 5340 2205 5412 sinus
2244 5338 2440 5412 9l555.
2480 5340 2648 5411 Igitur
2681 5356 2743 5395 ea
2790 5338 3183 5412 proportiores't
3216 5340 3617 5412 aequinoctialis

2050 5410 2117 5463 ad
2144 5410 2437 5479 tr0picum,
2477 5410 2597 5479 qua:
2626 5419 2710 5466 est
2732 5410 2947 5467 100000
2975 5412 3041 5465 ad
3071 5410 3406 5474 9l355,‘hoc
3433 5417 3520 5465 est
3548 5410 3617 5465 10

2050 5429 2117 5463 au
2144 5429 2437 5479 ll'OplCllm,
2477 5429 2494 5463 (
2516 5429 2597 5465 ure
2626 5429 2710 5466 εει
2732 5429 2947 5467 ιυυυυυ
2975 5429 3041 5465 au
3071 5429 3269 5474 υιοῡο,
3305 5429 3406 5464 noc
3433 5429 3520 5465 εει
3548 5429 3617 5465 τυ

2050 5479 2119 5534 ad
2146 5482 2179 5534 9
2221 5429 2578 5562 circiter._ita
2613 5480 2856 5562 circulus
2890 5480 3318 5562 arctiottshdrati
3353 5480 3520 5562 distpt
3548 5479 3617 5535 ab

2048 5556 2325 5618 aequatore
2353 5550 2615 5617 gradibus
2643 5549 2734 5613 49,
2767 5567 2796 5604 a
2825 5552 2975 5621 polo,
3008 5552 3101 5606 41.
3143 5550 3310 5606 Sinus
3347 5550 3617 5621 graduum

2152 5630 2235 5697 εει
2277 5619 2473 5697 7547i,
2515 5620 2862 5697 Proindeita
2906 5638 2965 5678 se
3010 5618 3623 5697 liabctAarquinqcntialis

2050 5689 2117 5741 ad
2151 5690 2414 5743 circulum
2461 5690 2605 5744 hunc
2643 5690 2907 5745 arcticttm
2946 5692 3025 5745 uti
3070 5689 3379 5747 IOUOW'ad
3409 5689 3622 5755 75471ς

2047 5774 2169 5829 qua:
2192 5761 2473 5830 proportio
2498 5760 2606 5816 t‘cre
2635 5768 2720 5817 est
2744 5761 3115 5833 sesquitertia,
3142 5772 3201 5818 ut
3223 5761 3257 5816 4
3290 5761 3356 5817 ad
3387 5760 3439 5816 3.
