4146 6436
530 339 636 395 775

1525 334 1612 390 AD
1651 332 1918 392 EUSEBII
1950 330 2346 391 CBBONICON
2385 329 2751 388 APPENDIX.

3681 333 3789 390 776

529 459 781 518 Estivus
813 458 1059 530 tropicus
1096 459 1339 515 circulus
1376 458 1431 513 in
1461 457 1601 513 duas
1637 465 1823 529 partes
1851 458 2094 528 inaequa-

2213 453 2306 509 se:
2333 453 2542 526 θερινὸς
2567 450 2826 523 τροπικὺς
2872 449 3073 512 κύκλος
3115 448 3194 513 εἰς
3218 447 3312 502 δύο
3342 465 3485 520 μερη
3511 448 3670 503 ἄνισα
3700 452 3792 506 τέο

532 554 612 608 les
641 558 860 607 secatur
899 551 970 605 ab
987 550 1296 614 horizonte,
1325 558 1379 603 et
1418 558 1761 620 segmentum
1797 549 1978 619 majus
2007 564 2107 604 su-

529 659 627 716 pra
670 653 873 697 terram
922 642 1248 707 desumitur,
1289 641 1472 695 minus
1521 654 1652 696 vero
1692 638 1834 693 infra
1870 646 2102 696 terram.

531 737 603 791 At
635 751 740 790 non
772 751 870 805 per
897 751 1087 789 omnes
1111 734 1360 803 regiones
1392 743 1445 787 et
1491 733 1656 787 urbes
1701 732 1892 787 eodem
1942 731 2107 786 modo

527 830 754 885 cstivus
777 828 1019 899 tropicus
1046 826 1290 881 circulus
1315 833 1535 879 secatur
1566 825 1636 879 ab
1667 824 1973 891 horizonte,
2005 825 2104 879 sed

526 922 685 993 juxta
707 921 985 975 climatum
1010 919 1361 976 diversitates
1382 918 1662 974 diversum
1690 926 2104 990 segtnentorum

530 1028 816 1069 excessum
853 1012 1122 1083 contingit
1159 1013 1401 1077 evenire,
1444 1020 1610 1082 atque
1653 1012 1722 1068 iis
1756 1011 1977 1081 quidem
2010 1011 2105 1082 qui

532 1104 705 1173 magis
738 1104 842 1173 ιο
865 1117 1028 1173 quam
1070 1117 1188 1165 nos,
1233 1117 1427 1157 versus
1474 1103 1900 1172 septentrionem
1946 1102 2106 1156 habi-

532 1203 669 1258 tant,
702 1195 758 1248 in
792 1203 1069 1264 segmenta
1098 1194 1271 1266 magis
1295 1194 1580 1263 inaequalia
1609 1194 1676 1248 ab
1705 1193 1987 1249 horizonte
2019 1208 2107 1249 se-

530 1286 644 1340 cari
678 1287 948 1356 tropicum
977 1286 1231 1341 aestivum
1270 1285 1522 1356 contigit.
1552 1283 1616 1338 Et
1652 1285 1867 1340 tandem
1898 1293 1984 1341 est
2018 1301 2106 1340 re-

530 1377 620 1446 gio
649 1376 921 1447 quaedam,
959 1377 1013 1431 in
1052 1393 1159 1447 qua
1189 1384 1340 1431 totus
1378 1376 1602 1431 aestivus
1635 1376 1879 1447 tropicus
1923 1378 2106 1432 circu-

528 1469 617 1523 lus
647 1470 705 1522 ﬁt
732 1485 897 1541 supra
930 1477 1156 1524 terram.
1188 1468 1261 1523 lis
1290 1482 1423 1522 vero
1455 1467 1550 1538 qui
1581 1469 1753 1539 magis
1782 1483 1946 1538 quam
1978 1483 2099 1535 nos,

527 1577 725 1617 versus
746 1560 1030 1617 meridiem
1055 1560 1328 1625 habitant,
1357 1560 1414 1614 in
1443 1567 1720 1631 segmenta
1760 1561 1942 1615 minus
1975 1561 2103 1613 ina:-

528 1655 713 1726 qualia
741 1654 966 1709 aestivus
988 1652 1235 1723 tropicus
1257 1652 1500 1707 circulus
1523 1651 1591 1706 ab
1613 1651 1899 1707 horizonte
1921 1660 2104 1707 sectus

528 1753 631 1801 est.
664 1743 730 1798 Et
752 1743 972 1799 tandem
1006 1753 1089 1799 est
1112 1744 1263 1814 regio
1303 1742 1551 1813 quaedam
1589 1759 1783 1799 versus
1823 1742 2102 1798 meridiem

527 1838 691 1894 nobis
722 1838 849 1902 sita,
875 1837 932 1891 in
972 1851 1080 1907 qua
1123 1837 1409 1906 aequaliter
1440 1835 1703 1891 dividitur
1731 1837 1955 1891 aestivus
1986 1843 2104 1889 tro-
2137 1819 2179 1873 Β

528 1932 685 2001 picus
715 1929 959 1985 circulus
993 1930 1062 1984 ab
1092 1928 1383 1985 horizonte
1410 1947 1423 1981 :
1452 1928 1508 1982 in
1535 1929 1641 1983 hoc
1680 1937 1863 1983 autem
1889 1929 2108 1983 climate

530 2031 751 2079 secatur
794 2022 892 2086 ita.
937 2030 998 2076 ut
1030 2034 1156 2075 cum
1202 2028 1355 2075 totus
1387 2020 1628 2075 circulus
1665 2021 1718 2074 in
1757 2028 1882 2074 octo
1922 2026 2108 2090 partes

528 2116 767 2186 aequales
802 2114 1016 2169 divisus
1058 2121 1166 2177 est,
1198 2111 1266 2167 de
1302 2112 1389 2167 his
1436 2114 1682 2183 quinque
1715 2121 1899 2181 partes
1943 2125 2110 2182 supra

529 2208 871 2263 horizontem
915 2207 1299 2271 desumantur,
1332 2213 1447 2261 tres
1499 2219 1627 2259 vero
1677 2202 1822 2257 infra
1860 2203 2112 2258 horizon-

530 2306 660 2354 tem.
700 2298 781 2352 Ad
814 2298 917 2351 hoc
960 2298 1123 2351 clima
1156 2297 1371 2352 videtur
1414 2296 1580 2351 etiam
1605 2294 1806 2349 Aratus
1838 2309 2110 2365 apparen-

531 2390 731 2444 tiarum
790 2396 1081 2443 tractatum
1141 2387 1539 2458 composuisse.
1599 2385 1736 2441 Nam
1786 2386 1855 2441 de
1916 2387 2107 2442 aestivo

531 2482 742 2552 tropico
771 2480 981 2536 circulo
1010 2478 1308 2543 disserens,
1350 2480 1432 2534 sic
1469 2479 1683 2549 inquit:

531 2590 648 2662 ῌοε
679 2594 909 2647 maxime
937 2594 991 2646 in
1012 2602 1126 2646 octo
1150 2593 1374 2662 mquales
1407 2604 1583 2662 partes
1609 2593 1797 2658 diviso,

533 2661 738 2716 Earum
777 2665 1000 2734 quinque
1043 2661 1349 2718 meridiana:
1398 2665 1681 2719 volvuntur
1709 2681 1800 2732 per
1834 2678 2107 2731 supremas

1633 2734 1831 2805 [partes
1864 2745 2035 2805 terra;

534 2803 664 2859 Tres
706 2819 826 2858 vero
871 2804 926 2857 in
964 2803 1331 2873 hemisphaerio
1374 2803 1471 2858 sub
1529 2803 1711 2858 terra:
1736 2806 1941 2858 wstatis
1987 2803 2107 2857 huic

1475 2874 1620 2947 [sunt
1654 2877 2035 2930 conversiones.

606 3005 686 3063 Ex
708 3007 808 3062 hac
828 3005 1097 3063 divisione
1133 3006 1405 3078 sequitur,
1432 3007 1815 3077 longissimum
1844 3006 1986 3060 diem
2013 3006 2114 3060 lio-

532 3117 715 3157 rarum
750 3100 1214 3171 aequinoctialium
1246 3100 1360 3154 ﬁeri
1398 3099 1488 3163 15,
1525 3108 1744 3153 noctem
1785 3114 1917 3153 vero
1947 3099 2111 3153 hora-

2211 565 2399 619 μνεται
2439 547 2543 601 ὑπὸ
2587 545 2681 600 τοῦ
2707 543 3008 617 ὁρίζοντος,
3039 542 3134 597 καὶ
3165 542 3226 597 τὸ
3253 542 3353 615 μὲν
3384 541 3567 614 μεῖζον
3592 543 3791 617 τμῆμα

2208 644 2347 716 ὑπὲρ
2392 644 2494 713 γῆν
2550 639 3013 711 ἀπολαμϐάνεται,
3043 640 3105 693 τὸ
3128 638 3185 693 δὲ
3214 638 3516 706 έλασσονίτ,
3548 641 3654 693 ὑπὸ
3689 641 3791 713 τὴν

2206 733 2330 803 γῆν.
2369 733 2443 786 Ού
2491 731 2634 786 κατὰ
2674 733 2855 785 πᾶσαν
2894 730 2952 784 δὲ
2979 730 3164 801 χώραν
3207 730 3301 783 καὶ
3339 730 3493 784 πόλιν
3533 731 3735 801 ὁμοίως
3759 733 3792 785 ὁ

2206 825 2415 895 θερινὸς
2441 824 2698 895 τροπικὺς
2731 825 2930 888 κύκλος
2953 823 3217 893 ,τέμνεται
3243 824 3349 875 ὑπὸ
3367 821 3463 874 τού
3497 822 3788 893 ὁρίζοντος,

2206 918 2345 972 ἀλλὰ
2380 917 2531 989 παρᾶ
2559 917 2658 981 τὰς
2684 916 2794 969 τῶν
2830 916 3112 986 κλιμάτων
3138 914 3494 985 παραλλαγὰς
3534 916 3793 988 διάφορον

2206 1011 2307 1081 τὴν
2327 1010 2434 1063 τῶν
2460 1009 2764 1080 τμημάτων
2793 1006 3065 1078 ὑπεροχὴν
3094 1006 3379 1076 συμϐαίνει
3405 1006 3671 1075 γίνεσθαι·
3697 1007 3795 1061 καὶ

2204 1105 2318 1165 τοῖς
2351 1102 2447 1173 μὲν
2470 1101 2608 1172 πρὸς
2640 1099 2841 1171 ἄρκτον
2877 1098 3075 1169 μᾶλλον
3109 1098 3264 1169 ἡμῶν
3289 1098 3531 1152 οἰκοῦσιν
3577 1100 3657 1163 εἰς
3699 1100 3793 1152 άν-

2210 1196 2457 1267 ισαίτερα
2483 1196 2624 1267 μέρη
2661 1194 2951 1265 συμϐαίνει
2980 1193 3272 1265 τέμνεσθαι
3302 1194 3395 1248 τὸν
3428 1193 3640 1265 θερινὸν
3684 1195 3793 1249 ὑπὸ

2204 1287 2299 1341 τοῦ
2322 1286 2619 1359 ὁρίζοντος.
2652 1286 2764 1340 Καὶ
2797 1285 2971 1357 πέρας
2996 1286 3114 1338 ἐστὶ
3144 1284 3299 1357 χώρα
3333 1303 3438 1350 τις,
3470 1280 3587 1360 ἰενῇ
3615 1286 3734 1350 ὅλος
3763 1289 3794 1341 δ

2206 1380 2415 1451 θερινὸς
2467 1378 2727 1450 τροπικὸς
2770 1377 2968 1441 κύκλος
3015 1378 3155 1449 ὑπὲρ
3177 1378 3282 1448 γῆν
3311 1379 3538 1447 γίνεται.
3571 1380 3696 1442 Τοῖς
3735 1378 3794 1433 δὲ

2207 1472 2341 1544 πρὸς
2381 1470 2726 1542 μεσημϐρίαν
2756 1470 2957 1541 μᾶλλον
2987 1469 3226 1524 οἰκοῦσιν
3259 1471 3436 1541 ἡμῶν,
3468 1473 3547 1535 εἰς
3579 1471 3792 1526 άνισαί-

2204 1581 2337 1634 τερα
2363 1564 2407 1595 ¹⁸
2440 1546 2582 1635 μέρη
2603 1564 2632 1614 ό
2650 1561 2861 1631 θερινὸς
2898 1561 3157 1634 τροπικὸς
3198 1561 3394 1626 κύκλος
3423 1563 3530 1616 ὑπὸ
3559 1563 3654 1616 τοῦ
3680 1564 3794 1635 ὁρί-

2206 1653 2389 1718 ζοντος
2415 1655 2700 1725 τέτμηται.
2736 1653 2847 1707 Καὶ
2874 1653 3046 1724 πέρας
3078 1655 3195 1707 ἐστί
3225 1653 3376 1725 χώρα
3410 1672 3493 1718 τις
3527 1656 3664 1727 πρὸς
3691 1673 3791 1725 με-

2207 1745 2482 1817 σημϐρίαν
2510 1747 2642 1817 ἡμῖν
2670 1747 2919 1817 κειμένη,
2958 1748 3013 1798 ὲν
3130 1746 3491 1817 διχοτομεῖται
3521 1750 3550 1802 ὁ
3580 1747 3790 1820 θερινὸς

2206 1836 2463 1907 τροπικὸς
2492 1836 2689 1899 κύκλος
2723 1837 2829 1890 ὑπὸ
2877 1836 2971 1888 τοῦ
3012 1836 3302 1908 ὁρίζοντοςο
3339 1837 3573 1891 ἐνταῦθα
3608 1839 3665 1892 δὲ
3699 1840 3789 1892 τέ-

2212 1945 2400 1999 μνεται
2428 1927 2620 1991 οὕτως,
2642 1927 2803 1991 ὥστε,
2822 1927 2914 1980 τοῦ
2943 1927 3063 1981 ὅλου
3091 1928 3289 1981 κύκλου
3311 1929 3688 2002 διαιρουμένου
3712 1933 3794 1996 εἰς

2207 2027 2257 2092 η’
2288 2021 2448 2092 μέρη,
2480 2020 2638 2073 πέντε
2684 2021 2780 2091 μὲν
2813 2021 3075 2091 τμήματα
3115 2021 3254 2091 ὑπὲρ
3283 2022 3385 2091 γῆν
3414 2022 3795 2094 ἀπολαμϐάνε-

2210 2112 2353 2177 σθαι,
2384 2112 2511 2183 τρία
2540 2112 2597 2165 δὲ
2630 2113 2736 2166 ὑπὸ
2764 2114 2887 2184 γῆν.
2919 2115 3063 2185 Πρὸς
3088 2114 3144 2168 δὲ
3176 2115 3333 2168 τοῦτο
3359 2116 3419 2169 τὸ
3458 2116 3623 2189 κλίμα
3647 2118 3797 2172 δοκεί

2208 2204 2302 2256 καὶ
2362 2205 2391 2256 ὁ
2439 2206 2673 2275 Ἀρατος
2727 2207 3109 2276 συντεταχέναι
3160 2208 3260 2279 τὴν
3307 2208 3416 2261 τῶν
3455 2212 3795 2281 φαινομένων

2209 2297 2613 2365 πραγματείαν.
2640 2297 2775 2367 Πορὶ
2801 2297 2910 2368 γάρ
2937 2298 3031 2352 τοῦ
3063 2299 3275 2371 θερινοῦ
3304 2302 3566 2373 τροπικοῦ
3593 2304 3793 2358 κύκλου

2207 2387 2587 2460 διαλεγόμενός
2620 2407 2785 2462 φησιν
2813 2390 2987 2455 οὕτως

2215 2591 2326 2646 Τοῦ
2353 2590 2471 2660 μὲν
2500 2591 2650 2645 ὅσον
2680 2608 2746 2645 τε
2768 2592 3035 2660 μάλιστα
3077 2591 3152 2645 δι’
3193 2591 3345 2645 ὀκτὼ
3376 2593 3792 2661 μαρηθέντος,

2209 2662 2395 2716 Πέντε
2427 2662 2547 2731 μὲν
2582 2661 3070 2731 ἐνδιαστρέφεται
3100 2664 3229 2718 καθ’
3269 2665 3569 2731 ὑπέρτατα
3598 2668 3793 2734 γαίης,

2216 2795 2292 2850 Τὰ
2338 2796 2471 2864 τρία
2519 2795 2572 2849 δ’
2615 2796 2686 2849 ὲν
2723 2796 2950 2866 περάτῃ
2975 2814 2988 2827 ο
3046 2798 3259 2867 θέρειοι
3302 2797 3373 2852 δὲ
3412 2802 3468 2853 οἰ
3511 2799 3799 2925 ἐντρρπαί

3590 2884 3642 2925 Ιε
3666 2890 3793 2925 σιν.

3590 2884 3793 2943 [εἰσιν.

2294 3000 2389 3053 Ἐκ
2414 3000 2471 3054 δὲ
2497 3001 2699 3071 ταύτης
2724 3001 2822 3073 τῆς
2848 3002 3163 3070 διαιρέσεως
3181 3004 3483 3074 ἀκολουθεῖ,
3515 3008 3611 3080 τὴν
3645 3011 3801 3080 μεγί-

2213 3109 2345 3163 στην
2389 3092 2603 3165 ⁴ἡμέραν
2639 3094 2798 3163 ὡρῶν
2841 3096 3171 3167 ἰσημερινῶν
3206 3100 3451 3167 γίνεσθαι
3498 3109 3579 3167 ιε’,
3613 3103 3710 3175 τὴν
3738 3105 3798 3158 δὲ

531 3210 651 3249 rum
696 3192 1162 3265 mquinoctialium
1192 3192 1246 3247 9.
1274 3189 1334 3246 ln
1363 3191 1647 3248 horizonte
1677 3190 1855 3246 Rhodi
1883 3193 2108 3248 aestivus

2213 3181 2381 3235 νύκτα
2401 3182 2558 3253 ὡρῶν
2589 3184 2675 3253 ίση
2685 3183 2919 3255 μερινῶν
2936 3185 3001 3239 θ’.
3021 3188 3109 3241 Ἐν
3132 3187 3190 3240 δὲ
3217 3189 3293 3261 τῷ
3319 3191 3461 3243 κατὰ
3488 3193 3667 3246 Ῥόδον
3685 3195 3797 3265 (17)

531 3286 777 3356 tropicus
812 3285 1056 3341 circulus
1089 3284 1159 3339 ab
1204 3284 1491 3339 horizonte
1534 3285 1615 3339 sic
1648 3293 1734 3340 est
1775 3284 2008 3349 divisus,
2048 3292 2110 3339 ut

531 3393 655 3431 cum
687 3386 831 3432 totus
873 3377 1117 3432 circulus
1168 3375 1222 3430 in
1251 3376 1320 3430 48
1352 3385 1535 3447 partes
1574 3375 1872 3441 dividatur,
1920 3390 2108 3431 earum

530 3470 600 3525 29
640 3486 804 3541 supra
832 3471 1169 3525 horizontem
1198 3468 1581 3531 desumantur,
1616 3468 1841 3537 reliquae
1883 3481 2014 3521 vero
2043 3465 2110 3521 19

535 3557 675 3611 infra
715 3568 939 3612 terram.
993 3556 1072 3610 Ex
1106 3557 1209 3612 hac
1252 3556 1522 3614 divisione
1566 3556 1816 3627 sequitur
1856 3555 2114 3625 longissi-

534 3665 682 3703 mum
709 3650 853 3705 diem
876 3650 931 3703 in
966 3646 1161 3703 Rhodo
1195 3648 1313 3704 ﬁeri
1341 3650 1605 3704 horarum
1642 3648 2111 3719 aequinoctialium

535 3740 603 3794 M
621 3742 642 3793 1
651 3742 978 3811 /2,-noctem
994 3757 1125 3798 vero
1151 3741 1409 3797 horarum
1443 3741 1916 3813 aequinoctialium
1933 3739 1967 3796 9
1986 3740 2110 3811 1[2.

606 3915 1026 3987 Equinoetialis
1054 3917 1296 3973 circulus
1328 3932 1428 3989 per
1452 3925 1624 3973 totam
1666 3926 1869 3974 terram
1898 3918 2114 3974 habita—
2145 3954 2159 3974 .

534 4009 700 4064 bilem
740 4010 1024 4078 aequaliter
1052 4018 1274 4066 secatur
1311 4013 1382 4067 ab
1422 4011 1731 4078 horizonte,
1768 4023 1827 4067 ut
1864 4014 2114 4069 semicir-

536 4101 697 4155 culus
738 4116 903 4171 supra
941 4109 1140 4157 terram
1181 4102 1524 4169 desumatur,
1568 4104 1952 4161 semicirculus
1983 4121 2113 4162 vero

536 4191 678 4247 infra
739 4194 1086 4250 terramzoh
1139 4209 1306 4266 quam
1358 4210 1583 4252 causam
1628 4197 1698 4252 ab
1744 4197 1849 4253 hoc
1902 4199 2114 4256 circulo

534 4284 865 4355 aequinoctia
903 4284 1061 4340 ﬁunt.

607 4377 879 4436 llibernus
909 4380 1155 4451 tropicus
1192 4380 1436 4438 circulus
1469 4381 1538 4438 ab
1582 4381 1871 4441 horizonte
1903 4386 1986 4442 sic
2026 4402 2118 4443 se-

535 4484 712 4537 catur,
744 4478 803 4525 ut
830 4471 1013 4528 minus
1044 4484 1386 4545 segmentum
1418 4474 1486 4531 sit
1527 4492 1694 4549 supra
1721 4487 1922 4535 terram
1955 4498 1969 4536 :
1996 4496 2117 4536 ma-

2217 3276 2449 3345 ὁρίζοντι
2471 3278 2496 3328 ὁ
2523 3275 2732 3345 θερινὸς
2754 3278 3012 3349 τροπικὸς
3043 3280 3241 3346 κύκλος
3278 3284 3382 3336 ὑπὸ
3410 3284 3503 3338 τοῦ
3526 3287 3799 3358 ὁρίζοντος

2216 3366 2478 3436 τέτμηται
2506 3366 2700 3432 οὕτως,
2741 3367 2913 3435 ὥστε,
2939 3370 3037 3424 τοῦ
3073 3374 3195 3427 ὅλου
3237 3375 3438 3430 κύκλου
3467 3377 3800 3450 διῃρημένου

2218 3460 2298 3520 εἰς
2326 3458 2465 3529 μέρη
2498 3457 2608 3530 μη’,
2643 3461 2710 3513 τά
2744 3462 2845 3531 μὲν
2878 3462 2960 3517 κθ¹
2986 3467 3249 3536 τμήματα
3276 3470 3416 3542 ὑπὲρ
3436 3472 3524 3525 τὸν
3553 3473 3800 3543 ἐρίζοντα

2218 3549 2715 3621 ἀπολαμϐάνεσθαι,
2751 3553 2820 3607 τὰ
2846 3554 2904 3608 δὲ
2939 3556 3003 3609 ιθ¹
3029 3559 3134 3611 ὑπὸ
3157 3561 3279 3631 γῆν.
3324 3562 3418 3615 Ἐκ
3445 3563 3501 3617 δὲ
3527 3564 3627 3634 τῆς
3658 3566 3799 3619 διαι-

2221 3644 2423 3715 ρέσεως
2468 3646 2672 3719 ταύτης
2719 3649 3002 3704 ἀκολουθεί
3037 3651 3135 3719 τὴν
3168 3652 3435 3725 μεγίστην
3483 3657 3700 3729 ἡμέραν
3741 3661 3800 3712 ὲν

2229 3736 2396 3808 Ῥόδῳ
2429 3737 2675 3806 γίνεσθαι
2705 3741 2863 3813 ὡρῶν
2902 3744 3232 3815 ἰσημερινῶν
3265 3746 3383 3811 tog”
3419 3746 3518 3820 τὴν
3543 3748 3599 3802 δὲ
3628 3750 3799 3805 νύκτα

2219 3827 2378 3899 ὡρῶν
2412 3831 2744 3903 ἰσημερινῶν
2773 3833 2896 3899 θς¹’.

2300 3920 2360 3974 '0
2391 3921 2449 3975 δὲ
2483 3924 2799 3999 ἰσημερινὺς
2822 3926 3021 3992 κύκλος
3049 3928 3171 3983 καθ’
3193 3930 3321 4003 ὅλην
3349 3933 3448 4005 τὴν
3474 3936 3801 4007 οἰκουμένην

2217 4013 2582 4085 διχοτομεῖται
2609 4017 2715 4069 ὑπὸ
2736 4018 2830 4071 τοῦ
2861 4019 3153 4090 ὁρίζοντος,
3180 4023 3321 4077 ὣστε
3346 4026 3670 4097 ἡμικύκλιον
3701 4030 3798 4099 μὲν

2221 4106 2361 4178 ὑπὲρ
2394 4106 2499 4177 γῆν
2544 4108 3046 4180 ἀπολαμϐάνεσθαι,
3082 4114 3407 4184 ἡμικύκλιον
3434 4118 3491 4171 δὲ
3525 4120 3630 4173 ὑπὸ
3660 4120 3797 4191 γῆν·

2219 4197 2288 4251 δι’
2311 4197 2379 4268 ἢν
2409 4197 2587 4253 αἰτίαν
2618 4199 2723 4253 ὑπὸ
2746 4201 2840 4254 τοῦ
2880 4202 3079 4256 κύκλου
3129 4205 3318 4259 τούτου
3341 4210 3395 4261 αἰ
3452 4210 3733 4282 ἰσημερίαι
3757 4214 3798 4247 ⁸⁸

2221 4288 2481 4353 γίνονται.

2305 4383 2363 4439 ’0
2389 4383 2446 4437 δὲ
2471 4386 2781 4457 χειμερινὸς
2810 4388 3070 4460 τροπικὸς
3106 4389 3305 4455 κύκλος
3340 4393 3444 4446 ὑπὸ
3470 4394 3561 4448 τοῦ
3603 4397 3806 4468 ὁρίζον-

2220 4492 2312 4540 τος
2331 4476 2587 4547 τέμνεται
2610 4479 2802 4546 ούτως,
2826 4479 2965 4533 ὥστε
2987 4481 3048 4534 τὸ
3075 4483 3174 4552 μὲν
3194 4482 3421 4538 ἔλασσον
3442 4488 3635 4558 τμῆμα
3664 4491 3804 4563 ὑπὲρ
3870 4550 3875 4557 κ

532 4560 627 4631 jus
670 4577 802 4617 vero
845 4563 990 4617 infra
1042 4572 1267 4620 terram.
1318 4565 1665 4639 lnaequalitas
1708 4580 2111 4641 segmentorum

2220 4566 2327 4637 γῆν
2370 4568 2635 4636 γίνεσθαι,
2664 4571 2724 4624 τὸ
2755 4572 2812 4625 δὲ
2845 4572 3028 4641 μεῖζον
3054 4573 3158 4627 ὑπὸ
3190 4575 3311 4645 γῆν.
3362 4575 3421 4629 Ἥ
3460 4577 3516 4631 δὲ
3552 4560 3804 4653 ἀνισότης

536 4652 784 4706 eamdem
807 4652 971 4709 habet
999 4652 1379 4713 diversitatem
1407 4658 1466 4713 in
1486 4658 1742 4714 omnibus
1774 4659 2113 4727 climatibus,

539 4757 663 4812 qua:
696 4743 857 4799 ﬁebat
884 4746 1052 4800 etiam
1092 4748 1147 4801 in
1168 4749 1358 4804 aastivo
1383 4750 1600 4822 trepico
1627 4750 1858 4807 circulo.
1888 4752 2119 4824 Semper

539 4832 685 4885 enim
706 4833 917 4887 alterna
943 4843 1224 4905 segmenta
1246 4838 1588 4908 tropicorum
1609 4838 1944 4896 circulorum
1973 4842 2116 4899 inter

542 4937 603 4976 se
654 4930 782 4977 sunt
829 4923 1081 4994 aqualia.
1137 4923 1220 4980 0b
1271 4941 1436 4997 quam
1480 4942 1707 4984 causam
1758 4930 2115 5001 longissimus

542 5011 662 5067 dies
716 5014 941 5084 aequalis
995 5023 1082 5070 est
1135 5015 1469 5087 longissimae
1525 5020 1698 5074 nocti.
1766 5021 2119 5081 Antarcticus

542 5103 786 5160 circulus
823 5112 975 5162 totus
1000 5105 1144 5160 infra
1181 5106 1525 5165 horizontem
1562 5113 1895 5169 occultatur.

619 5279 694 5334 Ex
755 5282 998 5353 quinque
1057 5285 1335 5354 pmdictis
1390 5289 1670 5359 parallelis
1709 5291 1972 5359 circulis,
2025 5295 2120 5351 alii

635 5433 678 5468 ¹⁷
692 5457 780 5511 γρ.
815 5440 1114 5512 ἐλάχιστον.
1193 5443 1236 5475 ¹⁶
1263 5443 1307 5513 Ι.
1343 5444 1506 5500 ἰσαίτ.

625 5594 729 5667 (17)
774 5598 870 5651 Ἐν
903 5597 972 5651 δὲ
999 5597 1080 5664 τῷ
1117 5598 1268 5653 κατὰ
1304 5599 1528 5655 Ῥόδον.
1565 5600 1704 5657 Cum
1755 5603 1828 5658 sit
1873 5603 2122 5661 maxima

548 5664 668 5720 dies
700 5664 802 5721 sub
831 5669 1087 5737 parallelo
1115 5667 1331 5723 Rhodio
1356 5670 1616 5724 horarum
1659 5672 1725 5726 M
1761 5682 1819 5730 ct
1850 5673 2117 5735 dimidiae.

550 5746 603 5790 et
634 5750 740 5789 nox
771 5737 993 5791 minima
1017 5738 1275 5794 horarum
1298 5739 1332 5795 9
1360 5748 1416 5796 et
1440 5739 1699 5805 dimidiae.
1730 5744 1969 5801 maxima
2000 5744 2121 5800 dies

1606 5446 1647 5479 ¹⁹
1682 5464 1772 5518 π).
1811 5449 2143 5520 ἰσημριναί.

2223 4661 2331 4715 τῶν
2358 4661 2660 4733 τμημάτων
2688 4662 2785 4734 τὴν
2817 4664 2986 4735 αὐτὴν
3011 4664 3363 4738 παραλλαγὴν
3394 4667 3508 4739 ἔχει
3544 4671 3635 4723 ἐπὶ
3665 4673 3802 4726 πάν-

2221 4766 2331 4805 των
2359 4751 2469 4805 τῶν
2495 4753 2796 4824 κλιμάτων,
2819 4755 2941 4825 ἥτις
2962 4757 3171 4825 ἐγίνετο
3198 4759 3293 4811 καὶ
3344 4760 3435 4811 ἐπὶ
3473 4759 3567 4814 τοῦ
3592 4761 3803 4833 θερινοῦ

2221 4843 2491 4914 τροπικοῦ
2538 4844 2761 4900 κύκλου.
2798 4846 2899 4900 Διὰ
2932 4848 3134 4913 παντὸς
3169 4849 3277 4921 γὰρ
3309 4849 3379 4905 τὰ
3407 4851 3632 4918 ἐναλλάξ
3662 4857 3801 4926 τμή-

2226 4950 2372 5003 ματα
2402 4935 2511 4989 τῶν
2533 4939 2811 5011 τροπικῶν
2837 4940 3052 4994 κύκλων
3088 4941 3177 4995 ἶσα
3198 4942 3448 5015 ἀλλήλοις
3479 4948 3616 5002 ὲστί.
3642 4950 3719 5002 Δι’
3741 4952 3799 5021 ἧι

2225 5025 2407 5080 αἰτίαν
2436 5028 2469 5099 ἡ
2504 5030 2733 5103 μεγίστη
2775 5031 2959 5103 ἡμέρα
2989 5033 3075 5105 ἴση
3120 5035 3236 5087 ἑστί
3263 5038 3329 5107 τῇ
3362 5038 3594 5111 μεγίστῃ
3628 5042 3800 5094 νυκτί.

2237 5115 2296 5168 '0
2323 5115 2381 5169 δὲ
2401 5116 2755 5190 ἀνταρκτικὸς
2784 5120 2979 5187 κύκλος
3006 5123 3124 5187 ὅλος
3148 5125 3253 5178 ὑπὸ
3280 5126 3372 5180 τὸν
3403 5128 3651 5198 ὁρίζοντα
3674 5130 3808 5201 κρύ-

2227 5222 2444 5264 πτεται.

2300 5299 2421 5355 Τῶν
2455 5301 2511 5356 δὲ
2545 5308 2960 5380 προειρημένων
2995 5311 3155 5365 πέντε
3184 5312 3541 5382 παραλλύλων
3568 5311 3803 5378 κύκλων,

2219 5608 2537 5691 semihoras
2583 5609 2812 5668 totidem
2860 5612 3024 5670 habet
3065 5612 3174 5680 29,
3228 5622 3361 5691 quot
3413 5616 3643 5691 minima
3695 5628 3810 5671 nos

2221 5688 2438 5736 constat
2471 5681 2561 5737 19.
3245 5681 3262 5686 ’
3318 5684 3345 5698 '
