4146 6454
334 388 440 444 777

1354 372 1592 432 GEMINI
1632 368 2005 428 ELEMENTA
2059 361 2562 421 ΑετιιοΝοΜιΑς.

3488 358 3593 413 ’ΠΒ

331 507 492 564 τινῶν
530 505 629 578 μὲν
663 503 732 558 τά
759 499 963 573 μεγέθη
990 497 1111 553 καθ’
1153 497 1281 568 ὃλην
1308 494 1407 567 τὴν
1438 492 1767 565 οἰκουμένην
1794 490 1912 544 δια-

2031 502 2149 542 suas
2181 482 2587 554 magnitudines
2616 495 2713 551 per
2748 488 2923 535 totam
2958 485 3164 534 terram
3197 476 3436 533 retinent
3466 492 3593 530 eas-

336 600 484 671 μένει
514 598 583 652 τά
611 596 781 660 αὐτὰ,
815 593 977 648 τινῶν
995 593 1051 646 δὲ
1074 590 1145 644 τά
1166 589 1305 643 αύτά
1341 585 1546 658 μεγέθη
1581 582 1912 655 μεταπίπτει

333 689 486 760 παρὰ
498 687 563 740 τὰ
586 687 840 757 κλίματα,
861 683 956 737 καὶ
976 677 1057 744 οἷς
1076 680 1176 751 μὲν
1191 678 1453 750 μείζονες,
1466 672 1545 739 οἷς
1560 675 1616 727 δὲ
1630 672 1914 734 ἐλάσσονες

333 780 384 831 οἱ
404 778 590 832 κύκλοι
608 777 865 845 γίνονται.
898 776 959 827 Οἱ
992 774 1088 844 μὲν
1107 772 1214 842 γάρ
1237 767 1507 841 τροπικοὶ,
1534 766 1675 818 καὶὸ
1712 767 1797 835 ἰση
1807 780 1904 833 με-

342 871 482 941 ρινὸς
524 869 643 923 καθ’
687 868 812 938 ὃλην
847 866 945 938 τὴν
987 863 1311 934 οἰκουμένην
1348 859 1451 913 ἴσοι
1483 859 1589 912 eici.
1609 860 1719 920 τοῖς
1752 856 1912 924 μεγέ-

338 963 518 1017 θεσιν
563 963 610 1015 οἰ
650 961 703 1014 δὲ
733 958 981 1031 ἀρκτικοὶ
1019 956 1207 1010 κύκλοι
1248 953 1644 1025 μεταπίπτουσι
1671 948 1814 1003 κατά
1849 947 1918 1002 τὰ

341 1054 578 1127 μεγέθη·
609 1053 703 1108 καὶ
726 1046 806 1115 οἷς
833 1050 932 1122 μὲν
958 1047 1219 1121 μείζονες,
1249 1040 1331 1109 οἷς
1358 1046 1415 1098 δὲ
1438 1044 1719 1102 ἐλάττονες
1747 1042 1921 1109 γίνον-

337 1162 449 1200 ται.
480 1146 605 1207 Τοῖς
640 1144 736 1214 μὲν
766 1141 874 1213 γὰρ
908 1141 1043 1211 πρὸς
1070 1140 1269 1210 ἄρκτον
1316 1134 1524 1189 οἰκοῦσι
1568 1133 1814 1205 μείζονες
1861 1132 1911 1184 οἱ

339 1235 590 1311 ἀρκτικοὶ
613 1233 799 1287 κύκλοι
820 1232 1079 1301 γίνονται·
1094 1228 1187 1282 τοῦ
1209 1227 1317 1298 γάρ
1333 1225 1496 1280 πόλου
1520 1223 1918 1294 μετεωρότερον

341 1328 684 1401 φαινομένου,
722 1325 934 1395 ἀνάγκη
969 1324 1065 1376 καὶ
1100 1322 1191 1375 τὸν
1254 1318 1513 1391 ἀρκτικὸν
1565 1315 1784 1381 κύκλον,
1819 1316 1919 1382 ecp-

342 1422 644 1492 απτόμενον
674 1417 767 1471 τοῦ
816 1413 1367 1490 ὁρίζοντος,γμείζονα
1411 1411 1498 1465 ἀεὶ
1533 1408 1731 1478 μᾶλλον
1776 1407 1923 1474 γίνε-

344 1513 497 1567 σθαι·
529 1514 642 1575 τοῖς
673 1511 729 1563 δέ
761 1527 842 1563 τοι
871 1508 1007 1581 πρὸς
1037 1507 1236 1579 ἄρκτον
1251 1506 1295 1536 ὀ
1322 1503 1529 1557 οἰκοῦσι
1558 1501 1766 1581 γίνεταί
1791 1516 1921 1552 ποτε

343 1609 373 1660 ὁ
406 1572 635 1678 Θερινὸς⁷
655 1572 927 1675 τροπικὸς
947 1572 1145 1663 κύκλος
1183 1596 1441 1669 ἀρκτικός
1462 1614 1474 1626 ·
1507 1572 1660 1649 ὥστε.
1680 1594 1805 1655 τοὺς
1828 1591 1923 1645 δύο

347 1696 577 1759 κύκλους
615 1694 926 1765 ἐφαρμόσαι
964 1690 1232 1761 ἀλλήλοις,
1277 1688 1368 1740 τὸν
1417 1685 1628 1757 θερινὸν
1662 1682 1922 1755 τροπικὸν

346 1789 565 1850 κύκλον,
598 1786 813 1839 καὶτὸν
867 1781 1146 1854 ἀρκτικὸν,
1187 1779 1281 1833 καὶ
1334 1772 1460 1848 μίαν
1511 1774 1697 1829 λαϐεῖν
1745 1771 1919 1837 τάξιν.

347 1858 491 1952 Πρὸς
531 1880 588 1932 δὲ
621 1878 747 1940 τοὺς
779 1872 1216 1946 ἀρκτικωτέρους
1241 1869 1438 1932 τόπους
1466 1867 1560 1921 καὶ
1585 1866 1678 1921 τοῦ
1709 1863 1922 1937 θερινοῦ

346 1970 606 2046 τροπικοῦ
640 1970 839 2025 κύκλου
871 1966 1114 2039 μείζονες
1151 1967 1199 2017 οί
1233 1961 1483 2035 ἀρκτικοὶ
1520 1962 1781 2031 γίνονται.

418 2064 596 2136 Πέρας
621 2062 680 2114 δέ
704 2061 822 2113 ἐστι
850 2077 933 2122 τις
964 2057 1116 2128 χώρα
1143 2055 1277 2128 πρὸς
1306 2054 1508 2126 ἄρκτον
1530 2052 1779 2124 κειμένη,
1804 2052 1863 2103 ἐν
1892 2043 1926 2123 ᾖ

345 2160 377 2211 6
420 2157 516 2227 μὲν
550 2155 709 2217 πόλος
760 2150 902 2206 κατά
946 2150 1189 2222 κορυφὴν
1243 2147 1480 2216 γίνεται·
1511 2147 1539 2198 ὁ
1573 2144 1629 2197 δὲ
1669 2144 1929 2216 ἀρκτικὸς

346 2249 547 2312 κύκλος
584 2247 679 2318 τὴν
708 2244 802 2299 τοῦ
841 2243 1111 2315 ὁρίζοντος
1137 2241 1322 2311 ἐπέχει
1346 2237 1526 2304 τάξιν,
1562 2237 1657 2291 καὶ
1687 2234 1930 2309 ἐφαρμό-

348 2339 432 2405 ζει
474 2339 620 2409 αύτῷ
650 2337 789 2391 κατά
819 2334 918 2406 τὴν
950 2331 1283 2404 ἐπιστροφὴν
1324 2330 1418 2383 τοῦ
1441 2329 1690 2399 κόσμου,
1728 2325 1821 2380 καὶ
1871 2324 1931 2377 τὸ

347 2431 481 2485 αὐτὸ
539 2427 765 2498 μέγεθος
812 2424 1079 2496 λαμϐάνει
1129 2420 1208 2491 τῷ
1254 2417 1587 2490 ἰσημερινῷ·
1622 2416 1762 2469 ὥστε
1806 2414 1929 2476 τοὺς

346 2523 497 2592 τρεῖς
523 2518 774 2580 κύκλους,
800 2516 891 2569 τὸν
916 2512 1198 2586 ἀρκτικὸν,
1232 2511 1328 2563 καὶ
1352 2509 1443 2563 τὸν
1474 2505 1807 2580 ἰσημερινὸν,
1838 2505 1931 2558 καὶ

345 2616 445 2668 τὸν
460 2613 708 2684 ὁρίζοντα
732 2610 832 2680 τὴν
859 2607 1025 2678 αὐτὴν
1058 2604 1211 2671 τάξιν
1244 2605 1338 2657 καὶ
1361 2603 1510 2657 Θέσιν
1538 2600 1855 2671 λαμϐάνειν.

420 2704 589 2758 Πάλιν
636 2701 693 2755 δὲ
722 2702 834 2762 τοῖς
866 2696 1001 2768 πρὸς
1047 2693 1390 2766 μεσημϐρίαν
1434 2694 1467 2763 ἠ
1478 2689 1593 2763 μῶν
1621 2688 1856 2742 οἰκοῦσιν
1883 2687 1932 2740 οἱ

355 2798 451 2870 μὲν
479 2795 629 2849 πόλοι
650 2791 1021 2860 ταπεινότεροι
1051 2788 1293 2857 γίνονται
1313 2802 1327 2816 ·
1364 2785 1414 2838 οί
1454 2783 1512 2836 δὲ
1557 2782 1806 2854 ἀρκτικοὶ
1835 2779 1932 2833 κύ-

353 2890 470 2944 κλοι
502 2887 805 2947 ἐλάσσονες.
830 2882 940 2936 Καὶ
981 2880 1156 2952 πέρας
1187 2878 1302 2932 ἔστι
1346 2875 1499 2950 χώρα
1540 2892 1623 2939 τις
1662 2873 1796 2946 πρὸς
1836 2889 1933 2943 με-

352 2981 631 3054 σημϐρίαν
676 2977 836 3051 ήμῶν
877 2974 1126 3046 κειμένη’
1157 2972 1296 3043 αὐτὴ
1325 2970 1382 3024 δέ
1425 2972 1572 3023 ἐστιν
1604 2971 1637 3039 ἡ
1668 2966 1936 3036 λεγομένη

352 3072 461 3125 ὑπὸ
488 3072 581 3124 τὸν
626 3065 958 3140 ἰσημερινὸν,
994 3065 1051 3117 ὲν
1098 3057 1132 3139 ᾖ
1166 3062 1215 3114 οἰ
1248 3060 1346 3132 μὲν
1381 3059 1535 3112 πόλοι
1562 3058 1655 3111 ἐπὶ
1693 3055 1787 3110 τοῦ
1820 3056 1936 3128 ὁρί-

350 3166 538 3231 ζοντος
570 3162 829 3231 γίνονται,
860 3158 908 3209 οί
936 3155 995 3208 δὲ
1026 3152 1280 3226 ἀρκτικοὶ
1311 3148 1498 3204 κύκλοι
1533 3147 1759 3202 καθόλου
1783 3148 1934 3200 ἀναιο

352 3256 598 3328 ροῦνται·
628 3251 771 3306 ὥστε
816 3248 939 3303 ἀντὶ
979 3245 1089 3300 τῶν
1127 3244 1291 3298 πέντε
1328 3240 1690 3312 παραλλήλων
1720 3237 1934 3305 κύκλων

353 3351 504 3421 τρεῖς
549 3342 923 3416 παραλλήλους
967 3336 1233 3408 γίνεσθαι,
1260 3334 1386 3398 τούς
1414 3349 1473 3386 τε
1521 3330 1812 3404 τροπικοὺς
1843 3328 1938 3382 καὶ

352 3420 449 3494 τὸν
474 3434 804 3508 ἰσημερινόν.
838 3430 936 3485 Διά
975 3428 1084 3500 γὰρ
1108 3427 1176 3481 τὰ
1202 3423 1575 3499 προειρημένα
1602 3422 1699 3492 οὐχ
1734 3420 1939 3490 ὑπολη-

356 3533 523 3587 πτέον
574 3524 877 3588 καθολικῶς
905 3520 1151 3593 γίνεσθαι
1191 3520 1317 3582 τοὺς
1358 3516 1518 3569 πέντε
1562 3512 1937 3585 παραλλήλους

354 3625 611 3684 κύκλους,
642 3619 752 3673 ἀλλ’
780 3616 856 3680 ὼς
900 3612 1037 3686 πρὸς
1078 3612 1178 3683 τὴν
1205 3607 1478 3681 ἡμετέραν
1523 3604 1844 3674 οἰκουμένην
1877 3603 1938 3655 τὸ

359 3715 562 3786 πλῆθος
609 3709 787 3767 αὐτῶν
826 3705 1126 3761 ἐκκεῖσθαι.
1160 3703 1282 3755 Εἰσί¹
1315 3699 1425 3771 γάρ
1474 3714 1618 3761 τινες
1647 3695 1936 3768 ὁρίζοντες,

361 3809 422 3861 ἐν
452 3799 533 3868 οἷς
561 3804 710 3878 τρεῖς
755 3800 913 3871 μόνον
946 3793 1281 3868 παράλληλοι
1310 3792 1571 3878 γίνονται.

434 3898 557 3953 Εἰσὶ
578 3873 635 3949 at
656 3896 896 3963 οἰκήσεις
930 3889 1042 3958 (l8)
1086 3886 1180 3941 ἐπὶ
1204 3885 1304 3955 τῆς
1344 3883 1469 3953 γῆς,
1501 3873 1575 3934 ὦν
1608 3877 1796 3950 πρώτη
1844 3877 1941 3948 μὲν

358 3988 592 4058 οἴκησις,
626 3983 709 4053 ἐφ’
739 3977 807 4054 ἦς
829 3982 856 4033 ὁ
883 3977 1093 4049 θερινὸς
1121 3972 1382 4048 τροπικὸς
1417 3970 1614 4034 κύκλος
1646 3967 1941 4037 ἐφάπτεται

361 4057 480 4133 τοῦθ
516 4076 819 4148 ὁρίζοντος,
848 4071 942 4125 κα)⁴
990 4068 1087 4139 τὴν
1124 4066 1218 4121 τοῦ
1268 4062 1531 4136 άρκτικοῦ
1571 4060 1769 4114 κύκλου
1792 4057 1944 4124 τάξιν

360 4167 665 4240 λαμϐάνει*
703 4163 929 4235 δευτέρα
981 4160 1040 4214 δὲ
1091 4158 1303 4231 οἴκησις
1348 4158 1381 4228 ἡ
1414 4155 1678 4225 λεγομένη
1709 4151 1815 4205 ὑπὸ
1852 4150 1942 4203 τὸν

364 4261 551 4315 πόλον*
586 4258 745 4331 τρίτη
790 4255 848 4308 δέ
888 4254 1036 4307 ἐστιν
1075 4251 1306 4322 οίκησις,
1337 4248 1476 4318 ὑπὲρ
1511 4241 1579 4318 ἧς
1612 4243 1809 4317 μικρὸν
1846 4242 1945 4313 ἔμ-

362 4351 603 4426 προσθεν
647 4350 968 4421 εἰρήκαμεν,
1005 4344 1100 4398 καὶ
1143 4337 1652 4414 προσαγορευομένη
1700 4336 1805 4390 ὑπὸ
1854 4334 1944 4387 τὸν

364 4443 701 4516 ἰσημερινόν.

2017 579 2162 642 dem,
2211 577 2303 630 alii
2343 575 2561 630 easdem
2608 573 3015 643 magnitudines
3047 570 3442 640 mutantjuxta
3486 569 3594 623 clt-

2017 681 2184 734 mata,
2215 679 2269 725 et
2306 662 2428 724 aliis
2468 668 2604 725 locis
2646 669 2906 737 majores,
2950 667 3073 720 aliis
3112 667 3353 719 minores
3388 663 3443 718 hi
3482 659 3597 717 cir-

2019 765 2128 819 culi
2164 762 2325 821 ﬁunt.
2374 761 2592 831 Tropici
2637 760 2781 815 enim
2847 768 2902 815 et
2938 759 3342 829 aequinoctialis
3381 752 3597 828 per'to-

2018 865 2130 911 tam
2155 865 2356 911 terram
2398 854 2867 925 magnitudinibus
2912 861 3135 907 manent
3173 852 3360 908 iidem.
3393 853 3466 906 At
3504 866 3596 905 ar-

2019 951 2147 1005 ctici
2178 950 2371 1004 circuli
2394 956 2677 1003 mutantur
2703 947 3200 1017 magnitudinibus,
3230 952 3284 1000 et
3309 944 3433 999 aliis
3457 943 3597 1000 locis

2020 1044 2284 1113 majores,
2321 1042 2444 1096 aliis
2472 1041 2715 1095 minores
2750 1040 2905 1093 ﬁunt.
2946 1039 3015 1093 lis
3053 1038 3197 1093 enim
3269 1038 3364 1108 qui
3404 1051 3599 1092 versus

2022 1135 2450 1207 septentrionem
2492 1134 2764 1195 habitant,
2807 1130 3048 1201 majores
3088 1130 3225 1184 ﬁunt
3251 1131 3445 1186 arctici
3486 1132 3602 1185 cir-

2024 1229 2171 1283 culi:
2201 1242 2326 1280 cum
2365 1226 2511 1280 enim
2553 1224 2712 1294 polus
2742 1222 2907 1276 altius
2936 1221 3180 1275 elevatus
3216 1228 3461 1290 apparet,
3503 1237 3603 1275 nc-

2024 1335 2179 1374 cesse
2205 1327 2289 1374 est
2315 1318 2479 1373 etiam
2520 1317 2784 1371 arcticum
2812 1313 3103 1377 circulum,
3133 1313 3227 1383 qui
3260 1312 3599 1367 horizontem

2024 1410 2264 1479 attingit,
2304 1423 2522 1478 semper
2570 1407 2835 1477 majorem
2886 1405 3044 1469 ﬁeri;
3087 1402 3288 1458 alicubi
3362 1417 3494 1458 vero
3530 1403 3601 1458 iis

2023 1501 2118 1573 qui
2141 1516 2334 1556 versus
2368 1499 2795 1568 septentrionem
2827 1497 3097 1561 habitant,
3130 1496 3178 1552 is
3208 1495 3471 1560 circulus,
3504 1497 3599 1565 qui

2024 1600 2108 1647 est
2136 1591 2359 1646 aestivus
2392 1589 2663 1659 tropicus,
2694 1588 2751 1641 ﬁt
2779 1587 2942 1641 etiam
2975 1586 3238 1650 arcticus,
3274 1586 3349 1640 ita
3393 1592 3454 1639 ut
3490 1587 3603 1639 duo

2026 1683 2220 1737 circuli
2277 1682 2382 1737 sibi
2448 1680 2681 1735 invicem
2731 1685 3072 1749 congruant,
3130 1691 3327 1747 nempe
3375 1675 3602 1732 aestivus

2029 1775 2274 1846 tropicus
2313 1774 2578 1837 circulus,
2611 1781 2667 1827 et
2707 1773 2968 1834 arcticus,
3004 1786 3286 1840 unumque
3326 1770 3606 1840 accipiant

2027 1867 2214 1923 situm.
2241 1864 2311 1920 At
2337 1880 2534 1921 versus
2566 1865 2682 1919 loca
2712 1863 2889 1933 magis
2914 1862 3361 1932 septentrionalia
3391 1864 3604 1927 ,testiro

2029 1958 2243 2027 tropico
2272 1956 2504 2020 circulo,
2538 1955 2702 2010 etiam
2726 1954 2964 2022 majores
2994 1953 3134 2007 ﬁunt
3162 1952 3356 2007 circuli
3384 1952 3603 2008 arctici.

2101 2048 2347 2105 Tandem
2373 2055 2458 2102 est
2484 2047 2641 2101 locus
2683 2045 2903 2115 quidam
2942 2059 3141 2100 versus
3175 2041 3625 2114 septentrionem

2029 2138 2189 2201 situs,
2233 2137 2288 2191 in
2318 2151 2426 2207 quo
2460 2136 2620 2207 polus
2649 2134 2707 2189 ﬁt
2734 2134 3042 2202 verticalis;
3068 2134 3308 2190 arcticus
3334 2149 3463 2189 vero
3491 2135 3604 2188 cir-

2030 2232 2189 2286 culus
2240 2229 2545 2286 horizontis
2591 2229 2772 2284 locum
2820 2235 3075 2298 occupat,
3134 2226 3295 2297 eique
3349 2230 3606 2297 congruit

2031 2320 2331 2378 secundum
2363 2319 2554 2376 mundi
2587 2319 3024 2383 conversionem,
3075 2327 3130 2373 et
3171 2317 3418 2373 eamdem
3457 2318 3606 2372 acci-

2031 2416 2111 2488 pit
2155 2415 2591 2487 magnitudinem
2636 2429 2764 2469 cum
2812 2412 3207 2484 mquinoctiali,
3262 2416 3338 2467 ita
3386 2419 3446 2467 ut
3489 2425 3606 2470 tres

2033 2509 2250 2571 circuli,
2302 2508 2564 2573 arcticus,
2626 2505 3028 2578 tequinoctialis
3072 2510 3129 2561 et
3170 2504 3404 2561 horizon
3450 2520 3608 2560 eunt-

2032 2603 2155 2657 dem
2186 2602 2349 2657 situm
2380 2586 2434 2656 et
2467 2600 2706 2671 positum
2741 2599 3034 2669 accipiant.

2108 2693 2322 2749 Rursus
2365 2692 2432 2747 iis
2479 2691 2572 2763 qui
2618 2706 2649 2745 a
2694 2691 2855 2746 nobis
2897 2705 3091 2746 versus
3135 2688 3417 2745 meridiem
3458 2689 3612 2745 habi-

2034 2795 2173 2854 tant,
2203 2786 2312 2857 poli
2341 2784 2477 2841 ﬁunt
2506 2784 2848 2849 humiliores,
2889 2782 3081 2837 arctici
3108 2796 3240 2838 vero
3273 2781 3468 2838 circuli
3505 2781 3613 2836 mi—
3654 2817 3659 2822 η

2034 2896 2218 2935 nores.
2253 2877 2321 2933 Et
2356 2878 2576 2934 tandem
2602 2875 2752 2947 regio
2777 2884 2860 2932 est
2882 2875 3132 2947 quaedam
3167 2889 3198 2929 a
3230 2874 3392 2930 nobis
3416 2889 3614 2930 versus

2038 2973 2320 3029 meridiem
2352 2972 2480 3039 sita,
2505 2985 2571 3026 ea
2603 2977 2687 3026 est
2752 2984 2872 3040 quae
2912 2968 3264 3024 dicituresse
3301 2968 3404 3023 sub
3438 2968 3613 3038 aequi-

2036 3064 2286 3128 noctiali,
2328 3064 2384 3118 in
2431 3077 2540 3136 qua
2577 3061 2687 3131 poli
2731 3060 2788 3115 in
2826 3060 3122 3115 .horizonle
3172 3060 3611 3122 constituuntur,

1960 3181 2003 3238 ρ
2039 3158 2229 3213 arctici
2264 3171 2393 3212 vero
2416 3156 2614 3211 circuli
2636 3170 2865 3225 prorsus
2890 3160 3018 3211 sunt
3040 3153 3240 3210 sublati
3274 3173 3289 3207 :
3322 3153 3399 3207 ita
3430 3161 3491 3208 ut
3516 3169 3617 3223 pro

2038 3248 2282 3318 quinque
2310 3246 2536 3301 circulis
2574 3245 2851 3317 parallelis
2881 3252 3093 3299 tantum
3119 3251 3238 3300 tres
3276 3243 3408 3299 ﬁant
3432 3243 3618 3315 paral-
3678 3280 3681 3281 ν

2039 3341 2152 3407 leli,
2182 3353 2379 3410 nempe
2407 3338 2514 3393 duo
2548 3337 2767 3409 tropiei,
2792 3344 2847 3393 et
2870 3336 3291 3408 aequinoctialis.
3323 3335 3446 3391 Non
3466 3337 3616 3392 enim

2039 3431 2464 3490 existimandum
2489 3437 2595 3495 est,
2636 3437 2860 3500 propter
2889 3443 2956 3483 ea
3013 3444 3136 3499 quae
3164 3428 3424 3498 praedicta
3464 3437 3618 3491 sunt,

2041 3525 2428 3581 universaliter
2469 3525 2714 3594 quinque
2746 3538 2871 3579 esse
2894 3522 3186 3593 parallelos
3219 3521 3480 3587 circulos,
3520 3522 3615 3577 sed

2040 3626 2292 3691 respectu
2322 3625 2525 3673 nostra;
2562 3615 2921 3672 habitationis
2971 3614 3380 3669 multitudinem
3424 3628 3617 3669 eorum

2040 3727 2163 3768 esse
2200 3709 2527 3780 expositam.
2579 3707 2719 3762 Sunt
2752 3707 2899 3762 enim
2934 3704 3157 3776 quidam
3198 3704 3535 3769 horizontes,
3568 3707 3620 3758 in

2042 3806 2243 3878 quibus
2268 3810 2484 3858 tantum
2516 3810 2628 3856 tres
2655 3809 2785 3856 sunt
2819 3800 3016 3855 circuli
3042 3797 3311 3869 paralleli.
3414 3794 3427 3806 '

2115 3896 2257 3952 Sunt
2284 3901 2466 3950 autem
2495 3895 2553 3948 in
2586 3900 2736 3949 terra
2767 3892 3155 3957 habitationes,
3186 3904 3420 3962 quarum
3446 3891 3624 3964 prima

2042 3995 2148 4052 est,
2176 3989 2231 4043 in
2264 3988 2362 4057 ιι
2395 4000 2503 4057 qua
2562 3984 2786 4040 aestivus
2827 3983 3075 4053 tropicus
3123 3983 3366 4040 circulus
3406 3983 3626 4052 attingit

2045 4080 2408 4145 horizontem,
2462 4084 2519 4133 et
2567 4076 2733 4132 situm
2779 4075 2969 4130 arctici
3011 4073 3209 4129 circuli
3257 4072 3495 4145 accipit;
3538 4092 3628 4130 se-

2044 4172 2224 4229 cunda
2256 4179 2342 4227 est
2387 4169 2678 4234 habitatio,
2721 4183 2843 4239 quae
2877 4167 3078 4223 dicitur
3132 4181 3257 4222 esse
3310 4166 3415 4221 sub
3457 4168 3628 4236 polo;

2044 4268 2208 4324 tertia
2245 4272 2331 4322 est
2374 4264 2661 4329 habitatio,
2712 4262 2780 4318 de
2811 4276 2920 4333 qua
2966 4261 3131 4330 paulo
3178 4267 3308 4313 ante
3353 4258 3625 4316 diximus.

2046 4376 2169 4433 qua:
2194 4360 2398 4415 dicitur
2425 4373 2550 4415 esse
2581 4358 2687 4413 sub
2710 4353 3103 4427 aequinoctiali.

437 4506 602 4590 ἰὃθεν
633 4533 742 4588 οὐδ’
767 4534 802 4604 ἡ
835 4530 984 4598 τάξις
1006 4528 1113 4582 τῶν
1136 4526 1298 4579 πέντε
1333 4520 1690 4595 παραλλήλων
1724 4518 1930 4572 κύκλων

2113 4514 2270 4570 Unde
2296 4529 2366 4569 ne
2391 4511 2531 4570 ordo
2551 4511 2768 4583 quidem
2794 4509 3039 4580 quinque
3069 4507 3453 4578 parallelorum
3481 4506 3628 4562 idem

362 4632 400 4702 ὴ
430 4629 570 4701 αὐτὴ
599 4626 749 4699 παρά
774 4623 936 4679 πᾶσίν
961 4624 1106 4675 ἐστιν
1127 4636 1139 4648 ·
1176 4618 1290 4673 ἀλλ’
1324 4619 1382 4670 ὲν
1419 4615 1515 4686 μὲν
1548 4615 1615 4685 τῇ
1639 4611 1761 4667 καθ’
1793 4611 1940 4702 ήμᾷς

360 4718 659 4791 οἰκουμένῃ
693 4709 906 4787 πρῶτος
958 4710 1058 4783 μὲν
1100 4706 1421 4779 ὀνομάζεται
1446 4706 1475 4758 6
1505 4702 1785 4776 ἀρκτικὸς,
1820 4701 1942 4754 δεύ-

362 4828 522 4883 τερος
550 4809 608 4863 δὲ
636 4810 666 4862 6
702 4804 908 4878 θερινὸς
939 4800 1218 4875 τροπικὸς,
1243 4798 1425 4870 τρίτος
1453 4796 1510 4849 δὲ
1541 4798 1571 4850 ὁ
1605 4793 1938 4866 ίσημερινὸς,

367 4908 624 4975 ἐἶταρτος
659 4900 716 4953 δὲ
764 4899 793 4951 ὁ
840 4895 1148 4968 χειμερινὸς
1195 4890 1476 4962 τροπικὸς,
1521 4885 1773 4957 πέμπτος
1818 4886 1876 4938 δὲ
1914 4886 1943 4937 ὁ

365 4993 747 5069 ἀνταρκτικός.

437 5089 562 5153 Τοῖς
591 5086 648 5141 δὲ
676 5082 813 5156 πρὸς
841 5080 1041 5153 ἄρκτον
1069 5075 1268 5150 μᾶλλον
1304 5072 1461 5146 ἡμῶν
1487 5070 1693 5127 οἰκοῦσι
1726 5068 1938 5139 γίνεταί

368 5197 499 5236 ποτε
532 5177 746 5249 πρῶτος
786 5173 884 5244 μὲν
913 5172 943 5225 ὁ
975 5168 1186 5242 θερινὸς
1219 5164 1477 5239 τροπικὸς
1511 5162 1727 5226 κύκλος,
1759 5159 1944 5214 δεύτε-

367 5289 462 5345 ρος
483 5271 541 5325 δὲ
571 5272 602 5325 ὁ
628 5265 911 5340 ἀρκτικὸς,
937 5262 1117 5334 τρίτος
1148 5259 1205 5312 δὲ
1231 5259 1260 5311 6
1309 5255 1641 5327 ἰσημερινὸς.
1685 5255 1942 5323 τέταρτος

1337 5403 1361 5430 ο

455 5427 500 5460 ³⁸
526 5444 617 5495 τρο
653 5419 1026 5492 μεσημβρίαν-

443 5543 554 5616 (18)
586 5540 731 5616 Εἰσὶ.
752 5538 822 5592 δὲ
850 5539 1141 5606 οἰκήσεις.
1172 5529 1405 5616 Triplex_
1432 5525 1832 5616 habitagtio‘es-t,

370 5599 477 5686 qui
514 5599 900 5686 ﬁaraltelowm
926 5599 1188 5686 "i'mei‘tﬁ
1217 5599 1716 5686 πιῖτὲιιέἓιῑῢνῐῐνὲἒ
1746 5599 1937 5686 ςεεολιξ

371 5666 479 5754 at};
514 5666 688 5756 rpolus
709 5679 991 5756 attollitur.
1020 5674 1283 5756 gradibus
1315 5669 1777 5756 totidein‘quotha
1805 5666 1936 5756 polo

374 5737 619 5826 Eropicus
641 5753 846 5826 distat:
884 5737 1238 5826 unde'arctici
1274 5744 1448 5826 instar
1473 5737 1850 5826 est‘tmpieus,
1880 5744 1935 5826 et

373 5806 687 5883 teriam
712 5806 853 5889 polo
885 5816 1094 5872 zodiaci
1125 5814 1346 5875 subest,
1375 5825 1440 5867 ac
1472 5808 1728 5866 zodiacus
1763 5806 1936 5864 semel

691 5895 964 5973 Ρλτιιοὶ.
1012 5907 1129 5969 Gn.
1176 5904 1354 5966 XIX.

2047 4614 2135 4671 est
2159 4607 2303 4677 apud
2335 4622 2526 4661 omnes
2546 4647 2563 4671 ,
2595 4604 2691 4660 sed
2729 4603 2786 4657 in
2812 4613 3001 4658 nostra
3032 4599 3370 4658 habitatione
3407 4601 3624 4675 primus

2047 4700 2363 4755 nominatur
2420 4695 2663 4752 circulus
2711 4694 2989 4758 arcticus,
3067 4693 3345 4749 secundus
3399 4692 3628 4748 aestivus

2042 4792 2332 4861 tropicus,
2389 4788 2582 4844 tertius
2619 4784 3039 4856 aequinoctialis,
3077 4792 3309 4852 quartus
3362 4785 3628 4840 hibernus

2049 4883 2317 4953 tropicus,
2341 4880 2566 4936 uuintus
2598 4877 2953 4932 antarcticus.

2121 5065 2193 5120 lis
2208 5077 2336 5119 vero
2353 5062 2445 5132 qui
2475 5062 2649 5132 magis
2674 5059 2924 5115 habitant
2953 5073 3146 5114 versus
3173 5055 3624 5127 septentrionem,

2050 5171 2211 5229 quam
2246 5170 2368 5222 nos,
2398 5153 2460 5209 ﬁt
2509 5152 2806 5224 aliquando
2858 5152 3070 5224 primus
3100 5150 3328 5206 aestivus
3377 5147 3626 5218 tropicus

2048 5249 2312 5316 circulus,
2344 5246 2619 5305 secundus
2642 5247 2883 5303 arcticus
2906 5285 2923 5312 ,
2958 5246 3154 5301 tertius
3182 5240 3584 5313 aequinoctialis
3610 5279 3628 5302 .

2044 5525 2100 5580 in
2144 5522 2231 5578 die
2265 5519 2569 5577 horizontis
2615 5518 2792 5574 instar
2835 5515 3018 5570 habet.
3068 5511 3320 5568 Secunda
3363 5511 3632 5574 habitatio

2043 5604 2128 5650 est
2150 5596 2239 5649 ubi
2276 5602 2462 5649 vertex
2491 5598 2577 5647 est
2610 5589 2800 5644 mundi
2826 5591 3011 5658 polus.
3047 5586 3182 5640 Nam
3216 5583 3293 5638 ibi
3334 5585 3519 5658 nullus
3543 5596 3634 5642 est

2042 5664 2592 5746 circulusarcticus,
2626 5660 2706 5716 uti
2757 5657 2861 5716 nec
2900 5657 2956 5713 in
2990 5659 3180 5721 tertia,
3211 5669 3339 5726 quas
3384 5657 3635 5725 subjacct

2042 5746 2330 5792 saltatori.
2534 5769 2540 5774 -
3183 5738 3189 5761 ¹

2106 5746 2330 5809 juatort.

3320 5883 3398 5947 εδ
