4146 6412
559 353 666 410 779

1581 339 1676 396 AD
1713 339 1982 396 EUSEBII
2013 337 2412 396 CHRONICON
2453 333 2826 390 APPENDIX.

3709 327 3820 384 τεο

559 477 790 540 quartus
833 469 1210 526 autarcticus,
1263 465 1486 530 quintus
1547 457 1806 512 hibernus
1867 457 2136 528 tropicus.

2251 455 2296 508 is
2323 457 2352 508 6
2385 449 3028 525 ἀνταρκτικὸς-,πέμπτος
3053 445 3110 500 δὲ
3137 444 3166 500 6
3205 445 3512 518 χειμερινὸς
3533 445 3814 515 τροπικός.

561 559 718 632 Apud
744 571 884 629 quos
921 557 1064 612 enim
1089 553 1329 608 arcticus
1359 551 1600 606 circulus
1645 548 1702 603 ﬁt
1749 549 1926 618 major
1951 549 2142 604 aestivo

561 652 774 722 trapico
796 689 812 714 ,
869 661 1096 702 necesse
1129 653 1213 700 est
1251 642 1394 712 apud
1421 657 1522 699 eos
1553 641 1870 711 praedictum
1901 655 2026 696 esse
2051 655 2142 695 or-

563 731 746 800 din'cm
779 741 1134 796 circulorum.

635 833 897 890 Similiter
921 847 1098 902 neque
1130 830 1275 884 vires
1325 825 1570 898 quinque
1625 823 2010 894 parallelorum
2041 823 2145 878 cir-

563 929 812 984 culorum
869 924 1010 996 apud
1053 937 1243 978 omnes
1297 935 1391 974 eos
1453 919 1548 988 qui
1593 919 1650 972 in
1695 924 1842 972 terra
1893 915 2144 971 habitant

563 1027 693 1076 sunt
723 1017 946 1072 crcdem.
979 1013 1112 1069 Nam
1151 1013 1244 1084 qui
1281 1009 1424 1082 apud
1452 1025 1554 1066 nos
1586 1016 1672 1065 est
1705 1009 1929 1064 aestivus
1965 1007 2140 1078 tropi-

563 1129 662 1168 cus
693 1111 956 1172 circulus.
992 1109 1040 1162 is
1085 1105 1438 1176 antipodibus
1479 1103 1540 1158 ﬁt
1577 1103 1842 1158 hibernus
1895 1102 2142 1172 tropicus

562 1207 800 1262 circulus
825 1219 838 1269 ;
867 1201 958 1274 qui
985 1216 1114 1257 vero
1135 1199 1276 1271 apud
1309 1199 1434 1254 illos
1471 1205 1558 1253 est
1585 1197 1812 1253 aestivus
1853 1197 2098 1266 tropicus
2119 1233 2136 1260 ,

565 1299 612 1354 is
633 1297 776 1368 apud
812 1311 916 1352 nos
955 1292 1016 1348 Iit
1049 1294 1310 1348 hibernus
1341 1289 1608 1361 tr0picus.

631 1389 702 1445 lis
741 1402 870 1444 vero
932 1385 1025 1457 qui
1087 1385 1191 1440 sub
1231 1381 1600 1455 aequinoctiali
1637 1380 1918 1445 habitant,
1961 1379 2140 1450 quoad

564 1483 896 1554 potentiam,
957 1487 1068 1534 tres
1113 1477 1306 1532 circuli
1343 1483 1472 1532 sunt
1517 1474 1692 1530 mstivi
1725 1473 1960 1544 tropici;
2011 1479 2140 1529 sunt

561 1575 708 1630 enim
736 1573 990 1628 collocati
1021 1570 1124 1626 sub
1149 1570 1270 1640 ipso
1297 1568 1532 1622 transitu
1585 1567 1720 1622 solis
1756 1585 1770 1620 :
1817 1565 1914 1621 sed
1957 1565 2140 1636 quoad

563 1667 896 1724 circulorum
935 1664 1080 1719 inter
1113 1677 1174 1718 se
1205 1661 1599 1725 diversitatem,
1639 1659 1696 1714 ﬁt
1751 1661 1864 1716 illis
1913 1659 2140 1715 aestivus

561 1757 810 1829 tropicus
839 1755 1080 1811 circulus
1123 1755 1170 1808 is
1223 1754 1316 1824 qui
1368 1753 1526 1808 nobis
1559 1761 1646 1807 est
1693 1751 2138 1822 arquinoctialis;

2243 547 2381 617 ﬂap‘
2409 541 2492 610 οἷς
2521 544 2632 616 γὰρ
2663 546 2692 598 6
2715 541 2974 614 ἀρκτικὸς
3006 539 3204 602 κύκλος
3245 537 3446 610 μείζων
3473 537 3682 605 γίνεται
3721 536 3818 592 τοῦ

2243 639 2456 712 θερινοῦ
2489 635 2775 712 τροπικοῦ,
2811 635 3027 704 ἀνάγκη
3073 632 3176 704 τὴν
3223 629 3628 702 προειρημένην
3666 629 3820 696 τάξιν

2244 733 2528 803 ὑπάρχειν.

2323 823 2554 892 Ὁμοίως
2589 820 2647 874 δὲ
2674 818 2796 872 οὑδὲ
2827 817 3084 886 δυνάμεις
3111 815 3222 868 τῶν
3267 813 3428 868 πέντε
3457 811 3822 884 παραλλήλων

2242 918 2456 973 κύκλων
2483 913 2638 986 παρά
2669 915 2814 966 πᾶσι
2839 915 2952 976 τοῖς
2979 911 3072 962 ἐπὶ
3101 907 3200 976 τῆς
3229 907 3332 977 γῆς
3363 903 3606 958 οἰκοῦσιν
3637 905 3694 956 αἰ
3725 903 3826 958 αὑ-

2240 1012 2330 1064 ται
2365 1013 2522 1064 εἰσιν.
2587 1009 2644 1061 Ὀ
2693 1007 2802 1076 γὰρ
2849 1005 2979 1074 παρ’
3013 1004 3142 1072 ἡμῖν
3181 997 3392 1071 θερινὸς
3431 996 3694 1068 τροπικδς
3725 995 3824 1048 κύ-

2241 1103 2368 1167 κλος
2405 1103 2519 1164 τοῖς
2549 1099 2800 1154 ἀντίποσι
2829 1094 3138 1167 χειμερινὸς
3179 1089 3440 1163 τροπικὸς
3470 1089 3676 1158 γίνεται
3721 1087 3822 1140 κύ-

2241 1195 2395 1258 κλοςο
2428 1195 2456 1245 6
2489 1191 2546 1246 δὲ
2577 1193 2706 1262 παρ’
2733 1189 2958 1250 ἐκείνοις
2988 1183 3196 1256 θερινὸς
3235 1181 3492 1254 τροπικδς
3521 1179 3652 1252 παρ’
3691 1180 3824 1250 ἡμῖν

2239 1287 2447 1356 γίνεται
2477 1281 2784 1354 χειμερινὸς
2821 1277 3104 1350 τροπικός.

2311 1379 2436 1440 Τοῖς
2463 1376 2521 1429 δὲ
2545 1376 2651 1428 ὑπὸ
2673 1374 2764 1426 τὸν
2799 1369 3112 1442 ἰσημερινὸν
3138 1366 3348 1422 οἰκοῦσι
3371 1367 3438 1436 τῇ
3469 1363 3570 1435 μὲν
3595 1361 3824 1433 δυνάμει
3893 1397 3906 1408 .

2239 1473 2289 1526 οἰ
2337 1473 2486 1543 τρεῖς
2535 1467 2726 1522 κύκλοι
2777 1464 2980 1534 θερινοί
3031 1465 3138 1516 εἰσι
3181 1459 3470 1532 τροπικοί·
3510 1457 3602 1510 ὑπ’
3651 1455 3824 1525 αὑτὴν

2239 1565 2348 1638 γάρ
2375 1539 2474 1634 τὴν
2507 1539 2751 1630 ’πάροδον
2781 1556 2876 1612 τοῦ
2919 1554 3072 1626 ἡλίου
3105 1555 3313 1606 κεῖνται
3331 1553 3445 1622 ’τῇ
3469 1549 3527 1602 δὲ
3565 1545 3702 1620 πρὸς
3727 1545 3826 1600 ἀλ-

2241 1655 2432 1725 λήλους
2461 1652 2785 1724 παραλλαγῇ
2819 1649 3016 1718 γένοιτ’
3065 1646 3130 1702 ἂν
3163 1643 3374 1717 Θερινδς
3421 1642 3523 1714 μὲν
3563 1638 3822 1711 τροπικδς

2244 1748 2441 1811 κύκλος
2468 1750 2496 1800 6
2527 1745 2656 1816 παρ’
2685 1745 2819 1814 ἡμῖν
2857 1737 3170 1812 ἰσημερινός
3193 1754 3206 1768 ·
3242 1733 3544 1807 χειμερινοί
3570 1733 3627 1786 δὲ
3651 1732 3702 1786 οἰ
3727 1730 3826 1784 δύο

564 1821 774 1906 hiberni
807 1864 936 1904 vero
977 1849 1012 1903 ii
1059 1847 1152 1918 qui
1213 1821 1374 1901 nobis
1436 1852 1568 1900 sunt
1613 1845 1724 1899 duo
1760 1821 1992 1916 itr0pici.
2035 1843 2132 1898 Se.

2251 1837 2512 1910 τροπικοί.
2547 1835 2710 1890 Φύσει
2741 1833 2852 1904 γὰρ
2877 1831 3072 1900 λέγοιτ’
3107 1831 3174 1884 ἂν
3221 1827 3314 1882 καὶ
3355 1823 3656 1885 καθολικῶς
3687 1821 3826 1894 πρὸς

561 1941 802 1998 cundum
831 1947 1084 1995 naturam
1133 1939 1280 1993 enim
1303 1977 1318 2002 ,
1369 1945 1424 1993 et
1453 1937 1840 1992 universaliter
1895 1936 1952 1990 in
1989 1935 2140 1990 omni

566 2033 900 2090 habitatione
925 2030 1148 2087 aestivus
1191 2027 1440 2099 tropicus
1477 2027 1750 2083 dicendus
1787 2037 1908 2083 erat
1939 2027 2008 2092 is,
2043 2026 2142 2097 qui

566 2125 850 2201 proximus
875 2133 962 2182 est
997 2122 1321 2179 habitationi
1347 2139 1359 2175 :
1385 2133 1552 2192 quam
1587 2121 1658 2176 ob
1689 2133 1914 2176 causam
1937 2119 2006 2176 iis
2049 2119 2143 2189 qui

565 2222 671 2278 sub
689 2216 1060 2291 aequinoctiali
1091 2215 1347 2270 habitant
1389 2213 1878 2284 aestivustmpicus
1901 2211 2145 2268 circulus

566 2315 626 2370 ﬁt
657 2314 704 2369 is
738 2313 834 2384 qui
871 2311 1033 2367 nobis
1065 2317 1150 2367 est
1177 2308 1599 2380 aequinoctialis.
1629 2305 1790 2362 Tunc
1823 2306 1970 2362 enim
2033 2307 2144 2362 illis

565 2407 648 2461 sol
706 2405 764 2460 lit
795 2403 1092 2460 verticalis.
1129 2400 1565 2471 Equinoctiales
1609 2413 1740 2454 vero
1769 2399 1964 2454 circuli
1999 2399 2146 2469 apud

565 2515 660 2556 eos
694 2498 831 2553 ﬁunt
857 2512 1048 2552 omnes
1079 2493 1340 2566 paralleli.
1373 2493 1790 2562 Equinoctium
1819 2493 1966 2547 enim
1999 2507 2146 2548 sem-

567 2608 666 2664 per
704 2599 789 2647 est
835 2590 980 2660 apud
1031 2589 1172 2644 illos.
1207 2585 1411 2643 Omnes
1459 2587 1606 2642 enim
1647 2587 1893 2659 paralleli
1947 2585 2146 2641 circuli

566 2684 854 2755 aequaliter
877 2683 948 2737 ab
973 2681 1258 2736 horizonte
1295 2687 1578 2736 secantur.

637 2771 822 2843 Neque
856 2771 942 2827 his
979 2771 1202 2826 circulis
1255 2783 1285 2823 a
1317 2783 1377 2824 se
1421 2770 1655 2826 invicem
1683 2769 1884 2826 eaedem
1933 2781 2146 2839 perma-

567 2871 704 2918 nent
743 2863 1018 2918 distantiaa
1045 2875 1143 2932 per
1169 2869 1336 2916 totam
1367 2867 1572 2916 terram
1622 2859 1999 2915 habitabilem.
2037 2857 2144 2914 Sed

567 2957 638 3012 ad
675 2955 1102 3025 descriptionem
1149 2953 1485 3026 sphaerarum
1519 2953 1860 3010 meridianus
1892 2953 1972 3008 sic
2001 2953 2147 3008 divi-

567 3051 720 3106 ditur
743 3047 912 3104 :Toto
940 3049 1088 3104 enim
1119 3048 1426 3103 meridiano
1462 3046 1766 3102 secundum
1797 3045 2146 3101 latitudinem

567 3141 744 3194 diviso
779 3137 836 3193 in
877 3145 1060 3209 partes
1099 3137 1208 3205 60;
1261 3137 1506 3193 arcticus
1565 3152 1596 3190 a
1640 3137 1766 3207 polo
1813 3137 2148 3192 describitur

2243 1929 2461 1984 ἃπασαν
2517 1927 2618 1997 τὴν
2669 1922 2994 1994 οἰκουμένην
3049 1919 3260 1990 θερινὸς
3309 1915 3572 1988 τροπικὸς
3627 1912 3826 1974 κύκλος

2243 2023 2506 2094 ὑπάρχειν
2550 2022 2578 2074 6
2623 2019 2854 2086 ἔγγιστα
2887 2015 2986 2084 τῆς
3013 2013 3280 2083 οἰκήσεως
3327 2007 3588 2078 ὑπάρχων
3611 2022 3624 2036 ’
3659 2003 3726 2058 δι’
3759 2004 3830 2074 ἣν

2241 2115 2422 2170 αἰτίαν
2469 2115 2582 2176 τοῖς
2633 2109 2740 2164 ὑπὸ
2787 2107 2880 2161 τὸν
2931 2104 3244 2178 ἰσημερινὸν
3281 2099 3526 2156 οἰκοῦσιν
3551 2100 3582 2150 6
3613 2097 3828 2168 Θερινδς

2241 2205 2502 2279 τροπικὸς
2547 2201 2748 2266 κύκλος
2811 2200 3020 2269 γίνεται
3073 2197 3103 2250 6
3153 2193 3488 2266 ἰσημερινός.
3534 2189 3667 2244 Τότε
3717 2187 3830 2260 γάρ

2243 2299 2426 2360 αὑτοῖς
2469 2294 2612 2348 κατά
2663 2292 2908 2364 κορυφὴν
2945 2291 3158 2358 γίνεται
3199 2289 3230 2340 6
3277 2285 3448 2356 ἥλιος.
3499 2279 3831 2353 Ἰσημερινοὶ

2243 2391 2300 2444 δὲ
2331 2387 2520 2442 κύκλοι
2567 2386 2808 2456 γίνονται
2843 2383 2974 2454 παρ’
3009 2383 3192 2444 αὑτοῖς
3222 2379 3422 2440 πάντες
3453 2378 3503 2430 οἰ
3544 2373 3834 2446 παράλληρ

2243 2481 2344 2535 λοι.
2387 2479 2668 2552 Ἰσημερία
2721 2477 2832 2548 γὰρ
2875 2475 2964 2528 διὰ
3017 2471 3218 2536 παντός
3267 2473 3382 2524 ἐστι
3441 2470 3570 2540 παρ’
3623 2467 3834 2528 αὑτοῖς.

2245 2572 2452 2634 Πάντες
2481 2569 2591 2640 γὰρ
2611 2571 2659 2622 οἱ
2691 2566 3031 2640 παράλληλοι
3061 2563 3252 2618 κύκλοι
3277 2559 3690 2634 διχοτομοῦνται
3723 2559 3840 2614 ὑπὸ

2243 2663 2338 2717 τοῦ
2367 2661 2664 2734 ὁρίζοντος.

2317 2755 2454 2808 Οὐδὲ
2497 2755 2554 2808 αἰ
2603 2753 2912 2815 διαστάσεις
2957 2751 3016 2804 δὲ
3063 2748 3174 2820 (i9)
3207 2749 3263 2802 αἰ
3306 2749 3400 2802 ἀπ’
3439 2747 3688 2818 ἀλλήλων
3717 2749 3836 2810 τοῖς

2247 2847 2464 2910 κύκλοις
2509 2847 2568 2900 αἰ
2597 2847 2760 2899 αὑταὶ
2788 2845 3100 2916 διαμένουσι
3135 2843 3256 2896 καθ’
3287 2843 3416 2915 ὃλην
3451 2843 3550 2914 τὴν
3579 2843 3832 2914 οἰκουμέ-

2247 2957 2345 3010 νην
2363 2955 2376 2970 ·
2413 2937 2550 2992 ἀλλά
2597 2937 2732 3008 πρὸς
2759 2937 2860 3007 τὴν
2889 2935 3250 3008 καταγραφὴν
3285 2935 3394 2989 τῶν
3425 2935 3676 3006 σφαιρῶν
3703 2937 3772 3002 ¹¹,
3801 2937 3836 2988 6

2251 3047 2390 3104 μεση
2402 3028 2626 3101 μδρινὸς
2675 3029 2964 3100 διαιρεῖται
3014 3027 3208 3092 οὑτως·
3271 3025 3377 3081 Τοῦ
3435 3027 3580 3082 κατά
3631 3027 3840 3092 πλάτος

2251 3123 2450 3184 παντὸς
2475 3137 2612 3193 μεση
2623 3119 2848 3192 μϐρινοῦ
2875 3119 3077 3174 κύκλου
3097 3119 3479 3192 διαιρουμένου
3501 3121 3584 3184 εἰς
3609 3119 3751 3191 μέρη
3769 3117 3836 3186 ξ’,

568 3229 778 3286 distans
805 3226 1122 3298 huiusmodi
1151 3226 1404 3298 partibus
1437 3225 1511 3294 6;
1551 3227 1776 3282 aestivus
1799 3227 2048 3296 tropicus
2077 3225 2148 3280 ab

2251 3215 2278 3266 6
2323 3213 2582 3284 ἀρκτικὸς
2637 3213 2746 3266 ἀπὸ
2801 3211 2894 3265 τοῦ
2935 3211 3098 3265 πόλου
3151 3211 3564 3283 καταγράφεται
3615 3213 3836 3284 ἀπέχων

569 3322 776 3376 arctico
841 3319 1178 3376 describitur
1231 3317 1447 3374 distans
1502 3318 1565 3383 5;
1627 3317 2028 3388 aequinoctialis
2078 3317 2148 3372 ab

571 3417 803 3482 utroque
853 3409 1068 3479 tr0pico
1111 3407 1180 3474 6;
1227 3408 1492 3464 hibernus
1523 3410 1771 3480 tropicus
1805 3409 2050 3466 circulus
2079 3410 2150 3464 ab

573 3503 880 3556 antarctico
907 3500 1244 3556 describitur
1274 3500 1488 3557 distans
1519 3501 1592 3568 5;
1647 3503 1990 3558 antarcticus
2019 3515 2149 3558 vero

573 3608 606 3646 α
633 3595 754 3666 polo
783 3594 996 3648 distans
1023 3590 1340 3662 hujusmodi
1367 3591 1618 3658 partibus
1649 3592 1706 3648 6.

649 3857 719 3910 At
751 3869 861 3910 non
889 3869 986 3925 per
1013 3869 1204 3912 omnes
1241 3854 1492 3925 regiones
1537 3863 1594 3910 et
1643 3852 1810 3910 urbes
1853 3853 1912 3910 hi
1959 3853 2154 3912 circuli

665 3999 709 4030 “
739 4013 829 4070 γρ.
861 3993 1242 4068 περιφερειῶν.

655 4114 768 4198 (19)
807 4114 1050 4198 Οὑδξχαί
1083 4113 1434 4198 διαστᾴσεις
1465 4113 1552 4198 δέ.
1591 4113 1727 4198 Mira
1761 4115 2142 4198 et_scriptori.s.

586 4185 782 4256 hujus,
823 4194 877 4240 et
907 4185 1140 4240 aliorum
1187 4187 1481 4240 multorum
1519 4185 1881 4256 inconstantia
1927 4185 1985 4239 in
2020 4185 2146 4256 ειειί

589 4255 788 4328 positu,
819 4263 874 4311 et
903 4257 1295 4328 olxﬁcatrerta
1329 4256 1584 4328 liuienda.
1615 4255 1837 4328 Saepius
1855 4257 2002 4328 enim
2036 4255 2148 4309 Ma-

588 4324 931 4393 cedonicum,
969 4324 1082 4384 sive
1111 4327 1398 4392 Arateum,
1425 4327 1586 4380 clima
1619 4324 1744 4382 cum
1777 4324 1992 4380 Rhodio
2025 4341 2149 4396 per-

591 4399 844 4462 miscent,
883 4407 939 4452 et
995 4413 1118 4453 cum
1161 4407 1394 4467 utroque
1430 4396 1700 4460 Griecum,
1737 4397 1851 4467 sive
1885 4397 2144 4451 Atticum.

591 4469 786 4524 Noster
811 4467 983 4538 paulo
1009 4479 1134 4522 ante
1160 4466 1564 4538 signiﬁcaverat
1593 4467 1762 4539 p._10_,
1794 4466 1890 4534 ibi,
1913 4467 2008 4522 ubi
2025 4477 2152 4539 tum

591 4537 838 4610 degebat,
862 4539 1064 4610 attolli
1097 4537 1278 4608 polum
1316 4537 1704 4610 gradibus“,
1741 4537 1844 4592 hoc
1885 4545 1968 4592 est
1999 4537 2153 4610 diem

592 4607 712 4664 esse
733 4609 1022 4663 maximam
1055 4607 1433 4664 hurartnn’i5.
1463 4607 1604 4664 Idem
1629 4613 1810 4670 tamen
1833 4623 1954 4678 pag.
1982 4607 2024 4678 78
2047 4607 2156 4661 cir-

593 4682 774 4734 culum
797 4679 1059 4734 arcticum
1093 4680 1254 4746 talem
1283 4681 1332 4735 ei
1367 4679 1576 4749 regioni
1603 4680 1814 4744 tribuit,
1845 4677 1938 4748 qui
1963 4677 2158 4735 Atticae

594 4749 923 4820 tirzeciaequ-e
970 4758 1270 4820 congruat,
1323 4758 1382 4804 ut
1424 4765 1593 4820 supra
1636 4749 2152 4820 demonstravimus.

595 4819 708 4875 Hoc
737 4817 865 4874 vero
903 4821 1024 4874 loco
1063 4817 1176 4874 rem
1218 4817 1535 4888 imprudens
1582 4821 1650 4876 ad
1690 4817 2032 4873 Rhodiacum
2063 4833 2156 4887 pa-

597 4891 842 4945 rallclum
889 4891 1188 4944 transtulit.
1233 4889 1513 4945 Circulum
1547 4890 1758 4960 antiqui
1791 4890 1846 4944 in
1875 4889 2158 4958 sexaginta

597 4969 780 5031 partes
819 4961 1062 5016 tribucre
1112 4961 1380 5024 solebant,
1409 4977 1516 5030 qua
1559 4960 2158 5031 rationeusemicirculo

571 5029 819 5102 triginta
837 5032 1238 5102 competebant.
1255 5031 1333 5084 Ad
1357 5029 1504 5084 hunc
1529 5031 1748 5086 modum
1775 5029 2158 5102 Eratosthenes

597 5101 800 5172 aliique
841 5101 1128 5156 intervalla
1175 5103 1558 5172 parallelorum
1593 5101 1826 5172 dimensi
1865 5109 2014 5166 sunt,
2043 5101 2158 5154 sive

598 5189 662 5227 ea
699 5171 795 5244 per
817 5181 996 5244 partes
1027 5171 1350 5241 sexagenos.
1391 5173 1506 5244 sive
1535 5187 1632 5244 per
1663 5171 2160 5244 stadiasmos,_con-

599 5240 865 5315 cipérent.
891 5242 1062 5315 Hcce
1092 5240 1362 5298 Strabone
1388 5243 1480 5296 lib.
1477 5240 1564 5315 μ
1585 5242 1980 5315 Acliille_'_l"alio.
2011 5240 2156 5315 lsqg.

599 5311 778 5386 capite
821 5313 908 5380 39,
934 5313 1166 5386 aliisque
1211 5319 1447 5386 constat.
1477 5311 1557 5386 Eg:
1581 5312 1865 5386 intervallo
1895 5312 2042 5386 quod
2071 5312 2158 5368 hic

600 5382 864 5455 Geminus
897 5382 1160 5454 assignat,
1211 5385 1484 5453 colligitur
1513 5383 1724 5455 ἐξαρμα
1761 5382 1868 5451 poli
1891 5383 2160 5455 graduum

602 5455 690 5510 '56.
733 5453 828 5508 Est
855 5455 999 5509 enim
1016 5451 1296 5508 'uumcrus
1325 5451 1358 5507 ti
1392 5455 1599 5510 decima
1615 5451 1756 5522 pars
1799 5451 2159 5520 sexagenarii,

603 5526 746 5579 sicut
789 5524 857 5578 36
905 5523 1116 5580 decima
1159 5539 1286 5594 pars
1337 5523 1457 5578 560.
1510 5523 1706 5594 Quare,
1743 5537 1868 5576 cum
1921 5524 2160 5577 circulus

605 5595 864 5658 arcticus,
890 5595 1048 5664 cujus
1069 5593 1473 5650 semidiaiuetcr
1501 5604 1586 5650 est
1617 5593 1847 5648 altitudo
1879 5595 2006 5663 poli,
2035 5609 2162 5662 par-

605 5665 754 5720 tibus
783 5663 820 5718 6
845 5679 876 5716 a
905 5663 1030 5734 palo
1055 5666 1218 5720 distet
1237 5703 1251 5726 ,
1285 5665 1592 5734 cuiusmodi
1625 5671 1772 5718 totus
1821 5665 2060 5718 circulus
2091 5665 2162 5718 ϐο

605 5734 869 5798 continet,
898 5733 1085 5788 eadem
1129 5733 1360 5788 altitudo
1395 5736 1630 5803 partium
1661 5734 1730 5790 56
1758 5735 1882 5796 erit,
1913 5735 2157 5803 qualium

605 5804 848 5862 circulus
865 5811 951 5860 est
974 5803 1098 5861 560.
1119 5803 1210 5862 Sic
1233 5803 1554 5860 duodecima
1584 5819 1712 5876 pars
1737 5803 1808 5862 60
1835 5811 1963 5860 sunt
1981 5805 2014 5858 5
2035 5821 2048 5860 :
2073 5805 2154 5860 uti

2251 3303 2520 3376 ἑξηκοστά
2558 3303 2650 3370 ἐξ*
2683 3305 2712 3356 6
2741 3303 2798 3357 δὲ
2835 3303 3044 3375 θερινὸς
3071 3303 3332 3375 τροπικὺς
3369 3304 3477 3356 ἀπὸ
3517 3303 3611 3358 τοῦ
3647 3305 3840 3376 ἀρκτι-

2253 3396 2351 3451 κοῦ
2383 3397 2652 3468 γράφεται
2679 3395 2900 3466 ἀπέχων
2945 3394 3213 3466 ἑξηκοστά
3251 3401 3295 3448 ε’
3315 3412 3328 3426 ·
3371 3397 3400 3448 6
3429 3395 3486 3449 δὲ
3521 3395 3842 3468 ἰσημερινδς

2253 3490 2346 3558 ἀφ’
2375 3489 2632 3560 ἑκατέρου
2662 3487 2772 3542 τῶν
2789 3487 3070 3560 τροπικῶν
3097 3487 3368 3559 ἑξηκοστά
3391 3487 3433 3540 δ’
3455 3505 3468 3520 ·
3505 3491 3534 3542 6
3559 3489 3618 3542 δὲ
3647 3507 3839 3562 χειμε-

2259 3581 2403 3654 ρινὸς
2432 3580 2692 3652 τροπικὸς
2721 3579 2920 3644 κύκλος
2945 3581 3054 3634 ἀπὸ
3081 3579 3176 3634 τοῦ
3215 3579 3582 3652 ἀνταρκτικοῦ
3615 3581 3840 3652 ἀπέχων

2261 3670 2528 3742 έξηκοστὰ
2551 3677 2589 3724 ε’
2607 3687 2622 3701 ·
2653 3673 2682 3724 6
2713 3669 2770 3724 δὲ
2796 3671 3156 3744 ἀνταρκτικὸς
3183 3671 3292 3724 ἀπὸ
3302 3669 3398 3724 τοῦ
3429 3671 3592 3726 πόλου
3617 3673 3848 3744 ἀπέχων

2261 3765 2530 3837 ἑξηκοστά
2567 3773 2641 3830 ς’.

2331 3857 2408 3911 οὑ
2455 3857 2598 3912 κατά
2645 3859 2828 3914 πᾶσαν
2871 3857 2932 3912 δὲ
2979 3857 3164 3930 χώραν
3211 3859 3308 3912 καὶ
3339 3857 3494 3910 πόλιν
3521 3857 3623 3922 τὰς
3669 3859 3842 3924 αὑτὰς

2249 4131 2385 4188 pars,
2433 4115 2762 4172 duodecima
2799 4117 3010 4188 numeri
3040 4115 3146 4188 560
3201 4123 3330 4188 sunt
3368 4115 3490 4188 7'50;
3545 4131 3718 4186 quare
3769 4117 3841 4172 ab

2251 4185 2460 4242 arctico
2511 4188 2754 4256 paralleli
2807 4185 3010 4240 Rhodii
3059 4187 3128 4242 ad
3178 4187 3526 4242 solstitialem
3563 4185 3840 4256 tropicum

2253 4257 2456 4328 gradus
2479 4257 2567 4328 5t).
2601 4265 2784 4328 partes
2807 4257 3268 4328 sexagenarimifi,
3301 4265 3356 4311 et
3381 4257 3464 4328 sic
3494 4257 3566 4328 fin
3599 4259 3836 4311 caeteris.

2255 4327 2455 4383 Eadem
2511 4327 2828 4384 distributio
2873 4329 3014 4397 apud
3063 4327 3333 4383 Achillem
3386 4327 3606 4380 Tatium
3655 4335 3843 4382 exstat

2182 4437 2228 4494 ι)
2256 4397 3606 4494 Ξῖξῗξῗ-¹ῩΞ9;ςη¹ξ¹ἶιίμιῖ¹22¹⁰ἷξ..¹1ἒξέ¹ἶίὲ⁰ῗῖ,ἱίὲἷηδεῖ.
3633 4413 3704 4494 ⁸1⁸
3734 4399 3844 4494 .""°

2257 4469 2466 4524 ratione
2489 4469 2690 4540 corrigi
2714 4469 2934 4540 debent.
2963 4467 3208 4540 llyginus
3229 4483 3446 4538 quoque
3471 4469 3562 4522 lib.
3591 4483 3608 4520 ι
3651 4469 3842 4522 Astro-

2259 4555 2398 4609 nom.
2448 4547 2612 4604 poet.,
2641 4537 2894 4609 eamdem
2923 4537 3164 4594 adhibet.
3201 4537 3441 4609 Apparet
3490 4547 3842 4593 astronomos

2257 4607 2470 4680 Εξαρμα
2499 4607 2846 4680 Rhodiacum
2878 4609 3111 4664 libenter
3154 4608 3222 4662 ad
3253 4607 3572 4680 exemplum
3613 4623 3678 4663 ac
3715 4623 3846 4680 spe-

2257 4679 2439 4752 cimen
2467 4679 2872 4752 assumpsisse,
2903 4689 3145 4752 propter
3171 4679 3622 4752 commoditatem
3665 4679 3840 4748 panti-

2259 4750 2490 4812 tionum,
2521 4757 2575 4804 et
2604 4748 2928 4819 ἀναλογιῶν,
2972 4748 3092 4819 quae
3135 4749 3190 4804 in
3221 4749 3562 4804 duodenario
3606 4763 3842 4803 numero

2259 4821 2644 4876 instituuntur.
2693 4817 2791 4874 Est
2831 4817 3280 4874 enim'numcrus
3325 4819 3392 4873 '56
3443 4819 3840 4873 duodenarius.

2261 4891 2404 4946 Sane
2449 4890 2776 4960 Ptolemzcus
2821 4890 2962 4944 libro
3000 4905 3036 4944 ιι
3067 4907 3134 4944 eo
3177 4891 3442 4960 parallelo
3485 4890 3841 4958 potissimum

2261 4961 2454 5014 utitur.
2487 4959 2562 5012 Ea
2585 4975 2678 5015 res
2709 4959 2836 5014 fecit
2874 4968 2931 5012 ut
2994 4961 3084 5014 alii
3115 4959 3212 5030 per
3257 4959 3685 5030 imprudentiam
3719 4975 3846 5029 quae

2259 5031 2407 5086 illius
2431 5031 2650 5100 propria
2673 5039 2800 5084 sunt
2822 5031 3038 5086 caeteris
3056 5031 3312 5086 omnibus
3333 5033 3840 5085 accommodarent.

2259 5101 2337 5154 Ac
2364 5102 2628 5155 Geminus
2669 5103 2832 5170 paulo
2875 5103 3016 5155 intra
3059 5109 3247 5156 monet
3277 5101 3518 5156 circulus
3559 5115 3752 5154 omnes
3787 5101 3844 5170 in

2259 5172 2492 5254 Vulgatis
2518 5169 2748 5256 spinet-is
2778 5175 2919 5240 exigi
2949 5173 3016 5226 ad
3049 5171 3392 5256 horizontem
3425 5170 3671 5256 (anei-im,
3696 5169 3846 5256 quod

2261 5257 2330 5296 ne
2361 5245 2475 5312 ipse
2507 5243 2726 5311 quidem
2764 5251 3018 5297 accurate
3053 5245 3250 5296 tenuit.
3281 5241 3416 5294 Nam
3447 5241 3848 5312 Eﬁappgurae-

2261 5313 2392 5383 ciae,
2445 5313 2548 5365 hoc
2581 5321 2668 5383 est,
2703 5313 2896 5366 Altino
2939 5313 3208 5383 graduum
3253 5321 3337 5366 est
3373 5311 3601 5365 circiter
3638 5311 3728 5383 5],
3785 5319 3848 5364 ut

2263 5379 2607 5454 Hipparchus
2641 5382 2800 5436 docet
2829 5379 2984 5454 libi.
3011 5381 3210 5454 Verum
3239 5385 3370 5452 quia
3403 5383 3629 5438 Rhodus
3655 5380 3846 5454 Graeca

2261 5451 2458 5507 civitas
2495 5461 2599 5516 est,
2625 5461 2680 5506 et
2719 5469 2846 5522 pars
2879 5453 3064 5522 aliqua
3097 5451 3320 5508 Grani-ia:
3342 5495 3356 5518 ,
3395 5466 3451 5507 ut
3475 5451 3846 5522 Peloponnesi

2261 5525 2540 5594 pleraque.
2583 5523 2685 5578 sub
2729 5525 2917 5578 eodem
2942 5527 3067 5594 ﬂsita
3091 5533 3174 5578 est
3203 5525 3466 5594 parallclo
3488 5541 3510 5594 7:
3548 5525 3672 5576 idco
3701 5524 3847 5594 hunc

2263 5591 2446 5662 ipsum
2471 5594 2568 5647 toti
2612 5595 2898 5663 imputavit
2929 5591 3172 5648 Graeciaa.
3203 5591 3442 5648 Frustra
3479 5593 3683 5654 Procli,
3735 5593 3850 5644 ἱιιιυ

2263 5677 2392 5718 vero
2423 5663 2636 5718 Gemini
2667 5665 3091 5718 incmistanlium
3131 5666 3291 5718 istam
3318 5681 3384 5718 ex
3415 5663 3850 5718 refl-actionibus

2265 5733 2561 5788 conciliare
2621 5735 2841 5788 student
2887 5735 3088 5788 eruditi
3127 5735 3528 5792 mathematici.
3567 5732 3708 5788 Vera
3759 5743 3852 5790 est

2267 5805 2412 5860 illius
2435 5805 2587 5875 origo
2614 5819 2780 5873 quam
2809 5803 2981 5868 attigi.
