4146 6444
331 373 415 426 ml
1264 377 1269 383 ’
1402 369 1640 425 GEMINI
1682 369 2050 425 ELEMENTA
2090 369 2593 426 ASTRONOMIAZ.

3485 369 3588 423 78?.

329 489 629 554 ὶιαστάσεις
683 488 895 559 ἔχουσιν
937 486 1031 540 ἀπ’
1068 486 1312 556 ἀλλήλων
1342 489 1389 539 οἱ
1426 487 1649 541 κύκλον
1705 488 1818 541 ἀλλ’
1852 489 1900 541 οἱ

2015 489 2107 544 has
2138 488 2341 542 habent
2367 501 2399 540 a
2437 501 2497 542 se
2554 485 2786 540 invicem
2843 484 3139 541 distantias
3171 505 3183 539 :
3231 484 3426 554 tropici
3461 501 3591 538 vero

331 582 430 652 μὲν
466 583 715 653 τροπικοὶ
759 579 946 634 κύκλοι
993 580 1102 633 ἀπὸ
1140 578 1232 632 τοῦ
1275 580 1590 651 ἱσημερινοῦ
1623 581 1764 633 κατὰ
1797 583 1905 633 πᾶν

329 673 561 744 ἑγκλιμα
583 673 681 744 τὴν
705 672 874 743 αὐτὴν
907 672 1205 725 ἀπόστασιν
1233 671 1443 740 ἔχουσιν
1463 688 1478 700 ο
1506 673 1556 724 οί
1581 672 1637 724 δὲ
1657 675 1908 743 τροπικοὶ

329 763 515 817 κύκλοι
546 765 653 817 ἀπὸ
703 764 812 816 τῶν
843 763 1120 834 ἀρκτικῶν
1158 763 1218 815 ού
1248 763 1347 832 τὴν
1383 763 1552 833 αὐτὴν
1581 763 1763 834 ἔχουσι
1789 765 1906 817 διὰ-

329 871 516 908 στασιν
567 855 707 908 κατὰ
750 856 958 918 πάντας
1000 855 1128 918 τοὺς
1177 854 1491 926 ὁρίζοντας,
1533 855 1652 908 ἀλλ’
1700 857 1750 908 οἱ
1808 857 1907 927 μὲν

329 945 571 1011 ἔλασσον,
600 949 649 1000 οί
676 947 733 1000 δὲ
773 946 934 1000 πλέον
974 947 1338 1018 διεστήκασιν.

407 1040 641 1111 Ὁμοίως
672 1039 730 1092 δὲ
764 1039 884 1091 οὐδὲ
910 1041 960 1091 οί
1006 1039 1258 1110 ἀρκτικοὶ
1287 1039 1395 1091 ἀπὸ
1438 1038 1546 1092 τῶν
1588 1039 1766 1094 πόλων
1810 1041 1908 1112 τὴν

329 1129 453 1203 ἴσην
487 1133 788 1186 ἀπόστασιν
835 1130 1017 1201 ἔχουσι
1061 1130 1203 1184 κατὰ
1253 1132 1362 1183 πᾶν
1409 1130 1676 1202 ἔγκλιμαο
1711 1131 1827 1186 ἀλλ’
1859 1135 1908 1184 οἱ

334 1222 433 1292 μὲν
463 1223 744 1287 ἐλάσσονα,
771 1223 821 1274 ot
855 1223 911 1275 δὲ
937 1221 1176 1277 πλείονα.
1211 1222 1673 1293 Καταγράφονται
1724 1222 1910 1294 μέντοι

330 1329 394 1382 γε
419 1315 589 1368 πᾶσαι
619 1315 674 1367 αἱ
704 1312 1048 1384 περιφέρειαι
1077 1312 1214 1384 πρὸς
1245 1312 1338 1366 τὸν
1370 1314 1430 1366 ὲν
1457 1316 1522 1384 τῇ
1566 1312 1776 1368 Ἐλλάδι
1798 1315 1912 1385 ὁρί-

329 1406 512 1471 ζοντα.

403 1494 502 1548 Διὰ
527 1493 636 1548 τῶν
685 1494 864 1547 πόλων
891 1493 947 1547 δέ
995 1495 1103 1548 εἱσι
1145 1494 1356 1556 κύκλοι,
1384 1497 1433 1548 ot
1472 1495 1577 1548 ὑπό
1609 1513 1770 1550 τινων
1815 1495 1911 1550 κός

331 1587 508 1660 λουροι
552 1586 1101 1660 προσαγορευόμενοι,
1151 1583 1233 1652 οἷς
1268 1588 1619 1660 συμϐέϐηκεν
1665 1591 1759 1643 ἐπὶ
1801 1589 1912 1644 τῶν

333 1679 478 1732 ιδίων
512 1679 876 1751 περιφερειῶν
912 1681 956 1711 ’⁸
979 1681 1106 1743 τοὺς
1147 1679 1241 1733 τοῦ
1283 1680 1488 1752 κόσμου
1519 1680 1714 1745 πόλους
1741 1680 1907 1752 ἔχειν.

332 1773 595 1844 Κόλουροι
643 1773 700 1826 δὲ
757 1772 1070 1844 κέκληνται,
1120 1773 1210 1827 διὰ
1250 1774 1312 1826 τὸ
1370 1773 1510 1846 μέρη
1555 1775 1689 1829 τινὰ⁹
1731 1774 1912 1829 αὐτῶν

2008 581 2202 635 circuli
2232 579 2299 633 ab
2328 577 2702 648 aequinoctiali
2763 579 2816 631 in
2865 577 3018 631 omni
3067 577 3289 632 climate
3340 577 3588 633 eamdem

2009 673 2210 728 habent
2253 671 2604 738 distantiam;
2649 670 2743 725 sed
2773 671 2966 742 tr0pici
2997 671 3190 726 circuli
3244 669 3314 725 ab
3366 671 3590 727 arcticis

2008 781 2116 820 non
2139 767 2384 819 eamdem
2415 762 2945 818 habentdistantiam
2972 763 3027 816 in
3045 763 3302 819 omnibus
3327 761 3588 818 horizon.

2009 853 2177 917 tibus,
2214 853 2310 910 sed
2338 853 2433 906 alii
2465 853 2668 918 minus,
2702 851 2796 906 alii
2824 853 2948 921 plus
2977 853 3210 913 distant.

2083 1029 2349 1085 Similiter
2375 1045 2553 1100 neque
2593 1029 2783 1084 arctici
2827 1044 2859 1083 a
2902 1029 3044 1100 polis
3071 1029 3335 1100 aequalem
3386 1030 3592 1088 habent

2010 1127 2328 1182 distantiam
2356 1125 2411 1180 in
2441 1124 2590 1181 omni
2621 1125 2842 1180 climate
2861 1167 2878 1192 ,
2929 1124 3027 1180 sed
3056 1124 3151 1179 alii
3175 1124 3466 1191 minorem,
3495 1126 3586 1180 alii

2011 1217 2297 1288 majorem.
2333 1216 2730 1273 Describuntur
2753 1223 2938 1273 tamen
2969 1231 3161 1273 omnes
3195 1215 3591 1275 circumferen-

2010 1311 2102 1365 tiae
2136 1309 2203 1364 ad
2227 1309 2567 1365 horizontem
2610 1307 2853 1364 Graeciae.

2083 1493 2188 1548 Per
2213 1494 2368 1564 polos
2396 1492 2549 1547 ducti
2581 1490 2776 1547 circuli
2811 1499 2941 1547 sunt
2970 1492 3009 1547 ii
3055 1491 3148 1562 qui
3192 1508 3222 1547 a
3263 1491 3590 1561 quibusdam

2013 1593 2279 1641 vocantur
2305 1585 2498 1648 coluri,
2543 1585 2747 1654 quibus
2802 1583 3066 1654 contingit
3113 1583 3168 1637 in
3200 1583 3438 1653 prapriis
3483 1583 3593 1638 ciro

2013 1677 2388 1734 cumferentiis
2415 1677 2603 1732 mundi
2639 1676 2793 1747 polos
2831 1676 3054 1731 habere.
3083 1673 3365 1732 Vocantur
3411 1684 3592 1733 autem

2015 1771 2212 1833 coluri,
2247 1785 2312 1824 eo
2337 1769 2483 1840 quod
2525 1785 2713 1825 eorum
2742 1776 2928 1838 partes
2975 1770 3169 1840 aliquae
3197 1770 3309 1826 sint
3339 1769 3591 1825 invisibi-

331 1863 620 1936 ἀθεώρητα
664 1865 928 1933 γίνεσθαι.
979 1866 1042 1918 Oi
1082 1865 1179 1935 μὲν
1210 1865 1319 1936 γὰρ
1351 1865 1527 1919 λοιποὶ
1557 1868 1746 1922 κύκλοι
1773 1871 1911 1922 κατὰ

2015 1863 2113 1918 les.
2157 1862 2372 1933 lleliqui
2395 1863 2540 1917 enim
2565 1862 2762 1917 circuli
2787 1862 2888 1916 toti
2919 1869 3244 1933 spectantur
3289 1861 3592 1919 secundum

331 1959 428 2031 τὴν
455 1958 826 2031 περιστροφὴν
856 1957 950 2011 τοῦ
992 1958 1198 2028 κόσμου
1231 1959 1342 2011 ὅλοι
1385 1957 1734 2031 θεωροῦνται.
1792 1960 1912 2014 Τῶ’ν

330 2049 388 2103 δὲ
416 2049 691 2122 κολούρων
720 2048 935 2103 κύκλων
982 2049 1123 2120 μέρη
1165 2049 1288 2103 τινά
1327 2049 1474 2103 ἐστιν
1506 2049 1815 2123 ἀθεώρητα,
1847 2055 1915 2108 τὰ

333 2143 440 2196 ὑπὸ
461 2143 557 2195 τοῦ
589 2141 950 2213 ἀνταρκτικοῦ
987 2142 1092 2194 ὑπὸ
1122 2142 1214 2195 τὸν
1247 2142 1500 2213 ὁρίζοντα
1529 2145 1912 2214 ἀπολαμϐανό-

337 2251 496 2304 μενα.
525 2233 830 2305 Γρὰφονται
859 2233 917 2286 δὲ
949 2226 1094 2287 οῦτοι
1136 2233 1187 2286 οἱ
1227 2233 1315 2288 διὰ
1346 2233 1456 2287 τῶν
1486 2234 1664 2288 πόλων
1692 2235 1780 2289 διὰ
1803 2237 1914 2289 τῶν

331 2325 608 2397 τροπικῶν
641 2325 735 2378 καὶ
779 2323 1109 2396 ἰσημερινῶν
1155 2324 1418 2396 σημείων,
1452 2326 1546 2379 καὶ
1591 2328 1672 2390 είς
1701 2327 1743 2380 δ’
1772 2329 1913 2400 μέρη

334 2415 427 2468 ἴσα
449 2415 717 2486 διαιροῦσι
751 2415 844 2468 τὸν
872 2415 960 2468 διὰ
995 2415 1174 2486 μέσων
1198 2415 1307 2470 τῶν
1338 2414 1544 2481 ζωδίων
1573 2417 1792 2476 κύκλον.

403 2504 569 2570 Λοξὸς
609 2504 666 2556 δέ
713 2505 829 2558 ἐστι
857 2504 1056 2569 κύκλος
1083 2508 1113 2560 ὁ
1135 2505 1245 2560 τῶν
1295 2504 1360 2576 ιβ’
1402 2506 1610 2572 ζωδίων
1629 2525 1642 2539 ·
1672 2510 1834 2574 αὐτὸς
1857 2511 1914 2565 δὲ

335 2598 400 2649 ὲκ
427 2601 475 2664 γ’
523 2595 739 2648 κύκλων
773 2596 1131 2667 παραλλήλων
1187 2597 1551 2670 συνέστηκενο
1593 2591 1669 2653 ὧν
1713 2601 1764 2653 οί
1816 2602 1914 2671 μὲν

335 2689 398 2741 τὸ
429 2687 630 2750 πλάτος
657 2688 938 2759 ἀφορίζειν
972 2689 1219 2757 λέγονται
1251 2689 1346 2743 τοῦ
1376 2690 1643 2755 ζωδιακοῦ
1676 2693 1874 2747 κύκλου
1894 2712 1908 2725 ο

334 2782 364 2834 ὁ
422 2780 478 2834 δὲ
533 2780 620 2834 διὰ
677 2780 856 2852 μέσων
903 2780 1011 2834 τῶν
1063 2779 1268 2845 ζωδίων
1317 2781 1579 2838 καλεῖται.
1630 2777 1800 2849 Οὗτος
1856 2786 1914 2839 δὲ

335 2874 634 2942 ἐφάπτεται
658 2873 753 2926 δύο
773 2872 987 2928 κύκλων
1026 2873 1156 2927 ῐσων
1186 2891 1245 2927 τε
1273 2873 1368 2928 καὶ
1394 2875 1753 2946 παραλλήλων
1771 2893 1784 2906 ·
1817 2877 1912 2930 τοῦ

339 2965 437 3034 μὲν
475 2963 689 3034 Θερινοῦ
727 2961 988 3034 τροπικοῦ
1021 2961 1162 3016 κατὰ.
1192 2962 1291 3033 τὴν
1319 2962 1411 3016 τοῦ
1445 2963 1724 3034 Καρκίνου
1761 2963 1913 3035 πρώ-

335 3073 434 3125 την
477 3059 695 3126 μοῖραν,
728 3055 820 3109 τοῦ
873 3055 929 3108 δὲ
972 3057 1286 3128 χειμερινοῦ
1331 3055 1595 3127 τροπικοῦ
1627 3055 1769 3110 κατὰ
1813 3057 1914 3126 τὴν

337 3147 430 3200 τοῦ
471 3147 752 3219 Αἱγόκερω
802 3146 1024 3218 πρώτην
1081 3150 1306 3219 μοῖραν’
1355 3147 1448 3202 τὸν
1493 3147 1550 3202 δὲ
1601 3149 1914 3220 ἰσημερινὸν

2016 1955 2203 2010 mundi
2257 1953 2712 2021 conversionem;
2771 1962 2829 2008 at
2886 1953 3202 2010 colurorum
3257 1953 3591 2010 circulorum

2016 2055 2198 2120 partes
2233 2047 2428 2117 aliqua:
2457 2053 2586 2104 sunt
2619 2045 2941 2112 invisibiles,
2976 2060 3056 2101 ea:
3083 2045 3338 2102 videlicet
3378 2061 3501 2117 quae
3525 2048 3596 2102 ab

2014 2140 2318 2195 antarctico
2344 2139 2450 2196 sub
2487 2139 2773 2195 horizonte
2821 2138 3210 2195 desumuntur.
3265 2137 3596 2194 Scribuntur

2015 2239 2197 2288 autem
2225 2231 2302 2297 hi,
2327 2232 2419 2302 qui
2447 2246 2547 2302 per
2572 2231 2729 2302 polos
2758 2238 2889 2288 sunt
2915 2229 3089 2295 ducti,
3120 2246 3217 2302 per
3245 2238 3450 2301 puncta
3480 2233 3593 2286 sul-

2015 2330 2239 2385 stitialia
2263 2338 2317 2385 et
2337 2327 2762 2399 acquinoctialia,
2783 2334 2840 2384 et
2867 2326 2922 2381 in
2947 2331 3187 2398 quatuor
3209 2335 3392 2396 partes
3420 2340 3598 2396 aequa-

2015 2419 2095 2475 les
2120 2419 2369 2474 dividunt
2393 2419 2722 2491 eclipticam.

2089 2513 2192 2582 12
2227 2512 2496 2583 Obliquus
2525 2519 2705 2567 autem
2731 2519 2817 2568 est
2837 2512 3080 2569 circulus
3107 2513 3155 2568 is
3181 2513 3272 2582 qui
3303 2510 3592 2567 duodecim

2015 2612 2099 2658 est
2128 2607 2428 2674 signorum.
2468 2603 2569 2659 Hic
2601 2620 2730 2660 vero
2756 2621 2824 2662 ex
2860 2605 3038 2660 tribus
3064 2605 3290 2660 circulis
3322 2604 3596 2675 parallclis

2015 2699 2352 2768 compositus
2387 2705 2510 2764 est,
2565 2713 2802 2769 quorum
2862 2697 2917 2752 bi
2967 2697 3190 2768 quidem
3249 2696 3594 2753 latitudinem

2015 2792 2226 2848 zodiaci
2253 2793 2447 2848 circuli
2477 2793 2844 2850 determinare
2885 2792 3185 2860 dicuntur;
3215 2793 3321 2849 iste
3349 2806 3482 2846 vero
3511 2792 3598 2845 di-

2015 2885 2161 2939 citur
2182 2885 2424 2941 circulus
2454 2901 2551 2956 per
2591 2885 2770 2941 media
2805 2885 2980 2956 signa.
3043 2885 3144 2942 llic
3191 2885 3409 2956 attingit
3458 2884 3598 2941 duas

2014 2976 2254 3033 circulos
2315 2992 2440 3033 cum
2500 2979 2739 3048 aequales
2772 3019 2788 3042 ,
2854 2988 2969 3032 tum
3019 2978 3357 3050 parallelos:
3401 2993 3596 3047 nempe

2014 3070 2265 3125 aestivum
2313 3069 2588 3140 tropicum
2650 3086 2748 3141 per
2793 3071 2992 3126 Cancri
3047 3071 3281 3142 primam
3339 3079 3592 3142 partem;

2018 3164 2305 3219 hibernum
2349 3177 2479 3218 vero
2527 3163 2802 3233 tropicum
2846 3179 2946 3235 per
2966 3162 3301 3234 'Capricorni
3361 3163 3592 3234 primam

336 3237 456 3310 δίχα
481 3239 668 3310 τέμνει
701 3237 842 3291 κατὰ
869 3237 967 3308 τὴν
993 3238 1086 3292 τοῦ
1114 3238 1286 3310 Κριοῦ
1319 3237 1542 3310 πρώτην
1575 3242 1787 3310 μοῖραν,
1823 3241 1911 3294 καὶ

2021 3262 2266 3325 partem;
2305 3255 2739 3325 aequinoctialem
2769 3264 2950 3310 autem
2971 3255 3257 3326 aequaliter
3277 3255 3471 3310 dividit
3496 3269 3595 3325 per

339 3331 480 3384 κατὰ
519 3332 617 3400 τὴν
649 3329 744 3382 τοῦ
788 3327 962 3397 Ζυγοῦ
994 3329 1219 3401 πρώτην
1254 3331 1468 3402 μοῖραν.
1520 3330 1594 3383 Τὸ
1621 3329 1678 3383 δὲ
1715 3331 1916 3397 πλάτος

335 3423 452 3476 ἐστὶ
484 3423 575 3476 τοῦ
602 3422 869 3488 ζωδιακοῦ
907 3420 1105 3475 κύκλου
1149 3421 1352 3493 μοιρῶν
1396 3421 1483 3492 ιβ’.
1527 3421 1694 3489 Λοξὸς
1727 3423 1784 3477 δὲ
1820 3423 1913 3477 κέ-

338 3513 532 3586 κληται
556 3515 584 3566 6
611 3513 872 3578 ζωδιακὸς
900 3511 1117 3579 κύκλος,
1141 3513 1232 3568 διὰ
1258 3512 1320 3566 τὸ
1345 3511 1513 3581 λοξῶς
1540 3512 1760 3584 τέμνειν
1791 3515 1916 3576 τοὺς

341 3605 719 3678 παραλλήλους
747 3603 1000 3668 κύκλους.

417 3719 644 3791 Ὀρίζων
676 3718 734 3772 δέ
767 3720 883 3772 ὲστι
928 3717 1125 3782 κύκλος
1151 3719 1180 3772 ὁ
1205 3717 1452 3790 διορίζων
1480 3719 1610 3790 ἡμῖν
1636 3719 1699 3772 τό
1727 3736 1787 3772 τε
1815 3735 1916 3788 φα-

335 3811 493 3883 νερὸν
527 3810 621 3864 καὶ
659 3810 720 3863 τὸ
761 3811 963 3880 ἀφανὲς
1007 3811 1168 3882 μέρος
1207 3810 1300 3864 τοῦ
1336 3810 1564 3881 κόσμου,
1591 3812 1686 3864 καὶ
1712 3811 1917 3881 διχοτο-

341 3896 460 3968 μῶν
491 3896 589 3966 τὴν
622 3897 751 3968 ὃλην
789 3900 1022 3968 σφαῖραν
1068 3897 1161 3950 τοῦ
1193 3897 1398 3969 κόσμου
1419 3913 1435 3929 ⁸
1473 3899 1614 3952 ὥστε
1651 3900 1918 3971 ἡμισφαί-

341 4003 455 4058 ριον
496 3988 596 4058 μὲν
635 3987 777 4060 ὑπὲρ
838 3987 945 4058 γῆν
1003 3987 1480 4059 ἀπολαμϐάνεσθαι
1505 4031 1520 4055 ,
1561 3990 1918 4061 ἡμισφαίριον

335 4077 394 4131 δὲ
450 4079 556 4132 ύπὸ
603 4079 728 4147 γῆν.
780 4080 902 4132 Εἰσὶ
951 4080 1010 4133 δὲ
1044 4081 1094 4132 oi
1117 4080 1390 4151 ὁρίζοντες
1430 4081 1546 4148 δύο,
1592 4078 1673 4148 εἷς
1733 4084 1832 4154 μὲν
1887 4085 1916 4137 ὁ

338 4167 617 4239 αἰσθητὸς,
653 4168 840 4240 ἕτερος
871 4169 928 4222 δὲ
955 4173 983 4223 ὁ
1007 4171 1149 4242 λόγῳ
1193 4171 1484 4244 θεωρητός.
1520 4173 1789 4245 Λίσθητὸς
1818 4177 1916 4245 μὲν

335 4255 429 4313 οὖν
452 4263 597 4314 ἐστιν
612 4261 808 4332 ὁρίζων
827 4264 856 4316 ὁ
877 4262 982 4315 ὑπὸ
1011 4264 1110 4335 τῆς
1133 4265 1408 4336 ἡμετέρας
1439 4265 1616 4336 ὅψεως
1645 4284 1914 4340 περιγρα-

339 4351 571 4424 φόμενος
595 4353 736 4408 κατὰ
757 4355 848 4409 τὸν
875 4356 1356 4426 ἀποτερματισμὸν
1369 4358 1470 4430 τῆς
1497 4359 1838 4430 ὁράσεως,δς
1855 4361 1916 4413 ού

341 4447 564 4516 μείζονα
577 4447 676 4518 τὴν
693 4447 982 4520 διάμετρον
1003 4448 1116 4519 ἔχει
1142 4449 1369 4504 σταδίων
1391 4451 1434 4521 β’
1455 4468 1468 4482 ·
1487 4453 1517 4505 ὁ
1545 4451 1603 4505 δὲ
1622 4453 1768 4525 λόγῳ
1782 4454 1918 4509 θεω-

342 4539 502 4609 ρητὸς
527 4539 725 4610 ὁρίζων
757 4541 904 4594 ἐστὶν
929 4545 957 4595 6
976 4543 1135 4614 μέχρι
1151 4543 1249 4614 τῆς
1271 4542 1380 4596 τῶν
1397 4544 1652 4600 ἀπλανῶν
1671 4547 1916 4618 ἀστέρων

2018 3347 2226 3404 Arietis
2283 3348 2516 3418 primam
2571 3354 2823 3418 partem,
2878 3356 2935 3404 et
2983 3363 3082 3418 per
3133 3347 3311 3404 Librae
3359 3348 3592 3419 primam

2017 3448 2246 3508 partem.
2294 3438 2550 3494 Latitudo
2579 3441 2787 3495 zodiaci
2829 3446 2915 3495 est
2958 3439 3196 3510 partium
3248 3438 3332 3494 l2.
3387 3438 3598 3494 Dicitur

2018 3528 2277 3586 zodiacus
2305 3529 2549 3586 circulus
2586 3530 2864 3602 obliquus,
2905 3545 2972 3586 eo
3000 3531 3148 3601 quod
3180 3530 3400 3602 oblique
3445 3539 3598 3587 secat

2017 3619 2256 3673 circulos
2279 3619 2587 3689 parallelos.

2092 3709 2330 3768 Horizon
2350 3722 2436 3767 est
2463 3711 2704 3768 circulus
2732 3714 2826 3784 qui
2847 3713 3005 3769 nobis
3033 3713 3321 3784 distinguit
3346 3721 3402 3770 et
3425 3729 3564 3785 appa
3591 3749 3595 3754 -

2020 3811 2231 3858 rentem
2259 3814 2312 3860 et
2335 3819 2443 3858 non
2471 3815 2820 3876 apparentem
2851 3814 3058 3875 partem
3089 3806 3301 3870 mundi,
3333 3814 3388 3861 et
3413 3822 3598 3878 aequa-

2018 3896 2145 3950 liter
2167 3895 2360 3951 dividit
2401 3903 2573 3951 totam
2628 3897 2897 3968 sphaeram
2947 3897 3160 3964 mundi,
3197 3901 3270 3953 ita
3313 3906 3375 3953 ut
3424 3899 3598 3954 hemi-

2019 3988 2311 4058 sphaerium
2343 4003 2512 4059 supra
2542 3996 2746 4044 terram
2773 3991 3119 4055 desumatur,
3149 3990 3597 4062 hemisphaerium

2019 4095 2148 4135 vero
2176 4079 2319 4134 infra
2347 4089 2572 4136 terram.
2600 4080 2742 4136 Sunt
2760 4091 2942 4136 autem
2970 4082 3286 4139 horizontes
3303 4083 3436 4148 duo,
3453 4100 3597 4140 unus

2018 4172 2114 4243 qui
2142 4179 2230 4228 est
2257 4174 2552 4238 sensibilis,
2588 4175 2725 4230 alter
2747 4175 2841 4246 qui
2871 4175 3084 4230 ratione
3109 4178 3430 4246 percipitur.
3461 4175 3597 4232 Sen.

2019 4264 2196 4321 sibilis
2221 4265 2450 4320 horizon
2475 4273 2563 4322 est
2590 4266 2685 4336 qui
2710 4281 2742 4321 a
2782 4275 2974 4322 nostro
2996 4268 3117 4322 visu
3145 4267 3477 4323 describitur
3506 4284 3595 4324 sc-

2019 4355 2261 4410 cundum
2305 4357 2815 4412 determinationem
2870 4357 3058 4424 visus,
3124 4359 3218 4428 qui
3278 4372 3389 4413 non
3433 4357 3599 4418 habet

2019 4447 2281 4516 majorem
2331 4449 2658 4504 diametrum
2696 4447 2887 4503 stadiis
2911 4448 3056 4503 2000
3081 4465 3096 4514 ;
3125 4456 3182 4501 at
3214 4448 3460 4516 horizon,
3502 4451 3594 4517 qui

2019 4541 2231 4598 ratione
2261 4542 2559 4611 percipitur
2582 4579 2598 4605 ,
2629 4541 2877 4610 pervenit
2910 4541 2978 4595 ad
3001 4539 3271 4610 spbaaram
3311 4540 3594 4596 stellarum

338 4630 576 4702 σφαίρας
619 4631 842 4704 διήκων,
885 4634 980 4688 καὶ
1025 4633 1322 4706 διχοτομῶν
1365 4635 1458 4689 τὸν
1511 4635 1632 4689 ὅλον
1687 4636 1909 4707 κόσμον.

2016 4633 2269 4696 lixarum,
2291 4641 2347 4688 et
2374 4640 2549 4688 totum
2579 4634 2841 4688 mundum
2865 4633 3150 4702 mqualiter
3168 4631 3382 4686 dividit.

406 4723 485 4775 Οὐ
514 4721 656 4776 κατὰ
680 4725 862 4779 πᾶσαν
891 4725 949 4779 δὲ
977 4725 1151 4789 πόλιν,
1177 4726 1271 4781 καὶ
1308 4725 1492 4799 χώραν
1522 4729 1552 4782 6
1579 4728 1742 4792 αὐτός
1769 4731 1917 4783 ἐστιν

334 4811 566 4884 ὁρίζωνο
611 4814 748 4868 ἀλλὰ
792 4815 930 4887 πρὸς
973 4816 1075 4887 μὲν
1120 4815 1220 4888 τὴν
1269 4817 1523 4890 αἴσθησιν
1578 4819 1763 4889 σχεδὸν
1822 4821 1916 4874 ἐπὶ

337 4903 581 4966 σταδίους
627 4910 673 4960 0’
706 4908 736 4960 6
779 4906 942 4970 αὐτὸς
981 4906 1177 4978 ὁρίζων
1212 4907 1478 4978 διαμένει,
1522 4908 1664 4964 ὥστε
1701 4910 1794 4964 καὶ
1849 4910 1918 4964 τὰ

339 4993 542 5067 μεγέθη
574 4995 681 5051 τῶν
731 4998 972 5069 ⁴ἡμερῶν,
1019 4999 1114 5054 καὶ
1151 4999 1210 5051 τὸ
1256 5000 1448 5071 κλίμα,
1483 5002 1577 5057 καὶ
1610 5001 1679 5058 τὰ
1738 5003 1919 5057 πάντα

334 5086 634 5158 φαινόμενα
659 5088 729 5142 τὰ
757 5089 896 5144 αὐτὰ
921 5089 1219 5160 διαμένειν.

403 5178 668 5232 Πλειὸνων
705 5180 761 5233 δὲ
802 5181 1030 5236 σταδίων
1063 5181 1361 5252 γινομένων
1394 5185 1536 5238 κατὰ
1565 5185 1664 5257 τὴν
1694 5187 1912 5259 παραλ-

331 5270 503 5342 λαγὴν
547 5273 649 5343 τῆς
698 5275 984 5345 οἰκήσεως,
1033 5274 1217 5346 ἕτερος
1263 5275 1460 5346 ὁρίζων
1515 5277 1722 5346 γίνεται
1775 5280 1910 5350 (20),

332 5363 474 5416 κατὰ
504 5365 564 5417 τὸ
611 5365 780 5435 κλίμα
823 5367 1114 5438 διαφέρων,
1149 5367 1242 5422 καὶ
1275 5370 1452 5424 πάντα
1496 5370 1565 5424 τὰ
1605 5373 1910 5442 φαινόμενα

400 5521 454 5599 "_
479 5538 566 5588 γρ.
601 5521 963 5592 ἡμικυκλίων.

402 5671 514 5746 (ἓο)
545 5676 783 5751 Ἕτερος
809 5677 1016 5749 ὁρίζων
1055 5681 1298 5751 γίνεται.
1321 5677 1397 5731 lta
1429 5678 1483 5731 in
1513 5677 1891 5751 editis_et_An-

328 5745 550 5819 glicang
573 5750 766 5819 codice
795 5745 860 5804 ac
893 5745 1100 5806 nostro.
1138 5749 1446 5819 Perperamp
1465 5751 1647 5819 itaque
1676 5746 1888 5819 salma-

331 5820 446 5870 sius
475 5816 656 5885 (Plin.
688 5815 903 5886 Exerc.,
936 5837 989 5892 p.
1020 5820 1119 5876 661
1155 5815 1226 5891 υ)
1246 5815 1532 5885 emendat,
1561 5815 1660 5871 καὶ
1683 5815 1744 5872 τὸ
1771 5817 1888 5871 κλίο

2089 4725 2207 4782 Non
2235 4731 2319 4783 est
2344 4733 2526 4780 autem
2556 4725 2698 4780 idem
2740 4725 2971 4779 horizon
3000 4739 3099 4795 per
3123 4738 3315 4779 omnes
3346 4724 3513 4780 urbes
3541 4734 3595 4779 et

2020 4818 2292 4888 regiones,
2321 4815 2418 4872 sed
2448 4815 2630 4888 quoad
2657 4831 2878 4872 sensum
2902 4813 3015 4872 fere
3035 4810 3088 4871 it'i
3111 4815 3305 4871 stadiis
3324 4815 3431 4872 ιου
3449 4815 3593 4872 idem

2021 4910 2247 4965 horizon
2273 4918 2579 4980 permanet,
2602 4911 2676 4964 ita
2719 4917 2780 4964 ut
2818 4918 2875 4965 et
2904 4908 3308 4980 magnitudines
3356 4908 3592 4968 dierum.

2017 5011 2072 5055 et
2097 5002 2278 5068 clima,
2315 5012 2370 5058 et
2397 5016 2592 5057 omnes
2621 5002 2952 5073 apparentia
2975 4999 3178 5058 eadem
3215 5008 3591 5070 permaneant.

2089 5182 2228 5238 Cum
2258 5196 2390 5238 vero
2411 5179 2570 5252 plura
2595 5180 2800 5238 fuerint
2838 5180 3015 5236 stadia
3040 5179 3198 5251 juxta
3222 5180 3594 5237 diversitatem

2021 5274 2398 5340 habitationis,
2430 5273 2573 5330 alius
2603 5272 2664 5328 lit
2697 5273 2948 5335 horizon,
2981 5273 3202 5328 climate
3229 5269 3509 5335 differens,
3538 5278 3595 5325 et

2018 5384 2210 5425 omnes
2249 5365 2582 5436 apparentia:
2606 5373 2909 5420 mutantur.
2941 5362 3333 5420 Verumtamen
3375 5375 3593 5436 Oportet

2000 5696 2087 5755 μα.
2117 5680 2398 5752 διαφέρον,
2429 5683 2576 5755 quod
2627 5681 2763 5755 etsi_
2787 5680 2977 5736 eodem
3009 5682 3278 5746 recurrit,
3321 5690 3501 5738 tamen
3529 5689 3586 5736 et

1998 5749 2233 5831 vulgatae
2265 5749 2483 5831 lectioni
2520 5752 2803 5809 sententia
2845 5758 3067 5806 constat
3101 5762 3156 5808 et
3201 5763 3404 5808 temere
3435 5755 3580 5808 solli-

1995 5825 2157 5876 citari
2189 5837 2298 5878 nou
2337 5825 2460 5886 detr
