4146 6422
478 353 682 435 7785

1633 353 1725 407 ΑΒ
1764 336 2033 408 Eusasu
2066 350 2473 409 cuncrncou
2517 353 2887 410 APPENDIX.

3743 363 3850 425 73‘

575 472 949 527 diversrtatem
977 467 1355 535 habitationis,
1382 485 1501 540 quae
1532 470 1639 525 {00
1684 470 1859 526 stadia
1895 479 2123 543 superat

2236 473 2607 553 μεταπίπτει.
2645 477 2737 527 Δεῖ
2773 476 3015 546 μέντοιγε
3066 478 3166 548 τὴν
3212 480 3566 575 παραλλαγὴν
3623 501 3727 559 της
3764 489 3847 541 ot-

576 563 750 631 accipi
809 560 1109 617 secundum
1162 575 1445 617 accessum
1494 563 1561 617 ad
1617 565 2046 633 septentrionem
2105 580 2135 621 e

2262 566 2473 635 κήσεως
2503 564 2601 636 τὴν
2650 566 2792 636 ὑπὲρ
2831 573 2876 618 υ⁹
2912 566 3100 622 στάδια
3138 560 3519 640 λαμϐάνεσθαι
3555 576 3701 630 κατὰ
3742 576 3846 650 τὴν

577 653 882 709 meridiem.
922 652 1057 707 Nam
1095 654 1161 708 iis
1189 655 1283 723 qui
1312 655 1558 709 habitant
1611 657 1715 711 sub
1752 657 1943 711 eodem
1976 658 2161 727 paral-

492 804 497 808 ,
578 746 706 808 lelo,
743 752 798 800 et
844 746 1033 800 decem
1089 746 1330 802 millibus
1383 748 1686 802 stadiorum
1737 762 1767 801 a
1815 764 1875 804 se
1923 750 2157 805 invicem

572 835 807 901 distant,
831 835 1081 890 diversus
1104 835 1323 905 quidem
1353 846 1438 891 est
1468 837 1722 901 horizon,
1756 838 1852 892 sed
1880 840 2044 893 clima
2073 847 2158 896 est

577 926 745 991 idem,
771 941 1071 997 omnesque
1103 929 1436 1004 apparentia:
1481 937 1610 984 sunt
1642 930 1868 986 similes.
1900 930 1969 984 At
2001 932 2154 1002 prin-

575 1015 741 1084 cipia,
772 1024 827 1070 et
854 1019 989 1072 lines
1029 1017 1241 1071 dierum
1275 1033 1385 1073 non
1436 1019 1600 1075 simul
1645 1021 1903 1077 omnibus
1956 1031 2152 1091 erunt,

576 1114 669 1182 qui
694 1113 747 1165 in
776 1111 964 1166 eodem
995 1113 1258 1182 parallelo
1286 1113 1557 1172 habitant.
1585 1115 1897 1171 Secundum
1924 1118 2154 1175 rationis

575 1207 752 1259 autem
775 1212 1023 1259 exactum
1053 1205 1346 1275 judicium,
1377 1210 1562 1263 statim
1593 1224 1719 1264 cum
1751 1211 1811 1265 ﬁt
1856 1212 1936 1266 vel
1986 1212 2152 1266 mini-

575 1309 696 1348 mus
723 1308 980 1350 accessus
1011 1310 1202 1351 versus
1255 1313 1639 1371 quamcunque
1682 1303 1869 1356 mundi
1919 1314 2149 1373 partem,

572 1397 813 1445 mutatur
842 1398 896 1445 et
926 1390 1174 1459 horizon,
1200 1399 1254 1448 et
1276 1394 1458 1460 clima,
1487 1412 1790 1468 omnesque
1815 1400 2151 1469 apparentia:

573 1490 701 1538 sunt
732 1483 981 1541 diversae.

636 1662 759 1720 Non
793 1664 1123 1723 describitur
1156 1675 1336 1723 autem
1383 1668 1612 1724 horizon
1643 1671 1698 1725 in
1740 1672 1968 1743 sphreris
2019 1689 2150 1745 pro-

570 1762 878 1831 pter'talem
910 1777 1170 1827 causam,
1223 1762 1369 1832 quod
1425 1764 1620 1835 reliqui
1678 1766 1870 1820 circuli
1923 1782 2143 1834 omnes,

2260 657 2396 728 πρὸς
2441 658 2647 728 ἄρκτον
2686 660 2781 711 καὶ
2821 659 2956 729 πρὸς
3007 662 3356 733 μεσημϐρίαν
3409 665 3663 740 πάροδον.
3717 669 3843 735 Τοῖς

2262 745 2361 816 μὲν
2388 746 2496 817 γὰρ
2524 748 2617 799 ἐπὶ
2642 746 2738 798 τοῦ
2777 748 2942 800 αὑτοῦ
2971 748 3319 821 παραλλήλου
3343 753 3571 819 οἰκοῦσι,
3604 757 3701 810 καὶ
3729 757 3844 811 ἀπὸ

2261 837 2467 908 μυρίων
2499 837 2725 891 σταδίων
2755 840 3112 911 ὑπάρχουσιν,
3146 844 3174 894 6
3206 843 3306 913 μὲν
3334 844 3532 915 ὁρίζων
3579 849 3696 901 ἐστὶ
3723 849 3845 905 διά·

2258 946 2441 999 φορος,
2470 930 2531 982 τὸ
2557 930 2613 983 δὲ
2646 930 2817 1000 κλίμα
2850 932 2909 984 τὸ
2937 932 3087 997 αὐτὸ,
3115 934 3208 987 καὶ
3242 935 3418 989 πάντα
3442 938 3511 992 τὰ
3539 942 3842 1013 φαινόμενα

2256 1023 2629 1093 παραπλήσια.
2664 1024 2730 1077 Δί
2781 1024 3030 1094 μέντοιγε
3066 1027 3233 1097 ἀρχαὶ
3279 1030 3373 1082 καὶ
3417 1031 3664 1085 τελευταὶ
3727 1035 3839 1088 τῶν

2255 1113 2477 1184 ἡμερῶν
2508 1115 2607 1184 οὐχ
2637 1116 2754 1186 ἆμα
2800 1117 2967 1170 πᾶσιν
2999 1117 3216 1173 ἔσονται
3261 1123 3372 1185 τοῖς
3405 1123 3496 1174 ἐπὶ
3525 1124 3620 1177 τοῦ
3671 1126 3841 1180 αὐτοῦ

2256 1206 2598 1278 παραλλήλου
2645 1208 2887 1261 οἰκοῦσι·
2943 1209 3086 1263 κατὰ
3134 1210 3190 1263 δὲ
3242 1211 3341 1283 τὴν
3386 1214 3525 1286 πρὸς
3560 1217 3653 1269 τὸν
3679 1217 3839 1287 λόγον

2253 1297 2538 1368 ἀκρίϐειαν
2602 1300 2718 1371 ἅμα
2778 1300 2857 1372 τῷ
2919 1302 3236 1372 στιγμιαίαν
3291 1305 3524 1377 πάροδον
3582 1294 3838 1377 γενέσθαι

2253 1388 2374 1441 καθ’
2409 1389 2686 1443 ὁποιονοῦν
2722 1391 2887 1461 μέρος
2913 1392 3008 1445 τοῦ
3057 1393 3285 1464 κόσμου,
3318 1397 3648 1466 μεταπίπτει
3681 1400 3777 1454 καὶ
3806 1402 3843 1454 6

2251 1480 2467 1552 ὁρίζων,
2514 1481 2609 1535 καὶ
2653 1482 2715 1535 τὸ
2759 1482 3017 1555 έγκλιμα,
3053 1486 3148 1538 καὶ
3196 1487 3373 1541 πάντα
3419 1489 3487 1543 τὰ
3536 1493 3837 1564 φαινόμενα

2249 1572 2501 1643 διάφορα.

2321 1667 2396 1719 Οὐ
2428 1666 2839 1737 καταγράφεται
2884 1667 2943 1721 δὲ
2986 1672 3015 1723 6
3048 1671 3245 1743 ὁρίζων
3289 1674 3347 1727 tv
3394 1677 3518 1739 ταῖς
3574 1680 3840 1751 σφαίραις

2250 1758 2317 1811 δι’
2353 1759 2531 1811 αἰτίαν
2563 1759 2839 1831 τοιαύτην,
2869 1762 2950 1815 ὅτι
2972 1764 3026 1816 οἱ
3063 1765 3162 1834 μὲν
3191 1764 3366 1819 λοιποὶ
3392 1767 3581 1822 κύκλοι
3607 1770 3831 1837 πάντες,

569 1853 960 1910 cum'mundus
991 1855 1062 1909 ab
1091 1861 1218 1907 ortu
1245 1854 1301 1908 in
1344 1868 1599 1911 occasum
1634 1855 1827 1922 fertur,
1856 1873 1965 1912 una
2012 1875 2136 1913 con-

2249 1848 2548 1919 φερομένου
2582 1850 2676 1902 τοῦ
2712 1850 2919 1922 κόσμου
2958 1831 3363 1910 ἀπ”ἀνατολῶν
3394 1858 3488 1911 ἐπὶ
3521 1860 3620 1931 τὴν
3653 1831 3831 1926 δύσιν,

567 1947 852 1996 vertantur
881 1951 935 1999 et
965 1943 1070 2012 ipsi
1093 1958 1218 1999 cum
1249 1953 1399 1998 motu
1434 1946 1643 2001 mundi.
1678 1947 1742 2000 At
1774 1948 2001 2002 horizon
2042 1964 2143 2003 na-

568 2041 809 2089 tura-est
838 2035 1161 2100 immobilis,
1188 2052 1514 2108 semperque
1550 2040 1803 2095 eumdem
1842 2052 2023 2098 servat
2070 2042 2169 2098 sim

566 2138 700 2181 tum.
731 2125 790 2181 Si
818 2126 984 2198 igitur
1005 2128 1319 2186 horizontes
1347 2130 1791 2187 describerentur
1813 2135 1867 2188 in
1894 2136 2143 2205 sphaeris,

566 2216 795 2285 spina-ris
826 2216 1012 2283 motis,
1045 2220 1391 2291 contingeret
1423 2228 1476 2277 et
1505 2222 1849 2278 horizontem
1896 2228 2100 2281 moveri
2128 2272 2141 2292 ,

563 2315 619 2360 et
649 2306 764 2363 ﬁeri
786 2309 1104 2365 verticalem
1129 2329 1142 2366 :
1179 2312 1325 2381 quod
1358 2327 1469 2367 non
1509 2320 1592 2369 est
1622 2316 1998 2386 cogitandum,
2028 2326 2142 2373 est-

564 2412 672 2468 que
701 2399 935 2456 aliemm
973 2416 1004 2456 a
1033 2401 1285 2458 doctrina
1323 2404 1608 2475 sphterica.
1657 2396 1809 2462 Situs
1836 2416 2019 2465 tamen
2046 2410 2145 2465 ho-

566 2490 796 2548 rizontis
814 2507 883 2548 ex
915 2495 1258 2565 receptaculo
1293 2496 1517 2566 sphaerae
1547 2499 1893 2571 intelligitur.

636 2748 970 2809 Meridianus
998 2762 1084 2810 est
1112 2756 1374 2827 circulus,
1415 2762 1509 2831 qui
1542 2777 1640 2833 per
1666 2766 1856 2821 mundi
1888 2767 2045 2837 polos
2087 2778 2143 2825 et

562 2857 659 2915 per
687 2855 946 2915 punctum
972 2849 1233 2907 verticale
1265 2853 1614 2920 describitur,
1641 2858 1709 2912 ad
1739 2875 1900 2929 quem
1937 2862 2029 2916 ubi
2058 2864 2140 2917 sol

560 2937 826 3006 pervenit,
849 2939 1168 2997 medietatcs
1194 2942 1426 3011 dierum,
1457 2955 1511 3002 et
1540 2949 1862 3008 medictates
1891 2954 2138 3009 noctium

558 3023 740 3081 edicit.
765 3026 862 3082 Est
895 3036 950 3083 et
984 3030 1073 3086 hic
1100 3033 1343 3092 circulus
1382 3037 1678 3097 immobilis
1714 3042 1769 3095 in
1801 3046 2042 3111 mundo,
2083 3054 2138 3102 et

554 3118 807 3175 eumdem
835 3119 1013 3176 locum
1044 3125 1244 3180 retinet
1284 3127 1340 3182 in
1385 3136 1497 3183 tota
1528 3132 1716 3188 mundi
1752 3137 2132 3193 conversione.

554 3203 740 3281 Reque
780 3211 869 3267 hic
895 3213 1136 3273 circulus
1173 3220 1507 3277 describitur
1553 3224 1610 3279 in
1651 3227 1882 3297 sphaeris
1910 3231 2135 3287 stellife-

554 3303 653 3366 ris,
681 3318 749 3358 eo
780 3305 927 3375 quod
955 3313 1012 3363 et
1062 3308 1361 3371 immobilis
1401 3316 1508 3383 sit,
1537 3334 1639 3375 nec
1664 3321 1832 3377 ullam
1882 3324 2136 3381 admittat

553 3396 931 3455 mutationem.

620 3661 741 3719 Non
761 3671 847 3721 est
880 3674 1059 3721 autem
1088 3682 1184 3739 per
1214 3681 1407 3727 omnes
1436 3673 1689 3744 regiones
1712 3683 1767 3730 et
1797 3677 1961 3733 urbes
1985 3678 2131 3734 idem

551 3755 891 3812 meridianus
918 3775 931 3811 :
965 3758 1061 3813 sed
1085 3761 1266 3830 quoad
1289 3777 1534 3830 sensum,
1565 3765 1680 3822 fere
1706 3767 1774 3822 ad
1807 3768 1980 3824 stadia
2002 3770 2128 3838 300,

550 3844 692 3901 idem
718 3857 1001 3916 permanet
1039 3852 1415 3910 meridianus:
1467 3858 1648 3927 quoad
1705 3860 1936 3917 rationis
1984 3863 2132 3934 judi-

551 3936 722 4003 cium,
755 3940 938 3995 statim
970 3957 1095 3997 cum
1136 3943 1195 4000 ﬁt
1228 3948 1751 4020 quantuluscunque
1800 3967 2130 4026 progressus

549 4030 637 4085 vel
666 4043 860 4086 versus
893 4034 1181 4100 orientem,
1208 4039 1293 4093 vel
1329 4054 1521 4096 versus
1555 4056 1813 4099 occasum
1836 4084 1851 4110 ,
1900 4048 2040 4103 alius
2068 4048 2127 4103 ﬁt

549 4122 908 4181 meridianus.
978 4126 1114 4181 Nam
1173 4129 1475 4186 secundum
1530 4149 1880 4207 progressum
1934 4156 2128 4199 versus

549 4217 1001 4286 septentrionem,
1022 4228 1076 4274 et
1100 4236 1291 4277 versus
1321 4224 1624 4290 meridiem,
1648 4229 1864 4286 etiamsi
1896 4232 2125 4288 interce-

545 4310 679 4364 dant
711 4310 1012 4365 stadiorum
1041 4312 1228 4369 decem
1282 4316 1450 4370 millia
1470 4360 1485 4384 ,
1536 4327 1717 4376 tamen
1750 4322 1892 4378 idem
1941 4335 2126 4382 manet

546 4403 927 4459 meridianus:
971 4405 1273 4462 secundum
1327 4423 1679 4481 progressum
1711 4431 1839 4471 vero
1882 4417 1953 4472 ab
1998 4428 2126 4475 ortu

2250 1943 2814 2013 συμπεριστρέφονται
2853 1945 2950 1998 καὶ
3001 1945 3157 1999 αὐτοὶ
3202 1946 3321 2018 ἅμα
3373 1951 3442 2020 τῇ
3491 1949 3585 2004 τοῦ
3622 1953 3832 2024 κόσμου

2246 2033 2487 2103 κινήσει·
2522 2035 2550 2085 6
2581 2034 2638 2087 δὲ
2669 2036 2866 2107 ὁρίζων
2896 2038 3014 2090 ἐστὶ
3060 2037 3221 2107 φύσει
3268 2042 3549 2113 ἀκίνητος,
3583 2045 3685 2116 τὴν
3727 2047 3831 2100 αύ-

2245 2123 2342 2195 τὴν
2365 2124 2519 2189 τάξιν
2554 2126 2928 2196 διαφυλάττων
2956 2130 3044 2184 διὰ
3073 2132 3294 2195 παντός.
3326 2134 3389 2186 Ei
3423 2130 3516 2187 οὖν
3561 2139 3835 2209 κατεγράο

2246 2232 2408 2283 φοντο
2440 2218 2491 2269 οἱ
2538 2217 2815 2288 ὁρίζοντες
2869 2223 2928 2274 tv
2976 2225 3097 2287 ταῖς
3134 2224 3392 2296 σφαίραις
3446 2230 3834 2300 στρεφομένων

2245 2307 2446 2375 αὐτῶν,
2500 2311 2809 2365 συνέἦαινεν
2854 2312 2920 2366 ἂν
2964 2314 3056 2367 τὸν
3103 2316 3354 2385 ὁρίζοντα
3395 2319 3680 2385 κινεῖσθαι,
3733 2322 3833 2376 καὶ

2245 2401 2388 2454 κατὰ
2415 2404 2662 2475 κορυφὴν
2704 2404 2985 2473 γίνεσθαι·
3014 2407 3153 2478 ὅπερ
3181 2408 3329 2461 ἐστὶν
3355 2407 3688 2480 ἀδιανόητον,
3735 2413 3832 2465 καὶ

2244 2494 2521 2568 ἀλλότριον
2572 2496 2667 2549 τοῦ
2714 2498 3003 2570 σφαιρικοῦ
3054 2499 3235 2567 λόγου,
3296 2501 3437 2554 Ὑπὸ
3484 2502 3583 2573 μέν
3630 2521 3695 2572 γε
3725 2503 3832 2574 τῆς

2246 2587 2618 2659 σφαιροθήκης
2674 2589 2786 2661 (21)
2848 2592 2881 2661 ή
2946 2591 3042 2644 τοῦ
3115 2591 3390 2663 ὁρίζοντος
3450 2593 3600 2659 θέσις
3660 2613 3833 2650 κατα-

2184 2721 2198 2733 .
2242 2682 2463 2733 νοεῖται.

2311 2773 2699 2846 Μεσημϐρινὸς
2730 2776 2788 2829 δέ
2815 2778 2931 2831 ἐστι
2960 2777 3161 2844 κύκλος
3185 2779 3216 2832 ό
3238 2779 3333 2833 διὰ
3364 2780 3474 2834 τῶν
3492 2779 3587 2834 τοῦ
3615 2782 3830 2853 κόσμου

2241 2864 2420 2919 πόλων
2462 2867 2556 2920 καὶ
2586 2868 2681 2921 τοῦ
2734 2870 2875 2924 κατὰ
2914 2873 3158 2945 κορυφὴν
3209 2874 3438 2944 σημείου
3477 2874 3829 2945 γραφόμενος

2243 2954 2523 3031 [κύκλοςο]
2580 2962 2665 3029 ἐφ’
2710 2956 2773 3015 οὗ
2824 2963 3114 3033 γενόμενος
3160 2966 3190 3016 ὁ
3231 2965 3383 3036 ἥλιος
3412 2964 3483 3018 τὰ
3519 2966 3660 3037 μέσα
3712 2965 3825 3018 τῶν

2240 3049 2461 3121 ἡμερῶν
2486 3051 2579 3104 καὶ
2610 3052 2678 3107 τὰ
2711 3052 2853 3123 μέσα
2889 3055 2998 3108 τῶν
3032 3056 3245 3110 νυκτῶν
3284 3060 3539 3113 ποιεῖται.
3573 3058 3683 3111 Καὶ
3728 3052 3825 3112 οῦ-

2164 3181 2204 3237 C
2237 3159 2329 3206 τος
2373 3144 2431 3197 δέ
2478 3146 2625 3199 ἐστιν
2678 3147 2708 3199 ὁ
2764 3146 2964 3211 κύκλος
3014 3148 3272 3219 ἀκίνητος
3336 3151 3396 3202 tv
3463 3149 3542 3220 τῷ
3607 3150 3821 3223 κόσμῳ,

2237 3236 2332 3288 καὶ
2379 3234 2478 3307 τὴν
2524 3236 2695 3308 αὐτὴν
2748 3237 2899 3303 τάξιν
2929 3238 3305 3308 ὁιαφυλάσσων
3350 3242 3408 3293 tv
3458 3240 3553 3312 ὅλῃ
3604 3244 3671 3313 τῇ
3724 3242 3824 3296 τοῦ

2236 3327 2440 3398 κόσμου
2489 3334 2845 3401 περιστροφῇ.
2898 3332 2973 3384 Οὐ
3027 3333 3441 3404 καταγράφεται
3485 3333 3542 3387 δὲ
3578 3333 3698 3387 οὐδὲ
3729 3326 3824 3387 οὗ·

2233 3435 2324 3482 τος
2348 3421 2376 3471 6
2402 3419 2600 3485 κύκλος
2629 3423 2687 3474 tv
2712 3425 2832 3486 ταῖς
2859 3427 3387 3497 κατηστερισμέναις
3422 3427 3700 3499 σφαίραις.
3730 3428 3822 3483 διὰ

2232 3509 2295 3563 τὸ
2318 3511 2413 3566 καὶ¹
2444 3513 2702 3583 ἀκίνητος
2728 3509 2891 3580 εἶναι,
2928 3517 3023 3570 καὶ
3051 3517 3319 3589 μηδεμίαν
3348 3519 3693 3591 ἐπιδέχεσθαι
3729 3538 3824 3592 με·

2234 3601 2535 3658 τάπτωσιν.

2301 3695 2377 3748 Οὐ
2405 3694 2555 3750 κατὰ
2586 3698 2768 3751 πᾶσαν
2801 3698 2858 3753 δὲ
2886 3697 3073 3771 χώραν
3103 3702 3199 3755 καὶ
3243 3702 3398 3757 πόλιν
3442 3705 3472 3757 6
3506 3705 3670 3770 αὑτός
3701 3707 3820 3759 ἐστι

2235 3784 2636 3861 μεσημϐρινόςο
2679 3787 2815 3841 ἀλλὰ
2861 3789 2996 3860 πρὸς
3043 3791 3140 3861 μὲν
3189 3791 3288 3861 τὴν
3337 3792 3591 3865 αἴσθησιν
3635 3794 3821 3865 σχεδὸν

2230 3875 2324 3926 ἐστὶ
2352 3875 2596 3938 σταδίους
2628 3881 2672 3928 τ’
2701 3878 2730 3930 ὁ
2763 3877 2924 3942 αὐτὸς
2959 3880 3334 3953 μεσημϐρινὸς
3365 3883 3642 3954 διαμένει·
3680 3885 3819 3957 πρὸς

2228 3966 2285 4020 δὲ
2311 3965 2410 4039 τὴν
2453 3968 2511 4020 tv
2551 3967 2628 4039 τῷ
2656 3968 2798 4041 λόγῳ
2829 3970 3133 4043 ἁκρίὸειαν,
3166 3975 3281 4044 ἅμα
3312 3975 3390 4047 τῷ
3425 3978 3525 4049 τὴν
3548 3978 3818 4049 τυχοῦσαν

2230 4057 2475 4126 γίνεσθαι
2523 4060 2755 4132 πάροδον
2796 4060 2829 4133 ἢ
2882 4063 3020 4133 πρὸς
3063 4066 3326 4138 ἀνατολὴν
3367 4069 3400 4139 ἢ
3453 4069 3592 4140 πρὸς
3640 4071 3814 4135 δύσιν,

2228 4147 2415 4220 ἕτερος
2464 4150 2671 4219 γίνεται
2727 4154 3116 4226 μεσημϐρινός.
3167 4157 3326 4211 Κατὰ
3387 4160 3488 4230 μὲν
3559 4161 3668 4233 γὰρ
3715 4161 3817 4233 τὴν

2229 4248 2366 4320 πρὸς
2402 4247 2603 4321 ἄρκτον
2635 4250 2893 4323 καὶπρὸς
2926 4254 3273 4326 μεσημϐρίαν
3304 4254 3559 4328 πάροδον,
3586 4258 3682 4313 καὶ
3721 4261 3819 4314 ἐὰν

2231 4338 2436 4411 μεταξὺ
2474 4340 2657 4413 μύριοι
2689 4343 2895 4397 στάδιοι
2929 4338 3257 4417 ὑπάρχουσι,
3279 4349 3308 4401 6
3333 4349 3498 4413 αὐτὸς
3531 4351 3683 4421 μένει
3716 4370 3816 4423 με·-

2231 4430 2527 4504 σημδρινός
2549 4449 2564 4464 ·
2602 4433 2744 4487 κατά
2793 4434 2852 4488 δὲ
2898 4434 2996 4506 τὴν
3041 4436 3139 4489 ἀπ’
3168 4438 3434 4511 ἀνατολῆς
3476 4442 3615 4514 πρὸς
3662 4443 3817 4498 δύσιν

542 4511 737 4553 versus
756 4513 1011 4555 occasum
1026 4498 1345 4557 diti‘erentiaa
1365 4504 1638 4561 exsistunt
1663 4509 2117 4566 meridianorum.

2236 4498 2461 4596 πάροδον
2493 4525 2748 4598 διαφοραὶ
2783 4498 3194 4599 μεσημϐρινῶν.

504 4599 524 4641 ’ς
609 4588 879 4662 Obliquus
900 4593 1064 4648 etiam
1089 4602 1174 4650 est
1204 4595 1450 4651 circulus
1481 4599 1579 4654 via;
1607 4599 1814 4657 lactem.
1848 4602 1950 4658 Hic
1975 4606 2119 4661 enim

541 4685 784 4739 circulus
826 4685 1021 4755 majori
1052 4686 1354 4745 latitudine
1380 4690 1696 4762 obliquatus
1726 4702 1830 4759 est,
1864 4712 2029 4766 quam
2062 4706 2122 4751 ut

541 4777 691 4832 inter.
714 4782 955 4849 tropicos
984 4782 1355 4847 contineatur,
1382 4793 1438 4839 et
1459 4790 1801 4857 compositus
1823 4800 1908 4846 est
1929 4808 1997 4848 ex
2042 4803 2123 4851 te-

540 4871 750 4925 nuitate
781 4871 1088 4929 nebulosa:
1121 4874 1273 4929 solus
1317 4876 1482 4931 etiam
1544 4879 1634 4934 hic
1685 4880 1743 4935 in
1804 4885 2013 4941 mundo
2037 4894 2121 4942 est

539 4962 896 5032 conspicuus.
930 4962 1065 5034 Ejus
1112 4966 1346 5021 latitudo
1376 4983 1487 5024 non
1526 4978 1612 5026 est
1656 4971 1915 5031 distincta
1946 5018 1962 5041 ,
2020 4981 2115 5034 sed

538 5054 847 5110 secundum
871 5055 1008 5111 alias
1057 5066 1242 5127 partes
1283 5059 1375 5115 hic
1425 5061 1665 5121 circulus
1697 5075 1781 5123 est
1812 5069 1998 5133 latior,
2025 5087 2115 5128 se-

536 5144 777 5200 cundum
810 5147 949 5203 alias
989 5151 1292 5219 angustior.
1327 5149 1410 5207 0b
1446 5169 1609 5224 quam
1639 5171 1864 5214 causam
1896 5161 1950 5214 in
1991 5163 2115 5232 plu-

536 5236 693 5295 rimis
744 5240 976 5308 sphzeris
1022 5256 1093 5296 ne
1127 5241 1463 5299 describitur
1494 5248 1712 5319 quidem
1767 5252 1868 5307 viae
1908 5254 2117 5311 lacteas

536 5328 797 5386 circulus.
832 5329 931 5386 Est
963 5341 1018 5389 et
1058 5334 1149 5390 hic
1180 5351 1326 5392 unus
1354 5340 1717 5396 maximorum
1752 5345 2112 5404 circulorum.

538 5415 753 5474 Maximi
787 5421 934 5476 enim
980 5422 1036 5477 in
1077 5425 1308 5494 sphmris
1358 5428 1618 5485 dicuntur
1656 5431 1848 5488 circuli
1899 5436 1977 5491 illi
2022 5439 2117 5509 qui

537 5508 678 5564 idem
735 5527 861 5568 cum
911 5514 1129 5585 sphaera
1170 5518 1376 5575 habent
1417 5533 1689 5579 centrum.
1744 5524 1885 5582 Sunt
1926 5508 2111 5588 autem

603 5664 650 5696 ³³
677 5676 768 5738 π).
809 5669 871 5722 ού
908 5667 1258 5741 κεχώρισται.

606 5782 715 5854 (2|)
778 5786 913 5840 Ὑπὸ
963 5787 1078 5857 μέν
1129 5806 1197 5858 τε
1250 5791 1359 5862 τῆς
1400 5796 1836 5869 σφαφοθήκης.
1889 5800 2020 5874 Leg.
2080 5804 2210 5865 ἀπό.

2293 4616 2462 4683 Λοξὸς
2481 4616 2539 4670 δέ
2567 4621 2683 4672 ἐστι
2700 4618 2899 4684 κύκλος
2918 4621 3014 4675 καὶ
3031 4624 3059 4675 6
3075 4620 3172 4676 τοῦ
3197 4623 3486 4692 γάλακτος.
3511 4618 3681 4690 Οὗτος
3715 4627 3816 4696 μὲν

2228 4706 2428 4779 μείζων
2448 4709 2640 4765 πλάτει
2672 4710 2962 4777 λελόξωται
2992 4713 3100 4768 τῶν
3130 4716 3406 4788 τροπικῶν
3448 4715 3686 4781 κύκλων,
3719 4735 3815 4772 συ-

2222 4797 2451 4870 νέστηκε
2478 4799 2535 4853 δὲ
2568 4804 2634 4855 ὲκ
2668 4801 3071 4876 βραχυμερείας
3098 4805 3497 4877 νεςρελοειδοῦς⁵
3531 4810 3628 4863 καί
3664 4810 3815 4864 ἐστιν

2222 4891 2283 4944 tv
2310 4890 2391 4963 τῷ
2431 4891 2623 4965 κόσμῳ
2659 4897 2819 4966 μόνος
2870 4897 3168 4971 θεωρητός.
3214 4899 3331 4972 Οὐχ
3375 4901 3608 4973 ὥρισται
3660 4903 3708 4935 ⁸³
3752 4903 3811 4957 δὲ

2223 4984 2389 5037 αὐτοῦ
2422 4987 2483 5039 τὺ
2520 4987 2742 5053 πλάτος,
2771 4989 2907 5043 ἀλλὰ
2948 4992 3088 5045 κατὰ
3133 4993 3231 5064 μέν
3262 5011 3386 5049 τινα
3439 4995 3581 5067 μέρη
3605 4994 3814 5049 πλατύο

2220 5076 2379 5147 τερός
2411 5079 2547 5143 ἐστι,
2581 5081 2718 5135 κατὰ
2738 5081 2794 5135 δέ
2814 5101 2936 5138 τινα
2957 5086 3288 5157 στενότερος.
3310 5086 3389 5140 Δι’
3420 5088 3611 5159 ἥντινα
3632 5090 3812 5143 αἰτίαν

2220 5169 2278 5220 ὲν
2321 5171 2441 5233 ταῖς
2472 5170 2753 5237 πλείσταις
2779 5175 3039 5248 σφαίραις
3056 5178 3179 5231 οὐδὲ
3210 5179 3624 5250 καταγράφεται
3650 5183 3681 5233 6
3713 5180 3810 5234 τοῦ

2217 5258 2488 5327 γάλακτος
2504 5262 2722 5329 κύκλος.
2746 5267 2974 5337 Ἔστιιδὲ
2995 5270 3089 5324 καὶ
3106 5265 3261 5335 οὗτος
3274 5271 3384 5324 τῶν
3420 5272 3693 5341 μεγίστων
3721 5272 3817 5325 κύ·

2217 5352 2639 5425 γλων·μέγιστοι
2653 5358 2761 5428 γὰρ
2774 5361 2831 5413 tv
2849 5360 3103 5433 σφαίραις
3120 5362 3366 5431 λέγονται
3382 5364 3633 5418 κύκλοιοί
3647 5365 3709 5417 τὸ
3718 5365 3814 5417 αὺ-

2219 5445 2283 5498 τὸ
2300 5445 2526 5520 κέντρον
2556 5450 2770 5523 ἔχοντες
2800 5456 2866 5525 τῇ
2887 5454 3111 5527 σφαίρᾳ.
3132 5456 3254 5509 Εἰσὶ
3270 5456 3328 5509 δὲ
3354 5456 3601 5529 μέγιστοι
3617 5457 3810 5512 κύκλοι

2219 5539 2390 5593 ἑπτά·
2430 5543 2764 5616 ίσημερινὸς,
2807 5544 3093 5614 ζωδιακὸς,
3142 5548 3236 5603 καὶ
3277 5549 3307 5601 6
3348 5548 3438 5604 διά
3473 5550 3658 5621 μέσων
3698 5547 3809 5604 τῶν
