4146 6448
315 377 419 434 785
1412 372 1654 430 GEMIM
1692 372 2065 429 ELEMENTA
2105 374 2602 433 ASTRONOMI‘E.
3477 381 3582 437 786

315 493 541 560 ζωδίων,
576 496 626 549 οἱ
667 494 757 549 διὰ
799 493 908 549 τῶν
960 493 1154 558 πόλων,
1179 495 1210 547 6
1251 492 1371 546 καθ’
1405 492 1642 563 ἑκάστην
1688 493 1898 558 οἴκησιν

2005 494 2228 548 maximi
2262 494 2458 549 circuli
2492 502 2705 565 septem
2735 512 2749 549 :
2803 482 3237 564 aquinoctialis,
3293 492 3582 561 zodiacus,

314 587 581 658 διορίζων,
607 588 636 639 6
671 586 1059 658 μεσημϐρινὸς,
1078 587 1107 638 6
1131 586 1227 639 τοῦ
1250 586 1538 656 γάλακτος.

2007 593 2063 641 et
2094 586 2335 642 circulus
2372 602 2469 657 per
2514 586 2838 643 medietates
2886 586 3209 658 signorum;
3261 587 3454 641 circuli
3490 602 3584 655 per

316 678 506 748 polos,
535 677 774 732 circulus
804 679 895 747 qui
934 677 990 731 in
1035 678 1189 732 omni.
1237 677 1576 733 habitatione
1634 676 1735 747 1‘3
1797 675 1969 732 visam
2007 676 2199 731 mundi
2244 683 2455 748 partem
2506 691 2539 730 a
2586 692 2697 732 non
2747 677 2865 733 visa
2903 685 3154 749 separat,
3209 678 3593 741 meridianus,

314 781 371 828 et
398 772 644 828 circulus
674 772 777 827 viae
802 773 1024 828 lactea.

843 892 1240 947 ΚΕΦΑΛΑΙΟΝ
1285 895 1361 949 Ε’;

3568 870 3606 892 ο

2638 888 2865 945 CAPUT
2917 890 2978 945 ν.

704 1009 845 1078 Περὶ
877 1008 1101 1080 ἡμέρας
1131 1008 1233 1062 καί
1261 1009 1503 1076 νυκτός.

396 1124 610 1196 Ἡμέρα
640 1125 859 1194 λέγεται
885 1125 1075 1196 διχῶς·
1110 1124 1230 1179 καθ’
1263 1126 1359 1179 ἕνα
1401 1125 1499 1197 μὲν
1531 1141 1730 1197 τροπον
1768 1124 1897 1196 χρά-

314 1231 405 1275 νος
435 1217 463 1268 6
491 1215 600 1268 ἀπὸ
626 1216 890 1288 ἀνατολῆς
918 1217 1068 1288 ἡλίου
1099 1217 1261 1289 μέχρι
1293 1215 1528 1282 δύσεως·
1562 1216 1683 1271 καθ’
1712 1217 1897 1287 ἕτερον

313 1307 373 1360 δὲ
399 1308 600 1380 τρόπον
630 1310 813 1381 ἡμέρα
860 1310 1076 1379 λέγεται
1104 1312 1294 1382 χρόνος
1322 1314 1350 1366 6
1389 1313 1480 1379 ἀφ’
1508 1309 1657 1382 ήλίου
1702 1310 1898 1363 ἀνατο-

315 1399 416 1470 λῆς
452 1399 643 1471 μέχρις
691 1402 845 1473 ἡλίου
888 1401 1045 1468 αὖθις
1097 1404 1383 1475 ἀνατολῆς.
1431 1405 1585 1457 Ἔστι
1615 1402 1672 1455 δὲ
1715 1402 1898 1473 ἡμέρα

317 1491 459 1545 κατὰ
486 1493 579 1547 τὸν
624 1493 872 1567 δεύτερον
917 1498 1116 1569 τρόπον
1154 1497 1248 1551 τοῦ
1284 1498 1490 1570 κόσμου
1534 1495 1896 1568 περιστροφὴ,

315 1584 413 1637 καὶ
439 1585 538 1656 τῆς
563 1588 918 1662 περιφερείας
948 1589 1279 1661 [ἀνατολῆς],
1312 1590 1377 1661 ἢν
1403 1592 1431 1643 6
1461 1589 1612 1659 ἥλιος
1640 1585 1900 1659 μεταϐαί-

316 1691 399 1728 νει
437 1676 769 1744 ὑπεναντίως
820 1680 1137 1752 κινούμενος
1169 1680 1248 1751 τῷ
1294 1681 1487 1752 κόσμῳ
1528 1683 1586 1735 ὲν
1627 1683 1692 1751 τῇ
1739 1696 1898 1751 περι-

259 1766 263 1769 Α
319 1775 525 1845 στροφῇ
552 1773 646 1829 τοῦ
671 1775 897 1847 κόσμου.
929 1778 1007 1830 Δι’
1033 1779 1100 1848 ἣν
1124 1777 1303 1831 αἰτίαν
1327 1776 1436 1830 οὐδ’
1461 1775 1575 1828 ἐστι
1597 1775 1660 1828 τὸ
1694 1790 1899 1842 συναμ-

2582 1002 2660 1059 De
2698 1003 2782 1058 die
2816 1012 2866 1059 et
2903 1013 3081 1093 nocten

2074 1121 2202 1177 Dies
2247 1119 2452 1175 dicitur
2484 1114 2957 1189 dupliciter,‘uno
2989 1119 3150 1175 modo
3183 1128 3399 1190 tempus
3450 1123 3586 1179 illud

2002 1212 2146 1283 quod
2191 1218 2274 1267 est
2307 1212 2376 1266 ab
2407 1220 2530 1265 ortu
2565 1210 2698 1267 solis
2729 1227 2902 1282 usque
2950 1211 3019 1266 ad
3061 1225 3317 1267 occasum
3354 1233 3367 1268 :
3411 1214 3593 1271 altero

2002 1303 2187 1371 modo,
2221 1303 2340 1359 dies
2364 1303 2571 1359 dicitur
2621 1314 2840 1374 tempus
2880 1304 3026 1373 quod
3068 1310 3154 1358 est
3196 1303 3265 1359 ah
3297 1311 3418 1358 ortu
3449 1306 3601 1361 solis-

2002 1412 2177 1468 usque
2219 1396 2286 1450 ad
2326 1395 2635 1466 proximum
2679 1406 2858 1450 ortum
2903 1396 3055 1451 solis.
3105 1394 3202 1452 Est
3248 1403 3428 1451 autem
3468 1396 3603 1453 dies.

1996 1491 2154 1560 juxta
2189 1488 2489 1544 secundum
2539 1488 2760 1542 modum
2805 1489 3095 1544 conversio
3142 1488 3355 1553 mundi,
3393 1497 3448 1544 et
3492 1505 3584 1545 or-

2005 1588 2095 1634 tus
2128 1579 2248 1650 ejus
2277 1593 2439 1634 arcus
2472 1594 2634 1648 quem
2692 1578 2783 1632 sol.
2804 1585 3056 1649 peragrat
3105 1575 3233 1631 dum
3270 1577 3326 1630 in
3356 1592 3587 1633 conver-

2004 1671 2161 1727 sione
2200 1671 2390 1725 mundi
2429 1677 2680 1725 movetur
2718 1677 2911 1725 contra
2955 1670 3241 1724 mundum.
3288 1668 3463 1736 Quam
3514 1671 3587 1726 ob

2003 1776 2224 1816 causam
2256 1777 2434 1830 neque
2469 1762 2836 1831 compositum
2882 1761 3020 1816 illud
3078 1770 3294 1831 tempus
3322 1777 3391 1816 ex
3422 1770 3586 1818 nocte

318 1858 566 1930 φότερον,
597 1862 694 1927 νὺξ
729 1864 824 1917 καὶ
856 1865 1038 1936 ἡμέρα
1071 1866 1162 1918 ἐπὶ
1189 1865 1250 1918 τὺ
1279 1865 1409 1919 αὐτὸ
1449 1865 1538 1936 ἴση
1568 1866 1719 1937 πάσῃ
1747 1868 1898 1921 νυκτὶ

2002 1863 2055 1909 et
2110 1853 2196 1908 die
2244 1853 2410 1908 simul
2463 1853 2721 1922 sumptis,
2769 1853 2979 1922 aequale
3029 1860 3115 1908 est
3145 1854 3297 1907 omni
3344 1854 3496 1909 nocti
3526 1861 3584 1909 et

316 1952 411 2006 καὶ
434 1953 619 2026 ἡμέρᾳ
640 1972 654 1985 ·
690 1954 826 2009 ἀλλὰ
860 1958 996 2028 πρὸς
1030 1958 1129 2028 μὲν
1161 1957 1259 2029 τὴν
1302 1957 1553 2028 αἴσθησιν
1580 1957 1672 2012 ἴσα
1703 1958 1772 2013 τὰ
1805 1976 1903 2030 με·

316 2043 451 2117 γέθη
485 2045 603 2099 ἐστί
621 2064 634 2077 ·
667 2046 803 2117 πρὸς
830 2047 888 2101 δὲ
918 2048 1017 2121 τὴν
1048 2050 1107 2102 ὲν
1134 2048 1212 2121 τῷ
1243 2049 1387 2120 λόγῳ
1418 2049 1705 2122 ἀκρίϐειαν
1731 2051 1903 2122 μικρά

314 2149 402 2198 τις
426 2135 521 2189 καὶ
555 2137 950 2209 ἀνεπαίσθητος
988 2141 1022 2211 ἡ
1061 2141 1407 2212 παραλλαγή.
1442 2142 1509 2194 Δί
1540 2141 1641 2213 μὲν
1672 2142 1780 2215 γὰρ
1805 2141 1899 2196 τοῦ

315 2228 526 2298 κόσμου
556 2232 918 2302 περιστροφαὶ
944 2232 1206 2305 ίσόχρονοί
1234 2235 1371 2288 εἰσιν
1392 2251 1406 2265 ο
1440 2237 1495 2289 αί
1525 2235 1582 2288 δὲ
1613 2234 1721 2289 τῶν
1743 2253 1902 2307 περι-

316 2320 553 2392 φερειῶν
603 2322 878 2391 ἀνατολαὶ,
914 2324 980 2388 ἃς
1010 2329 1039 2380 6
1065 2327 1217 2396 ἥλιος
1268 2326 1582 2398 μεταϐαίνει
1621 2329 1678 2381 ὲν
1714 2330 1780 2399 τῇ
1804 2327 1900 2382 τοῦ

312 2410 523 2481 κόσμου
545 2416 902 2485 περιστροφῇ,
923 2412 1022 2467 οὒκ
1047 2417 1183 2468 είσιν
1212 2415 1496 2486 ίσόχρονοι.
1522 2414 1596 2468 Δι’
1632 2415 1698 2487 ἢν
1722 2416 1899 2469 αἰτίαν

312 2503 416 2555 οὐκ
446 2501 562 2555 ἔστι
594 2506 1004 2577 συναμφότερον
1038 2507 1189 2560 πᾶσα
1221 2507 1318 2574 νὺξ
1355 2507 1452 2562 καὶ
1484 2508 1666 2579 ἡμέρα
1694 2524 1903 2578 συναμ-

316 2592 552 2664 φοτέρῳ,
587 2596 736 2666 πάσῃ
762 2596 918 2650 νυκτὶ
947 2598 1041 2651 καὶ
1068 2597 1252 2670 ἡμέρᾳ
1277 2598 1388 2671 ἴση.

386 2778 544 2833 Κατὰ
572 2778 630 2832 δὲ
657 2778 748 2834 τὸν
791 2778 1042 2852 δεύτερον
1077 2782 1278 2854 τρόπον
1305 2782 1404 2853 τῆς
1436 2783 1752 2855 διαιρέσεως
1791 2782 1902 2837 τῶν

316 2870 556 2942 ἡμερῶν,
604 2871 694 2925 τὸν
726 2872 825 2943 μὲν
856 2872 1002 2944 μῆνα
1026 2856 1255 2944 λέγομεν
1283 2871 1421 2929 εἶναι
1459 2874 1686 2946 ἡμερῶν
1707 2875 1770 2940 λ’,
1806 2874 1898 2928 τὸν

314 2962 371 3016 δὲ
393 2963 638 3017 ἐνιαυτὸν
662 2963 882 3037 ἡμερῶν
900 2964 990 3030 τξέ
1017 2966 1167 3036 a'/6"
1186 2964 1299 3019 ἐστι
1324 2966 1463 3021 δὲτὸ
1492 2968 1901 3039 συναμφότερον

314 3054 430 3120 νὺξ,
463 3058 557 3110 καὶ
584 3057 767 3128 ἡμέρα
799 3058 989 3127 χρόνος
1014 3057 1172 3130 ὡρῶν
1207 3058 1540 3130 ίσημερινῶν
1570 3059 1668 3121 κδ’,
1702 3061 1898 3130 ἰσημε-

316 3147 438 3249 ρινὴ
474 3148 533 3201 δὲ
563 3147 681 3220 ὥρα
711 3150 770 3203 τὸ
799 3150 964 3223 α’]κᾶ
1004 3151 1168 3222 μέρος
1195 3150 1292 3206 τοῦ
1324 3151 1519 3223 χρόνου
1544 3151 1639 3205 τοῦ
1657 3168 1898 3221 συναγο-
1924 3191 1967 3249 C

317 3238 480 3308 μένου
510 3241 576 3293 ὲκ
604 3240 799 3304 νυκτὸς
831 3242 926 3295 καὶ
952 3241 1207 3313 ἡμέρας..

387 3330 461 3383 Οὐ
485 3328 628 3384 κατὰ
650 3331 831 3384 πᾶσαν
852 3330 910 3384 δὲ
933 3329 1117 3402 χώραν
1145 3332 1240 3385 καὶ
1261 3332 1414 3385 πόλιν
1437 3332 1508 3386 τὰ
1527 3332 1668 3387 αὐτὰ
1689 3332 1910 3405 μεγέθη·

312 3422 421 3476 τῶν
462 3421 683 3494 ἡμερῶν
735 3423 914 3476 ἐστιν’
951 3422 1234 3487 ἀλλὰ-τοῖς
1274 3424 1373 3496 μὲν
1403 3423 1540 3497 πρὸς
1572 3425 1775 3496 ἄρκτον
1813 3425 1896 3476 οί-

313 3513 474 3569 κοῦσι
509 3515 755 3586 μείζονες
806 3515 909 3570 καῖ
942 3516 1148 3588 ἡμέραι
1199 3517 1460 3586 γίνονται,
1498 3519 1611 3581 τοῖς
1644 3516 1703 3570 δὲ
1759 3516 1900 3589 πρὸς

317 3608 681 3680 μεσημϐρίαν
698 3609 1008 3672 ἐλάσσονες.

389 3700 544 3753 Ἔστι
569 3699 626 3753 δὲ
653 3700 711 3753 ὲν
745 3699 908 3770 Ῥόδῳ
935 3701 1035 3771 μὲν
1067 3702 1102 3772 ἡ
1131 3700 1361 3771 μεγίστη
1394 3700 1578 3772 ἡμέρα
1614 3700 1774 3773 ὡρῶν
1820 3700 1898 3755 lc-

314 3791 606 3863 ημερινῶνι
628 3790 832 3863 ιδ’.α’[β’
851 3810 864 3822 ·
892 3793 1021 3865 περὶ
1053 3791 1111 3845 δὲ
1152 3791 1369 3864 Ῥώμην
1395 3795 1428 3863 ἡ
1459 3793 1690 3863 μεγίστη
1712 3792 1897 3865 ἡμέρα

312 3884 473 3956 ὡρῶν
502 3884 835 3957 ίσημερινῶν
871 3891 930 3937 ιε’
950 3902 963 3915 ·
995 3887 1106 3949 τοῖς
1133 3884 1179 3938 δ’
1204 3883 1284 3937 ἔτι
1308 3885 1666 3956 βορειοτέροις
1689 3885 1896 3961 οἰκοῦσι

310 3976 412 4050 τῆς
443 3978 807 4051 Προποντίδος
838 3978 1069 4051 μεγίστη
1092 3977 1276 4049 ἡμέρα
1298 3976 1506 4047 γίνεται
1528 3977 1691 4050 ’ὡρῶν
1713 3980 1899 4050 ἰσημε-

314 4065 477 4138 ρινῶν
512 4072 623 4133 ις¹⁴ο
660 4067 755 4121 καὶ¹
789 4066 870 4121 ἔτι
901 4070 1013 4131 τοῖς
1045 4067 1399 4139 βορειοτέροις
1428 4066 1493 4132 ιζ’
1518 4069 1613 4123 καὶ
1644 4075 1710 4139 ιη’
1738 4068 1895 4141 ὡρῶν

309 4161 344 4229 ἠ
384 4159 616 4237 μεγίστη
647 4158 832 4233 ἡμέρα
852 4158 1083 4229 γίνεται.

396 4340 520 4394 Ἐπὶ
542 4340 599 4393 δὲ
631 4340 758 4404 τοὺς
782 4339 979 4403 τόπους
1013 4338 1126 4412 (22)
1152 4341 1371 4405 τούτους
1399 4340 1546 4394 δοκεῖ
1564 4341 1658 4394 καὶ
1681 4340 1895 4406 Πυθέας

308 4431 340 4482 6
371 4430 774 4503 Μασσαλιώτης
796 4434 1072 4504 παρεῖναι.
1101 4433 1240 4505 Φησὶ
1267 4434 1397 4502 γοῦν
1431 4438 1489 4488 ὲν
1513 4437 1626 4498 τοῖς
1653 4436 1778 4506 περὶ
1798 4434 1892 4488 τοῦ

2002 1945 2150 2011 diei;
2195 1945 2288 2000 scd
2319 1943 2501 2015 quoad
2546 1960 2767 2000 sensum
2801 1945 3207 2015 magnitudines
3241 1952 3371 2000 sunt
3402 1959 3588 2016 aequa-

2001 2036 2112 2100 les,
2155 2036 2332 2107 quoad
2376 2036 2610 2092 rationis
2648 2037 2916 2107 judicium
2967 2052 3134 2107 parva
3169 2036 3418 2108 quaedam
3461 2046 3584 2105 est,

2002 2135 2168 2199 atque
2210 2128 2550 2184 insensibilis
2582 2128 2897 2185 diversitas.
2944 2126 3132 2183 Mundi
3163 2129 3307 2184 enim
3354 2143 3588 2185 conver-

2002 2220 2187 2276 siones
2217 2220 2360 2277 inter
2401 2236 2463 2277 se
2498 2220 2839 2292 temporibus
2876 2228 3007 2276 sunt
3038 2222 3277 2291 aequales
3306 2242 3320 2275 :
3350 2223 3447 2277 sed
3490 2238 3584 2277 ar-

2002 2328 2166 2368 cuum
2192 2312 2568 2377 ascensiones,
2598 2328 2737 2383 quos
2759 2312 2844 2367 sol
2881 2310 3101 2368 c'onﬁcit
3129 2314 3184 2367 in
3228 2313 3418 2368 mundi
3451 2329 3587 2370 con-

1998 2404 2271 2470 versione,
2322 2421 2433 2461 non
2464 2412 2596 2462 sunt
2632 2406 2973 2476 temporibus
2998 2407 3259 2477 aequales.
3290 2406 3465 2473 Quam
3512 2409 3586 2463 ob

2000 2512 2224 2553 causam
2261 2512 2387 2552 non.
2408 2505 2500 2554 est
2534 2498 2902 2568 compositum
2932 2496 3067 2552 illud
3114 2505 3354 2569 tempus,
3388 2514 3588 2570 nempe

1999 2590 2182 2644 omnis
2240 2604 2350 2644 nox
2393 2596 2449 2644 ct
2482 2588 2625 2653 dies,
2653 2587 2960 2659 composito
2982 2589 3060 2643 illi
3086 2590 3343 2661 tempori,
3374 2589 3585 2646 scilicet

1998 2682 2150 2737 omni
2177 2681 2325 2736 nocti
2358 2687 2413 2737 et
2439 2681 2569 2748 diei,
2604 2681 2833 2752 aequale.

2071 2771 2389 2829 Secundum
2444 2773 2680 2829 alterum
2725 2772 2949 2827 modum
2996 2770 3295 2827 divisionis
3342 2770 3582 2841 dierum,

1999 2880 2242 2922 mensem
2273 2865 2512 2920 dicimus
2544 2879 2678 2921 esse
2693 2863 2907 2919 dierum
2939 2865 3031 2932 50,
3065 2878 3271 2918 annum
3304 2879 3436 2919 vero
3461 2864 3583 2921 die-

1998 2973 2122 3013 rum
2156 2957 2410 3029 3651/4;
2442 2965 2528 3014 est
2543 2963 2724 3012 autem
2746 2964 2962 3028 tempus
2982 2973 3049 3013 ex
3064 2965 3244 3022 nocte,
3259 2964 3313 3013 et
3332 2958 3419 3013 die
3440 2972 3586 3013 como

1998 3052 2238 3122 positum
2273 3051 2531 3106 horarum
2562 3050 3026 3121 aequinoctialium
3056 3051 3149 3117 24,
3186 3051 3584 3119 aequinoctialis

2000 3150 2182 3197 autem
2205 3143 2339 3198 hora
2353 3150 2443 3198 est
2464 3141 2604 3197 1/21-
2650 3157 2780 3213 pars
2806 3142 3068 3213 temporis
3083 3142 3370 3212 compositi
3386 3157 3452 3198 ex
3478 3158 3583 3198 no—

2000 3243 2088 3292 cte
2116 3243 2171 3291 et
2203 3236 2323 3293 die-
3504 3260 3507 3261 '

2068 3329 2191 3385 Non
2248 3338 2378 3386 sunt
2406 3337 2592 3386 autem
2639 3344 2741 3401 per
2786 3343 2980 3385 omnes
3012 3327 3270 3399 regiones
3309 3334 3365 3383 et
3414 3327 3582 3383 urbes

1998 3422 2201 3479 eaedem
2252 3421 2665 3493 magnitudines
2694 3421 2933 3485 dierum,
2971 3419 3069 3475 sed
3123 3420 3194 3475 iis
3234 3419 3329 3489 qui
3385 3433 3584 3475 versus

1999 3512 2430 3584 septentrionem
2469 3513 2721 3569 habitant
2759 3511 2998 3581 majores
3024 3510 3163 3582 ﬁniit
3190 3521 3246 3566 et
3276 3511 3418 3576 dies,
3475 3511 3581 3566 mi.

1997 3622 2163 3663 nores
2194 3621 2325 3663 vero
2358 3607 2428 3662 iis
2454 3607 2548 3677 qui
2583 3620 2781 3661 versus
2812 3604 3098 3660 meridiem
3133 3604 3402 3660 habitant.

2069 3697 2166 3755 Est
2210 3706 2392 3753 autem
2432 3697 2489 3752 in
2538 3695 2735 3751 Rhodo
2786 3695 3108 3766 longissima
3160 3695 3280 3751 dies
3319 3695 3580 3751 horarum

1997 3790 2461 3862 aequinoctialium
2488 3788 2554 3845 14
2583 3787 2728 3859 1/2;
2766 3788 2917 3841 circa
2973 3786 3205 3842 Romam
3260 3787 3583 3858 longissima

1997 3883 2116 3939 dies
2146 3882 2410 3937 horarum
2441 3879 2906 3950 aquiuoctialium
2939 3879 3043 3944 15;
3101 3879 3170 3935 iis
3202 3894 3334 3934 vero
3362 3879 3456 3950 qui
3483 3879 3584 3934 ba-

1997 3975 2176 4030 bitant
2231 3972 2633 4044 aliquantulum
2684 3972 2827 4026 ultra
2866 3968 3202 4042 Pmpontida
3239 3986 3433 4027 versus
3476 3971 3581 4026 ho-

1996 4080 2167 4129 ream,
2202 4063 2527 4134 longissima
2561 4062 2685 4118 dies
2731 4063 2783 4117 lit
2826 4061 3085 4116 horarum
3119 4054 3579 4132 aequinoctialium

1998 4158 2087 4221 16,
2117 4164 2173 4212 et
2222 4156 2405 4211 adhuc
2435 4155 2612 4225 magis
2659 4153 2976 4210 borealibus
3010 4153 3075 4207 17
3119 4161 3174 4209 et
3201 4154 3269 4210 18
3320 4153 3581 4208 horarum

1996 4249 2316 4321 longissima
2347 4250 2406 4302 [it
2439 4248 2579 4303 dies.

2066 4340 2151 4396 Ad
2182 4342 2304 4395 loca
2345 4340 2463 4395 haec
2493 4340 2723 4395 videtur»
2740 4339 2907 4394 etiam
2936 4335 3579 4407 PytheasMassiliensis

1998 4433 2324 4489 accessisse.
2385 4430 2567 4500 lnquit
2608 4430 2777 4501 igitur
2810 4430 2866 4483 in
2898 4428 3055 4485 libris
3098 4428 3215 4484 suis
3241 4428 3312 4483 de
3357 4425 3579 4482 Oceano

324 4521 580 4577 Ὠκεανοῦ
615 4525 1204 4597 πεπραγματευμένους
1237 4526 1404 4598 αὐτῷ,
1433 4527 1554 4581 ὅτι(
1591 4528 1893 4583 Ἐδείκνυον

1998 4526 2222 4596 scriptis
2254 4526 2370 4580 sic:
2410 4542 2429 4575 ι
2468 4522 2852 4579 Monstrahant
2879 4521 3040 4574 nobis
3064 4518 3322 4582 barbari,
3356 4519 3449 4575 ubi
3493 4521 3579 4574 sol

307 4619 443 4688 ἡμῖν
476 4618 526 4670 οἱ
554 4616 841 4688 βάρϐαροι,
867 4620 1002 4673 ὅπου
1042 4619 1070 4672 6
1098 4617 1248 4690 ἥλιος
1288 4621 1570 4692 κοιμᾶται.
1604 4620 1893 4676 Συνέϐαινε

307 4707 422 4779 γὰρ
452 4708 583 4780 περὶ
611 4707 834 4772 τούτους
860 4709 985 4772 τοὺς
1015 4710 1212 4774 τόπους
1236 4709 1334 4781 τὴν
1371 4709 1469 4782 μὲν
1500 4708 1672 4764 νύκτα
1706 4727 1899 4766 παντε-

307 4799 418 4863 λῶς
454 4799 658 4872 μικρὰν
700 4800 967 4871 γίνεσθαι,
1025 4801 1184 4872 ὡρῶν
1224 4797 1306 4865 οἷς
1342 4801 1442 4873 μὲν
1476 4801 1545 4872 β’,
1593 4796 1675 4865 οἷς
1725 4802 1784 4856 δὲ
1814 4809 1892 4872 γ’·

307 4890 452 4945 ὥστε
483 4891 622 4961 μετὰ
664 4890 762 4963 τὴν
789 4891 961 4956 δύσιν,
1001 4892 1197 4965 μικροῦ
1244 4891 1635 4964 διαλείμματος
1667 4893 1894 4962 γενομέ-

307 4998 423 5047 νου,
459 4982 844 5037 ὲπανατέλλειν
889 4982 1091 5046 εὐθέως
1120 4983 1210 5036 τὸν
1257 4982 1429 5054 ἥλιον.
1466 5001 1486 5035 ι
1518 4983 1745 5054 Κράτης
1776 4982 1833 5036 δὲ
1863 4985 1893 5037 6

303 5075 695 5148 γραμματικός
711 5074 822 5148 (25)
841 5092 973 5146 φησι
1000 5074 1106 5128 τῶν
1136 5073 1319 5128 τόπων
1354 5074 1559 5129 τούτων
1586 5074 1682 5130 καὶ
1707 5074 1888 5147 Ὅμη-

306 5180 405 5236 ρον
438 5163 808 5236 μνημονεῦσαι
838 5167 895 5221 ὲν
920 5159 1003 5228 οἷς
1041 5181 1203 5235 φησιν
1242 5163 1562 5229 Ὀδυσσεύς·

380 5318 490 5402 (η)
543 5319 669 5402 ’ξπι
701 5319 771 5402 ea
800 5321 1207 5402 τεὴςῖάπους-
1240 5319 1361 5402 ἔδρα
1389 5334 1452 5402 ea
1486 5319 1714 5402 praecise.
1740 5319 1884 5402 lora,

306 5389 402 5444 ubi
437 5390 674 5445 maxima
697 5391 815 5446 dies
847 5394 906 5445 lit
953 5393 1210 5446 horarum
1244 5391 1333 5453 17,
1363 5390 1447 5445 vel
1479 5389 1565 5445 18.
1612 5390 1716 5445 Sed
1747 5391 1887 5444 ulte-

301 5460 469 5515 rioris
490 5476 568 5514 ea:
600 5476 841 5531 quoque,
876 5462 969 5517 ubi
1005 5469 1091 5515 est
1120 5462 1379 5515 horarum
1408 5461 1471 5514 21
1521 5471 1576 5514 et
1604 5460 1696 5523 22,
1728 5468 1788 5513 ut
1818 5475 1888 5515 ex

304 5532 665 5600 sequentibus
707 5541 968 5613 apparet;
998 5532 1145 5613 quod
1191 5531 1246 5585 in
1285 5532 1589 5587 elevatione
1618 5531 1888 5601 graduum

302 5599 396 5655 65.
427 5599 519 5655 66.
551 5616 613 5655 ac
638 5602 913 5655 deinceps
943 5611 1143 5655 evenit.

382 5641 396 5663 ,
427 5616 519 5665 ου,
551 5616 613 5655 ac
638 5616 913 5665 deinceps
943 5616 1143 5658 cvemt.

427 5619 519 5665 oo,
551 5619 613 5655 ac
638 5619 846 5657 taetnce
886 5620 913 5657 s
943 5619 1143 5658 evenit.

398 5671 489 5740 ‘23)
525 5671 761 5741 Κράτης
805 5619 884 5725 δέ)
903 5677 936 5726 ό
984 5671 1412 5741 γραμματικός..
1453 5670 1772 5741 Eustathius
1822 5667 1890 5723 ad

304 5740 502 5810 Odyss.
534 5740 601 5805 Κ,
642 5757 834 5797 versus
865 5740 1001 5798 illos
1025 5740 1328 5811 exponens,
1361 5743 1454 5811 qui
1482 5757 1512 5796 a
1543 5740 1772 5796 Gemino
1813 5741 1891 5796 ci-

300 5819 512 5878 tantur,
538 5814 613 5866 ait
636 5811 908 5869 Cratetcm
941 5814 1088 5869 illius
1112 5812 1582 5884 interpretationis
1609 5819 1889 5869 auctorem

1998 4618 2245 4673 cubaret.
2304 4615 2603 4670 Eveniehat
2649 4612 2793 4666 enim
2845 4610 2993 4665 circa
3034 4609 3149 4664 haec
3204 4611 3322 4665 loca
3360 4618 3578 4665 noctem

1998 4708 2218 4781 quidem
2249 4707 2407 4764 valde
2441 4720 2664 4777 parvam
2697 4702 2833 4765 ﬁeri,
2870 4702 2956 4757 bis
2980 4702 3201 4772 quidem
3230 4702 3488 4756 horarum
3517 4699 3575 4763 2,

1998 4803 2108 4858 illis
2134 4816 2264 4856 vero
2288 4800 2343 4864 ‘5,
2368 4808 2429 4852 ut
2458 4805 2582 4868 post
2609 4810 2889 4860 occasum,
2914 4809 3081 4866 parvo
3104 4793 3391 4849 intervallo
3418 4793 3581 4849 inter-

1999 4892 2203 4963 posito,
2240 4889 2428 4945 statim
2460 4886 2541 4943 sol
2572 4893 2762 4957 postea
2791 4885 3052 4939 oriretur.
3095 4902 3115 4935 ι
3159 4870 3351 4939 Crates
3395 4896 3579 4952 gram-

1997 4985 2233 5040 maticus
2259 4981 2437 5053 inquit
2462 4980 2656 5035 horum
2681 4980 2926 5034 locorum
2947 4980 3111 5034 etiam
3138 4975 3433 5032 Homerum
3465 4988 3579 5029 mo-

1996 5075 2223 5130 minisse
2253 5073 2309 5127 in
2338 5071 2428 5128 his
2455 5086 2579 5142 quae
2608 5070 2836 5141 Ulysses
2869 5068 3003 5123 dicit
3029 5088 3042 5126 :

1994 5318 2294 5381 exstitisse,
2326 5332 2447 5387 qua:
2475 5313 2796 5387 Homericos
2831 5330 3023 5387 versus
3057 5310 3574 5387 adexquisitiorem

1995 5399 2046 5445 et
2083 5381 2523 5444 mathematicam
2571 5385 2839 5440 rationem
2884 5385 3073 5455 exigit.
3109 5383 3241 5455 Nam
3274 5381 3575 5455 simplicior

1991 5461 2223 5514 istorum
2257 5457 2529 5514 sententia
2562 5456 2819 5519 traditur,
2875 5453 3041 5509 noctu
3070 5463 3124 5507 et
3159 5453 3395 5507 interdiu
3427 5454 3574 5521 pari-

1993 5537 2077 5585 ter
2109 5544 2329 5599 Operam
2358 5528 2575 5599 dedisse
2602 5527 2838 5599 pastioni
2868 5524 3288 5599 Laestrygonas;
3321 5537 3386 5575 ac
3411 5530 3574 5599 nocte

1993 5592 2212 5669 quidem
2249 5598 2437 5669 boves,
2500 5598 2572 5649 ob
2605 5592 2873 5669 asilorum
2923 5604 2995 5669 et_
3022 5592 3293 5665 ejusmodi
3335 5592 3570 5669 pestium

1995 5663 2230 5735 metum;
2271 5667 2339 5722 de
2372 5667 2460 5721 die
2491 5681 2643 5728 vero,
2674 5666 2819 5721 villis
2847 5663 3066 5719 munita
3094 5676 3289 5735 pecora
3333 5663 3575 5733 pavisse.

1994 5737 2167 5793 Porro
2193 5733 2478 5799 κελεύθους
2512 5736 2721 5806 ’ἤματος
2757 5736 2853 5806 κερ.
2895 5733 3108 5806 νυκτός,
3160 5733 3356 5787 diurna
3391 5742 3443 5806 et
3472 5750 3576 5806 iuo-

1997 5819 2188 5864 cturna
2229 5824 2429 5879 pascua
2455 5803 2664 5862 vocari.
2697 5803 2773 5861 lla
2803 5804 3147 5875 Eustathius,
3180 5819 3301 5875 quae
3340 5803 3583 5878 quidem
