4146 6464
357 367 457 424 789

1342 369 1576 426 GEMINI
1615 366 1994 423 ELEMENTA
2033 363 2534 422 ASTRONOMLE.

3504 359 3609 420 790

354 484 588 550 γίνεταισ
650 483 812 555 ἑτέρα
855 485 911 538 δὲ
954 485 1236 557 τρίμηνος,
1267 483 1389 561 ὲνῇ
1427 488 1534 541 ἀπὸ
1578 486 1672 540 τοῦ
1719 485 1928 558 θερινοῦ

2035 484 2332 539 trimestris
2385 481 2527 544 dies,
2563 479 2620 535 in
2653 493 2760 550 qua
2808 477 2877 535 ab
2904 477 3094 533 aestivo
3120 475 3334 547 trapico
3363 476 3429 531 ad
3460 477 3609 531 hori-

353 574 611 646 τροπικοῦ
636 577 727 630 ἐπὶ
763 577 856 630 τὸν
884 577 1133 650 ὁρίζοντα
1161 580 1434 650 καταντᾷ·
1462 581 1555 632 καὶ
1597 580 1775 632 πάντα
1800 578 1923 632 τοῦ-

350 685 442 722 τον
473 669 562 722 τὸν
593 669 781 741 χρόνον
815 671 958 725 κατά
989 673 1115 736 τοὺς
1147 673 1287 744 ὑπὲρ
1315 675 1419 743 γῆν
1450 673 1681 736 κύκλους
1713 675 1924 747 παραλ-

351 759 547 831 λήλους
577 761 950 834 ἑνεχθήσεται.
1001 766 1149 819 Ἐπεί
1177 765 1234 818 δὲ
1268 764 1551 836 συμϐαίνει
1583 767 1683 835 τὴν
1713 766 1925 837 οἴκησιν

351 852 554 923 ταύτην
579 855 639 908 έν
668 855 810 929 μέσῃ
858 859 923 928 τῇ
956 857 1339 929 κατεψυγμένη
1376 859 1470 910 καὶ
1509 859 1750 930 ἀοικήτῳ
1782 857 1926 931 ζώνῃ

353 943 638 1016 ὑπάρχειν,
671 945 885 1016 ἀνάγκη
915 945 1002 999 διὰ
1039 948 1236 1010 παντὸς
1264 950 1449 1016 νέφεσι
1483 948 1808 1019 κατέχεσθαι
1835 949 1926 1002 τὸν

353 1035 536 1102 τόπον,
577 1039 671 1091 καὶ
714 1039 805 1092 ἐπὶ
848 1039 978 1092 πολὺ
1029 1039 1190 1110 βάθος
1231 1040 1392 1112 ἀέρος
1433 1043 1817 1114 συνεστηκέναι
1857 1043 1926 1096 τά

353 1127 510 1198 νέφη,
531 1129 624 1182 καὶ
649 1129 722 1200 μὴ
744 1129 1000 1184 δύνασθαι
1021 1131 1117 1195 τὰς
1140 1131 1232 1185 τοῦ
1255 1132 1408 1203 ἡλίου
1423 1133 1596 1202 αὐγὰς
1620 1134 1927 1188 διακόπτειν

351 1219 422 1272 τὰ
461 1220 627 1290 νέφη·
674 1220 813 1274 ὥστε
861 1221 1096 1291 εὐλόγως
1139 1223 1310 1277 νύκτα
1344 1225 1389 1256 ³⁸
1423 1224 1510 1278 διὰ
1544 1225 1742 1290 παντὸς
1791 1221 1926 1278 εἶναι

351 1311 482 1380 παρ’
511 1310 694 1373 αὐτοῖς
723 1311 930 1375 σκότος.
965 1312 1134 1366 Ὅταν
1161 1315 1258 1384 μὲν
1286 1315 1395 1386 γὰρ
1422 1315 1564 1387 ὑπὲρ
1589 1316 1691 1386 γῆν
1709 1315 1928 1389 ὑπάρχῃ

350 1405 380 1455 ὁ
406 1403 576 1472 ἥλιος,
620 1404 810 1468 σκότος
838 1407 954 1458 ἐστὶ
981 1409 1108 1478 παρ’
1132 1408 1314 1471 αὐτοῖς
1341 1407 1428 1461 διὰ
1452 1408 1551 1478 τὴν
1584 1408 1928 1479 παχυμερίαν

354 1495 462 1549 τῶν
493 1496 668 1565 νεφῶν
692 1515 705 1530 ·
736 1498 861 1552 ὃταν
889 1499 947 1552 δὲ
977 1499 1080 1551 ὑπὸ
1123 1498 1213 1552 τὸν
1237 1499 1488 1571 ὁρίζοντα
1523 1503 1552 1554 ὁ
1582 1501 1734 1569 ἥλιος
1761 1497 1816 1575 ᾗ,
1842 1500 1928 1554 διὰ

353 1587 454 1659 τήν
474 1591 705 1660 φυσικὴν
733 1591 979 1662 ἀνάγκην
1007 1593 1101 1659 νύξ
1131 1594 1246 1645 ὲστι
1281 1594 1410 1662 παρ’
1443 1593 1620 1656 αὐτοῖς
1643 1610 1656 1623 ·
1681 1592 1820 1646 ὥστε
1841 1592 1928 1646 διὰ

357 1681 556 1744 παντὸς
606 1681 907 1752 ἀφώτιστον
947 1684 1128 1737 αὐτῶν
1178 1681 1315 1737 εἶναι
1359 1683 1457 1754 τὴν
1490 1683 1724 1754 οἴκησιν.
1758 1683 1928 1736 Τοῦτο

352 1766 465 1832 οῦν,
502 1772 656 1842 φησὶ,
684 1773 745 1826 τὸ
773 1773 1060 1844 λεγόμενόν
1091 1775 1236 1827 ἐστιν
1263 1775 1368 1827 ὑπὸ
1394 1774 1486 1827 τοῦ
1525 1773 1747 1846 ποιητοῦ
1769 1792 1784 1808 ·

1091 1885 1233 1940 οὺδέ
1265 1889 1398 1940 ποτ’
1429 1889 1650 1954 αὐτοὺς

505 1955 734 2021 Ἠέλιος
763 1955 998 2024 φαέθων
1016 1956 1383 2026 ἐπιδέρκεται
1411 1960 1787 2013 ἀκτίνεσσιν.

423 2069 483 2121 Εἰ
519 2069 616 2140 μὲν
659 2063 750 2121 οῦν
801 2067 972 2121 ταῦτα
1017 2068 1328 2140 ἐνθυμεῖται
1358 2071 1387 2123 ὁ
1433 2071 1699 2141 Ὅμηρος,
1746 2070 1934 2142 ἕτερος

349 2157 491 2210 ἔστω
545 2157 727 2225 λόγος’
759 2159 841 2211 ὅτι
883 2157 940 2210 δέ
973 2159 1079 2210 είσι
1111 2159 1265 2210 τόποι
1296 2159 1458 2222 τινὲς,
1504 2159 1605 2230 τῆς
1634 2159 1738 2229 γῆς
1777 2176 1934 2228 σφαι-

351 2248 588 2319 ροειδοῦς
613 2250 981 2320 ὑπαρχούσης,
1001 2249 1215 2320 ἔχοντες
1233 2249 1302 2302 τὰ
1325 2251 1698 2322 προειρημένα
1725 2251 1930 2324 μεγέθη

345 2339 458 2392 τῶν
487 2340 711 2412 ἡμερῶν
732 2341 867 2414 πρὸς
894 2340 1118 2411 ἄλληλα,
1142 2340 1299 2409 δῆλον
1329 2342 1422 2394 ἀπ’
1451 2342 1623 2413 αὐτῆς
1648 2335 1749 2414 τῆς
1775 2343 1935 2411 σφαί-

347 2448 470 2503 ρας.
506 2433 643 2497 Τοὺς
685 2432 930 2503 μέντοιγε
974 2433 1174 2497 τόπους
1205 2433 1428 2497 τούτους
1458 2435 1748 2505 ἀοικήτους
1792 2433 1932 2488 εἶναι

347 2522 634 2594 συμϐαίνει
662 2523 751 2576 διὰ
792 2523 890 2594 τὴν
927 2523 1020 2577 τοῦ
1054 2525 1260 2595 ψύχους
1299 2524 1630 2598 ὑπερϐολήν.
1667 2527 1754 2580 Ἐν
1787 2527 1930 2599 μέσῃ

345 2615 455 2683 γὰρ
487 2617 693 2667 κεῖνται
725 2617 790 2686 τῇ
821 2615 1208 2689 κατεψυγμένη
1241 2614 1404 2688 ζώνῃ.

433 2702 720 2757 Ἀνάπαλιν
745 2704 802 2757 δὲ
827 2707 942 2768 τοῖς
965 2706 1101 2774 πρὸς
1134 2706 1484 2778 μεσημϐρίαν
1515 2705 1754 2761 οἰκοῦσιν
1783 2707 1936 2760 ἐλάσ-

348 2812 498 2859 σονες
525 2797 611 2850 ἀεὶ
645 2797 866 2869 μᾶλλον,
903 2800 997 2852 καὶ
1035 2797 1322 2862 ἐλάσσονες
1354 2801 1409 2852 αἰ
1431 2799 1633 2872 ἡμέραι
1654 2801 1927 2870 γίνονται·

347 2889 477 2960 παρ’
504 2876 585 2953 οἷς
617 2891 714 2961 μὲν
749 2891 811 2944 ιδ’
844 2890 1002 2962 ὡρῶν
1041 2889 1370 2963 ἰσημερινῶν
1399 2892 1433 2963 ή
1476 2891 1708 2962 μεγίστη
1748 2892 1932 2964 ἡμέρα

346 2982 581 3050 γίνεται,
620 2985 752 3054 παρ’
781 2977 862 3047 οἷς
883 2983 942 3036 δὲ
973 2991 1039 3052 ιγ’
1065 2985 1132 3036 ³⁷.

419 3075 596 3147 Πέρας
636 3075 693 3130 δέ
722 3078 838 3129 ἐστι
865 3075 1018 3148 χώρα
1053 3093 1138 3140 τις
1173 3076 1310 3148 πρὸς
1337 3075 1688 3148 μεσημϐρίαν
1730 3076 1930 3147 μᾶλλον

2031 579 2248 629 zontem
2300 571 2604 627 descendit.
2665 570 2843 640 Atque
2885 567 3034 624 omni
3064 566 3168 621 hoc
3220 573 3463 635 tempore
3510 581 3608 635 per

2031 667 2271 724 circulos
2314 664 2631 736 parallelos,
2672 662 2768 731 qui
2810 668 2939 716 sunt
2988 673 3155 729 supra
3198 668 3422 720 terram,
3467 657 3610 712 fere-

2031 770 2140 816 tur.
2186 759 2326 815 Cum
2376 772 2504 814 vero
2561 756 2844 825 contingat
2898 754 3041 807 hanc
3095 751 3493 806 habitationem
3551 751 3608 804 in

2033 851 2210 908 media
2258 849 2455 922 frigida
2513 857 2676 918 atque
2730 844 3071 901 inhabitabili
3117 857 3256 899 zona
3307 858 3450 906 esse,
3511 858 3610 898 ne-

2032 959 2188 999 cesse
2235 947 2319 998 est
2375 955 2593 1011 semper
2637 938 2855 994 nebulis
2896 937 3158 1007 occupari
3198 937 3402 998 locum,
3450 940 3504 989 et
3549 935 3607 988 in

2033 1049 2229 1105 magna
2258 1031 2402 1088 aeris
2430 1031 2806 1103 profunditate
2834 1029 3068 1084 nebulas
3098 1028 3427 1084 constitutas
3458 1042 3605 1092 esse,

2033 1141 2134 1181 nec
2159 1141 2320 1197 posse
2353 1125 2486 1180 solis
2519 1122 2705 1178 radios
2728 1122 2973 1179 ‘nebulas
3008 1122 3130 1176 illas
3154 1121 3424 1191 dissipare
3456 1141 3470 1175 :
3505 1121 3609 1174 ita-

2032 1234 2139 1288 que
2189 1229 2617 1274 consentaneum
2671 1224 2756 1272 est
2803 1230 3023 1286 semper
3080 1213 3223 1285 apud
3275 1213 3425 1283 ipsos
3485 1227 3608 1267 esse

2032 1309 2210 1363 noctis
2269 1308 2544 1362 tenebras.
2610 1304 2747 1360 Cum
2804 1305 2951 1361 enim
2986 1319 3153 1374 supra
3203 1310 3406 1358 terram
3444 1301 3609 1358 fuerit

2034 1401 2137 1464 sol,
2192 1399 2430 1455 tenebrae
2483 1409 2613 1455 sunt
2663 1397 2806 1470 apud
2856 1399 3006 1469 ipsos
3031 1403 3256 1468 propter
3296 1395 3608 1452 crassitiem

2033 1490 2393 1556 nebularum;
2421 1504 2549 1544 cum
2600 1503 2730 1544 vero
2762 1485 2901 1543 infra
2932 1487 3272 1542 horizontem
3307 1486 3387 1541 sol
3420 1483 3607 1552 fuerit,

2033 1590 2252 1653 propter
2284 1581 2590 1636 naturalem
2630 1580 3013 1636 necessitatem
3042 1594 3149 1634 nox
3180 1585 3265 1634 est
3293 1578 3438 1648 apud
3469 1591 3605 1633 eos:

2035 1675 2108 1728 ita
2134 1680 2192 1727 ut
2225 1688 2442 1742 semper
2473 1687 2665 1728 eorum
2693 1671 2962 1728 habitatio
2988 1671 3198 1726 lumine
3239 1678 3446 1729 careat.
3494 1669 3608 1726 Hoc

2034 1766 2220 1836 igitur,
2256 1765 2454 1836 inquit,
2484 1774 2569 1821 est
2610 1764 2745 1820 illud
2774 1763 2919 1836 quod
2951 1779 2982 1826 a
3020 1772 3180 1836 poeta
3207 1764 3430 1821 dicitur:

2487 1897 2648 1950 neque
2676 1897 2910 1951 unquam
2947 1895 3038 1935 eos

2387 1951 2484 2008 Sol
2531 1949 2806 2023 splendens
2843 1953 3034 2021 aspicit
3066 1949 3254 2005 radiis.

2103 2063 2187 2119 An
2219 2064 2387 2134 igitur
2414 2063 2530 2119 hac
2570 2064 2770 2135 cogitet
2817 2062 3109 2126 Homerus,
3168 2060 3276 2115 alia
3319 2067 3439 2116 esto
3483 2073 3609 2114 ora-

2032 2156 2146 2223 tio;
2199 2154 2345 2225 quod
2373 2162 2554 2210 autem
2590 2155 2702 2211 sint
2736 2155 2855 2209 loca
2885 2153 3158 2224 quaedam,
3193 2165 3320 2206 cum
3355 2161 3500 2204 terra
3535 2150 3610 2205 sit

2033 2247 2282 2318 globosa,
2337 2261 2461 2316 quae
2503 2245 2795 2317 praedictas
2841 2243 3248 2315 magnitudines
3275 2241 3490 2297 dierum
3530 2241 3610 2295 in-

2034 2346 2119 2393 ter
2175 2353 2235 2394 se
2268 2339 2526 2403 habeant,
2571 2337 2921 2393 manifestum
2980 2343 3066 2392 est
3107 2351 3176 2391 ex
3229 2335 3348 2406 ipsa
3382 2334 3609 2405 sphaera

2034 2430 2226 2502 ﬁgura.
2271 2429 2419 2486 Loca
2457 2438 2608 2485 certe
2653 2430 2768 2484 haec
2807 2429 3190 2484 inhabitabilia
3238 2443 3364 2484 esse
3387 2428 3610 2483 contin-

2031 2524 2110 2594 git
2167 2531 2392 2595 propter
2427 2521 2652 2595 frigoris
2681 2537 2992 2579 excessum.
3029 2521 3170 2577 Sunt
3217 2523 3362 2577 euim
3400 2523 3504 2576 sita
3553 2521 3608 2575 iu

2031 2619 2212 2673 media
2251 2632 2390 2673 zona
2439 2616 2658 2688 frigida.

2100 2712 2307 2767 Contra
2345 2724 2479 2767 vero
2513 2709 2584 2764 iis
2617 2709 2712 2780 qui
2759 2723 2952 2764 versus
3005 2706 3291 2763 meridiem
3337 2705 3608 2772 habitant,

2033 2805 2273 2861 minores
2307 2819 2522 2875 semper
2547 2809 2601 2858 et
2629 2803 2808 2858 adhuc
2836 2804 3078 2857 minores
3105 2801 3241 2856 ﬁunt
3271 2801 3420 2866 dies;
3465 2799 3607 2870 apud

2031 2901 2167 2956 alios
2195 2901 2415 2970 quidem
2441 2899 2762 2971 longissima
2789 2897 2908 2954 dies
2935 2905 3022 2952 est
3053 2897 3312 2952 horarum
3363 2895 3609 2966 aquilio-

2030 2993 2279 3048 ctialium
2313 2993 2401 3058 M,
2433 2991 2580 3063 apud
2610 2991 2748 3046 alios
2775 2990 2864 3046 1⁵5.
2975 3009 2980 3016 ι

2103 3080 2348 3137 Tandem
2404 3088 2490 3137 est
2521 3081 2672 3152 regio
2709 3080 2958 3151 quaedam
2996 3078 3175 3149 magis
3208 3077 3371 3133 nobis
3413 3093 3608 3133 versus

344 3165 502 3237 ήμῶν
542 3166 792 3238 κειμένη,
835 3166 1100 3238 λεγομένη
1147 3166 1250 3219 ὑπὸ
1281 3167 1374 3221 τὸν
1412 3167 1758 3239 ίσημερινόν’
1796 3169 1854 3221 ὲν

2034 3173 2318 3230 meridiem
2351 3174 2484 3239 sita,
2517 3189 2641 3244 qua
2678 3173 2885 3229 dicitur
2923 3186 3047 3227 esse
3085 3171 3190 3226 sub
3217 3169 3604 3241 :cquinoctiali,

341 3260 393 3312 οι
430 3258 530 3330 μὲν
565 3259 717 3312 πόλοι
761 3261 852 3313 ἐπὶ
881 3260 973 3314 τοῦ
1018 3261 1292 3332 ὁρίζοντος
1330 3260 1652 3314 πίπτουσιν·
1696 3260 1831 3332 ὀρθή
1870 3260 1928 3314 δὲ

2034 3264 2089 3318 in
2125 3278 2234 3334 qua
2265 3263 2375 3333 poli
2406 3265 2595 3318 mundi
2634 3263 2693 3318 in
2737 3263 3025 3318 horizonte
3050 3270 3353 3332 ponuntur,
3392 3261 3609 3331 sphaera

343 3347 666 3404 καθίσταται
709 3353 742 3422 ή
774 3350 870 3404 τοῦ
904 3353 1113 3422 κόσμου
1164 3356 1390 3426 σφαῖρα.
1431 3352 1849 3424 Διχοτομοῦνται
1875 3353 1932 3407 δὲ

348 3439 551 3506 πάντες
582 3444 632 3495 οἱ
666 3441 998 3514 παράλληλοι
1028 3442 1216 3498 κύκλοι
1247 3447 1294 3498 οἱ
1328 3446 1666 3516 γραφόμενοι
1698 3445 1804 3498 ὑπὸ
1834 3444 1930 3498 τοῦ

342 3534 496 3605 ἡλίου
543 3535 680 3589 κατά
711 3536 758 3568 ⁸⁸
788 3536 888 3607 τὴν
931 3535 1025 3589 τοῦ
1055 3536 1266 3608 κόσμου
1313 3538 1605 3609 γινομένην
1637 3555 1931 3610 περιστρο-

345 3629 471 3698 φήν.
498 3630 576 3682 Δι’
601 3629 668 3701 ἣν
695 3629 873 3684 αἰτίαν
902 3630 1162 3702 ἰσημερία
1189 3629 1279 3684 διά
1304 3631 1504 3695 παντός
1532 3633 1648 3684 ἐστι
1676 3634 1805 3704 παρ’
1836 3632 1932 3685 αύ-

340 3725 474 3786 τοῖς.
530 3723 605 3776 Οὐ
650 3721 759 3795 γὰρ
798 3723 927 3794 παρ’
957 3724 1123 3794 ἄλλην
1171 3724 1291 3778 τινα
1360 3725 1536 3780 αἰτίαν
1581 3727 1614 3797 ή
1675 3726 1930 3797 ἀνισότης

339 3812 550 3881 γίνεται
597 3813 706 3867 τῶν
742 3814 986 3886 ήμερῶν,
1015 3815 1150 3869 ἀλλά
1180 3816 1331 3887 παρά
1365 3817 1426 3870 τὸ
1462 3816 1674 3889 ἕξαρμα
1704 3816 1799 3871 τοῦ
1831 3817 1929 3870 πό-

339 3903 468 3956 λου’
508 3903 536 3956 ὃ
565 3903 630 3976 δὴ
667 3904 912 3958 καλεῖται
947 3904 1184 3977 έγκλιμα
1215 3905 1310 3960 τοῦ
1358 3907 1585 3977 κόσμου.
1635 3907 1930 3978 Συμϐαίνει

339 3995 449 4068 γὰρ
470 3995 559 4050 διά
584 3996 675 4050 τὸν
704 3997 1080 4069 μετεωρισμδν
1102 3997 1196 4051 τοῦ
1230 3999 1394 4052 πόλου
1427 3999 1537 4052 τῶν
1571 3999 1668 4070 μὲν
1696 3999 1802 4053 ἀπὸ
1833 3999 1928 4053 τοῦ

342 4089 661 4162 ἰσημερινοῦ
695 4091 856 4160 μέχρι
894 4090 990 4144 τοῦ
1021 4091 1238 4162 θερινοῦ
1273 4092 1534 4163 τροπικοῦ
1571 4093 1930 4164 γραφομένων

339 4178 555 4232 κύκλων
605 4179 826 4248 μείζονα
872 4181 975 4252 μὲν
1004 4183 1271 4252 τμήματα
1322 4182 1462 4254 ὑπὲρ
1505 4183 1608 4252 γῆν
1658 4183 1926 4252 γίνεσθαι,

340 4271 598 4325 ἐλάττονα
627 4271 684 4324 δὲ
717 4272 823 4324 ὑπὸ
852 4272 985 4341 γῆν·
1012 4273 1120 4328 τῶν
1145 4273 1203 4327 δὲ
1227 4273 1335 4327 ἀπὸ
1359 4274 1451 4327 τοῦ
1481 4275 1795 4347 ἰσημερινοῦ
1831 4275 1928 4346 μέ-

335 4379 430 4433 χρι
477 4361 572 4415 τοῦ
623 4363 932 4435 χειμερινοῦ
985 4363 1244 4437 τροπικοῦ
1290 4366 1656 4437 γραφομένων
1712 4365 1930 4420 κύκλων

337 4455 597 4509 ἐλάττονα
644 4455 742 4525 μὲν
782 4456 1048 4527 τμήματα
1080 4455 1222 4528 ὑπὲρ
1249 4457 1355 4528 γῆν
1397 4457 1666 4527 γίνεσθαι,
1707 4458 1930 4530 μείζονα

2032 3364 2215 3412 autem
2246 3355 2436 3410 mundi
2468 3363 2618 3411 recta
2664 3355 3023 3411 constituitur
3063 3375 3076 3411 :
3111 3356 3395 3426 a'qualiter
3426 3363 3606 3409 autem

2031 3455 2291 3506 secantur
2333 3461 2526 3502 omnes
2563 3446 2811 3517 paralleli
2847 3447 3064 3512 circuli,
3100 3448 3193 3517 qui
3225 3445 3611 3502 describuntur

2031 3554 2060 3594 a
2086 3540 2199 3596 sole
2228 3539 2530 3596 secundum
2551 3539 2930 3612 quotidianam
2959 3541 3148 3595 mundi
3172 3539 3607 3595 conversionem.

2030 3629 2207 3698 Quam
2244 3630 2316 3686 ob
2360 3646 2585 3687 causam
2636 3631 2780 3704 apud
2820 3647 2918 3689 eos
2958 3647 3178 3703 semper
3235 3639 3320 3687 est
3367 3630 3610 3702 aequino—

2029 3725 2222 3779 ctium.
2282 3722 2404 3779 Non
2449 3724 2596 3779 enim
2628 3732 2854 3796 propter
2910 3725 3072 3779 aliam
3129 3721 3422 3795 quamdam
3478 3737 3611 3777 cau-

2031 3829 2149 3870 sam
2201 3815 2424 3872 exsistit
2484 3815 2700 3872 dierum
2765 3815 3144 3886 inaequalitas,
3208 3815 3316 3870 nisi
3387 3821 3610 3885 propter

2031 3908 2140 3977 poli
2168 3895 2628 3974 -'exaltationem',
2674 3923 2798 3979 quae
2847 3909 3039 3963 mundi
3088 3915 3317 3963 vocatur
3381 3907 3614 3962 inclina-

2030 4000 2134 4054 tio.
2209 3998 2405 4055 Evenit
2475 4000 2622 4056 enim
2700 4006 2926 4070 pr0pter
2995 3997 3107 4070 poli
3184 3998 3608 4060 cxaltationetn.

2027 4107 2219 4148 eorum
2259 4093 2595 4149 circulorum
2657 4093 2753 4163 qui
2803 4091 2871 4146 ab
2910 4092 3279 4163 aequinoctiali
3324 4104 3498 4161 usque
3540 4089 3611 4144 ad

2029 4183 2276 4238 aestivum
2299 4185 2569 4254 tropicum
2596 4182 3005 4249 describuntur,
3035 4183 3246 4254 majora
3271 4182 3488 4253 quidem
3517 4195 3611 4235 su-

2029 4290 2126 4345 pra
2166 4282 2374 4330 terram
2421 4290 2543 4332 esse
2591 4283 2898 4348 segmenta,
2957 4277 3172 4330 minora
3229 4284 3408 4330 autem
3463 4273 3608 4328 infra

2029 4375 2232 4424 terram
2265 4387 2278 4422 :
2315 4383 2506 4424 eorum
2536 4383 2691 4434 vero,
2718 4369 2812 4440 qui
2851 4369 2919 4423 ab
2937 4367 3304 4438 azquinoctiali
3330 4367 3397 4421 ad
3425 4366 3610 4423 hiber-

2030 4476 2160 4515 num
2192 4460 2465 4532 tropicum
2518 4461 2925 4526 describuntur,
2961 4464 3174 4515 minora
3219 4467 3494 4530 segmenta
3526 4459 3609 4514 in-

335 4549 394 4602 δὲ
422 4548 526 4601 ὑπὸ
563 4549 688 4619 γῆν.
722 4548 891 4603 Ὅπου
933 4549 988 4602 δὲ
1019 4552 1066 4602 οἰ
1098 4549 1250 4603 πόλοι
1284 4550 1377 4602 ἐπὶ
1405 4538 1512 4604 ’τοῦ
1542 4551 1813 4623 ὁρίζοντος
1838 4553 1927 4604 πί-

2031 4551 2112 4606 fra
2147 4560 2352 4607 terram
2401 4553 2538 4617 ﬁeri,
2587 4553 2798 4622 majora
2832 4569 2963 4607 vero
3013 4567 3178 4622 supra
3223 4558 3446 4606 terram.
3503 4548 3608 4606 Ubi

343 4658 581 4706 πτουσιν,
598 4641 834 4714 ἀναιρου
844 4641 1006 4712 μένου
1030 4639 1125 4695 τοῦ
1150 4641 1320 4695 αἰτίου
1346 4643 1446 4714 τῆς
1471 4644 1791 4714 ἀνισότητος
1817 4645 1926 4697 τῶν

341 4733 562 4805 ήμερῶν
581 4733 759 4803 (τοῦτο
786 4734 843 4787 δὲ
872 4729 941 4804 ἦν
970 4734 1032 4787 τὸ
1064 4733 1344 4804 ἕγκλιμα),
1377 4734 1614 4804 εὐλόγως
1640 4734 1926 4807 συμϐαίνει

339 4826 633 4899 ἰσημερίαν
657 4822 797 4880 εἶναι
822 4826 911 4880 διὰ
942 4827 1142 4891 παντὸς
1176 4829 1306 4898 παρ’
1338 4827 1546 4891 αὐτοῖς.
1581 4828 1796 4890 Πάντας
1829 4828 1926 4898 μὲν

337 4919 444 4990 γὰρ
477 4919 604 4983 τοὺς
646 4917 880 4982 κύκλους
917 4919 945 4970 ὁ
971 4918 1120 4990 ἥλιος
1150 4919 1440 4989 ίσοχρόνως
1477 4919 1924 4992 περιστρέφεται,

337 5015 433 5068 καὶ
461 5016 588 5078 τοὺς
629 5015 900 5085 μείζονας,
936 5015 1032 5066 καὶ
1073 5015 1198 5077 τοὺς
1227 5013 1543 5077 ἐλάσσονας,
1567 5013 1656 5067 διὰ
1693 5014 1753 5067 τὸ
1796 5013 1923 5084 περί

335 5122 456 5158 τινα
491 5104 720 5176 μένοντα
753 5108 974 5176 σημεῖα,
993 5107 1118 5169 τοὺς
1134 5105 1348 5170 πόλους,
1367 5106 1613 5174 γίνεσθαι
1642 5107 1740 5178 τὴν
1773 5124 1925 5179 περι-

337 5198 577 5269 στροφὴν
597 5196 690 5250 τοῦ
709 5197 934 5268 κόσμου.
959 5198 1120 5250 Ὥστε
1141 5197 1214 5269 μὴ
1227 5197 1377 5270 παρᾶ
1397 5197 1465 5251 τὰ
1485 5197 1686 5270 μεγέθη
1704 5197 1812 5252 τῶν
1827 5199 1924 5251 κύ-

334 5289 500 5352 κλων,
523 5288 660 5342 ἀλλά
677 5288 828 5360 παρά
842 5289 939 5361 τήν
955 5290 1246 5361 ἀνισότητα
1267 5290 1373 5343 τῶν
1397 5290 1722 5362 τμημάτων,
1740 5284 1814 5345 ὧν
1831 5291 1924 5360 φέ-
1963 5325 1967 5332 -

339 5397 494 5452 ρεται
508 5381 696 5452 ὁῆλιος
713 5381 817 5434 ὑπὸ
829 5381 954 5451 γῆν,
973 5383 1066 5435 καὶ
1089 5381 1229 5453 ὑπὲρ
1245 5382 1367 5452 γῆν,
1385 5383 1482 5452 τὴν
1499 5383 1788 5454 ἀνισότητα
1819 5383 1928 5436 τῶν

336 5470 558 5543 ἡμερῶν
571 5471 833 5541 γίνεσθαι.
848 5474 912 5525 Δί
929 5472 1174 5544 μέντοιγε
1193 5473 1682 5545 παραυξήσειςτῶν
1701 5475 1925 5546 ἡμερῶν

337 5561 430 5612 καὶ
461 5560 569 5614 τῶν
602 5561 813 5614 νυκτῶν
845 5563 946 5615 οὐκ
977 5563 1116 5616 εἰσιν
1148 5565 1207 5616 ὲν
1241 5563 1374 5615 πᾶσι
1407 5565 1521 5626 τοῖς
1550 5562 1762 5628 ζωόίοις
1787 5562 1919 5629 ἴσαι,

335 5651 471 5706 ἀλλὰ
505 5652 634 5722 περὶ
683 5651 782 5722 μὲν
818 5652 888 5706 τά
923 5653 1157 5724 τροπικὰ
1201 5657 1400 5726 σημεῖα
1423 5655 1616 5726 μικραὶ
1644 5655 1922 5720 παντελῶς

1330 5811 1374 5844 ’³
1406 5828 1494 5881 τρ-
1529 5811 1696 5884 περά-

303 5825 308 5832 ‘
413 5812 459 5842 "
501 5829 587 5881 ῃο.
625 5811 838 5874 νυκτός.
953 5812 995 5844 ³⁷
1031 5827 1118 5876 τερ.
1155 5816 1251 5875 ις’.

2025 4659 2156 4700 vero
2183 4647 2292 4716 poli
2328 4645 2518 4700 mundi
2544 4645 2600 4699 in
2633 4646 2918 4700 horizonte
2942 4645 3148 4714 jaceut,
3179 4659 3343 4698 causa
3367 4643 3608 4714 inaequa-

2026 4735 2197 4792 litatis
2242 4735 2456 4791 dierum
2504 4735 2742 4800 sublata,
2784 4750 2907 4806 qua:
2948 4743 3032 4790 est
3067 4735 3349 4789 inclinatio
3393 4734 3604 4799 mundi,

2023 4827 2204 4882 evenit
2239 4834 2298 4881 ut
2355 4827 2743 4897 aequinoctium
2788 4825 2932 4897 apud
2973 4842 3069 4882 eos
3099 4826 3169 4882 sit
3200 4840 3440 4896 semper.
3476 4823 3609 4880 0m-

2023 4933 2120 4973 nes
2155 4918 2301 4971 enim
2337 4918 2574 4973 circulos
2604 4917 2894 4988 parallelos
2929 4918 3012 4972 sol
3054 4916 3357 4987 aequalibus
3397 4923 3608 4986 tempo-

2023 5010 2178 5064 ribus
2222 5016 2498 5081 peragrat,
2536 5024 2660 5064 cum
2706 5011 2964 5081 majores,
2999 5017 3114 5066 tum
3167 5009 3430 5070 minores,
3482 5022 3608 5076 pro-

2030 5113 2215 5172 pterea
2247 5102 2396 5171 quod
2427 5102 2576 5157 circa
2612 5103 2714 5157 lixa
2743 5113 2947 5174 puncta
2985 5118 3180 5173 nempe
3207 5102 3363 5172 polos
3389 5101 3602 5164 mundi,

2031 5194 2125 5248 ﬁat
2153 5195 2443 5250 conversio
2479 5196 2688 5250 mundi.
2722 5195 2910 5266 Itaque
2941 5211 3050 5251 non
3085 5203 3308 5267 propter
3332 5193 3606 5265 magnitu-

2027 5289 2183 5343 dines
2225 5287 2584 5355 circulorum,
2640 5287 2735 5344 sed
2776 5296 3001 5360 propter
3033 5287 3458 5358 inaequalitatem
3518 5300 3604 5340 se-

2025 5388 2390 5452 gmentorum,
2450 5382 2508 5435 in
2569 5383 2768 5452 quibus
2827 5383 2911 5438 sol
2975 5381 3143 5437 fertur
3193 5379 3334 5436 infra
3378 5388 3601 5444 terram,

2022 5479 2078 5526 et
2141 5486 2309 5542 supra
2385 5484 2624 5537 terram,
2683 5475 2742 5529 ﬁt
2803 5473 3142 5545 inaequalitas
3197 5473 3432 5527 dierum.
3509 5469 3601 5526 ln-

2021 5574 2300 5621 crementa
2382 5581 2514 5623 vero
2581 5567 2792 5624 dierum
2857 5574 2913 5622 et
2981 5568 3222 5623 noctium
3291 5580 3402 5620 DOII
3475 5571 3604 5619 sunt

2021 5657 2079 5713 in
2145 5657 2402 5715 omnibus
2466 5658 2640 5732 signis
2697 5659 2966 5732 aequalia,
3033 5658 3128 5718 sed
3195 5659 3339 5714 circa
3395 5657 3602 5728 tropica
