4146 6422
576 297 661 353 79!
1563 320 1655 374 AD
1695 319 1964 378 EUSEBII
1999 323 2396 383 CHRONICON
2433 328 2804 390 APPENDIX.

3723 334 3828 395 Μ

570 418 768 479 puncta
823 417 1050 475 omnino
1095 429 1224 478 sunt
1275 441 1443 497 parva
1529 440 1692 502 atque
1762 434 2102 493 insensibilia

2251 441 2346 494 καὶ
2373 444 2766 520 ἀνεπαίσθητοι
2795 458 3034 516 γίνονται
3056 464 3072 479 ’
3101 446 3242 502 ὥστε
3285 447 3471 520 σχεδὸν
3499 449 3585 520 ἐφ’
3611 419 3826 522 ἡμέρας

571 503 670 574 15
701 505 779 598 ita
808 515 870 561 ut
897 509 1013 566 fere
1056 530 1232 586 usque
1262 520 1330 575 ad
1383 521 1506 578 dies
1550 525 1908 598 quadraginta
1951 529 2140 586 eadem

569 597 886 667 magnitudo
936 601 1148 662 dierum
1202 621 1258 665 et
1313 615 1557 670 noctium
1624 597 1960 688 permaneat.
2002 620 2142 678 Nam

568 697 616 742 ct
667 694 958 761 accedens,
1009 707 1065 754 et
1115 717 1310 760 rursus
1361 706 1652 766 discedens
1678 713 1762 769 sol
1822 728 1854 769 a
1913 715 2141 786 tropicis

569 783 802 848 μυηθεὶς,
841 787 1014 843 efficit
1059 790 1408 854 insensibiles
1443 802 1748 858 secundum
1795 783 2142 862 latitudinem

569 884 846 944 accessus,
872 887 932 932 ut
963 887 1354 943 convenienter
1379 906 1555 963 usque
1580 894 1648 948 ad
1680 897 1996 965 praedictam
2019 899 2140 955 die-

567 979 682 1020 rum
708 969 1134 1042 multitudinem,
1165 983 1346 1050 quoad
1383 999 1628 1052 sensum,
1662 989 1798 1044 solis
1829 1005 1983 1044 mora
2028 992 2139 1046 fiat.

567 1057 736 1122 Quam
768 1061 840 1116 ob
871 1079 1094 1122 causam
1123 1078 1177 1125 et
1209 1075 1434 1130 maximi
1459 1087 1652 1145 aestus,
1686 1088 1743 1136 et
1777 1084 2014 1138 maxima
2041 1084 2142 1138 fri-

566 1165 694 1211 ,,ura
738 1165 862 1222 post
901 1161 1293 1220 conversiones
1334 1165 1493 1224 ﬁunt.
1553 1168 1692 1226 Cum
1744 1173 1891 1228 enim
1938 1175 2025 1231 bis
2071 1178 2140 1231 ad

565 1243 811 1301 eumdem
857 1247 1038 1306 locum
1095 1257 1324 1312 accedat
1363 1261 1648 1329 continue,
1695 1275 1751 1322 et
1785 1267 2140 1326 insensibiles

565 1335 728 1392 faciat
766 1355 1045 1412 accessus,
1085 1355 1139 1403 et
1167 1365 1444 1419 recessus,
1478 1361 1871 1417 convenienter
1917 1375 2139 1434 propter

563 1433 838 1490 tuoramin
857 1449 965 1492 uno
994 1440 1117 1496 loco
1132 1458 1279 1500 nunc
1307 1455 1562 1515 aestuum,
1588 1468 1736 1508 nunc
1759 1433 1982 1527 frigoris
2013 1433 2140 1513 effl-

563 1522 635 1575 eit
665 1522 1028 1587 intensionem
1047 1533 1184 1590 :hoc
1205 1545 1386 1597 autem
1409 1541 1573 1597 etiam
1591 1559 1655 1598 ex
1675 1522 2041 1616 gnomonibus
2055 1559 2139 1605 est

563 1615 930 1677 manifestum.
979 1621 1115 1678 Nam
1155 1629 1474 1686 extremitas
1518 1615 1730 1690 umbra:
1766 1637 1823 1692 in
1867 1653 2138 1709 gnomone

561 1701 672 1798 fere
697 1707 769 1763 ad
793 1709 912 1766 dies
934 1714 1296 1788 quadraginta
1319 1732 1604 1790 permanet
1626 1726 1683 1781 in
1705 1701 1936 1798 tropicis
1952 1730 2132 1786 lineis.

559 1794 665 1853 Sed
694 1799 840 1856 circa
864 1810 1558 1882 utrumqueazquinoctium
1575 1833 1772 1890 magna
1795 1794 2133 1878 incrementa
2166 1795 2208 1849 Β

559 1887 765 1945 dierum
801 1892 963 1963 fiunt,
993 1905 1057 1952 ut
1087 1914 1328 1971 sequens
1358 1905 1478 1962 dies
1507 1923 1539 1962 a
1572 1887 1918 1978 pt'mcedente
1951 1915 2132 1970 sensi-

556 1979 739 2038 biliter
771 1987 962 2043 variet.
995 1988 1171 2056 Quam
1191 1993 1262 2049 ob
1281 2010 1509 2052 causam
1539 2001 1596 2054 in
1621 2001 1923 2074 horologiis
1953 2013 2135 2062 extre-

556 2071 718 2167 tnitas
737 2077 1009 2136 umbraein
1027 2087 1754 2160 gnomoncabaequinoctiali
1768 2071 1978 2151 circulo
1993 2113 2136 2167 quo-

555 2161 688 2218 tidie
701 2168 990 2228 sensibiles
1005 2173 1490 2244 elﬁcitdistantias.
1511 2179 1803 2240 Est'autem
1829 2161 2134 2256 causalinzn-

553 2255 833 2348 qualitatis
869 2269 926 2318 et
949 2264 1278 2325 incrementi
1312 2271 1531 2329 dierum
1577 2275 1876 2348 obliquitas
1919 2255 2131 2337 zodiaci

553 2343 768 2404 circuli.
788 2350 1020 2425 Attingit
1036 2357 1183 2412 enim
1201 2360 1445 2432 tropicos
1471 2343 1733 2432 circulos,
1753 2373 1810 2422 et
1821 2366 1890 2424 ad
1906 2371 2130 2426 multam

553 2433 954 2509 longitudinem
1007 2457 1301 2510 contactus
1330 2468 1455 2513 sese
1487 2457 1734 2512 extendit
1767 2478 1780 2514 :
1807 2469 1868 2514 ut
1897 2461 1952 2516 in
1999 2463 2134 2517 mul-

551 2528 626 2583 tis
655 2528 796 2590 locis
826 2548 994 2604 parva
1017 2537 1092 2593 sit
1121 2539 1384 2598 distantia
1431 2557 1465 2598 a
1506 2545 1721 2604 circulo.
1749 2551 1984 2620 tropico.
2051 2553 2130 2608 Es

550 2621 656 2679 hoc
683 2625 850 2682 etiam
887 2632 1140 2703 sequitur
1170 2637 1250 2708 [ut
1284 2638 1515 2696 mutatio
1558 2653 1972 2713 segmentorum
2031 2663 2128 2702 su-

549 2729 650 2785 pra
679 2725 906 2791 terram,
937 2723 992 2779 in
1034 2727 1239 2797 quibus
1269 2730 1353 2785 sol
1383 2729 1582 2800 fertur,
1629 2749 1796 2804 parva
1843 2747 2012 2810 atque
2045 2741 2132 2795 in-

549 2810 848 2871 sensibilis‘
863 2815 982 2884 liat,
1012 2818 1068 2874 in
1099 2821 1310 2878 circulo
1337 2834 1521 2881 autem
1547 2829 1924 2899 aequinoctiali
1954 2833 2012 2886 fit
2042 2848 2130 2890 sc-

547 2903 664 2958 ctio
713 2905 926 2964 zodiaci
970 2909 1166 2968 circuli
1219 2922 1275 2970 et
1318 2917 1771 2988 aequinoctialis:
1807 2937 1839 2976 a
1885 2925 2130 2980 sectione

545 2995 836 3054 inclinatio
857 3017 1054 3060 versus
1087 3012 1382 3080 utramque
1431 3020 1644 3083 partem
1683 3030 1938 3086 magnam
1981 3019 2128 3072 acci-

2247 539 2299 602 μ’
2343 532 2454 603 (25)
2480 535 2542 588 τὸ
2568 536 2702 590 αὐτὸ
2740 537 2971 608 μέγεθος
3013 536 3121 592 τῶν
3163 537 3385 610 ἡμερῶν
3431 538 3527 593 καὶ
3574 539 3686 594 τῶν
3733 559 3828 596 νυ-

2245 623 2388 678 κτῶν
2419 625 2713 698 διαμένειν.
2743 629 3260 701 Προσπορευόμενός
3283 648 3342 684 τε
3372 631 3510 702 γὰρ,
3549 634 3643 686 καὶ
3665 634 3825 690 πάλιν

2243 716 2544 790 ἀποχωρῶν
2557 719 2666 773 ἀπὸ
2676 720 2950 792 τροπικῶν
2961 737 3026 793 ση
3036 721 3219 792 μείων,
3240 722 3468 794 ἀδήλους
3481 727 3714 779 ποιεῖται
3725 725 3827 791 τὰς

2245 809 2389 863 κατὰ
2428 810 2629 874 πλάτος
2652 814 2919 886 παρόδους
2938 831 2952 846 ·
2979 814 3119 868 ὥστε
3149 815 3388 883 εὐλόγως
3418 817 3512 870 ἐπὶ
3546 817 3610 870 τὸ
3634 835 3826 888 προει-

2244 919 2311 973 ρη
2322 901 2480 972 μένον
2505 905 2710 977 πλῆθος
2736 906 2844 960 τῶν
2883 907 3104 980 ἡμερῶν
3149 907 3416 978 ἐπιμονὴν
3457 907 3532 972 ὡς
3565 909 3704 980 πρὸς
3732 909 3824 962 ατ-

2244 993 2435 1066 σθησιν
2495 999 2622 1070 περί
2675 999 2768 1053 τὸν
2817 999 2982 1053 τόπον
3028 999 3274 1068 γίνεσθαι
3322 999 3401 1070 τῷ
3456 998 3612 1070 ἡλίῳ.
3645 1000 3723 1080 dt’
3754 1000 3825 1070 ἡν

2241 1087 2421 1142 αἰτίαν
2449 1090 2634 1145 καὶτὰ
2661 1092 2892 1162 μέγιστα
2914 1090 3171 1163 καύματα
3198 1091 3293 1145 καὶ
3314 1090 3383 1144 τὰ
3413 1090 3647 1161 μέγιστα
3675 1090 3824 1162 ψύχη

2241 1180 2382 1234 κατὰ
2413 1183 2512 1247 τὰς
2559 1185 2769 1256 τροπὰς
2813 1185 3023 1254 γίνεται
3060 1183 3192 1255 (26).
3231 1185 3324 1248 Δὶς
3380 1183 3489 1255 γὰρ
3532 1185 3694 1249 αὐτὸς
3731 1185 3826 1238 τὸν

2239 1269 2401 1323 αὐτὸν
2438 1271 2579 1326 κατὰ
2613 1272 2676 1326 τὸ
2726 1273 2948 1342 συνεχὲς
2991 1273 3450 1344 ἐπιπορευόμενος
3494 1271 3681 1338 τόπον,
3727 1275 3826 1328 καὶ

2240 1361 2340 1424 τὰς
2371 1363 2688 1434 προσόδους,
2719 1365 2815 1419 καὶ
2841 1365 2941 1429 τὰς
2975 1365 3354 1436 ἀποχωρήσεις
3389 1363 3600 1436 ἀδήλως
3634 1365 3823 1418 ποιού-

2242 1471 2420 1525 μενος,
2453 1456 2691 1525 εὐλόγως
2722 1460 2788 1512 ἐκ
2815 1458 2917 1528 τῆς
2962 1457 3099 1530 πρὸς
3129 1458 3226 1510 ἐνα
3249 1457 3413 1510 τόπον
3439 1457 3706 1529 ἐπιμονῆς
3731 1458 3825 1512 ὁτὲ

2241 1547 2339 1617 μὲν
2387 1545 2498 1600 τῶν
2548 1549 2869 1619 καυμάτων,
2917 1550 3008 1603 ὁτέ
3065 1549 3122 1604 δὲ
3170 1549 3265 1602 τοῦ
3316 1549 3522 1620 ψύχους
3573 1550 3824 1604 ἐπίτασιν

2239 1643 2493 1696 ποιεῖται.
2520 1641 2792 1712 Πρόδηλον
2820 1642 2877 1696 δέ
2912 1641 3070 1696 τοῦτο
3103 1641 3200 1694 καὶ
3235 1643 3301 1695 ἐκ
3339 1641 3448 1694 τῶν
3488 1641 3822 1712 ὡρολογίων.

2239 1730 2312 1782 Τὸ
2343 1730 2453 1802 γὰρ
2500 1730 2668 1802 ἀκρον
2717 1731 2820 1803 τῆς
2855 1732 2952 1785 τοῦ
2986 1731 3266 1803 γνὼμονος
3310 1734 3468 1796 σκιᾶς
3511 1732 3695 1804 σχεδὸν
3733 1735 3822 1803 ἐφ’

2235 1821 2448 1894 ἡμέρας
2469 1823 2537 1894 ’μ’
2569 1823 2818 1895 ἐπιμένει
2850 1828 2969 1888 ταῖς
3002 1826 3290 1897 τροπικαῖς
3337 1829 3642 1896 γραμμαῖς.
3685 1827 3826 1898 Περὶ

2233 1912 2290 1966 δὲ
2318 1913 2416 1977 τὰς
2461 1916 2750 1987 ἰσημερίας
2789 1916 3057 1986 ἑκατέρας
3089 1915 3324 1987 μεγάλαι
3360 1918 3418 1970 αἰ
3447 1916 3826 1991 Μραυξὴσεις

2233 2001 2340 2055 τῶν
2368 2005 2588 2074 ἡμερῶν
2630 2005 3094 2074 γίνονται··ὦστε
3152 2006 3251 2077 τὴν
3303 2007 3566 2079 ἐχομένην
3609 2008 3824 2080 ἡμέραν

2232 2093 2334 2163 τῆς
2378 2099 2796 2170 προηγουμένης
2845 2097 3120 2172 αἰσθητῶς
3168 2099 3594 2172 παραλλάσσειν.
3629 2102 3706 2154 Δι’
3753 2101 3824 2173 ἡν

2233 2188 2412 2242 αἰτίαν
2439 2193 2498 2244 ἐν
2534 2193 2646 2255 τοῖς
2675 2191 2986 2263 ὡρολογίοις
3011 2191 3074 2245 τὺ
3101 2193 3269 2264 ἄκρον
3296 2192 3398 2263 τῆς
3424 2192 3520 2248 τοῦ
3542 2193 3824 2266 γνώμονος

2235 2287 2394 2350 σκιᾶς
2416 2285 2526 2339 ἀπὺ
2544 2283 2636 2338 τοῦ
2667 2284 2983 2356 ἰσημερινοῦ
3011 2284 3214 2340 κύκλου
3244 2286 3507 2359 αἰσθητὰς
3535 2287 3659 2341 καθ’
3681 2288 3823 2360 ἡμέ-

2236 2395 2334 2450 ραν
2365 2377 2464 2442 τὰς
2500 2377 2830 2442 ἀποστάσεις
2855 2380 3102 2434 ποιεῖται.
3141 2379 3302 2434 Aleia
3337 2379 3395 2433 δέ
3437 2381 3554 2435 ἐστι
3594 2381 3694 2452 τῆς
3722 2382 3822 2435 άν-

2235 2468 2477 2540 ισότητος
2504 2469 2600 2522 καὶ
2620 2469 2719 2540 τῆς
2737 2467 2847 2522 τῶν
2869 2467 3090 2540 ἡμερῶν
3119 2466 3515 2542 παμυξὴσεως
3542 2470 3576 2540 ἡ
3598 2469 3825 2542 λοξότης

2231 2561 2326 2614 τοῦ
2365 2558 2630 2625 ζωδιακοῦ
2668 2559 2890 2613 κύκλου.
2925 2559 3046 2613 Τῶν
3097 2558 3197 2630 μὲν
3244 2559 3354 2632 γὰρ
3403 2560 3682 2632 τροπικῶν
3721 2560 3824 2614 κύ-

2231 2653 2374 2707 κλων
2401 2652 2724 2722 ἐφάπτεται,
2755 2651 2852 2706 καὶ
2891 2651 2987 2704 ἐπὶ
3035 2651 3168 2704 πολὺ
3217 2651 3393 2724 μῆκος
3419 2651 3530 2722 (97)
3567 2654 3602 2724 ἡ
3635 2652 3822 2726 ἐπαφὴ

2229 2743 2483 2798 διατείνει
2504 2759 2518 2772 ο
2552 2741 2694 2796 ὥστε
2729 2743 2786 2795 ἐν
2822 2740 3004 2812 πολλῷ
3035 2741 3186 2811 τόπῳ
3229 2741 3432 2814 μικράν
3466 2743 3576 2796 ἀπὸ
3601 2742 3696 2796 τοῦ
3726 2741 3821 2796 θε-

2235 2833 2382 2906 ρινοῦ
2409 2831 2675 2905 τροπικοῦ
2717 2831 2816 2903 τὴν
2857 2830 3160 2888 ἀπόστασιν
3201 2830 3469 2901 γίνεσθαι.
3513 2832 3824 2886 Ἀκολουθεὶ

2229 2927 2286 2979 δὲ
2315 2925 2494 2994 τούτῳ
2527 2925 2622 2978 καὶ
2671 2923 2771 2995 τὴν
2803 2923 3162 2995 παραλλαγὴν
3206 2922 3317 2976 τῶν
3366 2924 3695 2996 τμημάτων,
3743 2919 3823 2978 ὧν

2230 3019 2372 3092 ὑπὲρ
2407 3019 2508 3090 γῆν
2539 3019 2766 3090 φέρεται
2794 3019 2824 3072 ὁ
2855 3017 3008 3088 ἡλιος
3031 3059 3046 3084 ,
3073 3016 3276 3088 μικρὰν
3303 3017 3397 3071 καὶ
3423 3017 3823 3089 ἀνεπαίσθητον

545 3087 626 3158 pit
648 3089 719 3145 ab
743 3093 1114 3163 aequinoctiali
1143 3099 1487 3158 distantiam.
1524 3102 1606 3158 Ex
1639 3107 1744 3160 hoc
1773 3108 2025 3177 sequitur
2066 3116 2128 3164 ut

545 3178 708 3207 ,ωιτη-ιη
741 3195 933 3207 ..ι-ιη.--
967 3183 1174 3207 ΔΕΑ-μέ-
1217 3187 1304 3207 ηΑ.
1363 3206 1384 3207 η
1442 3201 1453 3207 -
1499 3193 1534 3207 ,ι
1769 3203 1780 3207 -

2232 3087 2496 3183 γίνεσθαι.
2529 3087 2652 3166 Ἐπί
2673 3113 2729 3166 δέ
2753 3111 2848 3166 τοῦ
2873 3087 3188 3182 ἰσημερινοῦ
3209 3111 3410 3167 κύκλου
3438 3113 3581 3207 τομὴ
3608 3087 3824 3184 γίνεται

543 3178 710 3233 etiam
738 3195 938 3254 magna
963 3183 1178 3243 dierum
1213 3187 1308 3244 fiat
1341 3193 1596 3260 mutatio,
1627 3203 1850 3266 propter
1877 3213 2130 3270 segmen-

543 3277 728 3327 torum
755 3288 1069 3344 excessum,
1123 3279 1182 3334 in
1209 3282 1410 3352 quibus
1439 3284 1524 3341 sol
1575 3285 1751 3342 fertur
1781 3305 1948 3360 supra
1987 3291 2132 3347 hori-

543 3371 786 3420 zontem.
817 3365 1049 3440 Propter
1081 3371 1226 3428 hanc
1266 3382 1449 3430 autem
1495 3391 1720 3435 causam
1765 3381 1910 3437 circa
1958 3384 2130 3453 tropi-

544 3468 646 3511 cos
699 3457 938 3516 circulos
978 3477 1148 3532 parva
1187 3473 1353 3537 atque
1397 3469 1742 3527 insensibilia
1787 3473 2126 3532 incrementa

541 3545 762 3602 dierum
806 3557 862 3605 et
907 3553 1151 3608 noctium
1196 3557 1581 3626 perficiuntur,
1616 3569 1671 3617 et
1733 3560 1846 3620 fere
1878 3565 2127 3622 eamdem

543 3639 908 3699 mutationem
941 3643 1148 3702 habent
1179 3647 1561 3707 incrementa:
1593 3661 1654 3708 ut
1683 3653 1945 3710 diurnum
1977 3658 2128 3713 circa

542 3729 936 3800 aequinoctium
981 3735 1380 3794 incrementum
1442 3740 1557 3798 fere
1614 3745 1884 3816 nonagies
1911 3747 1984 3802 sit
2011 3765 2128 3804 ma-

537 3821 636 3891 δυο
662 3821 863 3880 diurno
925 3825 1073 3883 circa
1127 3832 1518 3890 conversiones
1585 3836 1948 3895 incremento.
2015 3839 2124 3896 Ea-

543 3909 671 3966 dem
703 3919 786 3968 est
809 3915 949 3972 ratio
973 3924 1027 3972 et
1059 3918 1114 3972 in
1136 3919 1350 3976 diurnis
1400 3931 1456 3977 et
1494 3925 1552 3978 in
1604 3927 1928 3984 menstruis.
1976 3927 2126 3989 Sem-

542 4017 642 4073 per
665 4004 810 4060 enim
835 4016 1100 4076 quantum
1129 4009 1248 4066 dies
1271 4022 1526 4082 augetur,
1568 4021 1780 4070 tantum
1818 4018 1983 4073 etiam
2009 4036 2126 4079 nox.

545 4095 836 4156 minuitur.
865 4097 1033 4155 Fiunt
1061 4101 1208 4156 enim
1239 4102 1358 4160 dies
1383 4106 1640 4162 noctibus
1672 4107 1908 4179 majores
1937 4112 1992 4166 in
2026 4127 2120 4168 sex

541 4188 741 4258 signis,
763 4189 971 4259 Ariete,
1001 4191 1208 4260 Tauro,
1241 4194 1510 4263 Geminis,
1553 4200 1794 4266 Cancro,
1831 4201 2034 4271 Leone,
2067 4213 2122 4261 et

541 4277 789 4352 Virgine,
834 4283 930 4354 qui
970 4286 1354 4346 semicirculus
1399 4291 1608 4347 zodiaci
1657 4308 1688 4348 a
1741 4296 1918 4366 prima
1969 4306 2120 4368 parte

537 4365 746 4424 Arietis
774 4384 951 4440 usque
980 4372 1048 4427 ad
1099 4374 1436 4431 tricesimam
1486 4393 1695 4450 partem
1744 4365 1990 4456 Virginis
2035 4395 2121 4442 est

2229 3204 2324 3259 τοῦ
2362 3203 2629 3268 ζωδιακοῦ
2663 3203 2866 3258 κύκλου
2901 3206 3038 3277 πρὸς
3083 3207 3177 3261 τὸν
3228 3206 3576 3278 ἰσημερινόν*
3617 3207 3728 3260 ἀπὸ
3759 3208 3822 3261 δέ

2229 3295 2328 3365 τῆς
2347 3296 2521 3365 τομῆς
2553 3293 2795 3363 ἔγκλισις
2823 3295 2908 3366 ἐφ’
2939 3296 3179 3368 ἑκάτερα
3213 3296 3457 3368 μεγάλην
3480 3295 3751 3367 λαμϐάνει
3771 3297 3818 3329 ²⁹

2229 3386 2510 3439 διάστασιν
2545 3385 2656 3439 ἀπὺ
2707 3384 2801 3439 τοῦ
2857 3387 3194 3460 ἰσημερινοῦ·
3231 3386 3516 3442 ἀκολουθεί
3554 3387 3612 3441 δέ
3642 3387 3821 3460 τούτῳ

2230 3476 2324 3530 καὶ
2347 3473 2702 3546 παραλλαγὴν
2745 3474 2854 3529 τῶν
2893 3478 3120 3548 ἡμερῶν
3164 3478 3406 3550 μεγάλην
3439 3477 3686 3548 γίνεσθαι
3727 3479 3822 3534 διὰ

2228 3564 2326 3635 τὴν
2362 3565 2470 3620 τῶν
2515 3567 2820 3638 τμημάτων
2857 3569 3153 3641 ὑπεροχὴν,
3203 3563 3277 3624 ὧν
3317 3571 3544 3643 φέρεται
3591 3571 3622 3624 6
3666 3571 3821 3642 ἥλιος

2227 3656 2371 3729 ὑπὲρ
2395 3657 2518 3729 γῆν.
2560 3659 2660 3715 Διὰ
2687 3659 2745 3712 δέ
2793 3661 2894 3732 τὴν
2939 3662 3120 3716 αἰτίαν
3161 3662 3364 3734 ταύτην
3399 3665 3528 3736 περὶ
3565 3663 3669 3735 μὲν
3693 3683 3819 3736 τρο-

2227 3751 2422 3812 πικοὺς
2455 3749 2689 3816 κύκλους
2721 3751 2914 3822 μικραὶ
2948 3754 3043 3808 καὶ
3073 3753 3460 3826 ἀνεπαίσθητοι
3493 3758 3552 3809 αἱ
3600 3773 3818 3827 παραυο·

2227 3839 2414 3912 ξήσεις
2440 3840 2549 3895 τῶν
2581 3843 2806 3915 ἡμερῶν
2849 3844 2944 3898 καὶ
2989 3844 3098 3900 τῶν
3152 3846 3363 3900 νυκτῶν
3417 3847 3813 3913 ἐπιτελοῦνται,

2225 3934 2320 3986 καί
2353 3933 2540 4014 σχεδὸν
2563 3935 2662 4006 τὴν
2698 3937 2868 4008 αὐτὴν
2894 3937 3250 4011 παραλλαγὴν
3284 3939 3498 4012 ἔχουσιν
3519 3944 3575 3995 αἱ
3597 3959 3815 4014 παραυ-

2226 4008 2450 4098 ξήσειςο
2487 4026 2628 4082 ὥστε
2679 4029 2779 4100 τὴν
2837 4029 3144 4103 ἡμερησίαν
3194 4008 3346 4105 περί⁷
3374 4033 3474 4106 τὴν
3523 4008 3814 4107 ἰσημερίαν

2224 4117 2567 4190 παραύξησιν
2641 4119 2826 4189 σχεδὸν
2902 4122 3455 4195 ἐνενηκονταπλάσιον
3515 4123 3656 4182 εἶναι
3713 4129 3814 4200 τῆς

2223 4210 2532 4282 ἡμερησίας
2583 4213 2712 4283 περὶ
2757 4212 2968 4284 τροπὰς
3011 4216 3426 4290 παραυξήσεως.
3467 4216 3530 4274 Ὀ
3561 4219 3618 4276 δὲ
3649 4221 3816 4285 αὐτὸς

2221 4301 2378 4371 λόγος
2433 4303 2526 4357 καὶ
2588 4304 2683 4357 ἐπὶ
2731 4304 2841 4360 τῶν
2887 4309 3208 4380 ἡμερησίων
3255 4311 3350 4364 καὶ
3401 4312 3494 4364 ἐπὶ
3543 4310 3653 4367 τῶν
3705 4330 3813 4384 μη·-

2221 4391 2408 4446 νιαίων
2442 4393 2506 4448 ³⁰.
2543 4395 2656 4448 ’Δεὶ
2698 4394 2807 4468 γὰρ
2829 4396 2954 4450 ὅσον
2981 4400 3014 4470 ἡ
3038 4399 3220 4471 ἡμέρα
3252 4400 3540 4483 παραύξει,
3591 4402 3814 4459 τοσοῦτο

539 4459 796 4517 barealis.
831 4461 1051 4522 Rursus
1075 4475 1266 4524 noctes
1287 4471 1482 4528 diebus
1513 4481 1640 4528 sunt
1672 4477 1906 4546 majores
1938 4480 1996 4534 in
2031 4497 2120 4536 re-

2232 4483 2318 4536 mi
2343 4485 2375 4554 ἡ
2408 4483 2505 4550 νὺξ
2533 4459 2799 4556 μειοῦται..
2835 4459 3213 4562 Γίνονταιιγάρ
3243 4508 3306 4561 με
3318 4459 3502 4557 ίίξονες
3523 4459 3580 4547 αἰ
3607 4493 3812 4565 ἡμέραι

538 4551 705 4622 liquis
727 4553 922 4624 signis,
956 4555 1144 4628 Libra,
1176 4560 1428 4634 Scorpio,
1463 4563 1778 4638 Sagittario,
1823 4571 2116 4642 Capricor-

536 4660 632 4712 no,
669 4643 914 4718 Aquario
961 4659 1016 4706 et
1057 4649 1334 4725 Piscibus,
1371 4657 1464 4729 qui
1496 4674 1694 4716 rursus
1736 4663 2114 4720 semicirculus

608 4802 656 4836 ”
693 4823 784 4876 π).
815 4805 1220 4879 λαμϐάνουσαν.
1273 4811 1325 4844 ³⁵
1353 4813 1396 4883 Ῑ.
1433 4817 1714 4886 νυχιαίων.

604 4962 718 5047 (2⁵)
759 4963 940 5047 ἶορῖτε
991 4967 1219 5047 σκεδεδγ
1259 4969 1353 5047 ἑξέἶ
1377 4969 1606 5047 ἡμέρας
1620 4979 1704 5047 μ’.
1763 4971 2008 5047 Scaliger
2061 4979 2118 5034 in

533 5032 790 5090 Notis'ad
821 5032 1110 5093 librum't'u
1147 5032 1372 5105 Manilii,
1403 5032 1686 5097 verba—illa
1710 5054 1882 5114 poetae
1911 5032 1936 5104 ἶ

643 5123 866 5199 Statque
895 5145 999 5183 uno
1019 5141 1216 5184 natura
1249 5131 1386 5199 loco,
1415 5132 1734 5205 paulumque
1755 5139 2014 5206 quiescit;

534 5218 602 5272 ad
647 5234 712 5272 ea
761 5219 951 5286 refert,
989 5238 1111 5289 quae
1163 5223 1268 5278 hoc
1319 5225 1440 5279 loco
1467 5223 1731 5282 Geminus
1775 5229 1844 5284 de
1881 5231 2118 5287 solstitio

2221 4576 2330 4631 τῶν
2362 4577 2570 4633 νυκτῶν
2599 4583 2659 4634 ἐν
2707 4579 2771 4645 ἐξ
2792 4581 3025 4649 ζωδίοις,
3050 4585 3225 4656 Χριῷ,
3269 4585 3491 4657 Ταύρῳ,
3533 4585 3810 4659 Διδύμοις,

2222 4670 2508 4742 Καρκίνῳ,
2548 4671 2762 4740 Λέοντι,
2797 4673 3094 4748 Παρθένῳο
3136 4677 3275 4750 ὅπερ
3333 4677 3660 4750 ἡμικύκλιον
3713 4677 3808 4733 τοῦ

2223 4980 2376 5105 ροισι
2423 4983 2676 5053 generale
2712 4984 2986 5054 quoddam
3023 5000 3236 5048 natura;
3288 4993 3562 5063 iustitium
3611 4995 3812 5052 indici-

2247 5067 2312 5105 lll‘
2335 5070 2352 5105 ζ

2247 5067 2352 5106 lll‘:

2234 5145 2379 5219 Tum
2402 5145 2530 5216 riget
2557 5147 2724 5202 omnis
2757 5164 2901 5219 ager,
2917 5150 3160 5207 clausum
3189 5172 3354 5216 mare.
3373 5157 3586 5211 condita
3602 5168 3807 5214 castra.

2231 5211 2346 5267 Nec
2383 5211 2612 5270 tolerant
2643 5211 2843 5274 medius
2877 5211 3069 5277 hiemes
3097 5211 3368 5280 horrentia
3397 5243 3555 5282 saxa.

533 5289 801 5368 proximis
853 5283 1138 5368 mensibus
1191 5297 1699 5368 narrat,inimirum
1761 5283 1837 5354 xl.
1882 5283 2122 5358 Vcir‘citer

2232 5283 2452 5355 Statque
2486 5303 2588 5342 uno
2617 5299 2812 5344 natura
2835 5293 2970 5354 loco,
3003 5295 3320 5366 paulumque
3340 5299 3578 5368 quiescit.

534 5359 654 5436 dies
692 5375 831 5436 pene
881 5362 1164 5436 immotum
1192 5365 1246 5418 in
1291 5367 1500 5436 tropico
1549 5369 1758 5422 circulo
1810 5373 2118 5429 consiSIcrc

532 5431 815 5504 solemni);
841 5431 1271 5504 πρδςαῐσθησιν.
1301 5431 1406 5490 Sed
1431 5437 1666 5492 alienqu
1697 5439 1750 5494 id
1775 5449 1860 5495 est
1879 5457 1908 5494 a
1936 5452 2117 5498 mente

534 5497 898 5582 Manilii,_qui_'
917 5503 986 5558 de
1012 5497 1244 5560 hiberno
1273 5517 1515 5577 tempore
1545 5509 1810 5582 loquitur,
1844 5527 1940 5581 per
1967 5497 2114 5582 quod

533 5569 706 5648 maria
736 5569 1102 5641 clauduntur;
1132 5591 1240 5648 nec
1281 5569 1401 5631 non'
1421 5585 1565 5632 terra
1599 5569 1716 5648 ipsa
1755 5569 1936 5638 minus
1971 5569 2115 5639 ultro

533 5639 780 5720 citroque
817 5639 1253 5720 commeantibus
1286 5659 1450 5717 patet.
1477 5639 1640 5720 Certe
1663 5659 1886 5720 praptcr
1919 5653 2132 5710 hiemis-

533 5707 944 5788 lnclcfnentiam
983 5718 1141 5770 tectis
1179 5707 1304 5788 sese
1347 5719 1629 5774 continent
1663 5707 1950 5788 "homines,
1990 5707 2111 5778 feta

535 5779 695 5836 bellis
743 5780 1054 5852 abstinent;
1105 5801 1170 5842 ac
1214 5787 1317 5845 sub
1353 5789 1588 5861 pellibus
1639 5789 1881 5850 hiemant
1916 5779 1950 5852 ι’
1985 5795 2108 5853 ideo

2296 5376 2408 5464 (9'6)
2441 5379 2604 5434 Κατὰ
2650 5381 2756 5448 τὰς
2785 5385 3008 5452 τροπὰς
3049 5387 3292 5457 γίνεται.
3344 5387 3658 5462 Legendum
3721 5398 3806 5446 est

2294 5465 2406 5590 (ἐξ)
2441 5522 2549 5603 Κτιί
2583 5523 2691 5603 ἐπὶ.
2724 5524 2882 5579 πολὺ
2901 5525 3130 5603 μῆκος.Δ
3157 5528 3368 5603 Nempe
3419 5531 3496 5594 ὡς
3540 5531 3678 5603 πρὸς
3716 5531 3806 5585 αῖ-

2221 5588 2433 5659 σθησιν,
2463 5601 2534 5670 ιιι
2569 5595 2730 5664 paulo
2760 5588 3318 5670 antefdi'xigAlioqui
3355 5602 3407 5654 in
3441 5588 3550 5655 uno
3587 5588 3802 5670 lautum

2213 5663 2520 5789 Βιιὲἱειαὶ
2555 5673 2852 5721 contactus
2898 5669 3008 5724 ille.
3048 5667 3186 5728 Vide
3223 5663 3596 5743 Hipparchum
3632 5672 3728 5729 lib.
3758 5667 3800 5740 i,

2253 5747 2287 5784 u
2351 5772 2365 5787 .
2527 5774 2543 5788 .

2253 5747 2365 5787 um.
2401 5747 2517 5788 ᾸᾹΙ
2527 5774 2543 5788 ο
