  <div class='ocr_page' id='page_1' title='image "/cluster/home/n/w/nwhite01/storage/ocr_20150623/19:no.1/coo.31924054872993/418.png"; bbox 0 0 4146 6430; ppageno 0'>
   <div class='ocr_carea' id='block_1_1' title="bbox 406 328 2007 425">
    <p class='ocr_par' dir='ltr' id='par_1_1' title="bbox 406 330 2007 392">
     <span class='ocr_line' id='line_1_1' title="bbox 406 330 2007 392; baseline -0.004 -2"><span class='ocrx_word' id='word_1_1' title='bbox 406 336 505 392; x_wconf 70' lang='lat'><strong>795</strong></span> <span class='ocrx_word' id='word_1_2' title='bbox 1439 330 1683 388; x_wconf 71' lang='lat' dir='ltr'><strong>GEMINI</strong></span> <span class='ocrx_word' id='word_1_3' title='bbox 1722 330 1905 384; x_wconf 72' lang='lat' dir='ltr'><strong>ELEM</strong></span> <span class='ocrx_word' id='word_1_4' title='bbox 1916 330 2007 384; x_wconf 76' lang='lat' dir='ltr'><strong>EN‘</strong></span> 
     </span>
    </p>
   </div>
   <div class='ocr_carea' id='block_1_2' title="bbox 2109 328 3678 425">
    <p class='ocr_par' dir='ltr' id='par_1_2' title="bbox 2133 328 3678 425">
     <span class='ocr_line' id='line_1_2' title="bbox 2133 328 3678 425; baseline 0.001 -39"><span class='ocrx_word' id='word_1_5' title='bbox 2133 331 2634 425; x_wconf 68' lang='lat' dir='ltr'><strong>ASTRQNOMLE.</strong></span> <span class='ocrx_word' id='word_1_6' title='bbox 3564 328 3678 389; x_wconf 64' lang='grc'><strong>’194</strong></span> 
     </span>
    </p>
   </div>
   <div class='ocr_carea' id='block_1_3' title="bbox 406 446 2007 523">
    <p class='ocr_par' dir='ltr' id='par_1_3' title="bbox 406 446 1993 523">
     <span class='ocr_line' id='line_1_3' title="bbox 406 446 1993 523; baseline -0.004 -19"><span class='ocrx_word' id='word_1_7' title='bbox 406 449 668 517; x_wconf 74' lang='grc' dir='ltr'><strong>ζωδιακοῦ</strong></span> <span class='ocrx_word' id='word_1_8' title='bbox 699 450 900 505; x_wconf 84' lang='grc' dir='ltr'>κύκλου</span> <span class='ocrx_word' id='word_1_9' title='bbox 944 451 1051 504; x_wconf 77' lang='grc' dir='ltr'>ἀπὸ</span> <span class='ocrx_word' id='word_1_10' title='bbox 1101 446 1325 523; x_wconf 80' lang='grc' dir='ltr'>πρωτης</span> <span class='ocrx_word' id='word_1_11' title='bbox 1377 450 1570 521; x_wconf 82' lang='grc' dir='ltr'>μοίρας</span> <span class='ocrx_word' id='word_1_12' title='bbox 1604 446 1776 519; x_wconf 81' lang='grc' dir='ltr'>Κριοῦ</span> <span class='ocrx_word' id='word_1_13' title='bbox 1828 447 1993 518; x_wconf 88' lang='grc' dir='ltr'>μέχρι</span> 
     </span>
    </p>
   </div>
   <div class='ocr_carea' id='block_1_4' title="bbox 2109 446 3677 523">
    <p class='ocr_par' dir='ltr' id='par_1_4' title="bbox 2109 447 3677 520">
     <span class='ocr_line' id='line_1_4' title="bbox 2109 447 3677 520; baseline 0.002 -20"><span class='ocrx_word' id='word_1_14' title='bbox 2109 447 2306 503; x_wconf 79' lang='lat' dir='ltr'><strong>zodiaci</strong></span> <span class='ocrx_word' id='word_1_15' title='bbox 2342 464 2371 502; x_wconf 90' lang='lat' dir='ltr'><strong>a</strong></span> <span class='ocrx_word' id='word_1_16' title='bbox 2395 451 2573 520; x_wconf 90' lang='lat' dir='ltr'><strong>prima</strong></span> <span class='ocrx_word' id='word_1_17' title='bbox 2598 457 2753 520; x_wconf 84' lang='lat' dir='ltr'><strong>parte</strong></span> <span class='ocrx_word' id='word_1_18' title='bbox 2780 449 2958 505; x_wconf 72' lang='lat' dir='ltr'><strong>Lihrte</strong></span> <span class='ocrx_word' id='word_1_19' title='bbox 2989 464 3162 520; x_wconf 85' lang='lat' dir='ltr'><strong>usque</strong></span> <span class='ocrx_word' id='word_1_20' title='bbox 3201 448 3270 504; x_wconf 89' lang='lat' dir='ltr'><strong>ad</strong></span> <span class='ocrx_word' id='word_1_21' title='bbox 3301 448 3543 505; x_wconf 81' lang='lat' dir='ltr'><strong>Piscium</strong></span> <span class='ocrx_word' id='word_1_22' title='bbox 3572 457 3677 504; x_wconf 82' lang='lat' dir='ltr'><strong>tri-</strong></span> 
     </span>
    </p>
   </div>
   <div class='ocr_carea' id='block_1_5' title="bbox 408 536 2007 613">
    <p class='ocr_par' dir='ltr' id='par_1_5' title="bbox 408 536 1993 613">
     <span class='ocr_line' id='line_1_5' title="bbox 408 536 1993 613; baseline -0.004 -18"><span class='ocrx_word' id='word_1_23' title='bbox 408 540 686 613; x_wconf 75' lang='grc' dir='ltr'>Ηαρθένου</span> <span class='ocrx_word' id='word_1_24' title='bbox 740 542 936 612; x_wconf 78' lang='grc' dir='ltr'><strong>μοίρας</strong></span> <span class='ocrx_word' id='word_1_25' title='bbox 961 542 1003 595; x_wconf 86' lang='grc' dir='ltr'>λ’</span> <span class='ocrx_word' id='word_1_26' title='bbox 1052 540 1257 612; x_wconf 85' lang='grc' dir='ltr'>βόρειόν</span> <span class='ocrx_word' id='word_1_27' title='bbox 1298 544 1434 596; x_wconf 79' lang='grc' dir='ltr'>ἐστι.</span> <span class='ocrx_word' id='word_1_28' title='bbox 1484 538 1652 594; x_wconf 83' lang='grc' dir='ltr'>Πάλιν</span> <span class='ocrx_word' id='word_1_29' title='bbox 1692 540 1747 591; x_wconf 78' lang='grc' dir='ltr'>αἱ</span> <span class='ocrx_word' id='word_1_30' title='bbox 1798 536 1993 601; x_wconf 79' lang='grc' dir='ltr'>νύκτες</span> 
     </span>
    </p>
   </div>
   <div class='ocr_carea' id='block_1_6' title="bbox 2109 536 3675 613">
    <p class='ocr_par' dir='ltr' id='par_1_6' title="bbox 2109 539 3675 611">
     <span class='ocr_line' id='line_1_6' title="bbox 2109 539 3675 611; baseline 0.003 -18"><span class='ocrx_word' id='word_1_31' title='bbox 2109 539 2362 594; x_wconf 83' lang='lat' dir='ltr'><strong>:esimam</strong></span> <span class='ocrx_word' id='word_1_32' title='bbox 2411 549 2621 611; x_wconf 88' lang='lat' dir='ltr'><strong>partem</strong></span> <span class='ocrx_word' id='word_1_33' title='bbox 2660 543 2920 597; x_wconf 72' lang='lat' dir='ltr'><strong>australis</strong></span> <span class='ocrx_word' id='word_1_34' title='bbox 2955 552 3060 597; x_wconf 90' lang='lat' dir='ltr'><strong>est.</strong></span> <span class='ocrx_word' id='word_1_35' title='bbox 3105 543 3512 611; x_wconf 71' lang='lat' dir='ltr'><strong>[incrementum</strong></span> <span class='ocrx_word' id='word_1_36' title='bbox 3543 556 3675 597; x_wconf 85' lang='lat' dir='ltr'><strong>vero</strong></span> 
     </span>
    </p>
   </div>
   <div class='ocr_carea' id='block_1_7' title="bbox 415 628 2007 705">
    <p class='ocr_par' dir='ltr' id='par_1_7' title="bbox 415 628 1993 705">
     <span class='ocr_line' id='line_1_7' title="bbox 415 628 1993 705; baseline -0.003 -19"><span class='ocrx_word' id='word_1_37' title='bbox 415 633 510 686; x_wconf 80' lang='grc' dir='ltr'><strong>τῶν</strong></span> <span class='ocrx_word' id='word_1_38' title='bbox 549 633 769 705; x_wconf 77' lang='grc' dir='ltr'>ἡμερῶν</span> <span class='ocrx_word' id='word_1_39' title='bbox 804 634 1046 704; x_wconf 78' lang='grc' dir='ltr'>μείζονες</span> <span class='ocrx_word' id='word_1_40' title='bbox 1096 635 1189 687; x_wconf 74' lang='grc' dir='ltr'>ἐπὶ</span> <span class='ocrx_word' id='word_1_41' title='bbox 1232 638 1353 697; x_wconf 76' lang='grc' dir='ltr'>τοῖς</span> <span class='ocrx_word' id='word_1_42' title='bbox 1396 629 1849 702; x_wconf 84' lang='grc' dir='ltr'>ἁπολειπομένοις</span> <span class='ocrx_word' id='word_1_43' title='bbox 1888 628 1993 695; x_wconf 78' lang='grc' dir='ltr'><strong>ζω-</strong></span> 
     </span>
    </p>
   </div>
   <div class='ocr_carea' id='block_1_8' title="bbox 2109 628 3677 705">
    <p class='ocr_par' dir='ltr' id='par_1_8' title="bbox 2109 629 3677 705">
     <span class='ocr_line' id='line_1_8' title="bbox 2109 629 3677 705; baseline 0.001 -21"><span class='ocrx_word' id='word_1_44' title='bbox 2109 629 2308 685; x_wconf 82' lang='lat' dir='ltr'><strong>iierum</strong></span> <span class='ocrx_word' id='word_1_45' title='bbox 2360 631 2419 687; x_wconf 85' lang='lat' dir='ltr'><strong>ﬁt</strong></span> <span class='ocrx_word' id='word_1_46' title='bbox 2452 648 2483 687; x_wconf 90' lang='lat' dir='ltr'><strong>a</strong></span> <span class='ocrx_word' id='word_1_47' title='bbox 2511 634 2685 704; x_wconf 90' lang='lat' dir='ltr'><strong>prima</strong></span> <span class='ocrx_word' id='word_1_48' title='bbox 2710 643 2863 704; x_wconf 89' lang='lat' dir='ltr'><strong>parte</strong></span> <span class='ocrx_word' id='word_1_49' title='bbox 2882 633 3203 705; x_wconf 87' lang='lat' dir='ltr'><strong>Capricorni</strong></span> <span class='ocrx_word' id='word_1_50' title='bbox 3231 632 3299 688; x_wconf 86' lang='lat' dir='ltr'><strong>ad</strong></span> <span class='ocrx_word' id='word_1_51' title='bbox 3320 631 3677 687; x_wconf 78' lang='lat' dir='ltr'><strong>Geminorum</strong></span> 
     </span>
    </p>
   </div>
   <div class='ocr_carea' id='block_1_9' title="bbox 407 719 1988 799">
    <p class='ocr_par' dir='ltr' id='par_1_9' title="bbox 407 719 1988 799">
     <span class='ocr_line' id='line_1_9' title="bbox 407 719 1988 799; baseline 0.003 -22"><span class='ocrx_word' id='word_1_52' title='bbox 407 724 556 788; x_wconf 83' lang='grc' dir='ltr'>δίοις,</span> <span class='ocrx_word' id='word_1_53' title='bbox 587 725 765 797; x_wconf 87' lang='grc' dir='ltr'>Ζυγῷ,</span> <span class='ocrx_word' id='word_1_54' title='bbox 790 726 1061 798; x_wconf 84' lang='grc' dir='ltr'>Σκορπίῳ,</span> <span class='ocrx_word' id='word_1_55' title='bbox 1092 725 1315 799; x_wconf 77' lang='grc' dir='ltr'>Τοξότῃ,</span> <span class='ocrx_word' id='word_1_56' title='bbox 1343 725 1649 794; x_wconf 82' lang='grc' dir='ltr'>Αίγόκερῳ,</span> <span class='ocrx_word' id='word_1_57' title='bbox 1698 719 1988 792; x_wconf 72' lang='grc' dir='ltr'>’Υδροχόίρο</span> 
     </span>
    </p>
   </div>
   <div class='ocr_carea' id='block_1_10' title="bbox 2094 724 3679 798">
    <p class='ocr_par' dir='ltr' id='par_1_10' title="bbox 2094 724 3679 798">
     <span class='ocr_line' id='line_1_10' title="bbox 2094 724 3679 798; baseline 0.003 -22"><span class='ocrx_word' id='word_1_58' title='bbox 2094 724 2432 779; x_wconf 89' lang='lat' dir='ltr'><strong>tricesimam</strong></span> <span class='ocrx_word' id='word_1_59' title='bbox 2494 733 2746 796; x_wconf 85' lang='lat' dir='ltr'><strong>partem:</strong></span> <span class='ocrx_word' id='word_1_60' title='bbox 2780 727 2926 798; x_wconf 91' lang='lat' dir='ltr'><strong>quod</strong></span> <span class='ocrx_word' id='word_1_61' title='bbox 2971 726 3260 782; x_wconf 87' lang='lat' dir='ltr'><strong>dimidium</strong></span> <span class='ocrx_word' id='word_1_62' title='bbox 3325 733 3412 782; x_wconf 87' lang='lat' dir='ltr'><strong>est</strong></span> <span class='ocrx_word' id='word_1_63' title='bbox 3465 724 3679 780; x_wconf 78' lang='lat' dir='ltr'><strong>zodiaci</strong></span> 
     </span>
    </p>
   </div>
   <div class='ocr_carea' id='block_1_11' title="bbox 418 813 2307 892">
    <p class='ocr_par' dir='ltr' id='par_1_11' title="bbox 418 813 2307 892">
     <span class='ocr_line' id='line_1_11' title="bbox 418 813 2307 892; baseline 0.001 -22"><span class='ocrx_word' id='word_1_64' title='bbox 418 816 683 889; x_wconf 77' lang='grc' dir='ltr'><strong>Ἰχθύσιν·</strong></span> <span class='ocrx_word' id='word_1_65' title='bbox 717 820 853 892; x_wconf 78' lang='grc' dir='ltr'>ὅπερ</span> <span class='ocrx_word' id='word_1_66' title='bbox 903 819 1064 874; x_wconf 87' lang='grc' dir='ltr'>πάλιν</span> <span class='ocrx_word' id='word_1_67' title='bbox 1112 820 1436 891; x_wconf 80' lang='grc' dir='ltr'><strong>ἡμικύκλιον</strong></span> <span class='ocrx_word' id='word_1_68' title='bbox 1483 818 1579 872; x_wconf 69' lang='grc' dir='ltr'>τοῦ</span> <span class='ocrx_word' id='word_1_69' title='bbox 1600 813 1866 881; x_wconf 75' lang='grc' dir='ltr'><strong>ζωδιακοῦ</strong></span> <span class='ocrx_word' id='word_1_70' title='bbox 1900 813 1996 867; x_wconf 90' lang='grc' dir='ltr'>κύ-</span> <span class='ocrx_word' id='word_1_71' title='bbox 2092 816 2307 872; x_wconf 89' lang='lat' dir='ltr'><strong>circuli.</strong></span> 
     </span>
    </p>
   </div>
   <div class='ocr_carea' id='block_1_12' title="bbox 410 906 3681 984">
    <p class='ocr_par' dir='ltr' id='par_1_12' title="bbox 410 906 3681 984">
     <span class='ocr_line' id='line_1_12' title="bbox 410 906 3681 984; baseline 0 -22"><span class='ocrx_word' id='word_1_72' title='bbox 410 912 534 963; x_wconf 56' lang='grc' dir='ltr'>πλευ</span> <span class='ocrx_word' id='word_1_73' title='bbox 566 911 673 965; x_wconf 85' lang='grc' dir='ltr'>ἀπὸ</span> <span class='ocrx_word' id='word_1_74' title='bbox 700 911 874 980; x_wconf 79' lang='grc' dir='ltr'>Ζυγοῦ</span> <span class='ocrx_word' id='word_1_75' title='bbox 917 912 1140 983; x_wconf 81' lang='grc' dir='ltr'>πρώτης</span> <span class='ocrx_word' id='word_1_76' title='bbox 1210 914 1404 984; x_wconf 83' lang='grc' dir='ltr'>μοίρας</span> <span class='ocrx_word' id='word_1_77' title='bbox 1450 911 1645 982; x_wconf 80' lang='grc' dir='ltr'>μέχρις</span> <span class='ocrx_word' id='word_1_78' title='bbox 1702 906 1921 978; x_wconf 78' lang='grc' dir='ltr'>Ἰχθύων</span> <span class='ocrx_word' id='word_1_79' title='bbox 1971 906 2165 978; x_wconf 85' lang='grc' dir='ltr'>μοίρας</span> <span class='ocrx_word' id='word_1_80' title='bbox 2205 908 2247 962; x_wconf 88' lang='grc' dir='ltr'>λ’</span> <span class='ocrx_word' id='word_1_81' title='bbox 2287 910 2459 964; x_wconf 85' lang='grc' dir='ltr'>νότιόν</span> <span class='ocrx_word' id='word_1_82' title='bbox 2504 914 2641 965; x_wconf 78' lang='grc' dir='ltr'>ἐστι.</span> <span class='ocrx_word' id='word_1_83' title='bbox 2683 911 3035 983; x_wconf 78' lang='grc' dir='ltr'>Παραύξησις</span> <span class='ocrx_word' id='word_1_84' title='bbox 3072 908 3130 965; x_wconf 66' lang='grc' dir='ltr'>δῖε</span> <span class='ocrx_word' id='word_1_85' title='bbox 3164 914 3400 983; x_wconf 75' lang='grc' dir='ltr'>⁴ήμερων</span> <span class='ocrx_word' id='word_1_86' title='bbox 3467 909 3681 979; x_wconf 80' lang='grc' dir='ltr'>γίνεται</span> 
     </span>
    </p>
   </div>
   <div class='ocr_carea' id='block_1_13' title="bbox 411 1003 3679 1082">
    <p class='ocr_par' dir='ltr' id='par_1_13' title="bbox 411 1003 3679 1082">
     <span class='ocr_line' id='line_1_13' title="bbox 411 1003 3679 1082; baseline 0 -23"><span class='ocrx_word' id='word_1_87' title='bbox 411 1008 514 1059; x_wconf 70' lang='grc' dir='ltr'>ἀπὸ</span> <span class='ocrx_word' id='word_1_88' title='bbox 562 1007 782 1079; x_wconf 83' lang='grc' dir='ltr'>πρώτης</span> <span class='ocrx_word' id='word_1_89' title='bbox 854 1009 1048 1081; x_wconf 79' lang='grc' dir='ltr'>μοίρας</span> <span class='ocrx_word' id='word_1_90' title='bbox 1081 1011 1360 1082; x_wconf 81' lang='grc' dir='ltr'>Αίγόκερω</span> <span class='ocrx_word' id='word_1_91' title='bbox 1411 1010 1573 1081; x_wconf 87' lang='grc' dir='ltr'>μέχρι</span> <span class='ocrx_word' id='word_1_92' title='bbox 1600 1007 1846 1078; x_wconf 81' lang='grc' dir='ltr'>Διδύμων</span> <span class='ocrx_word' id='word_1_93' title='bbox 1894 1003 2087 1076; x_wconf 83' lang='grc' dir='ltr'>μοίρας</span> <span class='ocrx_word' id='word_1_94' title='bbox 2124 1010 2481 1080; x_wconf 82' lang='grc' dir='ltr'><strong>τριακοστῆς·</strong></span> <span class='ocrx_word' id='word_1_95' title='bbox 2524 1010 2660 1081; x_wconf 86' lang='grc' dir='ltr'>ὅπερ</span> <span class='ocrx_word' id='word_1_96' title='bbox 2710 1011 2857 1063; x_wconf 73' lang='grc' dir='ltr'>ἐστὶν</span> <span class='ocrx_word' id='word_1_97' title='bbox 2896 1008 3221 1081; x_wconf 82' lang='grc' dir='ltr'>ἡμικύκλιον</span> <span class='ocrx_word' id='word_1_98' title='bbox 3261 1008 3353 1063; x_wconf 80' lang='grc' dir='ltr'>τοῦ</span> <span class='ocrx_word' id='word_1_99' title='bbox 3408 1006 3679 1072; x_wconf 77' lang='grc' dir='ltr'>ζωδιακοῦ</span> 
     </span>
    </p>
   </div>
   <div class='ocr_carea' id='block_1_14' title="bbox 410 1098 633 1154">
    <p class='ocr_par' dir='ltr' id='par_1_14' title="bbox 410 1098 633 1154">
     <span class='ocr_line' id='line_1_14' title="bbox 410 1098 633 1154; baseline 0.013 -3"><span class='ocrx_word' id='word_1_100' title='bbox 410 1098 633 1154; x_wconf 75' lang='grc' dir='ltr'>κύκλου.</span> 
     </span>
    </p>
   </div>
   <div class='ocr_carea' id='block_1_15' title="bbox 494 1190 1994 1265">
    <p class='ocr_par' dir='ltr' id='par_1_15' title="bbox 494 1190 1994 1265">
     <span class='ocr_line' id='line_1_15' title="bbox 494 1190 1994 1265; baseline -0.001 -21"><span class='ocrx_word' id='word_1_101' title='bbox 494 1192 625 1245; x_wconf 81' lang='grc' dir='ltr'><strong>Ἀπὸ</strong></span> <span class='ocrx_word' id='word_1_102' title='bbox 656 1192 713 1245; x_wconf 85' lang='grc' dir='ltr'>δὲ</span> <span class='ocrx_word' id='word_1_103' title='bbox 740 1192 839 1262; x_wconf 84' lang='grc' dir='ltr'>τῆς</span> <span class='ocrx_word' id='word_1_104' title='bbox 885 1194 1093 1265; x_wconf 83' lang='grc' dir='ltr'>τροπῆς</span> <span class='ocrx_word' id='word_1_105' title='bbox 1131 1194 1446 1265; x_wconf 72' lang='grc' dir='ltr'>χειμερινῆς</span> <span class='ocrx_word' id='word_1_106' title='bbox 1476 1194 1635 1265; x_wconf 85' lang='grc' dir='ltr'>μέχρι</span> <span class='ocrx_word' id='word_1_107' title='bbox 1660 1192 1869 1264; x_wconf 71' lang='grc' dir='ltr'>τροπῆς</span> <span class='ocrx_word' id='word_1_108' title='bbox 1906 1190 1994 1243; x_wconf 87' lang='grc' dir='ltr'>θε-</span> 
     </span>
    </p>
   </div>
   <div class='ocr_carea' id='block_1_16' title="bbox 413 1282 2024 1356">
    <p class='ocr_par' dir='ltr' id='par_1_16' title="bbox 413 1282 2024 1356">
     <span class='ocr_line' id='line_1_16' title="bbox 413 1282 2024 1356; baseline 0.001 -22"><span class='ocrx_word' id='word_1_109' title='bbox 413 1283 566 1355; x_wconf 78' lang='grc' dir='ltr'>ρινῆς</span> <span class='ocrx_word' id='word_1_110' title='bbox 594 1283 936 1356; x_wconf 80' lang='grc' dir='ltr'>παραύξησις</span> <span class='ocrx_word' id='word_1_111' title='bbox 996 1284 1219 1355; x_wconf 81' lang='grc' dir='ltr'>ἡμερῶν</span> <span class='ocrx_word' id='word_1_112' title='bbox 1268 1284 1495 1353; x_wconf 86' lang='grc' dir='ltr'>γίνεται.</span> <span class='ocrx_word' id='word_1_113' title='bbox 1543 1282 1889 1356; x_wconf 81' lang='grc' dir='ltr'>Παραύξησις</span> <span class='ocrx_word' id='word_1_114' title='bbox 1936 1282 2024 1347; x_wconf 58' lang='grc' dir='ltr'>δὲ,</span> 
     </span>
    </p>
   </div>
   <div class='ocr_carea' id='block_1_17' title="bbox 414 1374 1994 1450">
    <p class='ocr_par' dir='ltr' id='par_1_17' title="bbox 414 1374 1994 1450">
     <span class='ocr_line' id='line_1_17' title="bbox 414 1374 1994 1450; baseline 0 -23"><span class='ocrx_word' id='word_1_115' title='bbox 414 1374 621 1428; x_wconf 83' lang='grc' dir='ltr'>νυκτῶν</span> <span class='ocrx_word' id='word_1_116' title='bbox 651 1376 856 1444; x_wconf 86' lang='grc' dir='ltr'>γίνεται</span> <span class='ocrx_word' id='word_1_117' title='bbox 887 1378 994 1431; x_wconf 87' lang='grc' dir='ltr'><strong>ἀπὸ</strong></span> <span class='ocrx_word' id='word_1_118' title='bbox 1029 1377 1302 1450; x_wconf 80' lang='grc' dir='ltr'>Καρκίνου</span> <span class='ocrx_word' id='word_1_119' title='bbox 1346 1375 1566 1449; x_wconf 81' lang='grc' dir='ltr'><strong>πρώτης</strong></span> <span class='ocrx_word' id='word_1_120' title='bbox 1610 1376 1801 1446; x_wconf 85' lang='grc' dir='ltr'>μοίρας</span> <span class='ocrx_word' id='word_1_121' title='bbox 1832 1374 1994 1445; x_wconf 87' lang='grc' dir='ltr'>μέχρι</span> 
     </span>
    </p>
   </div>
   <div class='ocr_carea' id='block_1_18' title="bbox 412 1466 1992 1542">
    <p class='ocr_par' dir='ltr' id='par_1_18' title="bbox 412 1466 1992 1542">
     <span class='ocr_line' id='line_1_18' title="bbox 412 1466 1992 1542; baseline 0.003 -23"><span class='ocrx_word' id='word_1_122' title='bbox 412 1466 639 1532; x_wconf 77' lang='grc' dir='ltr'>Τοξότου</span> <span class='ocrx_word' id='word_1_123' title='bbox 671 1469 864 1541; x_wconf 81' lang='grc' dir='ltr'>μοίρας</span> <span class='ocrx_word' id='word_1_124' title='bbox 901 1468 965 1535; x_wconf 86' lang='grc' dir='ltr'>λ’,</span> <span class='ocrx_word' id='word_1_125' title='bbox 1008 1469 1320 1542; x_wconf 68' lang='grc' dir='ltr'>ὅπερὲστὶν</span> <span class='ocrx_word' id='word_1_126' title='bbox 1357 1468 1679 1540; x_wconf 85' lang='grc' dir='ltr'>ἡμικύκλιον</span> <span class='ocrx_word' id='word_1_127' title='bbox 1714 1467 1872 1523; x_wconf 85' lang='grc' dir='ltr'>πάλιν</span> <span class='ocrx_word' id='word_1_128' title='bbox 1899 1468 1992 1523; x_wconf 81' lang='grc' dir='ltr'>τοῦ</span> 
     </span>
    </p>
   </div>
   <div class='ocr_carea' id='block_1_19' title="bbox 413 1558 1993 1633">
    <p class='ocr_par' dir='ltr' id='par_1_19' title="bbox 413 1558 1993 1633">
     <span class='ocr_line' id='line_1_19' title="bbox 413 1558 1993 1633; baseline 0.003 -22"><span class='ocrx_word' id='word_1_129' title='bbox 413 1558 677 1623; x_wconf 74' lang='grc' dir='ltr'>ζωδιακοῦ</span> <span class='ocrx_word' id='word_1_130' title='bbox 711 1562 910 1615; x_wconf 87' lang='grc' dir='ltr'>κύκλου</span> <span class='ocrx_word' id='word_1_131' title='bbox 949 1562 1057 1616; x_wconf 80' lang='grc' dir='ltr'>ἀπὸ</span> <span class='ocrx_word' id='word_1_132' title='bbox 1088 1561 1295 1632; x_wconf 82' lang='grc' dir='ltr'>τροπῆς</span> <span class='ocrx_word' id='word_1_133' title='bbox 1337 1560 1556 1632; x_wconf 81' lang='grc' dir='ltr'>θερινῆς</span> <span class='ocrx_word' id='word_1_134' title='bbox 1598 1560 1759 1633; x_wconf 89' lang='grc' dir='ltr'>μέχρι</span> <span class='ocrx_word' id='word_1_135' title='bbox 1784 1561 1993 1632; x_wconf 70' lang='grc' dir='ltr'>τροπῆς</span> 
     </span>
    </p>
   </div>
   <div class='ocr_carea' id='block_1_20' title="bbox 414 1656 749 1726">
    <p class='ocr_par' dir='ltr' id='par_1_20' title="bbox 414 1656 749 1726">
     <span class='ocr_line' id='line_1_20' title="bbox 414 1656 749 1726; baseline 0.018 -22"><span class='ocrx_word' id='word_1_136' title='bbox 414 1656 749 1726; x_wconf 83' lang='grc' dir='ltr'>χειμερινῆς.</span> 
     </span>
    </p>
   </div>
   <div class='ocr_carea' id='block_1_21' title="bbox 482 1743 1992 1819">
    <p class='ocr_par' dir='ltr' id='par_1_21' title="bbox 482 1743 1992 1819">
     <span class='ocr_line' id='line_1_21' title="bbox 482 1743 1992 1819; baseline 0.001 -22"><span class='ocrx_word' id='word_1_137' title='bbox 482 1744 637 1808; x_wconf 82' lang='grc' dir='ltr'>Τινὲς</span> <span class='ocrx_word' id='word_1_138' title='bbox 677 1747 774 1817; x_wconf 86' lang='grc' dir='ltr'><strong>μὲν</strong></span> <span class='ocrx_word' id='word_1_139' title='bbox 807 1743 900 1801; x_wconf 76' lang='grc' dir='ltr'><strong>οὖν</strong></span> <span class='ocrx_word' id='word_1_140' title='bbox 953 1747 1309 1818; x_wconf 73' lang='grc' dir='ltr'>διελάμϐανον</span> <span class='ocrx_word' id='word_1_141' title='bbox 1356 1748 1616 1819; x_wconf 80' lang='grc' dir='ltr'>μεγίστας</span> <span class='ocrx_word' id='word_1_142' title='bbox 1650 1746 1863 1819; x_wconf 81' lang='grc' dir='ltr'>ἡμέρας</span> <span class='ocrx_word' id='word_1_143' title='bbox 1905 1745 1992 1815; x_wconf 86' lang='grc' dir='ltr'>γί-</span> 
     </span>
    </p>
   </div>
   <div class='ocr_carea' id='block_1_22' title="bbox 414 1836 1998 1913">
    <p class='ocr_par' dir='ltr' id='par_1_22' title="bbox 414 1836 1998 1913">
     <span class='ocr_line' id='line_1_22' title="bbox 414 1836 1998 1913; baseline 0 -23"><span class='ocrx_word' id='word_1_144' title='bbox 414 1836 601 1890; x_wconf 88' lang='grc' dir='ltr'>νεσθαι</span> <span class='ocrx_word' id='word_1_145' title='bbox 633 1838 691 1889; x_wconf 82' lang='grc' dir='ltr'><strong>ἐν</strong></span> <span class='ocrx_word' id='word_1_146' title='bbox 718 1839 980 1910; x_wconf 83' lang='grc' dir='ltr'>Καρκίνῳ</span> <span class='ocrx_word' id='word_1_147' title='bbox 999 1855 1013 1869; x_wconf 74' lang='grc' dir='ltr'><strong>ο</strong></span> <span class='ocrx_word' id='word_1_148' title='bbox 1054 1841 1289 1911; x_wconf 77' lang='grc' dir='ltr'>ἐπείπερ</span> <span class='ocrx_word' id='word_1_149' title='bbox 1320 1841 1377 1894; x_wconf 84' lang='grc' dir='ltr'>αἱ</span> <span class='ocrx_word' id='word_1_150' title='bbox 1406 1840 1615 1913; x_wconf 81' lang='grc' dir='ltr'>θεριναὶ</span> <span class='ocrx_word' id='word_1_151' title='bbox 1657 1840 1916 1911; x_wconf 71' lang='grc' dir='ltr'>τροπικαὶ</span> <span class='ocrx_word' id='word_1_152' title='bbox 1942 1842 1998 1892; x_wconf 83' lang='grc' dir='ltr'>ὲν</span> 
     </span>
    </p>
   </div>
   <div class='ocr_carea' id='block_1_23' title="bbox 413 1929 2000 2003">
    <p class='ocr_par' dir='ltr' id='par_1_23' title="bbox 413 1929 2000 2003">
     <span class='ocr_line' id='line_1_23' title="bbox 413 1929 2000 2003; baseline 0.003 -22"><span class='ocrx_word' id='word_1_153' title='bbox 413 1929 491 1999; x_wconf 85' lang='grc' dir='ltr'>τῷ</span> <span class='ocrx_word' id='word_1_154' title='bbox 519 1930 900 2001; x_wconf 74' lang='grc' dir='ltr'>προειρημένῳ</span> <span class='ocrx_word' id='word_1_155' title='bbox 929 1931 1104 2003; x_wconf 77' lang='grc' dir='ltr'>ζωδίῳ</span> <span class='ocrx_word' id='word_1_156' title='bbox 1137 1932 1376 2000; x_wconf 85' lang='grc' dir='ltr'>γίνονται</span> <span class='ocrx_word' id='word_1_157' title='bbox 1395 1949 1410 1963; x_wconf 72' lang='grc' dir='ltr'><strong>ο</strong></span> <span class='ocrx_word' id='word_1_158' title='bbox 1442 1932 1702 2003; x_wconf 85' lang='grc' dir='ltr'>μεγίστας</span> <span class='ocrx_word' id='word_1_159' title='bbox 1727 1932 1783 1985; x_wconf 88' lang='grc' dir='ltr'><strong>δὲ</strong></span> <span class='ocrx_word' id='word_1_160' title='bbox 1799 1932 2000 1994; x_wconf 83' lang='grc' dir='ltr'>νύκτας</span> 
     </span>
    </p>
   </div>
   <div class='ocr_carea' id='block_1_24' title="bbox 415 2019 2001 2096">
    <p class='ocr_par' dir='ltr' id='par_1_24' title="bbox 415 2019 2001 2096">
     <span class='ocr_line' id='line_1_24' title="bbox 415 2019 2001 2096; baseline 0 -21"><span class='ocrx_word' id='word_1_161' title='bbox 415 2019 554 2076; x_wconf 79' lang='grc' dir='ltr'>εἶναι</span> <span class='ocrx_word' id='word_1_162' title='bbox 580 2025 638 2075; x_wconf 85' lang='grc' dir='ltr'>ὲν</span> <span class='ocrx_word' id='word_1_163' title='bbox 669 2023 971 2096; x_wconf 84' lang='grc' dir='ltr'>Αίγόκερῳ,</span> <span class='ocrx_word' id='word_1_164' title='bbox 998 2025 1120 2077; x_wconf 75' lang='grc' dir='ltr'>ἐπεὶ</span> <span class='ocrx_word' id='word_1_165' title='bbox 1148 2027 1202 2077; x_wconf 92' lang='grc' dir='ltr'><strong>αί</strong></span> <span class='ocrx_word' id='word_1_166' title='bbox 1226 2027 1531 2095; x_wconf 73' lang='grc' dir='ltr'>χειμεριναὶ</span> <span class='ocrx_word' id='word_1_167' title='bbox 1552 2024 1752 2094; x_wconf 76' lang='grc' dir='ltr'>τροπαὶ</span> <span class='ocrx_word' id='word_1_168' title='bbox 1771 2023 2001 2091; x_wconf 78' lang='grc' dir='ltr'>ὲνΔίγό·</span> 
     </span>
    </p>
   </div>
   <div class='ocr_carea' id='block_1_25' title="bbox 415 2113 2003 2187">
    <p class='ocr_par' dir='ltr' id='par_1_25' title="bbox 415 2113 2003 2187">
     <span class='ocr_line' id='line_1_25' title="bbox 415 2113 2003 2187; baseline 0.001 -22"><span class='ocrx_word' id='word_1_169' title='bbox 415 2130 562 2183; x_wconf 86' lang='grc' dir='ltr'>κερῳ</span> <span class='ocrx_word' id='word_1_170' title='bbox 589 2113 861 2181; x_wconf 78' lang='grc' dir='ltr'>γίνονται’</span> <span class='ocrx_word' id='word_1_171' title='bbox 892 2115 1267 2187; x_wconf 86' lang='grc' dir='ltr'>παραπλήσιόν</span> <span class='ocrx_word' id='word_1_172' title='bbox 1298 2132 1349 2168; x_wconf 91' lang='grc' dir='ltr'><strong>τι</strong></span> <span class='ocrx_word' id='word_1_173' title='bbox 1392 2114 1671 2178; x_wconf 78' lang='grc' dir='ltr'>ποιοῦντες</span> <span class='ocrx_word' id='word_1_174' title='bbox 1700 2115 2003 2185; x_wconf 78' lang='grc' dir='ltr'>ἁμάρτημα</span> 
     </span>
    </p>
   </div>
   <div class='ocr_carea' id='block_1_26' title="bbox 414 2203 2001 2277">
    <p class='ocr_par' dir='ltr' id='par_1_26' title="bbox 414 2203 2001 2277">
     <span class='ocr_line' id='line_1_26' title="bbox 414 2203 2001 2277; baseline 0.001 -21"><span class='ocrx_word' id='word_1_175' title='bbox 414 2203 494 2272; x_wconf 84' lang='grc' dir='ltr'>τῷ</span> <span class='ocrx_word' id='word_1_176' title='bbox 517 2204 611 2257; x_wconf 75' lang='grc' dir='ltr'>ἐπὶ</span> <span class='ocrx_word' id='word_1_177' title='bbox 635 2203 742 2257; x_wconf 86' lang='grc' dir='ltr'>τῶν</span> <span class='ocrx_word' id='word_1_178' title='bbox 770 2205 1063 2274; x_wconf 77' lang='grc' dir='ltr'>συζυγιῶν.</span> <span class='ocrx_word' id='word_1_179' title='bbox 1090 2207 1153 2260; x_wconf 85' lang='grc' dir='ltr'><strong>Εἰ</strong></span> <span class='ocrx_word' id='word_1_180' title='bbox 1179 2207 1276 2277; x_wconf 83' lang='grc' dir='ltr'>μὲν</span> <span class='ocrx_word' id='word_1_181' title='bbox 1304 2205 1413 2277; x_wconf 87' lang='grc' dir='ltr'>γὰρ</span> <span class='ocrx_word' id='word_1_182' title='bbox 1434 2209 1489 2259; x_wconf 81' lang='grc' dir='ltr'><strong>ἐν</strong></span> <span class='ocrx_word' id='word_1_183' title='bbox 1508 2206 1647 2269; x_wconf 83' lang='grc' dir='ltr'>ὅλοις</span> <span class='ocrx_word' id='word_1_184' title='bbox 1666 2209 1776 2268; x_wconf 84' lang='grc' dir='ltr'>τοῖς</span> <span class='ocrx_word' id='word_1_185' title='bbox 1792 2205 2001 2269; x_wconf 76' lang='grc' dir='ltr'>ζωδίοις</span> 
     </span>
    </p>
   </div>
   <div class='ocr_carea' id='block_1_27' title="bbox 417 2294 2002 2376">
    <p class='ocr_par' dir='ltr' id='par_1_27' title="bbox 417 2294 2002 2376">
     <span class='ocr_line' id='line_1_27' title="bbox 417 2294 2002 2376; baseline 0.002 -29"><span class='ocrx_word' id='word_1_186' title='bbox 417 2297 659 2376; x_wconf 77' lang='grc' dir='ltr'>ὲγίνρντο</span> <span class='ocrx_word' id='word_1_187' title='bbox 677 2299 897 2369; x_wconf 76' lang='grc' dir='ltr'>τροπαὶ,</span> <span class='ocrx_word' id='word_1_188' title='bbox 931 2294 999 2369; x_wconf 84' lang='grc' dir='ltr'>ἦν</span> <span class='ocrx_word' id='word_1_189' title='bbox 1030 2297 1097 2352; x_wconf 85' lang='grc' dir='ltr'><strong>ἂν</strong></span> <span class='ocrx_word' id='word_1_190' title='bbox 1131 2298 1330 2370; x_wconf 82' lang='grc' dir='ltr'>ἀληθὲς</span> <span class='ocrx_word' id='word_1_191' title='bbox 1360 2298 1422 2351; x_wconf 84' lang='grc' dir='ltr'>τὸ</span> <span class='ocrx_word' id='word_1_192' title='bbox 1455 2298 1879 2370; x_wconf 76' lang='grc' dir='ltr'>προειρημένον·</span> <span class='ocrx_word' id='word_1_193' title='bbox 1908 2296 2002 2350; x_wconf 82' lang='grc' dir='ltr'>νῦν</span> 
     </span>
    </p>
   </div>
   <div class='ocr_carea' id='block_1_28' title="bbox 416 2387 2005 2462">
    <p class='ocr_par' dir='ltr' id='par_1_28' title="bbox 416 2387 2005 2462">
     <span class='ocr_line' id='line_1_28' title="bbox 416 2387 2005 2462; baseline 0.002 -23"><span class='ocrx_word' id='word_1_194' title='bbox 416 2387 473 2439; x_wconf 75' lang='grc' dir='ltr'>δὲ</span> <span class='ocrx_word' id='word_1_195' title='bbox 504 2387 575 2441; x_wconf 83' lang='grc' dir='ltr'>τὰ</span> <span class='ocrx_word' id='word_1_196' title='bbox 615 2389 713 2459; x_wconf 85' lang='grc' dir='ltr'>μὲν</span> <span class='ocrx_word' id='word_1_197' title='bbox 758 2389 998 2461; x_wconf 79' lang='grc' dir='ltr'>τροπικὰ</span> <span class='ocrx_word' id='word_1_198' title='bbox 1038 2394 1242 2462; x_wconf 82' lang='grc' dir='ltr'>σημεῖα</span> <span class='ocrx_word' id='word_1_199' title='bbox 1279 2390 1421 2460; x_wconf 86' lang='grc' dir='ltr'>λόγῳ</span> <span class='ocrx_word' id='word_1_200' title='bbox 1464 2390 1717 2461; x_wconf 85' lang='grc' dir='ltr'>θεωρητά</span> <span class='ocrx_word' id='word_1_201' title='bbox 1758 2392 1873 2442; x_wconf 85' lang='grc' dir='ltr'>ἐστι</span> <span class='ocrx_word' id='word_1_202' title='bbox 1897 2406 1910 2419; x_wconf 77' lang='grc'><strong><em>⁸</em></strong></span> <span class='ocrx_word' id='word_1_203' title='bbox 1942 2389 2005 2442; x_wconf 86' lang='grc' dir='ltr'><strong>τὸ</strong></span> 
     </span>
    </p>
   </div>
   <div class='ocr_carea' id='block_1_29' title="bbox 415 2477 2004 2553">
    <p class='ocr_par' dir='ltr' id='par_1_29' title="bbox 415 2477 2004 2553">
     <span class='ocr_line' id='line_1_29' title="bbox 415 2477 2004 2553; baseline 0.003 -23"><span class='ocrx_word' id='word_1_204' title='bbox 415 2477 476 2530; x_wconf 82' lang='grc' dir='ltr'>δὲ</span> <span class='ocrx_word' id='word_1_205' title='bbox 509 2478 629 2531; x_wconf 85' lang='grc' dir='ltr'>ὅλον</span> <span class='ocrx_word' id='word_1_206' title='bbox 659 2478 847 2543; x_wconf 76' lang='grc' dir='ltr'>ζῴδιον</span> <span class='ocrx_word' id='word_1_207' title='bbox 872 2480 933 2533; x_wconf 77' lang='grc' dir='ltr'>τὺ</span> <span class='ocrx_word' id='word_1_208' title='bbox 953 2480 1047 2534; x_wconf 82' lang='grc' dir='ltr'><strong>τοῦ</strong></span> <span class='ocrx_word' id='word_1_209' title='bbox 1079 2482 1356 2553; x_wconf 84' lang='grc' dir='ltr'>Καρκίνου</span> <span class='ocrx_word' id='word_1_210' title='bbox 1390 2481 1487 2553; x_wconf 82' lang='grc' dir='ltr'><strong>τὴν</strong></span> <span class='ocrx_word' id='word_1_211' title='bbox 1512 2482 1679 2553; x_wconf 80' lang='grc' dir='ltr'>αὐτὴν</span> <span class='ocrx_word' id='word_1_212' title='bbox 1705 2482 2004 2536; x_wconf 79' lang='grc' dir='ltr'>ἀπόστασιν</span> 
     </span>
    </p>
   </div>
   <div class='ocr_carea' id='block_1_30' title="bbox 415 2571 2003 2647">
    <p class='ocr_par' dir='ltr' id='par_1_30' title="bbox 415 2571 2003 2647">
     <span class='ocr_line' id='line_1_30' title="bbox 415 2571 2003 2647; baseline 0.003 -24"><span class='ocrx_word' id='word_1_213' title='bbox 415 2571 529 2641; x_wconf 74' lang='grc' dir='ltr'>ἔχει</span> <span class='ocrx_word' id='word_1_214' title='bbox 560 2572 668 2625; x_wconf 78' lang='grc' dir='ltr'>ἀπὸ</span> <span class='ocrx_word' id='word_1_215' title='bbox 701 2572 793 2625; x_wconf 81' lang='grc' dir='ltr'>τοῦ</span> <span class='ocrx_word' id='word_1_216' title='bbox 818 2572 1030 2643; x_wconf 78' lang='grc' dir='ltr'>θερινοῦ</span> <span class='ocrx_word' id='word_1_217' title='bbox 1052 2575 1312 2645; x_wconf 82' lang='grc' dir='ltr'>τροπικοῦ</span> <span class='ocrx_word' id='word_1_218' title='bbox 1346 2577 1575 2647; x_wconf 87' lang='grc' dir='ltr'>σημείου</span> <span class='ocrx_word' id='word_1_219' title='bbox 1598 2579 1713 2639; x_wconf 89' lang='grc' dir='ltr'>τοῖς</span> <span class='ocrx_word' id='word_1_220' title='bbox 1729 2576 2003 2646; x_wconf 86' lang='grc' dir='ltr'>Διδύμοις,</span> 
     </span>
    </p>
   </div>
   <div class='ocr_carea' id='block_1_31' title="bbox 418 2666 2004 2740">
    <p class='ocr_par' dir='ltr' id='par_1_31' title="bbox 418 2666 2004 2740">
     <span class='ocr_line' id='line_1_31' title="bbox 418 2666 2004 2740; baseline 0.003 -23"><span class='ocrx_word' id='word_1_221' title='bbox 418 2666 515 2718; x_wconf 74' lang='grc' dir='ltr'><strong>καὶ</strong></span> <span class='ocrx_word' id='word_1_222' title='bbox 545 2666 651 2719; x_wconf 84' lang='grc' dir='ltr'>ὑπὸ</span> <span class='ocrx_word' id='word_1_223' title='bbox 679 2667 788 2719; x_wconf 83' lang='grc' dir='ltr'><strong>τῶν</strong></span> <span class='ocrx_word' id='word_1_224' title='bbox 831 2667 1011 2721; x_wconf 81' lang='grc' dir='ltr'>αὐτῶν</span> <span class='ocrx_word' id='word_1_225' title='bbox 1053 2669 1415 2740; x_wconf 81' lang='grc' dir='ltr'>παραλλήλων</span> <span class='ocrx_word' id='word_1_226' title='bbox 1464 2669 2004 2740; x_wconf 78' lang='grc' dir='ltr'>ὲμπεριλαμϐἀνεται</span> 
     </span>
    </p>
   </div>
   <div class='ocr_carea' id='block_1_32' title="bbox 417 2757 2007 2832">
    <p class='ocr_par' dir='ltr' id='par_1_32' title="bbox 417 2757 2007 2832">
     <span class='ocr_line' id='line_1_32' title="bbox 417 2757 2007 2832; baseline 0.003 -21"><span class='ocrx_word' id='word_1_227' title='bbox 417 2757 656 2822; x_wconf 86' lang='grc' dir='ltr'>κύκλων,</span> <span class='ocrx_word' id='word_1_228' title='bbox 689 2759 782 2813; x_wconf 73' lang='grc' dir='ltr'><strong>καὶ</strong></span> <span class='ocrx_word' id='word_1_229' title='bbox 813 2762 878 2813; x_wconf 80' lang='grc' dir='ltr'>ἐκ</span> <span class='ocrx_word' id='word_1_230' title='bbox 906 2760 998 2814; x_wconf 78' lang='grc' dir='ltr'>τοῦ</span> <span class='ocrx_word' id='word_1_231' title='bbox 1032 2761 1195 2815; x_wconf 78' lang='grc' dir='ltr'>αὐτοῦ</span> <span class='ocrx_word' id='word_1_232' title='bbox 1228 2762 1395 2815; x_wconf 87' lang='grc' dir='ltr'>τόπου</span> <span class='ocrx_word' id='word_1_233' title='bbox 1425 2761 1524 2831; x_wconf 79' lang='grc' dir='ltr'><strong>τὴν</strong></span> <span class='ocrx_word' id='word_1_234' title='bbox 1546 2761 1808 2832; x_wconf 82' lang='grc' dir='ltr'>ἀνατολὴν</span> <span class='ocrx_word' id='word_1_235' title='bbox 1838 2764 2007 2815; x_wconf 82' lang='grc' dir='ltr'>ποιεῖ-</span> 
     </span>
    </p>
   </div>
   <div class='ocr_carea' id='block_1_33' title="bbox 417 2851 2009 2926">
    <p class='ocr_par' dir='ltr' id='par_1_33' title="bbox 417 2851 2009 2926">
     <span class='ocr_line' id='line_1_33' title="bbox 417 2851 2009 2926; baseline 0.003 -23"><span class='ocrx_word' id='word_1_236' title='bbox 417 2868 530 2915; x_wconf 85' lang='grc' dir='ltr'>ται,</span> <span class='ocrx_word' id='word_1_237' title='bbox 553 2851 647 2905; x_wconf 78' lang='grc' dir='ltr'>καὶ</span> <span class='ocrx_word' id='word_1_238' title='bbox 668 2853 748 2915; x_wconf 82' lang='grc' dir='ltr'><strong>είς</strong></span> <span class='ocrx_word' id='word_1_239' title='bbox 782 2853 873 2906; x_wconf 79' lang='grc' dir='ltr'>τὸν</span> <span class='ocrx_word' id='word_1_240' title='bbox 900 2854 1064 2907; x_wconf 82' lang='grc' dir='ltr'>αὐτὸν</span> <span class='ocrx_word' id='word_1_241' title='bbox 1104 2853 1265 2907; x_wconf 89' lang='grc' dir='ltr'>τόπον</span> <span class='ocrx_word' id='word_1_242' title='bbox 1289 2854 1388 2925; x_wconf 79' lang='grc' dir='ltr'><strong>τὴν</strong></span> <span class='ocrx_word' id='word_1_243' title='bbox 1424 2853 1597 2907; x_wconf 84' lang='grc' dir='ltr'>δύσιν.</span> <span class='ocrx_word' id='word_1_244' title='bbox 1630 2855 1750 2907; x_wconf 76' lang='grc' dir='ltr'>Εἰσὶ</span> <span class='ocrx_word' id='word_1_245' title='bbox 1782 2853 1892 2926; x_wconf 86' lang='grc' dir='ltr'>γὰρ</span> <span class='ocrx_word' id='word_1_246' title='bbox 1915 2854 2009 2907; x_wconf 81' lang='grc' dir='ltr'>ἀλ-</span> 
     </span>
    </p>
   </div>
   <div class='ocr_carea' id='block_1_34' title="bbox 419 2942 2005 3017">
    <p class='ocr_par' dir='ltr' id='par_1_34' title="bbox 419 2942 2005 3017">
     <span class='ocr_line' id='line_1_34' title="bbox 419 2942 2005 3017; baseline 0.001 -21"><span class='ocrx_word' id='word_1_247' title='bbox 419 2942 602 3015; x_wconf 79' lang='grc' dir='ltr'>λήλοις</span> <span class='ocrx_word' id='word_1_248' title='bbox 658 2944 800 2998; x_wconf 84' lang='grc' dir='ltr'><strong>κατά</strong></span> <span class='ocrx_word' id='word_1_249' title='bbox 852 2945 1133 3014; x_wconf 77' lang='grc' dir='ltr'>συζυγίαν.</span> <span class='ocrx_word' id='word_1_250' title='bbox 1180 2945 1272 2998; x_wconf 82' lang='grc' dir='ltr'><strong>Διὸ</strong></span> <span class='ocrx_word' id='word_1_251' title='bbox 1321 2945 1385 3016; x_wconf 84' lang='grc' dir='ltr'><strong>δὴ</strong></span> <span class='ocrx_word' id='word_1_252' title='bbox 1430 2946 1522 2998; x_wconf 76' lang='grc' dir='ltr'>καὶ</span> <span class='ocrx_word' id='word_1_253' title='bbox 1553 2945 1622 2998; x_wconf 83' lang='grc' dir='ltr'>τὰ</span> <span class='ocrx_word' id='word_1_254' title='bbox 1667 2945 1871 3017; x_wconf 83' lang='grc' dir='ltr'>μεγέθη</span> <span class='ocrx_word' id='word_1_255' title='bbox 1896 2946 2005 2999; x_wconf 83' lang='grc' dir='ltr'><strong>τῶν</strong></span> 
     </span>
    </p>
   </div>
   <div class='ocr_carea' id='block_1_35' title="bbox 416 3036 2007 3109">
    <p class='ocr_par' dir='ltr' id='par_1_35' title="bbox 416 3036 2007 3109">
     <span class='ocr_line' id='line_1_35' title="bbox 416 3036 2007 3109; baseline 0.002 -19"><span class='ocrx_word' id='word_1_256' title='bbox 416 3036 642 3108; x_wconf 78' lang='grc' dir='ltr'>ἡμερῶν</span> <span class='ocrx_word' id='word_1_257' title='bbox 695 3037 791 3091; x_wconf 63' lang='grc' dir='ltr'><strong>καὶ⁸</strong></span> <span class='ocrx_word' id='word_1_258' title='bbox 847 3037 956 3091; x_wconf 82' lang='grc' dir='ltr'>τῶν</span> <span class='ocrx_word' id='word_1_259' title='bbox 986 3036 1196 3091; x_wconf 81' lang='grc' dir='ltr'>νυκτῶν</span> <span class='ocrx_word' id='word_1_260' title='bbox 1229 3039 1319 3091; x_wconf 82' lang='grc' dir='ltr'><strong>ίσα</strong></span> <span class='ocrx_word' id='word_1_261' title='bbox 1366 3039 1512 3092; x_wconf 73' lang='grc' dir='ltr'>ἐστὶν</span> <span class='ocrx_word' id='word_1_262' title='bbox 1551 3040 1610 3091; x_wconf 83' lang='grc' dir='ltr'>ὲν</span> <span class='ocrx_word' id='word_1_263' title='bbox 1632 3036 1884 3109; x_wconf 88' lang='grc' dir='ltr'>Διδύμοις</span> <span class='ocrx_word' id='word_1_264' title='bbox 1911 3039 2007 3093; x_wconf 69' lang='grc' dir='ltr'>καὶ</span> 
     </span>
    </p>
   </div>
   <div class='ocr_carea' id='block_1_36' title="bbox 2171 1184 3680 1257">
    <p class='ocr_par' dir='ltr' id='par_1_36' title="bbox 2171 1184 3680 1257">
     <span class='ocr_line' id='line_1_36' title="bbox 2171 1184 3680 1257; baseline 0.006 -20"><span class='ocrx_word' id='word_1_265' title='bbox 2171 1184 2255 1240; x_wconf 81' lang='lat' dir='ltr'><strong>Ab</strong></span> <span class='ocrx_word' id='word_1_266' title='bbox 2310 1187 2538 1241; x_wconf 86' lang='lat' dir='ltr'><strong>hiberna</strong></span> <span class='ocrx_word' id='word_1_267' title='bbox 2570 1186 2933 1242; x_wconf 79' lang='lat' dir='ltr'><strong>conversione</strong></span> <span class='ocrx_word' id='word_1_268' title='bbox 2992 1203 3165 1257; x_wconf 86' lang='lat' dir='ltr'><strong>usque</strong></span> <span class='ocrx_word' id='word_1_269' title='bbox 3210 1188 3277 1242; x_wconf 90' lang='lat' dir='ltr'><strong>ad</strong></span> <span class='ocrx_word' id='word_1_270' title='bbox 3317 1190 3561 1244; x_wconf 71' lang='lat' dir='ltr'><strong>mstivam</strong></span> <span class='ocrx_word' id='word_1_271' title='bbox 3618 1192 3680 1246; x_wconf 82' lang='lat' dir='ltr'><strong>lit</strong></span> 
     </span>
    </p>
   </div>
   <div class='ocr_carea' id='block_1_37' title="bbox 2101 1276 3684 1345">
    <p class='ocr_par' dir='ltr' id='par_1_37' title="bbox 2101 1276 3684 1345">
     <span class='ocr_line' id='line_1_37' title="bbox 2101 1276 3684 1345; baseline 0.005 -15"><span class='ocrx_word' id='word_1_272' title='bbox 2101 1276 2314 1332; x_wconf 87' lang='lat' dir='ltr'><strong>dierum</strong></span> <span class='ocrx_word' id='word_1_273' title='bbox 2373 1280 2774 1335; x_wconf 88' lang='lat' dir='ltr'><strong>incrementum</strong></span> <span class='ocrx_word' id='word_1_274' title='bbox 2802 1321 2817 1345; x_wconf 92' lang='lat'><strong>,</strong></span> <span class='ocrx_word' id='word_1_275' title='bbox 2867 1280 2961 1336; x_wconf 89' lang='lat' dir='ltr'><strong>sed</strong></span> <span class='ocrx_word' id='word_1_276' title='bbox 3001 1281 3244 1334; x_wconf 83' lang='lat' dir='ltr'><strong>noctium</strong></span> <span class='ocrx_word' id='word_1_277' title='bbox 3278 1281 3684 1339; x_wconf 77' lang='lat' dir='ltr'><strong>incrementum</strong></span> 
     </span>
    </p>
   </div>
   <div class='ocr_carea' id='block_1_38' title="bbox 2102 1367 3687 1442">
    <p class='ocr_par' dir='ltr' id='par_1_38' title="bbox 2102 1367 3687 1442">
     <span class='ocr_line' id='line_1_38' title="bbox 2102 1367 3687 1442; baseline 0.006 -21"><span class='ocrx_word' id='word_1_278' title='bbox 2102 1367 2161 1422; x_wconf 80' lang='lat' dir='ltr'><strong>lit</strong></span> <span class='ocrx_word' id='word_1_279' title='bbox 2214 1384 2244 1423; x_wconf 89' lang='lat' dir='ltr'><strong>a</strong></span> <span class='ocrx_word' id='word_1_280' title='bbox 2275 1368 2469 1423; x_wconf 91' lang='lat' dir='ltr'><strong>Cancri</strong></span> <span class='ocrx_word' id='word_1_281' title='bbox 2494 1371 2667 1440; x_wconf 90' lang='lat' dir='ltr'><strong>prima</strong></span> <span class='ocrx_word' id='word_1_282' title='bbox 2699 1379 2853 1441; x_wconf 90' lang='lat' dir='ltr'><strong>parte</strong></span> <span class='ocrx_word' id='word_1_283' title='bbox 2883 1387 3058 1441; x_wconf 89' lang='lat' dir='ltr'><strong>usque</strong></span> <span class='ocrx_word' id='word_1_284' title='bbox 3094 1371 3161 1425; x_wconf 90' lang='lat' dir='ltr'><strong>ad</strong></span> <span class='ocrx_word' id='word_1_285' title='bbox 3199 1370 3478 1442; x_wconf 85' lang='lat' dir='ltr'><strong>Sagittarii</strong></span> <span class='ocrx_word' id='word_1_286' title='bbox 3512 1375 3687 1429; x_wconf 82' lang='lat' dir='ltr'><strong>trice-</strong></span> 
     </span>
    </p>
   </div>
   <div class='ocr_carea' id='block_1_39' title="bbox 2101 1459 3681 1530">
    <p class='ocr_par' dir='ltr' id='par_1_39' title="bbox 2101 1459 3681 1530">
     <span class='ocr_line' id='line_1_39' title="bbox 2101 1459 3681 1530; baseline 0.004 -17"><span class='ocrx_word' id='word_1_287' title='bbox 2101 1459 2297 1513; x_wconf 90' lang='lat' dir='ltr'><strong>simam</strong></span> <span class='ocrx_word' id='word_1_288' title='bbox 2338 1468 2570 1530; x_wconf 85' lang='lat' dir='ltr'><strong>partem,</strong></span> <span class='ocrx_word' id='word_1_289' title='bbox 2603 1462 2698 1530; x_wconf 88' lang='lat' dir='ltr'><strong>qui</strong></span> <span class='ocrx_word' id='word_1_290' title='bbox 2727 1476 2922 1517; x_wconf 90' lang='lat' dir='ltr'><strong>rursus</strong></span> <span class='ocrx_word' id='word_1_291' title='bbox 2947 1461 3331 1515; x_wconf 80' lang='lat' dir='ltr'><strong>semicirculus</strong></span> <span class='ocrx_word' id='word_1_292' title='bbox 3362 1470 3447 1516; x_wconf 90' lang='lat' dir='ltr'><strong>est</strong></span> <span class='ocrx_word' id='word_1_293' title='bbox 3469 1463 3681 1520; x_wconf 77' lang='lat' dir='ltr'><strong>zodiaci</strong></span> 
     </span>
    </p>
   </div>
   <div class='ocr_carea' id='block_1_40' title="bbox 2111 1549 3436 1623">
    <p class='ocr_par' dir='ltr' id='par_1_40' title="bbox 2111 1549 3436 1623">
     <span class='ocr_line' id='line_1_40' title="bbox 2111 1549 3436 1623; baseline 0.008 -20"><span class='ocrx_word' id='word_1_294' title='bbox 2111 1549 2182 1605; x_wconf 88' lang='lat' dir='ltr'><strong>ab</strong></span> <span class='ocrx_word' id='word_1_295' title='bbox 2209 1551 2399 1606; x_wconf 71' lang='lat' dir='ltr'><strong>aestiva</strong></span> <span class='ocrx_word' id='word_1_296' title='bbox 2428 1554 2789 1610; x_wconf 86' lang='lat' dir='ltr'><strong>conversione</strong></span> <span class='ocrx_word' id='word_1_297' title='bbox 2822 1567 2996 1623; x_wconf 89' lang='lat' dir='ltr'><strong>usque</strong></span> <span class='ocrx_word' id='word_1_298' title='bbox 3024 1552 3094 1608; x_wconf 87' lang='lat' dir='ltr'><strong>ad</strong></span> <span class='ocrx_word' id='word_1_299' title='bbox 3128 1552 3436 1613; x_wconf 78' lang='lat' dir='ltr'><strong>hibernam.</strong></span> 
     </span>
    </p>
   </div>
   <div class='ocr_carea' id='block_1_41' title="bbox 2173 1763 3683 1839">
    <p class='ocr_par' dir='ltr' id='par_1_41' title="bbox 2173 1763 3683 1839">
     <span class='ocr_line' id='line_1_41' title="bbox 2173 1763 3683 1839; baseline 0.005 -20"><span class='ocrx_word' id='word_1_300' title='bbox 2173 1763 2432 1821; x_wconf 86' lang='lat' dir='ltr'><strong>Nonnulli</strong></span> <span class='ocrx_word' id='word_1_301' title='bbox 2468 1767 2634 1837; x_wconf 81' lang='lat' dir='ltr'><strong>igitur</strong></span> <span class='ocrx_word' id='word_1_302' title='bbox 2668 1778 2994 1839; x_wconf 82' lang='lat' dir='ltr'><strong>putaverunt</strong></span> <span class='ocrx_word' id='word_1_303' title='bbox 3026 1769 3375 1839; x_wconf 82' lang='lat' dir='ltr'><strong>longissimas</strong></span> <span class='ocrx_word' id='word_1_304' title='bbox 3409 1769 3529 1825; x_wconf 85' lang='lat' dir='ltr'><strong>dies</strong></span> <span class='ocrx_word' id='word_1_305' title='bbox 3563 1770 3683 1827; x_wconf 77' lang='lat' dir='ltr'><strong>fieri</strong></span> 
     </span>
    </p>
   </div>
   <div class='ocr_carea' id='block_1_42' title="bbox 2104 1857 3684 1929">
    <p class='ocr_par' dir='ltr' id='par_1_42' title="bbox 2104 1857 3684 1929">
     <span class='ocr_line' id='line_1_42' title="bbox 2104 1857 3684 1929; baseline 0.004 -18"><span class='ocrx_word' id='word_1_306' title='bbox 2104 1857 2158 1911; x_wconf 90' lang='lat' dir='ltr'><strong>in</strong></span> <span class='ocrx_word' id='word_1_307' title='bbox 2192 1857 2405 1913; x_wconf 81' lang='lat' dir='ltr'><strong>Cancro</strong></span> <span class='ocrx_word' id='word_1_308' title='bbox 2449 1878 2461 1913; x_wconf 91' lang='lat'>:</span> <span class='ocrx_word' id='word_1_309' title='bbox 2505 1860 2775 1929; x_wconf 87' lang='lat' dir='ltr'><strong>siquidem</strong></span> <span class='ocrx_word' id='word_1_310' title='bbox 2809 1863 3010 1916; x_wconf 66' lang='lat' dir='ltr'><strong>aestiva:</strong></span> <span class='ocrx_word' id='word_1_311' title='bbox 3038 1864 3428 1917; x_wconf 87' lang='lat' dir='ltr'><strong>conversiones</strong></span> <span class='ocrx_word' id='word_1_312' title='bbox 3458 1862 3510 1915; x_wconf 93' lang='lat' dir='ltr'><strong>in</strong></span> <span class='ocrx_word' id='word_1_313' title='bbox 3534 1862 3684 1917; x_wconf 88' lang='lat' dir='ltr'><strong>dicto</strong></span> 
     </span>
    </p>
   </div>
   <div class='ocr_carea' id='block_1_43' title="bbox 2104 1950 3684 2026">
    <p class='ocr_par' dir='ltr' id='par_1_43' title="bbox 2104 1950 3684 2026">
     <span class='ocr_line' id='line_1_43' title="bbox 2104 1950 3684 2026; baseline 0.003 -21"><span class='ocrx_word' id='word_1_314' title='bbox 2104 1952 2263 2021; x_wconf 85' lang='lat' dir='ltr'><strong>signo</strong></span> <span class='ocrx_word' id='word_1_315' title='bbox 2291 1950 2423 2005; x_wconf 81' lang='lat' dir='ltr'><strong>[iant</strong></span> <span class='ocrx_word' id='word_1_316' title='bbox 2456 1970 2472 2007; x_wconf 87' lang='lat'><strong>:</strong></span> <span class='ocrx_word' id='word_1_317' title='bbox 2507 1962 2699 2009; x_wconf 89' lang='lat' dir='ltr'><strong>noctes</strong></span> <span class='ocrx_word' id='word_1_318' title='bbox 2739 1970 2868 2009; x_wconf 91' lang='lat' dir='ltr'><strong>vero</strong></span> <span class='ocrx_word' id='word_1_319' title='bbox 2920 1955 3185 2011; x_wconf 77' lang='lat' dir='ltr'><strong>maximas</strong></span> <span class='ocrx_word' id='word_1_320' title='bbox 3231 1957 3342 2009; x_wconf 90' lang='lat' dir='ltr'><strong>lieri</strong></span> <span class='ocrx_word' id='word_1_321' title='bbox 3398 1955 3451 2009; x_wconf 93' lang='lat' dir='ltr'><strong>in</strong></span> <span class='ocrx_word' id='word_1_322' title='bbox 3492 1955 3684 2026; x_wconf 85' lang='lat' dir='ltr'><strong>Capri-</strong></span> 
     </span>
    </p>
   </div>
   <div class='ocr_carea' id='block_1_44' title="bbox 2102 2043 3684 2114">
    <p class='ocr_par' dir='ltr' id='par_1_44' title="bbox 2102 2043 3684 2114">
     <span class='ocr_line' id='line_1_44' title="bbox 2102 2043 3684 2114; baseline 0.002 -19"><span class='ocrx_word' id='word_1_323' title='bbox 2102 2056 2293 2105; x_wconf 91' lang='lat' dir='ltr'><strong>corno,</strong></span> <span class='ocrx_word' id='word_1_324' title='bbox 2339 2057 2464 2095; x_wconf 87' lang='lat' dir='ltr'><strong>cutn</strong></span> <span class='ocrx_word' id='word_1_325' title='bbox 2511 2043 2749 2098; x_wconf 66' lang='lat' dir='ltr'><strong>hiberum</strong></span> <span class='ocrx_word' id='word_1_326' title='bbox 2793 2044 3182 2099; x_wconf 85' lang='lat' dir='ltr'><strong>conversiones</strong></span> <span class='ocrx_word' id='word_1_327' title='bbox 3219 2043 3350 2096; x_wconf 84' lang='lat' dir='ltr'><strong>ﬁant</strong></span> <span class='ocrx_word' id='word_1_328' title='bbox 3374 2043 3428 2097; x_wconf 92' lang='lat' dir='ltr'><strong>in</strong></span> <span class='ocrx_word' id='word_1_329' title='bbox 3488 2043 3684 2114; x_wconf 89' lang='lat' dir='ltr'><strong>Capri-</strong></span> 
     </span>
    </p>
   </div>
   <div class='ocr_carea' id='block_1_45' title="bbox 2104 2134 3686 2200">
    <p class='ocr_par' dir='ltr' id='par_1_45' title="bbox 2104 2134 3686 2200">
     <span class='ocr_line' id='line_1_45' title="bbox 2104 2134 3686 2200; baseline 0.002 -12"><span class='ocrx_word' id='word_1_330' title='bbox 2104 2149 2296 2188; x_wconf 89' lang='lat' dir='ltr'><strong>corno.</strong></span> <span class='ocrx_word' id='word_1_331' title='bbox 2335 2134 2451 2200; x_wconf 87' lang='lat' dir='ltr'><strong>Qua</strong></span> <span class='ocrx_word' id='word_1_332' title='bbox 2512 2135 2569 2189; x_wconf 93' lang='lat' dir='ltr'><strong>in</strong></span> <span class='ocrx_word' id='word_1_333' title='bbox 2616 2151 2676 2191; x_wconf 89' lang='lat' dir='ltr'><strong>re</strong></span> <span class='ocrx_word' id='word_1_334' title='bbox 2726 2136 2905 2191; x_wconf 88' lang='lat' dir='ltr'><strong>simile</strong></span> <span class='ocrx_word' id='word_1_335' title='bbox 2960 2136 3307 2190; x_wconf 87' lang='lat' dir='ltr'><strong>committunt</strong></span> <span class='ocrx_word' id='word_1_336' title='bbox 3352 2143 3592 2191; x_wconf 85' lang='lat' dir='ltr'><strong>erratqu</strong></span> <span class='ocrx_word' id='word_1_337' title='bbox 3632 2137 3686 2191; x_wconf 81' lang='lat' dir='ltr'><strong>ei</strong></span> 
     </span>
    </p>
   </div>
   <div class='ocr_carea' id='block_1_46' title="bbox 2108 2224 3689 2298">
    <p class='ocr_par' dir='ltr' id='par_1_46' title="bbox 2108 2224 3689 2298">
     <span class='ocr_line' id='line_1_46' title="bbox 2108 2224 3689 2298; baseline 0.003 -21"><span class='ocrx_word' id='word_1_338' title='bbox 2108 2224 2254 2293; x_wconf 91' lang='lat' dir='ltr'><strong>quod</strong></span> <span class='ocrx_word' id='word_1_339' title='bbox 2286 2226 2643 2280; x_wconf 89' lang='lat' dir='ltr'><strong>committunt</strong></span> <span class='ocrx_word' id='word_1_340' title='bbox 2677 2227 2733 2280; x_wconf 91' lang='lat' dir='ltr'><strong>in</strong></span> <span class='ocrx_word' id='word_1_341' title='bbox 2779 2227 3020 2298; x_wconf 84' lang='lat' dir='ltr'><strong>syzigiis.</strong></span> <span class='ocrx_word' id='word_1_342' title='bbox 3056 2227 3115 2282; x_wconf 88' lang='lat' dir='ltr'><strong>Si</strong></span> <span class='ocrx_word' id='word_1_343' title='bbox 3159 2228 3302 2282; x_wconf 84' lang='lat' dir='ltr'><strong>enim</strong></span> <span class='ocrx_word' id='word_1_344' title='bbox 3347 2227 3402 2281; x_wconf 93' lang='lat' dir='ltr'><strong>in</strong></span> <span class='ocrx_word' id='word_1_345' title='bbox 3443 2227 3572 2282; x_wconf 91' lang='lat' dir='ltr'><strong>totis</strong></span> <span class='ocrx_word' id='word_1_346' title='bbox 3611 2228 3689 2284; x_wconf 83' lang='lat' dir='ltr'><strong>si-</strong></span> 
     </span>
    </p>
   </div>
   <div class='ocr_carea' id='block_1_47' title="bbox 2106 2317 3687 2389">
    <p class='ocr_par' dir='ltr' id='par_1_47' title="bbox 2106 2317 3687 2389">
     <span class='ocr_line' id='line_1_47' title="bbox 2106 2317 3687 2389; baseline 0.004 -20"><span class='ocrx_word' id='word_1_347' title='bbox 2106 2317 2230 2385; x_wconf 88' lang='lat' dir='ltr'><strong>gnis</strong></span> <span class='ocrx_word' id='word_1_348' title='bbox 2271 2318 2465 2372; x_wconf 83' lang='lat' dir='ltr'><strong>tierent</strong></span> <span class='ocrx_word' id='word_1_349' title='bbox 2490 2319 2906 2382; x_wconf 81' lang='lat' dir='ltr'><strong>conversiones,</strong></span> <span class='ocrx_word' id='word_1_350' title='bbox 2941 2328 3089 2374; x_wconf 89' lang='lat' dir='ltr'><strong>esset</strong></span> <span class='ocrx_word' id='word_1_351' title='bbox 3119 2335 3308 2373; x_wconf 87' lang='lat' dir='ltr'><strong>rerum</strong></span> <span class='ocrx_word' id='word_1_352' title='bbox 3343 2320 3488 2389; x_wconf 88' lang='lat' dir='ltr'><strong>quod</strong></span> <span class='ocrx_word' id='word_1_353' title='bbox 3525 2318 3687 2375; x_wconf 86' lang='lat' dir='ltr'><strong>modo</strong></span> 
     </span>
    </p>
   </div>
   <div class='ocr_carea' id='block_1_48' title="bbox 2105 2408 3689 2481">
    <p class='ocr_par' dir='ltr' id='par_1_48' title="bbox 2105 2408 3689 2481">
     <span class='ocr_line' id='line_1_48' title="bbox 2105 2408 3689 2481; baseline 0.004 -20"><span class='ocrx_word' id='word_1_354' title='bbox 2105 2408 2310 2462; x_wconf 89' lang='lat' dir='ltr'><strong>dictum</strong></span> <span class='ocrx_word' id='word_1_355' title='bbox 2356 2416 2489 2463; x_wconf 85' lang='lat' dir='ltr'><strong>est:</strong></span> <span class='ocrx_word' id='word_1_356' title='bbox 2525 2415 2581 2462; x_wconf 84' lang='lat' dir='ltr'><strong>at</strong></span> <span class='ocrx_word' id='word_1_357' title='bbox 2618 2424 2765 2464; x_wconf 93' lang='lat' dir='ltr'><strong>nunc</strong></span> <span class='ocrx_word' id='word_1_358' title='bbox 2794 2420 2995 2480; x_wconf 85' lang='lat' dir='ltr'><strong>puncta</strong></span> <span class='ocrx_word' id='word_1_359' title='bbox 3043 2411 3253 2481; x_wconf 85' lang='lat' dir='ltr'><strong>trepica</strong></span> <span class='ocrx_word' id='word_1_360' title='bbox 3302 2412 3512 2466; x_wconf 87' lang='lat' dir='ltr'><strong>ratione</strong></span> <span class='ocrx_word' id='word_1_361' title='bbox 3559 2419 3689 2467; x_wconf 81' lang='lat' dir='ltr'><strong>sunt</strong></span> 
     </span>
    </p>
   </div>
   <div class='ocr_carea' id='block_1_49' title="bbox 2106 2499 3688 2573">
    <p class='ocr_par' dir='ltr' id='par_1_49' title="bbox 2106 2499 3688 2573">
     <span class='ocr_line' id='line_1_49' title="bbox 2106 2499 3688 2573; baseline 0.002 -18"><span class='ocrx_word' id='word_1_362' title='bbox 2106 2499 2545 2568; x_wconf 87' lang='lat' dir='ltr'><strong>contemplabilia</strong></span> <span class='ocrx_word' id='word_1_363' title='bbox 2572 2519 2587 2567; x_wconf 90' lang='lat'><strong>;</strong></span> <span class='ocrx_word' id='word_1_364' title='bbox 2618 2508 2789 2555; x_wconf 91' lang='lat' dir='ltr'><strong>totum</strong></span> <span class='ocrx_word' id='word_1_365' title='bbox 2813 2517 2944 2556; x_wconf 88' lang='lat' dir='ltr'><strong>vero</strong></span> <span class='ocrx_word' id='word_1_366' title='bbox 2971 2503 3184 2573; x_wconf 87' lang='lat' dir='ltr'><strong>signqu</strong></span> <span class='ocrx_word' id='word_1_367' title='bbox 3208 2502 3406 2557; x_wconf 86' lang='lat' dir='ltr'><strong>Cancri</strong></span> <span class='ocrx_word' id='word_1_368' title='bbox 3440 2501 3688 2558; x_wconf 84' lang='lat' dir='ltr'><strong>eamdem</strong></span> 
     </span>
    </p>
   </div>
   <div class='ocr_carea' id='block_1_50' title="bbox 2106 2591 3687 2664">
    <p class='ocr_par' dir='ltr' id='par_1_50' title="bbox 2106 2591 3687 2664">
     <span class='ocr_line' id='line_1_50' title="bbox 2106 2591 3687 2664; baseline 0.002 -19"><span class='ocrx_word' id='word_1_369' title='bbox 2106 2591 2424 2646; x_wconf 83' lang='lat' dir='ltr'><strong>distantiam</strong></span> <span class='ocrx_word' id='word_1_370' title='bbox 2461 2591 2623 2645; x_wconf 81' lang='lat' dir='ltr'><strong>habet</strong></span> <span class='ocrx_word' id='word_1_371' title='bbox 2662 2593 2732 2647; x_wconf 92' lang='lat' dir='ltr'><strong>ab</strong></span> <span class='ocrx_word' id='word_1_372' title='bbox 2783 2593 2974 2647; x_wconf 69' lang='lat' dir='ltr'><strong>aestivo</strong></span> <span class='ocrx_word' id='word_1_373' title='bbox 3022 2594 3229 2663; x_wconf 89' lang='lat' dir='ltr'><strong>tropico</strong></span> <span class='ocrx_word' id='word_1_374' title='bbox 3273 2601 3479 2664; x_wconf 91' lang='lat' dir='ltr'><strong>puncto</strong></span> <span class='ocrx_word' id='word_1_375' title='bbox 3522 2609 3687 2663; x_wconf 88' lang='lat' dir='ltr'><strong>quam</strong></span> 
     </span>
    </p>
   </div>
   <div class='ocr_carea' id='block_1_51' title="bbox 2105 2682 3690 2757">
    <p class='ocr_par' dir='ltr' id='par_1_51' title="bbox 2105 2682 3690 2757">
     <span class='ocr_line' id='line_1_51' title="bbox 2105 2682 3690 2757; baseline 0.001 -20"><span class='ocrx_word' id='word_1_376' title='bbox 2105 2682 2340 2749; x_wconf 86' lang='lat' dir='ltr'><strong>Gemini,</strong></span> <span class='ocrx_word' id='word_1_377' title='bbox 2371 2692 2424 2739; x_wconf 88' lang='lat' dir='ltr'><strong>et</strong></span> <span class='ocrx_word' id='word_1_378' title='bbox 2454 2685 2522 2739; x_wconf 91' lang='lat' dir='ltr'><strong>ab</strong></span> <span class='ocrx_word' id='word_1_379' title='bbox 2545 2685 2736 2740; x_wconf 89' lang='lat' dir='ltr'><strong>iisdem</strong></span> <span class='ocrx_word' id='word_1_380' title='bbox 2771 2685 3047 2756; x_wconf 79' lang='lat' dir='ltr'><strong>parallelis</strong></span> <span class='ocrx_word' id='word_1_381' title='bbox 3082 2687 3306 2742; x_wconf 92' lang='lat' dir='ltr'><strong>circulis</strong></span> <span class='ocrx_word' id='word_1_382' title='bbox 3330 2686 3690 2757; x_wconf 84' lang='lat' dir='ltr'><strong>comprehen-</strong></span> 
     </span>
    </p>
   </div>
   <div class='ocr_carea' id='block_1_52' title="bbox 2106 2774 3687 2842">
    <p class='ocr_par' dir='ltr' id='par_1_52' title="bbox 2106 2774 3687 2842">
     <span class='ocr_line' id='line_1_52' title="bbox 2106 2774 3687 2842; baseline 0.001 -13"><span class='ocrx_word' id='word_1_383' title='bbox 2106 2774 2290 2841; x_wconf 86' lang='lat' dir='ltr'><strong>ditur;</strong></span> <span class='ocrx_word' id='word_1_384' title='bbox 2324 2783 2379 2829; x_wconf 85' lang='lat' dir='ltr'><strong>et</strong></span> <span class='ocrx_word' id='word_1_385' title='bbox 2407 2792 2474 2831; x_wconf 78' lang='lat' dir='ltr'><strong>ex</strong></span> <span class='ocrx_word' id='word_1_386' title='bbox 2499 2778 2686 2832; x_wconf 88' lang='lat' dir='ltr'><strong>eodem</strong></span> <span class='ocrx_word' id='word_1_387' title='bbox 2723 2777 2844 2832; x_wconf 91' lang='lat' dir='ltr'><strong>loco</strong></span> <span class='ocrx_word' id='word_1_388' title='bbox 2870 2784 3051 2832; x_wconf 88' lang='lat' dir='ltr'><strong>ortum</strong></span> <span class='ocrx_word' id='word_1_389' title='bbox 3081 2777 3232 2842; x_wconf 82' lang='lat' dir='ltr'><strong>facit,</strong></span> <span class='ocrx_word' id='word_1_390' title='bbox 3261 2789 3314 2833; x_wconf 88' lang='lat' dir='ltr'><strong>et</strong></span> <span class='ocrx_word' id='word_1_391' title='bbox 3348 2780 3402 2833; x_wconf 93' lang='lat' dir='ltr'><strong>in</strong></span> <span class='ocrx_word' id='word_1_392' title='bbox 3433 2777 3687 2834; x_wconf 86' lang='lat' dir='ltr'><strong>eumdem</strong></span> 
     </span>
    </p>
   </div>
   <div class='ocr_carea' id='block_1_53' title="bbox 2106 2868 3690 2942">
    <p class='ocr_par' dir='ltr' id='par_1_53' title="bbox 2106 2868 3690 2942">
     <span class='ocr_line' id='line_1_53' title="bbox 2106 2868 3690 2942; baseline 0.004 -21"><span class='ocrx_word' id='word_1_393' title='bbox 2106 2868 2288 2923; x_wconf 90' lang='lat' dir='ltr'><strong>locum</strong></span> <span class='ocrx_word' id='word_1_394' title='bbox 2343 2870 2473 2923; x_wconf 81' lang='lat' dir='ltr'><strong>facit</strong></span> <span class='ocrx_word' id='word_1_395' title='bbox 2511 2884 2790 2924; x_wconf 81' lang='lat' dir='ltr'><strong>occasum.</strong></span> <span class='ocrx_word' id='word_1_396' title='bbox 2831 2870 2970 2925; x_wconf 90' lang='lat' dir='ltr'><strong>Sunt</strong></span> <span class='ocrx_word' id='word_1_397' title='bbox 3015 2872 3162 2927; x_wconf 91' lang='lat' dir='ltr'><strong>enim</strong></span> <span class='ocrx_word' id='word_1_398' title='bbox 3216 2872 3330 2926; x_wconf 62' lang='lat' dir='ltr'><strong>haec</strong></span> <span class='ocrx_word' id='word_1_399' title='bbox 3376 2872 3531 2942; x_wconf 83' lang='lat' dir='ltr'><strong>signa</strong></span> <span class='ocrx_word' id='word_1_400' title='bbox 3583 2872 3690 2928; x_wconf 74' lang='lat' dir='ltr'><strong>sibi</strong></span> 
     </span>
    </p>
   </div>
   <div class='ocr_carea' id='block_1_54' title="bbox 2107 2958 3685 3032">
    <p class='ocr_par' dir='ltr' id='par_1_54' title="bbox 2107 2958 3685 3032">
     <span class='ocr_line' id='line_1_54' title="bbox 2107 2958 3685 3032; baseline 0.003 -19"><span class='ocrx_word' id='word_1_401' title='bbox 2107 2958 2342 3015; x_wconf 81' lang='lat' dir='ltr'><strong>invicem</strong></span> <span class='ocrx_word' id='word_1_402' title='bbox 2383 2961 2683 3016; x_wconf 87' lang='lat' dir='ltr'><strong>secundum</strong></span> <span class='ocrx_word' id='word_1_403' title='bbox 2719 2962 3020 3032; x_wconf 81' lang='lat' dir='ltr'><strong>syzygiam,</strong></span> <span class='ocrx_word' id='word_1_404' title='bbox 3061 2977 3159 3016; x_wconf 91' lang='lat' dir='ltr'><strong>seu</strong></span> <span class='ocrx_word' id='word_1_405' title='bbox 3201 2963 3685 3017; x_wconf 87' lang='lat' dir='ltr'><strong>combinatiouem.</strong></span> 
     </span>
    </p>
   </div>
   <div class='ocr_carea' id='block_1_55' title="bbox 2107 3042 3691 3123">
    <p class='ocr_par' dir='ltr' id='par_1_55' title="bbox 2107 3042 3691 3123">
     <span class='ocr_line' id='line_1_55' title="bbox 2107 3042 3691 3123; baseline 0.004 -20"><span class='ocrx_word' id='word_1_406' title='bbox 2107 3050 2472 3119; x_wconf 85' lang='lat' dir='ltr'><strong>Quamobrem</strong></span> <span class='ocrx_word' id='word_1_407' title='bbox 2529 3042 2692 3109; x_wconf 83' lang='lat' dir='ltr'><strong>etiam</strong></span> <span class='ocrx_word' id='word_1_408' title='bbox 2742 3054 3146 3123; x_wconf 75' lang='lat' dir='ltr'><strong>magnitudines</strong></span> <span class='ocrx_word' id='word_1_409' title='bbox 3210 3054 3420 3109; x_wconf 89' lang='lat' dir='ltr'><strong>dierum</strong></span> <span class='ocrx_word' id='word_1_410' title='bbox 3475 3063 3531 3109; x_wconf 91' lang='lat' dir='ltr'><strong>et</strong></span> <span class='ocrx_word' id='word_1_411' title='bbox 3592 3070 3691 3109; x_wconf 87' lang='lat' dir='ltr'><strong>no-</strong></span> 
     </span>
    </p>
   </div>
   <div class='ocr_carea' id='block_1_56' title="bbox 422 3128 2007 3238">
    <p class='ocr_par' dir='ltr' id='par_1_56' title="bbox 422 3128 2007 3203">
     <span class='ocr_line' id='line_1_56' title="bbox 422 3128 2007 3203; baseline 0.002 -22"><span class='ocrx_word' id='word_1_412' title='bbox 422 3128 701 3201; x_wconf 82' lang='grc' dir='ltr'>Καρκίνῳ.</span> <span class='ocrx_word' id='word_1_413' title='bbox 738 3130 849 3184; x_wconf 75' lang='grc' dir='ltr'>Καὶ</span> <span class='ocrx_word' id='word_1_414' title='bbox 883 3129 993 3200; x_wconf 78' lang='grc' dir='ltr'>γὰρ</span> <span class='ocrx_word' id='word_1_415' title='bbox 1026 3133 1084 3184; x_wconf 83' lang='grc' dir='ltr'>ὲν</span> <span class='ocrx_word' id='word_1_416' title='bbox 1113 3133 1226 3194; x_wconf 84' lang='grc' dir='ltr'>τοῖς</span> <span class='ocrx_word' id='word_1_417' title='bbox 1262 3130 1575 3202; x_wconf 83' lang='grc' dir='ltr'>ὡρολογίοις</span> <span class='ocrx_word' id='word_1_418' title='bbox 1618 3131 1680 3184; x_wconf 84' lang='grc' dir='ltr'><strong>τὸ</strong></span> <span class='ocrx_word' id='word_1_419' title='bbox 1707 3130 1876 3203; x_wconf 84' lang='grc' dir='ltr'>ἀκρον</span> <span class='ocrx_word' id='word_1_420' title='bbox 1906 3131 2007 3202; x_wconf 86' lang='grc' dir='ltr'>τῆς</span> 
     </span>
    </p>
   </div>
   <div class='ocr_carea' id='block_1_57' title="bbox 2109 3128 3690 3238">
    <p class='ocr_par' dir='ltr' id='par_1_57' title="bbox 2114 3142 3690 3213">
     <span class='ocr_line' id='line_1_57' title="bbox 2114 3142 3690 3213; baseline 0.003 -17"><span class='ocrx_word' id='word_1_421' title='bbox 2114 3144 2285 3197; x_wconf 89' lang='lat' dir='ltr'><strong>ctium</strong></span> <span class='ocrx_word' id='word_1_422' title='bbox 2314 3145 2555 3213; x_wconf 64' lang='lat' dir='ltr'><strong>arqualcs</strong></span> <span class='ocrx_word' id='word_1_423' title='bbox 2588 3153 2717 3199; x_wconf 89' lang='lat' dir='ltr'><strong>sunt</strong></span> <span class='ocrx_word' id='word_1_424' title='bbox 2747 3146 2801 3199; x_wconf 93' lang='lat' dir='ltr'><strong>in</strong></span> <span class='ocrx_word' id='word_1_425' title='bbox 2835 3142 3081 3200; x_wconf 86' lang='lat' dir='ltr'><strong>Geminis</strong></span> <span class='ocrx_word' id='word_1_426' title='bbox 3115 3153 3168 3199; x_wconf 90' lang='lat' dir='ltr'><strong>et</strong></span> <span class='ocrx_word' id='word_1_427' title='bbox 3196 3146 3428 3201; x_wconf 80' lang='lat' dir='ltr'><strong>Cancro.</strong></span> <span class='ocrx_word' id='word_1_428' title='bbox 3476 3145 3690 3200; x_wconf 85' lang='lat' dir='ltr'><strong>Etenim</strong></span> 
     </span>
    </p>
   </div>
   <div class='ocr_carea' id='block_1_58' title="bbox 418 3220 2007 3293">
    <p class='ocr_par' dir='ltr' id='par_1_58' title="bbox 418 3220 2007 3293">
     <span class='ocr_line' id='line_1_58' title="bbox 418 3220 2007 3293; baseline 0.003 -20"><span class='ocrx_word' id='word_1_429' title='bbox 418 3220 516 3274; x_wconf 81' lang='grc' dir='ltr'>τοῦ</span> <span class='ocrx_word' id='word_1_430' title='bbox 546 3221 821 3292; x_wconf 83' lang='grc' dir='ltr'>γνώμονος</span> <span class='ocrx_word' id='word_1_431' title='bbox 873 3225 1031 3285; x_wconf 79' lang='grc' dir='ltr'>σκιᾶς</span> <span class='ocrx_word' id='word_1_432' title='bbox 1061 3222 1161 3286; x_wconf 84' lang='grc' dir='ltr'>τὰς</span> <span class='ocrx_word' id='word_1_433' title='bbox 1212 3222 1381 3287; x_wconf 76' lang='grc' dir='ltr'>αὑτὰς</span> <span class='ocrx_word' id='word_1_434' title='bbox 1427 3223 1629 3292; x_wconf 79' lang='grc' dir='ltr'>γράφει</span> <span class='ocrx_word' id='word_1_435' title='bbox 1657 3222 1923 3293; x_wconf 84' lang='grc' dir='ltr'>γραμμὰς</span> <span class='ocrx_word' id='word_1_436' title='bbox 1950 3225 2007 3277; x_wconf 81' lang='grc' dir='ltr'>ὲν</span> 
     </span>
    </p>
   </div>
   <div class='ocr_carea' id='block_1_59' title="bbox 420 3312 2009 3383">
    <p class='ocr_par' dir='ltr' id='par_1_59' title="bbox 420 3312 2009 3383">
     <span class='ocr_line' id='line_1_59' title="bbox 420 3312 2009 3383; baseline 0.003 -20"><span class='ocrx_word' id='word_1_437' title='bbox 420 3312 534 3374; x_wconf 81' lang='grc' dir='ltr'>τοῖς</span> <span class='ocrx_word' id='word_1_438' title='bbox 577 3313 996 3383; x_wconf 85' lang='grc' dir='ltr'>προειρημένοις</span> <span class='ocrx_word' id='word_1_439' title='bbox 1035 3312 1268 3377; x_wconf 79' lang='grc' dir='ltr'>ξωδίοις.</span> <span class='ocrx_word' id='word_1_440' title='bbox 1325 3314 1382 3366; x_wconf 88' lang='lat' dir='ltr'><strong>&#39;O</strong></span> <span class='ocrx_word' id='word_1_441' title='bbox 1413 3314 1471 3367; x_wconf 83' lang='grc' dir='ltr'>δὲ</span> <span class='ocrx_word' id='word_1_442' title='bbox 1520 3312 1682 3374; x_wconf 82' lang='grc' dir='ltr'>αὐτὸς</span> <span class='ocrx_word' id='word_1_443' title='bbox 1730 3314 1886 3382; x_wconf 84' lang='grc' dir='ltr'>λόγος</span> <span class='ocrx_word' id='word_1_444' title='bbox 1914 3314 2009 3368; x_wconf 72' lang='grc' dir='ltr'><strong>καὶ</strong></span> 
     </span>
    </p>
   </div>
   <div class='ocr_carea' id='block_1_60' title="bbox 422 3403 2009 3476">
    <p class='ocr_par' dir='ltr' id='par_1_60' title="bbox 422 3403 2009 3476">
     <span class='ocr_line' id='line_1_60' title="bbox 422 3403 2009 3476; baseline 0.002 -21"><span class='ocrx_word' id='word_1_445' title='bbox 422 3404 517 3456; x_wconf 74' lang='grc' dir='ltr'>ἐπὶ</span> <span class='ocrx_word' id='word_1_446' title='bbox 546 3403 655 3456; x_wconf 86' lang='grc' dir='ltr'><strong>τῶν</strong></span> <span class='ocrx_word' id='word_1_447' title='bbox 690 3403 1016 3476; x_wconf 87' lang='grc' dir='ltr'>χειμερινῶν</span> <span class='ocrx_word' id='word_1_448' title='bbox 1049 3405 1289 3476; x_wconf 82' lang='grc' dir='ltr'>τροπῶν.</span> <span class='ocrx_word' id='word_1_449' title='bbox 1337 3404 1471 3459; x_wconf 75' lang='grc' dir='ltr'>Οὐδὲ</span> <span class='ocrx_word' id='word_1_450' title='bbox 1508 3406 1617 3476; x_wconf 85' lang='grc' dir='ltr'><strong>γὰρ</strong></span> <span class='ocrx_word' id='word_1_451' title='bbox 1653 3406 1740 3458; x_wconf 76' lang='grc' dir='ltr'><strong>ἐπ’</strong></span> <span class='ocrx_word' id='word_1_452' title='bbox 1786 3405 2009 3459; x_wconf 82' lang='grc' dir='ltr'>ἐκείνων</span> 
     </span>
    </p>
   </div>
   <div class='ocr_carea' id='block_1_61' title="bbox 424 3496 2009 3570">
    <p class='ocr_par' dir='ltr' id='par_1_61' title="bbox 424 3496 2009 3570">
     <span class='ocr_line' id='line_1_61' title="bbox 424 3496 2009 3570; baseline 0.001 -20"><span class='ocrx_word' id='word_1_453' title='bbox 424 3496 761 3568; x_wconf 81' lang='grc' dir='ltr'>ὑποληπτέον</span> <span class='ocrx_word' id='word_1_454' title='bbox 792 3499 848 3550; x_wconf 80' lang='grc' dir='ltr'>ἐν</span> <span class='ocrx_word' id='word_1_455' title='bbox 885 3497 993 3569; x_wconf 81' lang='grc' dir='ltr'>ὅλῳ</span> <span class='ocrx_word' id='word_1_456' title='bbox 1036 3498 1116 3569; x_wconf 81' lang='grc' dir='ltr'><strong>τῷ</strong></span> <span class='ocrx_word' id='word_1_457' title='bbox 1162 3500 1445 3570; x_wconf 85' lang='grc' dir='ltr'>Αίγόκερῳ</span> <span class='ocrx_word' id='word_1_458' title='bbox 1506 3498 1769 3570; x_wconf 88' lang='grc' dir='ltr'>μεγίστας</span> <span class='ocrx_word' id='word_1_459' title='bbox 1809 3498 2009 3562; x_wconf 89' lang='grc' dir='ltr'>νύκτας</span> 
     </span>
    </p>
   </div>
   <div class='ocr_carea' id='block_1_62' title="bbox 424 3591 2011 3665">
    <p class='ocr_par' dir='ltr' id='par_1_62' title="bbox 424 3591 2011 3665">
     <span class='ocr_line' id='line_1_62' title="bbox 424 3591 2011 3665; baseline 0.001 -21"><span class='ocrx_word' id='word_1_460' title='bbox 424 3591 666 3660; x_wconf 82' lang='grc' dir='ltr'>γίνεσθαι</span> <span class='ocrx_word' id='word_1_461' title='bbox 688 3608 702 3622; x_wconf 82' lang='grc'><em>’</em></span> <span class='ocrx_word' id='word_1_462' title='bbox 740 3591 854 3645; x_wconf 87' lang='grc' dir='ltr'>ἀλλ’</span> <span class='ocrx_word' id='word_1_463' title='bbox 886 3592 946 3645; x_wconf 74' lang='grc' dir='ltr'>ἓν</span> <span class='ocrx_word' id='word_1_464' title='bbox 981 3609 1034 3646; x_wconf 91' lang='grc' dir='ltr'><strong>τι</strong></span> <span class='ocrx_word' id='word_1_465' title='bbox 1068 3596 1296 3663; x_wconf 85' lang='grc' dir='ltr'>σημεῖον</span> <span class='ocrx_word' id='word_1_466' title='bbox 1333 3593 1476 3663; x_wconf 81' lang='grc' dir='ltr'>λόγῳ</span> <span class='ocrx_word' id='word_1_467' title='bbox 1508 3593 1802 3665; x_wconf 65' lang='grc' dir='ltr'>θεωρητὴν,</span> <span class='ocrx_word' id='word_1_468' title='bbox 1836 3592 1866 3645; x_wconf 86' lang='grc' dir='ltr'><strong>ὂ</strong></span> <span class='ocrx_word' id='word_1_469' title='bbox 1897 3609 2011 3645; x_wconf 87' lang='grc' dir='ltr'>κοι-</span> 
     </span>
    </p>
   </div>
   <div class='ocr_carea' id='block_1_63' title="bbox 423 3683 2006 3757">
    <p class='ocr_par' dir='ltr' id='par_1_63' title="bbox 423 3683 2006 3757">
     <span class='ocr_line' id='line_1_63' title="bbox 423 3683 2006 3757; baseline 0.001 -20"><span class='ocrx_word' id='word_1_470' title='bbox 423 3683 513 3738; x_wconf 79' lang='grc' dir='ltr'><strong>νόν</strong></span> <span class='ocrx_word' id='word_1_471' title='bbox 536 3686 682 3738; x_wconf 77' lang='grc' dir='ltr'>ἐστιν</span> <span class='ocrx_word' id='word_1_472' title='bbox 711 3684 994 3755; x_wconf 81' lang='grc' dir='ltr'>Αίγόκερω</span> <span class='ocrx_word' id='word_1_473' title='bbox 1019 3686 1111 3738; x_wconf 76' lang='grc' dir='ltr'>καὶ</span> <span class='ocrx_word' id='word_1_474' title='bbox 1137 3683 1228 3738; x_wconf 84' lang='grc' dir='ltr'>τοῦ</span> <span class='ocrx_word' id='word_1_475' title='bbox 1264 3685 1512 3751; x_wconf 80' lang='grc' dir='ltr'>Τοξότου,</span> <span class='ocrx_word' id='word_1_476' title='bbox 1536 3685 1635 3755; x_wconf 82' lang='grc' dir='ltr'>τὴν</span> <span class='ocrx_word' id='word_1_477' title='bbox 1668 3685 1838 3757; x_wconf 82' lang='grc' dir='ltr'>αὐτὴν</span> <span class='ocrx_word' id='word_1_478' title='bbox 1870 3685 2006 3738; x_wconf 60' lang='grc' dir='ltr'>ἀπό.</span> 
     </span>
    </p>
   </div>
   <div class='ocr_carea' id='block_1_64' title="bbox 426 3775 2007 3850">
    <p class='ocr_par' dir='ltr' id='par_1_64' title="bbox 426 3775 2007 3850">
     <span class='ocr_line' id='line_1_64' title="bbox 426 3775 2007 3850; baseline 0.001 -21"><span class='ocrx_word' id='word_1_479' title='bbox 426 3790 619 3829; x_wconf 72' lang='grc' dir='ltr'>στασιν</span> <span class='ocrx_word' id='word_1_480' title='bbox 650 3775 764 3846; x_wconf 74' lang='grc' dir='ltr'>ἔχει</span> <span class='ocrx_word' id='word_1_481' title='bbox 811 3777 918 3830; x_wconf 87' lang='grc' dir='ltr'><strong>ἀπὸ</strong></span> <span class='ocrx_word' id='word_1_482' title='bbox 966 3778 1061 3830; x_wconf 84' lang='grc' dir='ltr'>τοῦ</span> <span class='ocrx_word' id='word_1_483' title='bbox 1102 3777 1364 3849; x_wconf 85' lang='grc' dir='ltr'>τροπικοῦ</span> <span class='ocrx_word' id='word_1_484' title='bbox 1406 3777 1715 3849; x_wconf 87' lang='grc' dir='ltr'>χειμερινοῦ</span> <span class='ocrx_word' id='word_1_485' title='bbox 1758 3778 2007 3850; x_wconf 84' lang='grc' dir='ltr'>σημείου,</span> 
     </span>
    </p>
   </div>
   <div class='ocr_carea' id='block_1_65' title="bbox 425 3868 2009 3942">
    <p class='ocr_par' dir='ltr' id='par_1_65' title="bbox 425 3868 2009 3942">
     <span class='ocr_line' id='line_1_65' title="bbox 425 3868 2009 3942; baseline 0.002 -21"><span class='ocrx_word' id='word_1_486' title='bbox 425 3868 520 3922; x_wconf 77' lang='grc' dir='ltr'>καὶ</span> <span class='ocrx_word' id='word_1_487' title='bbox 555 3868 662 3922; x_wconf 75' lang='grc' dir='ltr'>ὑπὸ</span> <span class='ocrx_word' id='word_1_488' title='bbox 701 3869 811 3922; x_wconf 85' lang='grc' dir='ltr'><strong>τῶν</strong></span> <span class='ocrx_word' id='word_1_489' title='bbox 850 3868 1030 3923; x_wconf 83' lang='grc' dir='ltr'>αὐτῶν</span> <span class='ocrx_word' id='word_1_490' title='bbox 1073 3870 1433 3942; x_wconf 85' lang='grc' dir='ltr'>παραλλήλων</span> <span class='ocrx_word' id='word_1_491' title='bbox 1470 3869 2009 3941; x_wconf 82' lang='grc' dir='ltr'>ἐμπεριλαμϐάνεται</span> 
     </span>
    </p>
   </div>
   <div class='ocr_carea' id='block_1_66' title="bbox 426 3959 2010 4032">
    <p class='ocr_par' dir='ltr' id='par_1_66' title="bbox 426 3959 2010 4032">
     <span class='ocr_line' id='line_1_66' title="bbox 426 3959 2010 4032; baseline 0.003 -18"><span class='ocrx_word' id='word_1_492' title='bbox 426 3959 664 4024; x_wconf 86' lang='grc' dir='ltr'>κύκλων,</span> <span class='ocrx_word' id='word_1_493' title='bbox 699 3962 795 4015; x_wconf 76' lang='grc' dir='ltr'>καὶ</span> <span class='ocrx_word' id='word_1_494' title='bbox 818 3960 964 4016; x_wconf 79' lang='grc' dir='ltr'>ἐστιν</span> <span class='ocrx_word' id='word_1_495' title='bbox 994 3961 1243 4032; x_wconf 85' lang='grc' dir='ltr'>ἀλλήλοις</span> <span class='ocrx_word' id='word_1_496' title='bbox 1274 3962 1416 4016; x_wconf 79' lang='grc' dir='ltr'>κατὰ</span> <span class='ocrx_word' id='word_1_497' title='bbox 1446 3961 1709 4031; x_wconf 76' lang='grc' dir='ltr'>συζυγίαν</span> <span class='ocrx_word' id='word_1_498' title='bbox 1727 3981 1742 3995; x_wconf 79' lang='grc' dir='ltr'><strong>ο</strong></span> <span class='ocrx_word' id='word_1_499' title='bbox 1773 3963 1895 4018; x_wconf 79' lang='grc' dir='ltr'>ὅθεν</span> <span class='ocrx_word' id='word_1_500' title='bbox 1917 3965 2010 4018; x_wconf 78' lang='grc' dir='ltr'>καὶ</span> 
     </span>
    </p>
   </div>
   <div class='ocr_carea' id='block_1_67' title="bbox 425 4052 2012 4127">
    <p class='ocr_par' dir='ltr' id='par_1_67' title="bbox 425 4052 2012 4127">
     <span class='ocr_line' id='line_1_67' title="bbox 425 4052 2012 4127; baseline 0.003 -21"><span class='ocrx_word' id='word_1_501' title='bbox 425 4052 495 4107; x_wconf 80' lang='grc' dir='ltr'>τὰ</span> <span class='ocrx_word' id='word_1_502' title='bbox 523 4053 728 4126; x_wconf 85' lang='grc' dir='ltr'>μεγέθη</span> <span class='ocrx_word' id='word_1_503' title='bbox 762 4052 870 4108; x_wconf 83' lang='grc' dir='ltr'><strong>τῶν</strong></span> <span class='ocrx_word' id='word_1_504' title='bbox 893 4052 1118 4127; x_wconf 85' lang='grc' dir='ltr'>ήμερῶν</span> <span class='ocrx_word' id='word_1_505' title='bbox 1151 4055 1244 4107; x_wconf 74' lang='grc' dir='ltr'>καὶ</span> <span class='ocrx_word' id='word_1_506' title='bbox 1271 4054 1480 4109; x_wconf 82' lang='grc' dir='ltr'>νυκτῶν</span> <span class='ocrx_word' id='word_1_507' title='bbox 1511 4056 1600 4108; x_wconf 82' lang='grc' dir='ltr'><strong>ίσα</strong></span> <span class='ocrx_word' id='word_1_508' title='bbox 1641 4056 1789 4109; x_wconf 72' lang='grc' dir='ltr'>ἐστὶν</span> <span class='ocrx_word' id='word_1_509' title='bbox 1814 4057 1873 4110; x_wconf 79' lang='grc' dir='ltr'>ὲν</span> <span class='ocrx_word' id='word_1_510' title='bbox 1909 4058 2012 4111; x_wconf 82' lang='grc' dir='ltr'><strong>Το-</strong></span> 
     </span>
    </p>
   </div>
   <div class='ocr_carea' id='block_1_68' title="bbox 426 4144 2011 4220">
    <p class='ocr_par' dir='ltr' id='par_1_68' title="bbox 426 4144 2011 4220">
     <span class='ocr_line' id='line_1_68' title="bbox 426 4144 2011 4220; baseline 0.001 -21"><span class='ocrx_word' id='word_1_511' title='bbox 426 4144 557 4220; x_wconf 76' lang='grc' dir='ltr'>ξότῃ</span> <span class='ocrx_word' id='word_1_512' title='bbox 610 4146 706 4199; x_wconf 72' lang='grc' dir='ltr'>καὶ</span> <span class='ocrx_word' id='word_1_513' title='bbox 759 4146 1064 4217; x_wconf 80' lang='grc' dir='ltr'>Αίγόκερῳ.</span> <span class='ocrx_word' id='word_1_514' title='bbox 1114 4144 1359 4199; x_wconf 79' lang='grc' dir='ltr'>Καθόλου</span> <span class='ocrx_word' id='word_1_515' title='bbox 1401 4145 1458 4198; x_wconf 85' lang='grc' dir='ltr'>δὲ</span> <span class='ocrx_word' id='word_1_516' title='bbox 1511 4146 1613 4200; x_wconf 84' lang='grc' dir='ltr'><strong>ὅσα</strong></span> <span class='ocrx_word' id='word_1_517' title='bbox 1657 4145 1766 4199; x_wconf 81' lang='grc' dir='ltr'><strong>τῶν</strong></span> <span class='ocrx_word' id='word_1_518' title='bbox 1806 4147 2011 4212; x_wconf 78' lang='grc' dir='ltr'>ζωδίων</span> 
     </span>
    </p>
   </div>
   <div class='ocr_carea' id='block_1_69' title="bbox 426 4237 2013 4310">
    <p class='ocr_par' dir='ltr' id='par_1_69' title="bbox 426 4237 2013 4310">
     <span class='ocr_line' id='line_1_69' title="bbox 426 4237 2013 4310; baseline -0.001 -17"><span class='ocrx_word' id='word_1_519' title='bbox 426 4238 571 4293; x_wconf 84' lang='grc' dir='ltr'><strong>κατά</strong></span> <span class='ocrx_word' id='word_1_520' title='bbox 611 4237 869 4307; x_wconf 80' lang='grc' dir='ltr'>συζυγίαν</span> <span class='ocrx_word' id='word_1_521' title='bbox 915 4237 1165 4310; x_wconf 84' lang='grc' dir='ltr'>ἀλλήλοις</span> <span class='ocrx_word' id='word_1_522' title='bbox 1203 4238 1473 4309; x_wconf 86' lang='grc' dir='ltr'>ὑπάρχει,</span> <span class='ocrx_word' id='word_1_523' title='bbox 1517 4238 1687 4292; x_wconf 77' lang='grc' dir='ltr'>ταῦτα</span> <span class='ocrx_word' id='word_1_524' title='bbox 1733 4238 1803 4292; x_wconf 88' lang='grc' dir='ltr'>τὰ</span> <span class='ocrx_word' id='word_1_525' title='bbox 1847 4238 2013 4304; x_wconf 82' lang='grc' dir='ltr'>ζὼδια</span> 
     </span>
    </p>
   </div>
   <div class='ocr_carea' id='block_1_70' title="bbox 430 4327 2011 4403">
    <p class='ocr_par' dir='ltr' id='par_1_70' title="bbox 430 4327 2011 4403">
     <span class='ocr_line' id='line_1_70' title="bbox 430 4327 2011 4403; baseline 0.001 -20"><span class='ocrx_word' id='word_1_526' title='bbox 430 4331 551 4394; x_wconf 83' lang='grc' dir='ltr'>ῐσας</span> <span class='ocrx_word' id='word_1_527' title='bbox 578 4331 792 4403; x_wconf 80' lang='grc' dir='ltr'>ἡμέρας</span> <span class='ocrx_word' id='word_1_528' title='bbox 834 4331 928 4384; x_wconf 76' lang='grc' dir='ltr'>καὶ</span> <span class='ocrx_word' id='word_1_529' title='bbox 958 4329 1157 4395; x_wconf 85' lang='grc' dir='ltr'>νύκτας</span> <span class='ocrx_word' id='word_1_530' title='bbox 1186 4332 1450 4402; x_wconf 76' lang='grc' dir='ltr'>περιέχει.</span> <span class='ocrx_word' id='word_1_531' title='bbox 1485 4332 1740 4385; x_wconf 85' lang='grc' dir='ltr'>Ἔσονται</span> <span class='ocrx_word' id='word_1_532' title='bbox 1778 4327 1872 4384; x_wconf 77' lang='grc' dir='ltr'><strong>οὖν</strong></span> <span class='ocrx_word' id='word_1_533' title='bbox 1902 4331 2011 4385; x_wconf 84' lang='grc' dir='ltr'>ἴσαι</span> 
     </span>
    </p>
   </div>
   <div class='ocr_carea' id='block_1_71' title="bbox 427 4421 2008 4495">
    <p class='ocr_par' dir='ltr' id='par_1_71' title="bbox 427 4421 2008 4495">
     <span class='ocr_line' id='line_1_71' title="bbox 427 4421 2008 4495; baseline 0 -20"><span class='ocrx_word' id='word_1_534' title='bbox 427 4423 634 4495; x_wconf 71' lang='grc' dir='ltr'>ἡμέραι</span> <span class='ocrx_word' id='word_1_535' title='bbox 662 4424 720 4475; x_wconf 78' lang='grc' dir='ltr'>ἐν</span> <span class='ocrx_word' id='word_1_536' title='bbox 745 4422 997 4493; x_wconf 85' lang='grc' dir='ltr'>Διδύμοις</span> <span class='ocrx_word' id='word_1_537' title='bbox 1026 4423 1120 4475; x_wconf 55' lang='grc' dir='ltr'><strong>καὶ¹</strong></span> <span class='ocrx_word' id='word_1_538' title='bbox 1142 4423 1422 4493; x_wconf 85' lang='grc' dir='ltr'>Καρκίνῳ,</span> <span class='ocrx_word' id='word_1_539' title='bbox 1445 4421 1644 4494; x_wconf 85' lang='grc' dir='ltr'>Ταύρῳ</span> <span class='ocrx_word' id='word_1_540' title='bbox 1676 4421 1770 4476; x_wconf 72' lang='grc' dir='ltr'><strong>καὶ</strong></span> <span class='ocrx_word' id='word_1_541' title='bbox 1796 4422 2008 4485; x_wconf 82' lang='grc' dir='ltr'>Λέοντι,</span> 
     </span>
    </p>
   </div>
   <div class='ocr_carea' id='block_1_72' title="bbox 2112 3235 3690 3307">
    <p class='ocr_par' dir='ltr' id='par_1_72' title="bbox 2112 3235 3690 3307">
     <span class='ocr_line' id='line_1_72' title="bbox 2112 3235 3690 3307; baseline 0.001 -17"><span class='ocrx_word' id='word_1_542' title='bbox 2112 3236 2168 3290; x_wconf 86' lang='lat' dir='ltr'><strong>in</strong></span> <span class='ocrx_word' id='word_1_543' title='bbox 2195 3235 2493 3307; x_wconf 82' lang='lat' dir='ltr'><strong>horologiis</strong></span> <span class='ocrx_word' id='word_1_544' title='bbox 2523 3238 2840 3292; x_wconf 81' lang='lat' dir='ltr'><strong>extremitas</strong></span> <span class='ocrx_word' id='word_1_545' title='bbox 2868 3236 3071 3290; x_wconf 74' lang='lat' dir='ltr'><strong>utnbrze</strong></span> <span class='ocrx_word' id='word_1_546' title='bbox 3089 3237 3141 3290; x_wconf 89' lang='lat' dir='ltr'><strong>in</strong></span> <span class='ocrx_word' id='word_1_547' title='bbox 3175 3252 3445 3305; x_wconf 80' lang='lat' dir='ltr'><strong>gnomone</strong></span> <span class='ocrx_word' id='word_1_548' title='bbox 3469 3236 3690 3291; x_wconf 81' lang='lat' dir='ltr'><strong>easdem</strong></span> 
     </span>
    </p>
   </div>
   <div class='ocr_carea' id='block_1_73' title="bbox 2112 3328 3692 3399">
    <p class='ocr_par' dir='ltr' id='par_1_73' title="bbox 2112 3328 3692 3399">
     <span class='ocr_line' id='line_1_73' title="bbox 2112 3328 3692 3399; baseline 0.002 -19"><span class='ocrx_word' id='word_1_549' title='bbox 2112 3328 2285 3384; x_wconf 88' lang='lat' dir='ltr'><strong>lineas</strong></span> <span class='ocrx_word' id='word_1_550' title='bbox 2314 3330 2580 3384; x_wconf 82' lang='lat' dir='ltr'><strong>describit</strong></span> <span class='ocrx_word' id='word_1_551' title='bbox 2611 3329 2665 3383; x_wconf 93' lang='lat' dir='ltr'><strong>in</strong></span> <span class='ocrx_word' id='word_1_552' title='bbox 2695 3328 2859 3385; x_wconf 90' lang='lat' dir='ltr'><strong>dictis</strong></span> <span class='ocrx_word' id='word_1_553' title='bbox 2909 3329 3102 3399; x_wconf 79' lang='lat' dir='ltr'><strong>signis.</strong></span> <span class='ocrx_word' id='word_1_554' title='bbox 3164 3328 3366 3383; x_wconf 88' lang='lat' dir='ltr'><strong>Eadem</strong></span> <span class='ocrx_word' id='word_1_555' title='bbox 3417 3336 3503 3384; x_wconf 89' lang='lat' dir='ltr'><strong>est</strong></span> <span class='ocrx_word' id='word_1_556' title='bbox 3548 3329 3692 3383; x_wconf 87' lang='lat' dir='ltr'><strong>ratio</strong></span> 
     </span>
    </p>
   </div>
   <div class='ocr_carea' id='block_1_74' title="bbox 2112 3419 3692 3488">
    <p class='ocr_par' dir='ltr' id='par_1_74' title="bbox 2112 3419 3692 3488">
     <span class='ocr_line' id='line_1_74' title="bbox 2112 3419 3692 3488; baseline 0.003 -17"><span class='ocrx_word' id='word_1_557' title='bbox 2112 3419 2272 3472; x_wconf 85' lang='lat' dir='ltr'><strong>etiam</strong></span> <span class='ocrx_word' id='word_1_558' title='bbox 2306 3420 2360 3473; x_wconf 93' lang='lat' dir='ltr'><strong>in</strong></span> <span class='ocrx_word' id='word_1_559' title='bbox 2394 3420 2643 3475; x_wconf 87' lang='lat' dir='ltr'><strong>hibernis</strong></span> <span class='ocrx_word' id='word_1_560' title='bbox 2676 3421 3154 3476; x_wconf 87' lang='lat' dir='ltr'><strong>conversionibus.</strong></span> <span class='ocrx_word' id='word_1_561' title='bbox 3207 3419 3394 3488; x_wconf 79' lang='lat' dir='ltr'><strong>Neque</strong></span> <span class='ocrx_word' id='word_1_562' title='bbox 3436 3422 3581 3476; x_wconf 89' lang='lat' dir='ltr'><strong>enim</strong></span> <span class='ocrx_word' id='word_1_563' title='bbox 3632 3422 3692 3475; x_wconf 91' lang='lat' dir='ltr'><strong>in</strong></span> 
     </span>
    </p>
   </div>
   <div class='ocr_carea' id='block_1_75' title="bbox 2112 3510 3692 3583">
    <p class='ocr_par' dir='ltr' id='par_1_75' title="bbox 2112 3510 3692 3583">
     <span class='ocr_line' id='line_1_75' title="bbox 2112 3510 3692 3583; baseline 0.003 -19"><span class='ocrx_word' id='word_1_564' title='bbox 2112 3510 2222 3565; x_wconf 89' lang='lat' dir='ltr'><strong>illis</strong></span> <span class='ocrx_word' id='word_1_565' title='bbox 2253 3512 2551 3581; x_wconf 90' lang='lat' dir='ltr'><strong>putandum</strong></span> <span class='ocrx_word' id='word_1_566' title='bbox 2576 3524 2660 3568; x_wconf 91' lang='lat' dir='ltr'><strong>est</strong></span> <span class='ocrx_word' id='word_1_567' title='bbox 2688 3513 2743 3567; x_wconf 91' lang='lat' dir='ltr'><strong>in</strong></span> <span class='ocrx_word' id='word_1_568' title='bbox 2789 3522 2904 3567; x_wconf 88' lang='lat' dir='ltr'><strong>toto</strong></span> <span class='ocrx_word' id='word_1_569' title='bbox 2957 3512 3295 3583; x_wconf 88' lang='lat' dir='ltr'><strong>Capricorno</strong></span> <span class='ocrx_word' id='word_1_570' title='bbox 3339 3512 3692 3583; x_wconf 77' lang='lat' dir='ltr'><strong>longissimas</strong></span> 
     </span>
    </p>
   </div>
   <div class='ocr_carea' id='block_1_76' title="bbox 2112 3602 3693 3676">
    <p class='ocr_par' dir='ltr' id='par_1_76' title="bbox 2112 3602 3693 3676">
     <span class='ocr_line' id='line_1_76' title="bbox 2112 3602 3693 3676; baseline 0.002 -19"><span class='ocrx_word' id='word_1_571' title='bbox 2112 3602 2230 3657; x_wconf 83' lang='lat' dir='ltr'><strong>ﬁeri</strong></span> <span class='ocrx_word' id='word_1_572' title='bbox 2264 3612 2498 3661; x_wconf 88' lang='lat' dir='ltr'><strong>noctes:</strong></span> <span class='ocrx_word' id='word_1_573' title='bbox 2533 3606 2628 3662; x_wconf 89' lang='lat' dir='ltr'><strong>sed</strong></span> <span class='ocrx_word' id='word_1_574' title='bbox 2682 3622 2849 3659; x_wconf 91' lang='lat' dir='ltr'><strong>unum</strong></span> <span class='ocrx_word' id='word_1_575' title='bbox 2902 3605 3120 3676; x_wconf 87' lang='lat' dir='ltr'><strong>aliquod</strong></span> <span class='ocrx_word' id='word_1_576' title='bbox 3168 3613 3430 3676; x_wconf 90' lang='lat' dir='ltr'><strong>punctum</strong></span> <span class='ocrx_word' id='word_1_577' title='bbox 3479 3605 3693 3660; x_wconf 87' lang='lat' dir='ltr'><strong>ratione</strong></span> 
     </span>
    </p>
   </div>
   <div class='ocr_carea' id='block_1_77' title="bbox 2114 3696 3694 3769">
    <p class='ocr_par' dir='ltr' id='par_1_77' title="bbox 2114 3696 3694 3769">
     <span class='ocr_line' id='line_1_77' title="bbox 2114 3696 3694 3769; baseline 0 -18"><span class='ocrx_word' id='word_1_578' title='bbox 2114 3696 2533 3767; x_wconf 85' lang='lat' dir='ltr'><strong>intelligendum</strong></span> <span class='ocrx_word' id='word_1_579' title='bbox 2576 3713 2868 3755; x_wconf 89' lang='lat' dir='ltr'><strong>commune</strong></span> <span class='ocrx_word' id='word_1_580' title='bbox 2905 3706 2990 3755; x_wconf 88' lang='lat' dir='ltr'><strong>est</strong></span> <span class='ocrx_word' id='word_1_581' title='bbox 3032 3698 3372 3769; x_wconf 85' lang='lat' dir='ltr'><strong>Capricorno</strong></span> <span class='ocrx_word' id='word_1_582' title='bbox 3418 3705 3473 3753; x_wconf 91' lang='lat' dir='ltr'><strong>et</strong></span> <span class='ocrx_word' id='word_1_583' title='bbox 3512 3696 3694 3767; x_wconf 78' lang='lat' dir='ltr'><strong>Sagit-</strong></span> 
     </span>
    </p>
   </div>
   <div class='ocr_carea' id='block_1_78' title="bbox 2111 3789 3693 3863">
    <p class='ocr_par' dir='ltr' id='par_1_78' title="bbox 2111 3789 3693 3863">
     <span class='ocr_line' id='line_1_78' title="bbox 2111 3789 3693 3863; baseline 0.002 -21"><span class='ocrx_word' id='word_1_584' title='bbox 2111 3789 2253 3843; x_wconf 88' lang='lat' dir='ltr'><strong>tario</strong></span> <span class='ocrx_word' id='word_1_585' title='bbox 2290 3809 2303 3844; x_wconf 91' lang='lat'><strong>:</strong></span> <span class='ocrx_word' id='word_1_586' title='bbox 2337 3796 2512 3844; x_wconf 88' lang='lat' dir='ltr'><strong>totum</strong></span> <span class='ocrx_word' id='word_1_587' title='bbox 2537 3807 2667 3846; x_wconf 88' lang='lat' dir='ltr'><strong>vero</strong></span> <span class='ocrx_word' id='word_1_588' title='bbox 2715 3793 2931 3863; x_wconf 82' lang='lat' dir='ltr'><strong>signum</strong></span> <span class='ocrx_word' id='word_1_589' title='bbox 2976 3791 3322 3863; x_wconf 85' lang='lat' dir='ltr'><strong>Capricorni.</strong></span> <span class='ocrx_word' id='word_1_590' title='bbox 3369 3798 3424 3846; x_wconf 89' lang='lat' dir='ltr'><strong>et</strong></span> <span class='ocrx_word' id='word_1_591' title='bbox 3475 3792 3693 3861; x_wconf 83' lang='lat' dir='ltr'><strong>signum</strong></span> 
     </span>
    </p>
   </div>
   <div class='ocr_carea' id='block_1_79' title="bbox 2115 3881 3695 3954">
    <p class='ocr_par' dir='ltr' id='par_1_79' title="bbox 2115 3881 3695 3954">
     <span class='ocr_line' id='line_1_79' title="bbox 2115 3881 3695 3954; baseline 0.002 -19"><span class='ocrx_word' id='word_1_592' title='bbox 2115 3881 2395 3954; x_wconf 87' lang='lat' dir='ltr'><strong>Sagittarii</strong></span> <span class='ocrx_word' id='word_1_593' title='bbox 2450 3884 2696 3939; x_wconf 89' lang='lat' dir='ltr'><strong>eamdem</strong></span> <span class='ocrx_word' id='word_1_594' title='bbox 2746 3886 2950 3939; x_wconf 86' lang='lat' dir='ltr'><strong>habent</strong></span> <span class='ocrx_word' id='word_1_595' title='bbox 3006 3884 3325 3939; x_wconf 88' lang='lat' dir='ltr'><strong>distantiam</strong></span> <span class='ocrx_word' id='word_1_596' title='bbox 3375 3885 3442 3938; x_wconf 92' lang='lat' dir='ltr'><strong>ab</strong></span> <span class='ocrx_word' id='word_1_597' title='bbox 3464 3884 3695 3939; x_wconf 88' lang='lat' dir='ltr'><strong>hiberno</strong></span> 
     </span>
    </p>
   </div>
   <div class='ocr_carea' id='block_1_80' title="bbox 2112 3977 3694 4048">
    <p class='ocr_par' dir='ltr' id='par_1_80' title="bbox 2112 3977 3694 4048">
     <span class='ocr_line' id='line_1_80' title="bbox 2112 3977 3694 4048; baseline 0.001 -20"><span class='ocrx_word' id='word_1_598' title='bbox 2112 3977 2322 4047; x_wconf 88' lang='lat' dir='ltr'><strong>tropico</strong></span> <span class='ocrx_word' id='word_1_599' title='bbox 2348 3985 2571 4047; x_wconf 89' lang='lat' dir='ltr'><strong>puncto,</strong></span> <span class='ocrx_word' id='word_1_600' title='bbox 2597 3985 2651 4032; x_wconf 88' lang='lat' dir='ltr'><strong>et</strong></span> <span class='ocrx_word' id='word_1_601' title='bbox 2681 3979 2750 4032; x_wconf 91' lang='lat' dir='ltr'><strong>ab</strong></span> <span class='ocrx_word' id='word_1_602' title='bbox 2770 3978 2961 4033; x_wconf 89' lang='lat' dir='ltr'><strong>iisdem</strong></span> <span class='ocrx_word' id='word_1_603' title='bbox 2990 3979 3265 4048; x_wconf 89' lang='lat' dir='ltr'><strong>parallelis</strong></span> <span class='ocrx_word' id='word_1_604' title='bbox 3296 3977 3521 4033; x_wconf 90' lang='lat' dir='ltr'><strong>circulis</strong></span> <span class='ocrx_word' id='word_1_605' title='bbox 3550 3993 3694 4031; x_wconf 89' lang='lat' dir='ltr'><strong>com-</strong></span> 
     </span>
    </p>
   </div>
   <div class='ocr_carea' id='block_1_81' title="bbox 2112 4066 3695 4139">
    <p class='ocr_par' dir='ltr' id='par_1_81' title="bbox 2112 4066 3695 4139">
     <span class='ocr_line' id='line_1_81' title="bbox 2112 4066 3695 4139; baseline -0.001 -19"><span class='ocrx_word' id='word_1_606' title='bbox 2112 4066 2548 4136; x_wconf 87' lang='lat' dir='ltr'><strong>prehenduntur,</strong></span> <span class='ocrx_word' id='word_1_607' title='bbox 2576 4067 2790 4137; x_wconf 88' lang='lat' dir='ltr'><strong>sibique</strong></span> <span class='ocrx_word' id='word_1_608' title='bbox 2828 4068 3058 4122; x_wconf 89' lang='lat' dir='ltr'><strong>invicem</strong></span> <span class='ocrx_word' id='word_1_609' title='bbox 3089 4075 3216 4122; x_wconf 89' lang='lat' dir='ltr'><strong>sunt</strong></span> <span class='ocrx_word' id='word_1_610' title='bbox 3265 4066 3567 4123; x_wconf 81' lang='lat' dir='ltr'><strong>secundum</strong></span> <span class='ocrx_word' id='word_1_611' title='bbox 3590 4067 3695 4139; x_wconf 70' lang='grc' dir='ltr'><strong>ιθ</strong></span> 
     </span>
    </p>
   </div>
   <div class='ocr_carea' id='block_1_82' title="bbox 2114 4158 3694 4232">
    <p class='ocr_par' dir='ltr' id='par_1_82' title="bbox 2114 4158 3694 4232">
     <span class='ocr_line' id='line_1_82' title="bbox 2114 4158 3694 4232; baseline -0.001 -17"><span class='ocrx_word' id='word_1_612' title='bbox 2114 4161 2412 4232; x_wconf 68' lang='lat' dir='ltr'><strong>syzyaiam,</strong></span> <span class='ocrx_word' id='word_1_613' title='bbox 2441 4176 2539 4216; x_wconf 89' lang='lat' dir='ltr'><strong>seu</strong></span> <span class='ocrx_word' id='word_1_614' title='bbox 2574 4159 3059 4215; x_wconf 88' lang='lat' dir='ltr'><strong>combinationem.</strong></span> <span class='ocrx_word' id='word_1_615' title='bbox 3084 4158 3240 4214; x_wconf 88' lang='lat' dir='ltr'><strong>Unde</strong></span> <span class='ocrx_word' id='word_1_616' title='bbox 3278 4159 3443 4214; x_wconf 91' lang='lat' dir='ltr'><strong>etiam</strong></span> <span class='ocrx_word' id='word_1_617' title='bbox 3485 4160 3694 4229; x_wconf 84' lang='lat' dir='ltr'><strong>magni-</strong></span> 
     </span>
    </p>
   </div>
   <div class='ocr_carea' id='block_1_83' title="bbox 2117 4248 3685 4322">
    <p class='ocr_par' dir='ltr' id='par_1_83' title="bbox 2117 4248 3685 4322">
     <span class='ocr_line' id='line_1_83' title="bbox 2117 4248 3685 4322; baseline -0.001 -17"><span class='ocrx_word' id='word_1_618' title='bbox 2117 4254 2336 4308; x_wconf 84' lang='lat' dir='ltr'><strong>tudines</strong></span> <span class='ocrx_word' id='word_1_619' title='bbox 2374 4253 2584 4308; x_wconf 88' lang='lat' dir='ltr'><strong>dierum</strong></span> <span class='ocrx_word' id='word_1_620' title='bbox 2617 4261 2673 4307; x_wconf 84' lang='lat' dir='ltr'><strong>ct</strong></span> <span class='ocrx_word' id='word_1_621' title='bbox 2703 4254 2944 4307; x_wconf 89' lang='lat' dir='ltr'><strong>noctium</strong></span> <span class='ocrx_word' id='word_1_622' title='bbox 2987 4253 3227 4322; x_wconf 69' lang='lat' dir='ltr'><strong>aequales</strong></span> <span class='ocrx_word' id='word_1_623' title='bbox 3260 4259 3389 4305; x_wconf 88' lang='lat' dir='ltr'><strong>sunt</strong></span> <span class='ocrx_word' id='word_1_624' title='bbox 3426 4250 3480 4304; x_wconf 89' lang='lat' dir='ltr'><strong>in</strong></span> <span class='ocrx_word' id='word_1_625' title='bbox 3505 4248 3685 4320; x_wconf 76' lang='lat' dir='ltr'><strong>Sagit-</strong></span> 
     </span>
    </p>
   </div>
   <div class='ocr_carea' id='block_1_84' title="bbox 2115 4341 3693 4414">
    <p class='ocr_par' dir='ltr' id='par_1_84' title="bbox 2115 4341 3693 4414">
     <span class='ocr_line' id='line_1_84' title="bbox 2115 4341 3693 4414; baseline -0.001 -17"><span class='ocrx_word' id='word_1_626' title='bbox 2115 4344 2259 4398; x_wconf 86' lang='lat' dir='ltr'><strong>tario</strong></span> <span class='ocrx_word' id='word_1_627' title='bbox 2285 4352 2339 4399; x_wconf 89' lang='lat' dir='ltr'><strong>et</strong></span> <span class='ocrx_word' id='word_1_628' title='bbox 2371 4344 2729 4414; x_wconf 86' lang='lat' dir='ltr'><strong>Capricorno.</strong></span> <span class='ocrx_word' id='word_1_629' title='bbox 2778 4344 3182 4401; x_wconf 84' lang='lat' dir='ltr'><strong>Universaliter</strong></span> <span class='ocrx_word' id='word_1_630' title='bbox 3213 4351 3417 4409; x_wconf 85' lang='lat' dir='ltr'><strong>autem,</strong></span> <span class='ocrx_word' id='word_1_631' title='bbox 3467 4356 3588 4411; x_wconf 71' lang='lat' dir='ltr'><strong>quae</strong></span> <span class='ocrx_word' id='word_1_632' title='bbox 3614 4341 3693 4396; x_wconf 86' lang='lat' dir='ltr'><strong>si-</strong></span> 
     </span>
    </p>
   </div>
   <div class='ocr_carea' id='block_1_85' title="bbox 2115 4431 3692 4503">
    <p class='ocr_par' dir='ltr' id='par_1_85' title="bbox 2115 4431 3692 4503">
     <span class='ocr_line' id='line_1_85' title="bbox 2115 4431 3692 4503; baseline -0.001 -16"><span class='ocrx_word' id='word_1_633' title='bbox 2115 4449 2217 4503; x_wconf 80' lang='lat' dir='ltr'><strong>gna</strong></span> <span class='ocrx_word' id='word_1_634' title='bbox 2251 4435 2393 4488; x_wconf 85' lang='lat' dir='ltr'><strong>inter</strong></span> <span class='ocrx_word' id='word_1_635' title='bbox 2433 4451 2494 4490; x_wconf 91' lang='lat' dir='ltr'><strong>se</strong></span> <span class='ocrx_word' id='word_1_636' title='bbox 2552 4441 2680 4489; x_wconf 91' lang='lat' dir='ltr'><strong>sunt</strong></span> <span class='ocrx_word' id='word_1_637' title='bbox 2733 4432 3031 4489; x_wconf 87' lang='lat' dir='ltr'><strong>secundum</strong></span> <span class='ocrx_word' id='word_1_638' title='bbox 3076 4431 3373 4503; x_wconf 82' lang='lat' dir='ltr'><strong>syzygiam,</strong></span> <span class='ocrx_word' id='word_1_639' title='bbox 3427 4446 3489 4485; x_wconf 88' lang='lat' dir='ltr'><strong>ea</strong></span> <span class='ocrx_word' id='word_1_640' title='bbox 3537 4431 3692 4501; x_wconf 87' lang='lat' dir='ltr'><strong>signa</strong></span> 
     </span>
    </p>
   </div>
   <div class='ocr_carea' id='block_1_86' title="bbox 429 4514 2007 4596">
    <p class='ocr_par' dir='ltr' id='par_1_86' title="bbox 429 4514 2007 4587">
     <span class='ocr_line' id='line_1_86' title="bbox 429 4514 2007 4587; baseline -0.001 -18"><span class='ocrx_word' id='word_1_641' title='bbox 429 4514 585 4587; x_wconf 77' lang='grc' dir='ltr'><strong>Κριῷ</strong></span> <span class='ocrx_word' id='word_1_642' title='bbox 616 4516 711 4569; x_wconf 77' lang='grc' dir='ltr'>καὶ</span> <span class='ocrx_word' id='word_1_643' title='bbox 736 4514 1020 4586; x_wconf 84' lang='grc' dir='ltr'>Παρθένῳ,</span> <span class='ocrx_word' id='word_1_644' title='bbox 1062 4514 1259 4586; x_wconf 82' lang='grc' dir='ltr'>Ἰχθύσι</span> <span class='ocrx_word' id='word_1_645' title='bbox 1281 4514 1377 4569; x_wconf 73' lang='grc' dir='ltr'><strong>καὶ</strong></span> <span class='ocrx_word' id='word_1_646' title='bbox 1404 4514 1582 4585; x_wconf 84' lang='grc' dir='ltr'>Ζυγῷ,</span> <span class='ocrx_word' id='word_1_647' title='bbox 1624 4514 1894 4587; x_wconf 82' lang='grc' dir='ltr'>’Υδροχόῳ</span> <span class='ocrx_word' id='word_1_648' title='bbox 1918 4515 2007 4569; x_wconf 76' lang='grc' dir='ltr'><strong>καὶ</strong></span> 
     </span>
    </p>
   </div>
   <div class='ocr_carea' id='block_1_87' title="bbox 2109 4514 3693 4596">
    <p class='ocr_par' dir='ltr' id='par_1_87' title="bbox 2116 4523 3693 4596">
     <span class='ocr_line' id='line_1_87' title="bbox 2116 4523 3693 4596; baseline -0.001 -16"><span class='ocrx_word' id='word_1_649' title='bbox 2116 4528 2355 4596; x_wconf 76' lang='lat' dir='ltr'><strong>:equales</strong></span> <span class='ocrx_word' id='word_1_650' title='bbox 2397 4527 2599 4582; x_wconf 90' lang='lat' dir='ltr'><strong>habent</strong></span> <span class='ocrx_word' id='word_1_651' title='bbox 2626 4526 2744 4580; x_wconf 90' lang='lat' dir='ltr'><strong>dies</strong></span> <span class='ocrx_word' id='word_1_652' title='bbox 2768 4534 2821 4579; x_wconf 89' lang='lat' dir='ltr'><strong>et</strong></span> <span class='ocrx_word' id='word_1_653' title='bbox 2842 4535 3051 4579; x_wconf 87' lang='lat' dir='ltr'><strong>noctes.</strong></span> <span class='ocrx_word' id='word_1_654' title='bbox 3076 4523 3248 4576; x_wconf 83' lang='lat' dir='ltr'><strong>Erum</strong></span> <span class='ocrx_word' id='word_1_655' title='bbox 3272 4524 3435 4593; x_wconf 81' lang='lat' dir='ltr'><strong>igitur</strong></span> <span class='ocrx_word' id='word_1_656' title='bbox 3453 4524 3693 4592; x_wconf 63' lang='lat' dir='ltr'><strong>aequales</strong></span> 
     </span>
    </p>
   </div>
   <div class='ocr_carea' id='block_1_88' title="bbox 430 4606 1387 4681">
    <p class='ocr_par' dir='ltr' id='par_1_88' title="bbox 430 4606 1387 4681">
     <span class='ocr_line' id='line_1_88' title="bbox 430 4606 1387 4681; baseline 0.001 -22"><span class='ocrx_word' id='word_1_657' title='bbox 430 4607 703 4681; x_wconf 74' lang='grc' dir='ltr'>Σκορπίιρ,</span> <span class='ocrx_word' id='word_1_658' title='bbox 734 4607 1018 4679; x_wconf 75' lang='grc' dir='ltr'>Αίγόκερῳ</span> <span class='ocrx_word' id='word_1_659' title='bbox 1045 4608 1141 4660; x_wconf 73' lang='grc' dir='ltr'>καὶ</span> <span class='ocrx_word' id='word_1_660' title='bbox 1164 4606 1387 4679; x_wconf 80' lang='grc' dir='ltr'>Τοξότῃ.</span> 
     </span>
    </p>
   </div>
   <div class='ocr_carea' id='block_1_89' title="bbox 499 4867 2014 4943">
    <p class='ocr_par' dir='ltr' id='par_1_89' title="bbox 499 4867 2014 4943">
     <span class='ocr_line' id='line_1_89' title="bbox 499 4867 2014 4943; baseline 0.001 -22"><span class='ocrx_word' id='word_1_661' title='bbox 499 4867 607 4922; x_wconf 82' lang='grc' dir='ltr'><strong>Τοῦ</strong></span> <span class='ocrx_word' id='word_1_662' title='bbox 640 4868 698 4922; x_wconf 78' lang='grc' dir='ltr'><strong>δὲ</strong></span> <span class='ocrx_word' id='word_1_663' title='bbox 727 4868 932 4941; x_wconf 81' lang='grc' dir='ltr'>κόσμου</span> <span class='ocrx_word' id='word_1_664' title='bbox 972 4870 1345 4942; x_wconf 82' lang='grc' dir='ltr'>σφαιροειδοῦς</span> <span class='ocrx_word' id='word_1_665' title='bbox 1391 4870 1747 4943; x_wconf 84' lang='grc' dir='ltr'>ὑπάρχοντος,</span> <span class='ocrx_word' id='word_1_666' title='bbox 1792 4871 1884 4923; x_wconf 72' lang='grc' dir='ltr'><strong>καὶ</strong></span> <span class='ocrx_word' id='word_1_667' title='bbox 1928 4888 2014 4924; x_wconf 89' lang='grc' dir='ltr'>κι-</span> 
     </span>
    </p>
   </div>
   <div class='ocr_carea' id='block_1_90' title="bbox 429 4961 2010 5034">
    <p class='ocr_par' dir='ltr' id='par_1_90' title="bbox 429 4961 2010 5034">
     <span class='ocr_line' id='line_1_90' title="bbox 429 4961 2010 5034; baseline -0.001 -19"><span class='ocrx_word' id='word_1_668' title='bbox 429 4961 690 5033; x_wconf 79' lang='grc' dir='ltr'>νουμένου</span> <span class='ocrx_word' id='word_1_669' title='bbox 730 4961 904 5034; x_wconf 77' lang='grc' dir='ltr'>φορὰν</span> <span class='ocrx_word' id='word_1_670' title='bbox 956 4962 1243 5031; x_wconf 77' lang='grc' dir='ltr'>ἐγκύκλιον</span> <span class='ocrx_word' id='word_1_671' title='bbox 1273 4964 1367 5017; x_wconf 85' lang='grc' dir='ltr'>ἀπ’</span> <span class='ocrx_word' id='word_1_672' title='bbox 1418 4961 1683 5031; x_wconf 81' lang='grc' dir='ltr'>ἀνατολῆς</span> <span class='ocrx_word' id='word_1_673' title='bbox 1711 4962 1805 5014; x_wconf 77' lang='grc' dir='ltr'>ἐπὶ</span> <span class='ocrx_word' id='word_1_674' title='bbox 1839 4961 2010 5025; x_wconf 87' lang='grc' dir='ltr'>δύσιν,</span> 
     </span>
    </p>
   </div>
   <div class='ocr_carea' id='block_1_91' title="bbox 434 5052 2015 5125">
    <p class='ocr_par' dir='ltr' id='par_1_91' title="bbox 434 5052 2015 5125">
     <span class='ocr_line' id='line_1_91' title="bbox 434 5052 2015 5125; baseline 0 -19"><span class='ocrx_word' id='word_1_675' title='bbox 434 5053 720 5124; x_wconf 78' lang='grc' dir='ltr'>συμϐαίνει</span> <span class='ocrx_word' id='word_1_676' title='bbox 756 5052 972 5107; x_wconf 74' lang='grc' dir='ltr'>ἅπαντα</span> <span class='ocrx_word' id='word_1_677' title='bbox 996 5053 1064 5108; x_wconf 85' lang='grc' dir='ltr'>τὰ</span> <span class='ocrx_word' id='word_1_678' title='bbox 1123 5055 1216 5108; x_wconf 73' lang='grc' dir='ltr'>ἐπὶ</span> <span class='ocrx_word' id='word_1_679' title='bbox 1264 5054 1366 5123; x_wconf 83' lang='grc' dir='ltr'>τῆς</span> <span class='ocrx_word' id='word_1_680' title='bbox 1418 5054 1652 5125; x_wconf 69' lang='grc' dir='ltr'>σφαίρας</span> <span class='ocrx_word' id='word_1_681' title='bbox 1690 5056 1890 5124; x_wconf 81' lang='grc' dir='ltr'>σημεῖα</span> <span class='ocrx_word' id='word_1_682' title='bbox 1922 5054 2015 5106; x_wconf 73' lang='grc' dir='ltr'>ἐπὶ</span> 
     </span>
    </p>
   </div>
   <div class='ocr_carea' id='block_1_92' title="bbox 431 5139 2014 5219">
    <p class='ocr_par' dir='ltr' id='par_1_92' title="bbox 431 5139 2014 5219">
     <span class='ocr_line' id='line_1_92' title="bbox 431 5139 2014 5219; baseline 0.001 -21"><span class='ocrx_word' id='word_1_683' title='bbox 431 5146 792 5217; x_wconf 83' lang='grc' dir='ltr'>παραλλήλων</span> <span class='ocrx_word' id='word_1_684' title='bbox 828 5144 1041 5200; x_wconf 88' lang='grc' dir='ltr'>κύκλων</span> <span class='ocrx_word' id='word_1_685' title='bbox 1086 5145 1368 5219; x_wconf 84' lang='grc' dir='ltr'>φέρεσθαι.</span> <span class='ocrx_word' id='word_1_686' title='bbox 1411 5144 1502 5209; x_wconf 82' lang='grc' dir='ltr'><strong>Ἐξ</strong></span> <span class='ocrx_word' id='word_1_687' title='bbox 1550 5139 1610 5197; x_wconf 73' lang='grc' dir='ltr'>οὗ</span> <span class='ocrx_word' id='word_1_688' title='bbox 1643 5145 1893 5217; x_wconf 75' lang='grc' dir='ltr'>φανερὸν,</span> <span class='ocrx_word' id='word_1_689' title='bbox 1932 5146 2014 5199; x_wconf 82' lang='grc' dir='ltr'><strong>ὅτι</strong></span> 
     </span>
    </p>
   </div>
   <div class='ocr_carea' id='block_1_93' title="bbox 432 5236 2015 5309">
    <p class='ocr_par' dir='ltr' id='par_1_93' title="bbox 432 5236 2015 5309">
     <span class='ocr_line' id='line_1_93' title="bbox 432 5236 2015 5309; baseline -0.001 -19"><span class='ocrx_word' id='word_1_690' title='bbox 432 5239 526 5291; x_wconf 75' lang='grc' dir='ltr'>καὶ</span> <span class='ocrx_word' id='word_1_691' title='bbox 554 5239 754 5302; x_wconf 84' lang='grc' dir='ltr'>πάντες</span> <span class='ocrx_word' id='word_1_692' title='bbox 786 5239 837 5289; x_wconf 88' lang='grc' dir='ltr'><strong>οί</strong></span> <span class='ocrx_word' id='word_1_693' title='bbox 874 5238 1103 5309; x_wconf 76' lang='grc' dir='ltr'>ἀστέρες</span> <span class='ocrx_word' id='word_1_694' title='bbox 1148 5239 1241 5290; x_wconf 69' lang='grc' dir='ltr'><strong>ἐπὶ</strong></span> <span class='ocrx_word' id='word_1_695' title='bbox 1278 5236 1634 5309; x_wconf 75' lang='grc' dir='ltr'>παραλλήλων</span> <span class='ocrx_word' id='word_1_696' title='bbox 1665 5236 1878 5289; x_wconf 86' lang='grc' dir='ltr'>κύκλων</span> <span class='ocrx_word' id='word_1_697' title='bbox 1914 5236 2015 5307; x_wconf 77' lang='grc' dir='ltr'>τὴν</span> 
     </span>
    </p>
   </div>
   <div class='ocr_carea' id='block_1_94' title="bbox 432 5327 2015 5402">
    <p class='ocr_par' dir='ltr' id='par_1_94' title="bbox 432 5327 2015 5402">
     <span class='ocr_line' id='line_1_94' title="bbox 432 5327 2015 5402; baseline -0.003 -17"><span class='ocrx_word' id='word_1_698' title='bbox 432 5329 646 5402; x_wconf 86' lang='grc' dir='ltr'>κίνησιν</span> <span class='ocrx_word' id='word_1_699' title='bbox 678 5329 981 5384; x_wconf 81' lang='grc' dir='ltr'>ποιοῦνται.</span> <span class='ocrx_word' id='word_1_700' title='bbox 1009 5329 1107 5383; x_wconf 88' lang='grc' dir='ltr'><strong>Διά</strong></span> <span class='ocrx_word' id='word_1_701' title='bbox 1130 5328 1286 5382; x_wconf 83' lang='grc' dir='ltr'>τοῦτο</span> <span class='ocrx_word' id='word_1_702' title='bbox 1312 5329 1370 5382; x_wconf 83' lang='grc' dir='ltr'>δὲ</span> <span class='ocrx_word' id='word_1_703' title='bbox 1395 5331 1487 5382; x_wconf 71' lang='grc' dir='ltr'>καὶ</span> <span class='ocrx_word' id='word_1_704' title='bbox 1518 5330 1583 5383; x_wconf 76' lang='grc' dir='ltr'><strong>ἐκ</strong></span> <span class='ocrx_word' id='word_1_705' title='bbox 1617 5329 1708 5382; x_wconf 80' lang='grc' dir='ltr'><strong>τοῦ</strong></span> <span class='ocrx_word' id='word_1_706' title='bbox 1731 5327 1892 5383; x_wconf 76' lang='grc' dir='ltr'>αὐτοῦ</span> <span class='ocrx_word' id='word_1_707' title='bbox 1927 5329 2015 5381; x_wconf 81' lang='grc' dir='ltr'>τό-</span> 
     </span>
    </p>
   </div>
   <div class='ocr_carea' id='block_1_95' title="bbox 433 5420 2016 5493">
    <p class='ocr_par' dir='ltr' id='par_1_95' title="bbox 433 5420 2016 5493">
     <span class='ocr_line' id='line_1_95' title="bbox 433 5420 2016 5493; baseline 0 -20"><span class='ocrx_word' id='word_1_708' title='bbox 433 5438 537 5477; x_wconf 71' lang='grc' dir='ltr'><strong>που</strong></span> <span class='ocrx_word' id='word_1_709' title='bbox 574 5424 775 5487; x_wconf 79' lang='grc' dir='ltr'>πάντες</span> <span class='ocrx_word' id='word_1_710' title='bbox 799 5424 848 5475; x_wconf 86' lang='grc' dir='ltr'>οἱ</span> <span class='ocrx_word' id='word_1_711' title='bbox 876 5422 1134 5485; x_wconf 85' lang='grc' dir='ltr'>ἀπλανεῖς</span> <span class='ocrx_word' id='word_1_712' title='bbox 1161 5422 1388 5493; x_wconf 81' lang='grc' dir='ltr'>ἀστέρες</span> <span class='ocrx_word' id='word_1_713' title='bbox 1417 5420 1786 5484; x_wconf 82' lang='grc' dir='ltr'>ἀνατέλλουσι,</span> <span class='ocrx_word' id='word_1_714' title='bbox 1812 5423 1907 5475; x_wconf 68' lang='grc' dir='ltr'><strong>καὶ</strong></span> <span class='ocrx_word' id='word_1_715' title='bbox 1935 5422 2016 5484; x_wconf 86' lang='grc' dir='ltr'>εἰς</span> 
     </span>
    </p>
   </div>
   <div class='ocr_carea' id='block_1_96' title="bbox 433 5513 2015 5585">
    <p class='ocr_par' dir='ltr' id='par_1_96' title="bbox 433 5513 2015 5585">
     <span class='ocr_line' id='line_1_96' title="bbox 433 5513 2015 5585; baseline -0.002 -17"><span class='ocrx_word' id='word_1_716' title='bbox 433 5518 525 5571; x_wconf 83' lang='grc' dir='ltr'><strong>τὸν</strong></span> <span class='ocrx_word' id='word_1_717' title='bbox 554 5520 716 5573; x_wconf 68' lang='grc' dir='ltr'>αὐτὸν</span> <span class='ocrx_word' id='word_1_718' title='bbox 749 5520 914 5572; x_wconf 89' lang='grc' dir='ltr'>τόπον</span> <span class='ocrx_word' id='word_1_719' title='bbox 940 5516 1187 5572; x_wconf 89' lang='grc' dir='ltr'>δύνουσιν</span> <span class='ocrx_word' id='word_1_720' title='bbox 1207 5532 1219 5543; x_wconf 93' lang='grc'><strong>·</strong></span> <span class='ocrx_word' id='word_1_721' title='bbox 1253 5514 1453 5585; x_wconf 84' lang='grc' dir='ltr'>ὁμοίως</span> <span class='ocrx_word' id='word_1_722' title='bbox 1483 5513 1541 5567; x_wconf 88' lang='grc' dir='ltr'>δὲ</span> <span class='ocrx_word' id='word_1_723' title='bbox 1586 5516 1682 5567; x_wconf 70' lang='grc' dir='ltr'><strong>καὶ</strong></span> <span class='ocrx_word' id='word_1_724' title='bbox 1722 5514 1771 5566; x_wconf 91' lang='grc' dir='ltr'>οἱ</span> <span class='ocrx_word' id='word_1_725' title='bbox 1810 5513 2015 5584; x_wconf 83' lang='grc' dir='ltr'>παράλ-</span> 
     </span>
    </p>
   </div>
   <div class='ocr_carea' id='block_1_97' title="bbox 432 5604 2017 5681">
    <p class='ocr_par' dir='ltr' id='par_1_97' title="bbox 432 5604 2017 5681">
     <span class='ocr_line' id='line_1_97' title="bbox 432 5604 2017 5681; baseline -0.001 -20"><span class='ocrx_word' id='word_1_726' title='bbox 432 5608 583 5681; x_wconf 84' lang='grc' dir='ltr'>ληλοι</span> <span class='ocrx_word' id='word_1_727' title='bbox 625 5609 816 5665; x_wconf 82' lang='grc' dir='ltr'>κύκλοι</span> <span class='ocrx_word' id='word_1_728' title='bbox 859 5613 924 5662; x_wconf 80' lang='grc' dir='ltr'>ἐκ</span> <span class='ocrx_word' id='word_1_729' title='bbox 961 5609 1055 5662; x_wconf 81' lang='grc' dir='ltr'><strong>τοῦ</strong></span> <span class='ocrx_word' id='word_1_730' title='bbox 1097 5606 1261 5661; x_wconf 73' lang='grc' dir='ltr'>αὐτοῦ</span> <span class='ocrx_word' id='word_1_731' title='bbox 1302 5608 1468 5660; x_wconf 87' lang='grc' dir='ltr'>τόπου</span> <span class='ocrx_word' id='word_1_732' title='bbox 1511 5604 1879 5674; x_wconf 84' lang='grc' dir='ltr'>ἀνατέλλουσι,</span> <span class='ocrx_word' id='word_1_733' title='bbox 1921 5606 2017 5660; x_wconf 77' lang='grc' dir='ltr'><strong>καὶ</strong></span> 
     </span>
    </p>
   </div>
   <div class='ocr_carea' id='block_1_98' title="bbox 435 5700 1307 5766">
    <p class='ocr_par' dir='ltr' id='par_1_98' title="bbox 435 5700 1307 5766">
     <span class='ocr_line' id='line_1_98' title="bbox 435 5700 1307 5766; baseline -0.003 -11"><span class='ocrx_word' id='word_1_734' title='bbox 435 5702 516 5766; x_wconf 79' lang='grc' dir='ltr'>εἰς</span> <span class='ocrx_word' id='word_1_735' title='bbox 546 5703 639 5758; x_wconf 80' lang='grc' dir='ltr'><strong>τὸν</strong></span> <span class='ocrx_word' id='word_1_736' title='bbox 664 5703 824 5757; x_wconf 79' lang='grc' dir='ltr'>αὐτὸν</span> <span class='ocrx_word' id='word_1_737' title='bbox 848 5703 1010 5756; x_wconf 87' lang='grc' dir='ltr'>τόπον</span> <span class='ocrx_word' id='word_1_738' title='bbox 1042 5700 1307 5754; x_wconf 87' lang='grc' dir='ltr'>δύνουσιν.</span> 
     </span>
    </p>
   </div>
   <div class='ocr_carea' id='block_1_99' title="bbox 517 5788 2014 5862">
    <p class='ocr_par' dir='ltr' id='par_1_99' title="bbox 517 5788 2014 5862">
     <span class='ocr_line' id='line_1_99' title="bbox 517 5788 2014 5862; baseline -0.003 -13"><span class='ocrx_word' id='word_1_739' title='bbox 517 5791 580 5849; x_wconf 81' lang='grc'><strong>⁸0</strong></span> <span class='ocrx_word' id='word_1_740' title='bbox 605 5794 664 5849; x_wconf 79' lang='grc' dir='ltr'>δὲ</span> <span class='ocrx_word' id='word_1_741' title='bbox 698 5793 808 5850; x_wconf 82' lang='grc' dir='ltr'><strong>τῶν</strong></span> <span class='ocrx_word' id='word_1_742' title='bbox 836 5793 1042 5859; x_wconf 82' lang='grc' dir='ltr'>ζωδίων</span> <span class='ocrx_word' id='word_1_743' title='bbox 1077 5792 1295 5859; x_wconf 86' lang='grc' dir='ltr'>κύκλος,</span> <span class='ocrx_word' id='word_1_744' title='bbox 1335 5789 1487 5858; x_wconf 78' lang='grc' dir='ltr'>λοξὸς</span> <span class='ocrx_word' id='word_1_745' title='bbox 1518 5788 1594 5847; x_wconf 83' lang='grc' dir='ltr'>ὣν</span> <span class='ocrx_word' id='word_1_746' title='bbox 1626 5791 1691 5862; x_wconf 79' lang='grc' dir='ltr'>τῇ</span> <span class='ocrx_word' id='word_1_747' title='bbox 1727 5789 1863 5861; x_wconf 80' lang='grc' dir='ltr'>πρὸς</span> <span class='ocrx_word' id='word_1_748' title='bbox 1892 5791 2014 5856; x_wconf 73' lang='grc' dir='ltr'>τοὺς</span> 
     </span>
    </p>
   </div>
   <div class='ocr_carea' id='block_1_100' title="bbox 2113 4610 3693 4677">
    <p class='ocr_par' dir='ltr' id='par_1_100' title="bbox 2113 4610 3693 4677">
     <span class='ocr_line' id='line_1_100' title="bbox 2113 4610 3693 4677; baseline -0.003 -6"><span class='ocrx_word' id='word_1_749' title='bbox 2113 4616 2232 4672; x_wconf 85' lang='lat' dir='ltr'><strong>dies</strong></span> <span class='ocrx_word' id='word_1_750' title='bbox 2266 4618 2318 4670; x_wconf 94' lang='lat' dir='ltr'><strong>in</strong></span> <span class='ocrx_word' id='word_1_751' title='bbox 2342 4616 2587 4671; x_wconf 86' lang='lat' dir='ltr'><strong>Geminis</strong></span> <span class='ocrx_word' id='word_1_752' title='bbox 2616 4624 2668 4670; x_wconf 89' lang='lat' dir='ltr'><strong>et</strong></span> <span class='ocrx_word' id='word_1_753' title='bbox 2718 4615 2952 4677; x_wconf 85' lang='lat' dir='ltr'><strong>Cancro,</strong></span> <span class='ocrx_word' id='word_1_754' title='bbox 2993 4615 3046 4667; x_wconf 91' lang='lat' dir='ltr'><strong>in</strong></span> <span class='ocrx_word' id='word_1_755' title='bbox 3083 4613 3266 4668; x_wconf 89' lang='lat' dir='ltr'><strong>Tauro</strong></span> <span class='ocrx_word' id='word_1_756' title='bbox 3300 4620 3356 4667; x_wconf 88' lang='lat' dir='ltr'><strong>et</strong></span> <span class='ocrx_word' id='word_1_757' title='bbox 3392 4610 3590 4677; x_wconf 88' lang='lat' dir='ltr'><strong>Leone,</strong></span> <span class='ocrx_word' id='word_1_758' title='bbox 3635 4612 3693 4667; x_wconf 87' lang='lat' dir='ltr'><strong>in</strong></span> 
     </span>
    </p>
   </div>
   <div class='ocr_carea' id='block_1_101' title="bbox 2115 4700 3692 4776">
    <p class='ocr_par' dir='ltr' id='par_1_101' title="bbox 2115 4700 3692 4776">
     <span class='ocr_line' id='line_1_101' title="bbox 2115 4700 3692 4776; baseline -0.001 -17"><span class='ocrx_word' id='word_1_759' title='bbox 2115 4705 2297 4760; x_wconf 88' lang='lat' dir='ltr'><strong>Arietc</strong></span> <span class='ocrx_word' id='word_1_760' title='bbox 2327 4716 2381 4761; x_wconf 91' lang='lat' dir='ltr'><strong>ct</strong></span> <span class='ocrx_word' id='word_1_761' title='bbox 2411 4702 2657 4776; x_wconf 71' lang='lat' dir='ltr'><strong>Virgine,</strong></span> <span class='ocrx_word' id='word_1_762' title='bbox 2686 4701 2739 4757; x_wconf 92' lang='lat' dir='ltr'><strong>iu</strong></span> <span class='ocrx_word' id='word_1_763' title='bbox 2773 4701 3026 4758; x_wconf 84' lang='lat' dir='ltr'><strong>Piscibus</strong></span> <span class='ocrx_word' id='word_1_764' title='bbox 3054 4710 3109 4757; x_wconf 90' lang='lat' dir='ltr'><strong>et</strong></span> <span class='ocrx_word' id='word_1_765' title='bbox 3138 4700 3319 4766; x_wconf 79' lang='lat' dir='ltr'><strong>Libra,</strong></span> <span class='ocrx_word' id='word_1_766' title='bbox 3358 4704 3415 4757; x_wconf 87' lang='lat' dir='ltr'><strong>in</strong></span> <span class='ocrx_word' id='word_1_767' title='bbox 3442 4702 3692 4773; x_wconf 83' lang='lat' dir='ltr'><strong>Aquario</strong></span> 
     </span>
    </p>
   </div>
   <div class='ocr_carea' id='block_1_102' title="bbox 2112 4794 3341 4869">
    <p class='ocr_par' dir='ltr' id='par_1_102' title="bbox 2112 4794 3341 4869">
     <span class='ocr_line' id='line_1_102' title="bbox 2112 4794 3341 4869; baseline -0.004 -14"><span class='ocrx_word' id='word_1_768' title='bbox 2112 4807 2168 4855; x_wconf 83' lang='lat' dir='ltr'><strong>et</strong></span> <span class='ocrx_word' id='word_1_769' title='bbox 2199 4796 2447 4869; x_wconf 88' lang='lat' dir='ltr'><strong>Scorpio,</strong></span> <span class='ocrx_word' id='word_1_770' title='bbox 2490 4799 2547 4853; x_wconf 91' lang='lat' dir='ltr'><strong>in</strong></span> <span class='ocrx_word' id='word_1_771' title='bbox 2577 4798 2921 4869; x_wconf 82' lang='lat' dir='ltr'><strong>Capricorno</strong></span> <span class='ocrx_word' id='word_1_772' title='bbox 2944 4804 2999 4851; x_wconf 86' lang='lat' dir='ltr'><strong>et</strong></span> <span class='ocrx_word' id='word_1_773' title='bbox 3024 4794 3341 4865; x_wconf 80' lang='lat' dir='ltr'><strong>Sagittario.</strong></span> 
     </span>
    </p>
   </div>
   <div class='ocr_carea' id='block_1_103' title="bbox 2184 4890 3695 4960">
    <p class='ocr_par' dir='ltr' id='par_1_103' title="bbox 2184 4890 3695 4960">
     <span class='ocr_line' id='line_1_103' title="bbox 2184 4890 3695 4960; baseline -0.001 -14"><span class='ocrx_word' id='word_1_774' title='bbox 2184 4892 2322 4946; x_wconf 88' lang='lat' dir='ltr'><strong>Cum</strong></span> <span class='ocrx_word' id='word_1_775' title='bbox 2363 4898 2545 4946; x_wconf 88' lang='lat' dir='ltr'><strong>autem</strong></span> <span class='ocrx_word' id='word_1_776' title='bbox 2568 4892 2806 4946; x_wconf 85' lang='lat' dir='ltr'><strong>mundus</strong></span> <span class='ocrx_word' id='word_1_777' title='bbox 2845 4892 2916 4946; x_wconf 89' lang='lat' dir='ltr'><strong>sit</strong></span> <span class='ocrx_word' id='word_1_778' title='bbox 2940 4890 3265 4960; x_wconf 67' lang='lat' dir='ltr'><strong>sphaericus,</strong></span> <span class='ocrx_word' id='word_1_779' title='bbox 3314 4898 3369 4944; x_wconf 86' lang='lat' dir='ltr'><strong>et</strong></span> <span class='ocrx_word' id='word_1_780' title='bbox 3412 4896 3695 4944; x_wconf 83' lang='lat' dir='ltr'><strong>moveatur</strong></span> 
     </span>
    </p>
   </div>
   <div class='ocr_carea' id='block_1_104' title="bbox 2115 4980 3695 5045">
    <p class='ocr_par' dir='ltr' id='par_1_104' title="bbox 2115 4980 3695 5045">
     <span class='ocr_line' id='line_1_104' title="bbox 2115 4980 3695 5045; baseline -0.001 -8"><span class='ocrx_word' id='word_1_781' title='bbox 2115 4990 2270 5037; x_wconf 88' lang='lat' dir='ltr'><strong>motu</strong></span> <span class='ocrx_word' id='word_1_782' title='bbox 2302 4982 2562 5037; x_wconf 89' lang='lat' dir='ltr'><strong>circulari</strong></span> <span class='ocrx_word' id='word_1_783' title='bbox 2594 4982 2663 5037; x_wconf 88' lang='lat' dir='ltr'><strong>ab</strong></span> <span class='ocrx_word' id='word_1_784' title='bbox 2683 4991 2809 5036; x_wconf 91' lang='lat' dir='ltr'><strong>ortu</strong></span> <span class='ocrx_word' id='word_1_785' title='bbox 2833 4981 2900 5036; x_wconf 90' lang='lat' dir='ltr'><strong>ad</strong></span> <span class='ocrx_word' id='word_1_786' title='bbox 2915 4995 3199 5045; x_wconf 82' lang='lat' dir='ltr'><strong>occasum,</strong></span> <span class='ocrx_word' id='word_1_787' title='bbox 3230 4980 3411 5035; x_wconf 85' lang='lat' dir='ltr'><strong>evenit</strong></span> <span class='ocrx_word' id='word_1_788' title='bbox 3433 4981 3695 5036; x_wconf 87' lang='lat' dir='ltr'><strong>utonmia</strong></span> 
     </span>
    </p>
   </div>
   <div class='ocr_carea' id='block_1_105' title="bbox 2116 5072 3691 5145">
    <p class='ocr_par' dir='ltr' id='par_1_105' title="bbox 2116 5072 3691 5145">
     <span class='ocr_line' id='line_1_105' title="bbox 2116 5072 3691 5145; baseline 0.001 -17"><span class='ocrx_word' id='word_1_789' title='bbox 2116 5080 2319 5145; x_wconf 86' lang='lat' dir='ltr'><strong>puncta</strong></span> <span class='ocrx_word' id='word_1_790' title='bbox 2375 5073 2430 5127; x_wconf 93' lang='lat' dir='ltr'><strong>in</strong></span> <span class='ocrx_word' id='word_1_791' title='bbox 2474 5073 2688 5142; x_wconf 64' lang='lat' dir='ltr'><strong>sphaera</strong></span> <span class='ocrx_word' id='word_1_792' title='bbox 2729 5074 2783 5128; x_wconf 92' lang='lat' dir='ltr'><strong>in</strong></span> <span class='ocrx_word' id='word_1_793' title='bbox 2842 5073 3118 5144; x_wconf 89' lang='lat' dir='ltr'><strong>parallelis</strong></span> <span class='ocrx_word' id='word_1_794' title='bbox 3155 5072 3380 5127; x_wconf 88' lang='lat' dir='ltr'><strong>circulis</strong></span> <span class='ocrx_word' id='word_1_795' title='bbox 3425 5072 3691 5131; x_wconf 83' lang='lat' dir='ltr'><strong>ferantur.</strong></span> 
     </span>
    </p>
   </div>
   <div class='ocr_carea' id='block_1_106' title="bbox 2115 5164 3691 5236">
    <p class='ocr_par' dir='ltr' id='par_1_106' title="bbox 2115 5164 3691 5236">
     <span class='ocr_line' id='line_1_106' title="bbox 2115 5164 3691 5236; baseline 0.001 -18"><span class='ocrx_word' id='word_1_796' title='bbox 2115 5165 2193 5220; x_wconf 81' lang='lat' dir='ltr'><strong>Ex</strong></span> <span class='ocrx_word' id='word_1_797' title='bbox 2222 5180 2334 5236; x_wconf 89' lang='lat' dir='ltr'><strong>quo</strong></span> <span class='ocrx_word' id='word_1_798' title='bbox 2379 5164 2754 5227; x_wconf 79' lang='lat' dir='ltr'><strong>manifestum,</strong></span> <span class='ocrx_word' id='word_1_799' title='bbox 2797 5165 2943 5235; x_wconf 90' lang='lat' dir='ltr'><strong>quod</strong></span> <span class='ocrx_word' id='word_1_800' title='bbox 2985 5164 3150 5219; x_wconf 90' lang='lat' dir='ltr'><strong>etiam</strong></span> <span class='ocrx_word' id='word_1_801' title='bbox 3193 5178 3385 5218; x_wconf 89' lang='lat' dir='ltr'><strong>omnes</strong></span> <span class='ocrx_word' id='word_1_802' title='bbox 3422 5164 3591 5218; x_wconf 81' lang='lat' dir='ltr'><strong>stellae</strong></span> <span class='ocrx_word' id='word_1_803' title='bbox 3637 5166 3691 5220; x_wconf 90' lang='lat' dir='ltr'><strong>in</strong></span> 
     </span>
    </p>
   </div>
   <div class='ocr_carea' id='block_1_107' title="bbox 2114 5255 3691 5329">
    <p class='ocr_par' dir='ltr' id='par_1_107' title="bbox 2114 5255 3691 5329">
     <span class='ocr_line' id='line_1_107' title="bbox 2114 5255 3691 5329; baseline -0.001 -17"><span class='ocrx_word' id='word_1_804' title='bbox 2114 5259 2390 5329; x_wconf 88' lang='lat' dir='ltr'><strong>parallelis</strong></span> <span class='ocrx_word' id='word_1_805' title='bbox 2418 5257 2646 5314; x_wconf 90' lang='lat' dir='ltr'><strong>circulis</strong></span> <span class='ocrx_word' id='word_1_806' title='bbox 2679 5269 2886 5312; x_wconf 89' lang='lat' dir='ltr'><strong>motum</strong></span> <span class='ocrx_word' id='word_1_807' title='bbox 2914 5256 3137 5311; x_wconf 78' lang='lat' dir='ltr'><strong>faciant.</strong></span> <span class='ocrx_word' id='word_1_808' title='bbox 3157 5255 3329 5321; x_wconf 88' lang='lat' dir='ltr'><strong>Quam</strong></span> <span class='ocrx_word' id='word_1_809' title='bbox 3365 5256 3435 5310; x_wconf 91' lang='lat' dir='ltr'><strong>oh</strong></span> <span class='ocrx_word' id='word_1_810' title='bbox 3468 5271 3691 5312; x_wconf 89' lang='lat' dir='ltr'><strong>causam</strong></span> 
     </span>
    </p>
   </div>
   <div class='ocr_carea' id='block_1_108' title="bbox 2114 5345 3696 5409">
    <p class='ocr_par' dir='ltr' id='par_1_108' title="bbox 2114 5345 3696 5409">
     <span class='ocr_line' id='line_1_108' title="bbox 2114 5345 3696 5409; baseline -0.004 -2"><span class='ocrx_word' id='word_1_811' title='bbox 2114 5350 2278 5407; x_wconf 87' lang='lat' dir='ltr'><strong>etiam</strong></span> <span class='ocrx_word' id='word_1_812' title='bbox 2301 5348 2491 5404; x_wconf 87' lang='lat' dir='ltr'><strong>eodem</strong></span> <span class='ocrx_word' id='word_1_813' title='bbox 2514 5363 2578 5402; x_wconf 82' lang='lat' dir='ltr'><strong>ex</strong></span> <span class='ocrx_word' id='word_1_814' title='bbox 2620 5348 2739 5401; x_wconf 89' lang='lat' dir='ltr'><strong>loco</strong></span> <span class='ocrx_word' id='word_1_815' title='bbox 2772 5361 2963 5400; x_wconf 89' lang='lat' dir='ltr'><strong>omnes</strong></span> <span class='ocrx_word' id='word_1_816' title='bbox 2990 5346 3160 5400; x_wconf 66' lang='lat' dir='ltr'><strong>stella:</strong></span> <span class='ocrx_word' id='word_1_817' title='bbox 3190 5345 3308 5399; x_wconf 74' lang='lat' dir='ltr'><strong>lixze</strong></span> <span class='ocrx_word' id='word_1_818' title='bbox 3335 5347 3609 5409; x_wconf 81' lang='lat' dir='ltr'><strong>oriuntur,</strong></span> <span class='ocrx_word' id='word_1_819' title='bbox 3642 5356 3696 5401; x_wconf 93' lang='lat' dir='ltr'><strong>et</strong></span> 
     </span>
    </p>
   </div>
   <div class='ocr_carea' id='block_1_109' title="bbox 2116 5437 3694 5504">
    <p class='ocr_par' dir='ltr' id='par_1_109' title="bbox 2116 5437 3694 5504">
     <span class='ocr_line' id='line_1_109' title="bbox 2116 5437 3694 5504; baseline -0.005 -6"><span class='ocrx_word' id='word_1_820' title='bbox 2116 5443 2171 5498; x_wconf 89' lang='lat' dir='ltr'><strong>in</strong></span> <span class='ocrx_word' id='word_1_821' title='bbox 2205 5439 2455 5496; x_wconf 87' lang='lat' dir='ltr'><strong>eumdem</strong></span> <span class='ocrx_word' id='word_1_822' title='bbox 2488 5440 2666 5493; x_wconf 91' lang='lat' dir='ltr'><strong>locum</strong></span> <span class='ocrx_word' id='word_1_823' title='bbox 2693 5438 2949 5492; x_wconf 84' lang='lat' dir='ltr'><strong>occidunt</strong></span> <span class='ocrx_word' id='word_1_824' title='bbox 2983 5459 2996 5492; x_wconf 90' lang='lat'><strong>:</strong></span> <span class='ocrx_word' id='word_1_825' title='bbox 3034 5437 3287 5492; x_wconf 88' lang='lat' dir='ltr'><strong>similiter</strong></span> <span class='ocrx_word' id='word_1_826' title='bbox 3310 5448 3487 5492; x_wconf 81' lang='lat' dir='ltr'><strong>autem</strong></span> <span class='ocrx_word' id='word_1_827' title='bbox 3510 5446 3563 5493; x_wconf 91' lang='lat' dir='ltr'><strong>et</strong></span> <span class='ocrx_word' id='word_1_828' title='bbox 3594 5456 3694 5504; x_wconf 85' lang='lat' dir='ltr'><strong>pa-</strong></span> 
     </span>
    </p>
   </div>
   <div class='ocr_carea' id='block_1_110' title="bbox 2120 5531 3687 5599">
    <p class='ocr_par' dir='ltr' id='par_1_110' title="bbox 2120 5531 3687 5599">
     <span class='ocr_line' id='line_1_110' title="bbox 2120 5531 3687 5599; baseline -0.001 -9"><span class='ocrx_word' id='word_1_829' title='bbox 2120 5533 2300 5590; x_wconf 84' lang='lat' dir='ltr'><strong>ralleli</strong></span> <span class='ocrx_word' id='word_1_830' title='bbox 2332 5532 2527 5587; x_wconf 88' lang='lat' dir='ltr'><strong>circuli</strong></span> <span class='ocrx_word' id='word_1_831' title='bbox 2555 5547 2621 5585; x_wconf 78' lang='lat' dir='ltr'><strong>ex</strong></span> <span class='ocrx_word' id='word_1_832' title='bbox 2652 5532 2848 5587; x_wconf 77' lang='lat' dir='ltr'><strong>eodem</strong></span> <span class='ocrx_word' id='word_1_833' title='bbox 2878 5532 2998 5587; x_wconf 88' lang='lat' dir='ltr'><strong>loco</strong></span> <span class='ocrx_word' id='word_1_834' title='bbox 3034 5532 3310 5599; x_wconf 80' lang='lat' dir='ltr'><strong>oriuntur,</strong></span> <span class='ocrx_word' id='word_1_835' title='bbox 3354 5541 3411 5588; x_wconf 81' lang='lat' dir='ltr'><strong>et</strong></span> <span class='ocrx_word' id='word_1_836' title='bbox 3446 5531 3503 5586; x_wconf 90' lang='lat' dir='ltr'><strong>in</strong></span> <span class='ocrx_word' id='word_1_837' title='bbox 3543 5548 3687 5588; x_wconf 85' lang='lat' dir='ltr'><strong>enm-</strong></span> 
     </span>
    </p>
   </div>
   <div class='ocr_carea' id='block_1_111' title="bbox 2116 5623 2754 5684">
    <p class='ocr_par' dir='ltr' id='par_1_111' title="bbox 2116 5623 2754 5684">
     <span class='ocr_line' id='line_1_111' title="bbox 2116 5623 2754 5684; baseline -0.008 0"><span class='ocrx_word' id='word_1_838' title='bbox 2116 5629 2238 5684; x_wconf 88' lang='lat' dir='ltr'><strong>dem</strong></span> <span class='ocrx_word' id='word_1_839' title='bbox 2264 5627 2444 5682; x_wconf 89' lang='lat' dir='ltr'><strong>locum</strong></span> <span class='ocrx_word' id='word_1_840' title='bbox 2476 5623 2754 5679; x_wconf 86' lang='lat' dir='ltr'><strong>occidunt.</strong></span> 
     </span>
    </p>
   </div>
   <div class='ocr_carea' id='block_1_112' title="bbox 2118 5779 3693 5855">
    <p class='ocr_par' dir='ltr' id='par_1_112' title="bbox 2118 5779 3693 5855">
     <span class='ocr_line' id='line_1_112' title="bbox 2118 5779 3693 5855; baseline -0.001 -15"><span class='ocrx_word' id='word_1_841' title='bbox 2118 5825 2125 5831; x_wconf 76' lang='lat'><em>.</em></span> <span class='ocrx_word' id='word_1_842' title='bbox 2195 5786 2264 5840; x_wconf 84' lang='lat' dir='ltr'><strong>At</strong></span> <span class='ocrx_word' id='word_1_843' title='bbox 2292 5780 2577 5849; x_wconf 83' lang='lat' dir='ltr'><strong>zodiacus,</strong></span> <span class='ocrx_word' id='word_1_844' title='bbox 2614 5796 2737 5837; x_wconf 85' lang='lat' dir='ltr'><strong>eum</strong></span> <span class='ocrx_word' id='word_1_845' title='bbox 2771 5781 2841 5838; x_wconf 88' lang='lat' dir='ltr'><strong>sit</strong></span> <span class='ocrx_word' id='word_1_846' title='bbox 2876 5779 3132 5853; x_wconf 81' lang='lat' dir='ltr'><strong>obliquus</strong></span> <span class='ocrx_word' id='word_1_847' title='bbox 3166 5780 3272 5839; x_wconf 87' lang='lat' dir='ltr'><strong>situ</strong></span> <span class='ocrx_word' id='word_1_848' title='bbox 3296 5784 3360 5836; x_wconf 82' lang='lat' dir='ltr'><strong>ad</strong></span> <span class='ocrx_word' id='word_1_849' title='bbox 3382 5780 3693 5855; x_wconf 79' lang='lat' dir='ltr'><strong>parallelos,</strong></span> 
     </span>
    </p>
   </div>
  </div>
