4146 6482
408 395 514 448 793

1413 394 1509 448 ΔΙ)
1548 391 1825 447 EUSEBII
1864 391 2267 448 (ΞΗΒοΜοοΝ
2309 388 2676 448 APPENDIX.

3589 386 3693 446 798

396 523 516 562 .non
547 505 711 560 habet
740 519 931 562 omnes
975 511 1163 575 partes
1205 521 1271 561 ex
1325 504 1520 561 eodem
1570 505 1693 559 loco
1727 506 1991 570 orientes,

2103 504 2475 578 παραλλήλους
2490 504 2657 569 θέσει,
2673 505 2735 557 ού
2760 503 2932 557 πάντα
2948 501 3060 574 εχει
3080 503 3148 556 τὰ
3171 502 3313 574 μέρη
3335 502 3398 555 ιι
3414 500 3508 555 τοῦ
3526 501 3692 558 αὑτοῦ

407 614 509 657 nec
561 600 618 654 in
657 596 913 654 eumdem
983 598 1164 651 locum
1240 597 1551 653 occidentes
1588 615 1603 652 :
1638 596 1995 666 quamobrem

407 705 585 761 neque
604 688 896 743 duodecim
925 688 1078 759 signa
1099 703 1167 743 ex
1191 687 1383 742 eodem
1425 688 1550 742 loco
1578 688 1858 750 oriuntur,
1901 702 1998 741 ne-

405 798 514 853 que
535 781 590 836 in
616 779 867 836 eumdem
900 780 1080 834 locum
1114 778 1398 834 occidunt.
1438 777 1574 833 Nam
1606 779 1661 833 in
1711 779 1997 833 latitudine

404 873 668 928 zodiacus
698 871 945 925 circulus
976 877 1134 924 ortus
1162 877 1218 924 et
1240 883 1474 923 occasus
1506 866 1699 923 efﬁcit.
1746 866 1841 920 Est
1895 882 1997 921 au-

407 977 516 1020 tem
549 963 785 1019 latitudo
828 971 987 1018 ortus
1019 964 1141 1031 ejus
1171 962 1559 1017 semicirculus
1588 977 1617 1015 a
1645 962 1820 1031 prima
1845 968 1998 1031 parte

404 1056 607 1111 Cancri
641 1056 875 1121 oriente,
904 1070 1080 1123 usque
1123 1054 1191 1107 ad
1238 1055 1471 1125 primam
1514 1052 1836 1125 Capricorni
1881 1068 2000 1123 par-

407 1159 517 1205 tem
550 1149 959 1205 ascendentem.
1009 1146 1230 1214 Quanta
1279 1148 1428 1202 enim
1479 1155 1565 1202 est
1609 1148 1665 1201 in
1713 1146 2000 1203 liorizonte

405 1241 619 1296 zodiaci
653 1240 964 1305 circulatio,
999 1255 1122 1310 qua:
1165 1247 1255 1293 est
1307 1238 1449 1292 inter
1484 1237 1585 1293 hos
1630 1238 1771 1305 dies,
1810 1244 1999 1293 tantus

405 1341 493 1388 est
528 1332 830 1389 secundum
886 1331 1234 1386 latitudinem
1279 1345 1611 1401 progressus
1666 1330 1893 1386 zodiaco
1942 1332 1997 1385 in

408 1427 714 1479 horizonte.
748 1422 846 1480 His
868 1438 1114 1495 congrua
1142 1424 1307 1478 etiam
1337 1422 1544 1477 Aratus
1574 1421 1840 1488 ostendit,
1871 1437 1997 1477 cum

407 1517 491 1572 sic
513 1516 691 1587 inquit
723 1535 737 1570 :

443 1726 513 1777 Αι
549 1721 633 1775 hic
685 1730 893 1790 tantum
924 1736 1117 1790 aquam
1152 1716 1353 1774 Oceani
1390 1720 1607 1782 transit,

444 1793 719 1859 Quantum
753 1808 786 1845 a
813 1788 1149 1858 Capricorno
1173 1791 1374 1844 oriente
1398 1792 1629 1845 maxime

2096 598 2263 651 τόπου
2296 596 2674 660 ἀνατέλλοντα,
2695 597 2791 649 καὶ
2820 597 2901 659 είς
2933 595 3024 648 τὸν
3052 594 3214 649 αὑτὸν
3241 594 3404 647 τόπον
3430 591 3657 648 δύνοντα
3674 610 3688 625 ο

2097 688 2164 743 δι’
2193 688 2261 760 ἢν
2287 689 2466 743 αἰτίαν
2500 689 2622 742 οὐδὲ
2664 688 2735 742 τά
2779 688 2846 758 ιβ’
2875 687 3040 752 ζώδια
3077 688 3143 739 ὲκ
3187 683 3283 739 τοῦ
3328 684 3492 739 αὑτοῦ
3527 685 3693 739 τόπου

2099 780 2402 845 ἀνατέλλει,
2425 783 2521 835 καὶ
2554 782 2633 845 είς
2654 780 2746 834 τὸν
2784 780 2946 835 αὑτὸν
2972 779 3137 833 τόπον
3169 777 3345 831 δύνει.⁴
3380 778 3469 831 Ἐν
3496 777 3695 832 πλάτει

2098 871 2208 945 γάρ
2233 874 2262 926 ό
2285 869 2549 937 ζωδιακὸς
2579 871 2780 936 κύκλος
2809 873 2911 935 τὰς
2943 869 3209 934 άνατολάς
3240 870 3335 924 καὶ
3368 868 3469 933 τὰς
3510 868 3693 935 δύσεις

2102 967 2353 1018 ποιεῖται.
2386 966 2544 1017 Ἔστι
2569 964 2628 1018 δὲ
2664 965 2725 1017 τδ
2775 964 2976 1027 πλάτος
3015 963 3180 1016 αὐτοῦ
3214 962 3313 1034 τῆς
3336 962 3601 1034 ἀνατολῆς
3629 963 3691 1018 τὸ

2099 1058 2207 1111 ἀπὸ
2233 1057 2324 1111 τοῦ
2353 1058 2631 1129 Καρκίνου
2665 1056 2891 1129 πρώτης
2936 1058 3130 1129 μοίρας
3169 1055 3566 1126 ἀνατελλούσης
3596 1056 3691 1126 μέ-

2098 1167 2220 1222 χρις
2237 1151 2521 1224 Αίγόκερω
2554 1150 2777 1223 πρώτης
2812 1148 3004 1221 μοίρας
3030 1148 3460 1221 ἀναφερομένης.
3497 1147 3689 1218 Ἦλίκη

2098 1242 2207 1313 γάρ
2242 1244 2388 1295 ἐστιν
2420 1241 2533 1312 (28)
2562 1244 2593 1313 ἡ
2640 1241 2841 1313 μεταξὺ
2873 1225 2984 1295 τών
3030 1236 3253 1312 ἡμερῶν
3293 1238 3517 1293 τούτων’
3533 1256 3690 1312 περι-

2100 1332 2243 1404 φορά
2278 1332 2470 1387 τούτου
2506 1334 2601 1386 ἐπὶ
2642 1332 2736 1386 τοῦ
2781 1333 3074 1404 ὁρίζοντος,
3122 1330 3424 1402 τηλικαύτη
3477 1330 3688 1404 ὲστὶνή

2099 1426 2243 1481 κατά
2266 1426 2466 1489 πλάτος
2492 1424 2726 1498 πάροδος
2768 1426 2861 1478 ἐπὶ
2893 1425 2987 1479 τοῦ
3026 1426 3299 1496 ὁρίζοντος
3332 1424 3409 1496 τῷ
3440 1424 3693 1497 ζωδιακῷ

2100 1518 2305 1590 κύκλῳ.
2334 1517 2559 1581 Τούτοις
2582 1517 2638 1571 δὲ
2674 1515 2975 1589 συμφώνως
3009 1517 3102 1570 καὶ
3133 1519 3162 1571 ὁ
3187 1517 3422 1589 ’Ἄρατος
3449 1517 3689 1587 ἀποφαί-

2098 1630 2252 1667 νεται
2275 1611 2449 1681 λέγων
2476 1610 2651 1675 οὕτως
2669 1627 2684 1642 ο

2101 1725 2299 1794 Αὐτὰρ
2345 1723 2453 1793 ὅγ’.
2480 1721 2777 1778 Ὠκεανοῖο
2828 1698 3019 1778 τόσον
3060 1724 3480 1794 παραμείϐεται
3516 1721 3690 1793 ὕδωρ,

2106 1792 2340 1850 Ὄσοέον
2384 1794 2868 1863 ὼτἈὶγοκερῆος
2909 1792 3335 1862 ἀνερχομένοιο
3365 1792 3636 1863 μάλιστα

444 1864 526 1934 Ad
553 1861 820 1919 Cancrum
843 1863 1098 1916 orientem
1141 1862 1367 1914 volvitur
1396 1876 1413 1934 ξ
1441 1870 1704 1934 quantum
1734 1860 1964 1934 undique

2103 1868 2404 1934 Καρκίνον
2427 1868 2514 1930 εις
2551 1860 2802 1919 ἀνιόντα
2825 1860 3172 1919 κυλίνδεται
3190 1882 3204 1895 ’
3234 1860 3432 1918 ὅσσον
3456 1861 3693 1934 ἁπάντη

352 1980 368 2002 ,
447 1933 635 1992 Oriens
665 1934 919 1999 continet,
942 1941 1149 1985 tantum
1169 1940 1308 1985 certe
1326 1932 1530 2003 quidem
1545 1930 1675 1985 alibi
1694 1930 1956 1989 occidens.

478 2046 536 2101 lu
559 2045 646 2102 his
677 2046 823 2101 enim
861 2044 1189 2099 determinat
1240 2058 1594 2114 progressum
1639 2043 1850 2099 zodiaci
1884 2044 1994 2099 cir-

406 2136 542 2200 culi,
567 2152 732 2208 quem
778 2134 907 2189 facit
950 2130 1255 2188 secundum
1305 2133 1651 2187 latitudinem
1696 2133 1754 2187 in
1789 2144 1915 2187 ortu
1938 2140 1996 2188 et

403 2245 614 2286 occasu
645 2248 660 2285 :
693 2228 859 2298 idque
887 2232 1262 2297 congruenter
1293 2224 1698 2281 mathematicis
1732 2233 1788 2280 et
1818 2240 1990 2296 appa-

409 2323 621 2378 rentiae.
660 2321 812 2376 Talis
842 2335 969 2374 cum
1013 2320 1086 2375 sit
1117 2318 1406 2373 inclinatio
1446 2317 1679 2382 zodiaci,
1724 2316 1996 2388 contingit

407 2420 574 2474 etiam
628 2415 1092 2477 dodccatemoria,
1159 2411 1267 2468 etsi
1323 2411 1701 2483 magnitudine
1761 2411 1993 2482 aequalia

408 2517 560 2576 sunt,
589 2516 775 2564 tamen
803 2505 1168 2577 inaequalibus
1215 2504 1558 2575 temporibus
1605 2509 1762 2559 ortus
1809 2511 1864 2558 et
1902 2519 1995 2558 oc-

407 2616 574 2659 casus
612 2601 815 2656 facere.
868 2598 1001 2665 Quae
1027 2599 1172 2652 enim
1229 2611 1354 2652 cum
1414 2597 1674 2653 zodiacus
1712 2596 1771 2650 ﬁt
1811 2604 1996 2652 rectus

409 2702 591 2751 ortum
614 2692 849 2756 faciunt,
879 2692 972 2746 illa
1005 2692 1162 2759 signa
1182 2689 1240 2744 in
1271 2690 1511 2744 maximo
1542 2697 1787 2760 tempore
1809 2697 1992 2745 ortum

408 2793 465 2844 et
494 2800 756 2843 occasum
791 2784 1023 2839 iaciunt.
1057 2780 1226 2837 Recta
1258 2781 1405 2837 enim
1437 2781 1503 2837 ad
1529 2781 1865 2837 horizontem
1905 2795 2000 2835 ca-

410 2880 569 2946 dunt,
597 2885 659 2943 ut
686 2875 988 2933 secundum
1014 2873 1443 2945 unumquodque
1462 2882 1727 2944 punctum
1771 2872 1864 2927 ﬁat
1894 2887 1991 2929 or-

411 2978 505 3026 tus
565 2967 730 3040 signi,
785 2975 948 3038 atque
1003 2965 1127 3022 ideo
1168 2980 1424 3036 magnum
1474 2972 1690 3035 tempus
1739 2974 1892 3020 ortus
1943 2971 2001 3019 et

410 3077 643 3120 occasus
663 3066 1039 3116 consumatur.
1063 3059 1194 3126 Quae
1221 3073 1352 3115 vero
1373 3072 1499 3113 cum
1523 3055 1785 3112 zodiacus
1812 3054 1880 3110 ad
1897 3054 1998 3111 ho-

410 3154 680 3211 rizontem
719 3150 779 3206 ﬁt
818 3149 1077 3220 obliquus
1114 3155 1296 3203 ortum
1352 3145 1599 3211 faciunt,
1652 3145 1744 3200 illa
1784 3145 1998 3200 minore

2108 1933 2436 1993 Ἆντέλλων
2464 1935 2689 2005 ἐπέχει,
2716 1936 2948 1989 τόσσον
2984 1952 3054 2004 τε
3079 1936 3199 2004 μὲν
3224 1934 3443 1989 ἄλλοθι
3468 1933 3692 1989 δύνων.

2176 2048 2265 2101 Ἐν
2291 2046 2402 2119 γὰρ
2422 2046 2631 2110 τούτοις
2656 2045 2753 2118 τὴν
2791 2045 3027 2117 πάροδον
3068 2045 3321 2117 ἀφορίζει
3353 2044 3450 2099 τοῦ
3492 2044 3694 2110 ζωδια-

2095 2141 2193 2196 κοῦ
2225 2140 2449 2204 κύκλου,
2476 2142 2542 2213 ἦν
2586 2143 2822 2193 ποιεῖται
2852 2138 2995 2192 κατά
3041 2137 3244 2203 πλάτος
3293 2139 3516 2209 irriti;
3556 2139 3693 2192 ἀνα-

2095 2234 2254 2304 τολῆς
2288 2232 2383 2286 καὶ
2428 2232 2530 2303 τῆς
2569 2231 2776 2293 δύσεως
2803 2229 3111 2300 συμςώνως
3141 2233 3255 2295 τοῖς
3286 2230 3697 2302 μαθηματικοῖς

2096 2327 2192 2379 καὶ
2224 2324 2303 2396 τῷ
2334 2323 2663 2395 φαινομένῳ.
2693 2322 2961 2395 Τοιαύτης
2985 2323 3045 2377 δὲ
3067 2323 3169 2394 τῆς
3194 2322 3493 2392 ἐγκλίσεως
3517 2322 3697 2392 ὑπαρ-

2097 2418 2299 2489 χούσης
2325 2416 2422 2469 τοῦ
2457 2414 2730 2480 ζωδιακοῦ
2773 2414 2997 2481 κύκλου,
3035 2415 3322 2487 συμϐαίνει
3366 2414 3462 2468 καὶ
3493 2414 3562 2469 τὰ
3591 2416 3696 2469 δω-

2096 2505 2471 2578 δεκατημόρια
2505 2506 2596 2559 ῐσα
2623 2505 2754 2559 ὄντα
2778 2506 2921 2560 κατὰ
2951 2505 3015 2559 τὸ
3047 2505 3277 2577 μέγεθος
3318 2505 3528 2569 ἀνίσοις
3562 2506 3694 2577 χρό-

2098 2616 2209 2664 νοις
2233 2599 2333 2662 τάς
2355 2596 2623 2662 ἀνατολὰς
2646 2599 2743 2652 και
2764 2597 2863 2662 τὰς
2887 2598 3069 2664 δύσεις
3095 2596 3386 2652 ποιεῖσθαι.
3417 2598 3560 2652 Ὅσα
3594 2599 3696 2670 μὲν

2097 2689 2209 2761 γὰρ
2257 2689 2423 2762 ὀρθοῦ
2466 2691 2793 2763 γιγνομένου
2845 2690 2941 2746 τοῦ
3000 2689 3265 2757 ζωδιακοῦ
3312 2689 3552 2751 κύκλου.
3593 2688 3695 2760 τὴν

2097 2782 2362 2855 ἀνατολὴν
2390 2788 2646 2849 ποιεῖται,
2674 2786 2859 2839 ἐκεῖνα
2879 2783 2950 2838 τά
2971 2782 3138 2849 ζώδια
3157 2785 3216 2836 ὲν
3240 2781 3479 2853 πλείστῳ
3502 2782 3543 2814 ⁹¹
3565 2783 3696 2854 χρό·

2099 2893 2175 2947 νῳ
2197 2876 2298 2947 τὴν
2332 2875 2598 2950 ἀνατολὴν
2636 2879 2733 2931 καὶ
2772 2877 2873 2948 τὴν
2897 2876 3052 2930 δύσιν
3081 2877 3338 2929 ποιεῖται.
3389 2872 3555 2945 ’ορθά
3581 2874 3694 2945 γὰρ

2100 2966 2254 3039 παρά
2278 2967 2372 3022 τὸν
2402 2968 2655 3040 ὁρίζοντα
2704 2968 3080 3041 παραπίπτει·
3110 2966 3254 3021 ὥστε
3299 2965 3422 3021 καθ’
3456 2965 3516 3018 ἓν
3557 2965 3694 3018 ἱκα-

2103 3075 2226 3113 στον
2244 3062 2469 3132 σημεῖον
2495 3059 2589 3114 τοῦ
2613 3059 2804 3126 ζωδίου
2824 3059 2925 3132 τὴν
2945 3058 3211 3131 ἀνατολὴν
3229 3056 3476 3129 γίνεσθαι
3493 3074 3507 3088 ·
3531 3057 3621 3110 διὰ
3634 3055 3695 3109 δὲ

2100 3152 2259 3207 τοῦτο
2276 3153 2444 3208 πολὺν
2468 3153 2658 3225 χρόνον
2673 3152 3058 3208 ἀναλίσκεσθαι
3085 3152 3184 3224 τῆς
3199 3150 3465 3221 ἀνατολῆς
3485 3149 3578 3204 καὶ
3591 3147 3695 3217 τῆς

412 3256 657 3318 tempore
685 3244 959 3299 oriuntur.
1013 3239 1153 3297 Nam
1189 3241 1356 3297 etiam
1390 3239 1548 3311 signa
1585 3238 1807 3309 obliqua
1855 3237 1992 3292 inci-

2103 3243 2330 3310 Βύσεωςο
2370 3246 2471 3300 ὅσα
2504 3246 2562 3299 δὲ
2584 3245 2814 3315 πλαγίου
2858 3244 3144 3316 γινομένου
3176 3243 3271 3297 τοῦ
3288 3240 3558 3307 ζωδιακοῦ
3587 3239 3690 3294 κύ·

411 3341 549 3399 dunt
571 3340 626 3394 in
658 3338 1022 3401 horizontem,
1048 3342 1110 3390 ut
1137 3332 1437 3391 secundqu
1473 3332 1676 3388 multas
1703 3331 1842 3387 alias
1874 3341 1995 3402 par-

412 3442 498 3491 tes
523 3431 686 3490 simul
703 3439 886 3486 ortum
920 3428 1147 3494 faciant,
1178 3433 1343 3497 atque
1374 3424 1498 3481 ideo
1531 3423 1773 3480 velocem
1810 3430 1992 3478 ortum

411 3523 696 3593 contingat
721 3520 860 3576 ﬁeri.
894 3517 1052 3575 Unde
1077 3518 1242 3574 etiam
1270 3515 1408 3572 illud
1460 3514 1609 3587 quod
1663 3512 1810 3585 apud
1853 3513 1992 3568 Ara-

413 3624 529 3671 tum
560 3596 799 3680 dicitur,
843 3612 1111 3684 quaeritur
1142 3607 1419 3681 quomodo
1449 3613 1505 3663 et
1546 3607 1605 3662 in
1654 3606 1994 3677 longissimis

413 3708 696 3771 noctibus,
727 3713 782 3762 et
809 3705 867 3760 iu
897 3702 1260 3766 brevissimis,
1292 3716 1388 3757 sex
1415 3701 1571 3771 signa
1608 3700 1891 3762 oriantur,
1939 3706 1996 3755 et

417 3816 514 3858 se:
541 3799 829 3861 occidant,
867 3812 993 3852 cum
1030 3796 1277 3851 noctium
1326 3793 1621 3850 diversitas
1656 3792 1729 3847 sit
1770 3804 1990 3863 magna.

420 3894 560 3948 Dicit
580 3902 763 3947 autem
793 3890 876 3946 sic
905 3890 1109 3977 Aratus
1140 3908 1155 3944 :

2097 3336 2263 3399 κλου,
2316 3337 2455 3409 πρὸς
2500 3337 2592 3392 τὸν
2646 3336 2898 3410 ὁρίζοντα
2950 3336 3051 3410 τὴν
3100 3335 3370 3407 ἀνατολὴν
3421 3335 3691 3397 ποιεῖται,

2100 3432 2287 3486 ἐκεῖνα
2319 3432 2377 3486 ἐν
2409 3430 2652 3486 ἐλάττονι
2685 3432 2863 3504 χρόνῳ
2888 3430 3315 3503 ἐπαναφέρεται.
3345 3426 3560 3495 Πλάγια
3584 3425 3696 3497 γὰρ

2096 3523 2443 3597 παραπίπτει
2479 3524 2576 3579 καὶ⁵
2617 3524 2688 3578 τὰ
2723 3523 2890 3589 ζώδια
2936 3522 3075 3595 πρὸς
3103 3522 3197 3576 τὸν
3234 3519 3486 3591 ὁρίζοντα
3509 3534 3524 3549 ο
3551 3516 3694 3571 ὥστε

2095 3617 2219 3671 κατ’
2248 3615 2384 3671 ἄλλα
2414 3615 2588 3669 πολλά
2621 3615 2762 3687 μέρη
2795 3615 2912 3686 ἅμα
2954 3614 3055 3686 τὴν
3094 3611 3360 3683 ἀνατολὴν
3398 3607 3691 3664 ποιεῖσθαι.

2095 3706 2197 3760 Διὰ
2225 3706 2283 3761 δὲ
2323 3707 2487 3762 τοῦτο
2529 3708 2627 3761 καὶ
2685 3708 2911 3778 ταχεῖαν
2953 3706 3053 3779 τὴν
3101 3703 3365 3776 ἀνατολὴν
3407 3699 3694 3773 συμϐαίνει

2096 3798 2363 3866 γίνεσθαι,
2394 3797 2559 3852 Ὅθεν
2602 3797 2699 3852 καὶ
2737 3798 2799 3853 τὸ
2840 3798 2971 3871 παρ’
3016 3798 3230 3868 Ἀράτῳ
3278 3796 3569 3866 λεγόμενον
3595 3792 3695 3863 ζη-

2095 3890 2290 3953 τεῖται,
2336 3888 2454 3952 πῶς
2496 3889 2593 3943 καὶ
2636 3890 2696 3943 ὲν
2742 3892 2864 3954 ταῖς
2917 3889 3291 3962 μακροτάταις
3347 3884 3468 3952 νυξὶ
3509 3883 3606 3938 καὶ
3637 3883 3696 3935 ἐν

417 3987 538 4049 ταῖς
606 3983 972 4055 βραχυτάταις
1023 3981 1084 4048 ἓξ
1122 3981 1572 4053 δωδεκατημόρια
1614 3979 1917 4043 ἀνατέλλει,
1952 3981 2045 4035 καὶ
2106 3983 2169 4049 ἓξ
2214 3985 2396 4051 δύνει,
2456 3986 2557 4058 τῆς
2607 3986 2964 4059 παραλλαγῆς
3020 3985 3131 4042 τῶν
3182 3982 3394 4041 νυκτῶν
3455 3979 3696 4055 μεγάλης

419 4080 790 4153 ὑπαρχούσης.
851 4078 919 4134 Ἦ,
968 4080 1077 4152 γὰρ
1135 4079 1368 4151 μεγίστη
1421 4076 1517 4145 νὺξ
1580 4077 1679 4149 τῆς
1726 4075 2014 4151 ἐλαχίστης
2069 4081 2327 4153 ὑπερέχει
2395 4081 2545 4155 ὧρας
2600 4082 2920 4155 ίσημερινὰς
2981 4081 3067 4146 ιζ’.
3141 4081 3304 4151 Λέγει
3345 4079 3405 4133 δὲ
3460 4075 3698 4147 ’Δρατος

416 4171 592 4236 οὕτως
609 4188 622 4202 ·

1068 4289 1305 4345 ..μοιηηὶ
1329 4289 1382 4341 in
1417 4295 1590 4342 nocte.

459 4358 564 4414 Sea:
586 4376 793 4429 semper
819 4360 1071 4416 occidunt
1101 4358 1432 4414 duodecima
1458 4366 1638 4424 partes
1663 4356 1856 4411 circuli

461 4428 708 4486 Totidem
727 4433 975 4486 oriuntur
1005 4447 1024 4486 :
1060 4432 1115 4487 in
1140 4440 1347 4484 tantam
1372 4429 1755 4501 longitudinem
1775 4428 1970 4499 quievi:

497 4590 539 4622 "
577 4607 669 4661 γρ.
706 4589 935 4642 πλείονι.

2112 4327 2127 4341 .
2207 4325 2221 4339 .
2303 4324 2318 4339 .
2400 4324 2413 4337 .
2495 4323 2509 4335 .
2591 4323 2604 4335 .
2681 4280 2852 4351 πάσῃ
2880 4280 2950 4335 δὲ
2973 4277 3269 4336 ἐπὶνυκτί
3307 4275 3422 4348 (29)

2112 4353 2223 4420 Ἐξ
2242 4354 2333 4410 ἀεὶ
2359 4354 2618 4409 δύνουσι
2655 4352 3029 4419 δυωδεκάδες
3054 4352 3325 4420 xtra/Ioco,

2113 4415 2337 4482 Τόσσαι
2354 4425 2406 4479 δ’
2429 4423 2797 4480 ἀντέλλουσι
2811 4441 2824 4455 ·
2851 4415 3037 4478 τόσον
3056 4421 3109 4476 δ’
3134 4420 3235 4475 ἐπὶ
3251 4417 3450 4490 μῆκος
3468 4415 3697 4491 ἑκάστη

500 4696 612 4768 (ἓὸ)
654 4698 864 4765 Ἦλίκη
909 4697 1021 4768 γάρ
1056 4696 1247 4750 ἐστιν.
1300 4692 1631 4768 Ilorizontis
1665 4709 1854 4768 arcum
1895 4690 2006 4768 _de-
2033 4694 2081 4751 Ι)
2109 4692 2222 4768 net.
2252 4684 2369 4738 Hoc
2391 4684 2537 4768 enim
2563 4681 2792 4768 piaculis
2826 4681 3085 4768 omnibus
3106 4677 3695 4768 imaaimisAconvenit,

425 4763 636 4831 scribit,
679 4769 772 4838 qui
822 4763 1275 4838 inter'punctum
1315 4766 1551 4819 ortivum
1591 4763 1908 4838 Capricorni
1938 4776 2003 4816 ac

424 4839 622 4896 Cancri
671 4835 1030 4909 interceptus
1061 4847 1165 4893 est.
1198 4835 1387 4909 Itaque
1430 4836 1705 4907 περιφορά
1743 4836 2006 4909 idemest

426 4911 574 4981 quod
599 4903 945 4983 περιφέρεια.
978 4906 1084 4983 sed
1113 4924 1218 4962 vox
1237 4903 1431 4983 τούτου
1442 4903 1826 4983 _eitpittigenda
1851 4903 2006 4983 vide-

429 4973 541 5043 t'ur,
576 4973 685 5049 pro'
710 4973 816 5051 qua
858 4980 911 5051 in
949 4980 1140 5051 codice
1174 4978 1343 5033 veteri
1375 4973 1795 5051 “toxico—legitur,
1832 4973 2006 5051 nihilo

429 5044 741 5119 sincerius:
768 5048 876 5105 Sed
908 5050 1057 5103 Arati
1094 5063 1307 5110 versus,
1330 5048 1423 5116 qui
1454 5048 1522 5119 ab
1561 5045 1792 5101 Gemino
1824 5044 2007 5099 decla-

428 5118 645 5186 rantur,
698 5119 1078 5176 obscurissimi
1131 5127 1291 5185 sunt;
1337 5126 1397 5172 ut
1443 5118 1625 5171 minus
1677 5119 1937 5171 miremur
1982 5127 2013 5186 α

431 5182 677 5253 Tlieone.
702 5193 817 5247 sive
841 5191 1172 5247 scholiorum
1196 5182 1533 5250 miscella,et
1556 5188 1626 5242 ab
1641 5187 1844 5242 Avieno
1870 5182 2014 5253 haud

431 5264 567 5317 satis
604 5251 908 5318 intellectus
944 5261 1133 5317 fuisse.
1181 5259 1273 5315 Sic
1324 5260 1468 5315 enim
1512 5259 1810 5327 explicant,
1853 5251 2015 5327 quasi

431 5332 536 5387 hoc
569 5336 768 5389 Aratus
811 5333 913 5388 sibi
965 5332 1122 5398 velit;
1155 5329 1497 5386 tantumdem
1549 5325 1617 5383 cit
1666 5329 1761 5381 illo
1807 5325 2016 5380 circulo

434 5418 600 5474 supra
653 5412 853 5459 terram
887 5403 958 5458 ab
1002 5403 1212 5458 oriente
1262 5400 1603 5474 Capricorno
1640 5398 1706 5453 ad
1748 5399 2013 5474 orientem

436 5467 619 5543 patere
659 5475 958 5537 Cancrum,
982 5481 1244 5543 quantum
1294 5467 1398 5543 sLib
1426 5480 1571 5525 terra
1617 5478 1701 5524 est
1742 5485 1771 5543 a
1802 5467 2018 5543 Cancro

348 5596 354 5602 .
437 5537 502 5598 ad
524 5545 940 5614 Capricornum.
970 5537 1049 5598 ita
1077 5542 1286 5598 Theon.
1318 5540 1516 5597 Festus
1538 5551 1718 5595 autem
1741 5537 2012 5593 Avienus:

513 5656 614 5712 Ille
650 5668 822 5713 autem
857 5657 1055 5714 Oceani
1090 5667 1299 5711 tantum
1327 5654 1594 5711 descendit
1623 5656 1679 5709 in
1709 5648 1908 5723 a’quor,

514 5727 784 5796 Quantum
813 5747 845 5782 a
873 5728 1098 5788 caeruleo
1130 5727 1297 5783 distat
1327 5728 1535 5782 Cancro
1564 5724 1945 5794 Capricornus.

439 5821 573 5887 Quae
604 5822 874 5877 sententia
910 5820 1197 5894 nugatoria
1230 5829 1339 5889 est,
1386 5834 1561 5892 neque
1600 5818 1669 5873 ad
1707 5831 1823 5875 rem
1852 5817 2020 5889 perti-

2107 4756 2201 4828 qui
2232 4755 2512 4825 mqualiter
2541 4754 2611 4828 ab
2637 4751 3272 4828 horizonte'dividuntur.
3307 4750 3422 4828 imo
3451 4749 3704 4828 inspira:-

2111 4819 2172 4881 ιτα
2212 4819 2362 4881 recta
2388 4824 2681 4879 commune
2714 4823 2867 4878 idest
2890 4821 3165 4891 parallelis
3201 4819 3476 4891 omnibus.
3497 4820 3697 4873 Aratus

2111 4905 2290 4951 autem
2304 4896 2581 4965 peculiare
2591 4893 2805 4965 aliquid
2825 4890 3050 4965 zodiaco
3064 4891 3273 4965 circulo
3291 4890 3541 4944 versibus
3565 4892 3700 4965 iisce

2111 4960 2434 5035 complexus
2456 4975 2559 5020 est.
2589 4962 2668 5019 Ne
2692 4960 2890 5028 multa,
2909 4963 3089 5035 ὅσσον,
3108 4969 3162 5016 et
3180 4961 3372 5035 τόσσον
3396 4960 3698 5035 secundum

2113 5029 2482 5097 latitudinem,
2516 5044 2576 5089 ut
2604 5041 2824 5106 vocant,
2857 5034 3111 5106 ortivam,
3145 5034 3259 5086 sive
3295 5029 3437 5106 κατὰ
3472 5031 3699 5106 πλάτος,

2116 5123 2226 5162 non
2253 5107 2397 5161 κατὰ
2436 5107 2610 5177 μῆκος
2641 5105 3051 5177 intelligendum
3086 5111 3192 5167 est,
3232 5109 3292 5177 ut
3330 5101 3489 5155 docet
3515 5101 3696 5156 Genii;

2110 5183 2243 5233 'nus.
2293 5172 2570 5244 Quantum
2604 5177 2678 5229 ait
2729 5172 3077 5229 intervallum
3109 5187 3195 5227 est
3239 5172 3381 5226 inter
3412 5181 3695 5244 punctum

2117 5241 2443 5309 horizontis.
2477 5264 2506 5301 a
2536 5263 2646 5316 quo
2674 5246 3047 5315 Capricornus
3076 5244 3357 5316 oriturtet
3388 5242 3520 5316 illud
3552 5241 3698 5316 unde

2117 5318 2329 5374 Cancer
2355 5312 2604 5373 exortum
2647 5312 2812 5380 facit,
2846 5324 3052 5370 tantam
3086 5313 3298 5368 oriendi
3339 5312 3699 5367 occidendive

2121 5389 2459 5445 latitudinem
2490 5388 2649 5442 habet
2673 5386 2966 5449 zodiacus,
3001 5401 3065 5440 ac
3100 5393 3310 5440 tantum
3336 5384 3597 5453 spatium,
3631 5381 3701 5434 ab

2119 5457 2359 5524 Oceano,
2387 5458 2439 5513 id
2468 5469 2553 5514 est
2592 5459 2878 5513 horizonte
2906 5456 3164 5512 attollens
3208 5469 3349 5516 sese.
3374 5452 3701 5524 complecti-

2124 5539 2232 5589 tur.
2265 5531 2625 5599 similiterque
2654 5528 2930 5599 occidens,

2196 5601 2308 5674 (29)
2348 5599 2519 5674 Πὰσῃ
2540 5593 2613 5653 δὲ
2636 5599 2736 5653 ἐπὶ
2757 5598 2952 5674 νυκτί.
2982 5594 3036 5674 S_i
3062 5595 3420 5674 Soliuianu_m_
3432 5593 3703 5674 exercitii-

2124 5661 2301 5729 torem'
2335 5661 2633 5732 auscultes,
2672 5668 2952 5738 vapulabit
2989 5666 3213 5732 Aratus,
3258 5666 3364 5738 qui
3390 5661 3703 5738 δυῳδεκάδα

2124 5742 2266 5800 dixit
2304 5756 2406 5813 pro
2461 5733 2785 5813 duodecima
2830 5746 3017 5808 parte.
3059 5752 3184 5813 cum
3236 5733 3307 5813 sit
3333 5733 3704 5813 duodenarius

2127 5815 2244 5886 ipse
2278 5801 2444 5869 totus.
2480 5811 2615 5867 Nam
2648 5801 3029 5867 Casaubonum
3057 5807 3358 5880 redarguit,
3384 5804 3531 5877 quod
3558 5801 3702 5875 apud
