4146 6474
455 359 552 412 7'J7

1499 362 1740 420 GEMINI
1776 363 2150 427 ELEMENTA
2188 363 2682 422 ASTRONOMIE.

3626 366 3737 425 798

452 472 583 551 M25
610 474 722 551 αἰεί
753 474 1133 551 τετᾴνυσται,
1169 476 1320 551 ὅσον
1345 477 1424 551 Δτοί
1450 491 1563 545 περ
1594 478 1786 551 ἥμισυ
1814 480 2036 534 κύκλοι

2167 479 2222 534 Ν
2226 497 2293 551 aa:
2322 498 2525 551 semper
2566 492 2644 536 est
2678 489 2918 545 extensa,
2940 491 3194 548 quantam
3224 479 3475 536 medietas
3506 482 3694 536 circuli

466 534 828 614 ’A'pzoyémc
855 546 973 601 ἀπὸ
1003 534 1223 614 νυκτὸς
1260 534 1726 617 ἀείρεταίύψτόθι
1756 552 1946 619 γαίης.

538 662 846 733 Ἀπορεῖται
868 662 955 734 δὴ,
984 662 1102 727 πῶς
1123 664 1217 718 καὶ
1240 666 1298 717 ἐν
1316 667 1439 729 ταῖς
1466 664 1838 736 μακροτάταις
1866 665 1961 720 καὶ
1985 666 2044 718 ὲν

452 753 571 816 ταῖς
629 752 997 825 βραχυτάταις
1051 753 1202 820 νυξὶν
1247 756 1572 827 ἡμικύκλιον
1622 758 1717 812 τοῦ
1772 757 2040 824 ζωδιακοῦ

454 842 653 897 κύκλου
688 846 783 898 καὶ⁸
833 845 1133 913 ἀνατέλλει,
1182 846 1277 902 καὶ
1327 847 1494 904 δύνει.
1538 849 1754 904 Γίνεται
1795 849 1852 903 δὲ
1885 849 2044 904 τοῦτο

453 933 541 988 διὰ
564 934 663 1007 τὴν
698 935 942 1005 ἔγκλισιν
973 937 1070 992 τοῦ
1116 937 1386 1002 ζωδιακοῦ
1421 940 1645 997 κύκλου.
1679 941 1780 996 Διά
1807 942 1917 1014 γὰρ
1944 943 2042 1015 τὴν

454 1025 714 1099 λοξότητα
741 1031 798 1083 ἐν
828 1030 1035 1094 ἀνίσοις
1075 1032 1288 1104 χρόνοις
1316 1033 1619 1098 ἀνατέλλει,
1665 1036 1761 1088 καὶ
1801 1033 1944 1087 δύνει
1971 1035 2040 1088 τά

451 1120 547 1173 τοῦ
578 1120 843 1185 ζωδιακοῦ
879 1122 1128 1198 [κύκλου]
1161 1126 1484 1198 ἡμικύκλια.
1509 1128 1911 1182 Ταπεινοτάτου
1938 1129 2039 1199 μὲν

451 1209 561 1284 γάρ
584 1213 736 1278 ὄντος
761 1215 856 1269 τοῦ
907 1218 1172 1282 ζωδιακοῦ
1221 1217 1421 1274 κύκλου
1470 1220 1608 1292 πρὸς
1646 1220 1738 1274 τὸν
1766 1219 2038 1294 ὁρίζοντα,

452 1305 590 1377 ὅπερ
629 1308 840 1376 γίνεται
866 1311 1146 1383 Λίγόκερω
1180 1311 1404 1383 πρώτης
1438 1312 1631 1383 μοίρας
1674 1311 2040 1383 μεσουρανού-

453 1414 574 1471 σης,
606 1402 827 1471 ταχεῖαν
862 1405 1074 1457 ποεῖται
1099 1404 1200 1474 τὴν
1231 1402 1495 1476 ἀνατολὴν
1521 1403 1582 1455 τὸ
1616 1401 1941 1474 ἡμικύκλιον
1976 1400 2038 1454 τὸ

450 1490 557 1544 ἀπὸ
580 1491 673 1544 τοῦ
694 1493 863 1566 Κριοῦ
891 1494 1111 1566 πρώτης
1136 1494 1329 1567 μοίρας
1349 1493 1509 1565 μέχρι
1531 1493 1811 1564 Παρθένου
1842 1493 2036 1564 μοίρας

453 1579 515 1633 λ’.
552 1582 787 1648 Πλάγιον
815 1584 925 1655 γὰρ
954 1584 1294 1656 παραπίπτει
1322 1583 1476 1655 παρά
1514 1584 1605 1637 τὸν
1632 1583 1903 1655 ὁρίζοντα,
1941 1584 2036 1636 καὶ

398 1704 413 1723 ι
453 1674 624 1728 πολλὰ
662 1676 803 1749 μέρη
837 1676 953 1747 ἅμα
985 1678 1084 1750 τὴν
1114 1676 1378 1747 ἀνατολὴν
1407 1678 1663 1730 ποιεῖται.
1711 1675 2032 1749 Ὀρθοτάτου

447 1766 506 1820 δὲ
530 1766 684 1833 ὄντος
706 1768 800 1822 τοῦ
832 1768 1098 1834 ζωδιακοῦ
1115 1767 1338 1830 κύκλου,
1359 1768 1497 1841 ὅπερ
1525 1765 1733 1836 γίνεται
1754 1768 2029 1840 Καρκίνου

448 1858 673 1932 πρώτης
725 1861 922 1933 μοίρας
984 1859 1425 1933 μεσουρανούσης
1450 1837 1476 1924 ,ν
1512 1863 1736 1931 ταχεῖαν
1798 1837 2030 1914 ποιεῖται
2061 1837 2104 1892 Β

445 1952 544 2025 τὴν
580 1951 847 2024 ἀνατολὴν
868 1952 930 2006 τὸ
952 1952 1276 2025 ἡμικύκλιον
1305 1952 1369 2006 τὸ
1410 1951 1520 2006 ἀπὸ
1545 1951 1641 2006 τοῦ
1682 1951 1854 2022 Ζυγοῦ
1887 1950 2034 2023 πρώ-

444 2060 546 2116 της
580 2044 776 2115 μοίρας
804 2045 999 2117 μέχρις
1039 2043 1258 2117 Ἰχθύων
1291 2043 1484 2115 μοίρας
1509 2045 1554 2097 λ’
1573 2060 1588 2074 ο
1621 2043 1743 2097 ὅθεν
1770 2044 1828 2096 ἐν
1854 2041 2032 2113 πολλῷ

443 2135 622 2207 χρόνῳ
648 2134 747 2207 τὴν
780 2135 1057 2206 ἀναφορὰν
1099 2138 1352 2191 ποιεῖται.
1401 2135 1654 2205 Εύλόγως
1703 2131 1794 2188 οὖν
1841 2136 1935 2188 καὶ
1973 2138 2031 2187 ἐν

443 2230 567 2291 ταῖς
594 2231 930 2300 χειμεριναῖς
958 2227 1079 2293 νυξῖ⁹
1106 2228 1202 2282 καὶ
1242 2229 1300 2282 ὲν
1343 2230 1463 2291 ταῖς
1505 2227 1744 2300 θεριναῖς
1774 2227 1834 2292 ἒξ
1862 2226 2028 2292 ζώδια

444 2320 749 2386 ἀνατέλλει,
785 2322 878 2375 καὶ⁵
919 2320 978 2387 ἒξ
1019 2320 1187 2386 ζώδια
1227 2320 1387 2375 δύνει.
1449 2321 1513 2373 Οί
1565 2320 1673 2393 γὰρ
1723 2320 2032 2374 ἀνατολικο)⁸

445 2414 648 2484 χρόνοι,
691 2413 800 2466 τῶν
842 2413 1048 2478 ζωδίων
1085 2412 1216 2466 ἴσων
1256 2412 1428 2465 ὄντων
1476 2411 1619 2466 κατὰ
1670 2411 1733 2464 τὸ
1780 2410 2029 2482 μέγεθος,

443 2505 617 2558 ἄνισοι
653 2503 892 2571 γίνονται
921 2500 1065 2558 κατά
1089 2502 1217 2566 τοὺς
1250 2502 1498 2573 χρόνους.
1537 2501 1648 2554 Καὶ
1691 2503 1750 2554 ὲν
1784 2500 1884 2571 μὲν
1911 2504 2034 2563 ταῖς

442 2597 780 2668 χειμεριναῖς
806 2594 926 2660 νυξὶ
952 2594 1021 2648 τά
1054 2593 1406 2664 πολυχρόνιον
1447 2592 1745 2663 ποιούμενα
1772 2590 1868 2662 τὴν
1894 2591 2031 2645 ἀνα-

441 2686 603 2760 τολὴν
627 2684 988 2757 ἀναφέρεται·
1016 2687 1074 2739 ὲν
1114 2684 1173 2738 δὲ
1196 2686 1319 2747 ταῖς
1369 2683 1609 2755 θεριναῖς
1658 2680 1777 2747 νυξὶ
1824 2681 1896 2736 τά
1933 2697 2032 2738 τα-

442 2783 593 2851 χεῖαν
625 2779 927 2850 ποιούμενα
956 2780 1055 2851 τὴν
1090 2777 1356 2849 ἀνατολὴν
1396 2776 1701 2832 ἀνατέλλει.

513 2873 577 2927 Οἱ
614 2873 715 2944 μὲν
753 2867 847 2926 οὖν
876 2871 1092 2942 ἀρχαῖοι
1134 2868 1386 2941 καθάπερ
1424 2869 1517 2923 ἐπὶ
1547 2869 1656 2922 τῶν
1692 2866 1836 2921 κατά
1865 2864 2033 2930 συζυ-

442 2965 570 3034 γίαν
603 2964 810 3030 ζωδίων
842 2963 1118 3035 ἠγνόησαν
1139 3001 1155 3026 ,
1187 2960 1362 3024 οὕτως
1408 2961 1504 3015 καὶ
1548 2961 1610 3014 ὲν
1639 2963 1751 3024 τοῖς
1787 2957 2036 3012 ἀνατολι-

445 3061 562 3122 κοῖς
588 3058 800 3130 χρόνοις
831 3056 941 3110 τῶν
966 3055 1173 3121 ζωδίων
1197 3054 1519 3126 διήμαρτον.
1563 3053 2033 3125 Ὑποστησάμενοι
2058 3040 2063 3043 ἦ

2214 550 2260 604 Α
2286 550 2437 606 nocte
2460 553 2737 618 incipiente
2763 551 3026 605 attollitur
3050 568 3210 621 supra
3240 563 3458 607 terram.

2220 663 2515 721 Dubitatur
2549 666 2665 735 jam
2697 666 2975 737 quomodo
3012 667 3180 722 etiam
3211 666 3268 720 in
3304 667 3642 738 longissimis
3669 677 3726 723 et

2145 760 2201 814 in
2225 758 2570 814 brevissimis
2591 760 2846 816 noctibus
2870 759 3258 815 semicirculus
3280 762 3491 816 zodiaci
3511 771 3565 815 et
3580 761 3729 815 oria-

2143 860 2233 905 tur
2272 857 2328 905 et
2355 850 2592 905 occidat.
2640 848 2729 905 Fit
2763 857 2946 905 autem
2976 851 3105 921 ,ιιοο
3150 861 3372 923 propter
3417 852 3729 907 inclinatio-

2141 960 2268 999 nem
2298 942 2532 998 zodiaci.
2562 941 2697 996 Nam
2728 951 2949 1014 propter
2979 942 3377 1014 obliquitatem,
3410 945 3464 998 iu
3517 952 3729 1015 tempo-

2145 1037 2300 1093 ribus
2346 1035 2710 1106 inaaqualibus
2730 1037 2985 1090 oriuntur
3012 1044 3067 1090 et
3091 1037 3352 1091 occidunt
3384 1036 3593 1092 zodiaci
3639 1054 3731 1092 se-

2141 1128 2434 1183 micirculi.
2466 1126 2601 1181 Nam
2651 1142 2775 1180 cum
2802 1126 3062 1181 zodiacus
3098 1127 3201 1196 17
3238 1128 3476 1182 circulus
3503 1142 3587 1183 εει
3621 1127 3729 1181 hu-

2142 1221 2410 1275 millimus
2441 1220 2508 1273 ad
2534 1219 2898 1285 horizontem,
2950 1219 3095 1289 quod
3131 1221 3185 1272 lit
3232 1233 3355 1273 cum
3403 1219 3727 1291 Capricorni

2141 1311 2318 1382 prima
2345 1326 2474 1381 pars
2509 1309 2744 1365 medium
2785 1309 2910 1364 cmli
2957 1315 3122 1373 tenet,
3174 1312 3415 1363 velocem
3462 1309 3592 1366 facit
3635 1328 3730 1366 or-

2138 1412 2254 1457 tum
2289 1402 2667 1459 semicirculus
2725 1401 2818 1472 qui
2863 1409 2948 1456 est
2990 1401 3059 1454 alt
3101 1399 3303 1455 Arietis
3342 1400 3517 1471 prima
3571 1411 3728 1471 parte

2138 1509 2314 1563 usque
2334 1491 2404 1547 ad
2426 1490 2666 1562 Virginis
2696 1499 2906 1562 partem
2936 1490 3290 1546 tricesimam.
3326 1490 3461 1544 Nam
3504 1491 3727 1563 oblique

2137 1586 2285 1641 cadit
2325 1585 2394 1639 ad
2429 1584 2791 1652 horizontem,
2845 1592 2901 1640 et
2943 1584 2998 1638 in
3041 1584 3229 1639 multis
3274 1584 3520 1655 partibus
3563 1584 3726 1639 simul

2135 1691 2315 1735 ortum
2348 1679 2498 1735 facit.
2539 1678 2676 1735 Cum
2732 1694 2861 1734 vero
2919 1678 3179 1733 zodiacus
3224 1686 3310 1733 est
3348 1677 3723 1743 rectissimus,

2134 1771 2281 1842 quod
2316 1770 2394 1836 iit,
2416 1785 2540 1825 cum
2568 1769 2743 1839 prima
2774 1783 2904 1839 pars
2934 1767 3131 1824 Cancri
3183 1768 3423 1823 medium
3470 1767 3596 1822 cmli
3638 1776 3725 1822 te-

2137 1872 2251 1931 net,
2280 1864 2522 1918 velocem
2546 1860 2882 1917 facitorlum
2913 1870 2967 1917 et
2986 1861 3368 1916 semicirculus
3425 1860 3521 1930 qui
3566 1869 3651 1917 est
3693 1875 3724 1913 a

2136 1954 2315 2009 Librae
2360 1953 2535 2024 prima
2575 1961 2731 2024 parte
2761 1967 2936 2022 usque
2984 1951 3049 2006 ad
3093 1950 3334 2007 Piscium
3375 1960 3583 2016 partem
3629 1951 3724 2005 tri-

2133 2047 2391 2102 cesimam
2422 2064 2435 2098 :
2467 2045 2614 2100 unde
2652 2044 2709 2099 in
2730 2045 2890 2113 longo
2910 2051 3153 2113 tempore
3175 2051 3357 2097 ortum
3390 2042 3540 2098 facit.
3580 2041 3727 2098 Con-

2133 2137 2419 2191 venienter
2445 2134 2613 2204 igitur
2639 2144 2693 2188 et
2729 2134 2782 2188 in
2815 2132 3060 2187 hibernis
3082 2133 3359 2197 noctibus,
3395 2140 3451 2187 et
3494 2132 3548 2186 iu
3578 2132 3727 2187 testi-

2135 2226 2237 2291 vis,
2282 2241 2378 2282 sex
2404 2227 2560 2298 signa
2593 2227 2867 2291 oriuntur,
2891 2232 2945 2280 et
2967 2240 3059 2279 sex
3103 2225 3259 2296 signa
3282 2225 3560 2280 occidunt.
3586 2223 3725 2278 Nam

2132 2321 2308 2375 ortiva
2359 2327 2640 2390 tempora.
2697 2319 2801 2375 etsi
2866 2319 3024 2389 signa
3065 2317 3243 2389 quoad
3296 2317 3724 2389 magnitudinem

2134 2420 2263 2467 sunt
2291 2412 2542 2482 aequalia,
2597 2411 2735 2466 ﬁunt
2775 2412 3063 2482 inaequalia
3110 2410 3412 2467 secundum
3454 2417 3722 2479 tempora.

2134 2504 2201 2559 Et
2223 2506 2444 2574 quidem
2463 2507 2519 2561 in
2558 2505 2806 2561 hibernis
2847 2507 3105 2561 noctibus
3150 2520 3215 2560 ea
3265 2505 3423 2576 signa
3470 2507 3726 2559 oriuntur

2133 2610 2255 2666 qua:
2290 2595 2508 2650 tardum
2540 2595 2748 2651 faciunt
2775 2604 2955 2652 ortum
2982 2614 2998 2665 ;
3045 2595 3101 2650 in
3129 2595 3334 2651 aestivis
3373 2596 3628 2653 noctibus
3657 2610 3726 2652 ea

2134 2684 2388 2739 oriuntur
2416 2684 2570 2756 signa
2590 2700 2712 2755 quae
2736 2685 2975 2741 velocem
3010 2684 3220 2741 iaciunt
3253 2695 3461 2742 ortum.
3595 2680 3601 2692 ’

2206 2880 2431 2938 Veteres
2458 2881 2658 2954 igitur,
2694 2882 3155 2968 quemadmodum
3204 2898 3317 2939 non
3356 2891 3508 2941 recte
3558 2884 3729 2941 intel.

2134 2973 2386 3030 lexerunt
2432 2975 2588 3045 signa
2625 2975 3045 3040 combinatoria,
3079 2975 3161 3031 sic
3208 2976 3372 3031 etiam
3417 2977 3475 3030 in
3526 2976 3725 3037 ortivis

2135 3065 2476 3136 temporibus
2504 3065 2788 3136 signorum
2826 3073 3166 3121 erraverunt.
3202 3065 3341 3122 Cum
3376 3067 3524 3122 enim
3574 3083 3722 3138 pra:-

443 3149 553 3221 γάρ
580 3148 871 3221 ὀρθότατον
908 3144 1049 3201 εἶναι
1081 3147 1174 3200 τὸν
1214 3145 1477 3213 ζωδιακὸν
1506 3145 1726 3210 κύκλον,
1754 3146 2032 3218 Καρκίνου

2138 3155 2564 3237 supposuissth
2589 3156 2874 3211 zodiacum
2902 3157 3168 3211 circulum
3200 3164 3316 3211 tum
3344 3157 3717 3213 rectissimum

445 3242 672 3314 πρώτης
711 3241 905 3313 μοίρας
953 3239 1430 3312 μεσουρανούσης·
1486 3241 1608 3294 ἐπεὶ
1657 3239 1800 3294 κατά
1849 3239 2036 3294 τοῦτον

441 3336 535 3390 τὸν
582 3335 772 3406 καιρὸν
817 3333 1097 3388 ἀνατέλλει
1139 3333 1237 3404 μὲν
1287 3333 1499 3403 Ζυγδς,
1532 3332 1678 3386 δύνει
1720 3332 1779 3386 δὲ
1823 3333 1995 3404 Κριός
2020 3349 2034 3364 ⁸

445 3426 798 3498 ἀπεφήναντο
822 3427 881 3480 ὲν
914 3424 1152 3495 πλείστῳ
1182 3424 1280 3495 μὲν
1312 3425 1491 3496 χρόνῳ
1508 3424 1819 3480 ἀνατέλλειν
1843 3425 2035 3494 Ζυγὸν,

442 3520 503 3573 ὲν
535 3516 776 3588 πλείστῳ
819 3515 877 3571 δὲ
909 3515 1087 3588 χρόνῳ
1118 3513 1296 3569 δύνειν
1339 3516 1532 3587 Κριόν.
1573 3515 1743 3570 Πάλιν
1785 3516 1907 3569 ἐπεὶ
1937 3533 2038 3569 τα-

448 3609 761 3675 πεινότατος
793 3609 1006 3679 γίνεται
1038 3608 1067 3660 ὁ
1098 3607 1208 3662 τῶν
1238 3606 1447 3672 ζωδίων
1487 3606 1710 3672 κύκλος,
1755 3608 2039 3677 Αίγόκερω

448 3699 673 3774 πρώτης
714 3700 912 3773 μοίρας
948 3698 1424 3773 μεσουρανούσης,
1461 3699 1605 3755 κατά
1635 3698 1824 3754 τοῦτον
1857 3700 2037 3754 δὲ.τὸν

441 3792 637 3865 καιρὸν
670 3791 956 3847 ἀνατέλλει
991 3792 1091 3863 μὲν
1123 3792 1315 3863 Κριὸς,
1343 3791 1487 3847 δύνει
1513 3792 1571 3846 δὲ
1598 3791 1769 3861 Ζυγός
1793 3808 1805 3820 ·
1833 3792 2040 3864 ἀπεφή-

442 3901 602 3939 ναντο
644 3884 746 3956 μὲν
789 3884 1024 3956 τάχιστα
1071 3884 1384 3939 ἀνατέλλειν
1428 3883 1597 3956 Κριὸν
1616 3924 1630 3949 ,
1666 3883 1934 3956 ἐλαχίστῳ
1978 3885 2037 3938 δὲ

446 3976 628 4049 χρόνῳ
645 3975 824 4031 δύνειν
848 3975 1043 4046 Ζυγόν.
1068 3975 1240 4030 Πάλιν
1268 3976 1393 4030 ἐπεὶ
1423 3976 1596 4047 μέσην
1628 3974 1872 4044 ἔγκλισιν
1900 3976 2038 4049 λαμ-

447 4068 601 4125 ϐάνει
621 4071 650 4124 ὁ
680 4068 790 4123 τῶν
819 4068 1027 4133 ζωδίων
1055 4067 1255 4132 κύκλος
1279 4068 1417 4140 πρὸς
1449 4067 1541 4122 τὸν
1568 4067 1840 4140 ὁρίζοντα,
1862 4068 2035 4142 Κριοῦ

447 4162 672 4235 πρώτης
717 4160 909 4233 μοίρας
956 4159 1435 4233 μεσουρανούσης,
1474 4159 1569 4214 καὶ
1601 4159 1777 4228 Ζυγοῦ
1810 4159 2035 4231 πρώτης

450 4254 644 4329 μοίρας
678 4252 1148 4326 μεσουρανούσης·
1172 4251 1452 4307 ἀνατέλλει
1481 4250 1579 4323 μὲν
1607 4252 1911 4324 Καρκίνος,
1940 4251 2035 4306 δύ-

444 4362 526 4400 νει
560 4345 619 4400 δὲ
651 4344 995 4418 Αίγόκερως’
1034 4343 1175 4397 ὥστε
1214 4345 1379 4414 μέσον
1409 4343 1602 4415 χρόνον
1640 4344 1740 4414 τῆς
1772 4343 2036 4415 ἀνατολῆς

444 4433 589 4508 ἔχειν
618 4436 919 4508 Καρκίνον,
951 4436 1047 4489 καὶ
1083 4434 1247 4506 μέσον
1280 4434 1472 4507 χρόνον
1505 4435 1606 4507 τῆς
1632 4435 1839 4500 δύσεως
1870 4437 2033 4505 Αἰγό-

2136 3260 2280 3310 esse,
2316 3260 2441 3299 cum
2472 3244 2673 3300 Cancri
2717 3245 2893 3315 prima
2935 3261 3063 3317 pars
3103 3246 3340 3300 medium
3377 3247 3504 3301 caeli
3552 3255 3721 3302 tene-

2137 3345 2255 3405 ret;
2298 3351 2535 3407 cumque
2586 3336 2692 3391 hoc
2744 3345 2988 3408 tempore
3019 3338 3229 3393 oriatur
3256 3338 3458 3403 Libra,
3501 3339 3721 3396 occidat

2136 3421 2333 3478 Aries:
2368 3422 2496 3478 inde
2549 3430 2861 3479 statuerunt
2922 3425 3242 3495 longissimo
3285 3435 3533 3499 tempore
3581 3431 3719 3484 oriri

2137 3512 2380 3578 Libram,
2412 3520 2467 3569 et
2498 3514 2822 3585 longissimo
2873 3521 3117 3586 tempore
3160 3518 3416 3574 occidere
3452 3520 3716 3576 Arietem.

2138 3603 2355 3661 Rursus
2377 3621 2502 3661 cum
2533 3605 2873 3662 humillimus
2908 3607 3001 3662 ﬁat
3030 3609 3314 3674 zodiacus,
3345 3611 3520 3681 prima
3567 3621 3729 3682 parte.

2136 3698 2463 3770 Capricorni
2492 3706 2710 3754 tenente
2742 3699 2982 3755 medium
3023 3702 3177 3767 coeli,
3209 3712 3263 3758 et
3318 3703 3422 3759 hoc
3470 3711 3743 3775 tempore
3806 3697 3814 3707 ’

2137 3791 2352 3846 oriatur
2377 3790 2558 3856 Aries,
2592 3791 2756 3846 Libra
2790 3792 3007 3847 occidat
3039 3812 3053 3848 :
3089 3801 3402 3851 statuerunt
3429 3796 3716 3853 celerrime

2139 3884 2276 3939 oriri
2314 3883 2579 3950 Arietem,
2625 3894 2681 3940 et
2711 3886 3001 3942 celerrimo
3034 3894 3279 3958 tempore
3333 3889 3586 3944 occidere
3627 3888 3722 3945 Li-

2137 3975 2319 4030 bram.
2348 3973 2565 4030 Rursus
2602 3990 2726 4030 cum
2756 3976 2988 4032 mediam
3013 3977 3423 4034 inclinationem
3461 3980 3722 4035 zodiacus

2138 4074 2254 4120 tum
2282 4064 2352 4120 ad
2386 4065 2725 4121 horizontem
2756 4067 3006 4138 accipiat,
3044 4084 3168 4123 cum
3204 4071 3379 4140 prima
3405 4086 3534 4140 pars
3564 4071 3723 4127 Arie-

2138 4159 2212 4214 tis
2236 4158 2476 4214 medium
2508 4158 2630 4214 cceli
2663 4171 2917 4229 occupat,
2947 4169 3001 4215 et
3030 4158 3209 4215 Librae
3233 4176 3360 4232 pars
3384 4162 3560 4232 prima
3604 4178 3721 4218 me-

2143 4249 2296 4304 dium
2330 4247 2455 4303 cmli
2487 4254 2657 4312 tenet,
2687 4249 2903 4303 oriatur
2931 4259 3111 4309 autem
3160 4247 3372 4305 Cancer
3399 4259 3455 4305 et
3504 4251 3721 4306 occidat

2140 4340 2518 4411 Capricornus
2560 4358 2575 4395 :
2614 4346 2926 4396 statuerunt
2979 4341 3163 4412 igitur,
3214 4341 3452 4397 medium
3502 4350 3719 4412 tempus

2141 4440 2298 4487 ortus
2324 4432 2527 4488 habere
2555 4432 2849 4499 Cancrum,
2879 4440 2933 4487 et
2965 4433 3202 4488 tnedium
3232 4442 3445 4504 tempus
3482 4449 3717 4492 occasus

444 4545 640 4601 κερωνο
668 4527 834 4581 πάλιν
853 4526 911 4581 δὲ
931 4526 1126 4599 Χηλῶν
1149 4527 1614 4599 μεσουρανουσῶν,
1645 4528 1809 4598 μέσον
1836 4529 2028 4600 χρόνον

2137 4524 2566 4595 Capricornum;
2599 4541 2795 4580 rursus
2825 4522 3009 4579 Chelis
3041 4525 3278 4579 medium
3329 4525 3450 4581 ραιιί
3483 4527 3722 4581 tenenti-

441 4621 542 4694 τῆς
567 4620 837 4691 ἀνατολῆς
870 4618 982 4685 ἔξει
1005 4621 1337 4694 Αίγόκερως,
1373 4622 1468 4677 καὶ
1513 4621 1675 4693 μέσον
1702 4622 1802 4693 τῆς
1833 4621 2037 4687 δύσεως

442 4715 636 4787 χρόνον
664 4711 961 4784 Καρκίνος.
1013 4713 1077 4765 Ἦ
1109 4712 1167 4766 δὲ
1192 4714 1428 4786 τοσαύτη
1463 4712 1677 4778 ἕκθεσις
1708 4714 1815 4768 τῶν
1843 4716 2035 4771 ἀνατο-

442 4803 610 4859 λικῶν
650 4804 863 4875 χρόνων
914 4802 1068 4871 παρὰ
1108 4805 1221 4867 τοῖς
1268 4805 1516 4875 ἀρχαίοις
1561 4806 1679 4859 ἐστὶ
1734 4806 2037 4880 διημαρτη-

444 4883 605 4969 μένη.
651 4893 808 4948 Ἐπεὶ
844 4892 955 4964 γὰρ
989 4892 1210 4964 Δίδυμοι
1254 4896 1350 4949 καὶ
1395 4897 1671 4969 Καρκίνος
1718 4899 1818 4971 τὴν
1865 4899 2035 4971 αὐτὴν

441 4986 689 5057 ἔγκλισιν
741 4981 959 5054 ἔχουσιν
1008 4982 1066 5033 ὲν
1108 4981 1186 5053 τῷ
1231 4981 1479 5055 ζωδιακῷ
1527 4984 1715 5054 κύκλῳ
1759 4985 1896 5057 πρὸς
1942 4985 2034 5039 τὸν

441 5074 727 5150 ὁρίζοντα,
760 5074 855 5128 καὶ
885 5073 987 5142 τὴν
1020 5071 1192 5144 αὐτὴν
1224 5073 1523 5129 ἀπόστασιν
1552 5076 1660 5129 ἀπὸ
1689 5074 1783 5129 τοῦ
1819 5075 2032 5146 θερινοῦ

447 5227 779 5300 Strabonem
804 5225 900 5300 lib,
935 5241 998 5300 tt,
1027 5223 1390 5300 ἑξηκοντάδας
1414 5242 1512 5297 pro
1545 5228 1652 5281 alia
1680 5243 1814 5300 voce
1834 5228 2029 5300 depra-

445 5309 571 5353 vata
606 5296 824 5369 restitui
869 5295 1505 5369 juben§.;sexagesimas
1536 5295 2034 5369 partesinterpre-

446 5369 712 5441 tatussit.
741 5365 854 5441 Hoc
871 5363 1005 5421 vero
1034 5363 1497 5441 Salmasiuslpag:
1524 5363 1658 5441 6’64)
1677 5368 1825 5441 _ideo
1848 5363 2033 5440 repre-

448 5439 660 5510 hendit,
697 5436 843 5510 quod
883 5451 947 5490 ea
982 5437 1208 5510 notione
1248 5436 1595 5510 scribendum
1632 5436 2028 5510 έξηκοστάδας,

449 5511 494 5562 si
527 5506 749 5580 quidem
778 5506 1093 5580 ἐξηκοντάς,
1122 5508 1319 5580 inquit,
1345 5516 1431 5563 est
1477 5506 1889 5580 sexagenarius,
1921 5528 2029 5565 nou

451 5577 580 5662 pars
606 5577 985 5662 sexagesima;
1016 5584 1156 5662 sicut
1185 5577 1348 5641 δεκάς
1381 5578 1729 5660 nonuecitna
1754 5595 1901 5662 pars,
1936 5583 2032 5636 sed

449 5645 698 5704 decuria.
733 5645 1047 5702 Secundum
1091 5647 1194 5701 hoc
1229 5649 1644 5717 grammaticum
1684 5645 2033 5707 interdictum

449 5718 823 5789 vadimonium
876 5717 1336 5789 Aratoqdicetur;
1370 5735 1471 5774 nec
1511 5734 1770 5775 recusare
1804 5722 2028 5789 poterit,

449 5790 586 5848 uuin
621 5788 690 5845 ad
710 5786 953 5844 tribunal
989 5784 1245 5846 Salmasii
1276 5784 1403 5845 reus
1432 5791 1650 5857 citetur,
1690 5784 1836 5861 quod
1867 5784 2029 5846 δωδεὲ

2138 4616 2260 4682 bus,
2284 4615 2524 4671 medium
2568 4624 2785 4685 tempus
2812 4627 2967 4670 ortus
2996 4614 3216 4670 habebit
3242 4615 3631 4686 Capricornus,
3661 4630 3717 4674 et

2137 4707 2377 4761 medium
2438 4714 2655 4777 tempus
2701 4721 2934 4762 occasus
2967 4708 3198 4763 Cancer.
3243 4709 3391 4783 Talis
3443 4711 3715 4780 expositio

2136 4797 2440 4852 ortivorum
2480 4804 2784 4867 temporum
2833 4796 2977 4868 apud
3024 4809 3235 4855 veteres
3278 4798 3413 4855 falsa
3440 4809 3545 4856 est.
3577 4800 3715 4856 Cum

2137 4891 2284 4944 cnim
2318 4888 2529 4944 Gemini
2566 4895 2622 4943 et.
2653 4887 2864 4944 Cancer
2902 4891 3150 4947 eamdem
3211 4892 3445 4947 habeant
3480 4892 3716 4947 inclina-

2137 4982 2340 5035 tionem
2394 4980 2450 5034 in
2478 4980 2708 5035 zodiaco
2734 4981 2803 5035 ad
2851 4980 3212 5048 horizontem,
3243 4984 3599 5055 eamdemque
3627 4986 3680 5040 di
3699 5015 3715 5026 ο

2141 5074 2401 5130 stantiam
2431 5073 2499 5128 ab
2514 5073 2701 5128 aestivo
2727 5074 2939 5145 tropico
2966 5074 3144 5146 signo,
3179 5083 3234 5132 et
3261 5076 3475 5132 dierum
3505 5078 3718 5148 magni-

2134 5227 2305 5292 κάδας
2335 5227 2621 5299 scripserit
2656 5245 2756 5299 pro
2794 5229 3188 5294 δωδεκατάδας.
3233 5229 3306 5288 Ut
3345 5231 3489 5287 enim
3529 5234 3599 5287 ab
3627 5247 3714 5297 eo,

2135 5299 2294 5374 quod
2337 5307 2422 5374 est
2452 5297 2779 5374 ίέξηκοστός,
2809 5299 3035 5374 deﬂecti
3066 5304 3177 5374 vult
3216 5303 3316 5374 τὴν
3360 5301 3715 5374 ἑξηκοστάδα,

2136 5369 2217 5423 sic
2247 5370 2315 5443 ab
2338 5368 2701 5443 δέκατος-γει
2726 5370 3029 5443 δωδέκατος
3059 5368 3296 5428 formare
3325 5368 3595 5443 oportebit
3630 5368 3717 5427 δεὲ

2134 5439 2405 5513 κατάδας,
2457 5441 2542 5513 vel
2592 5440 2985 5513 δωδεκατάδας.
3045 5443 3224 5513 Apage
3288 5439 3389 5499 has
3438 5445 3713 5513 ineptias:

2132 5509 2292 5585 τοῦτο
2339 5510 2759 5585 νομοθετοῦντός
2799 5512 2917 5585 ἐστι
2957 5509 3396 5585 τοῖςξόνόμασιν,
3436 5509 3543 5567 οὐκ
3581 5513 3717 5584 ἁλη-

2135 5578 2496 5654 θεύοντος,ὐι
2529 5596 2653 5634 cum
2683 5580 3026 5654 Nazianzeno
3071 5578 3284 5654 loquar.
3316 5578 3599 5640 Pustremo
3629 5578 3715 5639 vel

2137 5649 2337 5704 Strabo
2387 5650 2505 5724 ipse
2557 5652 2889 5724 correctoris
2939 5649 3210 5724 licentiam
3261 5658 3523 5718 refrenat,
3572 5655 3716 5724 apud

2135 5735 2296 5801 quem
2347 5721 2539 5801 paucis
2585 5728 2711 5801 post
2751 5721 2841 5777 illa
2877 5723 3150 5793 versibus,
3198 5725 3309 5782 τῶν
3347 5721 3717 5795 έξηκοντόιδων

2139 5790 2462 5850 vocabulum
2496 5790 2709 5861 legitur.
