4146 6482
397 400 502 456 799

1413 398 1504 454 AD
1545 392 1811 452 EUSEBII
1863 385 2263 448 CHRONICON
2299 383 2663 441 APPENDIX.

3557 379 3664 437 800

393 513 619 569 tudines
639 511 902 582 aequales,
921 520 974 568 et
995 513 1214 570 Cancro
1243 515 1518 570 mediante
1550 515 1604 568 in
1631 515 1792 576 caelo,
1829 513 1977 566 oria-

2088 503 2340 576 τροπικοῦ
2367 503 2598 575 σημείου
2617 541 2633 565 ,
2667 501 2762 555 καὶ
2792 499 2863 553 τά
2893 497 3100 569 μεγέθη
3145 495 3254 551 τῶν
3282 493 3504 568 ἡμερῶν
3535 497 3660 550 ίσα·

394 616 485 659 tur
507 604 668 668 Libra
697 623 711 660 :
746 606 802 660 in
833 607 1180 680 temporibus
1203 609 1504 680 aequalibus
1537 609 1791 664 oriuntur
1817 607 1978 678 Virgo

2088 596 2175 649 καὶ
2207 594 2454 666 Διδύμων
2487 595 2586 666 μὲν
2619 589 3092 664 μεσουρανούντων
3129 587 3408 642 ἀνατέλλει
3448 587 3664 659 [Iapeto

393 703 448 752 el.
477 697 660 754 Libra.

467 877 717 954 Cumque
767 885 1118 942 rectissimus
1172 884 1266 939 ﬁat
1315 883 1610 951 zodiacus,
1651 883 1896 941 Geminis
1924 894 1979 942 et

397 971 617 1028 Cancro
668 974 904 1030 medium
940 975 1064 1030 εωΙί
1107 977 1456 1042 tenentibus,
1488 977 1812 1047 longissimo
1840 986 1978 1032 tem-

399 1079 535 1135 pore
562 1068 819 1120 oriuntur
846 1066 1011 1138 Virgo
1030 1076 1084 1121 et
1109 1066 1296 1136 Libra,
1315 1080 1370 1124 et
1397 1084 1506 1124 non
1540 1077 1752 1124 tantum
1770 1069 1972 1133 Cheiaa,

401 1162 461 1208 ut
495 1163 706 1212 veteres
737 1157 1126 1228 opinabantur.

468 1247 684 1304 Rursus
719 1263 842 1304 cum
877 1250 1208 1322 Sagittarius
1239 1262 1292 1306 et
1320 1253 1693 1324 Capricornus
1727 1256 1974 1310 eamdem

399 1338 636 1395 habeant
675 1343 742 1396 ad
793 1343 1131 1399 horizontem
1189 1347 1635 1414 inclinationem,
1685 1355 1742 1402 et
1798 1348 1980 1420 Sagit-

397 1433 542 1486 tario
571 1434 810 1488 medium
835 1437 961 1490 caeli
995 1446 1217 1494 tenente
1239 1442 1492 1494 oriantur
1520 1439 1731 1506 Pisces,
1762 1441 1980 1496 occidat

399 1519 604 1593 Virgo:
639 1523 980 1594 Capricorno
1021 1529 1262 1582 medium
1299 1530 1423 1584 coeli
1472 1541 1800 1600 occupante,
1827 1532 1976 1584 oria-

398 1623 492 1669 tur
541 1616 720 1680 Aries,
770 1619 986 1674 occidat
1019 1619 1206 1686 Libra,
1244 1623 1447 1692 (latque
1485 1623 1828 1678 humillimus
1885 1638 1980 1678 zo-

397 1706 615 1768 diacus,
647 1721 771 1760 cum
825 1707 1159 1778 Sagittarius
1211 1721 1266 1767 et
1312 1711 1686 1781 Capricornus
1740 1713 1794 1768 in
1835 1715 1976 1768 casio

2079 705 2201 753 νοςο
2233 689 2511 760 Καρκίνου
2538 687 2596 740 δὲ
2633 683 3114 758 μεσουρανοῦντος,
3141 681 3422 736 ἀνατέλλει
3456 679 3659 748 Ζυγόςο

2079 784 2138 834 tv
2169 781 2269 850 ἴσῳ
2298 781 2478 853 χρόνῳ
2500 778 2849 834 ἀνατέλλουσι
2882 777 2962 830 Πα
2973 775 3156 846 ρθένος
3183 775 3279 828 καὶ
3309 773 3502 841 Ζυγός.

2151 876 2264 929 Καὶ
2303 875 2427 928 ἐπεὶ
2455 874 2743 946 ὀρθότατος
2772 872 2983 940 γίνεται
3012 872 3042 924 ό
3067 869 3175 923 τῶν
3204 865 3410 932 ζωδίων
3440 864 3660 930 κύκλος,

2079 967 2317 1030 Διδύμου
2343 967 2437 1021 καὶ
2477 967 2755 1038 Καρκίνου
2803 962 3302 1036 μεσουρανούντων,
3336 961 3395 1013 ὲν
3424 959 3662 1030 πλείστῳ

2083 1061 2260 1131 χρόνῳ
2293 1058 2640 1113 ἀνατέλλουσι
2665 1057 2939 1130 Παρθένος
2968 1056 3061 1109 καὶ
3083 1053 3275 1122 Ζυγὸς,
3300 1055 3394 1106 καὶ
3413 1053 3474 1106 οὐ
3503 1052 3667 1123 μόνον

2081 1153 2140 1205 αἱ
2175 1151 2374 1223 Χηλαὶ,
2403 1151 2655 1225 καθάπερ
2687 1153 2735 1204 oi
2761 1151 2979 1221 ἀρχαῖοι
2999 1148 3376 1219 διελάμϐανον.

2151 1245 2321 1300 Πάλιν
2355 1243 2412 1297 δὲ
2452 1241 2575 1296 ἐπεὶ
2605 1241 2841 1313 Τοξότης
2880 1241 2976 1294 καὶ
3004 1240 3320 1312 Δίγόκερως
3353 1238 3452 1310 τὴν
3493 1237 3676 1310 αὐτὴν

2079 1338 2322 1407 ἔγκλισιν
2355 1335 2538 1406 ἔχουσι
2576 1333 2714 1407 πρὸς
2749 1333 2840 1386 τὸν
2866 1330 3115 1402 ὁρίζοντα
3137 1371 3150 1395 ,
3177 1329 3272 1384 καὶ
3301 1329 3529 1395 Τοξότου
3563 1346 3663 1400 με·-

2081 1428 2504 1502 σουρανοῦντος,
2546 1424 2927 1480 ἀνατέλλουσιν
2967 1421 3172 1493 ’ἰχθύες
3196 1464 3212 1489 ,
3245 1422 3392 1476 δύνει
3427 1421 3484 1475 δὲ
3511 1421 3661 1492 Παρ-

2081 1521 2234 1586 θένος
2255 1537 2270 1552 ⁶
2310 1521 2595 1592 Αίγόκερω
2631 1518 2689 1572 δὲ
2720 1516 3182 1589 μεσουρανοῦντσς
3205 1555 3222 1580 ,
3252 1515 3528 1569 ἀνατέλλει

2079 1613 2271 1684 Κριὸς,
2306 1611 2453 1664 δύνει
2495 1611 2553 1664 δὲ
2599 1611 2808 1678 Ζυγὸς,
2836 1610 2931 1662 καὶ
2970 1607 3181 1675 γίνεται
3219 1608 3606 1672 ταπεινότατος
3635 1609 3664 1661 δ

2079 1705 2189 1760 τῶν
2235 1702 2702 1778 ζῳδίωνβύκλος,
2743 1702 2971 1768 Τοξότου
3013 1695 3113 1755 ’καὶ
3151 1702 3435 1774 Λίγόκερω
3467 1718 3668 1772 μεσου-

400 1797 644 1853 tnediant
679 1816 694 1852 :
748 1801 806 1855 in
863 1800 1191 1859 brevissimo
1220 1811 1470 1876 tempore
1520 1806 1779 1861 occidunt
1808 1805 1978 1877 Virgo

2088 1799 2422 1868 ρανούντων·
2451 1801 2509 1852 tv
2537 1797 2806 1867 ἐλαχίστῳ
2827 1796 3005 1868 χρόνῳ
3034 1795 3248 1850 δύνουσι
3271 1795 3544 1866 Παρθένος
3571 1798 3690 1852 καὶ·

393 1896 452 1942 et
474 1886 659 1944 Libra.

468 1977 685 2038 Rursus
720 1999 849 2040 vero
881 2000 1006 2040 cum
1029 1985 1281 2046 Piscibus
1313 1989 1550 2045 medium
1584 1991 1709 2046 cmii
1743 1991 1977 2047 tenenti-

397 2070 504 2128 bus
543 2075 794 2131 oriantur
823 2077 1078 2134 Gemini:
1114 2082 1302 2136 Ariete
1353 2083 1590 2137 medium
1637 2084 1762 2138 εαξη
1814 2098 1978 2137 occu-

397 2171 564 2233 pante
611 2170 828 2224 oriatur
875 2170 1088 2227 Cancer
1121 2192 1137 2227 :
1169 2173 1421 2230 Piscibus
1452 2191 1582 2230 vero
1608 2183 1660 2230 et
1694 2175 1878 2230 Aricte
1922 2175 1978 2229 in

396 2259 542 2314 etelo
591 2261 986 2331 Inediantibus,
1038 2266 1274 2321 mediam
1325 2269 1733 2324 inclinationem
1783 2269 1981 2322 habeat

398 2350 662 2410 zodiacus
697 2373 710 2408 :
747 2356 984 2411 medium
1037 2360 1206 2430 igitur
1243 2369 1461 2432 tempus
1497 2369 1650 2417 ortus
1694 2363 1980 2417 continent

399 2437 617 2496 Gemini
657 2451 712 2498 et
741 2444 974 2513 Cancer,
1011 2446 1344 2520 Sagittarius
1369 2467 1498 2507 vero
1533 2463 1588 2508 et
1611 2453 1981 2524 Capricornus

397 2547 652 2590 occasus.

475 2624 743 2684 Similiter
796 2646 944 2698 cum,
981 2631 1204 2705 Virgine
1232 2646 1286 2691 et
1320 2635 1506 2693 Chelis
1557 2637 1795 2692 medium
1850 2637 1978 2692 εαξη

399 2721 740 2786 tenentibus,
765 2725 1000 2778 inediam
1033 2727 1448 2784 inclinationem
1484 2729 1744 2786 zodiacus
1778 2729 1980 2785 habere

399 2813 643 2878 dicatur,
673 2823 729 2868 et
760 2813 987 2887 Virgine
1044 2820 1283 2874 medium
1329 2822 1453 2875 caeli
1494 2832 1738 2885 tenente,
1769 2823 1982 2877 oriatur

403 2905 758 2978 Sagittarius,
792 2911 1049 2966 occidant
1081 2910 1296 2968 Gemini
1318 2931 1332 2978 ;
1353 2913 1538 2970 Chelis
1563 2931 1693 2971 vero
1713 2917 1837 2972 coeli
1865 2932 1983 2972 me-

403 2999 556 3054 dium
603 3003 1006 3072 occupantibus
1053 3005 1266 3059 oriatur
1313 3006 1724 3077 Capricornus,
1764 3009 1980 3064 occidat

401 3089 637 3154 Cancer,
673 3095 910 3149 medium
972 3104 1186 3166 tempus
1231 3097 1512 3156 habebunt
1543 3111 1700 3157 ortus
1746 3100 1982 3171 Sagitta-

2011 1860 2058 1920 Β
2084 1860 2276 1960 ὲυγός.

2156 1983 2326 2038 Πάλιν
2371 1983 2427 2037 δὲ
2476 1983 2598 2036 ἐπεὶ
2639 1983 2858 2054 Ἰχθύων
2902 1983 3384 2054 μεσουρανούντων
3439 1983 3668 2038 ἀνατέλ-

2084 2075 2238 2130 λουσι
2290 2077 2513 2148 Δίδυμοι
2541 2119 2556 2143 ,
2622 2075 2796 2147 Κριοῦ
2864 2075 3326 2147 μεσουρανοῦντος
3389 2075 3668 2130 ἀνατέλλει

2086 2169 2360 2239 Καρκίνος
2387 2210 2401 2230 ,
2450 2167 2668 2239 Ἰχθύων
2709 2169 2768 2223 δὲ
2809 2169 2904 2223 καὶ
2949 2169 3120 2240 Κριοῦ
3165 2168 3668 2241 μεσουρανούντων,

2090 2262 2261 2332 μέσην
2291 2261 2534 2330 ἔγκλισιν
2569 2261 2682 2332 ἔχει
2715 2263 2744 2315 ό
2785 2262 3048 2327 ζωδιακὸς
3075 2263 3308 2327 κύκλοςο
3345 2264 3508 2335 μέσον
3556 2265 3671 2334 ἄρα

2087 2353 2275 2424 χρόνον
2298 2354 2396 2423 τῆς
2425 2353 2690 2423 ἀνατολῆς
2720 2353 3032 2425 περιέχουσι
3061 2354 3282 2424 Δίδυμοι
3322 2354 3417 2409 καὶ
3457 2353 3670 2426 Rapaci-'-

2087 2463 2198 2510 νος,
2222 2445 2428 2512 δύσεως
2457 2446 2514 2500 δὲ
2545 2445 2781 2517 Τοξότης
2806 2447 2901 2500 καὶ
2918 2447 3114 2516 Αίγόκε
3125 2464 3250 2519 ρως.

2168 2628 2405 2700 Ὁμοίως
2425 2627 2482 2682 δὲ
2513 2629 2635 2682 ἐπεὶ
2657 2627 2935 2700 Παρθένου
2961 2629 3054 2682 καὶ
3080 2627 3274 2700 Χηλῶν
3304 2644 3670 2702 μεσουρανου-

2089 2723 2198 2777 σῶν
2221 2725 2394 2796 μέσην
2425 2723 2668 2792 ἔγκλισιν
2697 2723 2839 2794 ἔχειν
2861 2723 3076 2793 λέγεται
3103 2726 3132 2778 ὁ
3159 2723 3422 2789 ζωδιακὸς
3447 2723 3665 2790 κύκλος,

2087 2816 2182 2869 κοιλ¹
2197 2815 2474 2888 Παρθένου
2503 2815 2964 2888 μεσουρανούσης,
2983 2815 3262 2869 ἀνατέλλει
3291 2815 3391 2887 μὲν
3409 2815 3664 2889 Τοξότης,

2086 2910 2303 2964 δύνουσι
2333 2910 2391 2964 δὲ
2437 2911 2657 2982 Δίδυμοι
2681 2927 2694 2941 ·
2732 2911 2928 2982 Χηλῶν
2959 2911 3016 2966 δὲ
3061 2912 3508 2984 μεσουρανουσῶν
3537 2913 3671 2966 ἀνα-

2086 3003 2262 3058 τέλλει
2294 3003 2628 3076 Αίγόκερως,
2655 3002 2800 3058 δύνει
2832 3004 2889 3058 δὲ
2930 3005 3233 3076 Καρκίνος·
3273 3003 3439 3076 μέσον
3478 3003 3671 3075 χρόνον

2089 3095 2399 3169 περιέξουσι
2441 3096 2545 3166 τῆς
2591 3095 2856 3168 ἀνατολῆς
2904 3096 3138 3166 Τοξότης
3181 3095 3277 3150 καὶ
3333 3096 3666 3166 Αἰγόκερως,

405 3185 524 3240 rius
551 3193 606 3241 et
633 3184 1036 3258 Capricornus,
1073 3205 1309 3248 occasus
1342 3207 1472 3248 vero
1516 3191 1730 3248 Gemini
1755 3202 1810 3250 et
1838 3194 1982 3250 Can-

2088 3191 2186 3262 τῆς
2215 3191 2274 3244 δὲ
2299 3189 2506 3254 δύσεως
2534 3189 2760 3262 Δίδυμοι
2791 3190 2886 3244 καὶ
2913 3189 3206 3262 Καρκίνος.

403 3289 518 3331 cer.

475 3366 554 3422 Ex
584 3369 670 3426 his
697 3371 1050 3427 manifestum
1083 3377 1338 3446 estquod
1369 3391 1431 3431 ea
1463 3377 1616 3447 signa
1655 3391 1778 3448 quas
1808 3391 1986 3448 aequa-

404 3459 534 3516 liter
563 3476 592 3514 a
627 3465 847 3532 punctis
881 3467 1109 3535 trepicis
1139 3478 1194 3522 et
1243 3471 1723 3538 aequinoctialibus
1753 3469 1983 3537 distant,

404 3553 705 3624 u‘qualibus
737 3558 1078 3625 temporibus
1110 3560 1360 3615 oriantur
1387 3567 1442 3614 et
1470 3561 1746 3628 occidant;
1785 3569 1984 3616 etcum

406 3645 558 3700 omni
590 3654 750 3702 nocte
768 3663 864 3702 sex
901 3649 1061 3718 signa
1087 3650 1340 3704 oriantur
1365 3650 1419 3704 in
1450 3650 1601 3706 horis
1629 3651 1716 3713 12,
1753 3659 1808 3706 et
1835 3650 1986 3706 omni

405 3737 497 3793 die
527 3753 621 3793 sex
653 3739 808 3810 signa
839 3741 1090 3795 oriantur
1119 3743 1172 3796 in
1210 3741 1364 3798 horis
1408 3741 1492 3807 i2,
1527 3742 1880 3798 manifestum
1904 3749 1988 3798 est

407 3827 556 3898 quod
585 3837 641 3884 et
673 3831 729 3884 in
762 3831 852 3885 die
873 3841 927 3886 et
957 3833 1012 3887 in
1046 3843 1204 3888 nocte
1230 3833 1300 3888 η
1328 3835 1482 3904 signa
1518 3837 1771 3888 oriantur
1800 3835 1854 3889 in
1891 3834 1991 3889 hu-

407 3923 489 3978 ris
512 3918 606 3985 24,
639 3927 694 3974 et
721 3935 890 3976 unum
941 3923 1158 3994 signum
1187 3925 1242 3980 in
1285 3925 1320 3980 2
1350 3925 1502 3981 horis
1543 3925 1844 3981 secundum
1877 3941 1991 3982 me-

409 4015 565 4070 dium
595 4022 818 4071 ortuu'n
852 4023 1089 4086 tempus.
1130 4016 1194 4072 Et
1227 4033 1421 4073 rursus
1463 4033 1590 4072 cum
1645 4018 1795 4072 omni
1828 4025 1992 4074 nocte

411 4122 508 4162 εει
531 4107 689 4178 signa
738 4109 993 4162 oriantur
1024 4109 1078 4162 in
1115 4109 1265 4165 horis
1293 4109 1384 4174 12,
1424 4108 1776 4165 manifestum
1806 4121 1892 4166 est
1923 4125 1991 4165 ex

409 4197 632 4264 iisdem,
661 4199 808 4268 quod
849 4216 1019 4254 unum
1064 4203 1280 4273 signant
1315 4203 1372 4256 in
1405 4203 1624 4258 duabus
1659 4203 1808 4260 horis
1841 4204 1992 4258 occi-

411 4290 528 4354 dat,
551 4301 605 4347 et
638 4291 707 4346 l2
737 4293 894 4363 signa
924 4295 1196 4357 oriantur,
1217 4301 1270 4349 et
1287 4290 1543 4350 occidant
1569 4297 1624 4350 in
1655 4295 1807 4352 horis
1827 4296 1994 4367 aequi-

411 4382 742 4440 noctialibus
773 4384 877 4450 24,
913 4394 967 4440 et
996 4387 1240 4440 omnium
1277 4388 1556 4458 signorum
1590 4397 1802 4460 tempus
1834 4397 1990 4444 ortus

411 4485 467 4532 et
509 4493 763 4544 occasus,
818 4479 985 4535 simul
1037 4489 1342 4552 sumptum,
1374 4479 1447 4536 sit
1489 4481 1701 4552 aequale
1755 4480 1989 4552 tempori

2169 3373 2264 3427 Ἐκ
2291 3372 2348 3427 δὲ
2380 3372 2584 3427 τούτων
2611 3373 2864 3445 φανερὸν,
2899 3373 2981 3426 ὅτι
3010 3371 3080 3426 τὰ
3109 3373 3222 3426 ῐσον
3263 3370 3537 3442 ἀπέχοντα
3560 3371 3676 3427 τῶν

2085 3464 2385 3538 τροπικῶν,
2416 3466 2512 3519 καὶ
2533 3465 2642 3518 τῶν
2668 3465 2999 3536 ίσημερινῶν
3023 3463 3261 3535 σημείων
3285 3464 3342 3516 ὲν
3370 3462 3470 3534 ίσῳ
3495 3464 3672 3534 χρόνῳ

2088 3557 2403 3622 ἀνατέλλει,
2434 3557 2530 3612 atat
2577 3557 2766 3611 δύνει⁸
2817 3557 2912 3611 καὶ
2957 3557 3082 3610 ἐπεὶ
3132 3558 3189 3611 ὲν
3229 3555 3380 3628 πάσῃ
3416 3557 3574 3610 νυκτὶ
3612 3555 3674 3620 ἒξ

2089 3649 2258 3715 ζὼδια
2299 3649 2581 3704 ἀνατέλλει
2627 3652 2686 3703 tv
2725 3648 2893 3721 ὥραις
2929 3648 3018 3714 ιδ’,
3053 3647 3304 3720 φανερὸν,
3346 3649 3429 3702 ὅτι
3475 3648 3571 3702 καὶ
3613 3649 3672 3700 ἐν

2090 3741 2274 3813 ἡμέρᾳ
2311 3742 2408 3794 καὶ
2445 3741 2601 3794 νυκτὶ
2638 3739 2706 3794 ιϐ’
2739 3739 2902 3806 ζὼδια
2946 3740 3224 3795 ἀνατέλλει
3267 3742 3324 3794 tv
3370 3739 3542 3812 ὥραις
3571 3738 3670 3800 κδ’·

2090 3832 2151 3886 τὸ
2177 3833 2233 3886 δὲ
2263 3832 2321 3886 ἓν
2363 3831 2552 3897 ζώδιον
2585 3831 2866 3886 ἀνατέλλει
2909 3833 2968 3886 tv
3013 3831 3163 3885 δυσὶν
3191 3831 3364 3904 ὥραις
3395 3831 3537 3886 κατὰ
3579 3831 3677 3886 τὸν

2095 3927 2259 3997 μέσον
2289 3925 2398 3979 τῶν
2423 3925 2697 3980 ἀνατολῶν
2727 3927 2938 3998 χρόνον.
2968 3925 3079 3980 Καὶ
3107 3925 3268 3980 πάλιν
3295 3926 3417 3978 ἐπεὶ
3439 3927 3496 3978 ἐν
3523 3927 3692 3999 πάσῃ,

2090 4021 2248 4076 νυκτὶ
2281 4019 2341 4086 ἓξ
2387 4018 2553 4085 ζώδια
2587 4018 2732 4073 δύνει
2768 4021 2826 4072 tv
2865 4018 3034 4092 ὥραις
3080 4017 3168 4084 ιϐ’,
3207 4018 3440 4090 φανερὸν
3475 4021 3539 4072 ὲκ
3565 4016 3674 4070 τῶν

2091 4112 2272 4168 αὐτῶν
2293 4153 2308 4178 ,
2338 4113 2420 4166 ὅτι
2469 4111 2531 4165 τὸ
2559 4111 2619 4164 ἓν
2657 4109 2846 4177 ζώδιον
2886 4113 2944 4164 tv
2984 4110 3136 4165 δυσὶν
3177 4110 3349 4184 ὥραις
3382 4109 3550 4174 δύνει,
3579 4109 3674 4163 καὶ

2094 4207 2160 4260 ιδ’
2189 4206 2354 4272 ζώδια
2383 4205 2663 4260 ἀνατέλλει
2705 4205 2802 4258 καὶ
2843 4204 2989 4258 δύνει
3023 4205 3084 4257 ὲν
3117 4203 3289 4276 ὥραις
3333 4204 3680 4274 ίσημεριναῖς

2093 4299 2170 4355 κδ’
2193 4320 2209 4332 σ
2246 4301 2342 4354 καὶ
2369 4300 2586 4354 πάντων
2618 4299 2727 4353 τῶν
2760 4297 2964 4364 ζῳδίων
2991 4301 3020 4352 ὁ
3055 4299 3459 4370 συναμφότερος
3484 4297 3684 4369 χρόνος,

2093 4395 2191 4468 τῆς
2221 4394 2490 4466 ἀνατολῆς
2535 4395 2759 4466 καὶτῆς
2791 4391 2998 4457 δύσεώς
3038 4396 3186 4446 ἐστιν
3231 4394 3344 4457 ἴσος
3386 4391 3544 4464 ὡρῶν
3592 4393 3675 4444 ίσ-

2091 4487 2372 4560 ημερινῶν
2420 4487 2530 4542 κδ’·
2565 4487 2660 4542 καὶ
2711 4486 2812 4540 ὅσα
2869 4485 2967 4557 μὲν
3018 4485 3127 4539 τῶν
3167 4483 3370 4550 ζωδίων
3403 4485 3463 4537 tv
3520 4481 3674 4537 πλεί-

413 4569 670 4626 horarum
732 4573 1306 4642 arquinoctialiumﬁl,
1366 4581 1423 4628 et
1469 4574 1615 4644 quod
1650 4589 1985 4643 quaecunque

2096 4599 2205 4653 στῳ
2229 4583 2408 4654 χρόνῳ
2435 4580 2734 4645 ἀνατέλλει,
2771 4581 2830 4634 tv
2861 4577 3128 4650 ἐλαχίστῳ
3161 4579 3336 4650 χρόνῳ
3367 4577 3512 4631 δύνει
3535 4594 3550 4609 ·
3576 4577 3682 4630 ὅσα

413 4663 571 4734 signa
606 4663 928 4735 longissimo
957 4674 1205 4738 tempore
1227 4665 1506 4730 oriuntur,
1545 4680 1610 4720 ea
1665 4665 1992 4722 brevissimo

411 4763 660 4826 tempore
699 4757 954 4812 occidant
995 4771 1008 4810 τ
1043 4775 1165 4830 quae
1194 4775 1322 4816 vero
1377 4757 1710 4814 brevissimo
1744 4765 1993 4830 tempore

411 4848 699 4914 oriuntur,
729 4864 792 4905 ea
823 4851 1144 4922 longissimo
1173 4862 1418 4922 tempore
1451 4853 1722 4907 occidant.

953 4987 1062 5058 ιε
1090 4987 1320 5044 CAPUT
1369 4986 1462 5044 VI.

1015 5102 1094 5158 De
1129 5103 1420 5159 mensibus.

485 5240 690 5299 Mensis
719 5248 805 5298 est
850 5252 1066 5314 tempus
1117 5257 1149 5298 a
1205 5241 1599 5312 conjunctione
1651 5241 1719 5296 ad
1769 5241 1997 5312 conjun-

417 5333 684 5396 ctionetu,
716 5343 812 5388 aut
837 5349 869 5388 a
897 5334 1200 5404 plenilunio
1231 5333 1299 5388 ad
1339 5333 1722 5405 plenilunium.
1753 5332 1848 5389 Est
1894 5349 1995 5388 au-

415 5433 528 5480 tem
555 5426 903 5496 coniunctio,
928 5443 1052 5482 cum
1081 5426 1134 5480 in
1160 5427 1350 5482 eadem
1400 5435 1556 5498 parte
1585 5427 1790 5483 fuerint
1823 5426 1903 5480 sol
1941 5437 1997 5481 et

417 5519 547 5572 luna
589 5533 602 5569 :
635 5519 778 5590 quod
810 5517 866 5573 ﬁt
886 5520 1033 5576 circa
1062 5519 1404 5574 tricesimum
1435 5517 1580 5574 diem
1615 5519 1779 5574 lunas.
1810 5516 1998 5574 Pleni-

417 5609 631 5666 lunium
674 5611 900 5680 dicitur,
935 5627 1060 5667 cum
1123 5613 1255 5667 luna
1309 5611 1612 5668 secundum
1663 5611 1996 5666 diametrum

491 5787 602 5859 (50)
624 5787 762 5864 Μῄν
784 5791 914 5864 ἐστι
942 5794 1180 5863 χρόνος.
1211 5791 1436 5864 Sextum
1461 5792 1566 5848 hoc
1589 5800 1754 5864 caput
1785 5789 1998 5864 Gemini

417 5859 580 5930 longe
630 5859 994 5919 utilissimum
1033 5859 1143 5932 est,
1180 5879 1242 5918 ac
1285 5859 1712 5933 pulcherrimum
1753 5862 1818 5918 ad
1871 5863 1996 5919 antri

2093 4674 2150 4728 δὲ
2175 4675 2234 4730 ὲν
2256 4675 2524 4747 ἐλαχίστῳ
2559 4674 2734 4748 χρόνῳ
2758 4671 3108 4745 ἀναφέρεται,
3133 4673 3190 4726 tv
3226 4671 3464 4743 πλείστῳ
3499 4669 3677 4743 χρόνῳ

2092 4767 2260 4823 δύνει.

2622 4987 3016 5044 ΚΕΦΑΔΑιῘΟΝ
3055 4986 3148 5056 (τ’.

2687 5102 2827 5172 Περὶ
2854 5100 3084 5172 μηνῶν.

2147 5242 2294 5313 -Μήν
2320 5242 2438 5294 ἐστι
2471 5239 2662 5312 χρόνος
2691 5237 2805 5310 (50)
2843 5238 2952 5292 ἀπὸ
2994 5237 3213 5291 συνόδου
3245 5237 3338 5291 ἐπὶ
3377 5236 3614 5301 σύνοδον,
3642 5236 3677 5308 ἢ

2097 5330 2206 5384 ἀπὸ
2234 5328 2570 5400 πανσελήνου
2609 5329 2703 5382 ἐπὶ
2747 5327 3095 5398 πανσέληνον.
3147 5327 3302 5380 Ἐστι
3352 5326 3408 5381 δὲ
3463 5326 3680 5391 σύνοδος

2101 5419 2224 5491 μὲν,
2257 5420 2384 5473 ὅταν
2414 5420 2470 5472 ὲν
2502 5419 2568 5490 τῇ
2613 5415 2749 5489 αὐτῇ
2789 5416 2952 5489 μοίρᾳ
2999 5417 3223 5488 γένηται
3259 5417 3289 5468 ό
3328 5415 3477 5486 ἥλιος
3517 5416 3612 5469 καὶ
3645 5416 3688 5485 ἡ

2100 5511 2298 5584 σελήνη
2322 5529 2335 5542 ο
2364 5506 2508 5566 τοῦτ’
2542 5511 2658 5565 ἐστι
2687 5511 2814 5584 περὶ
2839 5511 2938 5581 τὴν
2964 5509 3232 5582 τριακάδα
3257 5507 3508 5581 σελήνης.
3537 5510 3682 5564 Παν-

2101 5603 2324 5676 σέληνος
2362 5603 2420 5658 δὲ
2448 5602 2664 5672 λέγεται
2691 5641 2707 5666 ,
2735 5603 2864 5656 ὃταν
2901 5603 2936 5673 ἡ
2965 5601 3162 5674 σελήνη
3207 5600 3348 5656 κατὰ
3392 5600 3686 5673 διάμετρον

2103 5785 2278 5845 (ἔτιεοί
2312 5794 2367 5841 et
2417 5785 2581 5840 A-ttici
2635 5783 2836 5839 veteris
2887 5782 3115 5838 formam
3158 5780 3562 5852 explicandam.
3607 5779 3685 5835 Eo

2103 5875 2206 5918 nos
2243 5859 2326 5915 usi
2358 5872 2548 5916 sumus
2581 5857 2786 5926 passim
2817 5853 2908 5910 lib.
2945 5871 2959 5910 l
2994 5863 3047 5909 et
3077 5869 3116 5908 ιι
3146 5851 3423 5908 Παίοσιν.
3455 5861 3613 5919 temp.
