4146 6454
432 386 532 441 801

1469 379 1709 441 GEMINI
1746 376 2122 434 ELEMENTA
2161 377 2659 436 ASTRONOMIE.

3590 382 3697 436 802

434 506 655 577 γένηται
677 502 756 575 τῷ
780 502 919 575 ἡλίῳ
939 517 958 536 ο
984 500 1144 556 τοῦτο
1168 501 1226 556 δέ
1252 503 1369 555 ἔστι
1398 503 1527 576 περὶ
1547 501 1645 573 τήν
1675 498 2014 572 διχομηνίαν.

2124 502 2416 570 opponitur
2445 501 2571 557 soli.
2604 499 2721 555 Hoc
2751 499 2811 556 ﬁt
2837 499 2986 555 circa
3019 499 3262 556 medium
3294 514 3562 555 mensem.
3599 499 3698 555 Est

437 588 593 645 Ἐστι
623 592 681 645 δὲ
705 594 954 664 μηνιαῖος
984 591 1174 663 χρόνος
1192 590 1543 663 (51)ἡμερῶν
1570 591 1651 645 κθ’
1685 590 1819 662 (ll/13'
1850 589 2016 661 α’[λγ’

432 685 493 742 ἐν
505 684 561 738 δὲ
581 685 659 756 τῷ
684 685 921 757 μηνιαίῳ
937 684 1115 757 χρόνῳ
1139 685 1171 754 ἡ
1199 683 1397 755 σελήνη
1425 683 1810 756 διαπορεύεται
1837 686 1927 738 τόν
1959 702 2018 739 τε

430 777 539 829 τῶν
579 775 782 842 ζωδίων
827 778 1061 842 κύκλον,
1095 777 1190 831 καὶ
1230 776 1312 830 ἔτι
1356 777 1456 846 τὴν
1505 777 1862 850 περιφέρειαν
1894 778 1961 849 ἣν
1992 781 2021 832 6

430 867 582 937 ἥλιος
620 870 677 922 ἐν
704 868 782 939 τῷ
818 869 1052 941 μηνιαίῳ
1091 868 1270 940 χρόνῳ
1307 869 1388 932 είς
1412 867 1481 922 τὰ
1507 870 1749 939 ἑπόμενα
1779 870 1888 925 τῶν
1915 869 2021 935 ζω-

431 960 559 1013 δίων
591 960 925 1031 μεταϐαίνει.
957 960 1104 1032 Αὐτὴ
1143 960 1198 1013 δέ
1233 961 1379 1013 ἐστιν
1421 960 1496 1024 ὡς
1530 960 1757 1029 ἔγγιστα
1789 961 1980 1026 ζωδίου
2005 980 2018 993 ·

431 1050 573 1104 ὥστε
600 1053 657 1104 ὲν
685 1051 762 1121 τῷ
793 1052 1029 1123 μηνιαίῳ
1064 1051 1240 1123 χρόνῳ
1273 1051 1340 1120 ιγ’
1375 1050 1542 1116 ζὼδια
1574 1053 1649 1115 ὡς
1677 1052 1905 1121 ἔγγιστα
1939 1071 2022 1107 κι-

431 1144 640 1198 νεῖσθαι
688 1145 789 1216 τὴν
840 1144 1085 1217 σελήνην.
1125 1146 1280 1197 Ἔστι
1326 1144 1385 1197 δὲ
1424 1146 1452 1197 6
1500 1145 1597 1214 μὲν
1636 1145 1869 1218 ἀκριϐὴς
1916 1163 2020 1217 μη-

431 1239 598 1300 νιαῖος
611 1236 820 1308 χρόνος,
834 1237 1086 1308 καθάπερ
1098 1236 1333 1308 εἴρηται,
1352 1238 1457 1308 ἡμε
1466 1236 1575 1307 ρῶν
1584 1236 1665 1290 κθ¹
1685 1234 1734 1289 α’
1734 1238 1773 1308 /
1776 1237 1819 1307 β’
1832 1237 2018 1307 cad/)7"

431 1328 481 1380 οί
499 1328 555 1381 δὲ
576 1329 713 1399 πρὸς
734 1330 836 1401 τὴν
863 1329 1144 1400 πολιτικὴν
1166 1330 1388 1399 ἀγωγὴν
1408 1329 1592 1399 ὀλοσχε
1603 1328 1754 1400 ρέστε
1764 1347 1853 1401 ρον
1881 1330 2021 1402 λαμ-

432 1415 719 1489 ϐανόμενοι
738 1422 983 1492 μηνιαϊοι
1000 1420 1182 1491 χρόνοι
1203 1420 1339 1473 εἰσὶν
1361 1420 1585 1492 ἡμερῶν
1613 1418 1678 1473 κθ
1705 1420 1859 1491 α’ίβ’,
1879 1419 2019 1474 ὥστε

430 1510 521 1563 τὸν
559 1509 781 1582 δίμηνον
822 1512 1014 1583 χρόνον
1046 1510 1298 1580 γενέσθαι
1333 1510 1556 1583 ἡμερῶν
1596 1511 1692 1565 νθ’.
1733 1512 1893 1566 Ὅθεν
1933 1512 2021 1567 διὰ

431 1601 633 1675 ταύτην
660 1603 759 1675 τὴν
791 1605 970 1658 αἰτίαν
993 1604 1043 1657 oi
1074 1602 1220 1657 κατὰ
1240 1601 1395 1656 πόλιν
1421 1604 1589 1674 μῆνες
1621 1602 1847 1670 ἐναλλὰξ
1868 1606 2023 1673 ἄγονα

432 1711 520 1748 ται
547 1694 778 1768 πλήρεις
806 1695 900 1749 καὶ
943 1693 1143 1748 κοῖλον
1182 1693 1270 1748 διὰ
1296 1694 1355 1746 τὸ
1385 1695 1486 1764 τὴν
1528 1693 1760 1765 σελήνην
1792 1693 2018 1767 δίμηνον

432 1787 655 1859 ἡμερῶν
687 1782 828 1840 εἶναι
856 1785 958 1842 νϐ’.

516 1922 609 1976 Ἐκ
646 1922 703 1975 δὲ
741 1920 946 1975 τούτων
969 1923 1262 1991 συνάγεται
1288 1922 1317 1975 6
1349 1920 1492 1975 κατὰ
1516 1922 1746 1994 σελήνην
1775 1922 2017 1985 ἐνιαυτὸς

430 2012 656 2083 ἡμερῶν
696 2011 823 2065 τνδ’.
867 2014 993 2067 Ἐὰν
1027 2014 1135 2085 γὰρ
1167 2014 1266 2077 τὰς
1306 2013 1400 2067 τοῦ
1453 2015 1621 2086 μηνὸς
1667 2014 1881 2085 ἡμέρας
1920 2014 2019 2080 τὰς

430 2103 517 2158 κθ’
542 2104 675 2176 aii/6'
703 2104 1001 2170 δωδεκάκις
1031 2105 1620 2179 πολλαπλασιάσωμεν,
1653 2107 2021 2180 ἀποτελεσθή-
2056 2124 2065 2127 ‘

436 2211 618 2250 σονται
660 2195 868 2267 ἡμέραι
910 2199 968 2251 αἱ
1014 2197 1107 2251 τοῦ
1142 2199 1286 2253 κατὰ
1335 2200 1566 2272 σελήνην
1598 2199 1850 2253 ἐνιαυτοῦ
1892 2199 2016 2256 τνδ’.

439 2286 633 2352 ¹’Λλλος
670 2288 779 2359 γάρ
803 2289 920 2341 ἐστι
949 2289 1072 2342 καθ’
1096 2289 1246 2359 ἥλιον
1276 2290 1545 2355 ἐνιαυτὸς,
1580 2292 1675 2344 καὶ
1697 2290 1855 2355 ἄλλος
1881 2291 2022 2345 κατὰ

435 2378 682 2451 σελήνην.
718 2380 778 2433 Ὀ
827 2380 925 2451 μὲν
957 2380 1064 2453 γὰρ
1103 2381 1196 2434 τοῦ
1240 2381 1390 2453 ἡλίου
1434 2382 1499 2436 ιϐ’
1530 2381 1738 2448 ζωδίων
1783 2382 1895 2454 ἔχει
1925 2400 2023 2436 πε-

435 2469 697 2543 ριδρομὴν
721 2470 815 2524 τοῦ
844 2471 1017 2542 ἡλίου·
1042 2474 1179 2545 ὅπερ
1207 2474 1344 2527 εἰσὶν
1378 2474 1582 2545 ἡμέραι
1603 2476 1708 2540 τξε¹
1734 2476 1881 2545 a'/6"
1914 2476 1941 2526 6
1965 2474 2022 2529 δὲ

432 2562 532 2632 τῆς
567 2563 825 2634 σελήνης,
872 2564 937 2616 ιδ’
975 2564 1160 2636 μηνῶν
1216 2566 1463 2638 περιέχει
1505 2568 1695 2639 χρόνον
1727 2570 1828 2640 τῆς
1873 2568 2025 2640 σελή-

434 2672 552 2726 νης,
579 2657 717 2727 ὅπερ
763 2655 911 2709 ἐστὶν
960 2656 1166 2728 ἡμέραι
1212 2657 1348 2724 τνδ’,
1396 2658 1519 2711 ἐπεὶ
1569 2658 1692 2712 οὔτε
1734 2660 1762 2713 6
1811 2660 1918 2730 μὴν
1965 2659 2025 2724 ἐξ

434 2745 570 2799 ὅλων
601 2745 826 2817 ἡμερῶν
848 2747 1196 2817 συνέστηκεν,
1218 2747 1343 2802 οὔτε
1368 2750 1397 2802 6
1425 2749 1546 2803 καθ’
1576 2750 1729 2822 ἡλιον
1758 2752 2022 2816 ἐνιαυτός.

448 2837 723 2908 Ἐζητείτο
766 2832 858 2892 οὖν
890 2838 1083 2910 χρόνος
1128 2839 1235 2894 ὑπὸ
1274 2839 1385 2893 τῶν
1429 2840 1795 2913 ἀστρολόγων,
1830 2842 1891 2906 ὃς
1936 2860 2026 2897 πε-

438 2928 609 3001 ριέχει
656 2929 786 2995 ὃλας
832 2930 1048 3002 ἡμέρας
1067 2970 1083 2997 ,
1137 2932 1231 2985 καὶ
1275 2932 1429 2998 ὅλους
1473 2935 1681 3006 μῆνας,
1731 2935 1824 2989 καὶ
1872 2934 2026 2999 ὅλους

433 3017 741 3082 ἐνιαυτούς.

2123 600 2300 646 autem
2336 599 2678 647 menstruum
2712 598 2926 662 tempus
2948 592 3159 647 dierum
3182 591 3252 646 29
3288 592 3391 664 4/2
3431 591 3604 664 1/55;
3641 592 3698 646 in

2118 696 2403 738 menstruo
2435 694 2613 737 autem
2634 692 2876 754 tempore
2906 684 3030 739 luna
3061 693 3319 755 peragrat
3347 695 3402 739 et
3426 685 3701 738 circulum

2120 774 2427 830 zodiacum.
2452 782 2506 829 et
2525 784 2787 845 praeterea
2806 790 2929 829 eum
2957 790 3147 829 arcum
3185 791 3345 844 quem
3369 777 3449 829 sol
3472 775 3525 828 in
3554 791 3702 829 men-

2118 874 2277 920 struo
2312 874 2557 935 tempore
2612 866 2669 919 in
2704 868 3101 936 consequentia
3143 868 3299 936 signa
3338 867 3560 920 transit.
3600 866 3700 922 llic

2120 971 2283 1011 arcus
2315 968 2493 1012 autem
2526 957 2637 1012 fere
2689 966 2775 1013 est
2805 958 2970 1012 unius
3016 958 3177 1029 signi.
3227 961 3411 1029 itaque
3441 959 3497 1013 in
3548 976 3702 1014 men—

2120 1055 2276 1102 struo
2300 1056 2538 1117 tempore
2556 1048 2684 1100 luna
2699 1048 2809 1101 fere
2829 1048 2895 1101 15
2911 1048 3065 1118 signa
3086 1038 3375 1117 percurrit.
3403 1048 3499 1105 Est
3516 1058 3698 1104 autem

2119 1149 2369 1197 exactum
2402 1146 2743 1193 menstrumn
2788 1148 3021 1209 tempus,
3051 1140 3193 1195 sicut
3219 1141 3423 1194 dictum
3452 1152 3556 1207 est,
3580 1142 3699 1196 die-

2119 1246 2242 1285 rum
2260 1230 2449 1302 29V?
2472 1231 2637 1303 1/55,
2669 1248 2791 1302 qua:
2809 1247 2935 1286 vero
2963 1240 3240 1285 menstrua
3260 1242 3502 1301 tempora
3526 1233 3594 1287 ad
3620 1234 3700 1289 ci-

2120 1324 2278 1379 vilem
2295 1340 2451 1379 usum
2471 1325 2653 1379 minus
2674 1334 2927 1380 accurate
2944 1335 3257 1387 sumuntur,
3271 1340 3332 1378 ea
3346 1335 3470 1379 sunt
3491 1326 3699 1381 dierum

2118 1415 2189 1471 29
2229 1416 2353 1489 l/ﬁ,
2394 1419 2469 1471 ita
2506 1425 2565 1472 ut
2613 1418 2873 1473 bimestre
2933 1425 3149 1489 tempus
3199 1418 3293 1472 ﬁat
3335 1418 3546 1473 dierum
3583 1418 3698 1474 59:

2121 1513 2268 1565 unde
2303 1518 2525 1579 prapter
2556 1510 2698 1565 hanc
2727 1526 2951 1565 causam
2986 1512 3174 1567 civiles
3216 1526 3432 1567 menses
3461 1514 3703 1586 alterna-
3818 1555 3823 1561 .

2119 1603 2217 1656 tim
2267 1611 2506 1671 aguntur
2544 1603 2714 1672 pleni,
2747 1613 2801 1656 et
2841 1603 2962 1657 cavi
2997 1622 3010 1658 :
3042 1611 3334 1675 propterea
3380 1603 3529 1675 quod
3571 1605 3701 1660 luna

2120 1692 2402 1747 bimestris
2429 1693 2502 1747 sit
2524 1693 2737 1747 dierum
2771 1693 2860 1748 59.

2189 1916 2268 1972 Ex
2300 1916 2389 1972 his
2418 1925 2600 1972 autem
2619 1917 3120 1987 colligiturlunaris
3133 1933 3311 1975 annus
3339 1919 3554 1976 dierum
3573 1919 3701 1977 554.

2122 2010 2178 2065 Si
2208 2013 2353 2066 enim
2381 2011 2547 2067 unius
2589 2013 2795 2066 mensis
2826 2012 2946 2067 dies
2979 2010 3174 2083 291/2
3196 2013 3490 2068 duodecies
3520 2014 3704 2068 multi-

2119 2104 2545 2174 plicaverimus,
2599 2104 2903 2158 ellicientur
2962 2103 3175 2160 lunaris
3226 2107 3355 2158 anni
3415 2104 3532 2160 dies
3573 2104 3702 2161 554.

2120 2196 2278 2251 Alius
2307 2197 2452 2250 enim
2488 2208 2574 2251 est
2610 2211 2786 2250 annus
2818 2196 3036 2263 solaris,
3070 2207 3124 2250 et
3159 2197 3301 2250 alius
3334 2211 3515 2251 annus
3548 2197 3706 2251 luna-

2121 2288 2218 2342 ris.
2245 2288 2454 2343 Solaris
2476 2288 2622 2343 enim
2655 2304 2834 2342 annus
2898 2290 3062 2342 habet
3101 2287 3391 2341 circuitum
3424 2290 3558 2343 solis
3606 2303 3706 2359 per

2122 2382 2191 2437 12
2220 2383 2395 2453 signa,
2430 2382 2523 2451 qui
2559 2380 2721 2435 habet
2742 2380 2858 2435 dies
2895 2380 3000 2436 565
3039 2380 3182 2453 1/1:
3212 2389 3268 2434 at
3298 2381 3505 2436 lunaris
3527 2396 3706 2436 annus

2125 2475 2376 2530 continet
2428 2480 2647 2542 tempus
2699 2472 2767 2525 l2
2794 2473 3065 2528 mensium
3116 2474 3412 2538 lunarium,
3445 2475 3590 2545 quod
3618 2483 3706 2531 est

2122 2567 2333 2622 dierum
2372 2564 2498 2619 554.
2533 2563 2812 2632 Siquidem
2846 2579 2949 2618 nec.
2980 2565 3185 2619 mensis
3210 2581 3272 2618 ex
3303 2565 3534 2636 integris
3577 2582 3705 2621 eon~

2123 2668 2232 2715 stat
2285 2657 2500 2721 diebus,
2554 2672 2657 2711 nec
2684 2671 2864 2711 annus
2900 2657 3118 2712 solaris.
3156 2656 3513 2723 Quaerebatur
3538 2661 3706 2730 igitur

2126 2761 2341 2822 tempus
2371 2751 2441 2806 ab
2490 2750 2788 2821 astrologis
2836 2749 2983 2820 quod
3028 2750 3270 2820 integros
3306 2751 3444 2816 dies,
3469 2759 3525 2807 et
3558 2751 3703 2808 inte-

2123 2860 2253 2916 gros
2278 2859 2515 2909 menses,
2550 2854 2603 2898 et
2625 2844 2868 2915 integros
2886 2857 3063 2898 annos
3087 2843 3418 2901 contineret.
3456 2894 3459 2895 ν

505 3154 773 3227 Πρόθεσις
801 3154 911 3227 γὰρ
933 3149 1003 3228 ἦν
1023 3158 1137 3220 τοῖς
1165 3156 1413 3231 ἀρχαίοις
1439 3158 1548 3230 (52)
1574 3159 1699 3224 τοὺς
1723 3161 1822 3232 μὲν
1848 3161 2025 3234 μῆνας

2197 3156 2544 3227 Propositum
2588 3154 2735 3210 enim
2776 3152 2880 3208 fuit
2911 3151 3190 3208 veteribus
3234 3166 3452 3207 menses
3481 3149 3703 3221 quidem

435 3244 590 3313 ἄγειν
634 3245 778 3300 κατὰ
817 3246 1047 3319 σελήνην
1070 3288 1084 3312 ,
1113 3250 1241 3312 τοὺς
1276 3249 1333 3303 δὲ
1375 3252 1654 3315 ἐνιαυτοὺς
1696 3253 1820 3307 καθ’
1852 3254 2022 3325 ἣλιον.

437 3338 511 3391 Τὸ
538 3337 646 3410 γὰρ
675 3339 783 3393 ὑπὸ
806 3340 914 3393 τῶν
940 3340 1121 3412 νόμων
1151 3341 1247 3395 καὶ
1270 3342 1380 3397 τῶν
1408 3345 1674 3416 χρησμῶν
1715 3349 2027 3418 παραγγελο

436 3430 663 3503 λόμενον
683 3471 698 3496 ,
723 3432 785 3486 τὸ
816 3432 965 3487 θύειν
1004 3434 1146 3489 κατὰ
1176 3435 1245 3505 γ’,
1272 3437 1438 3508 ἡγουν
1466 3438 1534 3491 τὰ
1565 3439 1797 3513 πάτρια,
1826 3442 2024 3513 μῆνας,

438 3523 672 3597 ἡμέρας,
707 3526 1016 3591 ἐνιαυτούς·
1060 3527 1222 3582 τοῦτο
1254 3529 1499 3584 διέλαϐον
1545 3531 1785 3598 ἅπαντες
1824 3536 1873 3588 oi
1903 3535 2029 3588 Ἕλ-

437 3605 597 3689 ληνες
640 3616 720 3690 τῷ
760 3618 888 3684 τοὺς
924 3619 1020 3690 μὲν
1068 3621 1346 3687 ἐνιαυτοὺς
1397 3624 1703 3695 συμφώνως
1750 3626 1902 3696 ἄγειν
1948 3629 2028 3702 τῷ

438 3710 597 3781 ἡλίῳ,
644 3709 743 3775 τὰς
777 3711 835 3764 δὲ
874 3712 1089 3785 ἡμέρας
1141 3714 1237 3768 καὶ
1283 3716 1410 3780 τοὺς
1459 3717 1635 3788 μῆνας
1683 3722 1749 3790 τῇ
1807 3721 2024 3797 σελήνῃ.

444 3804 600 3856 Ἐστι
625 3803 684 3857 δὲ
721 3804 781 3856 τδ
816 3804 915 3875 μὲν
945 3804 1067 3858 καθ’
1094 3806 1248 3877 ’ἡλιον
1289 3808 1445 3877 ἄγειν
1490 3812 1619 3874 τοὺς
1658 3812 1938 3878 ἐνιαυτοὺς
1967 3817 2031 3869 τὸ

441 3897 569 3968 περὶ
597 3897 698 3960 τὰς
733 3896 905 3961 αὐτὰς
940 3897 1087 3970 ὥρας
1112 3899 1205 3953 τοῦ
1235 3902 1480 3956 ἐνιαυτοῦ
1513 3902 1612 3967 τὰς
1640 3906 1812 3970 αὐτὰς
1838 3907 2030 3973 θυσίας

440 3992 555 4053 τοῖς
584 3989 725 4052 θεοῖς
758 3990 1146 4055 ἐπιτελεῖσθαι,
1176 3994 1270 4047 καὶ
1309 3994 1409 4066 τὴν
1457 3995 1555 4066 μὲν
1591 3997 1812 4068 ἐαρινὴν
1839 3998 2030 4054 θυσίαν

439 4076 532 4132 διὰ
555 4079 756 4144 παντὸς
789 4081 932 4134 κατὰ
958 4080 1019 4134 τὸ
1044 4080 1143 4151 ἔαρ
1169 4084 1536 4139 συντελεῖσθαι
1559 4126 1573 4151 ,
1599 4086 1698 4159 τὴν
1725 4089 1782 4143 δὲ
1812 4088 2030 4163 θερινὴν

442 4172 585 4226 κατὰ
632 4171 694 4225 τὸ
738 4170 921 4243 θέρος*
952 4166 1166 4245 ’ὁμοίως
1212 4175 1269 4228 δὲ
1310 4177 1403 4230 καὶ
1454 4186 1598 4234 κατὰ
1638 4182 1766 4244 τοὺς
1809 4180 2031 4247 λοιποὺς

441 4263 671 4336 καιροὺς
698 4262 792 4316 τοῦ
833 4263 986 4328 ἔτους
1027 4264 1128 4329 τὰς
1162 4266 1334 4331 αὐτὰς
1361 4268 1550 4333 θυσίας
1588 4271 1826 4326 πίπτειν.
1859 4273 2031 4328 Τοῦτο

444 4354 554 4427 γὰρ
584 4348 852 4410 ὑπέλαϐον
882 4359 1151 4430 προσηνὲς
1183 4359 1278 4413 καὶ
1311 4362 1705 4433 κεχαρισμένον
1737 4361 1875 4417 εἶναι
1916 4368 2032 4431 τοῖς

447 4445 608 4512 θεοῖς.
635 4446 808 4500 Τοῦτο
851 4447 910 4502 δὲ
950 4449 1125 4513 ἄλλως
1163 4452 1264 4506 οὐκ
1310 4451 1377 4507 ἂν
1409 4454 1627 4510 δύναιτο
1660 4457 1935 4525 γενέσθαι,
1980 4463 2029 4514 εί

2128 3266 2291 3321 agere
2320 3247 2619 3304 secundum
2666 3246 2874 3310 lunam,
2914 3258 3088 3299 annos
3119 3258 3249 3298 vero
3274 3242 3576 3298 secundum
3610 3257 3704 3297 so—

2127 3343 2255 3398 lem.
2289 3340 2447 3408 Quod
2473 3340 2618 3395 enim
2669 3353 2698 3392 a
2739 3337 2952 3408 legibus
2982 3344 3037 3390 et
3079 3336 3319 3390 oraculis
3353 3334 3708 3405 praecipieba-

2125 3440 2238 3496 tur,
2270 3440 2331 3486 ut
2361 3430 2737 3486 sacrificarent
2788 3428 3094 3484 secundum
3148 3428 3253 3479 tria
3274 3467 3287 3486 ,
3321 3426 3574 3481 videlicet
3608 3442 3705 3497 pa—

2127 3526 2255 3589 tria,
2281 3538 2521 3587 menses,
2552 3521 2694 3584 dies,
2730 3536 2939 3587 annos;
2981 3520 3085 3574 hoc
3120 3518 3195 3573 ita
3243 3518 3505 3574 disﬁncte
3540 3517 3710 3572 facie-

2127 3619 2258 3673 bant
2284 3615 2529 3671 universi
2563 3613 2760 3678 Graeci,
2795 3614 2858 3667 ut‘
2880 3626 3054 3666 annos
3082 3618 3310 3681 agerent
3341 3617 3712 3680 congruenter

2128 3725 2251 3765 cum
2284 3708 2432 3774 sole;
2471 3706 2589 3762 dies
2620 3720 2772 3768 vero,
2819 3712 2874 3760 et
2917 3719 3134 3759 menses
3175 3719 3298 3758 cum
3347 3702 3499 3757 luna.
3536 3701 3712 3755 Porro

2131 3799 2433 3856 secundum
2483 3799 2655 3854 solem
2711 3813 2888 3852 annos
2942 3811 3106 3866 agere
3146 3803 3231 3850 est
3288 3797 3437 3849 circa
3486 3796 3711 3855 easdem

2130 3901 2485 3964 tempestates
2529 3892 2656 3944 anni
2693 3890 2882 3945 eadem
2918 3888 3190 3943 sacriﬁcia
3230 3886 3338 3940 diis
3388 3885 3613 3957 perﬁci;
3655 3892 3714 3939 et

2129 4001 2358 4051 vernum
2414 3984 2742 4040 sacriﬁcium
2786 3996 3003 4051 semper
3029 3981 3084 4035 in
3131 3996 3260 4035 vere
3310 3978 3708 4041 consummari.

2129 4078 2379 4134 aestivum
2420 4085 2600 4131 autem
2634 4076 2689 4129 in
2718 4082 2908 4129 astate
2944 4091 2958 4127 :
2993 4072 3250 4127 similiter
3281 4080 3345 4126 et
3376 4072 3429 4125 in
3481 4070 3711 4141 reliquis

2132 4172 2259 4225 anni
2288 4169 2628 4238 temporibus
2657 4167 2847 4222 eadem
2869 4165 3140 4220 sacriﬁcia
3165 4163 3381 4218 cadere.
3419 4160 3536 4217 Hoc
3559 4163 3709 4218 enim

2130 4263 2393 4332 putabant
2421 4262 2705 4330 acceptum
2737 4268 2791 4313 et
2819 4269 3031 4327 gratum
3064 4272 3189 4312 esse
3223 4248 3351 4311 diis'.
3377 4253 3495 4309 Hoc
3524 4262 3708 4308 autem

2133 4359 2291 4413 aliter
2318 4356 2435 4412 ﬁeri
2459 4372 2565 4411 non
2592 4360 2798 4425 posset,
2830 4353 2937 4407 nisi
2963 4350 3356 4405 conversiones
3389 4347 3710 4403 solstitiales

2132 4458 2186 4505 et
2212 4448 2541 4518 aequinoctia
2578 4447 2633 4499 in
2678 4443 2870 4497 iisdem
2912 4439 3123 4493 zodiaci
3160 4437 3296 4492 locis
3343 4436 3555 4489 ﬁerent.
3605 4431 3707 4487 Se-

449 4538 526 4611 μὴ
554 4540 610 4592 αἱ
639 4540 840 4611 τροπαὶ
863 4541 957 4594 καὶ
981 4544 1037 4595 αί
1076 4544 1358 4616 ἰσημερίαι
1392 4547 1521 4618 περὶ
1552 4550 1679 4613 τοὺς
1716 4551 1913 4615 αὐτοὺς
1938 4553 2025 4606 τό-

2130 4542 2371 4599 cundum
2410 4540 2595 4593 lunam
2642 4549 2774 4592 vero
2817 4534 2937 4588 dies
2988 4544 3150 4601 agere
3176 4539 3260 4584 est
3292 4528 3420 4587 tale,
3467 4535 3528 4580 ut
3575 4539 3710 4580 cou-

445 4649 581 4695 πους
605 4632 895 4701 γίγνοιντο.
919 4633 993 4686 T6
1015 4635 1071 4688 δὲ
1090 4636 1231 4690 κατὰ
1263 4637 1492 4710 σελήνην
1512 4637 1667 4709 ἄγειν
1694 4641 1795 4706 τὰς
1815 4644 2030 4717 ἡμέρας

442 4722 684 4777 τοιοῦτόν
727 4726 877 4789 ἐστι,
909 4724 972 4778 τὸ
1016 4725 1326 4793 ἀκολούθως
1357 4733 1472 4794 τοῖς
1509 4731 1611 4802 τῆς
1655 4732 1884 4807 σελήνης
1927 4753 2035 4806 φω-

443 4816 660 4885 τισμοϊς
683 4813 785 4876 τὰς
808 4816 1180 4887 προσηγορίας
1199 4817 1309 4872 τῶν
1338 4819 1561 4891 ἡμερῶν
1590 4822 1857 4892 γίνεσθαι.
1900 4825 2034 4880 Ἀπὸ

443 4904 555 4977 γὰρ
583 4903 693 4959 τῶν
714 4902 816 4976 τῆς
847 4901 1079 4975 σελήνης
1105 4909 1403 4981 φωτισμῶν
1433 4911 1491 4964 at
1532 4915 1893 4986 προσηγορίαι
1923 4915 2032 4970 τῶν

443 4996 670 5071 ἡμερῶν
698 4997 1223 5070 κατωνομάσθησαν.

526 5127 685 5210 Ἐνῇ
728 5134 828 5207 μὲν
869 5133 980 5208 γὰρ
1021 5136 1205 5209 ἡμέρᾳ
1260 5138 1363 5193 νέα
1410 5141 1443 5212 ἡ
1506 5141 1705 5216 σελήνη
1756 5146 2027 5215 φαίνεται,

443 5226 593 5281 κατὰ
625 5225 951 5300 συναλοιφὴν
979 5227 1240 5301 νεομηνία
1268 5229 1314 5262 ³³
1342 5234 1757 5307 προσηγορεύθη
1778 5254 1792 5269 ⁸
1822 5239 1881 5291 ὲν
1906 5232 1941 5311 ᾗ
1972 5238 2030 5293 δὲ

515 5382 560 5415 ³’
590 5388 636 5453 f.
666 5400 950 5457 νουμηνια.

517 5538 628 5622 (51)
666 5541 834 5622 Ἔστι
869 5540 938 5622 δὲ
959 5542 1239 5622 μηνιρῖος
1265 5547 1504 5615 χρόνος.
1536 5544 1653 5601 Νοη
1678 5553 1907 5622 exactus
1938 5548 2027 5605 hic

445 5609 655 5735 imagis
704 5609 1328 5684 syz'ygiafmodusiestw,
1376 5624 1438 5671 ut
1463 5609 1550 5671 ex
1598 5632 1722 5689 pag.
1763 5618 1829 5671 21
1887 5634 2024 5675 con-

522 5749 633 5820 (32)
665 5752 955 5821 Πρόθεσις
984 5752 1095 5825 γὰρ
1122 5750 1203 5828 ἦτε
1236 5754 1363 5828 τοῖς
1386 5756 1674 5828 ἀρχαίοις.
1716 5754 1815 5811 Hic
1859 5758 2026 5813 mini-

451 5835 598 5874 mum
643 5835 845 5877 annum
900 5824 1126 5893 usurpat
1147 5824 1433 5882 Geminus
1463 5824 1576 5889 pro
1609 5828 1823 5892 maiori.
1861 5840 1914 5885 et
1959 5844 2028 5885 ex

2128 4645 2327 4709 gruant
2373 4648 2502 4688 cum
2556 4631 2701 4684 lunae
2758 4621 3263 4680 illuminationibus
3319 4619 3708 4690 appellationes

2128 4729 2364 4784 dierum.
2395 4723 2532 4780 Nam
2562 4738 2591 4777 a
2618 4722 2763 4775 lunae
2786 4713 3283 4772 illuminationibus
3311 4710 3709 4782 appellationes

2129 4823 2342 4878 dierum
2365 4824 2493 4875 sunt
2514 4813 2898 4872 denominata.

2202 5142 2261 5199 In
2284 5157 2391 5213 qua
2417 5139 2564 5196 enim
2595 5136 2686 5193 die
2707 5135 2838 5190 luna
2874 5134 3103 5203 apparet
3127 5138 3290 5187 nova,
3318 5136 3384 5179 ea
3417 5134 3514 5193 per
3539 5130 3701 5189 syna-

2132 5238 2375 5310 lmplien,
2410 5250 2509 5291 seu
2564 5216 3353 5301 compositionem,veopnvta,
3390 5215 3444 5270 id
3476 5219 3581 5277 est,
3609 5223 3712 5263 no-

2127 5545 2379 5618 pluribus
2433 5539 2713 5618 conﬂato;
2748 5531 3057 5618 cuiusmodi
3081 5524 3708 5618 eratfemales-sueti:-

2131 5592 2709 5679 Eéi'déc'iietér'i'sﬁiu’
2750 5592 2930 5679 an'nus
2967 5598 3294 5679 Cleostrati.
3334 5596 3420 5650 vel
3462 5592 3707 5679 Harpali,

2128 5663 2839 5748 $3i'ii"u't83i§','5dt’haiippi
2869 5672 3140 5748 nominari
3168 5673 3548 5727 consueverat.
3581 5663 3709 5717 item:

2129 5758 2214 5814 vel
2254 5756 2437 5827 pueris
2469 5754 2721 5823 ignorare
2750 5746 2870 5804 'n'on
2894 5746 3039 5800 licet.
