4146 6424
497 350 604 408 805

1530 348 1621 402 ΑΙ)
1661 346 1934 404 EUSEBII
1976 342 2379 402 CHIiONlCON
2418 342 2787 399 APPENDIX.

3659 346 3765 403 ειη

507 465 776 519 vilumum
801 462 1133 533 appellatur;
1170 463 1225 516 in
1254 476 1361 534 qua
1380 475 1512 517 vero
1538 461 1627 517 die
1655 461 1953 517 secundam
1988 461 2063 516 fa.

2176 460 2362 533 ἡμέρα
2411 460 2508 531 τὴν
2544 459 2802 530 δευτέραν
2830 461 2992 529 φασιν
3026 459 3285 521 ποιεῖται,
3312 457 3575 531 δευτέραν
3606 475 3772 533 προσ-

506 556 585 610 cit
613 555 1032 626 apparitionem.
1064 569 1183 609 eam
1209 552 1505 609 secundam
1555 553 1739 607 lunam
1780 561 2077 622 vocarunt;

500 648 898 718 apparitionem
947 646 1111 707 lunae,
1141 661 1261 716 quas
1290 645 1436 700 circa
1479 644 1720 699 medium
1766 645 1971 701 mensis
2000 646 2079 709 ﬁt,

478 740 572 793 .ab
602 740 722 809 ipso
750 746 969 805 eventu,
993 737 1332 809 διχομηνίαν,
1358 736 1413 790 id
1436 744 1518 791 est
1546 737 1893 792 medietatem
1927 753 2083 791 men-

500 831 580 886 sis
605 831 983 890 nominarunt,
1020 844 1086 883 ac
1133 829 1445 882 summatim
1475 843 1668 884 omnes
1712 829 1832 885 dies
1866 845 1896 883 a
1938 830 2081 885 luna:

499 922 999 980 illuminatiouibus
1027 922 1476 976 denominarunt.
1522 919 1684 976 Unde
1711 921 1877 977 etiam
1913 922 2079 977 trice-

500 1017 696 1072 simam
723 1015 926 1069 mensis
957 1015 1121 1077 diem,
1140 1029 1264 1068 cum
1292 1013 1484 1068 ultima
1510 1014 1600 1077 sit,
1638 1013 1709 1068 ab
1741 1015 1860 1084 ipso
1882 1025 2079 1069 eventu

498 1111 745 1165 triacada
784 1116 1072 1164 vocarunt.
1112 1106 1210 1161 His
1255 1114 1628 1161 consentanea
1672 1107 1838 1162 etiam
1879 1108 2079 1161 Aratus

497 1206 556 1260 in
618 1202 1077 1274 appellationibus
1129 1200 1342 1255 dierum
1405 1200 1768 1265 demonstrat,
1815 1215 1940 1254 cum
1995 1200 2078 1255 sic

497 1296 674 1367 inquit
702 1314 716 1351 :

495 1405 688 1478 ᾼῖοηηε
716 1407 877 1469 vides.
914 1424 1034 1462 cum
1055 1422 1220 1478 parva
1252 1401 1497 1478 carnibns
1534 1400 1660 1455 [una

510 1476 718 1548 Vesperi
746 1471 1074 1548 apparuerit;
1099 1474 1383 1529 crescentis
1413 1471 1563 1548 ᾄσει-ι

496 1541 695 1602 Mensis
734 1541 999 1619 (signum)
1035 1548 1157 1601 inde
1201 1561 1316 1597 cum
1352 1545 1555 1613 primus
1583 1541 1836 1610 splendor
1865 1544 2070 1626 di/fun-

498 1686 566 1740 Ut
596 1685 839 1738 umbram
866 1685 1055 1747 faciat,
1076 1683 1244 1737 tendit
1274 1679 1346 1734 ad
1371 1691 1620 1751 quartum
1644 1682 1804 1738 diem.
1875 1613 2068 1686 [duum

495 1758 627 1811 Octo
663 1756 774 1810 dies
811 1757 864 1810 in
894 1754 1065 1809 medio
1097 1754 1220 1809 orbe
1257 1752 1474 1807 luminis
1508 1755 1835 1808 medietatem
1872 1756 2069 1810 mensis

1603 1823 1743 1897 [tota
1768 1824 1902 1897 faeie
1932 1827 2064 1897 (35).
2103 1836 2145 1893 Β

491 1894 706 1961 Semper
726 1905 903 1951 autem
930 1894 1039 1949 alio
1072 1904 1303 1964 tempore
1325 1896 1463 1949 alias
1493 1894 1691 1962 frontes
1725 1895 1996 1951 inclinans

492 1969 724 2032 Dixerit,
752 1976 917 2034 quota
941 1968 1135 2021 mensis
1163 1984 1363 2022 aurora
1392 1968 1861 2020 circumvolvatur.

493 2106 599 2177 19
628 2107 686 2160 In
732 2106 818 2162 his
872 2105 1017 2161 enim
1057 2104 1347 2177 perspicue
1386 2104 1569 2175 inquit
1605 2105 1674 2159 ab
1715 2103 2071 2159 illuminatio—

490 2198 654 2253 nibus
677 2198 821 2252 luna:
845 2196 1243 2267 appellationes
1270 2197 1484 2252 dierum
1511 2196 1896 2252 denominatas
1923 2213 2066 2253 esse.

490 2288 667 2357 Hujus
706 2289 851 2359 quod
878 2287 1178 2343 secundum
1230 2288 1413 2342 lunam
1448 2295 1706 2343 accurate
1737 2288 1855 2343 dies
1894 2285 2067 2343 Grmci

493 2390 679 2452 agant,
735 2390 1114 2449 argumentum
1144 2387 1229 2435 est
1268 2380 1393 2444 hoc,
1439 2379 1587 2450 quod
1647 2380 1782 2435 solis
1834 2380 2069 2450 eclipses

491 2477 626 2527 ﬁant
658 2472 710 2525 in
745 2469 1009 2537 triacade,
1028 2470 1135 2525 hoc
1180 2477 1266 2525 est
1292 2469 1379 2525 die
1402 2468 1698 2525 tricesima.
1731 2468 1887 2523 Tunc
1921 2470 2066 2523 enim

486 2566 614 2620 luna
643 2564 996 2635 coniungitur
1021 2578 1145 2617 cum
1179 2563 1317 2623 sole.
1344 2563 1476 2618 etin
1506 2562 1696 2618 eodem
1731 2561 1902 2633 gradu
1932 2577 2067 2616 con-

486 2657 751 2714 stituitur.
787 2656 956 2710 Lunae
985 2669 1114 2709 vero
1142 2655 1375 2725 eclipses
1437 2654 1760 2724 contingant
1807 2668 1871 2709 ea
1909 2661 2069 2709 nocte

487 2764 611 2821 quae
635 2748 809 2803 tendit
844 2746 910 2801 ad
941 2743 1290 2800 medietatem
1319 2745 1546 2801 mensis.
1586 2744 1743 2799 Tunc
1789 2745 1936 2799 enim
1980 2760 2069 2798 se-

483 2838 723 2893 cundum
753 2835 1079 2891 diametrum
1106 2837 1233 2890 luna
1268 2834 1368 2890 soli
1395 2834 1726 2906 opponitur,
1770 2840 1824 2887 et
1873 2833 2069 2889 incidit

481 2930 535 2980 in
576 2927 824 2979 umbram
852 2932 1031 2980 terrae.
1054 2924 1192 2980 Cum
1221 2925 1386 2997 igitur
1401 2933 1457 2980 et
1476 2925 1604 2979 anni
1625 2932 1879 2979 accurate
1895 2939 2067 2995 agm-

482 3026 575 3071 tur
603 3016 903 3073 secundum
939 3017 1108 3073 solem
1130 3055 1145 3081 ,
1179 3026 1236 3072 et
1263 3032 1483 3072 menses
1517 3027 1572 3071 et
1615 3016 1735 3072 dies
1761 3016 2063 3071 secundum

477 3111 697 3178 lunam,
744 3120 873 3165 tunc
900 3116 1097 3181 putant
1130 3107 1304 3164 Graeci
1344 3124 1405 3165 se
1430 3108 1731 3165 secundum
1757 3107 1940 3179 patria
1976 3122 2063 3163 sa-

2178 550 2486 623 ηγόρευσαν
2504 567 2518 580 ·
2548 551 2647 621 τὴν
2677 550 2736 603 δέ
2772 549 2914 603 κατὰ
2946 548 3109 621 μέσον
3135 547 3230 602 τοῦ
3260 548 3430 619 μηνὸς
3474 550 3771 623 γινομένην

2183 644 2344 713 φάσιν
2374 642 2473 713 τῆς
2506 641 2735 713 σελήνης
2769 641 2877 694 ἀπὸ
2897 640 3060 695 αὐτοῦ
3088 639 3181 694 τοῦ
3210 638 3602 711 συμϐαίνοντος
3625 642 3766 713 διχο-

2183 736 2383 808 μηνίαν
2408 734 2692 789 ἐκάλεσαν.
2729 735 2840 789 Καὶ
2867 733 3096 788 καθόλου
3123 733 3181 786 δὲ
3214 734 3393 796 πάσας
3417 732 3520 798 τὰς
3553 734 3770 805 ἡμέρας

2180 830 2290 884 ἀπὸ
2306 830 2417 883 τῶν
2435 831 2535 900 τῆς
2564 829 2795 901 σελήνης
2815 826 3112 899 φωτισμῶν
3134 827 3588 899 προσωνόμασαν.
3604 827 3766 881 Ὅθεν

2180 922 2273 976 καὶ⁹
2292 923 2392 993 τὴν
2420 920 2748 992 τριακοστὴν
2773 920 2866 974 τοῦ
2897 921 3064 993 μηνὸς
3086 921 3302 991 ἡμέραν
3338 921 3576 991 ἐσχάτην
3602 915 3768 975 οὖσαν

2179 1013 2288 1068 ἀπὸ
2309 1013 2475 1067 αὐτοῦ
2500 1013 2594 1066 τοῦ
2618 1013 3007 1082 συμῦαίνοντος
3028 1013 3298 1084 τριακάδα
3321 1013 3609 1068 ἐκάλεσαν.
3637 1012 3769 1068 Τού-

2178 1123 2291 1171 τοις
2317 1107 2374 1161 δέ
2405 1106 2714 1170 ἀκολούθως
2752 1107 2849 1160 καὶ
2880 1108 2909 1160 ὁ
2945 1108 3179 1177 ’Δρατος
3210 1107 3305 1160 ἐπὶ
3345 1104 3455 1159 τῶν
3493 1122 3771 1178 προσηγο-

2182 1198 2313 1270 ριῶν
2344 1198 2453 1252 τῶν
2480 1197 2703 1270 ἡμερῶν
2730 1197 3113 1267 ἀποφαίνεται,
3139 1197 3313 1266 λέγων
3340 1196 3515 1261 οὕτως
3532 1213 3548 1228 ο

2181 1424 2304 1491 Οὐχ
2331 1420 2533 1489 ὀράας,
2569 1422 2745 1492 ὀλίγη
2764 1421 2884 1490 μὲν
2916 1419 3064 1474 ὅταν
3094 1418 3644 1492 κεράεσσι-σελήνη

2188 1489 2552 1559 Ἐσπερόθεν
2585 1489 2888 1560 φαίνηται,
2926 1491 3274 1560 ἀεξομένοιο
3307 1489 3584 1548 διδάσκει

2174 1558 2398 1632 Μηνὸς,
2426 1563 2525 1617 ὅτε
2553 1558 3179 1632 ,πρώτηάποκίδνιιται
3207 1561 3463 1615 αὐτόθεν
3483 1558 3664 1630 αὐγὴ,

2170 1699 2413 1752 Ὀσσον
2440 1696 2776 1751 ἐπισκιὰειν
2806 1695 2904 1748 ἐπὶ
2942 1668 3225 1763 τέτρατον
3245 1691 3404 1763 ἦμαρ
3431 1694 3631 1750 ἰοῦσα.

2187 1768 2361 1822 Ὀκτὼ
2379 1768 2430 1821 δ’
2450 1770 2521 1822 ἑν
2539 1767 2776 1836 δικάσει
2793 1785 2806 1797 ·
2831 1767 2887 1819 δι
2892 1768 3126 1836 χόμηνα
3143 1766 3211 1818 δὲ
3232 1766 3412 1819 παντὶ
3436 1765 3756 1834 προσώπῳ.

2172 1905 2295 1959 Alei
2318 1903 2370 1957 δ’
2396 1903 2662 1958 ἄλλοθεν
2689 1903 2856 1959 ἄλλα
2879 1904 3347 1970 παρακλίνουσα
3373 1903 3618 1970 μέτωπα

2169 1978 2336 2045 Εἲρῃ,
2364 1976 2661 2044 ὑποσταίη
2687 1976 2883 2045 μηνὸς
2916 1974 3326 2044 περιτέλλεται
3356 1974 3498 2042 ἠώς.

2185 2088 2273 2142 Ἐν
2299 2087 2409 2159 γὰρ
2434 2087 2646 2150 τούτοις
2672 2086 2858 2157 σαφῶς
2885 2102 3050 2156 φησιν
3080 2086 3146 2139 ἐκ
3179 2085 3289 2139 τῶν
3317 2085 3617 2154 φωτισμῶν
3655 2085 3759 2155 τῆς

2174 2181 2403 2252 σελήνης
2445 2180 2545 2245 τὰς
2591 2180 2964 2251 προσηγορίας
3003 2178 3113 2233 τῶν
3163 2180 3387 2251 ἡμερῶν
3435 2181 3759 2250 κατωνομάο

2172 2272 2317 2325 σθαι.
2350 2271 2455 2326 Τοῦ
2495 2272 2551 2326 δὲ
2581 2271 2723 2325 κατὰ
2756 2270 2987 2341 σελήνην
3018 2270 3171 2339 ἄγειν
3204 2269 3452 2341 ἀκριὸῶς
3479 2269 3581 2334 τὰς
3622 2269 3762 2341 ἡμέ-

2173 2380 2275 2435 ρας
2309 2364 2663 2435 παράδειγμά
2688 2364 2805 2416 ἐστι
2831 2361 2894 2416 τὸ
2914 2363 3013 2425 τὰς
3043 2362 3141 2432 μὲν
3161 2362 3256 2415 τοῦ
3294 2360 3451 2432 ἡλίου
3483 2361 3757 2432 ἐκλείψεις

2171 2456 2419 2525 γίνεσθαι
2444 2459 2512 2527 τῇ
2556 2454 2830 2527 τριακάδι.
2865 2455 3000 2508 Τότε
3032 2453 3142 2526 γὰρ
3170 2452 3443 2508 συνοδεύει
3473 2454 3508 2525 ἡ
3555 2453 3755 2526 σελήνη

2168 2548 2247 2620 τῷ
2277 2548 2432 2621 ἡλίῳ,
2469 2550 2562 2603 καὶ
2603 2548 2746 2602 κατὰ
2782 2547 2883 2619 τὴν
2922 2547 3091 2619 αὐτὴν
3131 2550 3326 2619 μοῖραν
3368 2547 3600 2615 γίνεται.
3645 2547 3758 2611 Τὰς

2168 2640 2225 2693 δὲ
2249 2641 2350 2710 τῆς
2394 2641 2623 2712 σελήνης
2663 2639 2934 2710 ἐκλείψεις
2962 2639 3119 2693 νυκτὶ
3159 2641 3224 2710 τῇ
3270 2638 3508 2710 φερούσῃ
3550 2640 3630 2702 εἰς
3657 2639 3759 2708 τὴν

2165 2733 2508 2804 διχομηνίαν.
2552 2733 2686 2787 Τότε
2718 2733 2826 2805 γὰρ
2854 2732 2999 2787 κατὰ
3030 2732 3322 2803 διάμετρον
3349 2731 3560 2800 γίνεται
3590 2732 3625 2802 ἡ
3663 2747 3755 2783 σε-

2167 2826 2301 2898 λὴνη
2326 2826 2404 2898 τῷ
2424 2826 2581 2897 ἡλίῳ,
2616 2826 2710 2880 καὶ
2736 2826 2999 2897 ἐμπίπτει
3031 2826 3110 2888 εἰς
3137 2824 3199 2877 τὸ
3224 2823 3326 2893 τῆς
3356 2822 3462 2894 γῆς
3488 2821 3755 2893 σκίασμα.

2168 2921 2342 2973 Ὅταν
2390 2916 2485 2973 οῦν
2531 2919 2627 2973 καὶ
2671 2919 2722 2973 οἱ
2765 2917 3004 2972 ἐνιαυτοί⁵
3047 2916 3292 2988 ἀκριϐῶς
3338 2915 3582 2984 ἄγωνται
3629 2916 3755 2970 καθ’

2165 3012 2336 3083 ἥλιον,
2376 3010 2471 3064 καὶ
2511 3012 2559 3064 οἱ
2608 3010 2800 3082 μῆνες,
2835 3010 2929 3063 καὶ
2970 3011 3027 3062 αἱ
3057 3010 3264 3081 ἡμέραι
3311 3007 3455 3062 κατὰ
3497 3008 3753 3081 σελήνην,

2164 3105 2284 3159 τότε
2316 3102 2623 3175 νομίζωσιν
2660 3104 2710 3157 οἱ
2744 3103 3006 3175 ’Έλληνες
3042 3103 3184 3157 κατὰ
3218 3103 3290 3158 τὰ
3333 3103 3538 3175 πάτρια
3566 3103 3751 3157 θύειν·

477 3205 760 3271 eriﬁcare;
796 3203 899 3259 hoc
937 3209 1120 3259 autem
1169 3210 1255 3259 est
1292 3201 1484 3259 iisdem
1533 3202 1875 3272 temporibus
1931 3206 2061 3256 anni

2167 3196 2322 3252 τοῦτο
2347 3196 2391 3249 δ’
2420 3196 2536 3250 ἐστὶ
2560 3194 2704 3249 κατὰ
2734 3196 2859 3259 τοὺς
2883 3194 3080 3259 αὐτοὺς
3116 3195 3343 3267 καιροὺς
3372 3195 3467 3250 τοῦ
3503 3195 3755 3250 ἐνιαυτοῦ

473 3298 663 3353 eadem
693 3294 962 3352 sacriﬁcia
999 3294 1107 3351 diis
1133 3308 1540 3351 consummare.
1592 3294 1775 3365 Atque
1819 3292 2061 3366 Βαγριῆ

475 3389 696 3458 quidem
720 3387 1058 3444 contrariam
1092 3384 1300 3442 Graecis
1328 3393 1383 3443 et
1408 3386 1736 3441 sententiam
1764 3393 1819 3441 et
1859 3400 2062 3456 prapo-

464 3480 639 3537 situm
664 3479 991 3535 habuerunt.
1009 3476 1196 3548 Neque
1212 3479 1355 3534 enim
1374 3492 1548 3533 annos
1565 3484 1735 3549 agunt
1756 3478 2059 3533 secundum

472 3572 667 3634 solem,
688 3586 865 3640 neque
890 3585 1110 3627 menses
1131 3576 1186 3626 et
1207 3568 1328 3626 dies
1354 3568 1660 3624 secundum
1705 3570 1892 3623 lunam
1914 3609 1928 3629 .
1961 3569 2059 3625 sed

475 3664 697 3735 propria
732 3661 968 3733 quadam
1003 3664 1217 3716 ratione
1254 3670 1382 3717 sunt
1413 3661 1521 3717 usi.
1554 3658 1762 3716 Volunt
1790 3660 1935 3716 enim
1961 3676 2056 3715 sa-

471 3754 678 3811 criﬁcia
700 3753 808 3808 diis
834 3753 952 3807 ﬁeri
974 3768 1085 3808 non
1116 3753 1419 3808 secundum
1460 3751 1602 3807 idem
1636 3758 1853 3822 tempus
1887 3753 2055 3819 anni;

472 3848 568 3905 sed
601 3862 665 3901 ea
695 3861 794 3917 per
841 3860 1034 3902 omnes
1061 3844 1190 3898 anni
1230 3843 1566 3914 quadrantes
1595 3843 1696 3911 ire,
1740 3849 1795 3897 et
1835 3843 1951 3899 ﬁeri
1990 3859 2053 3900 ex

472 3936 667 3992 aestivo
702 3934 843 3990 festo
867 3943 922 3991 et
958 3932 1339 3998 hibernum,et
1368 3933 1703 3996 autumnale,
1720 3941 1774 3988 et
1801 3948 2050 3988 vernum.

472 4029 658 4098 Agunt
689 4030 835 4083 enim
892 4043 1096 4083 annum
1141 4027 1352 4083 dierum
1400 4025 1540 4087 565,
1584 4024 1873 4081 duodecim
1908 4026 2054 4081 enim

474 4136 693 4176 menses
718 4129 888 4191 agunt
919 4120 991 4176 30
1045 4120 1278 4183 dierum,
1308 4128 1363 4174 et
1394 4119 1639 4188 quinque
1681 4118 1801 4174 dies
1830 4126 2053 4190 epactas

477 4213 702 4269 addunt.
731 4212 837 4269 Sed
868 4210 1229 4282 quadrantem
1261 4211 1411 4266 illum
1434 4210 1540 4266 diei
1579 4225 1689 4266 non
1719 4211 2053 4266 intercalant

475 4313 696 4376 propter
722 4304 1037 4376 praedictam
1076 4317 1340 4369 causam;
1379 4310 1439 4358 ut
1467 4303 1723 4360 videlicet
1772 4305 1881 4361 illis
1911 4305 2050 4362 festa

472 4397 793 4467 anticipent.
834 4396 970 4451 Nam
991 4397 1047 4451 in
1072 4404 1309 4465 quatuor
1340 4396 1501 4453 annis
1531 4412 1643 4452 uno
1684 4397 1774 4453 die
1804 4396 2047 4470 Egyptii

467 4490 731 4545 deﬁciunt
758 4506 789 4545 a
822 4491 959 4555 sole,
991 4489 1045 4543 in
1062 4488 1134 4544 40
1167 4489 1328 4544 annis
1353 4488 1543 4544 decem
1565 4487 1761 4544 diebus
1791 4487 2047 4545 deﬁcient

468 4587 691 4652 propter
720 4597 923 4637 annum
984 4582 1138 4639 solis.
1173 4579 1363 4652 Itaque
1404 4581 1569 4636 etiam
1599 4581 1822 4636 totidem
1852 4580 2048 4637 diebus

2162 3289 2263 3354 τὰς
2286 3288 2454 3353 αὑτὰς
2481 3287 2672 3352 θυσίας
2693 3290 2805 3351 τοῖς
2837 3286 2979 3351 θεοῖς
3009 3287 3396 3342 συντελεῖσθαι.
3424 3288 3488 3342 υἱ
3519 3288 3619 3359 μὲν
3643 3287 3756 3359 γὰρ

2160 3379 2448 3449 Αἰγύπτιοι
2488 3379 2600 3450 (54)
2640 3378 2740 3450 τὴν
2773 3378 3021 3433 ἐναντίαν
3061 3377 3315 3450 διάληψιν
3356 3380 3452 3434 καὶ
3494 3379 3755 3452 πρόθεσιν

2159 3474 2427 3544 ἐσχήκασι
2472 3473 2587 3534 τοῖς
2632 3469 2910 3539 Ἕλλησιν.
2955 3469 3093 3524 υῦτε
3136 3469 3246 3542 γὰρ
3297 3472 3423 3535 τοὺς
3472 3472 3754 3535 ἐνιαυτοὺς

2159 3565 2355 3634 ἄγουσι
2384 3563 2507 3618 καθ’
2538 3562 2711 3633 ἡλιον,
2742 3561 2866 3616 οὔτε
2898 3563 3028 3624 τοὺς
3069 3563 3247 3634 μῆνας
3275 3562 3370 3616 καὶ
3401 3561 3500 3626 τὰς
3537 3564 3752 3635 ἡμέρας

2160 3654 2302 3707 κατὰ
2330 3652 2428 3725 τὴν
2474 3653 2738 3723 σελὴνην’
2786 3651 2900 3704 ἀλλ’
2935 3652 3041 3723 ἰδίᾳ
3067 3652 3175 3705 τινὶ
3217 3651 3515 3706 ὑποστάσει
3549 3669 3753 3726 κεχρη-

2163 3745 2313 3816 μένοι
2347 3744 2474 3798 εἰσί.
2517 3744 2808 3797 Βούλονται
2843 3743 2953 3817 γὰρ
2980 3744 3078 3807 τὰς
3114 3743 3305 3807 θυσίας
3337 3746 3449 3809 τοῖς
3499 3743 3642 3811 θεοῖς
3673 3749 3749 3819 μὴ

2157 3838 2302 3892 κατὰ
2331 3838 2423 3891 τὸν
2450 3837 2614 3891 αὑτὸν
2652 3837 2841 3908 καιρὸν
2878 3836 2971 3889 τοῦ
3013 3836 3260 3890 ἐνιαυτοῦ
3294 3837 3544 3907 γίνεσθαι
3565 3856 3578 3869 ·
3612 3838 3750 3893 ἀλλὰ

2156 3929 2246 3983 διὰ
2273 3928 2463 3984 πασῶν
2487 3927 2596 3982 τῶν
2617 3926 2712 3981 τοῦ
2740 3926 2985 3980 ἐνιαυτοῦ
3007 3926 3167 4001 ὡρῶν
3194 3926 3422 3982 διελθεῖν
3442 3946 3455 3959 ·
3481 3929 3575 3983 καὶ
3602 3931 3748 3998 γίνε-

2157 4025 2283 4079 σθαι
2312 4025 2412 4097 τὴν
2438 4023 2656 4096 θερινὴν
2695 4022 2885 4095 ἑορτὴν
2912 4022 3007 4077 καὶ
3052 4025 3391 4098 χειμερινὴν,
3422 4027 3517 4080 καὶ
3559 4026 3746 4097 φθινο-

2155 4116 2437 4189 πωρινὴν,
2489 4117 2585 4171 καὶ⁵
2631 4116 2876 4189 ἐαρινήν.
2926 4117 3154 4185 Ἀγουσι
3201 4116 3311 4188 γὰρ
3358 4116 3450 4170 τὸν
3500 4119 3745 4173 ἐνιαυτὸν

2155 4209 2378 4283 ἡμερῶν
2429 4210 2759 4283 τριακοσίων
2810 4206 3074 4281 ἐξήκοντα
3125 4210 3287 4264 πέντε
3312 4226 3328 4244 ο
3382 4209 3591 4266 δώδεκα
3636 4213 3745 4285 γὰρ

2156 4305 2335 4376 μῆνας
2379 4303 2575 4373 ἄγουσι
2624 4300 3127 4378 τριακονθημέρους
3178 4303 3273 4357 καὶ
3314 4302 3474 4357 πέντε
3528 4302 3745 4376 ἡμέρας

2153 4396 2441 4463 ἐπάγουσι.
2474 4394 2549 4448 Τὸ
2581 4393 2638 4448 δὲ
2666 4393 2793 4465 a'/6'
2824 4394 2925 4448 οὐκ
2952 4393 3219 4464 ἐπάγουσι
3240 4393 3329 4448 διὰ
3359 4394 3460 4467 τὴν
3486 4411 3745 4469 προειρη-

2158 4487 2325 4559 μένην
2373 4485 2551 4540 αἰτίαν
2574 4526 2588 4549 ,
2623 4486 2711 4538 ἵνα
2751 4485 2939 4547 αὐτοῖς
2975 4486 3408 4552 ἀναποδίζωνται
3445 4488 3502 4541 αἱ
3532 4488 3739 4559 ἑορταί.

2165 4579 2254 4631 Ἐν
2285 4576 2394 4649 γὰρ
2416 4580 2530 4641 τοῖς
2556 4576 2599 4630 δ’
2632 4575 2777 4630 ἔτεσι
2807 4577 2906 4648 μιᾷ
2927 4578 3112 4651 ἡμέρᾳ
3143 4577 3430 4651 ὑστεροῦσι
3465 4580 3617 4652 παρὰ
3650 4581 3741 4635 τὸν

467 4674 768 4744 anticipant
797 4673 1035 4736 festa,ut
1060 4688 1129 4730 ne
1142 4674 1466 4743 contingant
1488 4671 1794 4728 secundum
1826 4673 2047 4729 eosdem

2167 4670 2351 4742 ἣλιον-³
2378 4671 2436 4722 ἐν
2483 4668 2543 4721 δὲ
2577 4670 2691 4732 τοῖς
2733 4674 2786 4739 μ’
2825 4667 2969 4722 ἔτεσι
3022 4675 3052 4721 ι’
3094 4670 3333 4743 ἡμέραις
3377 4670 3741 4744 ὑστερήσουσι

466 4767 801 4837 quadrantes
830 4767 983 4821 anni.
1011 4766 1071 4822 In
1111 4765 1272 4822 annis
1305 4780 1436 4820 vero
1472 4764 1578 4820 120
1627 4772 1913 4821 menstrua
1942 4766 2049 4821 erit

2167 4759 2305 4834 παρὰ
2353 4760 2444 4814 τὸν
2486 4758 2581 4813 τοῦ
2613 4759 2763 4829 ἡλίου
2797 4761 3043 4815 ἐνιαυτόν
3068 4778 3082 4791 ·
3122 4761 3267 4817 ὥστε
3298 4762 3391 4817 καὶ.
3446 4764 3743 4829 τοσαύταις

466 4860 727 4925 varietas,
756 4857 1102 4930 respiciendo
1130 4874 1257 4914 cum
1280 4858 1347 4913 ad
1379 4873 1582 4914 annum
1612 4858 1747 4914 solis
1769 4899 1787 4924 ,
1825 4868 1940 4914 tum
1977 4859 2047 4915 ad

2167 4852 2385 4926 ἡμέραις
2427 4849 2840 4917 ἀναποδίζουσιν
2869 4854 2924 4908 αἱ
2954 4853 3157 4924 ἐορταὶ,
3199 4853 3336 4929 πρὸς
3377 4853 3439 4909 τὸ
3473 4856 3549 4927 μὴ
3597 4856 3745 4924 γίνε-

467 4951 597 5008 anni
620 4951 975 5022 quadrantes.
998 4950 1365 5018 Quamobrem
1398 4958 1643 5006 erratum
1691 4951 1847 5016 illud,
1895 4952 2042 5023 quod

2167 4944 2274 4999 ςθαι
2304 4944 2446 4998 κατὰ
2466 4943 2567 5009 τὰς
2591 4943 2763 5007 αὐτὰς
2803 4943 2954 5017 ῶρας
2978 4944 3074 4999 τοῦ
3106 4943 3377 5000 ἐνιαυτοῦ.
3413 4945 3502 5001 Ἐν
3540 4946 3597 4999 δὲ
3628 4949 3742 5011 τοῖς

466 5045 610 5116 apud
634 5043 855 5100 Graecos
893 5041 1298 5107 circumfertur,
1333 5057 1462 5097 cum
1508 5051 1736 5115 propter
1782 5045 2044 5119 temporis

2167 5044 2231 5093 ›κ’
2261 5038 2306 5069 ⁸³
2330 5038 2476 5092 ἔτεσι
2503 5040 2753 5108 μηνιαίον
2780 5034 2932 5092 ἔσται
2966 5036 3029 5092 τὸ
3075 5037 3449 5109 παράλλαγμα
3481 5039 3577 5092 καὶ
3603 5038 3742 5110 πρὸς

463 5136 859 5210 longitudinem
904 5137 1294 5208 approbatione
1346 5134 1571 5207 dignum
1625 5137 1699 5191 sit
1749 5135 2044 5201 habitum,

2167 5131 2237 5185 ςὸν
2263 5129 2359 5185 τοῦ
2397 5129 2556 5210 ἡλίου
2584 5128 2850 5195 ἐνιαυτὸν,
2881 5129 2978 5184 καὶ
3025 5129 3165 5202 πρὸς
3203 5129 3306 5193 τὰς
3345 5129 3492 5184 κατὰ
3523 5130 3588 5184 τδ
3619 5129 3740 5195 ἔτος

461 5208 627 5284 etiam
657 5228 725 5284 ad
756 5238 944 5285 nostra
976 5243 1150 5298 usque
1178 5236 1423 5298 tempora
1467 5241 1568 5298 pro
1600 5242 1733 5284 vero
1772 5229 2043 5283 creditum

2167 5224 2322 5297 ἶιρας.
2350 5208 2429 5276 Δί*
2459 5223 2525 5294 ἢν
2553 5223 2731 5278 αἰτίαν
2759 5223 2856 5278 καὶ
2882 5222 2946 5276 τὸ
2972 5222 3407 5295 περιφερόμενον
3430 5222 3741 5295 ἁμάρτημα

462 5317 583 5376 fuit.
607 5320 807 5376 Putant
831 5323 976 5377 enim
1000 5320 1221 5393 plurimi
1267 5316 1583 5377 Graecorum
1612 5321 1668 5375 in
1715 5318 1915 5376 festum
1945 5317 2054 5375 lsi.

2167 5315 2308 5390 rrade
2343 5318 2452 5379 τοῖς
2498 5315 2757 5388 Ἕλλησιν
2797 5316 2862 5369 ἐκ
2908 5314 3118 5370 πολλῶν
3162 5315 3374 5388 χρόνων
3425 5315 3740 5389 παραδοχῆς

530 5475 578 5508 ⁸³
610 5493 701 5547 γρ.
729 5484 861 5549 ρκε’.

530 5628 643 5703 (55)
678 5633 732 5689 ld
762 5642 845 5689 est
873 5634 1084 5703 integro
1114 5631 1247 5689 orbe
1271 5631 1501 5703 lucens:
1575 5699 1587 5703 _
1766 5697 1795 5703 _
1840 5699 1872 5703 __
1921 5699 1933 5703 _
2014 5698 2027 5703 Δ
2140 5628 2377 5698 ptiacum
2413 5629 2485 5683 ita
2512 5629 2835 5703 contexuit,
2868 5636 2927 5684 ut
2973 5637 3170 5701 prgeter
3215 5629 3332 5687 dies
3359 5641 3563 5685 cccuv
3588 5626 3739 5685 bona

533 5697 647 5771 (34)
688 5708 751 5759 Ol
789 5703 906 5772 μὲν
943 5697 1053 5773 γᾶρ
1083 5703 1411 5771 Αἰγύπτιοι.
1440 5699 1542 5755 Hic
1574 5699 1730 5773 locus
1762 5697 2031 5773 Solirliani

2167 5716 2235 5754 ex
2260 5701 2555 5770 quotannis
2587 5697 2981 5756 inscrerenturQ

459 5768 910 5831 omnuientat'oris
937 5768 1175 5845 castigat
1197 5786 1462 5840 errorem,
1499 5771 1595 5843 qui
1629 5786 1831 5826 annum
1865 5768 2036 5842 Egy-
