4146 6440
409 365 512 420 305
1460 355 1694 411 GEMINI
1739 354 2109 410 ELEMENTA
2149 354 2626 412 ASTRONOMIZE
2638 398 2650 411 .
3577 358 3688 416 306

411 480 710 552 ἠξιωμένον
738 477 900 550 μέχρι
921 475 1031 531 τῶν
1052 475 1169 528 καθ’
1202 474 1350 545 ἡμᾶς
1372 472 1580 544 χρόνων
1610 471 1986 525 πεπίστευται.
2021 479 2048 534 Α

2047 482 2065 533 ι
2095 472 2202 536 dis,
2238 473 2539 527 secundum
2567 470 2858 542 Egyptios
2897 477 2953 526 et
3002 471 3308 527 secundum
3357 471 3645 528 Eudoxum
3668 512 3684 528 .

423 570 892 642 Ὑπολαμϐάνουσι
931 568 1040 640 γὰρ
1075 569 1125 621 οἱ
1153 565 1394 618 πλεῖστοι
1437 564 1548 636 (55)
1584 563 1691 617 τῶν
1724 564 1993 634 Ἑλλήνων

2096 565 2355 621 hibernas
2391 565 2782 619 conversiones
2837 565 3102 618 incidere.
3155 563 3312 630 Quod
3365 563 3567 618 falsum
3597 580 3687 619 est

414 665 528 735 ἅμα
568 665 680 726 τοῖς
728 661 906 724 Ἰσίοις
939 660 1060 714 κατ’
1100 657 1432 726 Αἰγυπτίους
1466 655 1562 708 καὶ
1607 655 1726 706 κατ’
1767 652 1994 717 Εὔδοξον

2095 659 2338 711 omnino.
2374 655 2561 711 Mense
2593 657 2738 710 enim
2785 664 2900 710 toto
2958 656 3159 710 festum
3208 656 3370 713 Isidis
3419 655 3688 711 distat.ab

411 753 549 809 εἶναι
587 752 902 824 χειμερινὰς
925 749 1132 824 τροπάς
1151 767 1165 779 ⁸
1202 751 1338 820 ὅπερ
1365 748 1482 801 ἐστὶ
1515 748 1832 800 παντάπασι
1861 745 1994 815 ψεῦ-

2093 750 2341 804 bibernis
2369 748 2840 802 conversionibus.
2860 746 3041 801 Fluxit
3067 755 3249 802 autem
3281 755 3526 802 erratum
3552 747 3687 802 illud

409 847 513 909 ΰος.
542 846 688 914 Μηνὶ
718 844 826 915 γὰρ
869 842 976 912 ὅλῳ
1005 839 1378 912 παραλλάσσει
1421 839 1488 892 τὰ
1535 840 1673 890 Ἴσια
1717 837 1852 908 πρὸς
1896 836 1995 899 τὰς

2093 857 2159 896 ex
2198 856 2365 894 causa
2399 840 2688 909 praedicta;
2725 855 2852 892 nam
2909 847 3036 894 ante
3080 840 3182 895 120
3238 855 3416 895 annos
3457 842 3688 912 contigit

410 937 722 1007 χειμερινὰς
756 935 985 1006 τροπάς.
1028 932 1230 1005 Ἐρῤύη
1258 932 1316 984 δὲ
1349 931 1408 983 τὸ
1431 929 1734 1000 ἁμάρτημα
1763 928 1871 981 ὰπὸ
1895 930 1994 1000 τῆς

2097 940 2156 986 ιιι
2210 931 2407 987 festum
2445 930 2605 985 Isidis
2649 931 2705 984 in
2765 931 2898 1000 ipsis
2931 931 3180 986 hibernis
3229 932 3686 988 conversionibus

410 1026 813 1100 προειρημένης
861 1026 1075 1088 αἰτίας·
1125 1023 1231 1093 πρὸ
1272 1022 1381 1092 γάρ
1431 1027 1511 1092 ρκ’
1549 1020 1684 1073 ἐτῶν
1730 1019 1991 1072 συνέπεσε

2095 1033 2350 1094 ageretur
2385 1042 2397 1076 :
2428 1024 2483 1076 in
2519 1023 2680 1077 annis
2712 1031 2891 1076 autem
2926 1031 3163 1091 quatuor
3197 1024 3359 1079 unius
3385 1024 3488 1080 diei
3520 1026 3686 1081 ﬁebat

408 1121 528 1174 κατ’
552 1119 719 1181 αὐτὰς
753 1118 852 1182 τὰς
879 1116 1196 1188 χειμερινὰς
1218 1113 1427 1187 τροπὰς
1457 1112 1688 1182 ἄγεσθαι
1715 1111 1783 1164 τά
1815 1113 1988 1164 Ἴσια·

2093 1115 2346 1171 variatio.
2369 1114 2480 1169 Iloc
2504 1116 2668 1184 igitur
2690 1130 2797 1170 non
2817 1113 3004 1167 habuit
3025 1115 3338 1170 sensibilem
3363 1119 3682 1172 varietatem

407 1212 466 1262 ὲν
497 1209 642 1263 ἔτεσι
679 1210 736 1262 δὲ
767 1209 1029 1280 τέσσαρσι
1079 1209 1208 1278 μιᾶς
1247 1206 1461 1277 ἡμέρας
1510 1204 1728 1272 ἐγένετο
1780 1201 1992 1273 παράλ·

2095 1209 2162 1262 ad
2192 1209 2318 1262 anni
2344 1215 2719 1277 tempestates.
2743 1209 2800 1260 In
2825 1207 2984 1261 annis
3016 1215 3195 1261 autem
3223 1208 3294 1262 40
3322 1207 3463 1262 facta
3484 1219 3567 1267 est
3589 1211 3686 1266 de-

409 1301 615 1370 λαγμα.
658 1301 826 1353 Τοῦτο
868 1297 960 1354 οὖν
1007 1301 1108 1353 οὐκ
1147 1298 1413 1370 αἰσθητὴν
1464 1296 1591 1366 ἔσχε
1635 1295 1992 1366 παραλλαγὴν

2094 1312 2210 1350 cem
2236 1297 2446 1352 dierum
2470 1297 2717 1350 variatio.
2743 1294 2853 1350 Nec
2884 1295 2965 1350 sic
2991 1296 3208 1365 quidem
3241 1299 3418 1352 evenit
3444 1301 3684 1355 sensibi-

409 1394 545 1463 πρὸς
576 1394 672 1457 τὰς
712 1396 830 1447 κατ’
859 1393 978 1458 ἔτος
1013 1393 1180 1466 ὧρας.
1221 1393 1308 1444 Ἑν
1348 1391 1493 1443 ἔτεσι
1533 1389 1589 1442 δὲ
1617 1396 1667 1459 μ’
1699 1390 1921 1460 ἡμερῶν
1960 1391 1990 1440 ι’

2094 1389 2196 1444 lem
2224 1389 2334 1443 ﬁeri
2360 1390 2734 1444 imitationem.
2757 1389 2827 1443 At
2864 1405 3010 1444 nunc
3035 1406 3159 1444 cum
3186 1392 3238 1444 in
3271 1392 3430 1446 annis
3461 1390 3563 1445 120
3593 1391 3684 1446 fiat

407 1485 622 1553 ἐγένετο
674 1485 1062 1556 παράλλαγμα.
1118 1484 1240 1537 Οὐδ’
1294 1482 1466 1545 οὕτως
1526 1480 1790 1553 αἰσθητὴν
1853 1477 1990 1534 εἷναι

2096 1489 2377 1535 menstrua
2413 1483 2676 1544 varietas,
2700 1497 2988 1536 excessum
3025 1483 3348 1552 ignorantiae
3373 1499 3481 1536 non
3515 1485 3685 1538 relin-

408 1576 686 1648 συμϐαίνει
719 1578 815 1648 τὴν
842 1575 1220 1647 παραλλαγήν.
1253 1575 1389 1627 Νυνὶ
1433 1572 1684 1644 μέντοιγε
1733 1571 1990 1642 μηνιαίας

2093 1581 2268 1643 quunt
2286 1573 2319 1626 ii
2344 1573 2436 1643 qui
2455 1582 2647 1642 putant
2663 1576 2716 1628 in
2736 1575 2873 1630 festo
2893 1573 3071 1638 Isidis,
3091 1574 3684 1648 secundumAEgyptios

406 1668 698 1738 γινομένης
727 1667 1085 1739 παραλλαγῆς
1115 1668 1171 1718 ἐν
1203 1663 1284 1736 ρκ’
1321 1664 1517 1726 ἔτεσιν,
1552 1661 1856 1733 ὑπερϐολὴν
1889 1661 1990 1713 οὐκ

2093 1673 2146 1719 et
2175 1666 2476 1721 secundum
2505 1665 2814 1728 Eudoxum,
2837 1667 3097 1722 hibernas
3125 1667 3239 1722 ﬁeri
3267 1671 3681 1724 conversiones.

407 1760 792 1813 ἀπολείπουσιν
848 1759 1072 1828 ἀγνοίας
1135 1759 1183 1810 οἱ
1243 1755 1704 1826 διαλαμϐάνοντες
1766 1755 1824 1807 ὲν
1879 1756 1990 1818 τοῖς
2026 1821 2044 1832 _

2046 1822 2064 1832 _
2093 1757 2214 1813 Uno
2233 1760 2378 1814 enim
2429 1759 2516 1814 die
2545 1767 2638 1813 aut
2666 1761 2884 1816 duobus
2911 1761 3208 1817 dissentire
3232 1762 3448 1832 aliquos
3478 1762 3583 1817 hac
3616 1762 3683 1816 de

421 1850 595 1917 Ἰσίοις
623 1854 742 1906 κατ’
767 1821 1115 1919 Αἰγυπτίους.
1150 1849 1242 1903 καὶ
1267 1849 1386 1901 κατ’
1410 1821 1647 1912 ⁷Εὔδοξον
1675 1845 1775 1910 τὰς
1807 1863 1990 1917 χειμε-
2026 1821 2058 1876 Β

2044 1822 2152 1903 3re
2183 1849 2447 1918 possibile
2476 1857 2594 1916 est;
2651 1858 2706 1903 at
2756 1859 3098 1906 menstruam
3131 1821 3452 1908 varietatem
3486 1853 3681 1918 latere,

414 1945 564 2015 ρινὰς
589 1943 795 2008 τροπὰς
823 1938 978 1996 εἶναι.
1011 1943 1126 2012 Μιᾷ
1155 1941 1251 2011 μὲν
1280 1939 1390 2009 γὰρ
1419 1938 1602 2010 ἡμέρᾳ
1623 1937 1655 2008 ἢ
1679 1937 1799 1991 δυσὶ
1824 1937 1992 1990 διενε-

2094 1941 2430 2010 impossibile
2451 1950 2556 1998 est.
2591 1941 2805 1997 Etenim
2837 1942 3245 2014 magnitudines
3291 1943 3526 2007 dierum,
3555 1959 3679 1998 cum

406 2035 603 2105 χθῆναι
643 2033 987 2104 ἐνδεχόμενόν
1029 2034 1176 2084 ἐστι·
1230 2034 1476 2102 μηνιαῖον
1521 2029 1577 2082 δὲ
1623 2028 1992 2100 παράλλαγμα

2095 2032 2328 2087 habeant
2364 2048 2616 2103 magnam
2669 2034 3026 2089 mutationem
3064 2035 3117 2088 in
3163 2035 3412 2089 hibernis
3451 2049 3682 2090 conver-

407 2126 664 2180 ἀδύνατόν
712 2127 826 2177 ἐστι
853 2123 1054 2178 λαθεῖν.
1090 2123 1198 2176 Καὶ
1225 2122 1332 2195 γὰρ
1370 2121 1438 2174 τὰ
1469 2121 1674 2192 μεγέθη
1717 2122 1826 2174 τῶν
1859 2124 1994 2193 ἡμε-

2094 2125 2364 2190 sionibus,
2399 2141 2495 2180 eos
2563 2140 2792 2195 arguere
2837 2136 3090 2196 possunt.
3144 2125 3210 2180 Et
3271 2127 3679 2196 horologiorum

409 2217 520 2290 ρῶν
551 2217 792 2287 ἐλέγχειν
835 2215 1079 2277 δύναται,
1115 2215 1355 2285 μεγάλην
1401 2213 1595 2284 ἔχοντα
1636 2214 1992 2285 παραλλαγὴν

2095 2215 2494 2284 descriptiones
2523 2214 2847 2272 manifestas
2866 2215 3069 2270 faciunt
3089 2231 3246 2272 veras
3263 2217 3677 2280 conversiones,

409 2311 543 2381 πρὸς
573 2308 671 2372 τὰς
699 2307 1016 2378 χειμερινὰς
1043 2306 1273 2377 τροπάς.
1312 2306 1422 2359 Καὶ
1463 2306 1520 2360 αί
1545 2305 1654 2360 τῶν
1683 2306 1993 2378 ὡρολογίων

2093 2314 2149 2361 et
2177 2309 2412 2362 maxime
2440 2307 2584 2378 apud
2619 2305 3038 2378 Egyptiosqui
3061 2323 3154 2363 eas
3185 2308 3502 2363 observant.
3525 2307 3682 2364 Unde

407 2400 758 2470 καταγραφαὶ
787 2398 1046 2470 ἐκδήλους
1075 2397 1288 2451 ποιοῦσι
1325 2397 1424 2458 τὰς
1454 2399 1576 2451 κατ’
1611 2397 1866 2469 ἀλήθειαν
1904 2415 1991 2466 γι-

2095 2400 2291 2455 festum
2317 2398 2478 2456 Isidis
2513 2400 2666 2470 prius
2701 2401 2925 2472 quidem
2971 2401 3133 2456 (iebat
3165 2401 3221 2455 in
3267 2401 3515 2456 hibernis
3544 2417 3680 2457 con—

407 2489 640 2560 νομένας
684 2486 914 2558 τροπὰς,
958 2487 1053 2538 καὶ
1096 2485 1331 2553 μάλιστα
1381 2486 1510 2557 παρ’
1558 2487 1878 2554 Αἰγυπτίοις
1933 2488 1993 2540 ἐν

2092 2492 2476 2546 versionihus:
2509 2502 2563 2548 et
2602 2493 2782 2548 adhuc
2810 2495 2967 2563 prius
3019 2494 3074 2549 in
3108 2494 3318 2549 aestivis
3355 2495 3681 2548 conversio.

410 2580 788 2651 παρατηρήσει
829 2578 1164 2649 γενομένοις.
1223 2577 1384 2631 ’Ὅθεν
1428 2578 1499 2632 τὰ
1541 2580 1684 2632 Ἴσια
1727 2579 1992 2650 πρότερον

2092 2581 2297 2638 nibus:
2331 2585 2475 2638 sicut
2525 2593 2579 2639 et
2634 2582 3025 2640 Eratosthenes
3068 2586 3121 2638 in
3163 2585 3558 2638 commentario
3604 2582 3683 2639 De

413 2668 510 2738 μὲν
535 2669 698 2738 ἤγετο
722 2669 767 2702 ³³
794 2669 933 2723 κατὰ
974 2669 1072 2733 τὰς
1111 2671 1427 2741 χειμερινὰς
1461 2670 1668 2739 τροπάς
1687 2685 1700 2701 °
1737 2670 1833 2723 καὶ
1861 2671 1994 2742 πρό-

2093 2675 2404 2728 octaeteride
2449 2675 2692 2729 meminit
2724 2693 2738 2728 :
2768 2683 2821 2728 et
2859 2683 3051 2745 agetur
3085 2676 3284 2730 iterum
3316 2677 3370 2730 in
3393 2687 3677 2741 autumno.

407 2774 564 2827 τερον
591 2759 635 2811 δ’
681 2757 762 2811 ἔτι
803 2758 948 2812 κατὰ
989 2759 1206 2831 θερινὰς
1250 2761 1488 2832 τροπάς·
1521 2761 1598 2824 ὡς
1641 2761 1733 2815 καὶ
1770 2763 1992 2833 Ἐρατο-

2091 2768 2221 2820 etin
2250 2767 2458 2821 aestivis
2492 2766 2950 2822 conversionibus
2972 2807 2987 2832 ,
3026 2773 3082 2821 et
3135 2767 3193 2820 in
3232 2782 3382 2832 vere,
3412 2775 3468 2821 et
3507 2767 3563 2820 in
3595 2767 3680 2820 hi-

411 2848 604 2921 σθένης
633 2847 741 2920 (56)
771 2850 828 2903 ὲν
857 2849 936 2921 τῷ
971 2852 1111 2920 Περὶ
1147 2851 1259 2919 τῆς
1301 2852 1721 2920 ὀκταετηρίὸος
1751 2854 1993 2924 ὑπομνή-

2092 2859 2279 2913 bernis
2310 2859 2790 2914 conversionibus.
2834 2859 2894 2912 In
2942 2860 3101 2912 annis
3141 2863 3288 2913 enim
3337 2857 3479 2913 M60
3517 2874 3680 2914 omne

414 2959 543 3011 ματι
573 2943 935 3014 μνημονεύειο
975 2945 1070 2997 καὶ
1107 2943 1406 3014 ἀχθήσεται
1440 2945 1602 2998 πάλιν
1624 2945 1765 2998 κατὰ
1809 2946 1992 3014 φθινό-

2095 2947 2292 3003 festum
2325 2949 2562 3003 transire
2595 2956 2813 3018 oportet
2865 2964 2962 3018 per
2994 2963 3189 3003 omnes
3231 2949 3362 3002 anni
3405 2949 3681 3019 quadran-

412 3049 614 3105 πωρον,
647 3037 743 3089 καὶ
774 3035 917 3090 κατὰ
951 3035 1048 3099 τὰς
1084 3034 1304 3108 θερινὰς
1337 3036 1568 3108 τροπὰς,
1614 3038 1710 3091 καὶ
1748 3037 1891 3092 κατὰ
1930 3038 1992 3091 τὸ

2091 3047 2205 3107 tes;
2240 3049 2294 3095 et
2329 3056 2525 3096 rursus
2567 3041 2782 3096 restitui
2818 3041 2886 3095 ad
2928 3040 3072 3096 idem
3131 3049 3344 3110 tempus
3382 3041 3536 3095 anni.
3573 3040 3681 3110 20

409 3122 528 3230 ἔαρ,
559 3125 651 3177 καὶ
680 3126 820 3180 κατὰ
843 3125 942 3230 τάς
968 3127 1283 3230 χειμερινὰς
1300 3128 1536 3230 τροπάς.
1580 3130 1666 3182 Ἐν
1696 3130 1842 3184 ἔτεσι.
1881 3133 1990 3206 γὰρ
2020 3169 2046 3230 ί

2042 3132 2340 3230 :A‘Sgyptii
2394 3133 2564 3203 igitur
2646 3133 2952 3189 secundum
3011 3133 3288 3203 propriam
3351 3132 3679 3205 hypothesin

410 3214 600 3282 χιλίοις
619 3217 986 3288 τετρακοσίοις
1008 3215 1269 3288 ἑξήκοντα
1297 3217 1512 3272 ἃπασαν
1543 3219 1736 3291 ἑορτὴν
1763 3221 1990 3277 διελθεῖν
2023 3214 2047 3230 “

2046 3214 2064 3229 ⁸
2097 3225 2363 3295 propositi
2389 3225 2547 3292 linis;
2577 3224 2753 3280 Graeci
2778 3241 2929 3290 vero,
2953 3240 3079 3280 cum
3104 3225 3437 3280 contrariam
3458 3237 3683 3278 semen—

411 3305 491 3358 δεῖ
533 3306 620 3360 διὰ
652 3307 842 3362 πασῶν
885 3309 993 3362 τῶν
1029 3308 1123 3362 τοῦ
1172 3308 1420 3364 ἐνιαυτοῦ
1469 3309 1650 3383 ὡρῶν,
1692 3313 1787 3368 καὶ
1829 3316 1991 3369 πάλιν

2097 3316 2226 3370 tiam
2261 3317 2521 3382 habeant,
2565 3331 2741 3372 annos
2781 3327 2949 3387 agunt
2981 3316 3285 3371 secundum
3321 3317 3526 3379 solem,
3562 3315 3681 3368 dies

411 3396 924 3470 ἀποκατασταθῆναι
956 3401 1049 3453 ἐπὶ
1092 3401 1183 3452 τὸν
1225 3401 1386 3454 αὑτὸν
1435 3401 1626 3472 καιρὸν
1669 3403 1763 3456 τοῦ
1811 3404 1985 3470 ἔτους.

1516 3401 1626 3472 ιρὸν
1669 3403 1763 3456 τοῦ
1811 3404 1985 3470 ἔτους.
2094 3425 2245 3472 vero,
2275 3417 2330 3464 et
2355 3423 2574 3464 menses
2609 3408 2913 3463 secundum
2946 3408 3153 3462 lunam.

412 3487 476 3542 οι
503 3489 601 3559 μὲν
625 3485 716 3545 οὖν
758 3491 1041 3560 Αἰγύπτιοι
1085 3491 1224 3545 κατὰ
1254 3493 1352 3565 τὴν
1389 3494 1526 3548 ίδίαν
1569 3494 1870 3550 ὑπόστασιν
1937 3498 2031 3552 τοῦ
2082 3501 2447 3572 προκειμένου
2493 3499 2702 3564 τέλους,
2748 3503 2798 3555 οἱ
2846 3500 2903 3554 δὲ
2949 3499 3233 3571 Ἕλληνες,
3283 3500 3382 3568 τὴν
3431 3499 3684 3552 ἐναντίαν

409 3581 634 3652 γνώμην
686 3581 938 3652 ἔχοντες,
991 3583 1120 3647 τοὺς
1177 3585 1276 3656 μὲν
1327 3588 1604 3652 ἐνιαυτοὺς
1657 3587 1779 3642 καθ’
1830 3589 1981 3660 ἥλιον
2017 3591 2231 3661 ἄγουσι,
2273 3597 2398 3658 τοὺς
2450 3595 2508 3649 δὲ
2553 3596 2728 3668 μῆνας
2761 3594 2856 3648 καὶ
2896 3593 2998 3657 τὰς
3047 3593 3262 3664 ἡμέρας
3331 3592 3474 3646 κατὰ
3521 3592 3680 3664 σελή-

409 3692 528 3746 νην.

480 3767 528 3800 ³⁸
556 3785 646 3836 γρ.
677 3767 912 3835 ἐγένετο.

480 3860 617 3932 (55)
645 3858 1164 3932 ΪΥπολιξμϐάνουσι
1204 3862 1314 3930 γὰρ
1343 3865 1397 3915 οἱ
1439 3864 1735 3918 πλεῖστοι.
1791 3863 1985 3922 Mirum
2097 3877 2117 3913 ῐ

2097 3861 2334 3915 medium
2367 3861 2421 3915 in
2456 3875 2605 3914 xxvr.
2640 3859 2758 3913 Jam
2787 3858 2914 3924 Isia,
2944 3859 3012 3915 de
3044 3858 3246 3932 quibus
3281 3857 3546 3932 Geminus
3593 3863 3679 3919 lo-

411 3929 500 4006 es_t'
523 3930 790 4006 Achillem
827 3929 1058 4006 ⁸Τςιιὶιιιιι
1095 3929 1366 4006 incudem
1404 3949 1590 4006 errore
1627 3937 1832 4006 versari
1860 3953 1984 4006 cap.
2097 3935 2304 4006 quitur,
2337 3948 2399 3985 ea
2435 3946 2556 3985 esse
2591 3931 3017 4006 videnlur._qu;e
3053 3931 3122 4006 ab
3154 3945 3266 3984 xvu
3301 3931 3387 3984 die
3410 3930 3585 4006 Athyr
3607 3934 3678 4006 ad

408 4002 480 4079 ἓξ
513 4000 728 4079 Ιειιςμιαἶ
758 4000 859 4053 sub
885 4001 1068 4079 (inerit.
1102 4000 1268 4070 Igitur
1294 4003 1438 4071 quod
1467 4003 1572 4057 Isia
1602 4005 1731 4079 olim
1779 4007 1832 4079 i_n
1861 4000 1986 4079 τρο-
2097 4003 2429 4079 ιιιᾼίίιξιιίιιιιἸ
2467 4010 2525 4053 ιιι
2555 4003 2713 4079 testis
2744 4009 2827 4079 est
2867 4001 3195 4079 I’nlularelius
3231 4009 3390 4079 tract.
3420 4001 3496 4055 De
3523 4000 3682 4079 'lside

412 4072 519 4134 πάς
563 4069 919 4134 incidissent,
957 4071 1009 4125 id
1041 4069 1166 4127 esse
1207 4069 1527 4141 perpetuum
1577 4069 1988 4130 arbitrabantur
2096 4082 2144 4125 et
2169 4071 2381 4126 Osiride
2413 4071 2557 4141 (pag.
2591 4072 2697 4126 566
2718 4071 2851 4125 edit.
2881 4069 3273 4141 σηοω-ιαμ).
3305 4070 3436 4124 Nam
3463 4087 3525 4124 ea
3558 4075 3683 4130 πέν-

415 4141 672 4211 imperiti.
709 4142 857 4206 Quos
897 4157 963 4196 ex
1007 4156 1072 4196 eo
1117 4141 1317 4214 refellit
1347 4141 1630 4214 Geminus,
1668 4147 1813 4214 quod
1861 4157 1988 4203 ante
2097 4141 2252 4211 θιμα,
2301 4151 2356 4196 et
2408 4144 2657 4211 lugubria
2710 4143 2882 4196 fuisse
2913 4143 3141 4214 scribit;
3181 4141 3406 4214 etinter
3443 4143 3678 4214 illorum

413 4228 588 4267 annos
634 4225 761 4274 cxx,
814 4227 977 4281 quam
1028 4212 1322 4276 scribebat,
1376 4213 1509 4266 illud
1555 4212 1866 4278 accidisset,
1922 4233 1986 4271 ac
2094 4227 2291 4266 causas
2325 4217 2464 4266 hanc
2511 4219 2778 4272 recenset,
2815 4213 2962 4282 quod
2999 4212 3302 4282 contractis
3347 4212 3542 4266 diebus
3581 4231 3679 4266 no-

415 4283 639 4352 proinde
667 4279 910 4351 tempore
945 4297 1044 4335 suo
1078 4283 1310 4352 solidum
1339 4282 1452 4350 jam
1496 4299 1738 4340 mensem
1785 4286 1985 4340 festum
2093 4292 2209 4336 etes
2245 4284 2376 4335 liant
2419 4283 2714 4352 longiores.
2752 4279 3110 4335 At‘Aehilles
3141 4279 3332 4352 Tatius
3367 4283 3547 4349 capite
3579 4283 3672 4345 25.

413 4351 555 4406 idem
589 4352 798 4425 τροπάς
820 4351 1439 4425 anteverteret._Scalig.
1475 4353 1567 4425 lib.
1603 4369 1638 4406 ιι
1673 4355 1749 4410 De
1776 4356 1981 4411 emend.
2093 4354 2252 4425 docet
2297 4353 2373 4425 ob
2421 4351 2559 4406 hanc
2589 4352 3113 4425 eamdemicausam
3146 4351 3270 4425 Isia,
3304 4355 3526 4425 qtae-in
3548 4368 3678 4422 τρο-

415 4433 593 4489 tantpr,
618 4421 794 4492 capite
817 4421 893 4476 De
909 4432 1159 4477 octaeler.
1188 4421 1500 4488 Eudoxiiex
1516 4424 1619 4479 hoc
1636 4425 1848 4481 Gemini
1867 4429 1986 4481 loco
2095 4422 2202 4485 πάς
2233 4424 2504 4484 incidunt,
2549 4424 2619 4476 ab
2649 4422 2921 4491 Egyptiis
2963 4422 3230 4476 celebrari
3263 4422 3446 4492 solita.
3486 4421 3678 4492 Quare

412 4491 701 4563 colligebat
756 4491 1040 4546 Eudoxum
1092 4494 1473 4548 octaeteridem
1528 4510 1682 4550 suam
1747 4499 1815 4550 ab
1862 4495 1983 4552 Isiis
2014 4551 2054 4563 __
2091 4495 2298 4563 nullum
2325 4495 2439 4562 jam
2467 4493 2834 4563 dubiumest,
2873 4494 2941 4546 de
2973 4492 3172 4561 quibus
3210 4491 3334 4545 Isiis
3363 4491 3675 4563 intelligen-

413 4551 755 4632 auspicatum
804 4578 946 4628 esse,
989 4563 1147 4632 quasi
1181 4565 1281 4618 hoc
1329 4563 1592 4618 Geminus
1623 4566 1867 4628 diceret,
1895 4551 1982 4622 fab
2013 4551 2059 4606 D
2087 4562 2190 4617 dus
2226 4565 2297 4616 sit
2325 4551 2626 4617 'Geminus.
2677 4551 2834 4615 Ilune
2888 4551 3035 4616 enim
3088 4568 3302 4632 certum
3352 4569 3437 4615 est
3490 4551 3569 4616 (Ιεῖ
3603 4563 3676 4618 iis

414 4631 560 4703 anno
590 4633 703 4693 illo,
753 4634 896 4687 unde
941 4631 1325 4688 octaeteridem
1381 4649 1537 4688 suam
1568 4635 1843 4690 inchoavit
1871 4636 1982 4690 Eu-
2085 4648 2266 4703 agere,
2320 4649 2442 4703 qua;
2491 4649 2602 4686 xm
2652 4633 2830 4703 Athyr
2880 4633 3113 4686 inibant.
3153 4631 3366 4703 Athyr.
3421 4634 3668 4701 inquam,

413 4702 611 4768 doxus,
647 4703 714 4758 ad
745 4712 959 4757 aetatem
986 4718 1142 4774 suam
1171 4718 1344 4759 annos
1372 4706 1587 4772 elapsos
1611 4722 1734 4760 esse
1761 4715 1980 4761 centum
2084 4701 2226 4774 vagi,
2261 4701 2370 4757 non
2408 4701 2702 4774 .lulirani_et
2745 4702 2858 4774 lixi.
2896 4702 3029 4768 Quo“
3047 4701 3228 4774 posito
3261 4702 3421 4774 l‘aeile
3449 4707 3554 4756 erit
3585 4705 3672 4756 in-

411 4781 466 4848 et
498 4774 709 4848 viginti.
747 4775 914 4828 Porro
947 4789 1070 4848 cum
1105 4771 1385 4828 Eudoxum
1433 4771 1577 4848 anno
1610 4776 1771 4831 tertio
1801 4779 1980 4848 olyni-
2083 4771 2352 4848 veStigare
2383 4773 2530 4843 quod
2561 4789 2591 4826 ει
2614 4771 3093 4848 Geminotempus
3125 4773 3228 4848 hoc
3261 4772 3383 4848 loco
3414 4774 3674 4848 designe-

415 4841 591 4916 piadis
625 4859 720 4916 CIII
754 4843 1141 4916 octaeteridem
1183 4860 1338 4916 suam
1386 4847 1618 4914 coepisse
1665 4855 1836 4916 putet,
1858 4841 1978 4900 'Na-
2085 4855 2190 4916 tur.
2232 4841 2483 4897 Nam'ut
2533 4859 2642 4896 xvii
2693 4841 2810 4916 dies
2840 4843 3016 4916 Athyr
3057 4841 3486 4916 in_Decembris
3539 4841 3672 4898 xxvi

412 4910 700 4969 bonassari
727 4915 1223 4985 cccexxxni;siad
1250 4910 1585 4971 huncarfnos
1602 4910 1831 4985 ad]icias
1850 4933 1978 4982 cxx,
2084 4914 2312 4985 incidat.
2345 4929 2572 4985 "80838?
2605 4922 2690 4969 εει
2732 4910 3087 4985 Νϐοῐῐιειὶίειηὶ
3137 4910 3335 4985 Timui
3363 4913 3565 4985 Cadere
3616 4917 3672 4968 in

413 4987 612 5039 conliet
658 4999 835 5038 annus
867 4982 1238 5054 Naboaassari
1270 5000 1378 5050 niv,
1415 5001 1526 5054 quo
1562 4979 1836 5042 scribebat
1873 4979 1982 5042 Ge;
2083 4982 2337 5039 Octobris
2369 5000 2446 5037 xi.
2495 4983 2551 5036 Id
2601 4984 2803 5038 accidit
2845 4984 3082 5053 primum
3115 4979 3670 5054 anno_Nabonassari

413 5057 612 5110 minus.
649 5055 728 5108 Ita
747 5057 851 5125 erit
877 5053 1187 5124 Hipparcho
1217 5049 1502 5110 vetustior.
1536 5055 1617 5109 Ad
1642 5057 1782 5111 hanc
1821 5058 1980 5113 dubi-
2083 5069 2216 5119 DLH,
2249 5063 2448 5124 quarto
2470 5055 2796 5125 Olympiadis
2824 5049 2984 5116 (inv,
3015 5053 3222 5122 periodi
3250 5049 3671 5125 Jiiliante_45l7.

415 5127 674 5194 tationem
725 5124 860 5178 nihil
891 5141 950 5180 se
981 5123 1125 5194 quod
1158 5125 1484 5194 respondeat
1528 5127 1727 5182 habere
1756 5126 1977 5183 fatetur.
2083 5127 2237 5179 Adde
2271 5123 2442 5193 igitur
2469 5123 2644 5179 annos
2678 5125 2801 5187 I20,
2835 5125 3063 5180 exsistet
3094 5137 3272 5176 annus
3321 5123 3526 5194 periodi
3571 5123 3674 5176 .lu-

415 5193 522 5250 Sed
554 5196 736 5248 nullus
766 5197 850 5248 hic
873 5203 990 5249 erat
1029 5193 1311 5248 htnsitandi
1341 5197 1513 5250 locus.
1555 5195 1672 5250 Non
1704 5199 1849 5252 enim
1879 5199 1978 5253 Isia
2083 5196 2241 5250 Iiaine
2269 5195 2433 5258 4657,
2467 5205 2695 5265 quartus
2726 5195 3053 5265 Olympiadis
3096 5207 3298 5265 cnxxv1
3330 5193 3672 5265 Urbiskcon-

414 5266 468 5319 in
498 5267 784 5335 ipsiusmet
826 5265 1068 5319 Eudoxei
1096 5267 1222 5318 anni
1256 5266 1415 5334 primi
1440 5268 1647 5335 τροπάς
1675 5270 1980 5324 incurrisse
2082 5265 2207 5322 dita:
2239 5261 2510 5321 occxxvn'.
2564 5265 2728 5320 Sulla:
2765 5261 2948 5333 itaque
2993 5274 3240 5332 tempore
3267 5261 3454 5316 ﬂoruit
3486 5263 3675 5318 Gemi-

413 5339 530 5389 vult
565 5335 830 5389 Geminus
862 5345 988 5389 ante
1020 5349 1140 5406 cxx,
1160 5350 1333 5390 annos
1369 5352 1532 5406 quam
1569 5339 1854 5399 scriberet,
1891 5355 1981 5392 ve—
2083 5353 2187 5393 nus
2216 5349 2422 5391 noster.
2455 5336 2622 5391 lulib.
2659 5353 2694 5390 ιι
2728 5335 2806 5388 De
2826 5335 3069 5406 doctrina
3102 5344 3432 5406 temporum._
3457 5349 3578 5406 cap.
3609 5337 3670 5399 6,

413 5420 534 5479 rum
586 5407 642 5458 in
689 5407 839 5479 illum
891 5407 1070 5479 ipsum
1111 5405 1281 5479 diem,
1317 5402 1562 5479 in'quem
1607 5408 1814 5479 τροπάς
1871 5408 1983 5462 Eu-
2084 5424 2191 5479 non
2225 5409 2467 5479 inultum
2512 5407 2933 5479 ablusimus_ab
2968 5405 3346 5479 _l_ioc__calculo.
3402 5402 3668 5475 Sed—cpe.

411 5473 928 5547 doxusconjecerai
948 5495 960 5530 :
981 5476 1179 5546 cuique
1202 5474 1389 5531 allian
1415 5473 1776 5532 easdem'csse
1806 5489 1982 5547 poste-
2082 5477 2192 5540 πάς
2223 5476 2433 5531 Eudoxi
2469 5492 2534 5531 ex
2573 5476 2854 5530 communi
2882 5484 2936 5528 et
2965 5473 3337 5547 Sealigeriaim
3398 5473 3672 5529 sententia

411 5548 547 5618 ritas
575 5546 836 5618 deinceps
867 5544 1442 5618 oniiiis_existimabat,
1473 5549 1670 5601 solaris
1706 5544 1977 5618 anticipa-
2082 5548 2472 5618 constituimus
2518 5557 2718 5618 quarto
2759 5548 2846 5600 die
2881 5555 3021 5618 post
3071 5544 3399 5618 solstitium,
3451 5547 3522 5618 in_
3559 5559 3672 5618 nx

410 5615 578 5670 tionis
624 5614 832 5687 ignara.
894 5615 1006 5671 Nos
1060 5614 1344 5670 Eudoxum
1410 5619 1556 5670 circa
1615 5614 1978 5686 Olympiadem
2083 5616 2418 5683 Decembris,
2479 5614 2550 5669 ut
2587 5633 2656 5671 ex
2709 5616 2996 5687 hypothesi
3044 5615 3435 5687 et_concessis
3477 5616 3674 5670 abillo

412 5701 578 5768 xcvi"
617 5683 943 5768 condidisse
987 5687 1371 5768 octaeteridein
1430 5701 1584 5741 suam
1636 5683 1978 5768 oStendimus
2080 5689 2684 5768 rebpsxargumentatio
2709 5683 3276 5768 antraﬁprocedprﬁ.

411 5753 507 5827 lib.
537 5772 585 5827 si
606 5753 685 5809 De
724 5755 896 5811 doctr.
928 5765 1109 5824 temp.,
1145 5772 1264 5827 cap.
1285 5756 1346 5827 76,
1387 5766 1767 5827 qqutempore
1794 5759 1980 5812 solsti-

2151 5758 2263 5827 (56)
2325 5753 2418 5823 Ὠς
2463 5757 2560 5810 καὶ
2623 5753 3076 5827 Ἐραξοσθὲνης.
3129 5753 3305 5824 llujus
3359 5753 3486 5810 libri
3532 5753 3671 5810 Era-

413 5826 546 5879 tium
576 5825 862 5882 hibernum
913 5841 1100 5882 verum
1147 5826 1376 5882 cadebat
1406 5824 1463 5881 iu
1494 5825 1806 5885 Decembris
1849 5843 1972 5894 xxv,
2082 5824 2352 5884 tostlienis
2387 5827 2636 5883 meminit
2668 5835 2722 5882 et
2756 5824 2967 5883 Tatius.
