4146 6432
478 337 583 393 8ιΠ

1507 335 1599 389 ΑΒ
1638 333 1906 392 EUSEBII
1936 335 2336 394 CHRONICON
2376 333 2738 392 APPENDIX.

3643 334 3747 386 8.08

551 450 776 508 Veteres
796 451 962 521 igitur
983 450 1218 521 agebant
1239 464 1462 507 menses
1504 451 1575 506 50
1607 451 1860 520 dierum;
1899 470 2055 510 men-

2235 458 2299 511 Οἱ
2331 458 2429 528 μὲν
2456 451 2549 510 οὖν
2597 455 2813 526 ἀρχαῖοι
2865 453 2991 516 τοὺς
3028 452 3202 523 μῆνας
3243 448 3749 523 τριακονθημέρους

481 560 569 601 ses
600 552 779 598 autem
813 544 1167 598 intercalares
1216 551 1439 615 propter
1488 559 1692 599 annum
1740 546 1893 601 solis.
1920 546 2058 601 Cum

481 644 661 690 autem
700 651 794 705 per
825 635 1198 704 apparentiam
1240 637 1426 689 statim
1453 637 1656 692 veritas
1688 637 2063 709 deprehende-

481 736 653 788 retur,
705 743 772 782 eo
828 727 973 797 quod
1008 727 1126 781 dies
1169 735 1223 780 et
1251 743 1466 783 menses
1502 744 1609 782 non
1667 731 2063 800 responderent

481 821 659 883 lunae,
696 821 824 873 anni
872 835 1004 873 vero
1054 834 1161 872 non
1199 830 1563 887 congruerent
1594 836 1717 874 cum
1767 823 1905 887 sole,
1936 823 2063 877 binc

480 910 795 980 quau-ebant
820 909 1122 978 periodum,
1152 923 1273 977 qua:
1290 909 1343 961 in
1368 908 1527 964 annis
1550 912 1909 979 responderet
1932 913 2058 977 soli,

481 1001 539 1055 in
578 999 860 1054 mensibus
894 1014 1021 1053 vero
1044 1006 1097 1050 et
1147 998 1343 1053 diebtts
1387 999 1551 1052 lunae.
1584 1000 1843 1057 Continet
1878 1012 2060 1057 autem

479 1093 646 1162 hujus
672 1090 877 1162 periodi
913 1100 1128 1161 tempus
1168 1092 1415 1159 integros
1446 1106 1685 1156 menses,
1719 1102 1773 1148 et
1820 1094 2063 1162 integros

479 1186 619 1252 dies,
653 1195 708 1241 et
751 1188 990 1257 integros
1020 1201 1213 1241 annos.
1247 1184 1487 1239 Primam
1539 1194 1721 1241 autem
1755 1190 2061 1241 constitue-

476 1289 605 1334 rttnt
639 1280 921 1348 periodum
957 1279 1329 1341 octaeteridis,
1371 1294 1493 1349 quae
1550 1278 1798 1333 continet
1845 1294 2061 1333 menses

477 1371 694 1443 quidem
738 1371 828 1435 99,
874 1372 928 1425 in
983 1372 1184 1441 quibus
1238 1371 1598 1427 intercalares
1662 1386 1882 1425 menses
1932 1380 2062 1425 sunt

478 1473 614 1530 tres,
644 1465 762 1520 dies
791 1481 921 1519 vero
941 1465 1105 1526 299.2,
1147 1471 1202 1519 et
1240 1479 1414 1518 annos
1461 1472 1607 1517 octo.
1645 1462 2061 1517 Constituerunt

476 1565 655 1611 autem
686 1557 1017 1612 octaeterida
1047 1557 1148 1610 hoc
1198 1554 1399 1609 modo':
1420 1554 1556 1609 Cum
1586 1555 1731 1607 enim
1764 1570 1942 1610 anuus
1971 1569 2063 1609 so-

476 1649 608 1703 laris
633 1649 702 1701 sit
729 1649 938 1704 dierum
969 1647 1209 1717 5651/4.
1232 1663 1409 1702 annus
1444 1663 1572 1702 vero
1602 1647 1813 1703 lunaris
1846 1646 1915 1701 sit
1944 1645 2063 1702 die-

479 1754 600 1794 rum
630 1741 755 1801 554,
794 1749 1124 1809 acceperunt
1147 1755 1454 1802 excessum,
1488 1753 1597 1810 quo
1634 1739 1848 1795 excedit
1882 1753 2060 1793 annus

2164 548 2326 624 ἦγον“·
2355 550 2480 613 τοὺς
2517 549 2573 601 δὲ
2604 545 2932 617 ἐμϐολίμους
2974 546 3100 615 παρ’
3133 544 3394 597 ἐνιαυτόν.
3431 543 3652 613 Ταχέως
3692 543 3751 598 δὲ

2168 641 2275 695 ὑπὸ
2311 639 2407 693 τοῦ
2453 636 2779 708 φαινομένου
2814 634 3178 705 ἐλεγχομένης
3222 634 3321 702 τῆς
3363 632 3619 703 ἀληθείας
3662 632 3752 686 διὰ

2166 733 2227 786 τὸ
2272 732 2371 795 τὰς
2405 729 2616 801 ἡμέρας
2650 728 2744 781 καὶ
2792 727 2919 788 τοὺς
2975 725 3148 795 μῆνας
3200 724 3275 794 μὴ
3323 726 3632 793 συμφωνεῖν
3679 726 3749 796 τῇ

2171 826 2389 899 σελήνῃ,
2410 826 2537 886 τοὺς
2562 823 2606 875 δ’
2636 822 2921 883 ἐνιαυτοὺς
2947 818 3021 890 μὴ
3048 821 3279 888 στοιχεῖν
3304 816 3384 887 τῷ
3404 817 3560 887 ήλίῳ.
3587 816 3750 869 Ὅθεν

2168 919 2390 990 ἐζήτουν
2421 917 2466 948 ³⁸
2507 914 2776 986 περίοδον,
2819 913 2939 983 ἥτις
2983 910 3125 965 κατὰ
3170 909 3269 981 μὲν
3300 910 3426 972 τοὺς
3470 911 3750 972 ἐνιαυτοὺς

2167 1007 2245 1077 τῷ
2270 1008 2405 1078 ἡλίῳ
2450 1005 2825 1075 συμφωνήσει,
2873 1001 3017 1055 κατά
3050 1001 3107 1053 δὲ
3140 1002 3268 1063 τοὺς
3304 999 3479 1069 μῆνας
3528 997 3622 1052 καὶ
3647 996 3748 1060 τὰς

2165 1098 2379 1167 ἡμέρας
2406 1099 2469 1167 τῇ
2501 1095 2717 1167 σελήνῃ.
2750 1094 2999 1165 Περιέχει
3022 1092 3079 1145 δὲ
3107 1094 3136 1146 ὁ
3159 1092 3258 1161 τῆς
3283 1090 3532 1161 περιόδου
3559 1091 3749 1162 χρόνος

2167 1185 2321 1248 ὅλους
2356 1185 2555 1255 μῆνας,
2588 1185 2682 1237 καὶ
2713 1184 2838 1246 ὅλας
2872 1184 3106 1254 ἡμέρας,
3138 1183 3232 1236 καὶ
3261 1181 3416 1245 ὅλους
3444 1181 3744 1243 ἐνιαυτούς.

2168 1276 2390 1348 Πρῶτον
2422 1277 2479 1329 δὲ
2520 1278 2912 1347 συνεστήσαντο
2939 1278 3037 1346 τὴν
3068 1275 3314 1348 περίοδον
3354 1274 3452 1345 τῆς
3489 1276 3750 1344 ὀκταετη-

2170 1367 2331 1437 ρίδος,
2366 1367 2488 1437 ἦτις
2524 1369 2769 1439 περιέχει
2803 1370 2900 1439 μὲν
2935 1369 3111 1438 μῆνας
3140 1366 3244 1434 ιβ’,
3270 1368 3327 1420 ὲν
3351 1360 3433 1430 οἷς
3463 1366 3750 1437 ἐμϐόλιμοι

2165 1465 2235 1527 γ’,
2265 1459 2479 1530 ἡμέρας
2525 1459 2583 1513 δὲ
2625 1459 2794 1530 βλκβ’,
2824 1461 2917 1532 ἔτη
2948 1460 3004 1514 δὲ
3033 1466 3102 1532 η’.
3130 1461 3537 1531 Συνεστήσαντο
3565 1459 3623 1513 δὲ
3648 1460 3750 1529 τὴν

2165 1551 2521 1621 ὀκταετηρξδα
2550 1553 2642 1605 τὸν
2694 1553 2893 1624 τρόπον
2945 1552 3154 1606 τοῦτον·
3201 1551 3355 1605 Ἐπεὶ
3401 1552 3510 1621 γὰρ
3553 1552 3581 1603 ό
3626 1551 3750 1604 καθ’

2165 1642 2315 1712 ἥλιον
2344 1645 2589 1706 ἐνιαυτὸς
2616 1643 2837 1716 ἡμερῶν
2864 1646 2978 1697 ἐστι
3000 1642 3128 1710 τξε’,
3148 1642 3296 1715 tri/5'.
3318 1645 3347 1696 ό
3361 1642 3415 1696 δὲ
3434 1642 3575 1696 κατὰ
3592 1640 3751 1712 σελή-

2165 1750 2263 1803 νην
2298 1733 2537 1797 ἐνιαυτός
2567 1736 2714 1787 ἐστιν
2750 1735 2973 1805 ἡμερῶν
2998 1734 3126 1799 τνδ¹,
3159 1733 3346 1787 ἔλαϐον
3386 1733 3483 1803 τὴν
3512 1732 3749 1803 ὑπερϐο-

479 1833 677 1888 solaris
703 1848 900 1885 annum
930 1833 1200 1887 lunarem.
1221 1831 1494 1887 Excessus
1520 1842 1699 1886 autem
1734 1831 1825 1885 hic
1843 1839 1927 1886 est
1950 1829 2056 1885 die-

2161 1822 2259 1895 λὴν
2293 1823 2358 1893 ἢν
2392 1824 2650 1895 ὑπερέχει
2678 1826 2706 1877 ὁ
2734 1825 2855 1878 καθ’
2884 1825 3033 1895 ἥλιον
3077 1823 3320 1887 ἐνιαυτὸς
3360 1824 3454 1876 τοῦ
3485 1823 3625 1876 κατά
3661 1839 3751 1876 σε·

479 1946 601 1984 rum
650 1929 865 2001 111/4.
912 1927 970 1983 Si
1020 1930 1183 1998 igitur
1248 1928 1548 1983 secundum
1591 1928 1777 1980 lunam
1835 1939 2063 2003 agamus

476 2036 715 2083 menses,
748 2021 802 2075 in
853 2036 996 2075 anno
1039 2021 1356 2075 deliciemus
1402 2020 1471 2074 ab
1520 2034 1664 2073 anno
1692 2018 1824 2073 solis
1870 2017 2064 2073 diebus

477 2110 538 2165 U
570 2111 692 2182 1/4.
726 2110 1100 2176 Qumsireruut
1127 2111 1309 2180 igitur,
1333 2110 1548 2179 quoties
1572 2110 1627 2163 lti
1662 2110 1780 2163 dies
1806 2109 2067 2178 multipli-

474 2204 581 2258 cati
598 2202 831 2257 efliciant
856 2205 1097 2269 integros
1127 2203 1245 2257 dies
1267 2210 1321 2256 et
1351 2203 1594 2268 integros
1627 2216 1866 2256 menses.
1885 2201 2066 2275 Octies

472 2308 605 2362 ergo
633 2295 966 2363 multiplicati
994 2294 1232 2350 eﬂiciunt
1276 2295 1518 2365 integros
1560 2293 1677 2348 dies
1713 2302 1767 2347 et
1819 2275 2065 2361 integros

474 2399 692 2439 incuses
709 2403 723 2451 ;
741 2386 856 2440 dies
870 2384 1085 2455 quidem
1103 2385 1193 2447 90,
1214 2401 1429 2441 menses
1447 2400 1572 2439 vero
1589 2392 1721 2438 tres.
1744 2382 1800 2437 Si
1822 2384 1986 2454 igitur
2007 2384 2063 2437 in

473 2475 783 2543 annojuxta
797 2479 965 2531 solem
983 2478 1266 2533 deﬁcimus
1283 2478 1474 2533 diebus
1497 2478 1551 2531 11
1575 2477 1694 2548 Ιμ,
1714 2476 2061 2531 manifestum

472 2576 559 2623 est
579 2570 721 2638 quod
742 2585 794 2622 ιιι
813 2581 940 2625 octo
960 2572 1118 2625 annis
1140 2572 1455 2628 deﬁciemus
1480 2572 1635 2639 juxta
1667 2571 1836 2626 solem
1866 2569 2059 2623 diebus

472 2660 566 2726 90,
586 2662 676 2731 qui
701 2670 828 2717 sunt
858 2679 1074 2719 menses
1101 2672 1229 2720 tres.
1265 2665 1437 2732 Quam
1455 2665 1523 2720 ob
1544 2679 1762 2720 causam
1787 2663 1841 2716 in
1866 2661 2058 2732 quavis

475 2753 803 2808 octaeteride
836 2762 946 2808 tres
968 2765 1203 2826 aguntur
1232 2771 1448 2812 menses
1478 2755 1855 2815 intercalares,
1889 2751 2060 2808 utde-

474 2840 652 2898 fectus
689 2845 780 2914 qui
824 2844 879 2898 lit
914 2846 1145 2918 singulis
1201 2848 1359 2902 annis
1388 2862 1418 2899 a
1458 2846 1608 2909 sole,
1661 2845 1968 2914 repleatur,
2002 2847 2058 2896 et

474 2947 668 2989 rursus
704 2950 734 2989 a
761 2937 1021 3008 principio
1046 2980 1059 3002 ,
1102 2955 1227 2992 cum
1274 2946 1400 2994 octo
1454 2939 1582 2992 anni
1613 2936 1816 2991 fuerint
1858 2933 2054 3004 elapsi,

475 3021 616 3079 festa
650 3039 957 3098 congruant
991 3032 1057 3085 ad
1099 3031 1315 3086 easdem
1355 3030 1481 3085 anni
1522 3035 1895 3099 tempestates.
1941 3025 2057 3079 Hoc

473 3118 619 3172 enim
651 3134 773 3174 cum
800 3122 874 3185 tit,
901 3124 1170 3178 sacriﬁcia
1200 3123 1307 3179 diis
1342 3137 1558 3194 semper
1589 3122 1945 3192 perﬁcientur
1994 3117 2051 3171 in

472 3211 664 3270 iisdem
695 3218 823 3272 anni
853 3219 1288 3291 tempestatibus.

553 3478 663 3542 lam
696 3498 826 3540 vero
849 3498 973 3538 cum
991 3498 1209 3539 menses
1240 3483 1614 3548 intercalares,
1641 3490 1906 3553 quantum
1934 3481 2048 3535 ﬁeri
2082 3483 2128 3546 ο

471 3584 709 3651 poterat,
745 3591 812 3631 ex
844 3592 999 3647 atque
1045 3577 1382 3631 collocarent
1428 3576 1626 3648 (neque
1673 3576 1816 3630 enim
1860 3588 2057 3644 exspe-

475 3668 735 3725 ctandum
787 3676 926 3731 erat,
981 3667 1157 3723 donec
1199 3680 1478 3724 menstrua
1527 3669 1678 3723 ﬁeret
1722 3667 1954 3721 variatio
1990 3665 2058 3720 ad

475 3762 869 3833 apparentiam,
914 3777 1094 3830 neque
1118 3762 1276 3829 juxta
1307 3764 1541 3816 solarem
1589 3776 1812 3816 cursqu
1845 3761 2056 3830 integer

478 3853 686 3909 mensis
706 3859 824 3907 erat
848 3854 1313 3925 antevertentlus),
1352 3855 1423 3908 ob
1449 3869 1568 3909 eam
1617 3868 1839 3907 causam
1884 3853 2059 3907 inter-

476 3947 691 4000 calares
744 3959 960 3999 menses
987 3945 1394 4000 constituerunt
1449 3946 1533 4015 agi
1585 3944 1639 3998 in
1682 3944 1844 3999 tertio
1878 3958 2053 4007 anno,

474 4046 532 4093 et
563 4038 778 4107 quinto,
801 4048 856 4091 et
889 4047 1114 4101 octavo;
1160 4036 1301 4091 duos
1350 4037 1568 4106 quidem
1601 4052 1839 4103 menses,
1888 4037 2058 4091 inter-

473 4128 638 4200 jrCtis
669 4128 884 4182 duobus
913 4127 1071 4180 annis
1091 4142 1104 4177 :
1127 4140 1294 4179 unum
1330 4141 1459 4181 vero
1491 4140 1757 4189 mensem,
1784 4139 1892 4178 uno
1919 4126 2053 4177 tlun-

476 4231 627 4278 taxat
661 4238 805 4277 anno
831 4222 1176 4291 interposito.
1203 4218 1347 4273 Nihil
1391 4230 1572 4273 autem
1618 4219 1802 4285 refert,
1837 4217 2052 4273 etiamsi

476 4316 533 4371 in
565 4316 688 4371 aliis
717 4316 877 4369 anuis
903 4314 1149 4369 eamdem
1193 4312 1607 4382 dispositionem
1642 4310 2051 4366 intercalarium

477 4408 744 4465 mensium
775 4406 975 4477 aliquis
1004 4405 1226 4460 faceret.
1269 4404 1464 4473 Agitur
1497 4412 1676 4458 autem
1711 4404 1923 4457 lunaris
1955 4417 2057 4455 an-

479 4515 580 4557 nus
608 4500 819 4556 alierum
861 4499 966 4555 554
987 4518 1000 4554 :
1019 4515 1181 4571 quam
1198 4497 1268 4554 ob
1294 4513 1514 4554 causam
1544 4504 1876 4569 putaverunt
1904 4512 2057 4551 uten-

578 4613 624 4647 ⁸⁸
654 4614 696 4682 Ῑ.
725 4612 972 4668 ἐντεῦθεν

544 4704 655 4776 (57)
694 4695 785 4758 Δι”
804 4704 886 4773 ἦν
908 4705 1125 4758 αἰτίαν.
1150 4700 1679 4776 Animadrertendus
1712 4699 1802 4776 hic
1833 4708 1917 4756 est
1940 4715 2055 4754 em-

470 4773 800 4832 boliutorum
855 4778 1126 4829 mensium
1185 4774 1324 4829 situs
1385 4774 1440 4825 in
1495 4773 1857 4831 octaeteritle,
1907 4787 2046 4840 quos

2168 1913 2355 1985 λήνην.
2370 1915 2490 1968 Εἰσὶ
2522 1916 2579 1969 δὲ
2604 1917 2809 1987 ἡμέραι
2832 1923 2898 1970 ια’
2915 1916 3064 1987 a'/8’.
3083 1916 3208 1969 Ἐὰν
3231 1914 3340 1987 ἄρα
3354 1914 3494 1969 κατά
3518 1913 3749 1985 σελήνην

2166 2003 2389 2076 ἄγωμεν
2441 2007 2567 2069 τοὺς
2618 2007 2793 2077 μῆνας
2844 2009 2901 2059 ἐν
2948 2005 3027 2076 τῷ
3080 2004 3333 2075 ἐνιαυτῷ,
3379 2006 3751 2076 ὑστερήσομεν

2164 2097 2380 2169 ἡμέρας
2407 2100 2557 2170 παρά
2583 2099 2674 2152 τὸν
2698 2099 2791 2152 τοῦ
2830 2099 2980 2170 ἡλίου
3008 2100 3252 2154 ἐνιαυτὸν
3276 2106 3342 2153 ια’
3355 2099 3469 2161 α’ίὸ
3486 2137 3505 2155 .
3523 2098 3752 2169 Ἑζήτη-

2169 2204 2266 2241 σαν
2287 2185 2380 2242 οὖν
2419 2189 2650 2252 ποσάκις
2677 2191 2837 2244 αὐτα)⁵
2876 2193 2932 2245 αἱ
2959 2192 3162 2263 ἡμέραι
3190 2190 3751 2244 πολυπλασιασθείσαι

2164 2281 2519 2336 ἀποτελοῦσιν
2550 2284 2678 2347 ὅλας
2705 2284 2920 2356 ἡμέρας
2948 2286 3041 2337 καὶ
3064 2284 3218 2348 ὅλους
3256 2284 3448 2355 μῆνας.
3492 2283 3748 2347 Ὀκτάκις

2163 2370 2257 2429 οῦν
2280 2374 2829 2429 πολυπλασιασθεῖσαι
2860 2374 3213 2429 ἀποτελοῦσιν
3252 2374 3379 2438 ὅλας
3402 2373 3618 2445 ἡμέρας
3654 2374 3751 2426 καὶ

2164 2464 2319 2529 ὅλους
2356 2464 2558 2536 μῆνας·
2590 2466 2802 2537 ἡμέρας
2850 2467 2947 2537 μὲν
2975 2464 3045 2534 ιζ,
3080 2465 3256 2537 μῆνας
3300 2466 3357 2519 δὲ
3386 2468 3556 2535 τρεῖς.
3593 2465 3749 2518 Ἐπεὶ

2163 2553 2257 2609 οὖν
2286 2560 2342 2610 ἐν
2379 2557 2458 2627 τῷ
2484 2558 2713 2628 ἐνιαυτῷ
2745 2558 2895 2630 παρά
2936 2558 3025 2611 τὸν
3053 2558 3203 2629 ἣλιον
3239 2558 3576 2630 ὑστεροῦμεν
3608 2557 3750 2627 ήμέ-

2166 2667 2266 2722 ρας
2289 2649 2355 2705 ια’
2371 2657 2413 2704 α’
2418 2651 2495 2721 [δ’
2504 2693 2518 2715 ,
2535 2653 2786 2722 φανερὸν,
2806 2653 2886 2705 ὅτι
2915 2656 2972 2706 ὲν
2988 2656 3099 2715 τοῖς
3115 2659 3163 2722 η’
3180 2651 3354 2705 ἔτεσιν
3376 2653 3501 2704 ὑστε
3511 2652 3749 2723 ρήσομεν

2162 2741 2314 2814 παρὰ
2332 2742 2431 2797 »τὸν
2452 2743 2603 2812 ἥλιον
2623 2744 2838 2815 ἡμέρας
2857 2749 2929 2811 ιιο,
2965 2745 3129 2815 αἴπερ
3157 2745 3262 2797 εἰσὶ
3288 2745 3454 2815 μῆνες
3480 2742 3549 2812 γ’.
3575 2744 3653 2795 Δι’
3678 2744 3750 2812 ἣν

2161 2838 2340 2889 αἰτίαν
2378 2837 2499 2890 καθ’
2542 2838 2778 2910 ἑκάστην
2811 2839 3166 2909 ὁκταετηρίδα
3197 2841 3347 2909 τρεῖς
3392 2838 3611 2907 ἄγονται
3644 2834 3752 2906 μῆ-

2161 2944 2251 2991 νες
2283 2928 2586 3000 ἐμϐόλιμοι,
2620 2930 2707 2984 ἵνα
2737 2931 2799 2984 τὸ
2827 2931 2947 2983 καθ’
2985 2932 3216 2985 ἕκαστον
3252 2930 3497 2985 ἐνιαυτὸν
3523 2930 3749 3001 γινόμε-

2160 3036 2249 3072 νον
2283 3018 2548 3091 ἔλλειμμα
2578 3024 2714 3095 πρὸς
2742 3024 2833 3077 τὸν
2860 3025 3009 3095 ἥλιον
3040 3025 3430 3097 ἀναπληρωθῇ,
3458 3025 3553 3076 καὶ
3582 3021 3749 3076 πάλιν

2160 3112 2219 3178 ἐξ
2253 3112 2447 3182 ἀρχῆς,
2484 3113 2800 3169 διελθόντων
2843 3118 2952 3171 τῶν
2991 3126 3039 3190 η’
3085 3117 3245 3185 ἐτῶν,
3296 3116 3661 3189 συμφωνῶσιν
3689 3116 3749 3168 αἱ

2153 3208 2338 3277 ἑορταὶ
2381 3209 2518 3280 πρὸς
2562 3210 2660 3274 τὰς
2695 3211 2865 3277 αὑτὰς
2897 3213 3066 3284 ὥρας.
3113 3214 3401 3284 Γινομένου
3436 3213 3494 3266 δὲ
3532 3212 3751 3278 τούτου,

2159 3299 2214 3350 αἱ
2234 3298 2412 3352 θυσίαι
2435 3304 2545 3365 τοῖς
2573 3302 2714 3367 θεοῖς
2736 3302 2824 3357 διὰ
2846 3305 3045 3368 παντὸς
3082 3304 3584 3377 ὲπιτελεσθήσονται
3606 3306 3751 3361 κατά

2160 3392 2258 3455 τὰς
2283 3395 2451 3460 αὑτὰς
2480 3396 2626 3469 ὥρας
2646 3398 2740 3452 τοῦ
2769 3400 3035 3454 ἐνιαυτοῦ.

2234 3487 2370 3560 Ἤδη
2433 3489 2683 3561 μέντοιγε
2725 3493 2853 3556 τοὺς
2898 3491 3229 3564 ἐμϐολίμους
3271 3491 3625 3558 διατάξαντες
3669 3492 3750 3557 ὡς

2157 3574 2227 3652 ἧν
2260 3581 2609 3653 ἐνδεχόμενον
2647 3583 2880 3654 μάλιστα
2916 3585 2983 3639 δι’
3016 3586 3130 3638 ἴσου
3156 3603 3170 3615 ’
3207 3584 3331 3638 οὔτε
3377 3585 3486 3657 γὰρ
3521 3586 3750 3656 περιμέ-

2159 3682 2270 3721 νειν
2300 3666 2398 3731 δεῖ,
2433 3669 2537 3733 ἓως
2573 3666 2633 3724 οῦ
2667 3674 2913 3741 μηνιαῖον
2945 3673 3168 3744 γένηται
3206 3672 3579 3745 παράλλαγμα
3608 3674 3748 3745 πρὸς

2157 3759 2220 3813 τὸ
2248 3762 2590 3832 φαινόμενον,
2621 3762 2743 3816 οὔτε
2776 3764 3182 3835 προλαμϐάνειν
3214 3764 3365 3837 παρά
3402 3766 3492 3819 τὸν
3517 3764 3749 3836 ἡλιακὸν

2159 3852 2359 3924 δρόμον
2407 3854 2550 3925 μῆνα
2591 3854 2709 3908 ὅλον
2734 3871 2748 3886 ⁸
2798 3855 2866 3908 δι’
2908 3857 2975 3926 ἦν
3017 3857 3198 3911 αἰτίαν
3242 3859 3370 3921 τοὺς
3415 3855 3746 3928 ἐμϐολίμους

2164 3944 2338 4017 μῆνας
2366 3945 2558 4011 ἔταξαν
2579 3948 2806 4017 ἄγεσθαι
2836 3951 2892 4002 ὲν
2911 3949 2987 4021 τῷ
3006 3950 3174 4021 τρίτῳ
3201 3949 3331 4012 ἔτει,
3359 3950 3453 4003 καὶ
3485 3951 3745 4020 πέμπτῳ,

2162 4038 2255 4090 καὶ
2278 4037 2449 4109 ὀγδόῳ
2470 4056 2482 4070 ·
2513 4039 2607 4093 δὲο
2639 4041 2736 4110 μὲν
2778 4041 2953 4111 μῆνας
2983 4042 3184 4112 μεταξὺ
3224 4041 3317 4094 δύο
3353 4040 3491 4094 ἐτῶν
3516 4040 3746 4093 πιπτόνο

2158 4145 2285 4193 των,
2318 4131 2412 4184 ἕνα
2440 4132 2497 4185 δὲ
2531 4132 2734 4203 μεταξὺ
2759 4134 2876 4195 ἑνὸς
2899 4134 3145 4189 ἐνιαυτοῦ
3170 4134 3464 4205 ἀγομένου.
3488 4133 3655 4187 Οὐδὲν
3683 4133 3743 4187 δὲ

2160 4220 2426 4294 διαφέρει,
2458 4224 2549 4277 ἐὰν
2587 4227 2681 4279 καὶ
2721 4228 2778 4279 ὲν
2823 4226 3005 4291 ἄλλοις
3042 4227 3189 4281 ἔτεσι
3226 4226 3323 4299 τὴν
3358 4226 3525 4299 αὑτὴν
3553 4225 3741 4281 διάτα-

2162 4309 2240 4375 ξιν
2264 4311 2371 4364 τῶν
2406 4313 2717 4385 ὲμϐολίμων
2753 4316 2939 4387 μηνῶν
2974 4316 3266 4389 ποιήσηταί
3300 4333 3403 4380 τις.
3432 4318 3658 4387 Ἀγεται
3683 4315 3743 4371 δὲ

2159 4407 2187 4459 ὁ
2219 4407 2362 4460 κατά
2415 4408 2646 4481 σελήνην
2697 4412 2941 4474 ἐνιαυτὸς
2988 4410 3208 4483 ἡμερῶν
3250 4410 3352 4465 τνδ¹
3380 4428 3395 4441 ·
3446 4411 3515 4465 δι’
3550 4412 3617 4482 ἣν
3658 4412 3744 4463 αι-

2159 4497 2277 4552 τίαν
2310 4499 2423 4570 (57)
2458 4501 2725 4556 ὑπέλαϐον
2772 4499 2912 4557 εἶναι
2961 4502 3054 4555 τὸν
3111 4500 3253 4556 κατὰ
3307 4501 3538 4572 σελήνην
3593 4500 3743 4572 μῆνα

2158 4702 2350 4775 eodem
2375 4702 2429 4756 in
2460 4718 2605 4758 anno
2630 4747 2643 4765 ,
2679 4705 2772 4759 sed
2805 4705 3064 4775 paulatim
3097 4703 3442 4775 dispensatos
3464 4714 3589 4775 e_sse
3610 4698 3743 4775 τοὺς

2161 4771 2491 4846 ἐμϐολίμους
2539 4768 2903 4839 asserebant;
2957 4768 3415 4846 quemadmodum
3472 4768 3739 4824 Geminus

472 4830 824 4917 anno_tertio,
852 4846 1067 4917 quinto,
1101 4852 1160 4917 et
1189 4851 1388 4917 octavo
1417 4844 1769 4917 intercalatos
1794 4830 2041 4917 esse'dn-
2077 4830 2128 4891 D
2152 4830 2370 4913 egregie
2412 4830 2789 4900 demonstrat:
2827 4830 2918 4917 qui
2970 4830 3188 4917 quidem
3227 4846 3464 4917 scriptor
3486 4851 3732 4917 _prop_ter

469 4925 576 4972 cet.
600 4914 759 4971 Falso
790 4910 920 4986 ergo
962 4912 1292 4977 Macrobius,
1322 4921 1377 4969 et
1402 4921 1528 4967 ante
1561 4912 1707 4965 hunc
1737 4910 1958 4986 Solinus
1985 4913 2041 4968 in

470 4987 578 5043 ﬁne
599 4985 948 5041 uctaetcridis
975 4993 1089 5040 tres
1128 4986 1332 5040 solidos
1363 4998 1582 5037 menses
1611 4988 1764 5037 extra
1793 4985 2039 5037 ordinem

471 5058 775 5112 inculcatos
810 5071 840 5109 a
870 5056 1077 5113 Grtecis
1108 5065 1360 5110 asserunt
1389 5074 1402 5108 :
1440 5054 1514 5107 ita
1553 5063 1614 5106 ιιι
1656 5069 1831 5109 nonus
1866 5069 2042 5109 anuus

470 5128 888 5197 quadringentis
915 5135 970 5182 et
1003 5136 1238 5197 quatuor
1281 5126 1473 5178 diebus
1516 5123 1904 5197 explicaretur,
1937 5125 2042 5178 hoc

471 5194 557 5255 est
582 5194 880 5267 nonaginta
906 5198 975 5251 ad
1014 5194 1323 5267 ordinarios
1342 5210 1530 5249 cccuv
1557 5194 1844 5267 adiunctos
1880 5209 2043 5264 cape-

472 5276 572 5338 ret.
606 5265 891 5338 Nunquam
926 5269 998 5322 ita
1037 5265 1221 5338 Graeci
1251 5279 1644 5338 anuumsuum
1696 5266 2039 5320 ordinarunt.

471 5337 659 5407 Itaque
686 5335 1053 5409 πάράκουσμα
1081 5337 1226 5392 istud
1258 5344 1343 5409 est
1388 5335 1598 5409 Solini;
1644 5351 1804 5409 quem
1839 5344 2044 5409 temere

472 5406 778 5464 assectatus
813 5416 899 5463 est
936 5406 1266 5464 Macrobius.
1308 5407 1444 5463 Cum
1488 5407 1634 5462 enim
1666 5407 1886 5476 legisset
1927 5406 2037 5470 ille,

472 5476 531 5532 in
585 5479 916 5534 octaetericle
969 5477 1156 5533 Graeca
1218 5493 1435 5534 menses
1501 5492 1626 5532 esse
1684 5476 2040 5531 intercalares

472 5554 617 5611 tres,
650 5551 767 5604 sive
817 5552 913 5613 ita,
963 5556 1207 5605 vertente
1257 5546 1588 5604 octaeteride
1617 5548 1844 5601 totidem
1887 5554 2041 5600 extra

470 5617 717 5690 ordinem
750 5619 1047 5688 imputatos
1075 5635 1197 5674 esse
1241 5634 1457 5675 menses
1488 5618 1838 5690 ἐμϐολίμους,
1874 5626 2036 5685 puta-

470 5687 549 5759 yit
575 5685 785 5759 ἀθρόως
815 5685 870 5745 et
912 5691 967 5744 in
1017 5690 1268 5745 eumdem
1301 5685 1534 5745 anuum'
1562 5685 1697 5744 esse
1723 5696 2035 5759 congestos.

472 5752 675 5812 Verum
708 5759 810 5823 qui
854 5760 930 5814 ita
975 5759 1308 5826 scribebant,
1367 5775 1475 5816 non
1525 5760 1712 5831 utique
1762 5752 1945 5827 simul,
1983 5764 2071 5815 et.

2151 4910 2625 4969 uon'vetustatem
2673 4910 2859 4982 modo:
2901 4910 3005 4973 sed.
3043 4930 3204 4971 usum
3257 4910 3739 4982 ctitim_doctrina:

2154 4983 2437 5107 littjus.|pp
2465 4986 2768 5053 scientiam,
2799 4979 3074 5044 sexcentis
3105 4986 3313 5041 Solinis
3345 4997 3412 5036 ac
3441 4979 3740 5036 Macrobiis

2154 5063 2347 5107 antece
2393 5071 2405 5107 ι
2439 5094 2451 5107 .

2153 5056 2451 5108 antecellit.

2221 5124 2409 5179 Credit
2444 5121 2760 5194 Solinianus
2798 5131 3209 5194 commentator
3241 5122 3547 5194 (Salmns,
3587 5119 3733 5175 Plin.

2151 5197 2369 5249 exere-it.
2418 5209 2473 5265 p.
2515 5194 2583 5247 19
2627 5193 2670 5248 Β
2698 5202 2752 5249 ct
2782 5193 2847 5262 C)
2894 5194 2949 5247 in
2979 5191 3354 5265 descriptione
3386 5191 3725 5265 illaGrazea-

2151 5267 2290 5320 nieae
2330 5262 2763 5326 intércalationis
2797 5280 2905 5318 non
2937 5262 3229 5321 convenire
3260 5264 3600 5319 Macrobiqu
3648 5262 3733 5315 in-

2149 5343 2233 5391 ter
2263 5342 2318 5390 et
2347 5336 2635 5391 Solinum:
2669 5336 2813 5405 quod
2858 5334 3081 5391 Solinus
3121 5350 3266 5389 anno
3305 5349 3451 5389 nono
3493 5335 3733 5405 interca-

2147 5406 2294 5461 latos
2334 5476 2339 5477 γ
2379 5421 2501 5462 esse
2538 5476 2545 5477 γ
2580 5402 2863 5477 scripserit
2930 5420 3144 5460 menses
3202 5413 3316 5460 tres
3336 5445 3367 5477 ,ί
3429 5405 3546 5477 sive
3611 5402 3731 5477 dies

2148 5476 2443 5546 nonaginta
2472 5496 2484 5530 :
2516 5476 2621 5544 Qui
2664 5471 2804 5530 anno
2838 5493 2976 5530 nono
3016 5477 3248 5530 restituti
3293 5474 3584 5546 eﬁ'icieoant
3618 5471 3732 5546 dies

2146 5544 2558 5616 quadringentos
2612 5547 2971 5618 quadraginta
3013 5556 3264 5616 quatuor,
3310 5553 3371 5618 at
3427 5544 3736 5618 Macrobius

2148 5611 2330 5689 octavo
2368 5611 2570 5689 quoque
2598 5611 2739 5689 (iuno
2766 5611 2842 5671 Μ’
2861 5611 3172 5689 (Ιίρτιι’ςςερ
3201 5615 3530 5689 perfectum.
3574 5611 3737 5689 Nulla

2147 5687 2293 5742 inter
2334 5681 2430 5743 eos
2476 5681 2788 5754 discordia;
2835 5703 3012 5757 neque
3046 5681 3271 5742 Solinus
3299 5686 3571 5757 principio
3600 5681 3735 5736 anni

2145 5760 2278 5815 noni
2338 5757 2722 5815 intercalatum
2783 5754 2936 5817 csse’
2967 5759 3159 5828 docet,
3234 5754 3360 5813 cum
3421 5754 3495 5811 id
3535 5762 3734 5810 octavo
