4146 6466
394 388 502 441 'J‘J‘J

1437 385 1673 442 GEMINI
1711 387 2079 447 ELEMENTA
2116 389 2604 449 ASTRONOMIE.

3518 392 3627 449 810

392 496 620 569 ἡμερῶν
648 497 727 551 κο’
762 495 887 567 αίβ.
919 498 1011 551 τὸν
1042 497 1098 550 δὲ
1138 497 1361 568 δίμηνον
1400 499 1591 569 χρόνον
1623 500 1845 573 ἡμερῶν
1868 501 1957 555 νϐ’.

2068 518 2181 559 sem
2211 503 2460 558 lunarem
2485 517 2608 558 esse
2641 499 2852 556 dierum
2874 498 3085 572 291/2,
3105 507 3319 571 tempus
3340 508 3520 556 autem
3546 502 3632 558 bi-

393 586 561 643 Ὀθεν
588 590 763 641 κοῖλον
790 590 881 642 καὶ
911 589 1091 661 πλήρη
1143 591 1289 660 μῆνα
1317 591 1464 663 παρὰ
1517 591 1680 663 μέρος
1719 593 1963 660 ἄγουσιν,

393 679 477 733 ὃτι
501 682 534 751 ή
562 680 843 753 δίμηνοςή
877 682 1017 735 κατὰ
1058 682 1286 752 σελήνην
1328 683 1551 754 ἡμερῶν
1576 686 1691 735 ἐστι
1737 684 1834 738 νϐ’.
1877 685 1916 736 Γ
1923 685 1966 736 ί-

396 790 575 825 νονται
610 769 704 826 οὖν
733 776 790 825 ὲν
816 772 893 844 τῷ
941 772 1170 842 ἐνιαυτῷ
1194 772 1251 839 ἓξ
1280 773 1530 844 πλήρεις,
1561 776 1653 827 καὶ
1694 775 1754 839 ἒξ
1776 776 1962 829 κοῖλοι.

394 864 722 932 Συνάγονται
744 864 799 917 δὲ
832 864 1035 936 ήμέραι
1059 864 1160 917 τνδ⁹
1188 881 1200 893 ’
1233 864 1321 916 διὰ
1344 865 1400 917 δὲ
1433 865 1636 934 ταύτην
1664 866 1762 936 τὴν
1792 867 1968 919 αἰτίαν

398 956 547 1027 μῆνα
580 957 726 1029 παρὰ
750 957 893 1027 μῆνα
925 956 1105 1027 πλήρη
1137 956 1232 1010 καὶ
1257 957 1434 1009 κοῖλον
1474 958 1718 1025 ἄγουσιν.

467 1050 531 1102 Ei
564 1048 660 1119 μὲν
702 1044 796 1101 οὖν
837 1047 943 1100 ἔδει
988 1051 1103 1111 τοῖς
1152 1048 1273 1101 καθ’
1314 1048 1465 1117 ⁴ἣλιον
1511 1051 1772 1113 ἐνιαυτοῖς
1811 1049 1969 1118 μόνον

394 1142 542 1213 ἡμᾶς
578 1141 906 1208 συμφωνεῖν,
955 1139 1194 1209 ἀπήρκει
1227 1138 1292 1191 ἂν
1312 1142 1380 1209 τῇ
1412 1138 1783 1210 προειρημένῃ
1817 1154 1969 1209 περι-

394 1235 497 1303 όδῳ
566 1232 876 1302 χρωμένους
947 1232 1253 1300 συμφωνεῖν
1327 1230 1465 1298 πρὸς
1514 1231 1581 1283 τὰ
1635 1230 1967 1299 φαινόμεναο

392 1323 513 1376 ἐπεὶ
556 1323 612 1376 δὲ
648 1323 709 1374 οὑ
749 1321 905 1393 μόνον
936 1322 1017 1375 δεῖ
1047 1323 1158 1390 (58)
1187 1322 1313 1385 τοὺς
1344 1322 1623 1384 ἐνιαυτοὺς
1655 1321 1806 1388 ἄγειν
1847 1321 1968 1374 καθ’

390 1413 562 1485 ἥλιον,
596 1414 732 1467 ἀλλὰ
781 1414 876 1466 καὶ
915 1413 1045 1476 τοὺς
1088 1414 1261 1483 μῆνας
1296 1414 1391 1466 καὶ
1434 1411 1535 1475 τὰς
1577 1412 1789 1482 ἡμέρας
1833 1411 1972 1465 κατὰ

394 1503 643 1575 σελήνην,
699 1505 996 1573 ὲσκέψαντο
1040 1503 1157 1566 πῶς
1202 1503 1269 1556 ἂν
1303 1504 1394 1555 καὶ
1442 1502 1600 1555 τοῦτο
1652 1502 1744 1555 τοῦ
1787 1502 1971 1564 τέλους

392 1597 651 1669 τυγχάνῃ.
692 1598 842 1650 Ἐπεὶ
870 1596 1047 1649 τοίνυν
1067 1598 1095 1649 ὁ
1115 1596 1254 1649 κατὰ
1278 1595 1506 1665 σελήνην
1543 1593 1652 1664 (59)
1678 1593 1784 1664 μὴν
1814 1596 1972 1665 ἀκρι-

393 1688 503 1752 ϐῶς
530 1688 853 1759 εἰλημμένος
881 1690 1028 1741 ἐστὶν
1058 1686 1279 1758 ἡμερῶν
1294 1686 1374 1740 κθ¹
1389 1685 1830 1757 αχβτριακοστοῦ
1857 1686 1972 1756 τρί-

391 1795 506 1843 του,
543 1781 648 1832 είσὶ
682 1780 739 1834 δὲ
789 1781 846 1832 ὲν
888 1783 953 1849 τῇ
1010 1778 1349 1849 ὀκταετηρίδι
1390 1778 1487 1830 σὺν
1518 1779 1628 1840 τοῖς
1656 1776 1971 1847 ἐμϐολίμοις

2068 600 2266 648 mestre
2291 593 2501 647 dierum
2519 592 2611 647 59.
2641 591 2797 648 Unde
2822 606 3016 646 cavum
3046 600 3100 646 et
3131 592 3348 660 plenum
3384 608 3627 649 mensem

2068 700 2164 754 per
2194 686 2340 740 vices
2401 691 2589 755 agunt,
2622 700 2689 739 eo
2729 685 2873 755 quod
2921 685 3049 739 luna
3093 684 3370 741 bimestris
3420 686 3632 741 dierum

2066 778 2150 829 est
2175 774 2264 828 59.
2298 774 2461 829 Fiunt
2487 775 2652 845 igitur
2673 774 2728 830 in
2765 790 2910 830 anno
2953 791 3047 830 sex
3081 775 3247 842 pleni,
3284 783 3340 829 et
3388 788 3484 832 sex
3516 777 3634 831 cavi

2069 881 2304 921 menses.
2331 866 2673 933 Colliguntur
2700 875 2880 922 autem
2907 867 3025 922 dies
3066 869 3208 934 55:1;
3255 883 3320 923 ac
3346 878 3633 938 propterea

2069 973 2310 1013 mensem
2343 966 2462 1027 post
2486 974 2724 1013 mensem
2756 960 2973 1028 plenum
3003 967 3057 1012 et
3087 975 3280 1012 cavum
3305 968 3490 1030 agunt.

2141 1047 2197 1103 Si
2247 1050 2410 1118 igitur
2435 1058 2707 1119 oporteret
2754 1066 2856 1105 nos
2910 1058 3116 1103 tantum
3157 1051 3316 1105 annis
3363 1052 3636 1107 sularibus

2069 1154 2390 1210 congruere,
2421 1140 2708 1205 suﬂiceret,
2742 1156 2865 1195 cum
2912 1140 3167 1210 praedicta
3198 1142 3425 1211 periodo
3455 1153 3637 1198 utere-

2070 1246 2211 1295 mur,
2232 1247 2351 1287 eam
2374 1248 2674 1301 congruere
2702 1233 2769 1287 ad
2797 1233 3159 1304 apparentias.
3195 1233 3329 1288 Cum
3367 1249 3495 1290 vero
3525 1252 3634 1291 non

2070 1327 2279 1373 tantum
2314 1323 2614 1376 secundum
2648 1322 2815 1377 solem
2848 1330 3098 1392 oporteat
3126 1337 3300 1378 annos
3328 1338 3509 1393 agere,
3539 1326 3637 1380 sed

2069 1409 2230 1463 etiam
2246 1425 2460 1465 menses
2474 1412 2769 1481 etgzldies
2781 1413 3078 1467 secundum
3096 1413 3301 1480 lunam,
3324 1414 3639 1470 considera-

2068 1508 2384 1570 veruntqua
2402 1502 2610 1558 ratione
2635 1512 2690 1557 et
2716 1504 2820 1558 hoc
2846 1504 3009 1559 linem
3044 1519 3202 1558 suum
3232 1513 3633 1575 assequeretur.

2069 1589 2206 1644 Cum
2244 1592 2408 1661 igitur
2440 1594 2647 1649 lunaris
2676 1595 2878 1650 mensis
2904 1595 3129 1664 praecise.
3151 1602 3400 1665 sumptus
3427 1596 3498 1651 sit
3523 1596 3640 1652 die-

2071 1695 2190 1733 rum
2202 1681 2272 1735 29
2290 1681 2392 1751 1/2
2404 1690 2457 1737 et
2473 1683 2629 1754 1/55,
2647 1686 2756 1738 sint
2776 1693 2955 1740 autem
2974 1685 3029 1738 in
3044 1686 3373 1742 octaeteride
3387 1702 3495 1741 una
3510 1703 3635 1744 cum

2070 1771 2486 1828 intercalaribus
2517 1789 2732 1830 menses
2766 1775 2853 1841 99,
2898 1777 3400 1846 multiplicaverunt
3428 1781 3636 1835 mensis

396 1871 562 1942 μῆνες
584 1872 668 1940 ιιθν
691 1889 702 1899 ·
752 1871 1222 1924 ὲπολυπλασίασαν
1272 1869 1371 1932 τὰς
1408 1869 1501 1922 τοῦ
1560 1869 1726 1940 μηνὸς
1755 1870 1957 1941 ἡμέρας

2069 1862 2185 1916 dies
2211 1863 2281 1917 29
2312 1863 2415 1917 1/2
2441 1872 2495 1918 et
2522 1865 2663 1936 1/55
2697 1867 2751 1920 in
2784 1866 2853 1920 99
2875 1881 3111 1923 menses.
3145 1867 3308 1923 Fiunt
3329 1870 3495 1939 igitur
3516 1871 3635 1925 dies

391 1962 470 2016 κθ¹
498 1962 602 2033 tat/3
628 1962 764 2031 αβλγ
794 1962 884 2014 ἐπὶ
903 1963 1028 2023 τοὺς
1045 1959 1129 2027 ιβ’
1154 1960 1348 2030 μῆνας.
1379 1960 1623 2013 Γίνονται
1646 1955 1737 2012 οὖν
1762 1960 1965 2030 ἡμέραι

390 2050 569 2122 ,βέκῖ
589 2053 661 2124 a/
664 2052 713 2121 β.
731 2054 818 2105 Ἑν
839 2051 945 2123 ἄρα
966 2054 1079 2114 τοῖς
1095 2057 1142 2121 η’
1161 2050 1303 2103 ἔτεσι
1318 2052 1429 2113 τοῖς
1453 2049 1733 2121 καθ’ήλιον
1750 2050 1828 2103 δεῖ
1841 2050 1969 2118 ἄγε-

391 2142 516 2197 σθαι
538 2143 678 2196 κατὰ
696 2142 920 2213 σελήνην
940 2142 1147 2212 ἡμέρας
1160 2140 1338 2211 ,βῖρκτ
1352 2140 1478 2211 cat/3.
1497 2140 1634 2193 Ἀλλ’
1652 2142 1773 2193 ἐπεὶ
1794 2143 1822 2194 ὁ
1846 2140 1965 2193 καθ’

387 2240 538 2312 ἥλιον
585 2239 829 2302 ἐνιαυτός
877 2240 1019 2290 ἐστιν
1056 2235 1277 2307 ἡμερῶν
1303 2234 1410 2299 τξε⁰
1447 2235 1567 2304 αίδ,
1597 2234 1671 2288 τὰ
1702 2235 1758 2288 δὲ
1789 2233 1840 2304 η’
1871 2234 1964 2306 ἐτη

389 2330 514 2385 καθ’
531 2330 681 2401 ἥλιον
703 2329 944 2401 περιέχει
965 2328 1069 2397 ἡμέ
1079 2344 1176 2398 ρας
1192 2324 1392 2397 ,βὲλκβη
1413 2325 1964 2379 ὀκταπλασιασθεῖσαι

385 2421 496 2492 γὰρ
562 2424 617 2474 αἱ
663 2421 754 2473 τοῦ
807 2417 1051 2473 ἐνιαυτοῦ
1100 2417 1304 2488 ἡμέραι
1357 2416 1610 2470 τοσοῦτον
1649 2415 1967 2470 ἀποτελοῦσι

389 2512 622 2583 πλῆθος·
656 2512 776 2564 ἐπεὶ
813 2505 904 2563 οὖν
958 2512 1014 2562 αἱ
1066 2509 1204 2562 κατὰ
1238 2508 1465 2580 σελήνην
1501 2507 1707 2579 ἡμέραι
1747 2505 1883 2579 ἦσαν
1908 2510 1967 2561 ἐν

388 2607 501 2665 τοῖς
555 2609 603 2673 η’
628 2601 771 2654 ἔτεσι
803 2601 980 2671 ,βῇκγ
1010 2601 1138 2671 tat/3,
1184 2601 1555 2671 ὑστερήσομεν
1583 2600 1704 2653 καθ’
1728 2601 1964 2669 ἑκάστην

387 2693 739 2765 ὀκταετηρίδα
796 2693 945 2763 παρὰ
991 2693 1089 2762 τὴν
1133 2690 1359 2762 σελήνην
1392 2692 1484 2743 καὶ
1518 2691 1699 2762 ἡμέρᾳ
1732 2692 1830 2762 μιᾷ
1867 2692 1960 2744 καὶ

389 2785 597 2858 ἡμίσει.
649 2785 737 2837 Ἐν
776 2783 884 2854 ἄρα
942 2786 1053 2845 τοῖς
1087 2782 1162 2847 ις’
1205 2781 1380 2835 ἔτεσιν
1410 2781 1780 2853 ὑστερήσομεν
1810 2783 1960 2853 παρὰ

387 2878 486 2948 τὴν
543 2877 770 2947 σελήνην
812 2876 1023 2946 ἡμέρας
1066 2882 1135 2943 γ’.
1168 2876 1245 2927 Δι’
1271 2875 1338 2944 ἢν
1365 2874 1541 2927 αἰτίαν
1576 2873 1694 2926 καθ’
1726 2873 1960 2942 ἑκάστην

2066 1953 2209 2008 2925
2249 1954 2372 2023 1/2.
2414 1954 2558 2027 Ergo
2590 1958 2646 2010 in
2674 1957 2835 2012 anuis
2860 1958 3134 2014 solaribus
3162 1970 3310 2025 octo,
3348 1961 3489 2015 lunae
3515 1961 3634 2017 dies

2067 2055 2301 2116 aguntur
2332 2047 2474 2103 2925
2506 2048 2619 2119 1/2.
2644 2049 2809 2119 Atqui
2833 2064 2955 2104 cum
2980 2064 3156 2105 annus
3205 2053 3400 2109 solaris
3419 2052 3491 2108 sit
3518 2053 3636 2108 die-

2069 2152 2188 2190 rum
2219 2136 2322 2191 565
2350 2137 2473 2209 1ί4,
2500 2149 2555 2193 et
2592 2149 2715 2195 octo
2756 2141 2884 2194 anni
2921 2141 3127 2196 solares
3155 2144 3467 2198 contineant
3515 2144 3633 2199 dies

2065 2226 2226 2292 2922,
2258 2230 2430 2286 octies
2481 2231 2827 2302 multiplicati
2872 2233 2990 2288 dies
3041 2234 3168 2288 anui
3212 2234 3359 2289 hunc
3390 2234 3633 2290 elliciunt

2066 2336 2376 2376 numerum.
2427 2321 2563 2377 Cum
2600 2324 2769 2393 igitur
2823 2325 3042 2381 lunares
3084 2327 3202 2383 dies
3245 2328 3356 2383 sint
3403 2329 3460 2383 in
3504 2338 3631 2385 octo

2067 2413 2227 2489 annis
2245 2414 2386 2469 2925
2407 2415 2531 2484 1/2,
2548 2415 2866 2471 deﬁciemus
2887 2432 2917 2469 a
2941 2417 3068 2471 luna
3099 2418 3154 2473 in
3169 2420 3363 2489 quavis
3389 2430 3630 2476 octaete-

2067 2507 2185 2562 ride
2206 2507 2293 2563 die
2316 2509 2368 2571 1,
2402 2519 2457 2563 et
2480 2509 2704 2578 insuper
2750 2511 2999 2567 dimidio.
3038 2510 3219 2578 Quare
3267 2512 3324 2567 in
3370 2513 3438 2568 16
3469 2517 3630 2569 anuis

2073 2598 2395 2655 deﬁciemus
2429 2615 2460 2653 a
2490 2601 2616 2655 luna
2670 2601 2863 2658 diebus
2891 2604 2942 2657 5.
2979 2603 3150 2669 Quam
3197 2605 3268 2659 ob
3300 2620 3524 2667 causam
3575 2608 3629 2660 in

2067 2690 2262 2761 quavis
2291 2690 2808 2747 heccaadecaeteride
2837 2694 2903 2747 ad
2938 2693 3079 2749 luna:
3099 2708 3318 2750 cursum
3351 2704 3464 2751 tres
3492 2696 3628 2765 adii.

2068 2781 2286 2836 ciuntur
2314 2780 2452 2846 dies,
2491 2788 2551 2836 ut
2583 2782 2882 2837 secundum
2930 2784 3101 2841 solem
3145 2800 3317 2842 annos
3370 2802 3626 2858 agamus.

2067 2872 2363 2927 secundum
2403 2873 2585 2926 lunam
2615 2882 2793 2928 autem
2822 2889 3038 2931 menses
3057 2883 3111 2930 et
3136 2876 3274 2933 dies.

390 2969 894 3042 ἑξκαιδεκαετηρίδα
914 2970 1049 3040 πρὸς
1070 2969 1275 3038 τὸντῆς
1306 2968 1531 3038 σελήνης
1560 2968 1756 3040 δρόμον
1777 2976 1824 3037 γ’
1851 2970 2144 3037 ἐπάγονται
2177 2967 2411 3038 ἡμέραι·
2449 2968 2538 3021 ἵνα
2567 2969 2705 3044 κατὰ
2736 2970 2834 3041 μὲν
2856 2970 3006 3040 ἥλιον
3026 2972 3151 3035 τοὺς
3183 2974 3463 3037 ἐνιαυτοὺς
3492 2975 3632 3043 ἄγω-

392 3080 509 3131 μεν,
537 3062 678 3116 κατὰ
715 3061 769 3113 δὲ
788 3061 1011 3130 σελήνην
1038 3061 1164 3122 τοὺς
1190 3060 1359 3129 μῆνας
1380 3058 1588 3121 καὶτὰς
1616 3059 1848 3130 ἡμέρας.

459 3153 760 3222 Γενομένης
802 3150 860 3203 δὲ
906 3151 1005 3220 τῆς
1061 3148 1316 3218 τοιαύτης
1372 3146 1726 3219 διορθώσεως,
1778 3148 1961 3219 ἕτερον

2139 3146 2275 3200 Cum
2299 3144 2427 3199 talis
2446 3145 2757 3200 emendatio
2786 3146 2928 3201 facta
2962 3155 3128 3210 esset,
3191 3150 3441 3220 sequitur
3477 3153 3627 3207 aliud

389 3214 690 3316 ἁμάρτημα
717 3214 1103 3296 ’ἐπακολο-υθεῖ.
1157 3241 1223 3293 Δί
1270 3214 1379 3311 νάρ
1418 3214 1559 3293 κατὰ
1595 3240 1693 3311 τήν
1733 3214 1957 3311 σελήνην

2065 3242 2326 3289 erratum.
2355 3232 2488 3286 Nam
2514 3234 2749 3289 lunares
2764 3234 2882 3289 dies
2913 3236 2947 3289 5
2976 3214 3285 3291 intercalati
3329 3238 3385 3291 in
3425 3237 3494 3292 16
3526 3254 3626 3293 an-

391 3335 595 3406 ήμέραι
642 3332 979 3403 ἐπαγόμεναι
1009 3329 1059 3399 γ’
1082 3332 1139 3383 ὲν
1168 3333 1280 3392 τοῖς
1331 3336 1404 3394 ις’
1430 3329 1574 3382 ἔτεσι
1613 3330 1961 3395 πλεονάζουσι

392 3427 527 3499 πρὸς
573 3427 663 3479 τὸν
709 3425 858 3495 ἥλιον
908 3424 966 3475 ὲν
1017 3424 1136 3483 ταῖς
1181 3419 1254 3483 ις’
1285 3418 1626 3490 δεκαετηρίσι
1671 3417 1712 3471 λ’
1751 3419 1961 3489 ἡμέρας

384 3689 606 3747 exeunti
659 3688 970 3743 Macrobius
1031 3685 1293 3753 assignat,
1342 3691 1401 3737 ut
1444 3681 1588 3736 idem
1638 3679 1959 3753 Solinianus

382 3762 678 3815 existimat.
732 3758 848 3812 Non
907 3757 1047 3811 idem
1098 3751 1272 3809 solum
1325 3761 1575 3821 uterque.
1626 3751 1721 3804 sed
1767 3752 1959 3804 eodem

382 3832 545 3885 etiam
576 3829 738 3884 modo
773 3828 973 3881 factum
1007 3825 1276 3891 intelligit.
1310 3823 1502 3876 Annus
1540 3821 1773 3889 quilibet
1802 3831 1958 3874 octa-

381 3915 503 3962 vus,
551 3907 606 3954 et
634 3899 860 3952 ultimus
895 3896 1248 3962 octaeteridis,
1288 3892 1430 3946 idem
1480 3899 1533 3946 et
1581 3898 1813 3962 octavus
1867 3903 1957 3944 est

455 3960 614 4033 riodi,
644 3977 699 4042 et
714 3969 783 4022 ab
807 3967 998 4042 ultimo
1033 3961 1405 4042 antecedentis
1431 3970 1742 4042 estnonus.
1763 3960 1956 4042 ‘Quare

381 4031 724 4095 intercalatio
770 4036 974 4106 quaevis
1016 4050 1163 4089 nono
1194 4048 1340 4111 anno
1373 4031 1534 4111 liebat
1573 4031 1953 4111 ab.an.teriori

382 4100 817 4169 intercalationé,
846 4113 900 4161 et
932 4112 1124 4158 octavo
1157 4101 1508 4156 nihilominus
1554 4100 1766 4168 periodi
1802 4115 1953 4169 suae.

383 4180 476 4234 Sic
505 4168 855 4250 Olympiacus
900 4189 1037 4245 agon
1080 4175 1260 4229 omnis
1301 4179 1356 4226 et
1391 4185 1542 4250 anno
1563 4171 1760 4238 quinto
1788 4168 1955 4250 [iebat

385 4251 456 4304 ab
485 4239 858 4309 antecedente,
894 4239 961 4300 et'
986 4239 1577 4315 quartotetraeteridis
1626 4254 1760 4315 suae,
1788 4242 1840 4315 si
1873 4246 1956 4293 te-

380 4318 731 4374 traeteridem
780 4308 852 4371 ab
896 4331 980 4372 eo.
1005 4308 1113 4383 'qui
1153 4313 1221 4367 ab
1267 4312 1516 4383 ludorum
1560 4308 1955 4383 commissione

382 4391 665 4459 proximus
708 4395 823 4447 est,
881 4378 1243 4459 auspicemur.
1299 4380 1459 4459 Hinc“
1497 4378 1800 4459 scriptores
1830 4378 1951 4459 “alii

381 4448 578 4528 quarto
606 4471 822 4527 quoque
865 4448 1012 4528 anno
1055 4453 1357 4511 celebratos
1405 4450 1529 4503 illos
1576 4463 1700 4528 esse
1755 4448 1950 4528 ludos,

383 4516 473 4583 alii
504 4516 694 4598 quinto
723 4516 1219 4598 quoque_dixerun_t
1244 4538 1259 4584 ;
1282 4534 1477 4598 neque
1514 4526 1805 4598 prOpterea
1836 4516 1951 4572 dis-

383 4586 626 4653 sentiunt
655 4586 907 4667 invicem.
940 4593 1089 4649 Idem
1109 4599 1163 4649 et
1195 4594 1249 4667 in
1269 4586 1792 4667 bissextollomano
1823 4602 1949 4667 eve-

382 4669 483 4721 nit.
520 4667 633 4721 lloc
686 4665 1112 4737 animadvertere
1160 4660 1335 4737 critici
1365 4657 1945 4737 _hominis._interfuit,

382 4753 491 4792 non
523 4746 632 4790 tam
655 4735 974 4805 ioculariter
1005 4730 1328 4787 hallucinari
1364 4731 1421 4782 in
1453 4743 1513 4781 re
1542 4727 1719 4805 nibili.

451 4806 606 4872 Quod
649 4793 829 4860 autem
859 4803 1215 4872 Glaucippum
1268 4806 1545 4852 auctorem
1580 4798 1713 4848 citat
1738 4793 1951 4872 Macro-

380 4868 504 4931 bius
532 4876 570 4946 (ι
608 4875 829 4946 Saturn.
880 4875 934 4935 6,
986 4868 1104 4946 15),
1147 4876 1483 4946 cavenputes
1526 4873 1763 4946 veterem
1804 4868 1950 4946 hunc

382 4935 714 5016 scriptorem
762 4945 869 4998 tale
906 4935 1066 5016 quid:
1099 4935 1403 5016 prodidisse
1455 4935 1752 5016 memoria,
1785 4937 1948 5016 qunale

381 5016 450 5071 de
489 5005 632 5069 anno
676 5014 864 5069 Graeco
903 5005 996 5066 isti
1038 5005 1385 5073 fabulantur;
1437 5006 1697 5059 nimirum
1735 5005 1790 5058 in
1845 5005 1949 5057 line

383 5085 729 5141 octaeteridis
762 5081 1221 5155 nonaginta__d_ie_s
1264 5086 1456 5155 tresve
1479 5075 1684 5155 Solidos
1703 5143 1715 5154 _
1725 5088 1946 5155 menses

384 5156 451 5209 ad
480 5170 681 5209 annum
713 5144 1029 5226 accessisse.
1064 5148 1210 5226 Nili“
1235 5147 1379 5202 enim
1398 5146 1494 5225 ille
1515 5144 1744 5226 scripsit
1774 5144 1943 5226 aliud,

382 5240 543 5295 quam
591 5225 892 5295 superﬂuos
920 5223 1037 5275 dies
1065 5220 1256 5295 ultimo
1284 5218 1410 5268 anni
1444 5218 1729 5295 suimensi
1776 5218 1946 5295 inter-

342 5290 345 5293 ’
384 5282 622 5349 seruisse
661 5282 904 5368 Graecos,
939 5289 1083 5362 quod
1121 5288 1188 5340 dc
1211 5299 1407 5368 paucis
1451 5284 1685 5368 diebus:
1710 5282 1946 5368 noane

383 5365 663 5433 mensibus
710 5351 1272 5433 integris-usurpavit.
1324 5353 1458 5433 Nam
1515 5351 1945 5433 hecczedecae‘te—

383 5432 488 5488 ridi
540 5433 657 5502 dies
711 5420 855 5488 tros”
886 5420 1299 5491 accrescebant,
1351 5432 1410 5477 ut
1461 5433 1647 5477 auctor
1697 5430 1783 5476 est
1837 5420 1941 5476 Gev

382 5516 584 5556 minus.

452 5571 738 5627 Postremo
760 5576 979 5624 notetur
1006 5567 1098 5621 illa
1126 5579 1344 5635 quoque
1372 5560 1585 5635 Gemini
1615 5560 1757 5613 ratio
1791 5559 1940 5630 (pag.

381 5640 499 5713 21),
528 5657 691 5713 quam
714 5641 886 5713 aﬂert,
914 5654 1011 5713 cur
1038 5633 1386 5713 anno-tertio,
1417 5633 1630 5713 quinto,
1661 5638 1726 5713 et
1746 5641 1943 5713 octavo

385 5698 766 5765 intercalatum
813 5698 1011 5775 fuerit;
1037 5706 1287 5760 videlicet
1322 5698 1468 5772 quod
1511 5698 1940 5768 exspectandum

384 5782 610 5835 minime
640 5780 823 5843 fuerit;
853 5778 982 5832 dum
1016 5790 1199 5830 mense
1229 5775 1401 5828 solido
1430 5785 1605 5843 annus
1632 5776 1940 5843 anteverte-

385 5858 501 5919 ret;
543 5866 705 5922 quam
751 5841 1014 5918 πρόληψιν
1051 5845 1320 5901 embolimi
1353 5842 1557 5897 mensis
1591 5841 1763 5893 nostri
1806 5853 1940 5908 quo-

667 5946 936 6005 ΡΑτιιοι..
970 5942 1084 6002 Gn.
1122 5940 1202 6001 ΧΙ
1219 5939 1293 5997 Χ.

2061 3328 2148 3381 nis
2180 3327 2460 3382 abundant
2514 3341 2679 3396 supra
2731 3326 2902 3382 solem
2962 3328 3019 3383 in
3049 3328 3117 3383 16
3167 3330 3625 3397 decaeteridibus,

2061 3418 2254 3473 diebus
2288 3418 2357 3471 50
2381 3436 2396 3484 ;
2455 3418 2558 3472 hoc
2581 3424 2667 3473 est
2692 3418 2904 3488 integro
2933 3434 3140 3476 mense.
3182 3421 3265 3476 ()b
3293 3437 3458 3492 quam
3483 3439 3621 3478 cau-

2059 3679 2429 3749 quecomputi
2465 3677 2700 3733 artiﬁces
2732 3678 2875 3734 'olim
2922 3682 3306 3738 adhibuerunt.
3348 3683 3483 3739 Vide
3529 3685 3624 3739 lih.

2059 3748 2108 3803 vt
2142 3748 2216 3801 De
2244 3749 2822 3819 doctrinaitemporum,
2858 3766 2979 3819 cap.
3015 3751 3067 3805 6.

2129 3820 2242 3887 ι58)
2294 3819 2455 3872 Ἐπεὶ
2484 3818 2552 3871 δὲ
2583 3822 2655 3873 οὐ
2678 3820 2872 3887 μόνον
2913 3818 3022 3876 δεῖ.
3052 3819 3352 3877 Observent
3394 3823 3625 3879 studiosi

2059 3903 2167 3957 quo
2196 3904 2358 3957 sensu
2403 3890 2457 3941 in
2491 3890 2618 3942 anni
2647 3887 2820 3943 Graeci
2866 3892 3078 3946 ratione
3124 3892 3481 3947 deseribenda
3517 3891 3627 3948 Ge—

2059 3956 2239 4014 minus
2273 3956 2522 4021 aﬂirmet,
2556 3959 2833 4014 studuisse
2872 3959 3110 4024 Graecos,
3151 3961 3229 4015 uti
3273 3977 3451 4017 annus
3491 3978 3626 4017 suus

2058 4043 2182 4081 cum
2218 4028 2527 4102 sole_paria
2578 4028 2820 4102 faceret,
2855 4045 3070 4102 menses
3110 4046 3234 4085 cum
3286 4032 3445 4102 luna;
3480 4036 3628 4102 quod

2057 4112 2166 4172 non
2196 4098 2617 4172 semel_monere
2637 4099 2776 4172 satis
2807 4098 3082 4172 habemus
3102 4109 3323 4171 propter
3346 4098 3627 4172 Hispanici

2052 4166 2433 4239 iurisconsulti
2485 4168 2738 4239 ἀτοπίαν,
2796 4170 2886 4237 qui
2946 4166 3231 4239 prtefrarte
3284 4166 3514 4235 asserit,
3556 4190 3624 4229 ex

2058 4246 2239 4292 mente
2285 4236 2500 4291 Gemini
2547 4235 2766 4292 Graecos
2816 4235 2895 4292 sic
2925 4235 3100 4295 annos
3132 4256 3262 4296 suos
3312 4243 3621 4306 ordinasse,

2057 4315 2117 4360 ut
2161 4314 2216 4360 et
2264 4307 2464 4375 singuli
2513 4322 2727 4361 menses
2766 4308 2986 4363 lunares
3013 4319 3217 4371 essent,
3249 4319 3303 4365 et
3351 4312 3478 4365 anni
3506 4315 3622 4367 sin-

2058 4376 2165 4445 guli
2201 4377 2429 4431 solares.
2466 4375 2580 4430 Hoc
2601 4391 2709 4430 non
2739 4377 2897 4431 docet
2931 4378 3213 4442 Geminus,
3251 4380 3344 4434 sed
3375 4396 3620 4436 mensem

2056 4445 2274 4518 qttidem
2335 4461 2458 4501 cum
2527 4447 2667 4518 lunae.
2717 4461 2883 4502 cursu
2934 4450 3229 4518 quemlibet
3281 4460 3621 4518 exaequatum

2058 4517 2259 4587 fuisse;
2300 4530 2424 4570 cum
2474 4515 2590 4570 sole
2636 4515 3070 4587 vero,_systema
3121 4518 3298 4587 ipsum
3351 4515 3622 4574 annorum

1984 4573 2028 4627 Ι)
2057 4573 2316 4654 plurium,
2362 4591 2491 4653 puta
2528 4573 2913 4639 octaeteridein
2941 4594 2995 4640 et
3020 4573 3619 4643 ennéadecaeteridem.

2127 4654 2238 4726 (59)
2258 4655 2459 4726 “‘Eazel
2486 4654 2695 4726 τοίνυν
2707 4654 2926 4726 ῥλιᾳτά
2950 4654 3242 4724 σελήνην.
3262 4656 3444 4712 Prima
3473 4670 3624 4713 octa-

2053 4722 2218 4797 etei-is
2238 4723 2447 4797 dierum
2473 4723 2679 4797 exstitit
2700 4722 2864 4797 2922,
2881 4738 3096 4797 menses
3118 4722 3323 4782 habens
3344 4726 3434 4797 99,
3453 4743 3483 4783 e
3500 4730 3623 4797 qui-

2052 4795 2155 4849 bus
2170 4793 2430 4848 ordinarii
2448 4792 2704 4849 crant96.
2722 4793 2913 4861 reliqui
2935 4803 3045 4849 tres
3061 4797 3358 4852 embolimi.
3379 4796 3454 4850 Illi
3475 4792 3621 4851 ἐῦαλ·

2051 4862 2150 4933 λάξ
2194 4863 2338 4933 pleni
2388 4868 2443 4916 et
2486 4862 2627 4933 cavi.
2686 4862 2949 4933 llipleni
2983 4879 3174 4919 omnes
3208 4881 3272 4921 ac
3315 4866 3616 4920 tricenarii.

2051 4930 2325 5005 Posterior
2340 4932 2720 5005 octaeteris_ex_
2738 4930 2931 4986 diebus
2959 4936 3306 5005 componitur
3330 4936 3614 5005 29251/2.

2053 5001 2128 5056 Ita
2160 5016 2375 5056 menses
2389 5002 2586 5074 singuli
2617 5001 3172 5074 diebus_constant:29
3207 5005 3489 5074 1/21/55,
3514 5001 3618 5058 hoc

2048 5081 2136 5143 est
2179 5086 2342 5143 supra
2358 5071 2490 5143 dies
2517 5070 2591 5143 2_9_
2622 5072 2782 5143 horas
2818 5072 3024 5143 habent
3048 5072 3135 5134 12,
3168 5082 3220 5128 et
3239 5070 3427 5143 21/55
3453 5076 3619 5129 unius

2050 5142 2214 5201 hora.
2238 5139 2322 5194 vel
2352 5139 2518 5211 8/11.
2549 5140 2684 5193 Nam
2715 5142 2767 5193 in
2810 5142 2992 5211 priore
3046 5139 3393 5199 octaeteridis
3428 5146 3614 5204 modo,

2050 5212 2275 5289 singula:
2293 5210 2525 5292 syzygia:
2540 5209 2939 5278 colliguntidies
2963 5209 3054 5292 29,
3075 5212 3237 5294 horas
3268 5212 3339 5266 12
3362 5222 3415 5267 et
3430 5214 3613 5285 [12/5,

2048 5295 2160 5335 suve
2174 5280 2478 5352 4/11umus
2492 5279 2657 5352 horae.
2669 5280 3098 5352 Ducanturemm
3117 5282 3184 5352 99
3204 5282 3617 5352 m29.1/21/55

2050 5353 2211 5403 unius
2250 5350 2379 5423 diei,
2415 5349 3130 5423 conﬁetnumerusdigrum
3161 5349 3442 5423 29251/2.
3483 5349 3616 5405 Pcr-

2046 5435 2233 5488 peram
2263 5419 2729 5491 itaque_Scaliger
2760 5419 2853 5472 lib.
2889 5435 2927 5472 ιι
2963 5418 3043 5491 De
3067 5421 3272 5475 emend.
3303 5418 3424 5491 θεὴ).
3465 5423 3613 5491 quod

2047 5486 2373 5543 inscribitur
2436 5486 2694 5542 Elenchus
2757 5489 3126 5549 octaeteridis,
3184 5486 3427 5546 errorem
3485 5486 3615 5546 esse

2046 5561 2272 5630 putatin
2299 5558 2528 5630 Gemino
2543 5558 2680 5630 αίλχ
2700 5572 2808 5630 pro
2834 5558 2995 5630 βίλγ,
3017 5559 3173 5627 quasi
3205 5563 3413 5616 mensis
3442 5576 3616 5630 supra

2046 5630 2164 5703 dies
2190 5628 2261 5682 29
2297 5628 2401 5697 1/2
2427 5626 2797 5703 exigat_2/55.
2832 5626 2885 5681 Id
2913 5626 3359 5703 essetlerum,
3392 5626 3615 5703 sgzygia

2045 5699 2256 5753 dierum
2310 5689 2457 5768 esset
2482 5689 2581 5755 29,
2611 5689 2873 5768 horarum
2910 5699 2978 5753 15
3020 5698 3196 5768 15/55
3241 5689 3356 5754 sive
3387 5689 3612 5764 15,273

2047 5768 2314 5838 16'1/11.
2351 5765 2656 5821 Octaeteris
2690 5781 2818 5820 vero
2843 5768 3053 5823 dierum
3080 5765 3222 5826 2926
3252 5769 3375 5837 1/2.

3303 5928 3380 5985 26
