4146 6424
512 354 610 411 811

1525 342 1863 399 ΑΡΡΕΝΒΙΧ
1898 343 1988 396 ΑΟ
2022 340 2293 396 EUSEBII
2331 334 2751 394 CHRONICON.

3642 323 3750 378 812

514 480 632 525 sam
663 481 759 538 per
785 479 958 519 annos
993 464 1095 520 160
1133 478 1277 527 unus
1311 461 1514 517 mensis
1570 459 1975 515 intercalarinm
2006 474 2071 513 ex

2191 455 2312 523 πρὸς
2361 454 2456 517 τὰς
2505 452 2596 506 τοῦ
2650 451 2827 538 ἡλίου-
2862 447 3041 519 ὥρας·
3091 449 3228 516 ὅπερ
3420 440 3557 538 μήν..
3575 438 3652 491 Δι’
3680 436 3750 535 ήν

517 554 1234 612 octaeteridibus-aul'ertur.
1265 552 1397 606 Nam
1446 566 1545 622 pro
1568 552 1745 606 tribus
1775 551 2075 613 mensibus,

517 650 612 720 qui
635 648 906 704 debebant
928 648 984 702 in
1018 647 1053 702 8
1098 647 1255 700 annis
1275 644 1384 715 agi,
1413 645 1521 700 duo
1573 652 1786 698 tantum
1845 644 2078 698 interea-

517 742 734 805 lantur;
786 747 848 793 ut
885 753 1079 793 rursus
1138 752 1323 791 mense
1368 737 1669 801 subtracto,
1704 736 1757 789 in
1799 734 2122 790 mensibus‘

518 838 573 883 et
604 830 798 885 diebus
849 836 1153 900 congruant
1193 829 1261 881 ad
1312 827 1521 891 lunam,
1550 826 1608 880 in
1659 826 1821 882 annis
1853 840 1983 881 vero
2014 824 2083 879 ad

523 922 695 975 solem
706 964 718 976 .

597 1094 747 1149 Talis
776 1109 900 1149 cum
921 1093 1062 1149 facta
1098 1101 1243 1149 esset
1271 1093 1564 1156 correctio,
1625 1107 1695 1147 ne
1749 1073 1829 1147 sic
1861 1091 2083 1162 quidem

525 1185 947 1256 contingiteam
1002 1199 1303 1254 congruere
1355 1183 1423 1238 ad
1453 1184 1859 1253 apparentiam;
1914 1191 2085 1239 totam

523 1278 669 1334 enim
697 1276 1027 1332 octaeterida
1072 1277 1299 1347 contigit
1354 1276 1631 1339 aberrare,
1675 1284 1730 1331 et
1781 1276 2085 1331 secundum

524 1384 762 1433 menses,
792 1375 846 1423 et
873 1368 1177 1423 secundum
1212 1367 1351 1431 dies,
1383 1375 1439 1422 et
1460 1366 1760 1423 secundum
1795 1370 2087 1423 intercala-

524 1473 616 1513 res
654 1472 890 1512 menses.
918 1455 1055 1510 Nam
1084 1461 1427 1510 menstruum
1455 1464 1670 1524 tempus
1720 1468 1829 1507 non
1856 1456 2087 1523 praecise

527 1557 801 1619 sumptum
834 1556 936 1603 est.
961 1545 1057 1602 Est
1086 1546 1232 1601 enim
1258 1554 1470 1615 tempus
1508 1552 1844 1599 menstruum
1864 1546 2089 1614 prarcise

531 1649 806 1709 sumptum
855 1638 1065 1694 dierum
1107 1636 1198 1701 29,
1248 1637 1582 1691 minutorum
1640 1636 1939 1706 primorum
1981 1637 2083 1701 ειν,

527 1731 893 1786 secundorum
937 1730 1056 1794 40",
1095 1735 1151 1783 et
1178 1727 1456 1782 tertiorum
1483 1727 1613 1793 50'",
1671 1736 1725 1782 et
1767 1734 2086 1797 quartorum

2180 545 2356 596 αἰτίαν
2402 542 2469 595 δι’
2497 540 2634 593 ὲτῶν
2667 540 2745 609 ρξ’
2775 531 2853 601 εἷς
2900 536 3004 608 μὴν
3033 535 3139 587 τῶν
3181 530 3489 602 ὲμὸολξμων
3542 529 3607 579 ἐκ
3641 524 3750 577 τῶν

2180 633 2576 705 όκταετηρίδων
2625 632 2955 701 ὑφαιρεῖται.
3004 628 3147 679 ’Λντὶ
3187 624 3296 694 γὰρ
3323 620 3427 673 τῶν
3447 617 3613 690 τριῶν
3643 633 3740 688 μη-

2182 728 2286 780 νῶν
2307 726 2414 780 τῶν
2442 725 2761 794 ὀφειλόντων
2787 724 2843 774 ὲν
2872 723 2983 783 τοῖς
3006 726 3056 789 η’
3086 718 3259 770 ἔτεσιν
3282 712 3544 780 ἄγεσθαι,
3576 709 3620 779 β’
3658 710 3751 778 μό-

2182 836 2271 873 νον
2298 817 2683 889 ὲμὸἁλλονταιο
2736 814 2877 867 ὥστε
2914 812 3072 866 πάλιν
3121 809 3178 875 ἐξ
3216 806 3413 878 ἀρχῆς,
3454 803 3545 856 τοῦ
3586 799 3754 872 μηνὸς

2185 908 2644 980 ὑπεξαιρεθέντος,
2665 903 2809 958 κατὰ
2831 902 2927 972 μὲν
2953 901 3078 963 τοὺς
3103 900 3275 969 μῆνας
3307 892 3516 955 καὶτὰς
3539 890 3755 962 ἡμέρας

2184 1004 2248 1072 τῇ
2269 1000 2462 1071 σελήνῃ
2479 998 2802 1070 συμφωνεῖν,
2825 993 2963 1049 κατὰ
2987 994 3043 1046 δὲ
3060 992 3182 1052 τοὺς
3210 986 3484 1049 ἐνιαυτοὺς
3500 986 3575 1053 τῷ
3594 983 3750 1052 ἡλίῳ.

2255 1091 2519 1160 Τοιαύτης
2574 1088 2631 1140 δὲ
2690 1084 2981 1156 γινομένης
3030 1079 3386 1152 διορθώσεως,
3434 1076 3540 1129 οὐδ’
3581 1074 3754 1139 οὕτως

2188 1182 2473 1253 συμϐαίνει
2504 1180 2812 1250 συμφωνεῖν
2846 1176 2979 1246 πρὸς
3008 1175 3067 1227 τὸ
3104 1173 3452 1242 φαινόμενον·
3485 1168 3613 1237 ὃλην
3646 1167 3756 1235 γὰρ

2185 1274 2282 1345 τὴν
2330 1272 2687 1344 ὀκταετηρὶδσ.
2711 1267 3115 1341 διημαρτῆσθαι
3157 1262 3469 1335 συμϐέϐηκε
3496 1261 3589 1315 καὶ
3616 1259 3758 1314 κατὰ

2186 1363 2311 1424 τοὺς
2364 1362 2558 1432 μῆνας,
2613 1358 2709 1411 καὶ
2735 1358 2874 1411 κατὰ
2912 1357 3007 1417 τὰς
3046 1355 3275 1426 ἡμέρας,
3323 1352 3419 1405 καὶ
3456 1350 3597 1405 κατὰ
3632 1350 3759 1413 τοὺς

2188 1450 2528 1521 ἐμϐολίμους.
2601 1450 2658 1502 Ὀ
2705 1448 2813 1519 γὰρ
2882 1448 3126 1518 μηνιαῖος
3168 1444 3356 1516 χρόνος
3384 1442 3484 1495 οὐκ
3515 1439 3759 1511 ἀκριϐῶς

2188 1542 2459 1611 εἴληπται.
2490 1542 2643 1594 Ἐστι
2675 1541 2783 1611 γὰρ
2809 1540 2837 1591 ό
2873 1540 3121 1609 μηνιαῖος
3149 1536 3336 1607 χρόνος
3373 1533 3483 1604 (40)
3513 1531 3759 1604 ἀκριϐῶς

2187 1632 2590 1703 λαμϐανόμενος
2644 1631 2865 1702 ἡμερῶν
2912 1628 3037 1694 κδ’,
3067 1627 3160 1680 καὶ
3194 1624 3425 1698 πρώτων
3453 1622 3760 1696 ὲξηκοστῶν

2187 1728 2289 1792 λα’,
2320 1727 2413 1780 καὶ
2432 1726 2699 1798 δευτέρων
2721 1732 2783 1788 ν’,
2810 1725 2903 1778 καὶ
2927 1723 3126 1794 τρίτων
3162 1721 3234 1792 η’,
3265 1721 3359 1774 καὶ
3380 1719 3653 1790 τετάρτων
3677 1725 3724 1771 κ’
3742 1735 3757 1749 '

529 1823 653 1877 24""
688 1822 754 1874 ³⁸.
783 1819 1008 1889 Propter
1024 1821 1127 1875 hoc
1154 1826 1333 1874 autem
1353 1820 1624 1888 oportebit
1640 1819 1929 1889 aliquando
1949 1820 2003 1873 in
2022 1819 2089 1873 16

2191 1818 2278 1873 διὰ
2306 1818 2363 1872 δὲ
2387 1818 2545 1871 τοῦτο
2587 1820 2766 1889 δεήσει
2791 1818 2918 1870 ποτὲ
2944 1820 3000 1869 ὲν
3024 1818 3136 1878 τοῖς
3176 1820 3248 1879 ις’
3278 1813 3454 1865 ἐτεσιν
3507 1812 3626 1864 ἀντὶ
3652 1810 3760 1863 τῶν

526 1914 684 1969 annis
709 1927 809 1982 pro
839 1911 1255 1967 interealaribus
1299 1909 1492 1965 diebus
1518 1908 1635 1965 dies
1658 1909 1692 1963 4
1740 1910 2074 1965 intercalari.

531 2003 683 2059 Unde
713 2017 826 2056 non
885 2008 1097 2072 oportet
1129 1999 1183 2054 in
1239 1999 1347 2054 ulla
1396 1999 1621 2069 periodo
1680 2014 1896 2055 menses
1924 2015 2088 2057 cavos

524 2110 687 2168 pares
734 2093 912 2165 plenis
964 2107 1164 2163 agere;
1215 2092 1312 2148 sed
1339 2090 1523 2161 plures
1550 2105 1672 2146 esse
1700 2090 1891 2161 plenos
1911 2092 2084 2149 cavis.

2190 1909 2499 1982 ὲμὸολίμων
2528 1910 2746 1982 ἡμερῶν
2767 1951 2781 1973 ,
2817 1912 2857 1964 δ’
2874 1907 3190 1977 ἐπάγεσθαι.
3224 1906 3384 1959 Ὅθεν
3414 1907 3474 1959 οὐ
3496 1905 3577 1958 δεῖ
3601 1906 3658 1957 ὲν
3677 1903 3763 1956 οὗ·

2190 2001 2247 2055 δε
2255 2004 2351 2073 μιᾷ
2367 2002 2601 2073 περιόδῳ
2629 2002 2774 2065 ἴσους
2787 2001 2912 2065 τοὺς
2939 2000 3150 2063 κοίλους
3163 2000 3275 2061 τοῖς
3300 1996 3562 2068 πλήρεσιν
3582 1995 3759 2063 ἄγειν,

2185 2093 2322 2148 ἀλλὰ
2376 2094 2687 2159 πλεονάζειν
2719 2094 2846 2157 τοὺς
2898 2092 3126 2164 πλήρεις
3156 2090 3264 2144 τῶν
3302 2088 3517 2143 κοίλων.
3550 2088 3613 2142 Εἰ
3659 2087 3759 2158 μὲν

528 2185 585 2241 Si
606 2186 754 2241 enim
785 2192 1129 2241 menstruum
1161 2191 1379 2252 tempus
1422 2190 1633 2236 tantum
1689 2189 1839 2238 esset
1871 2182 2086 2238 dierum

2191 2185 2337 2256 γὰρό
2358 2188 2605 2255 μήνιαίος
2630 2186 2821 2257 χρόνος
2840 2185 2998 2255 μόνον
3017 2180 3084 2255 ἦν
3112 2182 3335 2254 ἡμερῶν
3359 2181 3438 2236 κθ⁹
3459 2180 3587 2251 αίβ,
3614 2180 3761 2242 ῐσους

526 2260 1039 2348 291]2,ὀι)οτιει·θι
1063 2291 1225 2346 pares
1244 2289 1461 2329 menses
1497 2274 1687 2343 plenos
1714 2282 1769 2329 et
1792 2288 1957 2330 cavos
1975 2274 2089 2345 agi.

527 2367 682 2424 Nunc
698 2369 804 2438 22
819 2376 1006 2423 autem
1024 2374 1123 2427 ,est
1148 2364 1417 2436 particula
1437 2363 1712 2420 sensibilis
1735 2363 1791 2418 in
1807 2372 2089 2419 menstruo

527 2462 794 2527 tempore,
855 2470 977 2526 quae
1032 2455 1272 2525 complet
1322 2452 1576 2508 diurnam
1635 2453 2085 2524 magnitudinem.

598 2611 645 2652 ³·
672 2609 797 2666 Hzec
824 2624 948 2664 cum
988 2606 1176 2663 Graeco
1203 2620 1310 2661 non
1345 2603 1701 2661 concordant.

599 2764 709 2836 (40‘)
749 2766 915 2818 Ἔστι
964 2763 1072 2836 τὰρ
1109 2763 1143 2815 ὁ
1168 2759 1464 2836 Διιηζίαῖρς
1510 2760 1752 2836 χρόνος,
1794 2756 2087 2836 Mendosus

529 2828 620 2889 hic
650 2828 804 2890 locus
833 2840 919 2889 est
964 2828 1044 2887 in
1064 2828 1235 2887 cusis.
1269 2829 1652 2890 Scribendum,
1701 2835 1761 2881 ut
1786 2838 1871 2882 est
1910 2828 1966 2882 in
1995 2843 2090 2882 reo

529 2905 652 2976 teri,
701 2905 796 2976 καὶ
828 2902 1055 2976 πρώτων
1079 2898 1403 2976 *ἑξηκοστίω
1439 2895 1556 2976 λαξ,
1586 2897 1972 2976 καὶδευτέρων
2008 2903 2085 2976 κζ’,

529 2974 622 3045 καὶ
641 2967 843 3045 τρίτων
870 2967 969 3045 ὴ”’,
1010 2971 1103 3045 atq).
1129 2967 1426 3045 -τετάρτων
1469 2974 1581 3045 κξγξ,
1615 2967 1708 3038 qui
1757 2974 1842 3022 est
1867 2967 2089 3045 mensis

532 3036 905 3113 Hipparcbeus
937 3036 1709 3113 apud_Ptolen1:gum_lib.jv,
1743 3052 1862 3113 cap.
1888 3036 1945 3101 2,
1977 3037 2093 3091 die-

530 3130 653 3168 rum
686 3114 897 3168 scilicet

529 3183 827 3240 astronomi
858 3176 1073 3238 veteres
1119 3182 1175 3234 in
1227 3177 1599 3243 subducendis
1637 3176 1945 3231 rationibus
1976 3176 2093 3231 suis

529 3253 884 3323 sexagesimis
929 3250 1396 3323 dierum__s:epius
1448 3255 1697 3314 utuntur,
1726 3260 1895 3323 quam
1941 3245 2095 3323 boris

528 3315 895 3392 b‘or’arumque
924 3315 1292 3392 iscrupulisf
1315 3327 1505 3375 contra
1553 3332 1717 3392 quam
1745 3315 1932 3392 ’bodie
1978 3315 2095 3392 ﬁeri

527 3394 691 3462 vulgo
728 3385 885 3455 solet,
913 3391 1070 3461 juvat
1088 3385 1167 3462 in
1182 3390 1426 3443 tironum
1460 3385 1698 3462 gratiam
1747 3385 1977 3462 tabellas
2004 3385 2095 3462 hic

528 3454 667 3518 duas
719 3454 1013 3523 ascribere,
1057 3459 1257 3529 quibus
1299 3468 1409 3529 tam
1459 3454 1609 3529 liora:
1662 3470 1828 3525 quam
1876 3454 2097 3529 boraria

529 3532 787 3601 scrupula
827 3533 883 3585 in
913 3524 1122 3602 dierum
1160 3528 1431 3602 scrupula
1451 3524 1805 3597 redigantur;
1838 3538 1903 3579 ac
1928 3524 2096 3578 vicis—

528 3603 632 3657 sim
662 3598 856 3656 diurna
883 3601 1139 3670 scrupula
1169 3600 1227 3653 in
1255 3598 1471 3652 boraria
1493 3603 1796 3652 vertantur.

619 3710 826 3765 Tabula
858 3709 887 3765 1
912 3709 1261 3764 conversionis
1290 3709 1656 3777 scrupulorum
1689 3708 2003 3763 diurnorum

867 3785 874 3791 '
1149 3780 1208 3832 in
1239 3779 1480 3832 horaria.

539 3954 639 4010 gas
766 3953 947 4010 )ch1
1080 3951 1192 4010 Ξαξ
1298 3998 1312 4010 ο
1664 3946 1776 4010 ..ξω
1837 3988 1868 4010 .0
1942 3949 1991 4010 ’ἕ

539 3982 576 4001 E
780 3982 941 4004 .—'
1092 3982 1191 3998 ι..-
1385 3982 1459 3996 ..--
1678 3982 1712 3991 .-
1854 3988 1868 4002 ο
1942 3982 1991 3997 ,-

529 3986 639 4074 a2
756 4009 792 4076 ε
848 3990 947 4067 εξ
1080 3993 1192 4071 s2
1277 3998 1313 4056 es
1398 3982 1498 4064 εξ
1664 3982 1775 4073 ’Ξὲ
1832 4006 1869 4074 ε
1955 3990 2053 4061 εξ

538 4064 641 4140 9εέ
742 4079 792 4140 εξ,
848 4066 946 4140 EE
1094 4069 1191 4140 es
1263 4058 1313 4140 ,ξ
1397 4056 1501 4140 ἐξ
1677 4070 1870 4140 ἕεις
1955 4063 2055 4140 ἓὲ

1263 4099 1313 4162 ε

527 4208 577 4240 U2
1088 4206 1129 4239 Ω

585 4322 613 4372 1
739 4322 772 4371 0
863 4321 927 4369 24
1110 4319 1167 4376 21
1296 4319 1329 4368 8
1420 4318 1481 4367 24
1667 4320 1723 4369 41
1826 4320 1885 4369 16
1976 4322 2039 4370 24

586 4383 928 4432 2048
1110 4381 1483 4429 22848
1669 4382 2039 4431 421648

586 4443 766 4493 5⁸1
863 4444 925 4492 12
1111 4444 1171 4491 25
1295 4442 1484 4491 912
1668 4443 2040 4494 451712

590 4547 1483 4599 415624956
1671 4549 2042 4599 441756

590 4613 623 4661 5
742 4612 775 4659 2
897 4612 929 4658 0
1110 4611 1176 4658 25
1271 4609 1330 4658 10
1453 4609 1485 4657 0
1670 4611 1734 4659 45
1825 4611 1886 4660 18
2010 4611 2041 4658 0

588 4673 623 4721 6
742 4670 931 4720 224
1111 4670 1331 4720 2610
1423 4670 1487 4718 24
1671 4670 1888 4720 4618
1977 4671 2041 4720 24

524 4778 930 4827 ’7248
1113 4776 1485 4828 271048
1669 4775 2044 4826 471848

589 4840 622 4888 8
744 4842 775 4887 5
870 4839 981 4897 12’
1114 4839 1176 4885 28
1269 4838 1324 4886 11
1424 4841 1485 4888 12
1671 4838 1733 4886 48
1827 4837 1888 4886 19
1985 4838 2045 4885 12

588 4900 1485 4949 9556291156
1669 4898 2044 4951 491956

564 5004 625 5054 10
747 5004 778 5051 4
901 5003 932 5050 0
1116 5003 1178 5051 50
1268 5003 1330 5052 12
1451 5005 1482 5054 0
1668 5004 1730 5054 50
1825 5002 1888 5053 20
2014 5004 2045 5053 0

564 5066 621 5115 11
746 5065 780 5112 4
872 5064 934 5111 24
1115 5065 1168 5112 51
1275 5066 1331 5115 12
1423 5067 1486 5115 24
1668 5067 1725 5115 51
1815 5066 1887 5114 120
1982 5066 2048 5114 24

563 5126 626 5176 12
748 5126 933 5172 448
1118 5126 1331 5175 5212
1426 5128 1486 5176 48
1670 5127 2044 5177 522048

565 5230 626 5279 15
749 5230 780 5279 5
874 5228 936 5277 12
1117 5231 1178 5279 55
1273 5231 1334 5288 15
1426 5232 1489 5281 12
1673 5233 1734 5281 55
1829 5232 1884 5280 21
1985 5233 2047 5282 12

566 5291 629 5340 14
749 5291 781 5338 5
873 5290 936 5338 56
1116 5292 1181 5338 54
1273 5294 1332 5341 15
1426 5294 1489 5342 56
1672 5294 1736 5341 54
1828 5294 1881 5342 21
1983 5296 2046 5343 56

568 5352 630 5401 15
748 5351 782 5399 6
902 5351 934 5399 0
1117 5353 1182 5402 55
1270 5354 1334 5402 14
1455 5354 1487 5403 0
1672 5355 1735 5403 55
1828 5355 1891 5403 22
2014 5356 2045 5403 0

566 5457 629 5508 16
747 5454 782 5506 6
875 5454 940 5503 24
1118 5454 1182 5504 56
1277 5455 1338 5505 14
1428 5456 1491 5505 24
1679 5456 1741 5505 56
1832 5457 1895 5506 22
1984 5456 2049 5506 54

567 5516 939 5566 17648
1120 5517 1491 5567 571448
1676 5519 2048 5567 572248

568 5578 630 5630 18
750 5578 942 5628 712
1119 5578 1492 5628 581512
1677 5579 2048 5628 582512

570 5681 939 5745 197.56
1121 5682 1489 5745 591556
1674 5684 2048 5735 592356

572 5743 940 5810 ποθ-ο
1120 5743 1491 5794 40160
1672 5745 2045 5796 60240

1009 3154 1025 3177 ,
1058 3110 1149 3172 12,
1177 3110 1284 3173 44⁹,
1313 3107 1396 3172 5",
1426 3108 1560 3179 20’”,
1603 3106 1870 3179 Quoniam
1913 3114 2094 3179 autem
2122 3120 2164 3179 ο

2188 2274 2298 2328 ἔδει
2321 2275 2449 2338 τοὺς
2482 2274 2707 2347 πλήρεις
2767 2276 2860 2329 καὶ
2886 2275 3009 2337 τοὺς
3047 2273 3256 2336 κοίλους
3300 2273 3475 2346 μῆνας
3499 2270 3724 2338 ἄγεσθαι
3743 2285 3755 2297 ·

2186 2367 2304 2420 νυν)⁸
2323 2366 2381 2420 δέ
2409 2368 2524 2420 ἐστι
2545 2368 2730 2439 μόριον
2776 2364 3031 2435 αἰσθητὸν
3056 2366 3114 2418 ὲν
3140 2362 3218 2433 τῷ
3248 2362 3482 2433 μηνιαιῳ
3503 2361 3704 2432 χρόνῳ,
3731 2358 3761 2412 ὃ

2189 2459 2501 2531 συμπληροῖ
2536 2459 2831 2531 ἡμερήσιον
2888 2456 3132 2530 μέγεθος.
3168 2457 3243 2508 Δι’
3269 2455 3335 2526 ήν
3378 2454 3557 2508 αἰτίαν
3581 2452 3761 2521 δεήσει

2195 2757 2403 2813 Tabula
2466 2756 2552 2817 11.
2593 2761 2941 2814 conuersionis
2984 2760 3235 2815 horarum
3304 2772 3355 2815 et
3396 2761 3762 2830 acrupulorum

2528 2830 2804 2884 horarium
2834 2832 2889 2885 in
2915 2830 3109 2885 diurna
3147 2836 3417 2901 scrupulo.

2196 3014 2306 3123 ἓξ
2391 3014 2491 3140 ἓξ
2714 3047 2839 3119 οὲά
3003 3015 3102 3124 ξε
3326 3052 3453 3123 οὲά.
3590 3015 3688 3124 ἒς

2208 3123 2308 3188 ἕὲ
2391 3125 2489 3188 Et":
2727 3123 2827 3188 ἒξ
2929 3120 3101 3188 ’Ξδὲ
3341 3127 3440 3188 ἐξ
3588 3119 3687 3188 ἓξ

2270 3181 2306 3238 Ξ
2713 3181 2827 3238 εὲἒ
3001 3181 3101 3238 ἑξὲ
3329 3181 3441 3238 εξξὲ

2207 3170 2307 3289 ἐξ
2376 3170 2489 3294 ἐξ
2713 3170 2827 3254 ἐξ
2987 3170 3102 3292 ἐξ
3329 3170 3441 3255 ἐξ
3587 3170 3688 3263 ἓξ

2206 3279 2319 3325 ΞΩ.
3577 3262 3625 3293 τ¹²

2193 3310 2245 3356 ιιι·

2429 3418 2529 3446 'n
2945 3419 3147 3448 tum
3565 3424 3765 3447 cum

2261 3486 2531 3537 1250
2746 3486 2809 3535 25
2930 3482 3147 3535 1250
3361 3487 3424 3537 49
3548 3487 3768 3536 2250

2257 3548 2534 3597 250
2747 3545 3150 3595 26150
3363 3548 3767 3599 50250

2256 3609 2287 3657 5
2410 3610 2535 3659 750
2748 3608 2807 3656 27
2934 3606 3152 3658 1750
3363 3611 3420 3659 51
3548 3607 3767 3658 2750

2259 3709 2536 3760 4100
2748 3709 2813 3758 28
2936 3709 3151 3759 1100
3365 3712 3428 3761 52
3550 3709 3768 3761 2100

2259 3771 2537 3823 51250
2748 3770 2812 3818 29
2934 3770 3152 3821 11250
3366 3773 3428 3822 55
3551 3771 3768 3820 21250

2258 3832 2538 3882 6150
2751 3832 2812 3880 50
2935 3832 3152 3882 1150
3367 3833 3429 3882 54
3550 3831 3768 3883 2150

2261 3938 2290 3987 7
2388 3937 2538 3987 1750
2750 3938 2806 3987 51
2934 3936 3152 3989 11750
3366 3940 3430 3990 55
3551 3937 3768 3988 21750

2261 4000 2292 4047 8
2382 3999 2538 4048 200
2751 4001 2813 4047 52
2934 3998 3153 4048 1200
3368 4001 3430 4049 56
3552 3999 3768 4049 2200

2260 4060 2292 4108 9
2384 4061 2539 4109 2250
2753 4061 2814 4108 55
2936 4059 2960 4108 1
2999 4062 3061 4108 22
3090 4059 3153 4110 50
3368 4061 3426 4112 57
3553 4060 3769 4109 22250

2232 4164 2293 4237 ιε)
2385 4164 2541 4237 212-9
2753 4165 2815 4237 εξ
2941 4165 3154 4237 iam
3368 4165 3447 4237 εξ.
3550 4161 3770 4237 ΞΞΞ-9

2233 4227 2287 4275 11
2386 4227 2446 4275 27
2480 4225 2541 4275 50
2754 4226 2817 4274 55
2941 4218 2963 4273 1
3002 4227 3058 4273 27
3092 4225 3153 4275 50
3367 4226 3447 4274 139'
3512 4250 3517 4255 -
3551 4226 3582 4272 2
3614 4224 3672 4272 27
3706 4221 3768 4270 50

2234 4287 2542 4337 12500
2753 4285 3153 4335 561500
3369 4286 3431 4336 60
3553 4282 3769 4334 2500

2235 4386 2294 4437 15
2385 4389 2446 4437 52
2478 4387 2539 4437 50
2753 4387 2812 4435 57
2940 4386 2964 4435 1
3001 4388 3063 4435 52
3093 4387 3155 4437 50

2238 4449 2297 4497 14
2388 4451 2449 4498 55
2509 4449 2540 4496 0
2753 4448 2816 4495 58
2940 4447 3063 4496 155
3123 4448 3155 4497 0

2235 4510 2298 4558 15
2388 4511 2541 4559 5750
2754 4507 2816 4556 59
2938 4509 3155 4558 15750

2236 4615 2296 4664 16
2387 4615 2448 4664 40
2510 4613 2541 4661 0
2752 4611 2818 4664 40
2944 4614 3157 4664 1400

2237 4677 2294 4725 17
2388 4675 2542 4725 4250
2756 4675 3159 4733 41,14250

2237 4740 2297 4790 18
2389 4739 2451 4787 45
2512 4736 2543 4785 0
2758 4740 2820 4789 42
2945 4736 3064 4786 145
3125 4737 3158 4785 0

2237 4840 2298 4890 19
2389 4840 2542 4889 4750
2757 4844 2819 4891 45
2941 4841 3157 4892 14750

2236 4901 2299 4951 20
2388 4901 2543 4951 500
2757 4904 2821 4951 ιι
2940 4903 3158 4953 1500

2205 4962 2293 5025 ,ει
2390 4964 2543 5027 δεέεο
2757 4964 2820 5014 45
2940 4964 3065 5014 152
3094 4963 3158 5013 so

2237 5066 2300 5114 22
2390 5067 2546 5117 550
2730 5050 3161 5117 46’1550

2237 5128 2300 5174 25
2393 5129 2450 5178 57
2484 5127 2547 5176 50
2765 5128 2819 5177 47
2950 5131 2966 5177 1
3005 5129 3065 5178 57
3098 5129 3161 5177 50

2208 5189 2546 5251 ,ειδοο
2759 5190 3161 5239 48200

2279 5316 2562 5389 Methodus
2590 5319 2879 5389 utriusque
2895 5317 3094 5374 tabulae
3118 5324 3203 5372 est
3235 5319 3525 5385 ejusmodi.
3566 5317 3780 5389 Propo-

2210 5387 2327 5442 sita:
2370 5388 2580 5442 diurnae
2638 5387 3008 5457 sexagesima,
3041 5397 3096 5443 et
3150 5389 3205 5441 in
3257 5390 3421 5444 horas
3474 5387 3779 5456 earumtiue

2210 5459 2466 5525 scrupula
2524 5457 2831 5528 redigenda:
2894 5467 3207 5526 quaerantur
3261 5460 3316 5513 in
3384 5460 3562 5528 primo
3609 5474 3781 5528 rversu

2210 5529 2407 5596 prioris
2460 5527 2691 5590 tabulae.
2742 5529 2903 5596 eique
2950 5528 3342 5598 respondentes
3384 5527 3555 5593 horse,
3606 5527 3775 5583 bora-

2209 5612 2440 5667 rumque
2489 5611 2769 5667 sexagenae
2812 5596 3091 5667 notentur.
3143 5596 3213 5653 Ut
3253 5601 3297 5653 si
3338 5599 3467 5652 libet
3502 5599 3781 5667 inquirere

2209 5666 2482 5738 quot'sint
2526 5666 2785 5738 scrupula
2837 5666 3045 5723 dierum
3084 5669 3187 5731 51',
3239 5669 3357 5731 50",
3410 5669 3514 5733 8'",
3553 5666 3688 5723 20"”
3721 5668 3781 5721 in

2211 5737 2377 5795 horas
2418 5737 2683 5801 resoluta,
2731 5749 3049 5807 quaerantur
3074 5753 3138 5794 ea
3170 5738 3484 5808 singillatim
3515 5739 3573 5797 in
3601 5738 3782 5811 primo
