4146 6424
490 362 598 419 815

1501 360 1736 417 GEMINI
1777 361 2146 418 ΕιΕΜΕΝτΑ
2184 357 2672 414 ΑδΤΚΟΝΟΜΙΔΕ.

3598 359 3706 418 814

480 475 792 541 πλεονάζειν
849 476 971 538 τοὺς
1027 475 1250 549 πλήρεις
1297 477 1406 531 τῶν
1439 479 1632 533 κοίλων
1675 481 1878 552 μηνῶν.
1909 482 2042 534 οὐδὲ

2149 479 2323 546 Quam
2369 481 2439 534 ob
2507 493 2730 534 causam
2781 485 2997 547 oportet
3047 479 3240 549 plenos
3265 495 3485 536 menses
3519 482 3705 551 plures

484 571 591 640 μὴν
621 570 678 622 ὲν
726 572 834 632 τοῖς
857 582 906 641 η’
955 571 1098 624 ἔτεσι
1123 573 1268 642 τρεῖς
1299 567 1392 624 οὖν
1433 571 1594 625 ἔνεισι
1623 575 1788 643 μῆνες
1828 575 2042 645 ἐμϐόλι-

484 680 591 732 μοι.
623 664 684 716 Εἰ
714 665 810 734 μὲν
852 665 960 738 γὰρ
1001 661 1068 736 ἦν
1101 667 1128 717 6
1154 667 1394 729 ἐνιαυτὸς
1423 666 1450 718 6
1479 667 1618 720 κατά
1653 669 1878 740 σελήνην
1907 671 2043 739 ἠμε-

484 755 592 825 ρῶν
635 756 760 819 τνδν,
786 751 854 826 ἦν
901 757 967 810 ἂν
1025 759 1058 828 ἡ
1111 758 1349 828 ὑπεροχὴ
1393 759 1486 812 τοῦ
1536 759 1761 830 ἡλιακοῦ
1796 760 2039 814 ἐνιαυτοῦ

483 845 701 914 ἡμερῶν
731 844 796 899 ια’
829 847 948 918 αλδ.
981 842 1146 900 Αὗται
1177 848 1233 901 δὲ
1253 848 1474 912 ὀκτάκις
1495 849 2040 902 πολυπλασιασϐεῖσαι

485 937 850 1008 συνεπλήρουν
904 940 970 991 ἂν
1012 941 1137 1002 τοὺς
1189 945 1236 1006 γ’
1271 939 1445 1009 μῆνας
1502 943 1626 1003 τοὺς
1676 941 2037 1011 ἐμϐολίμους’

482 1028 598 1078 νυνὶ
639 1027 694 1080 δὲ
736 1029 764 1079 6
810 1031 948 1083 κατά
985 1030 1210 1101 σελήνην
1250 1031 1492 1095 ἐνιαυτὸς
1521 1032 1762 1102 ἀκριϐῶς
1787 1034 1901 1085 ἐστι
1938 1033 2040 1085 τνδ⁹

482 1117 558 1180 ὡς
587 1117 811 1186 ἔγγιστα
859 1121 1064 1189 τρίτου.
1108 1123 1232 1174 Ἔάν
1264 1118 1356 1175 οὖν
1389 1123 1677 1194 ἀφέλωμεν
1706 1123 1774 1175 τά
1797 1123 1898 1176 τνδ¹
1935 1125 2042 1193 αίγ

481 1211 588 1263 ἀπὸ
608 1210 713 1263 τῶν
737 1210 842 1275 τξε⁹
860 1213 982 1283 αλδ,
1007 1213 1522 1285 καταλειφθήσονται
1547 1215 1826 1286 ἡμέραι,ι’,
1856 1223 1923 1268 ια’
1943 1219 2044 1268 δω-

478 1297 732 1362 δεκάδεςο
776 1294 936 1354 αὗται
983 1303 1040 1354 δὲ
1087 1304 1632 1358 ὀκταπλασιασοεῖσαι
1691 1306 2042 1359 ἀποτελοῦσιν

479 1389 692 1460 ἡμέρας
710 1393 795 1456 πζ¹
822 1393 926 1463 αίγ
952 1395 1027 1458 ὠς
1047 1395 1287 1464 ἔγγιστα.
1314 1393 1481 1450 Abeat
1508 1398 1562 1450 δὲ
1585 1399 1783 1469 ἡμέραι
1811 1401 1868 1452 οῦ
1903 1417 2040 1470 συμ-

482 1479 744 1550 πληροῦσι
792 1489 838 1550 γ¹
877 1484 1073 1554 μῆνας.
1121 1485 1199 1537 Δι’
1246 1486 1312 1556 ἢν
1341 1487 1516 1540 αἰτίαν
1542 1489 1602 1540 οὐ
1637 1488 1717 1539 δεῖ
1748 1489 1961 1556 ἀγνοεῖν
1985 1492 2041 1541 ὲν

479 1574 591 1633 τοῖς
613 1579 663 1642 η’
688 1573 828 1626 ἔτεσι
855 1574 902 1642 γ’
937 1577 1109 1645 μῆνας
1144 1577 1466 1647 ἐμϐολίμους
1501 1579 1572 1649 μὴ
1602 1578 1858 1632 δύνασθαι
1884 1575 2039 1632 εἶναι.

482 1661 652 1714 Τοῦτο
684 1662 738 1715 δὲ
781 1665 872 1716 καὶ
914 1665 1000 1718 διὰ
1032 1666 1132 1735 τῆς
1151 1667 1792 1738 εέννεακαιδεκαετηρίδος
1815 1669 2043 1739 φανερὸν

481 1752 710 1819 γίνεται.
772 1755 858 1806 Ἐν
907 1756 1013 1827 γὰρ
1052 1759 1162 1818 τοῖς
1201 1755 1266 1808 t0'
1315 1757 1457 1810 ἔτεσι
1496 1757 1539 1820 ζ’
1568 1758 1733 1827 μῆνες
1759 1759 2040 1828 ἐμϐόλιμοι

2141 583 2262 623 esse
2287 569 2438 622 cavis
2485 568 2788 622 mensibus.
2840 567 3026 638 Neque
3085 585 3218 624 vero
3273 571 3332 624 in
3364 579 3490 626 octo
3545 578 3705 630 anuis

2141 667 2254 714 tres
2274 659 2384 727 jam
2418 659 2605 714 insunt
2625 674 2842 714 menses
2872 659 3244 717 intercalares.
3281 659 3336 715 Si
3358 664 3501 717 enim
3526 678 3704 720 annus

2139 751 2351 804 lunaris
2381 759 2526 804 esset
2578 750 2790 804 dierum
2840 751 2964 816 554,
3015 753 3212 807 solaris
3257 769 3434 808 annus
3479 755 3705 810 haberet

2140 857 2421 895 excessum
2439 842 2647 896 dierum
2669 842 2728 894 11
2771 843 2790 894 1
2800 841 2888 910 μ.
2911 844 2975 895 Hi
2995 846 3162 897 octies
3195 845 3540 914 multiplicati
3562 862 3708 901 com-

2143 935 2354 1002 plerent
2383 941 2494 987 tres
2523 947 2738 986 menses
2778 934 3156 989 intercalares.
3210 934 3366 990 Nunc
3387 952 3517 991 vero
3547 939 3704 992 luna-

2143 1024 2221 1076 ris
2240 1038 2419 1076 annus
2447 1023 2674 1092 pracise
2700 1030 2786 1076 est
2813 1023 3024 1076 dierum
3053 1024 3280 1094 3541ίῦ
3301 1025 3433 1081 fere.
3462 1023 3519 1080 Si
3540 1029 3707 1098 igitur

2143 1114 2248 1166 551-
2271 1114 2365 1182 l/3
2383 1113 2694 1167 auferamus
2724 1128 2754 1166 a
2785 1114 2890 1168 565
2931 1114 3031 1184 1/4
3061 1115 3440 1185 relinquentur
3478 1119 3596 1174 dies
3638 1119 3708 1174 i0

2145 1201 2318 1270 ll/12
2355 1221 2366 1254 :
2399 1201 2491 1270 qui
2527 1217 2622 1270 per
2651 1201 2684 1254 8
2715 1203 3060 1271 multiplicati
3089 1204 3328 1258 clliciunt
3361 1207 3482 1263 dies
3511 1207 3580 1260 87
3602 1201 3708 1279 ιβ

2146 1291 2276 1345 fere.
2323 1293 2396 1348 _Hi
2452 1301 2631 1346 autem
2678 1293 2794 1347 dies
2849 1309 2956 1348 non
3009 1297 3282 1364 complent
3331 1307 3443 1354 tres
3470 1315 3704 1356 menses.

2145 1381 2317 1447 Quam
2346 1384 2416 1438 ob
2448 1399 2669 1438 causam
2693 1401 2800 1438 non
2824 1387 3284 1455 estignorandum
3305 1389 3361 1444 in
3395 1401 3520 1445 octo
3545 1393 3706 1448 annis‘

2144 1485 2259 1530 tres
2291 1492 2508 1530 menses
2525 1477 2882 1531 intercalares
2909 1494 3016 1531 non
3041 1494 3202 1548 posse
3218 1495 3360 1536 esse.
3387 1480 3502 1536 Hoc
3527 1493 3706 1539 autem

2143 1566 2306 1618 etiam
2338 1582 2432 1635 per
2456 1566 3077 1633 enneakadecaeterida,
3110 1569 3163 1622 id
3195 1580 3280 1624 est
3310 1571 3592 1639 periodum
3641 1574 3709 1628 19

2145 1671 2434 1719 annorum,
2469 1657 2526 1708 lit
2558 1657 2928 1712 manifestum.
2967 1656 3026 1711 ln
3055 1659 3214 1713 anuis
3247 1661 3392 1714 enim
3433 1661 3500 1714 19
3535 1677 3708 1732 agun-

2148 1755 2238 1800 tur
2262 1747 2292 1798 7
2322 1763 2540 1801 menses
2569 1748 2943 1810 intercalares,
2968 1758 3022 1802 et
3048 1765 3114 1803 ex
3143 1749 3444 1818 majoribus
3494 1763 3705 1821 tempo-

480 1846 722 1913 ἄγονται,
769 1849 860 1899 καὶ
906 1849 969 1900 ὲκ
1034 1848 1290 1902 πλειόνων
1351 1850 1556 1919 χρόνων
1602 1852 1953 1922 συμφωνήσει
2008 1854 2041 1922 ἡ

2145 1839 2298 1893 ribus
2326 1847 2589 1910 congruet
2615 1840 3173 1896 enneakadecaeteris
3192 1843 3245 1896 in
3275 1844 3541 1898 mensium
3579 1862 3705 1900 usu.

481 1937 1041 2009 ὲννεακαιδεκαετηρὶς
1097 1939 1237 1991 κατά
1281 1939 1380 2009 τὴν
1425 1939 1534 1992 τῶν
1565 1941 1747 2011 μηνῶν
1781 1942 2002 2011 ἀγωγήν
2026 1958 2038 1970 ·

482 2031 541 2081 ὲν
595 2031 701 2100 ἄρα
743 2034 860 2091 ταῖς
909 2029 1050 2083 ὀκτὼ
1090 2031 1716 2102 ἐννεακαιδεκαετηρίσιν
1764 2033 2043 2103 ἐμϐόλιμοι

485 2121 649 2190 μῆνες
694 2121 1014 2190 ἀχθήσονται
1062 2129 1168 2186 νς’.
1206 2124 1293 2174 Ἐν
1327 2122 1383 2175 δὲ
1426 2126 1490 2193 τῇ
1519 2125 1851 2196 ὀκταετηρίδι
1879 2125 2044 2194 μῆνες

481 2211 764 2280 ἐμϐόλιμοι
794 2211 1012 2278 ἄγονται
1041 2218 1088 2281 γ’
1111 2229 1123 2241 ·
1157 2213 1214 2264 ἐν
1248 2213 1356 2282 ἄρα
1389 2217 1508 2277 ταῖς
1545 2213 1608 2266 ιϐ’
1642 2215 2040 2285 ὀκταετηρίσιν,

481 2301 617 2369 ὅπερ
649 2303 794 2354 ἐστὶν
841 2301 935 2372 ἔτη
989 2304 1118 2373 ρνβ’,
1158 2303 1435 2374 ἐμϐόλιμοι
1480 2305 1700 2372 ἄγονται
1731 2304 1825 2368 νζ’.
1869 2306 1955 2358 Ἐν
1986 2305 2042 2358 δὲ

481 2391 556 2461 τῷ
585 2393 733 2462 αὐτῷ
787 2394 960 2464 χρόνῳ
997 2395 1137 2448 κατά
1178 2396 1275 2466 τὴν
1305 2397 1903 2469 ἐννεακαιδεκαετηρίδα
1946 2399 2042 2469 τὴν

481 2482 876 2552 συμφωνοῦσαν
899 2487 1009 2548 τοῖς
1030 2487 1366 2556 φαινομένοις
1393 2487 1675 2557 ἐμϐόλιμοι
1703 2491 1868 2560 μῆνες
1895 2491 2045 2557 ἄγον-

477 2592 566 2627 ται
589 2581 694 2639 νςν·
710 2575 848 2628 ὥστε
865 2575 1174 2640 πλεονάζειν
1197 2577 1295 2648 τὴν
1314 2579 1666 2649 όκταετηρίδα
1693 2579 1772 2632 ἑνὶ
1796 2580 1924 2650 μηνὶ
1949 2581 1972 2632 ὲ
1981 2598 2046 2650 μ-

479 2665 705 2738 ϐολίμῳ.
720 2666 832 2720 Οὐκ
847 2669 1005 2739 ἀραή
1037 2669 1359 2740 ὀκταετηρὶς
1385 2673 1531 2740 τρεῖς
1548 2671 1724 2741 μῆνας
1750 2670 1862 2741 ἔχει
1883 2671 2046 2740 ἐμϐο-

478 2757 694 2828 λίμους·
727 2758 862 2811 ἀλλὰ
883 2758 976 2812 καὶ
1003 2759 1143 2813 κατά
1157 2759 1311 2832 τοῦτο
1337 2760 1751 2832 διημάρτηταιή
1777 2760 2040 2832 περίοδος.

551 2849 770 2921 Διόπερ,
798 2849 984 2922 ἐπειδὴ
1012 2831 1458 2922 διημαρτημένην
1482 2848 1619 2905 εἶναι
1650 2831 1925 2905 συνέϐαινε
1947 2852 2044 2922 τὴν

483 2940 837 3010 ὀκταετηρίδα
873 2942 1012 2994 κατά
1051 2942 1244 3002 πάντα,
1290 2941 1480 3012 ἑτέραν
1510 2943 1755 3012 περίοδον
1785 2947 2043 3015 συνεστή-

484 3045 644 3082 σαντο
665 3029 762 3101 τὴν
790 3030 888 3100 τῆς
931 3031 1555 3102 ἐννεακαιδεκαετηρίδος
1600 3034 1648 3087 οἱ
1680 3035 1807 3104 περὶ
1831 3035 2042 3105 Εὐκτή-

484 3139 620 3191 μονα
647 3123 758 3194 (41)
792 3162 808 3186 ,
838 3124 932 3176 καὶ
966 3124 1250 3189 Φίλιππον,
1283 3125 1378 3180 καὶ
1398 3125 1683 3180 Κάλιππον
1704 3127 2040 3199 ἀστρολόγοι.

481 3296 664 3344 versu,
694 3287 751 3334 et
782 3295 904 3349 qua
931 3279 1260 3350 respondent
1290 3297 1320 3336 e
1348 3281 1556 3336 directo
1587 3283 1844 3336 horarum
1875 3285 2041 3339 ratio-

481 3353 626 3405 cinia
662 3351 988 3423 capiantur:
1017 3353 1088 3404 ita
1122 3359 1180 3423 u_t
1226 3353 1271 3404 si
1321 3355 1578 3421 scrupula
1630 3353 1824 3406 diurna
1868 3355 2040 3423 prima

2067 3175 2114 3238 C

2146 1929 2320 2000 Igitur
2371 1931 2424 1984 in
2484 1939 2609 1984 octo
2660 1931 2899 2001 periodis
2944 1933 3010 1986 19
3045 1947 3316 1988 annorum
3355 1935 3708 1992 intercalares

2143 2037 2358 2077 menses
2384 2031 2616 2091 agentur
2649 2023 2744 2086 56,
2785 2023 2837 2076 in
2857 2025 3188 2080 octaeteride
3218 2039 3435 2080 menses
3472 2028 3708 2082 interca-

2142 2115 2285 2169 lares
2338 2125 2574 2183 aguntur
2630 2125 2762 2169 tres.
2819 2115 2987 2184 Igitur
3037 2116 3091 2169 in
3151 2117 3218 2171 19
3266 2119 3706 2181 octaeteridibus,

2142 2224 2263 2279 qua
2288 2208 2498 2263 faciunt
2525 2224 2702 2263 annos
2753 2209 2877 2272 152,
2935 2209 3293 2263 intercalares
3331 2217 3569 2280 aguntur
3615 2208 3704 2264 57.

2142 2301 2201 2354 In
2255 2301 2443 2355 eodem
2501 2309 2742 2370 tempore
2785 2302 2838 2354 in
2908 2300 3134 2370 periodo
3195 2299 3706 2362 decemnovennali,

2142 2407 2263 2460 qua
2323 2392 2656 2462 apparentiis
2706 2393 3013 2462 congruit,
3073 2392 3426 2448 intercalares
3488 2408 3710 2448 menses

2143 2492 2378 2551 aguntur
2402 2482 2488 2535 56.
2520 2481 2707 2551 Itaque
2733 2482 3027 2537 octaeteris
3083 2497 3194 2536 uno
3235 2498 3425 2538 mense
3469 2483 3710 2538 interca-

2142 2573 2248 2627 lari
2309 2582 2534 2644 superat
2598 2573 2884 2643 periodum
2948 2574 3524 2630 decemnovennalem.
3591 2574 3708 2629 Non

2143 2664 2309 2733 igitur
2351 2666 2645 2720 octaeteris
2699 2673 2876 2736 potest
2937 2674 3051 2720 tres
3103 2678 3319 2720 menses
3353 2666 3711 2721 intercalares

2141 2756 2341 2811 habere
2374 2774 2389 2823 ;
2437 2758 2531 2813 sed
2560 2767 2614 2813 et
2640 2759 2753 2813 hac
2770 2757 3026 2827 periodus
3050 2758 3105 2811 in
3133 2758 3235 2812 hoc
3257 2757 3464 2811 fefellit.

2211 2848 2317 2918 23
2352 2848 2716 2914 Quamobrem
2738 2865 2862 2904 cum
2885 2851 3226 2918 contingeret
3257 2848 3587 2904 octaeterida
3614 2863 3710 2918 per

2141 2941 2324 2993 omnia
2389 2941 2645 2996 aberrare
2668 2981 2684 3005 ,
2723 2943 2884 2995 aliam
2953 2941 3363 2996 constituerunt
3399 2940 3707 3010 periodum,

2142 3046 2334 3100 nempe
2380 3031 2962 3098 decemnovennalem,
3013 3032 3337 3096 Euctemon,
3394 3028 3704 3101 Philippus,

2143 3121 2401 3192 Calippus
2422 3123 2703 3194 astrologi.
2749 3122 3126 3180 Observarunt
3154 3126 3300 3179 enim
3341 3124 3396 3179 in
3441 3124 3510 3179 19
3549 3126 3710 3180 annis

2142 3278 2438 3349 redarguit,
2469 3280 2561 3349 qui
2606 3279 2748 3335 diem
2790 3281 2844 3335 in
2874 3279 3082 3336 Gracia
3113 3279 3515 3350 longissimum
3563 3281 3673 3334 scri
3696 3309 3709 3321 -

2140 3357 2323 3418 pserat
2368 3365 2488 3404 eam
2517 3350 2585 3404 ad
2619 3351 2999 3405 brevissimum
3041 3349 3248 3404 habere
3269 3351 3561 3412 rationem,
3587 3366 3711 3418 qua:

481 3424 614 3482 sint,
648 3419 766 3486 qua
796 3422 881 3475 his
933 3421 1281 3490 respondent,
1335 3437 1434 3490 pro
1456 3419 1648 3485 ’horis,
1684 3433 1738 3477 et
1786 3419 2040 3478 horarum
2137 3428 2223 3473 est
2251 3419 2492 3488 quinque
2537 3419 2603 3473 ad
2633 3421 2762 3484 tria,
2793 3436 2916 3474 cum
2975 3429 3154 3473 tamen
3191 3419 3449 3474 Eudoxus
3480 3426 3536 3490 et
3577 3419 3706 3475 Phi-

483 3492 756 3562 scrupnlis
785 3489 977 3562 primis
1007 3489 1346 3562 habeantur.
1365 3490 1422 3545 Si
1452 3494 1708 3562 scrupula
1730 3494 1925 3547 diurna
1957 3510 2042 3549 se-

483 3560 661 3634 cunda
700 3560 982 3634 prOposita
1011 3561 1143 3624 sint,
1179 3562 1324 3634 hora
1351 3563 1463 3615 sint
1488 3560 1784 3632 primorum
1814 3579 2043 3634 scrupu-

482 3631 660 3685 lorum
713 3632 931 3692 instar;
983 3640 1037 3684 et
1087 3633 1342 3700 scrupula
1408 3631 1580 3700 prima
1637 3631 2040 3700 secundorum;

483 3711 648 3770 atque
680 3701 752 3753 ita
781 3701 1372 3772 deincepsqunogradu
1402 3703 1657 3772 scrupula
1686 3703 2040 3758 descendant.

483 3772 562 3825 Ad
594 3773 738 3824 hunc
771 3786 902 3840 ergo
929 3771 1151 3825 modum
1179 3771 1283 3825 ista
1315 3771 1773 3840 comput’abiinus.

553 3955 634 4009 δι’
745 3953 1011 4023 Scrupula
1047 3955 1242 4010 diurna
1360 3887 1520 4008 “102m
1536 3956 1619 4010 24'
1727 3955 1791 4008 0"
1897 3955 1972 4007 0"

556 4026 649 4078 50"
744 4026 991 4081 Secunda
1431 4025 1466 4076 0
1536 4027 1607 4079 ευ
1727 4029 1762 4078 0
1907 4028 1941 4080 0

589 4137 664 4191 8'"
737 4136 921 4192 Tertia
1433 4138 1467 4191 0
1571 4137 1606 4192 0
1731 4138 1766 4190 5
1873 4138 1942 4191 12

555 4208 677 4262 20""
745 4207 950 4274 Quarta
1433 4208 1468 4261 0
1574 4211 1608 4259 0
1731 4211 1766 4260 0
1908 4211 1942 4261 8

703 4321 925 4376 Summa
955 4322 1214 4377 horarum
1405 4321 1473 4375 12
1543 4322 1627 4377 μ’
1700 4323 1795 4377 65"
1866 4322 1978 4376 20'"

554 4433 765 4490 Rursus
803 4450 867 4489 ex
903 4435 1141 4490 secunda
1170 4435 1352 4490 tabula
1394 4435 1782 4504 investigemus
1828 4441 1962 4504 quot
1990 4435 2045 4488 in

491 4520 789 4577 sexagenas
830 4506 1056 4560 diurnas
1084 4515 1487 4559 commutentur
1514 4506 1659 4560 hora
1689 4505 1777 4565 12,
1822 4505 1927 4569 44',
1959 4507 2042 4567 5",
2076 4521 2120 4574 ι)

490 4575 842 4639 20'",'eadem
870 4577 1121 4646 cautione
1149 4582 1384 4638 servata,
1416 4582 1474 4628 ut
1499 4577 1542 4628 si
1577 4577 1725 4628 hora
1756 4579 2046 4646 proposita

490 4647 618 4708 siut,
644 4660 764 4714 qua
790 4647 857 4700 iis
887 4645 1213 4713 respondent
1242 4646 1590 4714 sexagesima
1621 4647 1828 4714 prima,
1852 4645 2049 4701 secun-

489 4717 590 4774 da,
622 4728 754 4777 etc.,
790 4723 849 4768 ut
877 4715 932 4768 in
960 4716 1142 4770 tabula
1173 4724 1372 4768 notata
1403 4723 1551 4776 sunt,
1584 4716 1904 4769 habeantur.
1952 4716 2048 4769 Sin

491 4800 591 4853 pro
612 4786 762 4839 horis
791 4788 1044 4854 scrupula
1073 4795 1463 4854 proponantur,
1496 4794 1610 4838 tum
1641 4786 1786 4840 hora
1812 4789 1865 4839 in
1895 4801 2049 4840 sexa-

495 4857 698 4923 gesima
749 4856 921 4923 prima
980 4856 1195 4908 horaria
1241 4857 1652 4917 convertenda,
1711 4857 2048 4923 sexagesima

489 4926 660 5047 Brima
697 4925 753 4978 in
801 4928 1059 4980 secunda.
1094 4924 1204 4980 Hoc
1247 4927 1409 4978 modo
1437 4925 1620 4994 itaque
1661 4928 1800 4978 ratio
1830 4936 2049 4978 consta-

529 5003 587 5047 ιῐ.
1877 5011 1882 5017 ’

559 5125 716 5180 "ora
1109 5127 1175 5180 12
1351 5129 1435 5182 30'
1539 5129 1600 5182 ον’
1707 5131 1782 5183 0'"
1890 5132 1980 5180 0""

558 5197 627 5250 Sc
636 5213 694 5250 ru
703 5197 828 5266 pula
1104 5195 1190 5250 Μ’
1389 5200 1408 5250 1
1505 5199 1575 5251 50
1713 5203 1748 5253 0
1886 5199 1922 5252 0

556 5307 824 5378 Scrupula
1140 5313 1200 5362 3"
1379 5311 1412 5365 0
1539 5312 1572 5364 0
1715 5313 1744 5364 7
1854 5313 1922 5366 '50

557 5379 825 5447 Scrupula
1102 5379 1211 5433 20'"
1375 5385 1410 5435 0
1540 5383 1574 5433 0
1716 5384 1750 5434 0
1857 5384 1925 5435 50

560 5493 783 5547 Summa
1345 5496 1426 5549 δι’
1501 5495 1596 5549 50"
1721 5496 1792 5548 8'"
1851 5495 1977 5549 20""

555 5585 673 5656 ιμι)
707 5589 770 5656 ρι
803 5587 934 5653 περὶ
980 5587 1350 5656 Εὐκτήμονα.
1398 5587 1590 5641 Mirum
1622 5588 1689 5640 de
1729 5587 1938 5642 Metone
1968 5596 2048 5641 ta-

490 5654 670 5727 cuisse
695 5654 999 5718 Geminum,
1033 5658 1118 5709 cui
1148 5654 1327 5710 tamen
1365 5658 1631 5727 praecipue
1679 5660 1958 5712 inventum
1985 5658 2047 5709 il-

488 5724 576 5776 lud
604 5724 1110 5779 decemnoveunalis
1137 5728 1272 5781 cvdi
1300 5724 1580 5781 tribuitur.

559 5792 921 5863 Hipparchus,
953 5796 1041 5849 lib.
1093 5813 1129 5858 ι,
1158 5792 1386 5866 Philippi
1436 5799 1756 5854 auctoritate
1796 5796 2044 5852 Attalum

2141 3490 3132 3560 lippusiasseverentejusmodiﬁessc,
3176 3491 3354 3560 qualis
3382 3498 3467 3543 est
3501 3489 3710 3560 duode-

2141 3557 2245 3613 cim
2278 3559 2344 3612 ad
2369 3567 2596 3628 septem.
2632 3557 2766 3612 Nam
2797 3575 2920 3613 cum
2949 3559 3176 3613 Eudoxo
3194 3557 3558 3614 consentiens
3578 3558 3709 3614 Phi-

2143 3629 2322 3696 lippus
2367 3628 2628 3684 docuerat
2657 3630 2878 3700 _tropici
2933 3637 3320 3700 segmentum,
3348 3629 3493 3698 quod
3541 3644 3708 3700 supra

2141 3706 2342 3768 terram
2374 3709 2480 3761 est,
2509 3713 2628 3752 eam
2657 3698 2855 3753 habere
2889 3698 3150 3751 ratiunem
3180 3699 3248 3752 ad
3277 3699 3506 3753 alterum
3561 3698 3708 3768 quod

2143 3767 2248 3838 sub
2272 3777 2417 3838 terra
2439 3777 2542 3830 est,
2565 3783 2686 3838 qua
2709 3778 2794 3823 est
2822 3769 3108 3838 duodecim
3131 3769 3197 3821 ad
3220 3777 3447 3838 septem.
3475 3767 3708 3838 Ὁμοίως

2142 3837 2200 3890 δὲ
2263 3837 2436 3908 τούτῳ
2482 3837 2597 3890 καὶί
2622 3837 2730 3891 τῶν
2781 3839 2914 3909 ,περὶ
2956 3837 3221 3891 Φίλιππον
3263 3837 3705 3909 ἀναγραψάντων.

2143 3922 2305 3976 quem
2393 3917 2447 3961 et
2525 3908 2985 3976 συγκαταδύσεις,
3043 3915 3097 3961 et
3175 3908 3534 3971 συνανατολάς
3598 3909 3709 3962 τῶν

2144 3977 2378 4046 ἄστρων.
2405 3979 2561 4047 quasi
2586 3979 2652 4031 ad
2677 3980 2841 4032 situm
2871 3977 3092 4032 Gracia
3117 3980 3513 4048 conscripsisse
3539 3978 3704 4032 dicit:

2145 4062 2268 4099 cum
2319 4057 2498 4101 tamen
2532 4050 2585 4101 in
2631 4064 2696 4103 eo
2737 4049 2848 4103 sint
2877 4048 3219 4102 hallucinati.
3257 4047 3422 4117 Igitur
3451 4058 3604 4103 ortus
3632 4053 3710 4105 si-

2145 4117 2334 4187 derum
2375 4125 2450 4187 _et
2491 4131 2722 4171 occasus
2756 4120 3040 4187 pr0posuit
3069 4118 3123 4170 in
3154 4129 3533 4187 parapegmate
3582 4118 3711 4173 Plii-

2145 4186 2344 4256 lippus.
2374 4185 2698 4242 Plutarchus
2738 4185 2791 4240 iii
2823 4185 2982 4243 tract.
3013 4207 3025 4240 :
3063 4185 3183 4239 Ὄτὶ
3234 4185 3378 4241 οὑδὲ
3403 4187 3509 4255 ζῇν
3539 4189 3712 4243 ἐστιν

2145 4255 2336 4322 ἡδέως
2388 4257 2512 4309 κατ’
2557 4258 2922 4325 Ἐπίκουρον,
2974 4258 3219 4326 ejusdem
3250 4257 3482 4326 Philippi
3516 4258 3706 4313 inven-

2146 4335 2262 4380 tutn
2309 4342 2432 4380 esse
2470 4328 2680 4386 scribit,
2717 4329 3234 4382 demonstrationem
3277 4327 3573 4382 schematis
3625 4329 3710 4381 Ιιι-

2148 4410 2231 4449 na
2257 4415 2268 4450 :
2299 4397 2466 4467 _Tiva;
2508 4397 2748 4467 οἰόμεθα,
2800 4398 2904 4467 και
2933 4397 3169 4465 πηλίκας
3199 4395 3390 4467 ήδονάς
3437 4397 3543 4467 ἀπὸ
3567 4413 3709 4464 γεω-

2151 4465 2375 4534 μετρίας
2430 4465 2792 4536 δρέπεσθαιπ
2827 4466 2920 4519 καὶ
2976 4466 3362 4536 ἀστρολογίας,
3417 4466 3709 4536 Εὐκλείδην

2147 4537 2425 4605 γράφοντα
2461 4534 2528 4587 τὰ
2559 4535 2828 4596 διοπτικά,
2875 4537 2968 4588 καί
3015 4534 3276 4588 Φίλιππον
3322 4534 3711 4591 ἀποδεικνύντα

2151 4607 2278 4675 περὶ
2313 4605 2406 4657 τοῦ
2441 4609 2712 4675 σχήματος
2745 4607 2844 4674 τῆς
2880 4605 3144 4674 σελήνης;
3200 4606 3346 4669 Quas
3394 4614 3445 4656 et
3484 4616 3708 4673 quantas

2150 4674 2433 4740 voluptates
2471 4674 2730 4728 credimus
2770 4692 2796 4726 e
2822 4678 3105 4744 geometria
3126 4687 3175 4732 et
3205 4674 3498 4744 astrologia
3527 4675 3709 4728 decer—

2151 4746 2315 4814 psisse
2352 4745 2642 4809 Euclidem,
2672 4762 2788 4797 cum
2834 4745 3080 4797 scriberet
3118 4746 3381 4812 dioptica;
3418 4745 3709 4799 PIIILIPPUI

2150 4817 2595 4869 demonstratione
2639 4816 2704 4867 de
2753 4817 2925 4884 figura
2976 4816 3112 4867 (mm:
3165 4817 3352 4868 litteris
3413 4815 3711 4871 mandata?

2151 4885 2357 4942 Plinius
2385 4886 2476 4938 lib.
2510 4902 2660 4948 xvm,
2705 4883 2825 4953 cap.
2861 4886 2948 4946 51,
2979 4884 3304 4955 Philippum,
3339 4883 3522 4937 laudat
3551 4900 3710 4955 para-

2151 4957 2415 5023 pegmatis
2452 4966 2748 5012 auctorem.
2781 4958 2835 5007 iu
2883 4970 2992 5024 quo
3025 4958 3302 5008 stellarum
3350 4962 3505 5008 ortus
3544 4969 3709 5024 occa-

2152 5040 2354 5092 susque
2401 5026 2786 5094 descripserat,
2827 5023 3051 5092 perinde
3086 5040 3149 5079 ac
3196 5024 3503 5093 Calippum,
3555 5023 3711 5076 Dosi-

2151 5095 2357 5155 theum,
2395 5094 2696 5155 Eudoxum,
2732 5105 2786 5146 et
2817 5098 2972 5153 alios.
3004 5095 3096 5162 qui
3128 5095 3328 5162 passim
3375 5095 3442 5146 ab
3471 5095 3708 5161 antiquis

2150 5178 2215 5217 eo
2263 5166 2480 5218 nomine
2509 5166 2766 5217 citantur.
2819 5164 3018 5218 Deinde
3061 5164 3387 5217 consentiunt
3435 5162 3590 5232 (quod
3631 5173 3708 5216 est

2151 5236 2354 5304 rarum)
2407 5235 2730 5304 PHILIPPUS,
2790 5233 3074 5302 Calippus,
3121 5234 3432 5304 Dosithﬁeus,
3487 5232 3710 5304 Par_mc-

2152 5301 2348 5363 uiscus,
2384 5303 2582 5364 Conon,
2616 5305 2822 5364 Criton,
2870 5301 3218 5366 Democritus,
3267 5302 3544 5362 Eudoxus,
3582 5301 3706 5364 Ion,

2151 5389 2204 5425 tv
2230 5372 2276 5424 Κ
2285 5377 2357 5428 al.
2393 5375 2574 5429 Octob.
2603 5374 2872 5442 Capellam
2894 5375 3152 5426 matutino
3180 5375 3396 5434 exoriri,
3429 5382 3479 5424 et
3505 5387 3564 5427 nt
3593 5369 3708 5424 Ka-

2152 5445 2291 5498 lend.
2334 5445 2547 5498 Hados.
2604 5447 2740 5498 'l‘uin
2775 5446 2866 5498 lib.
2921 5461 2935 5497 ι
2987 5443 3710 5512 ἰηίεοιοιοεοίῖεετίριοιουη)

2149 5525 2493 5568 externorum
2539 5515 2631 5568 lib.
2689 5531 2816 5568 xviii
2861 5529 2984 5567 cum
3033 5511 3290 5578 Thalete,
3329 5511 3574 5568 Eudoxo.
3605 5511 3716 5564 Ca-

2151 5584 2315 5653 lippo,
2354 5584 2629 5648 Dositheo,
2674 5594 2804 5638 etc...
2855 5585 3163 5637 nominatur
3191 5581 3490 5653 Philippus.
3528 5580 3708 5653 Ptole—

2149 5650 2316 5708 niaus
2343 5657 2397 5708 in
2432 5655 2569 5706 libro
2600 5655 2675 5707 De
2693 5655 2978 5723 signiﬁcat.
3010 5650 3453 5723 ﬁxamerrace
3488 5652 3713 5723 a_nobis

2147 5724 2314 5784 edito,
2348 5724 2576 5792 Philippi
2610 5719 2928 5793 parapegma
2959 5719 3066 5776 non
3097 5722 3272 5793 semel
3291 5723 3493 5793 laudat.
3525 5719 3704 5793 Theti:

2147 5807 2285 5849 xxx:
2313 5797 2370 5850 '0
2396 5791 2572 5856 κοινὸς
2603 5791 2831 5858 Ἵππου,
2867 5795 2959 5848 καὶ
2996 5791 3350 5864 ’Δνδρομέδσς
3377 5791 3509 5864 ἑῷος
3538 5791 3710 5845 δύνει.
