4146 6440
432 367 538 430 815

1438 356 1781 417 APPENDIX
1821 358 1914 414 AD
1952 357 2228 416 EUSEBII
2263 354 2685 416 CHRONICON.

3589 354 3695 411 816

435 482 703 539 contineri
735 479 855 535 dies
874 479 1039 544 6940,
1072 494 1289 537 menses
1317 494 1447 535 vero
1471 479 1579 535 255
1606 494 1730 534 cum
1765 479 2004 535 interca-

2109 478 2504 550 Παρετὴρησαν
2533 475 2643 549 γὰρ
2675 477 2734 529 ἐν
2766 476 2877 538 τοῖς
2915 474 2978 527 ιϐ’
3007 474 3150 528 ἔτεσι
3185 472 3532 546 περιέχεσθαι
3560 474 3699 545 ἡμέ-

434 572 647 628 laribus
674 570 977 626 mensibus.
1007 570 1259 641 Aguntur
1284 579 1464 627 autem
1488 571 1544 625 in
1569 571 1631 626 l9
1661 571 1821 627 annis
1851 586 2008 626 men.

435 678 527 720 ses
576 662 936 717 intercalares
991 669 1221 732 septem.
1258 662 1451 717 Annus
1502 661 1669 732 igitur
1704 661 2005 717 secundum

432 769 531 811 eos
568 753 629 808 ﬁt
667 753 882 809 dierum
913 752 1020 809 365
1056 753 1218 825 5/l9.
1271 752 1330 807 ln
1368 754 1651 808 mensibus
1689 760 1872 808 autem
1899 751 2007 806 255

434 861 603 903 cavos
632 853 938 917 posuerunt
967 845 1091 910 110,
1123 846 1312 915 plenos
1345 859 1476 899 vero
1504 844 1625 899 125.
1663 844 1852 915 itaque
1895 859 2007 898 non

437 940 621 1011 agitur
653 955 797 995 unus
818 946 941 1009 post
970 938 1200 994 alterum
1231 953 1400 994 cavus
1432 944 1489 993 et
1517 939 1739 1009 plenus,
1798 938 1893 994 sed
1921 937 2008 992 in-

436 1031 651 1087 terdum
676 1046 895 1101 quoque
920 1029 1028 1084 duo
1057 1029 1198 1100 pleni
1236 1030 1667 1085 continuantur.
1699 1028 1815 1085 Hoc
1860 1030 2009 1085 enim

436 1132 635 1179 natura
675 1124 731 1177 in
757 1120 1094 1193 apparentiis
1144 1119 1383 1175 admittit
1419 1121 1489 1176 ad
1527 1122 1671 1176 luna:
1710 1121 2006 1186 rationem,

435 1213 585 1284 quod
612 1212 667 1266 in
699 1210 1029 1267 octaeteride
1053 1225 1161 1265 non
1192 1211 1386 1265 inerat.
1426 1212 1488 1266 1n
1512 1210 1620 1266 235
1648 1219 1830 1266 autem
1854 1226 2011 1267 men-

437 1306 592 1361 sibus
608 1317 772 1358 cavos
805 1311 1112 1373 posuerunt
1152 1302 1257 1357 110
1285 1310 1510 1373 propter
1570 1303 1715 1357 hanc
1762 1318 2005 1359 causam.

434 1396 572 1451 Cum
607 1409 826 1449 menses
854 1401 1089 1463 agantur
1111 1393 1219 1448 255
1243 1395 1298 1447 in
1322 1393 1390 1449 19
1408 1394 1588 1455 anuis.
1612 1395 1887 1449 ﬁnxerunt
1909 1395 2009 1450 hos

435 1503 627 1544 omnes
663 1487 735 1543 30
771 1487 1021 1551 dierum;
1054 1494 1109 1541 et
1139 1486 1475 1556 colliguntur
1495 1487 1614 1542 dies
1645 1486 1802 1541 7050.
1837 1485 2011 1559 Opor-

434 1581 586 1635 tebat
629 1587 814 1634 autem
860 1578 969 1633 dici
1016 1577 1123 1631 110
1177 1591 1365 1641 cavos,
1399 1592 1564 1647 quam
1595 1577 1668 1632 ob
1688 1591 1912 1633 causam
1954 1576 2009 1630 in

434 1670 663 1742 periodo
687 1669 1175 1726 decemnovennali
1208 1669 1326 1727 dies
1385 1669 1521 1724 liunt
1572 1670 1879 1726 secundum
1923 1669 2011 1725 lu-

435 1778 564 1819 nam
604 1762 767 1819 69‘40.
789 1761 928 1817 Cum
989 1763 1156 1834 igitur
1188 1777 1383 1818 omnes
1417 1778 1639 1818 menses
1692 1764 1762 1818 50
1793 1763 2010 1818 dierum

437 1860 695 1925 aguntur,
721 1854 843 1909 dies
870 1854 1011 1910 7050
1042 1863 1305 1924 superant
1333 1854 1454 1910 dies
1479 1853 1641 1916 6940,
1678 1854 2011 1910 diebusllo.
2045 1845 2090 1900 Β

436 1945 619 2014 Quare
646 1946 749 2003 110
780 1963 996 2004 menses
1020 1948 1289 2019 colligunt
1325 1962 1516 2011 cavos,
1554 1955 1613 2001 ut
1651 1947 1708 2001 in
1728 1948 1837 2003 235
1860 1963 2016 2003 men-

438 2039 595 2094 sibus
649 2039 1031 2109 compleantur
1085 2041 1205 2095 dies
1238 2037 1449 2109 periodi
1499 2038 2017 2094 decemnovennalis

437 2129 619 2199 6940;
659 2137 742 2194 ut,
773 2137 1039 2201 quantum
1081 2132 1305 2197 licebat,
1339 2130 1579 2187 maxime
1608 2146 1676 2187 ex
1703 2145 1862 2201 aequo
1902 2132 2017 2187 die-

437 2236 564 2275 rum
610 2221 986 2291 exemptilium
1034 2220 1446 2277 administratio
1484 2221 1664 2286 ﬁeret,
1710 2222 2019 2278 diviserunt

438 2311 582 2368 6940
598 2312 716 2369 dies
745 2315 800 2367 in
833 2313 958 2367 110.
992 2311 1158 2367 Fiunt
1188 2314 1357 2385 igitur
1385 2315 1503 2370 dies
1529 2314 1620 2369 65.
1644 2313 1749 2369 Per
1776 2316 1896 2372 dies
1919 2315 2015 2386 igi-

442 2416 535 2461 tur
568 2404 640 2460 65
664 2414 881 2476 oportet
919 2421 1087 2459 unum
1145 2405 1494 2475 cxemptilem
1550 2405 1733 2461 facere
1779 2406 1921 2461 diem
1963 2407 2019 2461 in

437 2497 636 2553 eadem
666 2497 914 2568 periodo.
956 2496 1144 2567 Neque
1178 2512 1398 2566 semper
1434 2497 1493 2551 ﬁt
1540 2498 1849 2569 exemptilis
1900 2498 2019 2555 dies

446 2588 788 2653 tricesimus,
812 2588 904 2643 scd
939 2588 1006 2655 is,
1035 2587 1130 2658 qui
1157 2598 1282 2657 post
1308 2588 1381 2643 65
1405 2588 1524 2643 dies
1550 2588 1719 2654 cadit,
1751 2590 2014 2661 exempti-

438 2680 510 2736 lis
535 2678 760 2735 dicitur.
816 2676 877 2733 In
937 2679 1042 2734 hac
1087 2678 1618 2751 periodo'videntur
1650 2694 1867 2735 menses
1897 2679 2023 2749 pulo

439 2773 575 2829 cbre
604 2771 831 2841 sumpti,
852 2778 906 2826 et
935 2770 1295 2827 intercalares
1329 2770 1411 2826 sic
1440 2769 1702 2833 ordinati,
1728 2779 1790 2825 ut
1819 2770 1887 2824 ad
1914 2785 2017 2841 ap-

440 2863 721 2934 parentias
751 2872 1075 2932 congruant.
1113 2860 1353 2933 Tempus
1376 2877 1510 2917 vero
1569 2876 1812 2916 annuum
1852 2876 2022 2931 appa-

437 2954 632 3010 rentiis
666 2968 970 3023 congruum
1011 2960 1291 3028 sumptum
1339 2959 1444 3009 est.
1499 2951 1637 3006 Nam
1677 2958 1893 3022 tempus
1921 2967 2022 3006 an-

438 3058 609 3098 nuum
673 3058 739 3098 ex
793 3042 1046 3113 pluribus
1113 3042 1275 3096 annis
1338 3041 1689 3098 observatum
1739 3042 2014 3113 congruit,

438 3136 588 3210 quod
613 3136 686 3192 sit
717 3136 929 3192 dierum
975 3135 1081 3191 565
1115 3134 1238 3207 1/4.
1274 3134 1345 3190 At
1374 3151 1555 3193 annus
1577 3150 1644 3190 ex
1670 3135 2013 3191 enneadeca-

436 3227 644 3285 eteride
677 3229 940 3286 collectus
962 3235 1181 3283 constat
1201 3227 1393 3283 diebus
1411 3229 1513 3283 365
1532 3228 1692 3300 5/19,
1711 3229 1804 3299 qui
1823 3244 2018 3285 nume-

438 3337 535 3377 rus
554 3336 859 3377 numerum
880 3320 1129 3392 5651/4,
1160 3328 1386 3392 superat
1405 3321 1430 3374 1
1435 3321 1565 3393 /76.
1592 3320 1771 3389 Quam
1792 3321 1864 3377 ob
1885 3337 2018 3377 cau-

439 3430 556 3469 sam
584 3412 848 3485 Calippus
873 3428 1001 3469 cum
1036 3412 1153 3469 suis
1175 3423 1537 3470 correxerunt
1565 3420 1855 3471 excesSum
1887 3416 2017 3485 diei,

437 3515 493 3558 et
521 3503 929 3558 constituerunt
958 3500 1243 3571 periodum
1300 3502 1370 3557 76
1412 3516 1707 3568 annorum,
1756 3510 2021 3558 constan-

437 3601 550 3647 tem
579 3609 647 3648 ex
690 3601 931 3664 Quatuor
1000 3591 1616 3660 decemnovennalibus,
1661 3608 1786 3666 quae
1836 3594 2019 3650 conti-

438 3692 574 3740 nent
615 3700 835 3740 menses
881 3683 1108 3754 quidem
1161 3684 1287 3748 940,
1348 3701 1379 3741 e
1425 3687 1627 3757 quibus
1660 3688 2020 3743 intercalares

436 3771 531 3836 28,
568 3769 687 3827 dies
716 3786 850 3827 vero
877 3771 1140 3828 22759".
1172 3773 1378 3830 Ordine
1421 3783 1605 3832 autem
1637 3777 1911 3833 mensium
1943 3779 2023 3832 in-

439 3862 796 3919 tercalarium
828 3863 997 3919 simili
1046 3874 1175 3920 sunt
1214 3867 1319 3921 usi.
1372 3865 1451 3922 Ac
1502 3867 1721 3923 videtur
1772 3870 2019 3925 omnium

440 3954 682 4009 maxime
737 3952 930 4010 eadem
989 3956 1254 4027 periodus
1321 3958 1391 4014 ad
1469 3959 1821 4030 apparentias
1877 3976 2016 4018 con-

440 4057 660 4114 gruere.

1022 4326 1414 4435 duorm.

816 4472 900 4528 De
933 4474 1075 4531 Iunce
1107 4477 1629 4549 illuminationibus.

511 4588 662 4644 Luna
686 4602 718 4643 a
746 4591 865 4645 sole
885 4591 1255 4661 illuminatur,‘
1289 4590 1517 4668 semper
1541 4598 1691 4655 enim
1718 4603 2013 4671 spienden-

438 4687 549 4733 tezn
597 4688 809 4750 partem
856 4681 1020 4740 habet
1067 4699 1394 4744 conversam
1444 4689 1515 4745 ad
1564 4692 1734 4747 solem
1762 4712 1775 4749 :
1803 4702 1859 4750 et
1888 4710 2015 4752 cum

437 4769 616 4823 oz-itnr
666 4777 793 4826 ante
844 4771 1038 4838 solem,
1060 4788 1189 4843 pars
1222 4776 1346 4845 ejus
1398 4777 1700 4847 splendens
1731 4781 1799 4837 ad
1823 4791 2008 4839 ortum

542 4925 586 4956 ³⁷
613 4923 741 4981 Haec
767 4928 1101 4995 cumZGraaco
1125 4946 1237 4987 non
1273 4934 1632 4990 concordant.

434 5080 804 5167 ontﬁpow,”
847 5085 1136 5167 malum)
1171 5165 1179 5167 _
1213 5088 1311 5141 καὶ
1368 5089 1576 5167 Κόνωνι
1626 5092 2001 5167 ἐπισημαίνει.

434 5150 564 5205 item
750 5157 839 5210 die
884 5156 1080 5228 Athyr,
1108 5150 1187 5228 ἐι
1235 5174 1327 5213 xxr
1383 5159 1471 5215 die
1503 5163 1732 5228 Mechir,
1766 5150 1865 5222 nec
1895 5150 2005 5222 non

434 5237 588 5305 1x1},-
613 5222 1111 5305 OPhamenothjm,
1156 5227 1477 5305 Pharniuthi
1527 5249 1641 5292 ιιι,
1696 5222 1917 5292 Pachon
1950 5254 2004 5302 v,

436 5289 629 5375 Epiphi
661 5294 864 5377 xuv.__ln
910 5298 1063 5377 calce
1095 5289 1222 5377 itero
1256 5300 1583 5377 scholiastes
1615 5289 1731 5359 loca
1780 5289 2009 5377 βάξειίέ

434 5379 590 5446 scus,
615 5365 674 5446 in
688 5367 899 5446 quibus
930 5369 1343 5446 observationes
1381 5373 1579 5446 abiis.
1612 5365 1846 5446 quorum
1878 5394 2010 5433 usus

432 5438 550 5514 erat
577 5436 927 5514 testimoniis,
972 5438 1130 5514 factae
1173 5450 1324 5504 sunt,
1372 5436 1680 5514 rhilippuiu
1713 5449 1790 5501 ait
1825 5448 1880 5501 in
1914 5447 2016 5504 Pe-

435 5503 736 5587 loponneso
788 5518 848 5587 ει
876 5509 1131 5587 _l_.0_cride
1175 5503 1451 5587 versatum
1478 5503 1642 5587 esse.
1684 5503 2013 5587 Stephanus

781 5578 844 5667 in
876 5580 1094 5667 Μέδμη,
1136 5598 1259 5667 qua:
1292 5593 1377 5667 es_t
1400 5570 1667 5667 Meilama'
1680 5570 2012 5667 molimen}.

432 5643 690 5777 ἓρξέῗὸἓι
721 5649 838 5749 :"0
880 5643 1105 5723 πολίτης
1144 5643 1443 5723 Μεδμαίος,
1476 5654 1598 5708 ὅθεν
1640 5652 1725 5745 ἦνν
1750 5643 2013 5723 Φίλιππος

674 5731 767 5797 γο..
800 5718 961 5797 άνὴῇ
1005 5723 1034 5773 ὁ
1062 5724 1191 5797 περί
1223 5724 1441 5797 ἀνέμων
1474 5742 1788 5797 γεγραφως.
1840 5730 2012 5785 Italus

430 5797 585 5854 ergo,
636 5792 803 5857 atque
843 5790 1151 5851 c'Bruttiis'
1177 5790 1446 5851 oriundus
1487 5790 1597 5852 fuit
1643 5790 1878 5857 exiiuius
1920 5802 2011 5859 illc

2111 585 2212 639 ρας
2233 570 2414 638 ,ςῧμκ
2449 569 2624 638 μῆνας
2655 566 2712 619 δὲ
2740 566 2845 619 σλε⁹
2874 567 2971 620 σὺν
2994 568 3103 629 τοῖς
3124 564 3463 636 ὲμδολίμοις.
3504 565 3698 634 ’Δγον-

2107 676 2196 713 ται
2221 659 2279 712 δὲ
2300 661 2359 713 ὲν
2391 661 2503 722 τοῖς
2535 658 2599 712 ιϐ’
2624 656 2767 711 ἔτεσι
2786 658 2953 729 μῆνες
2973 656 3260 729 ἐμϐόλιμοι
3291 656 3453 711 ἑπτά.
3485 656 3699 710 Γίνεται

2108 746 2203 805 οὖν
2228 752 2259 804 ὁ
2286 751 2533 815 ἐνιαυτὸς
2566 749 2688 803 κατ’
2720 748 3157 821 αὑτοὺςὴμερῶν
3188 746 3296 813 τξε’
3327 749 3421 802 καὶ
3449 754 3489 801 ε’
3518 749 3702 801 ἐννεα-

2112 842 2472 897 καιδεκάτων.
2517 843 2606 896 Ἐν
2627 842 2685 896 δὲ
2714 844 2828 905 τοῖς
2846 841 2948 894 σλε¹
2979 842 3113 912 μησί
3133 841 3347 903 κοίλους
3381 839 3576 906 ἔταξαν
3610 844 3698 910 ρι’,

2110 935 2343 1007 πλήρεις
2372 934 2429 988 δὲ
2461 933 2572 1008 ρκε¹
2597 951 2612 965 ’
2636 934 2777 987 ὥστε
2809 934 2884 1005 μὴ
2910 933 3141 1002 ἄγεσθαι
3169 933 3267 986 ἕνα
3291 933 3387 985 καὶ
3412 932 3508 985 ἓνα
3524 932 3701 985 κοῖλον

2110 1029 2206 1082 καὶ
2227 1028 2430 1101 πλήρη,
2463 1026 2601 1082 άλλά
2643 1028 2738 1080 καὶ
2791 1026 2834 1097 β’
2864 1027 2995 1081 ποτὲ
3019 1024 3162 1080 κατὰ
3190 1023 3252 1078 τὸ
3291 1024 3419 1095 ἑξῆς
3450 1022 3698 1094 πλήρεις.

2110 1121 2282 1175 Τοῦτο
2305 1121 2415 1193 γὰρ
2464 1122 2499 1191 ἡ
2545 1119 2708 1189 φύσις
2759 1120 2851 1172 ἐπὶ
2878 1118 2985 1172 τῶν
3006 1117 3347 1189 φαινομένων
3391 1116 3702 1186 ἐπιδέχεται

2110 1213 2247 1285 πρὸς
2270 1214 2360 1267 τὸν
2389 1213 2490 1282 τῆς
2523 1212 2750 1284 σελήνης
2782 1210 2940 1280 λόγον
2958 1228 2971 1240 ’
3005 1212 3143 1281 ὅπερ
3167 1212 3226 1264 ὲν
3251 1212 3320 1281 τῇ
3357 1207 3701 1278 ὀκταετηρίδι

2110 1306 2211 1359 οὐκ
2231 1306 2377 1377 ἐνῆν.
2415 1306 2505 1358 Ἐν
2535 1305 2591 1358 δὲ
2612 1307 2726 1368 τοῖς
2754 1303 2858 1357 σλε¹
2902 1303 3037 1374 μησί
3063 1302 3279 1366 κοίλους
3316 1299 3512 1366 ἔταξαν
3539 1299 3606 1368 ρι’
3632 1299 3703 1354 δι’

2111 1399 2291 1453 αἰτίαν
2321 1398 2598 1469 τοιαύτην.
2629 1399 2779 1451 Ἐπεὶ
2814 1396 2980 1468 μῆνες
3012 1396 3233 1465 ἄγονται
3260 1394 3364 1449 σλε¹
3397 1395 3456 1447 ὲν
3498 1396 3610 1458 τοῖς
3639 1392 3703 1447 ιϐ’

2112 1490 2307 1555 ἐτεσιν,
2347 1491 2726 1561 ὑπεστήσαντο
2753 1488 2978 1551 τούτους
3011 1488 3259 1549 ἅπαντας
3306 1483 3704 1557 τριακονθημέ-

2117 1600 2243 1654 ρους
2262 1600 2274 1611 ·
2319 1582 2415 1636 καὶ
2450 1582 2772 1650 συνάγονται
2804 1579 3011 1650 ἡμέραι
3045 1577 3156 1643 ,ζν’.
3191 1577 3345 1631 Ἔδει
3368 1577 3426 1630 δὲ
3449 1576 3702 1646 λέγεσθαι

2117 1681 2183 1746 ρι’
2206 1672 2441 1737 κοίλους,
2504 1673 2571 1725 δι’
2621 1672 2688 1743 ἢν
2740 1672 2921 1725 αἰτίαν
2981 1673 3053 1742 τῇ·
3109 1667 3701 1739 ἐννεακαιδεκαετηρίδι

2114 1763 2319 1835 ἡμέραι
2368 1764 2608 1831 γίνονται
2657 1761 2799 1815 κατὰ
2829 1760 3059 1831 σελήνην
3090 1758 3271 1829 ,ςεὶλμκ
3314 1757 3705 1823 Πλεονάζουσιν

2116 1853 2232 1921 οὖν,
2260 1854 2742 1929 τριακονθημέρων
2786 1852 3071 1924 ἀγομένων
3103 1853 3319 1906 πάντων
3352 1850 3463 1904 τῶν
3498 1850 3703 1923 μηνῶν,

2118 1950 2176 2003 αἰ
2199 1949 2288 2013 ,ζν’
2310 1947 2513 2020 ἡμέραι
2555 1947 2664 2000 τῶν
2688 1943 2847 2017 ,ςῇμ
2878 1944 3102 2017 ἡμερῶν
3139 1944 3355 2015 ἡμέρας
3405 1950 3491 2015 ρι’.
3520 1943 3613 1996 Διὸ
3639 1932 3707 2014 ρι’

2122 2041 2299 2112 μῆνας
2329 2040 2623 2110 συνάγουσι
2662 2036 2900 2103 κοίλους,
2938 2038 3023 2091 ἵνα
3044 2038 3101 2089 ὲν
3123 2040 3235 2101 τοῖς
3255 2036 3359 2090 σλε’
3394 2036 3532 2107 μησί
3561 2053 3702 2105 συμ-

2119 2133 2483 2207 πληρωθῶσιν
2540 2134 2598 2187 αἰ
2645 2133 2747 2204 τῆς
2799 2131 3435 2204 ἑννεακαιδεκαετηρίδος
3500 2131 3707 2203 ἡμέραι

2119 2230 2298 2297 ιςῧμβ
2317 2226 2473 2291 ἴνα³⁵,
2497 2226 2573 2290 ὡς
2589 2224 2884 2296 ἐνδέχεται.
2912 2224 3143 2296 μάλιστα
3159 2225 3224 2278 δι’
3248 2223 3410 2295 ἴσουὴ
3430 2223 3539 2277 τῶν
3559 2225 3708 2291 ἐξαι-

2123 2318 2358 2389 ρεσίμων
2389 2316 2612 2388 ἡμερῶν
2639 2316 2864 2386 γένηται
2894 2315 3268 2387 πραγματεία,
3302 2316 3566 2389 ὲμέρισαν
3608 2318 3709 2379 τὰς

2119 2412 2279 2479 ,ςὲρί
2324 2408 2541 2480 ἡμέρας
2585 2407 2666 2471 εἰς
2717 2414 2805 2479 ρι’.
2841 2407 3089 2461 Γίνονται
3120 2403 3214 2461 οὖν
3256 2407 3461 2479 ἡμέραι
3499 2405 3597 2475 ξγ¹.
3628 2407 3708 2461 Δι’

2117 2495 2343 2569 ἡμερῶν
2373 2497 2482 2567 ἄρα
2518 2496 2631 2566 (42)
2683 2495 2763 2564 ξγ¹
2793 2495 3142 2568 ὲξαιρέσιμον
3179 2496 3278 2569 τὴν
3307 2498 3519 2569 ἡμέραν
3552 2497 3708 2567 ἄγειν

2119 2586 2281 2642 δείνὲν
2311 2588 2449 2659 αὐτῇ
2479 2590 2546 2659 τῇ
2594 2586 2851 2657 περιόδῳ.
2884 2588 3020 2642 Οὐδὲ
3061 2587 3272 2656 γίνεται
3299 2587 3647 2659 ὲξαιρέσιμος
3670 2590 3705 2659 ἡ

2120 2678 2353 2749 τριακὰς
2395 2677 2485 2730 διὰ
2526 2676 2749 2741 παντὸς,
2786 2676 2903 2731 ἀλλ’
2931 2677 2965 2747 ἡ
2997 2676 3086 2730 διὰ
3122 2676 3230 2731 τῶν
3260 2676 3337 2746 ξγ¹
3361 2676 3586 2749 ἡμερῶν
3614 2677 3708 2731 πί-

2120 2790 2331 2827 πτουσα
2348 2772 2695 2843 ὲξαιρέσιμος
2709 2772 2949 2840 λέγεται.
2987 2772 3075 2826 Ἑν
3096 2772 3154 2825 δὲ
3186 2774 3253 2843 τῇ
3283 2771 3515 2842 περιόδῳ
3534 2768 3707 2841 ταύτῃ

2119 2863 2366 2916 δοκοῦσιν
2397 2866 2447 2916 οἰ
2480 2864 2578 2934 μὲν
2615 2864 2783 2934 μῆνες
2816 2862 2998 2927 καλῶς
3030 2862 3303 2935 εἰλῆφθαι,
3346 2864 3438 2917 καὶ
3469 2864 3518 2916 οἰ
3545 2863 3709 2933 ἐμϐό-

2120 2955 2271 3027 λιμοι
2306 2955 2615 3028 συμφώνως
2639 2960 2753 3021 τοῖς
2780 2957 3127 3028 φαινομένοις
3157 2956 3528 3027 διατετάχθαι.
3573 2957 3631 3009 '0
3651 2955 3709 3009 δὲ

2123 3049 2394 3115 ἐνιαύσιος
2450 3048 2641 3122 χρόνος
2674 3050 2964 3122 σύμφωνος
3004 3051 3070 3083 ³⁸⁸
3104 3051 3357 3122 εἴληπται
3383 3053 3497 3113 τοῖς
3526 3065 3708 3121 φαινο-

2128 3140 2327 3211 μένοις.
2366 3141 2424 3195 '0
2486 3141 2597 3214 γὰρ
2645 3142 2917 3206 ἐνιαύσιος
2963 3142 3153 3214 χρόνος
3178 3143 3243 3199 ὲκ
3278 3142 3540 3195 πλειόνων
3574 3141 3710 3193 ὲτῶν

2120 3233 2639 3305 παρατετηρημένπ
2666 3232 3121 3305 συμπεφώνηκεν,
3174 3234 3256 3287 ὃτι
3301 3234 3447 3287 ἐστὶν
3484 3232 3710 3305 ἡμερῶν

2118 3325 2225 3393 τξε¹
2256 3325 2385 3397 αίβ.
2435 3326 2493 3380 '0
2520 3326 2578 3379 δὲ
2607 3327 2673 3380 ὲκ
2706 3326 2807 3396 τῆς
2848 3325 3383 3398 ὲννεαδεκαετηρίδος
3410 3326 3710 3398 συναγόμε-

2119 3435 2208 3482 νος
2236 3418 2481 3483 ὲνιαυτός
2514 3420 2662 3472 ἐστιν
2691 3419 2913 3490 ἡμερῶν
2943 3419 3071 3486 τξε’,
3118 3419 3616 3474 ὲννεακαιδεκάτων
3643 3425 3704 3475 ε’.

2120 3510 2481 3575 Πλεονάζουσι
2526 3511 2584 3565 δὲ
2612 3505 2775 3565 αὗται
2810 3511 2917 3565 τῶν
2941 3513 3047 3577 τξε⁹
3085 3512 3186 3580 αλδ
3222 3512 3433 3583 ἡμέρας
3479 3512 3711 3584 ἑϐδομη-

2120 3602 2414 3675 κονθέκτῳ.
2446 3604 2523 3656 Δι’
2539 3603 2606 3675 ἢν
2638 3603 2815 3659 αἰτίαν
2854 3605 2905 3658 οἱ
2946 3606 3074 3677 περὶ
3105 3603 3390 3660 Κάλιππον
3430 3605 3710 3677 γενόμενοι

2119 3693 2437 3764 ἀστρολόγοι
2474 3693 2854 3766 διωρθώσαντο
2911 3695 2974 3749 τὸ
3005 3694 3300 3760 πλεονάζον
3333 3698 3433 3766 τῆς
3475 3697 3707 3769 ἡμέρας,

2120 3784 2213 3838 καὶ
2240 3786 2639 3857 συνεστήσαντο
2657 3787 2755 3859 τὴν
2782 3788 3536 3862 έξκαιεὸδομηκονταετηρίδα
3583 3808 3707 3844 συν-

2120 3880 2413 3947 εστηκυῖαν
2430 3879 2495 3931 ἐκ
2516 3879 2796 3953 τεσσάρων
2820 3882 3480 3955 ἑννεακαιδεκαιτηρίδων,
3507 3884 3708 3947 αἳτινες

2121 3968 2436 4041 περιέχουσι
2468 3971 2643 4041 μῆνας
2662 3971 2761 4043 μὲν
2798 3976 2920 4045 ιδμο,
2943 3969 3018 4029 ὢν
3046 3974 3331 4046 ἐμϐόλιμοι
3351 3983 3458 4048 κη’,
3482 3976 3705 4049 ἡμερῶν

2120 4060 2178 4114 δὲ
2220 4060 2522 4134 δισμυρίων
2573 4064 2757 4134 ,ζψν6’.
2804 4065 2882 4138 Τῇ
2943 4067 3001 4120 δὲ
3051 4067 3203 4133 τάξει
3247 4068 3358 4122 τῶν
3393 4070 3707 4141 ὲμϐολίμων

2120 4151 2320 4223 ὁμοίως
2358 4155 2679 4226 ἐχρήσαντο.
2707 4157 2818 4211 Καὶ
2841 4157 2991 4211 δοκεῖ
3009 4159 3245 4230 μάλιστα
3267 4161 3486 4217 πάντων
3511 4166 3545 4234 ἡ
3567 4163 3706 4235 αὐτὴ

2123 4242 2368 4315 περίοδος
2396 4247 2509 4310 τοῖς
2528 4248 2878 4318 φαινομένοις
2912 4255 3246 4322 συμφωνεῖν.

2655 4385 3052 4441 ΚΕΦΔΛΑῙΟΝ
3094 4392 3165 4445 Ζ’.

2506 4495 2645 4565 Περὶ
2678 4496 2951 4564 σελήνης
2974 4484 3313 4569 φωτισμῶν.

2204 4605 2271 4658 Ἡ
2310 4605 2509 4678 σελήνη
2538 4609 2642 4662 ὑπὸ
2680 4609 2773 4663 τοῦ
2801 4610 2952 4682 ἡλίου
2990 4612 3305 4682 φωτίζεται.
3352 4614 3465 4670 ’Δεὶ
3496 4630 3605 4690 γαρ
3646 4618 3707 4671 τὸ

2122 4694 2374 4769 λαμπρὸν
2431 4699 2569 4772 πρὸς
2620 4700 2772 4772 ἣλιον
2829 4704 3284 4778 ὲπεστραμμένον
3326 4708 3372 4741 ³³
3419 4707 3571 4779 ἔχει*
3614 4712 3707 4764 καὶ

2120 4789 2248 4842 ὅταν
2278 4792 2665 4862 προανατέλλει
2689 4793 2783 4848 τοῦ
2800 4795 2973 4866 ἡλίου,
3002 4797 3064 4852 τὸ
3086 4797 3338 4873 λαμπρὸν
3367 4801 3540 4873 αὐτῆς
3571 4802 3709 4873 πρὸς

1745 4938 1790 4971 ³⁸
1819 4938 1863 5010 Ῑ.
1894 4938 1982 4995 ἴνα
2014 4941 2092 4996 δέ.
2171 4945 2239 4979 ³⁸⁸
2273 4943 2405 5017 Leg.
2437 4947 2499 5001 οὐ
2524 4948 2656 5021 σύμ.
2734 4950 2780 4984 ³⁸
2808 4969 2900 5023 no.
2936 4954 3418 5029 ἀπεστραμμένον.

2114 5106 2651 5184 ροειιυοιιοιιιιιεηιίιιιί
2687 5107 2778 5184 _d_e
2836 5111 3016 5167 ventis
3072 5113 3392 5184 scripserat.
3478 5113 3707 5173 Proclus

2114 5173 2207 5254 lib.
2237 5190 2285 5255 ,ιι
2316 5174 2388 5255 in_
2404 5173 2971 5255 Quclidisﬁlengenla,
3024 5199 3148 5254 pag.
3183 5173 3269 5245 19.
3304 5184 3552 5255 ejusdem
3593 5203 3707 5242 mc-

2115 5245 2276 5329 ntinit
2310 5263 2322 5297 :
2357 5245 2628 5329 φίλιππος
2656 5249 2772 5329 δὲΙό
2800 5245 3042 5317 ΙνῙεταῖοξ
3075 5245 3359 5329 Πλάτωνος
3402 5253 3480 5329 ὢν
3532 5257 3705 5329 μαθη-

2117 5316 2249 5383 τὴς,
2308 5316 2555 5398 καλούς-τ’
2611 5320 2821 5398 ἐκείνου
2879 5316 3223 5398 προτραπεὶς
3278 5316 3357 5390 εἰς
3409 5326 3477 5380 τὰ
3502 5316 3716 5398 -μαθὴ-

2166 5402 2292 5469 ατα.
2323 5385 2637 5469 ,ΡΙιξζὶρριιε
2665 5385 2957 5469 Medmwtis
3005 5385 3101 5469 (ita
3151 5385 3413 5469 leganon
3460 5385 3704 5469 Μέιιειιὲ)

2167 5456 2361 5511 latonia
2407 5456 2701 5528 discipulus
2728 5502 2743 5528 ,
2775 5472 2833 5516 et
2860 5462 2925 5516 ab
2961 5456 3141 5520 eodem
3176 5456 3430 5522 incitatus
3476 5468 3545 5523 ad
3588 5456 3705 5521 ma:

2113 5524 2423 5583 thematicas
2447 5524 2609 5585 artes.

2133 5598 2688 5679 "(HLAt‘ﬁyepér
2726 5601 2864 5669 ἆρα.
2920 5602 3075 5659 Hunc
3107 5606 3706 5679 locumiexpendimus

2110 5665 2286 5746 lib._u'
2305 5667 2383 5724 De
2408 5665 2653 5746 doctrina
2691 5665 3010 5746 temporum,
3045 5691 3166 5746 cap.
3198 5678 3253 5731 9.
3294 5665 3433 5733 Τυηῖ
3480 5678 3550 5734 de
3599 5679 3703 5735 Me-

2110 5739 2295 5795 tonica
2326 5746 2379 5796 et
2408 5736 2688 5814 Calippica
2718 5736 2946 5815 periodo
2977 5736 3135 5818 plene
3164 5748 3364 5805 ibidem
3392 5750 3626 5823 egimus.
