4146 6444
489 375 596 431 817

1521 377 1757 433 GEMINI
1797 378 2165 434 ELEMENTA
2196 379 2687 443 ASTRONOMIE.

491 489 755 560 ἀνατολὴν
812 486 1025 560 βλέπει·
1051 490 1146 544 καὶ
1194 491 1323 544 ὅταν
1361 490 1600 562 προδύνῃ
1630 491 1725 545 τοῦ
1758 492 1931 564 ἡλίου,
1980 493 2071 545 καὶ

2180 494 2399 563 respicit
2428 514 2441 549 :
2477 502 2533 550 et
2565 493 2917 550 cum'occidit
2946 502 3073 550 ante
3096 495 3267 551 solem
3291 536 3309 563 ,
3347 504 3404 552 et
3424 511 3548 553 cum
3577 502 3742 554 occi-

491 584 620 636 ὅταν
646 582 1012 656 ὲπικαταδύνῃ
1042 582 1121 654 τῷ
1148 582 1305 652 ἡλίῳ,
1329 582 1706 653 ὲπέστραπται
1738 585 1799 637 τὸ
1823 583 2072 656 λαμπρόν

492 673 631 745 πρὸς
661 673 752 727 τὸν
779 673 950 744 ἡλιον.
1007 674 1094 727 Ἐν
1127 673 1184 726 δέ
1219 691 1331 727 τισι
1359 672 1467 726 τῶν
1506 674 1727 745 ἡμερῶν
1762 676 2071 747 παρατετή-

492 783 650 838 ρηται
693 768 727 839 ἡ
755 767 951 837 σελήνη
981 765 1122 820 κατὰ
1144 765 1206 819 τὸ
1248 766 1470 820 σπάνιον
1508 766 1972 821 ὲπικαταδύνουσα
1995 765 2074 838 τῷ

490 859 642 930 ἡλίῳ,
667 859 760 911 καὶ
782 859 843 911 τὸ
887 858 1137 931 λαμπρὸν
1164 857 1362 929 ἔχουσα
1388 857 1581 929 βλέπον
1604 859 1739 929 πρὸς
1768 859 1868 929 τὴν
1898 858 2070 912 δύσιν.

490 950 889 1023 Παραλλάξασα
906 950 963 1003 δὲ
995 952 1061 1020 τῇ
1094 949 1249 1002 νυκτὶ
1268 950 1405 1020 πρὸς
1444 949 1536 1002 τὸν
1571 949 1753 1020 ἡλιον,
1806 950 1902 1003 καὶ
1940 967 2075 1022 προ-

489 1042 815 1097 ανατείλασα
865 1041 958 1095 τοῦ
1003 1040 1189 1111 ἡλίου,
1247 1040 1308 1092 τὸ
1351 1040 1603 1112 λαμπρὸν
1660 1040 1859 1113 ἔχουσα
1936 1040 2075 1094 θεω-

491 1138 664 1206 ρεῖται
696 1133 834 1205 πρὸς
865 1132 1151 1204 ἀνατολήν.
1191 1129 1281 1196 Ἐξ
1299 1124 1359 1185 οὗ
1381 1133 1634 1204 φανερὸν,
1663 1135 1745 1187 ὅτι
1798 1135 1832 1205 ἡ
1877 1131 2076 1204 σελήνη

492 1227 598 1282 ὑπὸ
645 1224 739 1278 τοῦ
800 1224 950 1295 ἡλίου
1005 1224 1318 1294 φωτίζεται.
1388 1225 1840 1296 Παρατετήρηται
1871 1223 1929 1276 δὲ
1983 1225 2076 1278 καὶ

488 1314 556 1369 τὰ
602 1316 846 1370 τοιαῦτα.
906 1318 1036 1371 Ὅτε
1072 1318 1168 1388 μὲν
1202 1317 1312 1388 γὰρ
1346 1316 1486 1370 κατὰ
1527 1315 1842 1388 χειμερινὰς
1866 1315 2076 1388 τροπὰς

489 1408 749 1481 ὑπάρχων
778 1411 808 1463 ό
838 1409 988 1481 ἥλιος
1051 1408 1342 1480 ἀνατέλλῃ,
1370 1407 1493 1460 τότε
1528 1406 1592 1459 τὸ
1620 1405 1942 1477 μεσαίτατον
1973 1405 2069 1459 τοῦ

489 1502 905 1573 πεφωτισμένου
929 1502 1121 1573 βλέπει
1152 1500 1288 1574 πρὸς
1341 1500 1433 1554 τὸν
1463 1498 1611 1571 ἥλιον
1634 1515 1647 1528 ·
1675 1497 1815 1552 ὥστε
1852 1498 1951 1569 τὴν
1977 1498 2076 1561 τὰς

489 1593 717 1665 κεραίας
772 1593 1234 1663 ὲπιζευγνύουσαν
1290 1592 1389 1663 τῆς
1445 1590 1673 1661 σελήνης
1718 1588 1930 1643 εὐθεῖαν
1954 1588 2076 1659 δίχα

489 1685 744 1758 καὶπρὸς
777 1685 944 1757 ὀρθὰς
973 1684 1268 1755 τέμνεσθαι
1301 1682 1407 1736 ὑπὸ
1434 1682 1534 1753 τῆς
1566 1680 1782 1744 εὐθείας
1802 1679 1911 1734 τῶν
1941 1681 2065 1749 ἁγο-

495 1777 673 1847 μένων
701 1777 809 1830 ἀπὸ
841 1776 935 1829 τοῦ
975 1775 1203 1847 κέντρου
1233 1773 1327 1828 τοῦ
1354 1772 1504 1845 ἡλίου
1527 1772 1620 1825 ἐπὶ
1646 1771 1745 1843 τὴν
1766 1771 2077 1842 διχοτομίαν

490 1846 591 1935 τῆς
620 1865 851 1937 σελήνης
876 1884 889 1897 ·
917 1866 1045 1925 ὅταν
1073 1846 1129 1918 δὲ
1152 1864 1293 1919 κατὰ
1321 1862 1538 1936 θερινὰς
1574 1861 1784 1932 τροπὰς
1814 1862 2072 1934 ὑπάρχων
2106 1846 2148 1904 Β

491 1958 754 2030 ἀνατέλλῃ
788 1962 818 2013 ό
847 1958 1018 2029 ἥλιος,
1047 1957 1211 2011 πάλιν
1249 1956 1550 2029 έστραπται
1578 1956 1639 2009 τὸ
1663 1956 1825 2027 μέσον
1849 1954 1945 2008 τοῦ
1975 1972 2072 2008 πε-

494 2048 831 2118 φωτισμένον
863 2048 1002 2119 πρὸς
1033 2048 1095 2101 τὸ
1130 2047 1293 2118 μέσον
1331 2045 1427 2100 τοῦ
1472 2046 1655 2117 ἡλίου·
1693 2044 1833 2099 ὥστε
1875 2045 2076 2116 ὁμοίως

490 2136 913 2207 διχοτομεῖσθαι,
944 2140 1043 2193 καὶ
1071 2139 1207 2210 πρὸς
1241 2138 1406 2211 ὀρθὰς
1433 2138 1727 2209 τέμνεσθαι
1763 2138 1861 2210 τὴν
1889 2154 2076 2210 προει-

494 2227 741 2301 ρημένην
767 2228 1003 2282 εὐθεῖαν.
1035 2228 1110 2282 Τὸ
1134 2228 1189 2282 δὲ
1215 2229 1347 2283 αὐτὸ
1382 2228 1592 2298 γίνεται
1624 2230 1718 2283 καὶ
1738 2229 1831 2281 ὲπὶ
1852 2227 1960 2282 τῶν
1987 2226 2078 2282 δύ-

494 2335 633 2372 σεων
662 2336 676 2350 ·
711 2318 852 2373 ὥστε
883 2321 979 2374 καὶ
1004 2320 1093 2375 διὰ
1120 2319 1311 2374 τούτου
1336 2319 1431 2375 τοῦ
1467 2321 1698 2393 σημείου
1724 2321 2075 2391 συνάγεσθαι,

491 2412 576 2465 ὅτι
606 2412 711 2465 ὑπὸ
741 2412 835 2465 τοῦ
866 2412 1019 2484 ἡλίου
1050 2413 1343 2482 φωτίζεται
1370 2416 1404 2485 ἡ
1451 2413 1668 2485 σελήνη.
1723 2414 2080 2485 Πεφωτισμέ-

491 2520 580 2559 νον
606 2502 853 2573 μέντοιγε
873 2503 962 2557 διὰ
997 2504 1197 2568 παντὸς
1237 2506 1407 2577 αὐτῆς
1437 2505 1498 2558 τὸ
1521 2504 1634 2559 ίσον
1667 2506 1815 2559 ἐστὶν
1847 2505 1921 2569 ὡς
1950 2506 2079 2575 ἡμι-

494 2594 776 2666 σφαίριον·
815 2595 876 2647 οὐ
905 2595 1154 2664 φαίνεται
1196 2595 1257 2648 δὲ
1310 2596 1398 2650 διὰ
1435 2596 1635 2659 παντὸς
1666 2593 1835 2666 αὐτῆς
1863 2595 1925 2647 τὸ
1968 2596 2081 2650 ἴσον

493 2688 905 2760 πεφωτισμένον
927 2690 1003 2754 ὡς
1029 2690 1166 2763 πρὸς
1199 2690 1298 2762 τὴν
1327 2690 1603 2763 ἡμετέραν
1632 2691 1842 2762 ὅρασιν,
1871 2688 1960 2742 διὰ
1979 2687 2081 2754 τὰς

494 2781 629 2853 πρὸς
677 2782 768 2835 τὸν
801 2782 950 2853 ἥλιον
989 2781 1335 2845 ἀποστάσεις.
1378 2781 1548 2835 Ὅταν
1598 2781 1696 2852 μὲν
1746 2779 1858 2852 γὰρ
1903 2781 1962 2832 έν
2010 2781 2077 2851 τῇ

492 2873 742 2943 τριακάδι
773 2874 831 2927 ὲν
884 2876 951 2945 τῇ
1011 2875 1146 2945 αὐτῇ
1209 2873 1372 2946 μοίρᾳ
1403 2874 1625 2944 γένηται
1677 2875 1706 2926 ό
1729 2872 1878 2944 ἡλιος
1917 2873 2011 2926 καὶ
2043 2873 2077 2943 ἡ

495 2964 715 3036 σελήνη,
740 2966 862 3018 τότε
878 2965 939 3018 τὸ
974 2965 1332 3037 ἡμισφαίριον
1357 2963 1805 3035 ὲπεστραμμένον
1838 2962 1973 3034 πρὸς
1993 2961 2083 3016 τὸν

492 3056 660 3126 ἥλιον,
698 3056 1153 3127 ἀπεστραμμένον
1211 3056 1268 3109 δὲ
1324 3056 1430 3109 ἀπὸ
1458 3055 1561 3124 τῆς
1592 3054 1865 3127 ἡμετέρας
1886 3053 2079 3123 ὅψεως,

495 3147 821 3216 φωτίζεται·
885 3147 1143 3201 ὑποκάτω
1191 3147 1297 3218 γὰρ
1345 3148 1391 3242 ,ἡ
1445 3145 1644 3216 σελήνη
1708 3146 1931 3216 φέρεται
1988 3142 2080 3198 τοῦ
2109 3183 2151 3242 c

492 3237 678 3309 ήλίου·
719 3239 850 3293 ὅταν
895 3238 953 3292 δὲ
996 3233 1372 3311 παραλλάξ,ῃὴ
1417 3238 1614 3310 σελήνη
1648 3237 1784 3310 πρὸς
1821 3237 1912 3290 τὸν
1934 3236 2082 3307 ’ἡλιον

495 3329 624 3400 περὶ
675 3329 774 3401 τὴν
832 3330 1128 3400 νουμηνίαν
1152 3371 1166 3395 ,
1249 3330 1368 3383 τότε
1444 3328 1726 3401 μηνοειδὴς
1786 3330 1820 3400 ἡ
1883 3328 2080 3398 σελήνη

493 3417 807 3491 θεωρεῖται·
840 3419 933 3472 τοῦ
964 3421 1069 3492 γὰρ
1109 3420 1470 3492 ἡμισφαιρίου
1522 3418 1618 3473 τοῦ
1668 3419 2081 3489 πεφωτισμένον

497 3508 690 3579 μικρὸν
752 3507 916 3579 μέρος
973 3510 1367 3581 παρακλίνεται
1441 3509 1577 3580 πρὸς
1654 3508 1753 3580 τὴν
1806 3508 2083 3580 ἡμετέραν

493 3597 714 3669 ὅρασιν·
775 3600 903 3653 ὅταν
961 3600 1019 3653 δὲ
1072 3601 1251 3673 ἀπέχῃ
1304 3602 1339 3673 ἡ
1396 3601 1591 3672 σελήνη
1647 3599 1754 3654 ἀπὸ
1800 3599 1894 3652 τοῦ
1928 3599 2082 3670 ἡλίου

495 3692 552 3744 ὲν
575 3693 695 3755 ταῖς
722 3688 920 3762 ἐφεξῆς
949 3692 1207 3765 ἡμέραις,
1237 3693 1420 3747 πλεῖον
1450 3693 1535 3746 ἀεὶ
1565 3693 1660 3746 καὶ
1695 3691 1873 3746 πλεῖον
1893 3691 1955 3744 τὸ
1987 3708 2085 3745 πε-

496 3783 837 3854 φωτισμένον
865 3785 955 3854 ὑφ’
980 3783 1140 3856 ἡμῶν
1181 3784 1498 3855 θεωρεῖται·
1537 3785 1665 3838 ὅταν
1695 3783 1753 3837 δὲ
1783 3783 1845 3837 τὸ
1870 3784 1971 3853 αίδ
1989 3782 2084 3854 μέ-

499 3891 590 3947 ρος
617 3876 713 3929 τοῦ
742 3875 1008 3941 ζωδιακοῦ
1056 3877 1257 3931 κύκλου
1307 3878 1523 3950 ἀπόσχῃ
1556 3876 1775 3947 σελήνη,
1804 3874 2084 3945 διχότομος

495 3968 799 4043 θεωρεῖται·
835 3970 954 4023 τότε
982 3969 1093 4041 γὰρ
1123 3969 1477 4041 ἡμισφαιρίου
1527 3967 1624 4021 τοῦ
1671 3965 2081 4037 πεφωτισμένου

496 4062 603 4116 ὑπὸ
632 4060 728 4116 τοῦ
752 4061 903 4133 ἡλίου
931 4062 994 4116 τὺ
1019 4063 1192 4134 ἡμισυ
1225 4063 1312 4131 ἐφ’
1340 4061 1491 4132 ἡμᾶς
1528 4058 1930 4131 ὲπέστραπται·
1960 4056 2081 4128 μεί-

497 4155 649 4221 ζονος
676 4155 734 4207 δὲ
762 4154 1059 4225 γενομένου
1088 4152 1182 4206 τοῦ
1215 4152 1579 4223 διαστήματος
1603 4151 1703 4221 τῆς
1728 4149 1956 4221 σελήνης
1976 4147 2084 4202 ἀπὸ

497 4245 590 4299 τοῦ
611 4246 782 4318 ἡλίου,
816 4247 999 4317 μεῖζον
1019 4246 1115 4299 καὶ
1141 4246 1201 4298 τὸ
1219 4243 1628 4314 πεφωτισμένον
1652 4259 1666 4273 ·
1696 4243 1824 4296 ὅταν
1857 4240 1914 4294 δὲ
1940 4239 2081 4294 κατὰ

495 4338 784 4410 διάμετρον
822 4338 1045 4410 γένηται
1078 4337 1155 4408 τῷ
1199 4335 1353 4408 ἡλίῳ,
1386 4336 1447 4389 τὸ
1498 4332 1907 4404 πεφωτισμένον
1954 4335 2084 4403 ἡμι-

503 4429 753 4503 σφαίριον
776 4429 1016 4485 ἐναντίον
1052 4430 1262 4498 γίνεται
1294 4428 1429 4499 πρὸς
1445 4428 1543 4498 τὴν
1573 4425 1849 4498 ἡμετέραν
1871 4424 2080 4495 ὅρασιν.

2177 580 2257 635 dit
2287 589 2411 651 post
2429 583 2623 649 solem,
2655 598 2783 654 pars
2814 584 3108 656 splendens
3156 585 3226 641 ad
3281 586 3451 642 solem
3477 601 3740 649 conversa

2174 678 2281 727 est.
2308 670 2370 728 ln
2395 675 2726 744 quihusdam
2751 683 2933 732 autem
2964 677 3159 734 diebus
3175 678 3464 734 observata
3491 686 3576 735 est
3612 680 3738 735 luna

2175 779 2304 819 raro
2337 767 2592 822 occidere
2615 777 2739 837 post
2773 767 2966 832 solem,
2995 774 3050 823 et
3096 768 3298 825 habere
3316 778 3524 843 partem
3554 773 3740 841 splen-

2174 858 2359 913 didam
2397 857 2781 928 respicientem
2809 872 3091 914 occasum.
3117 859 3254 914 Cum
3293 875 3425 915 vero
3470 869 3740 916 nocturno

2180 957 2426 1020 tempore
2450 949 2679 1005 alternis
2701 949 2876 1005 variat
2903 949 2971 1005 ad
2994 950 3189 1017 solem,
3220 958 3275 1006 et
3301 960 3427 1009 ante
3443 953 3612 1009 solem
3633 956 3742 1007 ori—

2174 1048 2299 1109 tur;
2331 1041 2547 1097 videtur
2562 1040 2937 1111 splendentem
2969 1048 3177 1111 partem
3206 1041 3409 1099 habere
3436 1043 3505 1098 ad
3534 1049 3736 1098 ortum.

2177 1133 2335 1190 Unde
2377 1134 2732 1190 manifestum
2788 1142 2875 1190 est
2935 1134 3123 1188 lunam
3166 1149 3200 1188 a
3266 1136 3382 1192 sole
3420 1136 3736 1191 illuminari.

2177 1225 2477 1283 Observata
2509 1234 2643 1282 sunt
2674 1233 2728 1282 et
2752 1226 2899 1281 talia.
2933 1226 3072 1282 Cum
3112 1228 3260 1283 enim
3284 1228 3367 1284 sol
3406 1228 3471 1297 in
3494 1229 3740 1294 hibernis

2179 1319 2638 1375 conversionibus
2668 1318 2944 1375 exsistens
2968 1320 3166 1386 oritur,
3218 1327 3350 1375 tunc
3387 1320 3627 1376 medium
3675 1322 3741 1377 il-

2179 1410 2461 1465 luminatae
2516 1409 2692 1481 partis
2736 1410 2881 1464 lunae
2928 1409 3153 1481 respicit
3197 1409 3267 1464 ad
3312 1410 3517 1466 solem:
3564 1411 3639 1465 ita
3682 1424 3741 1468 ut

2176 1508 2327 1556 recta
2364 1502 2532 1566 linea,
2563 1517 2686 1572 quae
2737 1516 2946 1556 cornua
2977 1501 3120 1557 lunae
3174 1501 3481 1572 conjungit,
3515 1505 3737 1572 aequali-

2176 1600 2279 1657 ter,
2340 1601 2394 1647 et
2453 1592 2521 1647 ad
2571 1592 2802 1663 angulos
2848 1598 3031 1648 rectos
3073 1599 3290 1647 secetur
3318 1606 3349 1645 a
3379 1600 3525 1648 recta
3550 1608 3737 1648 earum

2178 1682 2472 1746 linearum,
2499 1697 2621 1753 quae
2656 1681 2936 1736 ducuntur
2975 1697 3004 1736 a
3045 1689 3239 1738 centro
3296 1682 3431 1737 solis
3467 1683 3532 1738 ad
3556 1699 3738 1754 aequa-

2177 1774 2284 1830 lem
2338 1774 2638 1830 sectionem
2693 1774 2878 1839 lunae;
2914 1788 3038 1828 cum
3090 1789 3220 1829 vero
3281 1776 3364 1831 sol
3434 1773 3489 1830 in
3534 1775 3738 1830 aestivis

2176 1865 2452 1922 exsistens
2506 1865 2962 1921 conversionibus
3001 1864 3196 1930 oritur,
3238 1881 3429 1922 rursus
3476 1866 3738 1923 medietas

2177 1957 2498 2012 illuminatae
2525 1957 2699 2027 partis
2734 1957 2877 2011 lunae
2917 1970 3185 2013 conversa
3240 1964 3325 2014 est
3392 1956 3461 2012 ad
3498 1957 3739 2013 medium

2177 2050 2344 2116 solis;
2412 2049 2489 2103 ita
2548 2060 2605 2104 ut
2653 2048 2907 2105 similiter
2963 2048 3266 2118 aequaliter,
3303 2055 3359 2104 et
3407 2048 3475 2103 ad
3513 2049 3742 2119 angulos

2177 2148 2358 2196 rectos
2391 2147 2606 2196 secetur
2633 2140 2889 2211 praedicta
2912 2148 3078 2197 recta.
3120 2139 3264 2195 Idem
3310 2140 3369 2194 lit
3406 2147 3462 2195 et
3504 2141 3558 2195 in
3584 2154 3744 2196 occa—

2146 2230 2363 2298 -sihus;
2394 2239 2454 2285 ut
2482 2245 2580 2301 per
2606 2230 2713 2285 hoc
2745 2231 2911 2285 etiam
2945 2230 3161 2300 signum
3192 2229 3501 2299 colligatur,
3561 2244 3592 2283 a
3627 2230 3745 2284 sole

2178 2322 2364 2375 lunam
2414 2320 2734 2375 illuminari.
2783 2317 3172 2375 Verumtamen
3214 2333 3342 2389 pars
3368 2318 3512 2372 lunae
3561 2317 3745 2373 media

2181 2420 2438 2482 tanquam
2496 2410 2936 2481 hemisphaerium
2982 2423 3198 2481 semper
3226 2408 3600 2465 illuminatur:
3631 2423 3743 2464 non

2180 2514 2366 2560 tamen
2406 2518 2624 2575 semper
2652 2512 2877 2575 apparet
2899 2502 3019 2573 ejus
3050 2517 3180 2572 pars
3202 2501 3381 2557 media
3404 2501 3733 2564 illuminata,

2180 2596 2362 2668 quoad
2412 2605 2660 2653 nostrum
2695 2604 3000 2666 aspectum,
3026 2600 3248 2665 propter
3300 2594 3420 2665 ejus
3460 2608 3490 2647 a
3530 2595 3645 2650 sole
3666 2595 3747 2649 di-

2184 2688 2459 2743 stantiam.
2487 2687 2626 2742 Cum
2662 2688 2809 2743 enim
2834 2685 2923 2741 die
2955 2686 3235 2740 tricesimo
3263 2685 3321 2739 in
3355 2684 3545 2741 eodem
3566 2686 3743 2757 gradu

2182 2781 2387 2836 fuerint
2419 2780 2501 2834 sol
2533 2785 2588 2835 et
2617 2778 2768 2844 luna,
2795 2788 2912 2832 tum
2944 2777 3386 2847 hemisphaerium
3416 2793 3743 2833 conversum

2184 2872 2402 2943 quidem
2428 2873 2494 2926 ad
2527 2870 2721 2936 solem,
2762 2885 3014 2925 aversum
3069 2882 3200 2924 vero
3250 2883 3281 2923 a
3315 2868 3527 2925 visione
3553 2879 3743 2925 nostra

2184 2963 2544 3026 illuminatur,
2591 2958 2767 3015 fertur
2804 2961 2947 3016 enim
2991 2961 3119 3014 luna
3171 2958 3315 3013 infra
3360 2960 3565 3027 solem,
3618 2975 3744 3014 cum

2186 3069 2312 3110 vero
2361 3053 2585 3108 alternis
2637 3052 2854 3108 vicibus
2916 3052 3046 3107 luna
3076 3055 3253 3108 variat
3284 3051 3354 3107 ad
3398 3052 3569 3107 solem
3598 3053 3745 3106 circa

2186 3147 2550 3209 novilunium,
2592 3153 2723 3202 tunc
2762 3146 2891 3200 luna
2945 3146 3143 3200 falcata
3196 3153 3453 3217 apparet;
3484 3158 3608 3199 nam
3645 3144 3744 3199 he-

2184 3238 2484 3309 misphazrii
2515 3237 2623 3309 24
2662 3237 2952 3293 illuminati
3007 3251 3176 3307 parva
3231 3252 3358 3307 pars
3393 3235 3631 3292 declinat
3675 3236 3746 3291 ad

2182 3342 2427 3388 nostram
2467 3332 2765 3398 visionem;
2808 3346 2930 3386 cum
2972 3344 3101 3385 vero
3135 3329 3290 3386 abest
3319 3330 3447 3383 luna
3485 3343 3518 3382 a
3551 3329 3666 3384 sole
3688 3328 3748 3383 in

2182 3423 2374 3479 diebus
2434 3422 2811 3492 sequentibus,
2870 3422 2994 3492 plus
3045 3436 3265 3491 semper
3315 3420 3383 3476 de
3440 3420 3748 3474 illuminata

2184 3521 2338 3586 parte
2375 3529 2407 3567 a
2451 3513 2612 3569 nobis
2670 3513 3009 3585 conspicitur
3039 3530 3054 3579 ;
3081 3527 3206 3567 cum
3253 3520 3435 3568 autem
3472 3527 3572 3583 per
3610 3526 3749 3582 qua-

2182 3606 2430 3661 drantem
2461 3604 2674 3660 zodiaci
2704 3603 2898 3659 circuli
2946 3603 3184 3659 abfuerit
3244 3604 3397 3669 luna,
3458 3602 3747 3658 dimidiata

2182 3707 2437 3769 apparet;
2469 3704 2603 3752 tunc
2630 3697 2776 3752 enim
2813 3695 3184 3766 hemisphaerii
3231 3695 3526 3751 illuminati
3566 3708 3597 3749 a
3629 3696 3748 3751 sole

2182 3786 2453 3843 medietas
2480 3787 2545 3842 ad
2576 3801 2680 3843 nos
2701 3801 2971 3843 conversa
3003 3792 3127 3854 est;
3166 3802 3291 3842 cum
3319 3787 3493 3857 major
3519 3786 3577 3842 ﬁt
3606 3787 3750 3842 lunae

2184 3894 2212 3934 a
2238 3881 2355 3936 sole
2383 3879 2669 3943 distantia,
2702 3878 2870 3934 etiam
2894 3880 3070 3950 major
3103 3887 3189 3936 est
3223 3895 3354 3949 pars
3396 3878 3699 3934 illuminata
3731 3897 3751 3946 ;

2182 3985 2307 4026 cum
2339 3979 2521 4027 autem
2545 3969 2798 4041 opposita
2828 3969 2993 4025 fuerit
3015 3969 3141 4037 soli,
3186 3969 3547 4024 illuminatum
3578 3968 3751 4026 hemi-

2185 4063 2477 4134 sphaerium
2534 4069 2727 4116 nostro
2780 4058 3102 4131 conspectui
3132 4057 3382 4114 oﬂ‘ertur.
3420 4057 3488 4111 Et
3535 4068 3594 4113 ut
3624 4059 3750 4112 uni-

2181 4169 2339 4211 verse
2397 4154 2575 4209 dicam
2610 4193 2626 4219 ,
2683 4152 2988 4210 secundum
3045 4152 3314 4207 rationem
3362 4150 3748 4207 distantiarum

2182 4241 2588 4313 magnitudines
2638 4241 3098 4297 illuminationum
3158 4248 3495 4313 spectantur.
3527 4240 3750 4297 Posue-

2182 4347 2294 4396 mu,
2322 4347 2444 4386 cum
2478 4332 2605 4387 luna
2641 4333 2869 4389 subierit
2897 4334 3089 4397 solem,
3124 4345 3321 4402 expers
3380 4330 3602 4386 luminis
3653 4346 3749 4403 ap—

2184 4428 2357 4493 paret.
2401 4420 2853 4492 Hemisphazrium
2884 4424 3030 4478 enim
3059 4422 3181 4494 ejus
3213 4422 3577 4481 illuminatum
3626 4438 3753 4478 sur-

425 4590 435 4602 .
505 4521 617 4575 Kal.
650 4520 879 4575 καθόλου
905 4521 961 4574 δὲ
977 4522 1113 4594 πρὸς
1141 4520 1298 4590 λὸγον
1313 4520 1422 4573 τῶν
1446 4519 1778 4572 διαστάσεων
1789 4515 1859 4570 τὰ
1874 4514 2077 4588 μεγέθη

2184 4527 2303 4567 sum
2355 4509 2422 4564 ad
2483 4512 2653 4566 solem
2712 4527 3036 4568 conversum
3080 4521 3198 4567 est:
3249 4513 3394 4568 unde
3453 4513 3578 4581 jure
3623 4529 3750 4582 pars

499 4613 608 4667 τῶν
665 4613 963 4685 φωτισμῶν
1020 4613 1325 4684 θεωρεῖται.
1357 4610 1430 4665 Τὸ
1465 4610 1522 4663 δὲ
1569 4608 1899 4672 τελευταῖον,
1948 4606 2078 4661 ὅταν

501 4705 848 4779 ὑποτροχάσῃ
875 4705 954 4775 τῷ
984 4705 1119 4777 ἡλίῳ
1142 4707 1175 4774 ἡ
1219 4704 1439 4775 σελήνη,
1461 4701 1765 4772 ἀφώτιστος
1796 4697 2072 4769 βλέπεται.

500 4796 574 4848 Τὸ
595 4796 703 4868 γὰρ
727 4797 1082 4868 ἡμισφαίριον
1102 4795 1274 4867 αὐτῆς
1288 4795 1349 4848 τὸ
1364 4791 1774 4864 πεφωτισμένον
1801 4789 1914 4844 ἄνω
1942 4788 2078 4860 πρὸς

501 4886 590 4941 τὸν
609 4887 759 4959 ἡλιον
776 4888 1145 4959 έπέστραπται
1164 4906 1177 4919 ·
1204 4886 1326 4942 ὅθεν
1358 4886 1592 4954 εὐλόγως
1617 4885 1747 4955 ἡμῖν
1768 4880 2077 4953 ἀθεώρητον

504 4977 708 5046 γίνεται
740 4978 802 5032 τὸ
823 4979 1234 5049 πεφωτισμένον
1279 4978 1442 5049 μέρος
1467 4979 1567 5049 τῆς
1594 4977 1842 5048 σελήνης.
1886 4974 1975 5039 Ἐξ
2001 4967 2077 5027 ὧν

505 5071 755 5141 φανερὸν,
799 5070 880 5123 ὅτι
941 5071 974 5141 ἡ
1027 5070 1222 5141 σελήνη
1280 5069 1384 5123 ὑπὸ
1428 5068 1522 5122 τοῦ
1565 5068 1715 5139 ἡλίου
1758 5066 2073 5137 φωτίζεται.

504 5157 781 5229 Λαμϐἀνει
805 5159 863 5212 δὲ
908 5161 1034 5223 τοὺς
1065 5160 1273 5224 πάντας
1300 5161 1709 5231 σχηματισμοὺς
1742 5160 1776 5231 ἡ
1804 5158 1996 5231 σελήνη
2020 5161 2077 5212 ὲν

504 5248 582 5318 τῷ
616 5250 852 5321 μηνιαίῳ
876 5251 1051 5322 χρόνῳ
1076 5251 1363 5323 τέσσαρας,
1387 5252 1471 5315 δὶς
1499 5251 1694 5314 αὐτοὺς
1718 5250 2072 5304 ἀποτελοῦσα.

403 5341 416 5352 ⁸
505 5340 625 5393 Εἰσὶ
663 5339 721 5393 δὲ
757 5343 805 5394 οί
853 5344 1223 5414 σχηματισμοὶ
1267 5344 1399 5411 οἵδε,
1429 5343 1733 5414 μηνοειδὴς,
1776 5343 2075 5415 διχότομος,

503 5430 867 5502 ἀμφίκυρτος,
889 5432 1240 5505 πανσέληνος.
1276 5435 1578 5505 Μηνοειδὴς
1608 5434 1704 5505 μὲν
1739 5430 1832 5488 οὖν
1869 5433 2078 5502 γίνεται

506 5538 547 5572 π
579 5523 632 5591 ρὶ
653 5522 751 5585 τὰς
793 5523 967 5595 ἀρχὰς
1015 5524 1121 5577 τῶν
1154 5525 1339 5596 μηνῶν
1367 5543 1380 5559 ·
1429 5526 1709 5596 διχότομος
1728 5525 1787 5578 δὲ
1830 5521 1958 5596 περὶ
1980 5522 2080 5594 τὴν

2183 4604 2328 4659 lunae
2361 4604 2668 4659 illuminata
2694 4618 2802 4658 non
2835 4611 3134 4674 spectatur.
3168 4602 3246 4659 Ex
3302 4605 3503 4675 quibus
3559 4604 3752 4699 mani—

2183 4696 2381 4753 festum
2406 4704 2510 4759 est,
2544 4697 2730 4750 lunam
2752 4710 2782 4749 a
2821 4698 2937 4752 sole
2970 4697 3289 4754 illuminari.
3325 4698 3538 4769 Accipit
3569 4696 3751 4754 autem

2182 4805 2375 4844 omnes
2401 4789 2866 4860 conligurationes
2897 4792 3026 4845 luna
3075 4800 3310 4861 quatuor
3364 4791 3422 4845 in
3468 4806 3752 4847 menstruo

2185 4889 2451 4952 tempore,
2490 4882 2575 4938 bis
2596 4896 2692 4937 cas
2722 4882 2985 4938 emciens.
3035 4880 3175 4937 Sunt
3227 4893 3407 4937 autem
3446 4883 3751 4952 conﬁgura-

2185 4972 2367 5027 tiones
2426 4971 2531 5035 hae,
2595 4970 2816 5035 falcata,
2870 4972 3174 5033 dimidiata,
3235 4971 3459 5044 gibbosa
3489 4984 3544 5028 et
3570 4973 3746 5043 plena.

2185 5064 2409 5120 Falcata
2434 5066 2669 5121 eﬂicitur
2699 5068 2848 5122 circa
2891 5068 3160 5139 principia
3214 5067 3523 5136 mensium;
3584 5068 3748 5124 dimi-

2184 5157 2331 5211 diata
2361 5161 2508 5211 circa
2539 5159 2682 5214 diem
2737 5168 2986 5214 octavam
3050 5176 3287 5223 mensus;
3333 5160 3561 5230 gibbosa
3600 5161 3749 5216 circa

2184 5247 2563 5302 duodecimam
2595 5265 2610 5315 ;
2640 5255 2694 5303 et
2725 5249 2882 5319 plena
2916 5249 3061 5304 circa
3104 5249 3449 5304 medietatem
3504 5251 3749 5304 mensis:

2185 5352 2249 5391 ac
2284 5352 2478 5392 rursus
2511 5338 2737 5410 gibbosa
2770 5349 2892 5409 post
2924 5339 3268 5394 medietatem
3301 5341 3540 5407 mensis;
3592 5345 3752 5394 dimi-

2184 5428 2334 5485 diata
2384 5429 2535 5484 circa
2590 5430 2906 5486 vicesimam
2969 5430 3222 5493 tertiam;
3261 5437 3317 5485 et
3364 5431 3562 5485 t‘alcata
3605 5432 3751 5485 circa

2186 5529 2460 5575 extremos
2485 5535 2721 5576 menses.

505 5612 696 5684 ὀγδόην
722 5615 817 5670 τοῦ
850 5618 1045 5688 μηνός·
1076 5619 1417 5691 ἀμφίκυρτος
1443 5620 1498 5675 δὲ
1517 5636 1581 5673 πε
1592 5619 1645 5692 pl.
1679 5618 1777 5693 τὴν
1814 5615 2148 5687 δωδεκάτην·
2191 5611 2522 5683 πανσέληνος
2544 5613 2600 5668 δὲ
2626 5612 2753 5683 περὶ
2775 5610 2872 5683 τὴν
2903 5611 3233 5684 διχομηνίαν.
3260 5611 3370 5666 Καὶ
3386 5611 3547 5666 πάλιν
3592 5610 3757 5689 ἀμφίς

511 5721 705 5775 κυρτος
742 5709 879 5777 μετὰ
925 5708 1023 5780 τὴν
1065 5711 1414 5783 διχομηνίαν·
1462 5711 1740 5783 διχότομος
1786 5712 1843 5766 δὲ
1899 5709 2026 5782 περὶ
2050 5707 2149 5781 τὴν
2182 5701 2430 5776 εἰκοστὴν
2472 5703 2695 5775 τρίτην·
2736 5706 3017 5778 μηνοειδής
3054 5704 3109 5759 δὲ
3141 5704 3266 5775 περὶ
3298 5702 3365 5758 τὰ
3409 5701 3610 5776 ἔσχατα
3642 5701 3751 5756 τῶν

528 5813 602 5867 μη
608 5816 629 5848 ε.
635 5798 712 5851 ὢν
721 5841 732 5853 .
