4146 6444
444 396 552 457 819

1439 390 1784 447 ΔΡΡΕΝΒΙῙ
1825 391 1917 446 AD
1953 390 2223 447 EUSEBll
2262 390 2680 449 CHBONICON.

3578 391 3684 446 820

515 509 636 566 Non
665 522 881 579 semper
912 513 1096 563 autem
1137 506 1194 562 in
1223 507 1415 563 diebus
1463 509 1706 579 ejusdem
1765 508 2002 564 nominis

2184 511 2258 564 οὐ
2283 510 2371 563 διὰ
2400 509 2598 572 παντὸς
2641 508 2697 561 δέ
2722 511 2778 561 ἐν
2819 508 2937 570 ταῖς
2971 506 3278 577 όμωνύμοις
3308 506 3541 578 ἡμέραις
3561 494 3686 575 τοῦς

445 602 669 662 easdem
702 600 1172 671 conﬁgurationes
1205 601 1335 656 luna
1368 601 1548 667 eflicit,
1585 604 1680 658 sed
1731 603 1788 657 in
1820 603 2004 659 diver-

446 697 527 752 sis
586 693 781 749 diebus
838 691 1140 748 secundum
1187 692 1609 764 inaequalitatem
1637 702 1839 750 motus.
1875 695 2009 751 Cum

446 784 597 839 enim
653 781 940 837 celerrima
967 788 1073 846 est,
1105 794 1327 853 apparet
1364 783 1493 838 luna
1545 783 1743 839 falcata
1775 786 1897 857 ipso
1923 786 2012 843 die

444 870 751 938 novilunii;
810 886 935 927 cum
988 872 1326 937 tardissima,
1372 872 1461 929 die
1510 875 1692 938 tertio,
1720 884 1775 930 et
1829 885 2012 932 manet

446 962 650 1019 falcata
683 962 957 1019 interdum
991 978 1163 1032 usque
1186 964 1254 1018 ad
1293 963 1436 1019 diem
1488 966 1741 1035 quintum
1774 985 1789 1029 ;
1845 968 2012 1022 inter—

449 1059 579 1115 dum
612 1073 736 1112 cum
773 1055 1080 1113 tardissima
1099 1064 1395 1127 est,usque
1423 1058 1487 1112 ad
1509 1059 1801 1129 septimum
1832 1060 2008 1123 diem;

445 1149 729 1206 dimidiata
760 1146 1019 1213 efﬁcitur,
1049 1164 1174 1205 cum
1202 1158 1288 1207 est
1317 1151 1681 1216 velocissima,
1714 1152 1859 1207 circa
1887 1167 2008 1207 sex-

416 1251 596 1308 -tum;
661 1256 788 1297 cum
838 1241 1175 1305 tardissima,
1232 1242 1381 1298 circa
1450 1251 1738 1309 octavum;
1784 1244 2010 1315 gibbosa

445 1333 699 1399 efficitur,
731 1348 857 1389 cum
870 1317 966 1390 est
996 1334 1302 1398 celerrima,
1338 1334 1483 1389 circa
1515 1334 1785 1389 decimum
1817 1353 1833 1402 ;
1882 1350 2006 1389 cum

447 1435 532 1484 est
580 1426 915 1492 tardissima,
947 1426 1093 1481 circa
1131 1426 1229 1494 l3;
1262 1428 1423 1498 plena
1453 1427 1718 1492 redditur,
1752 1443 1875 1482 cum
1925 1435 2011 1482 est

442 1518 748 1584 celerrima,
814 1517 960 1572 circa
1021 1517 1122 1584 15;
1186 1532 1310 1572 cum
1359 1517 1689 1582 tardissima,
1724 1519 1869 1572 circa
1901 1517 2006 1585 i7;

442 1607 675 1679 gibbosa
704 1607 969 1672 secundo,
1000 1622 1124 1662 cum
1157 1616 1240 1663 est
1274 1607 1583 1669 celerrima,
1621 1607 1680 1661 ﬁt
1725 1607 1874 1662 circa
1916 1608 2005 1673 18,

438 1712 565 1752 cum
597 1698 933 1761 tardissima,
968 1697 1113 1753 circa
1142 1698 1243 1763 22;
1273 1696 1555 1753 dimidiata
1590 1697 1854 1763 secundo,
1882 1714 2007 1754 cum

437 1796 526 1843 est
561 1788 869 1853 celerrima,
899 1788 1047 1844 circa
1076 1788 1168 1852 2i,
1194 1804 1317 1844 cum
1343 1788 1681 1855 tardissima,
1732 1791 1880 1845 circa
1906 1790 2000 1857 25;

2119 602 2316 664 αὐτοὺς
2376 600 2789 672 σχηματισμοὺς
2842 602 2874 668 ἡ
2924 597 3117 669 σελήνη
3147 596 3414 651 ἀποτελεῖ.
3461 598 3599 652 Ἀλλ’
3625 601 3685 653 ἐν

2122 692 2398 763 διαφόροις
2446 692 2682 763 ἡμέραις
2724 691 2864 744 κατὶ
2911 690 3009 760 τὴν
3050 688 3363 759 ἀνωμαλίαν
3404 690 3503 761 τῆς
3536 695 3686 763 κινή-

2120 802 2277 848 σεως.
2310 784 2551 856 Ταχίστη
2582 784 2679 852 μὲν
2706 783 2817 854 γὰρ
2847 783 3095 850 φαίνεται
3120 783 3153 852 ἡ
3187 782 3380 853 σελήνη
3406 782 3687 852 μηνοειδὴς

2116 880 2182 948 τῇ
2232 877 2525 947 νουμηνίᾳ·
2583 875 2887 947 βραδυτάτη
2941 873 2996 927 δέ
3036 876 3101 945 τῇ
3158 873 3333 944 τρίτῃ.
3375 873 3486 925 Καὶ
3536 872 3687 944 μένει

2121 968 2427 1039 μηνοειδὴς,
2459 968 2548 1021 ότέ
2598 967 2699 1038 μὲν
2722 966 2768 998 ⁸⁸
2791 966 2895 1030 ἕως
2916 967 3014 1036 τῆς
3044 964 3320 1035 πέμπτης,
3352 963 3442 1015 6τέ
3477 964 3533 1017 δὲ
3559 963 3686 1035 βρα-

2116 1060 2361 1124 δύτατον,
2388 1060 2492 1123 ἕως
2528 1058 2625 1129 τῆς
2664 1058 2897 1128 ἑϐδόμης
2917 1075 2929 1087 ·
2961 1055 3239 1126 διχότομος
3268 1055 3325 1108 δὲ
3355 1054 3562 1124 γίνεται
3587 1072 3686 1107 τα-

2088 1150 2273 1222 οχίστη
2303 1151 2402 1221 μὲν
2433 1151 2561 1222 περὶ
2607 1150 2707 1220 τὴν
2756 1149 2945 1219 ἓκτην,
2998 1147 3304 1218 βραδυτάτη
3335 1146 3392 1200 δὲ
3422 1147 3550 1216 περὶ
3585 1146 3688 1215 τὴν

2115 1240 2305 1311 ὀγδόην
2330 1257 2345 1270 ·
2389 1240 2732 1310 ἀμφίκυρτος
2776 1239 2834 1291 δὲ
2875 1238 3083 1306 γίνεται
3145 1238 3271 1307 περὶ
3323 1236 3422 1307 τὴν
3451 1235 3688 1305 δεκάτην

2114 1332 2365 1402 ταχίστη,
2432 1329 2737 1400 βραδυτὰτη
2769 1329 2826 1382 δὲ
2866 1328 2993 1399 περὶ
3015 1328 3113 1400 τὴν
3148 1333 3242 1395 ιγ’·
3266 1326 3597 1396 πανσέληνος
3627 1325 3687 1378 δέ

2115 1423 2321 1489 γίνεται
2345 1422 2572 1491 ταχίστη
2610 1422 2706 1491 μὲν
2737 1421 2865 1492 περὶ
2894 1419 2991 1490 τὴν
3029 1426 3114 1488 ιγ’,
3146 1417 3449 1490 βραδυτάτη
3467 1417 3523 1470 δέ
3556 1417 3688 1490 περὶ

2114 1514 2213 1586 τὴν
2249 1512 2330 1577 ιζ’.
2401 1513 2765 1584 Ἀμφίκυρτος
2829 1512 2886 1565 δέ
2920 1513 2981 1564 τὸ
3023 1510 3293 1581 δεύτερον,
3323 1510 3551 1582 ταχίστη
3588 1509 3688 1580 μὲν

2115 1604 2398 1660 ἀνατέλλει
2430 1605 2555 1677 περὶ
2588 1604 2686 1675 τὴν
2733 1610 2822 1675 ιη’,
2861 1602 3164 1676 βραδυτάτη
3198 1602 3255 1656 δὲ
3284 1605 3414 1676 περὶ
3447 1603 3546 1674 τὴν
3578 1600 3684 1674 κβ’.

2115 1697 2405 1767 Διχότομος
2433 1695 2489 1748 δέ
2546 1695 2753 1763 γίνεται
2787 1694 2849 1747 τὸ
2874 1682 3123 1766 δεύτερον
3165 1694 3392 1766 ταχίστη
3432 1695 3533 1764 μὲν
3555 1693 3686 1767 περὶ

2114 1787 2212 1859 τὴν
2262 1787 2452 1841 εἰκάδα
2508 1788 2602 1841 καὶ
2647 1787 2808 1859 μίαν,
2870 1786 3174 1863 βραδυτάτη
3221 1788 3277 1841 δὲ
3323 1789 3451 1857 περὶ
3472 1787 3571 1859 τὴν
3600 1789 3680 1841 εί-

440 1877 635 1935 falcata
685 1877 927 1934 secundo
958 1878 1039 1943 ﬁt,
1070 1893 1194 1934 cum
1226 1888 1314 1935 est
1349 1879 1661 1945 celerrima,
1716 1882 1864 1936 circa
1893 1880 1965 1936 25
1987 1924 2002 1949 ,

2111 1882 2250 1936 κάδα
2299 1883 2392 1936 καὶ
2422 1882 2613 1952 τρίτην
2638 1899 2651 1913 ·
2688 1882 2973 1953 μηνοειδὴς
3009 1881 3065 1934 δέ
3089 1880 3297 1950 γίνεται
3319 1882 3380 1934 τὸ
3402 1881 3678 1953 δεύτερον,

439 1968 566 2021 c’um
618 1976 702 2023 est
754 1967 1091 2033 tardissima,
1141 1970 1287 2023 circa
1309 1968 1401 2023 26.
1435 1968 1632 2025 Totum
1657 1979 1836 2026 autem
1869 1978 2007 2025 tem-

438 2074 545 2129 pus
575 2068 916 2117 menstruum
950 2068 1036 2117 est
1064 2061 1275 2116 dierum
1310 2062 1381 2117 29
1408 2063 1511 2133 ιβ
1567 2064 1691 2133 1/3.
1736 2061 1829 2116 Est
1858 2064 2004 2118 enim

438 2149 645 2205 mensis
672 2156 890 2221 tempus
914 2165 944 2204 a
975 2151 1367 2220 conjunctione
1416 2151 1482 2207 ad
1519 2152 2004 2222 coniunctionem;

439 2254 471 2292 a
503 2239 804 2308 plenilunio
825 2238 894 2294 ad
916 2233 1297 2310 plenilunium,
1344 2242 1662 2313 conjunctio
1713 2251 1893 2299 autem
1921 2250 2003 2299 est

439 2337 653 2399 tempus
703 2331 760 2385 in
823 2346 932 2400 quo
983 2332 1066 2387 sol
1115 2339 1170 2388 et
1199 2332 1327 2387 luna
1348 2332 1402 2386 in
1424 2332 1618 2388 eodem
1674 2334 1847 2403 gradu
1871 2348 2003 2390 con-

438 2423 764 2479 s‘ituuntur.
798 2423 955 2491 Quod
983 2425 1250 2495 contingit
1287 2425 1375 2481 die
1401 2425 1471 2480 50
1497 2425 1723 2481 mensis.

1057 2619 1287 2676 CAPUT
1324 2619 1461 2677 VIII.

972 2712 1054 2768 De
1103 2715 1285 2785 eclipsi
1323 2715 1473 2770 solis.

511 2821 658 2878 Solis
695 2822 928 2894 eclipses
975 2822 1112 2878 ﬁunt
1165 2839 1230 2878 ex
1276 2823 1603 2895 interpositu
1672 2823 1836 2883 lunae.
1865 2824 2004 2880 Cum

437 2915 587 2969 enim
642 2915 730 2972 sol
787 2915 1040 2987 superius
1063 2915 1290 2982 feratur,
1321 2918 1452 2973 luna
1480 2916 1733 2981 inferius,
1781 2932 1906 2973 cum
1946 2920 2004 2973 in

435 3004 626 3062 eodem
653 3005 826 3078 gradu
852 3006 1054 3062 fuerint
1086 3007 1169 3062 sol
1197 3015 1252 3063 et
1285 3007 1412 3063 luna
1443 3009 1546 3064 sub
1586 3009 1757 3065 solem
1778 3009 2003 3065 subiens

435 3100 541 3152 ista
567 3096 737 3152 ofﬁcit
753 3097 921 3153 radiis
955 3098 1109 3163 solis,
1143 3100 1235 3170 qui
1269 3099 1338 3155 ad
1368 3115 1468 3156 nos
1498 3100 1769 3156 feruntur.
1800 3099 2002 3167 Quam-

2105 1971 2333 2043 ταχίστη
2386 1972 2485 2043 μὲν
2515 1972 2641 2044 περὶ
2666 1970 2765 2043 τὴν
2797 1971 2985 2025 εἰκάδα
3035 1972 3130 2026 καὶ
3156 1971 3433 2043 πέμπτην,
3480 1971 3676 2043 βραδυ-

2107 2064 2244 2135 τάτη
2273 2063 2332 2117 δέ
2361 2063 2489 2135 περὶ
2514 2064 2611 2134 τὴν
2648 2063 2838 2117 εἰκάδα
2862 2063 2957 2117 καὶ
2988 2063 3174 2134 ἕκτην.
3209 2062 3267 2117 '0
3291 2062 3349 2116 δέ
3376 2064 3485 2126 πᾶς
3511 2081 3671 2135 μηνι-

2107 2157 2222 2219 αῖος
2238 2155 2425 2226 χρόνος
2439 2156 2660 2226 ἡμερῶν
2676 2157 2790 2208 ἐστι
2806 2156 2883 2209 κθ¹
2900 2155 3005 2227 αίβ
3020 2155 3147 2226 (1/7-
3166 2154 3398 2226 ἔστιγὰρ
3418 2155 3526 2227 μὴν
3542 2155 3673 2227 χρό-

2107 2263 2196 2310 νος
2225 2247 2334 2301 ἀπὸ
2355 2246 2576 2300 συνόδου
2599 2249 2678 2310 εἰς
2702 2248 2938 2312 σύνοδον,
2973 2247 3080 2301 ἀπὸ
3096 2248 3199 2318 τῆς
3228 2249 3562 2318 πανσελήνου
3580 2245 3675 2301 ἐπὶ

2107 2339 2203 2411 τὴν
2236 2340 2588 2411 πανσέληνον·
2624 2340 2835 2406 σύνοδος
2860 2343 2918 2395 δέ
2940 2343 3056 2395 ἐστι
3083 2342 3290 2414 χρόνος,
3322 2343 3379 2394 ἐν
3399 2335 3443 2410 ᾧ
3469 2343 3497 2394 ό
3522 2340 3673 2412 ἥλιος

2107 2432 2200 2486 καὶ
2230 2434 2263 2503 ἡ
2292 2433 2486 2505 σελήνη
2516 2435 2575 2487 ἐν
2601 2436 2666 2505 τῇ
2697 2436 2835 2507 αὐτῇ
2870 2436 3033 2508 μοίρᾳ
3053 2437 3312 2505 γίνονται.
3333 2437 3507 2510 Ὅπερ
3538 2453 3676 2509 συμ-

2109 2523 2281 2579 ϐαίνει
2304 2527 2372 2596 τῇ
2397 2526 2669 2597 τριακάδι.

2630 2636 3020 2690 ΚΕΦΑΛΔΙΟΝ
3062 2638 3144 2693 Η’.

2510 2728 2649 2796 Περί
2696 2729 3021 2797 ἐκλείψεως
3052 2730 3252 2798 ἡλίου.

2174 2839 2239 2892 Αἱ
2265 2837 2359 2892 τοῦ
2386 2839 2536 2911 ἡλίου
2567 2838 2836 2909 ἐκλείψεις
2886 2838 3125 2909 γίνονται
3166 2842 3288 2893 κατ’
3342 2840 3678 2914 ἐπιπρόσθη-

2107 2945 2192 2985 σιν
2214 2929 2463 3000 σελήνης.
2481 2930 2900 3002 Μετεωροτέρου
2925 2929 3034 3002 γὰρ
3060 2931 3361 3004 φερομένου
3386 2931 3480 2986 τοῦ
3495 2931 3670 3003 ἡλίου,

2102 3021 2489 3092 ταπεινοτέρας
2517 3021 2574 3075 δὲ
2623 3022 2722 3093 τῆς
2760 3021 3018 3093 σελήνης,
3044 3023 3171 3076 ὅταν
3207 3022 3349 3077 κατὰ
3377 3021 3475 3095 τὴν
3503 3024 3674 3094 αὐτὴν

2106 3117 2297 3187 μοῖραν
2311 3115 2533 3187 γένηται
2564 3116 2594 3168 ό
2620 3113 2769 3187 ἥλιος
2789 3115 2883 3169 καὶ
2904 3117 2941 3186 ἡ
2972 3115 3189 3187 σελήνη,
3212 3116 3677 3189 ὑποτροχάσασαὴ

435 3191 625 3243 qu-em
683 3192 753 3244 n‘e
802 3189 1091 3245 dicendum
1119 3191 1338 3261 quidem
1376 3201 1482 3257 est,
1513 3207 1607 3248 eas
1638 3193 1857 3263 proprie
1879 3207 2002 3248 esse

2107 3204 2303 3277 σελήνη
2326 3204 2404 3276 τῷ
2426 3205 2561 3276 ἡλίῳ
2583 3205 2932 3277 ἀντιφράττει
2954 3208 3075 3270 ταῖς
3099 3207 3206 3260 ἀπὸ
3225 3207 3318 3261 τοῦ
3345 3208 3493 3279 ἡλίου
3518 3226 3681 3281 φερο-

435 3282 689 3351 eclipses,
745 3282 843 3337 sed
893 3281 1358 3353 interpositiones.
1402 3281 1538 3337 Nam
1590 3284 1723 3339 solis
1780 3283 1999 3354 quidem

433 3375 585 3428 nulla
620 3389 747 3444 pars
780 3389 1017 3444 unquam
1049 3374 1301 3441 deﬁciet;
1335 3374 1494 3431 nobis
1556 3391 1689 3431 vero
1727 3376 1844 3447 ipse
1881 3376 2003 3430 red-

433 3467 584 3521 ditur
613 3467 901 3523 invisibilis
954 3475 1176 3537 propter
1205 3468 1575 3524 incursionem
1617 3469 1777 3524 lunae.
1826 3467 1999 3534 Quam

435 3560 505 3612 ob
562 3572 788 3637 causam
849 3574 919 3614 ne
960 3560 1199 3629 mquales
1249 3559 1470 3629 quidem
1524 3576 1719 3615 rursus
1768 3561 2001 3629 eclipses

436 3650 609 3718 ﬁunt;
650 3652 746 3706 sed
775 3651 1079 3707 secundum
1104 3653 1381 3711 climatum
1413 3652 1748 3709 differentias
1792 3669 2003 3724 magnae

435 3742 781 3798 diversitates
823 3741 959 3797 ﬁunt
1028 3744 1177 3798 circa
1240 3743 1642 3816 magnitudines
1685 3745 1997 3813 eclipsium.

435 3832 638 3888 Eodem
671 3836 816 3889 enim
872 3843 1119 3902 tempore
1169 3836 1292 3892 aliis
1339 3844 1486 3891 totus
1524 3835 1708 3891 deficit
1735 3837 1851 3902 sol;
1877 3837 2000 3892 aliis

437 3925 704 3981 medietas
746 3926 919 3990 solis;
954 3928 1076 3983 aliis
1114 3928 1294 3982 minor
1352 3943 1480 3998 pars
1516 3928 1841 3994 medietate;
1877 3930 2000 3984 aliis

437 4017 585 4071 nulla
620 4033 746 4086 pars
776 4018 1000 4073 omnino
1035 4020 1168 4074 solis
1213 4020 1444 4075 deﬁcere
1473 4019 1705 4075 videtur.
1739 4019 1872 4075 Nam
1904 4022 1999 4091 qui

436 4109 683 4163 habitant
738 4109 792 4163 in
826 4109 1213 4179 perpendiculo
1259 4110 1688 4179 interpositionis
1718 4113 1879 4177 lunae,
1913 4112 1998 4166 his

431 4207 585 4255 totus
619 4202 701 4254 sol
733 4200 1090 4254 absconditur
1123 4218 1138 4267 ;
1178 4202 1268 4269 qui
1330 4217 1456 4255 vero
1503 4210 1656 4256 extra
1709 4203 1998 4273 perpendi-

433 4290 618 4345 culum
670 4299 877 4361 partem
918 4291 1155 4361 aliquam
1197 4294 1633 4362 interpositionis
1658 4293 1879 4357 habent,
1929 4293 1998 4350 iis

432 4398 563 4455 pars
593 4383 776 4454 aliqua
802 4383 936 4438 solis
969 4383 1202 4439 deﬁcere
1255 4384 1504 4451 videtur;
1548 4386 1645 4456 qui
1669 4401 1795 4441 vero
1821 4388 1998 4441 omni-

2108 3297 2299 3367 μέναις
2329 3297 2521 3364 aii-rat;
2547 3297 2682 3368 πρὸς
2714 3299 2880 3367 ἡμᾶς.
2915 3298 3114 3369 Διόπερ
3136 3298 3259 3351 οὐδὲ
3284 3299 3473 3370 ῥητέον
3505 3300 3677 3364 αὐτὰς

2102 3388 2306 3459 κυρίως
2331 3388 2626 3458 ἐκλείψεις,
2676 3389 2790 3443 ἀλλ’
2811 3388 3254 3462 ἐπιπροσθήσεις.
3289 3390 3396 3444 Τοῦ
3438 3391 3538 3462 μὲν
3567 3392 3678 3464 γὰρ

2106 3479 2254 3549 ἡλίου
2313 3480 2436 3533 ούδέ
2492 3480 2550 3533 ἓν
2586 3480 2750 3551 μέρος
2792 3480 3044 3534 οὐδέποτε
3106 3480 3375 3551 ἐκλείψεν
3434 3483 3569 3553 ἡμῖν
3616 3481 3677 3537 δέ

2103 3571 2411 3644 ἀθεώρητος
2440 3573 2645 3641 γίνεται
2678 3572 2766 3625 διὰ
2821 3572 2918 3643 τὴν
2948 3573 3341 3645 ἐπιπρόσθησιν
3385 3574 3483 3645 τῆς
3514 3574 3675 3646 σελή-

2104 3679 2220 3734 νης.
2243 3663 2322 3715 Δι’
2347 3662 2414 3732 ἡν
2434 3662 2610 3716 αἰτίαν
2637 3664 2744 3717 οὐδ’
2779 3661 2889 3717 ἴσαι
2922 3664 3084 3718 πάλιν
3108 3667 3165 3719 αἰ
3200 3664 3470 3736 ἐκλείψεις
3496 3667 3677 3736 γίνον-

2101 3771 2192 3806 ται
2217 3771 2230 3783 ·
2252 3753 2389 3807 ἀλλὰ
2420 3755 2560 3808 κατὰ
2586 3754 2683 3818 τὰς
2711 3755 2817 3808 τῶν
2841 3755 3117 3827 κλιμάτων
3147 3756 3409 3829 διαφορὰς
3437 3758 3671 3829 μεγάλαι

2103 3844 2450 3916 παραλλαγαὶ
2467 3845 2706 3913 γίνονται
2730 3864 2794 3899 πε
2805 3847 2858 3917 pi.
2885 3847 2955 3899 τὰ
2985 3847 3188 3919 μεγέθη
3222 3849 3330 3902 τῶν
3354 3849 3664 3920 ἐκλείψεων.

2099 3936 2253 3989 Κατὰ
2289 3935 2397 4008 γὰρ
2419 3936 2508 3990 τὸν
2529 3938 2690 3992 αὑτὸν
2718 3939 2905 4010 χρόνον
2936 3939 3044 4008 (45)
3074 3934 3155 4003 οἷς
3191 3940 3289 4010 μὲν
3317 3941 3435 4005 ὅλος
3461 3944 3490 3995 ὁ
3521 3943 3672 4013 ἥλιος

2098 4027 2358 4091 ἐκλείπει,
2376 4022 2455 4090 οἷς
2468 4028 2523 4081 δέ
2537 4030 2597 4082 τὸ
2611 4030 2644 4100 ἡ
2654 4048 2800 4099 μισυ,
2814 4026 2893 4095 οἷς
2908 4031 2964 4084 δὲ
2981 4030 3042 4083 τὸ
3057 4031 3275 4086 ἔλαττον
3289 4033 3382 4086 τοῦ
3400 4034 3641 4104 ἡμίσεως
3653 4051 3667 4065 ⁸

2098 4113 2178 4181 οἷς
2194 4119 2249 4171 δὲ
2261 4119 2357 4191 τὴν
2382 4120 2555 4191 ἀρχὴν
2582 4122 2735 4175 οὐδὲν
2752 4123 2917 4195 μέρος
2932 4123 3024 4176 τοῦ
3044 4123 3194 4194 ἡλίου
3211 4123 3518 4189 ἐκλελοιπὸς
3535 4125 3671 4178 θεω-

2104 4214 2293 4281 ρεῖται.
2328 4214 2481 4265 Ὅσοι
2509 4214 2604 4284 μὲν
2626 4213 2734 4286 γὰρ
2762 4215 2901 4269 κατὰ
2922 4214 3145 4269 κάθετον
3178 4216 3385 4271 οἰκοῦσι
3419 4219 3518 4290 τῆς
3552 4221 3671 4271 ἐπι-

2101 4305 2474 4376 ποοσθὴσεως,
2500 4306 2709 4372 τούτοις
2736 4307 2855 4371 ὅλος
2878 4307 3186 4381 ἀθεώρητος
3205 4310 3413 4379 γίνεται
3440 4311 3469 4363 ὁ
3504 4310 3674 4382 ἣλιος·

2097 4399 2211 4460 τοῖς
2241 4396 2298 4449 δὲ
2334 4398 2437 4462 ἔξω
2482 4394 2646 4470 μέρος
2672 4417 2723 4453 τι
2757 4400 2858 4470 τῆς
2891 4402 3337 4474 ἐπιπῳσθὴσεως
3366 4402 3548 4473 ἔχουσι
3580 4402 3679 4474 μέ·-

429 4489 502 4529 no
531 4482 681 4529 extra
720 4474 1189 4545 interpositionem
1238 4475 1508 4540 habitant,
1554 4477 1641 4532 his
1682 4476 1829 4533 nulla
1870 4491 1997 4546 pars

2107 4505 2196 4559 ρος
2225 4506 2282 4541 τι
2308 4488 2402 4542 τοῦ
2446 4490 2597 4559 ἡλίου
2647 4489 2957 4555 ἐκλελοιπὸς
3005 4493 3293 4562 Bks-restat“
3341 4496 3454 4556 τοῖς
3485 4493 3541 4547 δὲ
3575 4492 3681 4557 ἔξω

430 4566 565 4621 solis
620 4565 824 4621 deﬁcit.
882 4566 1036 4634 Quod
1087 4575 1268 4623 autem
1297 4570 1600 4624 secundum
1654 4570 1998 4640 interiectum

2107 4556 2407 4650 όλοσχερῶς
2435 4556 2533 4651 τῆς
2572 4556 3017 4653 ἐπιπροσθήσεως
3053 4584 3289 4639 οἰκοῦσιν
3325 4586 3475 4639 οὐδὲν
3517 4586 3683 4657 μέρος

431 4656 575 4712 lunae
600 4660 679 4714 sol
708 4659 948 4723 deﬁciat,
997 4661 1296 4717 maximum
1338 4670 1423 4717 est
1453 4670 1857 4732 argumentum,
1887 4678 1995 4716 non

432 4748 547 4804 ﬁeri
571 4749 624 4803 in
667 4752 772 4803 alio
794 4751 884 4806 die
920 4753 1175 4821 eclipses,
1225 4754 1333 4809 nisi
1369 4762 1582 4808 tantum
1615 4756 1670 4809 in
1694 4754 1995 4817 tricesimo,

424 4858 549 4896 cum
582 4843 707 4896 luna
735 4844 1085 4914 conjungitnr
1110 4860 1234 4899 cum
1260 4847 1414 4913 sole;
1448 4857 1502 4902 et
1532 4847 1658 4900 hinc
1707 4847 1847 4901 idem
1905 4862 1997 4900 co-

424 4935 711 4997 «noscitur
733 4975 749 4996 ,
772 4935 917 5005 quod
954 4950 1053 5006 pro
1075 4937 1286 4992 ratione
1310 4938 1554 4992 locorum
1593 4940 1995 5009 magnitudines

424 5023 715 5094 eclipsium
744 5027 895 5079 fiant.

514 5266 562 5297 “
595 5265 637 5335 f.
667 5268 757 5321 ὁτὲ
784 5267 884 5339 μὲν
907 5268 1155 5341 ταχίστη,
1184 5277 1238 5325 et
1270 5286 1392 5326 mox
1425 5271 1728 5344 βραδυτάτη

482 5420 609 5504 ,(45)
646 5423 810 5504 [faui
840 5426 955 5504 γᾴρ
988 5425 1099 5483 τὸν
1121 5427 1311 5483 αὐτὸν
1338 5430 1871 5504 χρόνονητοιιιεηε
1920 5431 2002 5486 sol

424 5493 718 5560 aliquando
763 5493 1010 5572 deﬁciat,
1065 5513 1134 5553 an
1187 5493 1492 5569 parsmcjus
1547 5502 1726 5572 aliqua
1789 5517 2005 5572 semper

421 5574 686 5642 emergat,
726 5566 1036 5642 obducique
1080 5566 1338 5642 nequeat.
1389 5566 1499 5625 non
1548 5566 1692 5642 inter
1727 5566 2001 5642 principes

423 5632 567 5713 artis
593 5633 739 5688 illius
771 5632 1048 5713 convenit.
1080 5632 1213 5692 Nam
1248 5649 1406 5694 male
1439 5651 1626 5713 nostra
1648 5632 1837 5713 Ty'clm
1871 5632 2000 5697 B'ra-

428 5701 569 5757 heus
604 5705 818 5780 negavit
841 5707 909 5759 ab
939 5707 1087 5780 luna,
1114 5724 1216 5777 qua
1246 5741 1253 5751 ι
1285 5713 1411 5766 hbet
1435 5712 1667 5780 deiecta,
1694 5701 1867 5768 totum
1893 5714 1996 5769 obo

429 5777 646 5827 scurari
686 5787 843 5842 posse
885 5777 1015 5831 solis
1053 5781 1270 5848 οτιιιιιη
1310 5796 1372 5835 ac
1417 5777 1712 5840 diametros
1753 5795 1994 5855 aspecla-

2109 4671 2201 4724 τοῦ
2230 4670 2383 4742 ἡλίου
2442 4672 2752 4738 ἐκλελοιπὸς
2808 4674 3111 4746 θεωρεῖται.
3156 4677 3275 4730 Ὅτι
3308 4676 3364 4730 δὲ
3410 4676 3552 4731 κατὰ
3579 4678 3681 4748 τὴν

2110 4760 2503 4832 ἐπιπρόσθησιν
2567 4762 2664 4833 τῆς
2710 4762 2933 4834 σελήνης
2965 4766 2993 4818 ὁ
3023 4765 3173 4835 ἡλιος
3218 4765 3480 4829 ἐκλείπει,
3523 4766 3679 4837 μέγι-

2108 4864 2232 4900 στον
2283 4851 2582 4921 τεκμήριον
2632 4851 2692 4904 τὸ
2723 4852 2797 4924 μὴ
2848 4852 3091 4920 γίνεσθαι
3130 4856 3187 4908 ἐν
3214 4853 3347 4927 ἄλλῃ
3372 4854 3554 4926 ἡμέρᾳ
3581 4854 3681 4917 τὰς

2104 4939 2396 5009 ἐκλείψεις.
2421 4940 2533 4995 ἀλλ’
2564 4943 2620 4994 ἐν
2658 4946 2722 5013 τῇ
2747 4948 3036 5017 τριακοστῇ
3075 4946 3255 5016 μόνον,
3286 4948 3373 5000 ὅτε
3409 4946 3679 5000 συνοδεύει

2106 5030 2137 5095 ἡ
2172 5031 2366 5092 σελήνη
2395 5029 2475 5101 τῷ
2502 5031 2659 5104 ἡλίῳ,
2703 5035 2794 5088 καὶ
2825 5037 2889 5087 ἐκ
2920 5036 3012 5089 τοῦ
3043 5038 3178 5109 πρὸς
3216 5037 3373 5106 λόγον
3397 5039 3505 5093 τῶν
3527 5040 3680 5112 οίκὴ-

2104 5140 2239 5174 σεων
2265 5127 2333 5176 τὰ
2367 5123 2573 5195 μεγέθη
2608 5126 2715 5179 τῶν
2749 5126 3038 5198 ἐκλείψεων
3078 5128 3342 5197 γίνεσθαι.

2112 5432 2260 5511 biles
2281 5434 2425 5511 lunae
2455 5436 2697 5492 minores
2729 5437 2784 5493 in
2810 5441 3067 5511 syzygiis,
3094 5457 3259 5511 quam
3290 5445 3522 5509 salares,
3544 5461 3679 5504 con-

2114 5456 2252 5487 uucs
2283 5456 2425 5489 unum
2455 5456 2697 5492 minores
2729 5456 2784 5493 In
2810 5456 2939 5511 syzy
2978 5458 3067 5505 ns,
3094 5457 3259 5511 quam
3290 5456 3522 5509 salares,
3544 5461 3678 5504 con-

2111 5505 2307 5559 stituit.
2346 5503 2559 5575 Pugnat
2587 5515 2766 5563 autem
2798 5524 2865 5564 ex
2900 5456 3128 5568 agverso
3161 5521 3402 5570 veterum
3437 5519 3678 5572 auctori-

2111 5581 2228 5654 tas;
2275 5578 2804 5654 tnnrexperimenta
2849 5581 2967 5654 ipsa
3013 5598 3333 5654 magnorum
3376 5587 3674 5644 artiﬁcum.

2108 5641 2606 5730 Kide‘Kepleru'm,‘
2637 5649 2816 5716 capite
2918 5641 3135 5730 Optima"
3158 5658 3546 5730 astraaorm'caz,
3580 5641 3675 5714 ubi

2108 5714 2641 5794 pluribus—exemplis
2672 5714 2937 5794 approba}
2965 5714 3138 5783 solem
3174 5725 3469 5794 aliquando
3497 5714 3673 5784 totum

2102 5784 2262 5856 posse
2292 5784 2552 5854 deficere,
2573 5784 2720 5857 quod
2745 5784 2840 5845 'hic
2885 5786 3145 5849 Ge'ninus
3181 5784 3367 5851 noster
3419 5794 3670 5865 afﬁrmat,
