4146 6472
427 404 528 464 821

951 516 1347 571 ΚΕΦΑΛΑΙΟΝ
1392 516 1470 569 Θ’.

736 634 877 703 Περὶ
911 634 1239 702 ἐκλείψεως
1270 632 1382 701 τῆς
1406 631 1698 702 σελήνης.

502 749 569 802 Δί
600 747 698 817 τῆς
730 747 960 818 σελήνης
987 745 1259 816 ἐκλείψεις
1288 744 1528 814 γίνονται
1558 743 1701 799 κατά
1725 743 1823 815 τὴν
1853 745 1930 806 είς
1955 742 2016 794 τὸ

433 841 677 912 σκίασμα
714 840 815 912 τῆς
855 841 960 910 γῆς
998 838 1281 911 ἔμπτωσιν
1313 839 1411 910 τῆς
1459 838 1705 910 σελήνης.
1746 836 2016 907 Καθάπερ

430 933 539 1004 γάρ
572 935 667 987 καὶ
698 933 767 986 τὰ
784 932 949 985 λοιπά
973 930 1081 984 τῶν
1111 930 1399 1002 σωμάτων,
1426 929 1769 1003 φωτιζόμενα
1789 926 1894 981 ὑπὸ
1918 925 2014 979 τοῦ

430 1021 605 1095 ἡλίου,
643 1023 800 1087 σκιὰς
827 1022 1146 1088 ἀποϐάλλει,
1180 1022 1322 1076 οὕτω
1347 1023 1441 1076 καὶ
1474 1023 1507 1093 ἡ
1540 1022 1636 1091 γῆ,
1673 1020 2014 1093 φωτιζομένη

430 1111 534 1164 ὑπὸ
576 1111 670 1164 τοῦ
712 1111 884 1183 ἡλίου,
933 1110 1092 1166 σκιὰν
1141 1111 1454 1165 ἀποϐάλλει.
1492 1111 1600 1164 Καὶ
1632 1112 1730 1182 ήδη
1770 1111 2016 1182 μέντοιγε

427 1202 516 1255 διὰ
544 1202 604 1255 τὸ
631 1201 861 1273 μέγεθος
879 1203 979 1274 τῆς
1003 1203 1106 1274 γῆς
1129 1203 1396 1275 εἰλικρινῆ
1424 1202 1708 1274 συμϐαίνει
1735 1202 1833 1274 τὴν
1858 1203 2015 1257 σκιάν

430 1289 689 1347 εἶναικαὶ
721 1293 961 1364 βαθεῖαν.
990 1295 1159 1348 Ὅταν
1183 1290 1276 1348 οὖν
1306 1294 1448 1348 κατὰ
1480 1295 1771 1366 διάμετρον
1792 1295 2016 1365 γένηται

430 1386 464 1454 ἡ
500 1383 695 1456 σελήνη
721 1384 797 1456 τῷ
827 1386 984 1457 ἡλίῳ,
1009 1387 1131 1440 τότε
1155 1386 1249 1441 καὶ
1274 1386 1335 1439 τὸ
1361 1387 1603 1457 σκίασμα
1626 1388 1723 1456 τῆς
1753 1388 1856 1457 γῆς
1875 1386 2017 1441 κατά

429 1476 723 1549 διάμετρον
754 1479 963 1546 γίνεται
997 1479 1075 1551 τῷ
1101 1479 1256 1551 ἡλίῳ.
1282 1478 1444 1533 Ὅθεν
1478 1481 1511 1551 ἡ
1548 1479 1745 1550 σελήνη
1774 1495 2020 1532 ταπεινο-

428 1569 565 1641 τέρα
594 1572 868 1643 φερομένη
899 1572 994 1626 τοῢ
1023 1574 1375 1644 σκιάσματος,
1397 1573 1632 1642 εὐλόγως
1657 1571 1917 1642 ἐμπίπτει
1938 1573 2017 1636 είς

429 1664 491 1716 τὸ
521 1665 766 1734 σκίασμα
786 1664 886 1734 τῆς
908 1665 1033 1734 γῆς.
1077 1667 1186 1719 Ἀεὶ
1207 1666 1264 1719 δέ
1283 1666 1344 1719 τὸ
1365 1665 1634 1737 ἐμπίπτον
1658 1666 1828 1736 αὐτῆς
1853 1667 2016 1738 μέρος

431 1758 511 1820 είς
536 1756 597 1810 τὸ
628 1756 874 1828 σκίασμα
906 1758 1006 1827 τῆς
1033 1758 1136 1828 γῆς
1164 1757 1471 1827 ἀφώτιστον
1498 1757 1815 1827 γίνεταιτοῦ
1835 1757 2010 1830 ἡλίου,

1460 400 1702 458 GEMINI
1741 396 2115 456 ELEMEN'I‘A
2153 392 2645 452 ASTRONOMIA‘I.

2036 517 2086 574 Δ

3580 389 3689 445 8Ξῖ

2655 507 2761 577 25
2797 505 3027 563 CAPUT
3083 505 3172 562 IX.

2608 620 2687 674 De
2725 619 3005 689 cclipsibus
3046 620 3210 675 ιιηιαι.

2186 735 2356 792 Lunae.
2385 736 2623 808 eclipses
2660 736 2799 790 ﬁunt
2830 736 3134 793 secundum
3167 732 3519 790 incidentiam
3550 733 3693 789 lunae

2119 831 2174 886 in
2204 832 2460 886 umbram
2508 837 2690 885 terrae.
2723 826 3197 895 Quemadmodum
3224 826 3369 882 enim
3400 833 3456 881 et
3484 827 3694 895 reliqua

2115 937 2373 994 corpora,
2419 937 2546 977 cum
2585 936 2616 975 a
2646 922 2761 978 sole
2803 921 3200 984 illuminantur,
3250 918 3475 972 umbras
3523 917 3693 987 proji—

2116 1017 2292 1078 ciunt,
2344 1016 2425 1070 sic
2471 1014 2637 1069 etiam
2688 1021 2872 1077 terra,
2923 1025 3048 1066 cum
3096 1025 3127 1065 a
3165 1009 3283 1065 sole
3331 1008 3693 1073 illuminatur,

2114 1108 2335 1178 projicit
2383 1107 2656 1162 umbram.
2702 1104 2766 1157 Et
2804 1109 2951 1159 certe
2992 1101 3107 1172 jam
3153 1107 3378 1171 propter
3418 1099 3691 1169 magnitu-

2117 1180 2302 1256 dinem
2354 1206 2519 1254 terra:
2557 1195 2849 1267 contingit,
2888 1195 3139 1249 umbram
3184 1192 3306 1262 ejus
3344 1190 3694 1246 manifestam

2116 1298 2172 1346 et
2227 1288 2553 1361 profundam
2603 1303 2746 1344 esse.
2788 1288 2923 1341 Cum
2969 1284 3137 1356 igitur
3178 1284 3306 1336 luna
3350 1281 3452 1336 soli
3491 1281 3696 1335 diame-

2118 1383 2331 1438 traliter
2384 1381 2717 1452 opponitur,
2779 1387 2911 1433 tunc
2988 1391 3204 1447 quoque
3272 1385 3433 1430 terrae
3502 1372 3696 1428 umbra

2116 1473 2508 1529 diametraliter
2563 1473 2858 1543 opponitur
2928 1468 3053 1526 soli.
3130 1465 3282 1523 Unde
3336 1466 3504 1529 luna,
3567 1478 3695 1518 cum

2116 1565 2347 1621 inferius
2390 1564 2598 1620 feratur
2638 1579 2803 1635 quam
2855 1561 3084 1629 umbra,
3139 1558 3454 1615 necessario
3505 1556 3697 1610 incidit

2117 1660 2175 1715 in
2222 1660 2473 1714 umbram
2529 1665 2710 1714 terrae.
2756 1656 2984 1726 Semper
3027 1662 3210 1709 autem
3254 1666 3386 1723 pars
3414 1649 3557 1721 ejus,
3585 1663 3695 1719 qua

2117 1752 2175 1807 in
2218 1749 2469 1806 umbram
2517 1758 2680 1805 terrae
2726 1747 2938 1813 incidit,
2973 1762 3085 1801 non
3131 1744 3475 1800 illuminatur
3514 1758 3544 1795 a
3581 1742 3698 1797 sole

429 1846 519 1900 διά
549 1848 649 1920 τὴν
671 1847 1068 1919 ἐπιπρόσθησιν
1096 1849 1194 1920 τῆς
1224 1850 1346 1920 γῆς.
1372 1849 1504 1902 Τότε
1530 1851 1640 1921 γὰρ
1674 1851 1765 1904 ἐπὶ
1790 1850 1889 1921 τῆς
1920 1849 2016 1902 αὐ-

2119 1850 2338 1915 propter
2366 1842 2823 1899 intercursionem
2853 1848 3033 1896 terrae.
3065 1836 3221 1893 Tunc
3247 1837 3403 1894 enim
3419 1837 3475 1891 in
3506 1836 3697 1892 eadem

429 1938 530 2008 τῆς
558 1937 774 2002 εὐθείας
802 1938 1013 2006 γίνεται
1039 1940 1067 1991 ό
1092 1938 1241 2010 ἥλιος
1266 1939 1360 1992 καὶ
1380 1940 1413 2010 ἡ
1435 1941 1525 2010 γῆ,
1558 1940 1651 1994 καὶ
1678 1940 1738 1994 τὸ
1771 1940 2016 2010 σκίασμα

428 2034 529 2102 τῆς
561 2032 687 2103 γῆς,
722 2034 817 2085 καὶ
851 2034 883 2103 ἡ
919 2032 1138 2103 σελήνη.
1175 2033 1252 2086 Δι’
1292 2033 1359 2103 ἢν
1399 2032 1576 2087 αἰτίαν
1618 2033 1738 2087 οὑδέ
1775 2033 2016 2102 γίνονται

431 2123 703 2193 ἐκλείψεις
737 2125 834 2195 τῆς
875 2124 1106 2195 σελήνης
1153 2126 1210 2179 ἐν
1253 2125 1387 2197 ἄλλῃ
1434 2124 1652 2198 ἡμέρᾳ,
1701 2124 1815 2178 ἀλλ’
1858 2126 1915 2178 ἐν
1947 2127 2013 2195 τῇ

428 2213 738 2286 διχομηνίᾳ.
776 2215 910 2269 Τότε
943 2216 1051 2287 γὰρ
1085 2215 1228 2270 κατὰ
1267 2216 1559 2288 διάμετρον
1600 2216 1810 2285 γίνεται
1849 2218 1883 2287 ή
1925 2233 2015 2269 σε-

432 2303 570 2375 λήνη
613 2304 692 2376 τῷ
725 2304 876 2376 ἡλίῳ.
927 2305 1170 2359 Γίνονται
1207 2306 1456 2377 μέντοιγε
1489 2307 1655 2360 πᾶσαι
1694 2308 1748 2359 αἱ
1778 2306 1880 2376 τῆς
1923 2322 2016 2358 σε·-

433 2395 602 2468 λήνης
642 2396 912 2467 ἐκλείψεις
952 2396 1085 2450 ίσαι⁹
1123 2399 1179 2452 αἱ
1220 2399 1318 2469 μὲν
1354 2399 1463 2470 γὰρ
1497 2397 1924 2470 ἐπιπροσθήσεις
1959 2398 2017 2452 αἱ

428 2488 713 2559 γινόμεναι
741 2491 800 2553 ἐν
827 2490 948 2552 ταῖς
976 2487 1072 2541 τοῦ
1103 2488 1254 2560 ἡλίου
1277 2489 1550 2559 ἐκλείψεσι
1577 2488 1729 2562 ποιρά
1747 2489 1845 2553 τάς
1867 2491 2019 2561 οἰκή-

432 2597 547 2643 σεις
575 2580 823 2652 διάφοροι
857 2580 1120 2649 γίνονται,
1154 2581 1221 2635 δι’
1248 2581 1315 2654 ῆν
1346 2583 1527 2637 αἰτίαν
1569 2582 1665 2637 καλ⁵
1700 2581 1771 2637 τά
1809 2581 2016 2654 μεγέθη

429 2670 540 2724 τῶν
568 2670 866 2742 ἐκλείψεων
889 2671 1123 2744 διάφορα
1150 2672 1378 2742 γίνεταιο
1407 2673 1463 2726 αί
1490 2672 1548 2726 δὲ
1582 2672 1890 2745 ἐμπτώσεις
1920 2674 2020 2746 τῆς

433 2764 665 2836 σελήνης
688 2767 769 2829 εἰς
789 2766 851 2819 τὸ
878 2765 1124 2838 σκίασμα
1157 2767 1270 2820 ῐσαι
1296 2768 1469 2821 πᾶσαι
1498 2766 1735 2836 γίνονται
1758 2767 1901 2822 κατὰ
1920 2766 2021 2839 τήν

431 2857 601 2927 αὐτὴν
627 2855 890 2927 ἔκλειψιν.
930 2857 1068 2930 Ἤδη
1099 2858 1348 2929 μέντοιγε
1382 2859 1442 2912 οὐ
1474 2859 1562 2913 διὰ
1588 2860 1788 2924 παντὸς
1814 2861 1877 2913 τὸ
1907 2858 2020 2913 ἴσον

432 2948 675 3003 ἐκλείπει
696 2950 796 3022 τῆς
820 2950 1072 3023 σελήνης.
1099 2951 1270 3006 Ὅταν
1291 2951 1401 3024 γὰρ
1420 2952 1508 3006 διὰ
1531 2953 1697 3025 μέσον
1724 2952 1817 3007 τοῦ
1846 2952 2024 3007 ἐκλει-

433 3041 627 3095 πτικοῢ
654 3045 687 3114 ἡ
727 3043 926 3117 σελήνη
955 3043 1053 3116 τὴν
1078 3044 1314 3115 πάροδον
1342 3045 1586 3116 ποιῆται,
1626 3045 1723 3117 ὅλη
1755 3047 2022 3117 ἐμπίπτει

432 3135 514 3198 εἰς
545 3135 608 3188 τὸ
652 3136 898 3205 σκίασμα
930 3137 1032 3208 τῆς
1064 3139 1187 3210 γῆς·
1216 3137 1378 3192 ¹ιἰίιστε
1418 3141 1717 3209 ἀναγκαῖον
1759 3141 1855 3194 καὶ
1890 3141 2021 3212 ὅλην

431 3226 603 3296 αὐτὴν
631 3227 926 3283 ἐκλείπειν.
969 3208 1139 3283 Ὅταν
1167 3230 1225 3284 δὲ
1259 3208 1580 3303 παράψηται
1607 3231 1702 3285 τοῦ
1744 3208 2018 3304 σκιάσμα-
2045 3208 2093 3274 c

430 3333 544 3386 τος,
581 3319 745 3392 μέρος
772 3337 827 3373 τι
857 3322 956 3393 τῆς
992 3321 1221 3393 σελήνης
1244 3320 1505 3376 ἐκλείπει·
1535 3321 1650 3376 ἔστι
1673 3321 1730 3376 δὲ
1754 3322 1817 3376 τὸ
1842 3322 2021 3377 ἐκλει-

433 3411 626 3465 πτικὸν
661 3412 834 3484 αὐτῆς
877 3413 1080 3486 μοιρῶν
1112 3412 1226 3467 δύο.
1279 3414 1367 3469 Ἐν
1398 3414 1508 3487 γὰρ
1535 3414 1713 3485 τούτῳ
1751 3415 1832 3487 τῷ
1870 3415 2022 3489 τόπῳ

433 3501 616 3565 πάσας
639 3502 739 3565 τὰς
759 3502 1034 3573 ἐκλείψεις
1064 3502 1350 3575 συμϐαίνει
1377 3505 1476 3576 τῆς
1503 3505 1731 3577 σελήνης
1752 3505 2017 3575 γίνεσθαι.

446 3594 541 3646 Ἐκ
568 3594 627 3647 δὲ
655 3593 862 3648 τούτων
889 3596 1142 3668 φανερὸν,
1177 3596 1261 3651 ὅτι
1291 3597 1349 3650 uti.
1373 3596 1477 3668 τῆς
1499 3596 1729 3670 σελήνης
1752 3597 2022 3668 ἐκλείψεις

432 3685 676 3753 γίνονται
708 3686 849 3740 κατὰ
879 3686 979 3758 τὴν
1008 3689 1090 3751 είς
1112 3687 1174 3741 τὸ
1198 3688 1440 3760 σκίασμα
1468 3688 1568 3758 τῆς
1592 3688 1695 3760 γῆς
1716 3688 2016 3760 ἔμπτωσιν·

435 3778 572 3849 πρὸς
596 3778 752 3847 λόγον
779 3778 889 3850 γὰρ
925 3780 1026 3851 τῆς
1065 3780 1206 3834 κατά
1233 3780 1437 3845 πλάτος
1467 3783 1735 3853 κινήσεως
1763 3782 1865 3853 τῆς
1886 3785 2022 3854 ἡμε-

438 3870 625 3942 ρησίου
663 3870 765 3941 τῆς
798 3869 1029 3943 σελήνης
1060 3872 1128 3926 τά
1171 3872 1375 3945 μεγέθη
1413 3872 1524 3926 τῶν
1556 3873 1851 3943 ἐκλείψεων
1881 3874 2021 3946 σύμ-

436 3979 591 4031 φωνα
621 3963 848 4032 γίνεται·
890 3966 984 4017 καί
1013 3966 1070 4019 ἐν
1101 3964 1283 4030 ἄλλαις
1317 3965 1552 4038 ἡμέραις
1591 3966 1653 4019 οὐ
1686 3966 1924 4035 γίνονται
1962 3968 2020 4020 αἱ

435 4053 535 4125 τῆς
563 4053 792 4126 σελήνης
819 4053 1112 4124 ἐκλείψεις,
1146 4053 1285 4125 πλὴν
1315 4055 1373 4107 ἐν
1402 4057 1467 4125 τῇ
1493 4054 1805 4126 διχομηνίᾳ.

978 4168 1376 4223 ΚΕΦΑΛΑΙΟΝ
1419 4171 1477 4225 l'.

434 4282 555 4337 ὀτι
582 4284 697 4353 τὴν
720 4283 1004 4338 ἐναντίαν
1027 4282 1109 4349 τῷ
1132 4284 1340 4364 κόσμῳ
1366 4283 1614 4352 κίνησιν
1637 4287 1692 4337 ol
1715 4283 2019 4353 πλάνητες

1050 4366 1382 4408 ποιουν-ται.

519 4468 578 4522 '0
608 4469 814 4540 κόσμος
841 4471 1069 4523 κινεῖται
1100 4468 1273 4541 φορὰν
1301 4467 1590 4538 ἐγκύκλιον
1626 4468 1721 4522 ἀπ’
1752 4468 2016 4541 ἀνατολης

2117 1936 2264 1992 linea
2308 1943 2459 1992 recta
2499 1936 2916 1992 constituuntur
2946 1933 3051 1999 sol,
3099 1942 3268 1999 terra,
3300 1931 3494 1988 umbra
3538 1937 3698 1984 terra

2117 2037 2171 2086 et
2195 2029 2346 2083 luna.
2384 2028 2559 2096 Quam
2588 2029 2660 2084 ob
2688 2042 2915 2085 causam
2941 2043 3010 2084 ne
3046 2027 3184 2082 ﬁunt
3215 2024 3437 2098 quidem
3465 2022 3697 2093 eclipses

2118 2123 2265 2177 lunae
2303 2122 2361 2177 in
2404 2122 2514 2177 alio
2555 2120 2664 2187 die,
2697 2120 2802 2176 nisi
2845 2120 2904 2175 in
2932 2119 3253 2191 plenilunio.
3284 2116 3441 2172 Tunc
3480 2115 3629 2171 enim
3666 2128 3701 2168 ο

2117 2213 2389 2269 diametro
2418 2213 2547 2268 luna
2581 2212 2879 2284 opponitur
2916 2211 3043 2271 soli.
3077 2210 3467 2275 Verumtamen
3506 2222 3697 2264 omnes

2118 2308 2263 2361 lunae
2285 2306 2520 2376 eclipses
2553 2305 2689 2361 ﬁunt
2713 2307 2989 2378 aequales;
3024 2321 3150 2360 nam
3178 2303 3544 2367 incursiones.
3576 2317 3699 2373 quae

2119 2399 2175 2453 in
2210 2399 2344 2455 solis
2382 2398 2679 2470 eclipsibus
2714 2397 2869 2467 ﬁunt,
2901 2405 3124 2471 propter
3152 2397 3273 2453 loca
3302 2394 3700 2451 habitationum

2117 2490 2349 2547 diversa
2417 2492 2748 2556 efﬁciuntur,
2810 2492 2880 2547 ob
2937 2490 2995 2546 id
3066 2491 3230 2546 etiam
3295 2485 3699 2560 magnitudines

2117 2584 2406 2654 eclipsium
2454 2584 2721 2640 solarium
2766 2583 2998 2639 diversa;
3035 2582 3343 2637 redduntur
3387 2596 3401 2633 :
3456 2588 3511 2634 at
3558 2579 3700 2633 lunae

2122 2675 2437 2732 incidentia:
2464 2677 2523 2732 in
2555 2678 2805 2733 umbram
2842 2676 2979 2732 ﬁunt
3022 2690 3217 2733 omnes
3246 2674 3486 2747 aequales
3514 2676 3571 2727 in
3604 2688 3700 2728 ea-

2120 2764 2491 2839 dem'eclipsi.
2541 2769 2663 2824 Jam
2708 2784 2841 2825 vero
2885 2782 2999 2824 non
3048 2782 3266 2839 semper
3300 2765 3529 2838 aequalis
3568 2779 3701 2835 pars

2121 2862 2266 2917 lunae
2330 2862 2534 2918 deﬁcit.
2590 2861 2729 2918 Cum
2777 2861 2924 2918 enim
2981 2876 3080 2933 per
3130 2859 3370 2917 medium
3430 2857 3699 2914 circulum

2121 2955 2437 3025 eclipticum
2488 2956 2618 3010 Iuna
2678 2955 2979 3012 transitum
3030 2953 3184 3022 facit,
3236 2962 3351 3010 tota
3403 2951 3596 3007 incidit
3642 2952 3701 3005 in

2124 3045 2373 3101 umbram
2428 3054 2611 3103 terrae.
2657 3046 2851 3118 itaque
2898 3046 3272 3102 necessarium
3318 3051 3424 3109 est,
3470 3053 3532 3099 ut
3581 3043 3702 3114 ipsa

2123 3144 2238 3194 tota
2294 3138 2533 3196 deﬁciat.
2594 3138 2732 3195 Cum
2797 3153 2928 3196 vero
2979 3139 3201 3210 attingit
3247 3140 3522 3204 umbram,
3572 3154 3702 3210 pars

2121 3231 2306 3301 aliqua
2360 3232 2503 3287 lunae
2564 3231 2750 3287 deﬁcit
2806 3249 2822 3288 :
2879 3246 3008 3303 pars
3064 3237 3247 3287 autem
3305 3230 3519 3293 circuli,
3579 3247 3703 3302 qua:

2122 3323 2310 3377 lunam
2343 3323 2577 3379 deﬁcere
2602 3323 2756 3389 facit,
2785 3331 2871 3379 est
2899 3326 3131 3380 duorum
3162 3322 3455 3395 graduum.
3498 3321 3559 3378 In
3594 3322 3701 3377 hoc

2121 3417 2266 3471 enim
2309 3417 2433 3473 loco
2461 3431 2656 3475 omnes
2686 3417 2923 3488 eclipses
2956 3417 3099 3472 lunae
3135 3417 3406 3489 contingit
3438 3416 3576 3471 ﬁeri.
3623 3415 3701 3470 Ex

2120 3506 2209 3562 his
2231 3507 2583 3563 manifestum
2610 3517 2712 3574 est,
2738 3506 2885 3578 quod
2916 3508 3058 3563 luna:
3085 3508 3317 3578 eclipses
3337 3506 3471 3561 ﬁant
3504 3521 3702 3562 secun-

2121 3599 2251 3654 dum
2284 3598 2640 3655 incidentiam
2685 3600 2739 3653 in
2785 3600 3038 3654 umbram
3086 3608 3285 3665 terrae;
3319 3615 3449 3654 nam
3486 3598 3702 3654 ratione

2120 3693 2305 3749 diurni
2334 3700 2517 3749 motus
2540 3693 2682 3749 luna:
2706 3693 3008 3750 secundum
3036 3692 3379 3748 latitudinem
3412 3671 3548 3747 ﬁunt
3569 3706 3703 3747 con-

2119 3801 2271 3856 grtia:
2319 3784 2607 3854 eclipsium
2651 3785 3091 3856 magnitudines,
3125 3791 3180 3840 et
3225 3784 3283 3838 in
3332 3783 3457 3838 aliis
3506 3782 3703 3839 diebus

2121 3892 2230 3933 non
2256 3874 2391 3931 ﬁunt
2422 3877 2643 3933 lunares
2675 3879 2932 3949 eclipses,
2966 3877 3074 3933 nisi
3101 3876 3156 3932 in
3188 3877 3515 3949 plenilunio.

2747 4167 2976 4223 CAPUT
3014 4167 3082 4225 X.

2159 4279 2314 4347 Quod
2345 4285 2677 4337 contrarium
2713 4282 2906 4337 mundo
2946 4291 3145 4337 motum
3177 4282 3405 4350 planetae
3442 4280 3663 4349 faciant.

2189 4471 2426 4528 Mundus
2469 4475 2722 4523 movetur
2754 4472 2907 4519 motu
2939 4462 3203 4518 circulari
3245 4462 3313 4516 ali
3343 4468 3465 4516 ortu
3509 4460 3577 4514 ad
3609 4475 3705 4515 oc-

434 4560 527 4614 ἐπὶ
561 4560 731 4614 δύσιν.
770 4561 925 4615 Ὅσοι
968 4560 1078 4632 γάρ
1116 4560 1182 4614 ἂν
1218 4559 1325 4614 τῶν
1353 4559 1597 4632 ἀστέρων
1631 4559 1770 4630 μετά
1795 4560 1894 4630 τὴν
1919 4559 2015 4612 τοῦ

2122 4583 2337 4624 casum.
2369 4564 2504 4620 Nam
2550 4575 2890 4633 quaecunque
2920 4558 3093 4613 stellae
3125 4564 3251 4627 post
3284 4556 3418 4612 solis
3446 4569 3703 4610 occasum

435 4652 586 4723 ἡλίου
614 4652 765 4706 δύσιν
800 4653 939 4725 πρὸς
963 4655 1031 4723 τῇ
1057 4653 1288 4725 ἀνατολῇ
1320 4650 1659 4724 θεωρηθῶσι,
1689 4651 2014 4724 προϐαινού-

436 4762 536 4816 σης
566 4745 666 4815 τῆς
690 4745 905 4810 νυκτὸς,
939 4742 1391 4816 μετεωριξόμενοι
1423 4743 1620 4815 μᾶλλον
1642 4744 1728 4797 ἀεὶ⁸
1754 4743 1848 4796 καὶ
1876 4743 2015 4814 μᾶλ-

432 4831 525 4885 λον
560 4830 909 4904 θεωροῦνταισ
949 4829 1068 4887 εἶτα
1098 4833 1383 4904 βλέπονται
1413 4833 1550 4906 πρὸς
1581 4835 1648 4904 τῇ
1683 4834 2016 4905 μεσουρανή-

435 4941 534 4979 σει·
558 4924 959 4998 προϐαινούσης
986 4925 1043 4978 δὲ
1067 4926 1169 4996 τῆς
1201 4925 1414 4990 νυκτὸς,
1441 4927 1855 4999 ἀποκλινόμενοι
1880 4928 2014 4999 πρὸς

428 5017 531 5090 τὴν
569 5016 721 5071 δύσιν
762 5021 812 5071 οἱ
854 5017 1007 5071 αὐτοὶ
1037 5019 1263 5089 ἀστέρες
1298 5018 1650 5091 θεωροῦνταιο
1702 5021 1799 5074 καὶ
1841 5021 2015 5091 πέρας

430 5111 678 5175 δύνοντες
716 5110 972 5183 ὀρῶνταυ
1020 5111 1114 5164 καὶ
1158 5112 1316 5164 τοῦτο
1360 5110 1754 5184 καθ’ρἐάστην
1802 5112 2013 5183 ἡμέραν

431 5204 523 5257 ἐπὶ
548 5202 766 5257 πάντων
799 5203 1044 5275 ἀστέρων
1065 5202 1296 5272 γίνεται.
1324 5203 1487 5255 Ὥστε
1517 5204 1769 5277 φανερὸν,
1791 5206 1873 5257 ὃτι
1894 5204 2015 5267 ὅλος

428 5298 456 5349 ὁ
489 5295 696 5366 κόσμος
729 5294 866 5347 πᾶσι
902 5284 1017 5358 τοῖς
1058 5295 1144 5363 ἐφ’
1183 5293 1376 5346 ἐαυτοῦ
1422 5293 1614 5365 μέρεσι
1654 5298 1886 5348 κινεῖται
1918 5297 2012 5349 καὶ

427 5388 521 5440 ἀπ’
554 5386 818 5457 ἀνατολῆς
850 5388 941 5439 ἐπί
982 5378 1152 5439 δύσιν.
1192 5386 1315 5439 Ὅτι
1356 5385 1414 5438 δέ
1451 5384 1739 5455 ἐγκύκλιον
1777 5389 2012 5439 ποιεῖται

426 5478 524 5547 τὴν
559 5478 866 5550 προφορὰν,
898 5478 1164 5550 πρόδηλον
1191 5479 1256 5530 ἐκ
1280 5477 1377 5530 τοῦ
1400 5478 1609 5541 πάντας
1629 5479 1755 5543 τοὺς
1777 5480 2012 5550 ἀστέρας

427 5571 492 5622 ἐκ
522 5569 615 5623 τοῦ
643 5569 808 5624 αὐτοῦ
837 5570 1004 5624 τόπου
1027 5569 1359 5634 ἀνατέλλειν,
1394 5571 1487 5624 καὶ
1516 5572 1596 5634 εἰς
1625 5571 1717 5623 τὸν
1743 5571 1905 5625 αὐτὸν
1926 5571 2013 5625 τό·-

428 5677 528 5714 πον
560 5661 757 5716 δύνειψ
813 5662 894 5715 ἔτι
939 5663 1031 5717 καὶ
1076 5664 1163 5717 διὰ
1193 5662 1301 5717 τῶν
1342 5662 1611 5736 διόπτρων
1646 5662 2011 5736 θεωρούμενοι

430 5752 630 5815 πάντες
672 5753 724 5805 οἱ
774 5753 1002 5823 ἀστέρες
1053 5754 1330 5823 φαίνονται
1377 5752 1667 5823 ἐγκύκλιον
1698 5755 2010 5828 ποιούμενοι

432 5846 525 5919 τὴν
560 5848 772 5920 κίνησιν
805 5848 898 5921 ὅλῃ
935 5851 998 5919 τῇ
1028 5851 1345 5921 περιαγωγῇ
1374 5848 1481 5903 τῶν
1509 5847 1798 5922 διόπτρων.

2123 4659 2190 4714 ad
2236 4665 2417 4713 ortum
2462 4652 2911 4723 conspiciuntur,
2974 4649 3059 4702 Ine
3122 4647 3455 4719 procedente
3509 4653 3701 4714 nocte,

2123 4749 2297 4819 magis
2327 4745 2608 4814 magisque
2643 4756 2860 4810 semper
2884 4739 3089 4794 elevari
3117 4745 3475 4808 spectantur;
3507 4736 3708 4793 deinde

2122 4839 2379 4893 videnlur
2409 4838 2462 4890 in
2496 4834 2679 4890 medio
2704 4833 2852 4888 cmli.
2882 4831 3276 4902 Progrediente
3306 4839 3486 4885 autem
3515 4839 3701 4895 nocte,

2123 4930 2400 4986 declinare
2453 4928 2520 4981 ad
2577 4940 2837 4981 occasum
2886 4925 3089 4980 eadem
3135 4924 3307 4979 stellae
3339 4923 3613 4987 videntur,
3651 4930 3706 4977 et

2123 5020 2342 5075 tandem
2368 5018 2620 5073 occidere
2664 5024 2999 5088 spectantur.
3032 5015 3213 5086 Atque
3240 5014 3343 5069 hoc
3369 5013 3616 5084 quotidie
3648 5014 3703 5067 in

2123 5115 2378 5171 omnibus
2424 5113 2483 5166 ﬁt
2528 5111 2724 5168 stellis.
2777 5111 2965 5180 Itaque
3008 5107 3362 5164 manifestum
3403 5114 3509 5170 est,
3556 5105 3702 5175 quod

2123 5213 2271 5261 totus
2305 5203 2544 5259 mundus
2585 5218 2709 5259 cum
2746 5203 3004 5257 omnibus
3046 5201 3165 5256 suis
3200 5198 3451 5270 partibus
3483 5211 3705 5251 movea-

2120 5305 2232 5359 tur,
2259 5306 2314 5351 et
2339 5296 2557 5366 quidem
2594 5295 2665 5350 ab
2696 5302 2818 5349 ortu
2849 5308 3044 5349 versus
3073 5305 3357 5346 occasum.
3385 5288 3541 5356 Quod
3572 5303 3704 5345 vero

2121 5389 2448 5443 circuiarem
2503 5384 2672 5439 faciat
2715 5392 2951 5443 motum.
2983 5398 3051 5437 ex
3097 5397 3163 5436 eo
3197 5380 3550 5434 manifestum
3589 5384 3698 5441 est,

2121 5480 2268 5551 quod
2312 5493 2503 5534 omnes
2555 5478 2727 5531 stellae
2757 5491 2821 5530 ex
2854 5475 3044 5529 eodem
3080 5473 3201 5527 loco
3238 5472 3510 5535 oriantur,
3546 5477 3602 5525 et
3644 5472 3704 5525 in

2121 5568 2373 5626 eumdem
2439 5569 2617 5623 locum
2689 5565 2993 5632 occidant;
3052 5570 3314 5633 praeterea
3383 5561 3550 5617 etiam
3605 5576 3704 5631 per

2122 5663 2336 5733 dioptra
2395 5674 2586 5716 omnes
2636 5658 2806 5714 stellae
2847 5662 3105 5728 spectatre
3163 5654 3420 5707 videntur
3471 5653 3683 5710 circula

2122 5771 2236 5810 rem
2280 5760 2487 5810 motum
2522 5752 2703 5809 facere
2730 5751 2783 5806 in
2815 5758 2926 5806 tota
2957 5746 3424 5805 circumductionc
3457 5744 3703 5821 dioptro-

2118 5863 2260 5904 rum.
