4146 6434
527 367 636 425 823

601 479 672 534 At
714 479 799 535 sol
847 479 916 534 ab
971 493 1172 536 occasu
1225 494 1419 536 versus
1467 487 1647 534 ortum
1715 479 1888 534 fertur
1939 485 2092 532 motu
2115 481 2164 536 Δ

528 569 806 626 contrario
841 570 1068 626 mundo.
1110 569 1226 627 Hoc
1269 570 1618 645 mapifestum
1661 578 1744 626 est
1791 585 1858 625 ex
1897 570 2090 632 stellis.

527 679 651 734 quae
686 670 814 718 ante
853 663 1025 718 solem
1064 663 1336 717 oriuntur.
1364 661 1499 716 Nam
1541 677 1879 733 quaecunque
1922 661 2098 716 stellae

531 762 659 809 ante
689 761 870 809 ortum
903 754 1035 810 solis
1062 762 1314 824 spectata:
1343 753 1548 809 fuerint
1571 753 1707 808 oriri
1732 760 1859 808 ante
1899 753 2090 818 solem,

529 847 612 901 liae
640 845 996 915 sequentibus
1037 845 1289 901 noctibus
1323 845 1698 915 tempestivius
1735 843 2092 914 conspiciun-

527 948 618 993 tur
673 938 806 992 oriri
850 946 978 992 ante
1027 937 1219 1000 solem,
1268 946 1431 1007 atque
1470 937 1574 992 hoc
1623 935 1682 990 iit
1733 936 1996 990 continuo
2036 937 2094 990 in

525 1025 783 1081 omnibus
816 1025 1086 1080 noctibus.
1117 1022 1273 1080 Unde
1315 1025 1670 1080 manifestum
1713 1034 1818 1091 est,
1858 1025 2004 1096 quod
2034 1025 2092 1080 in

525 1117 918 1188 consequentia
959 1117 1115 1188 signa
1154 1118 1238 1173 sol
1285 1117 1568 1188 procedat,
1619 1133 1744 1172 cum
1788 1118 1858 1173 ab
1892 1133 2092 1174 occasu

524 1225 717 1265 versus
753 1217 933 1264 ortum
976 1219 1260 1266 moveatur
1297 1219 1490 1265 contra
1535 1210 1725 1265 mundi
1760 1219 1987 1265 motum.
2033 1208 2092 1265 Si

522 1317 652 1357 vero
681 1302 749 1356 ab
777 1311 902 1357 ortu
935 1317 1130 1358 versus
1168 1318 1426 1359 occasum
1469 1303 1702 1358 ferretur
1731 1303 1839 1367 sol,
1877 1317 2093 1373 semper

523 1394 864 1466 contingeret
908 1410 1003 1450 eas
1045 1395 1254 1458 stellas.
1291 1410 1413 1466 qua:
1451 1395 1606 1464 prius
1637 1395 1937 1459 orirentur,
1983 1395 2090 1449 mi-

522 1485 668 1540 nime
701 1500 983 1557 apparere.
1027 1485 1162 1540 Nam
1203 1485 1260 1542 in
1307 1487 1678 1542 antecedentia
1718 1488 1988 1543 transiens
2017 1488 2092 1543 si-

521 1591 648 1646 gna,
701 1576 933 1632 debebat
985 1592 1079 1634 eas
1139 1577 1257 1632 suis
1305 1577 1477 1633 radiis
1531 1579 1873 1644 obscurare;
1923 1579 2092 1634 stella;

519 1668 690 1733 enim,
740 1684 866 1723 cum
926 1683 1096 1739 prope
1149 1669 1320 1725 solem
1373 1670 1598 1734 fuerint,
1655 1686 1764 1725 non
1817 1669 2089 1736 videntur,

519 1769 705 1831 utpote
727 1775 758 1815 a
781 1761 896 1818 sole
925 1761 1253 1818 obscuratae.
1280 1761 1350 1817 At
1375 1763 1479 1818 hoc
1505 1779 1614 1818 non
1641 1766 1698 1817 lit
1733 1783 1746 1819 :
1771 1763 1866 1820 sed
1897 1765 2087 1824 stellae,

1521 365 1864 422 APPEND‘IX
1897 364 1989 421 AD
2030 362 2308 421 EUSEBII
2337 364 2753 422 CHKONICON.

3665 362 3767 419 εει

2279 479 2338 532 ὐ
2388 479 2635 550 μέντοιγε
2676 479 2828 549 ἥλιος
2867 477 2976 531 ἀπὸ
3009 477 3212 541 δύσεως
3253 474 3342 530 ἐπὶ
3373 473 3472 547 τὴν
3507 477 3766 548 ἀνατολὴν

2205 573 2428 644 φέρεται
2465 573 2795 635 ὑπναντίως
2829 571 2906 642 τῷ
2932 571 3140 642 κόσμῳ.
3172 569 3341 623 Τοῦτο
3369 569 3440 624 δέ·
3468 570 3580 623 ἐστι
3607 586 3768 638 φανε-

2207 668 2299 736 ρὸν
2348 669 2413 720 ὲκ
2461 665 2570 720 τῶν
2619 663 3122 736 προανατελλόντων
3168 663 3414 734 ἀστέρων
3457 661 3550 715 τοῦ
3592 661 3766 733 ἡλίου.

2201 761 2363 812 Ὅσοι
2381 758 2490 831 γὰρ
2512 758 2576 812 ἂν
2602 759 2707 828 πρὸ
2725 759 2824 828 τῆς
2846 757 2938 811 τοῦ
2958 757 3111 828 ἡλίου
3140 755 3399 826 ἀνατολῆς
3421 754 3769 827 θεωρηθῶσιν

2201 849 2430 921 ἀστέρες
2455 847 2988 919 προανατεταλκότες
3024 847 3116 900 τοῦ
3147 847 3319 914 ἡλίου,
3348 850 3404 901 ὲν
3428 850 3545 911 ταῖς
3575 849 3771 918 ὲχομέαο

2199 957 2319 1003 ναις
2348 938 2496 1005 νυξὶν
2522 938 2847 1009 ὲνωρὸτερον
2873 937 3398 1008 προανατεταλκὸτες
3419 936 3764 1008 θεωροῦνται·

2200 1032 2294 1084 καὶ
2324 1030 2480 1084 τοῦτο
2507 1031 2715 1099 γίνεται
2751 1027 2889 1082 κατά
2929 1026 2990 1081 τὸ
3030 1028 3159 1098 ἑξῆς
3189 1029 3281 1082 ἐπὶ
3309 1028 3497 1082 πασῶν
3527 1028 3635 1082 τῶν
3673 1047 3767 1082 νυ·-

2201 1123 2363 1178 κτῶν.
2408 1123 2498 1187 Ἐξ
2531 1118 2590 1178 οῦ
2635 1123 2885 1194 φανερὸν,
2919 1124 3001 1176 ὅτι
3041 1125 3120 1186 είς
3157 1121 3225 1174 τά
3262 1119 3500 1192 ἑπόμενα
3527 1121 3636 1173 τῶν
3661 1121 3769 1186 ζω-

2197 1211 2325 1265 δίων
2354 1214 2383 1265 ὁ
2411 1213 2562 1283 ἥλιος
2599 1213 2932 1283 μεταϐαίνει,
2973 1211 3083 1265 ἀπὸ
3123 1211 3326 1275 δύσεως
3373 1213 3458 1264 ἐπ’
3504 1211 3770 1282 ἀνατολὴν

2203 1301 2517 1372 κινούμενος
2550 1303 2884 1366 ὑπεναντίως
2915 1303 2991 1374 τῷ
3024 1303 3234 1374 κόσμῳ.
3267 1303 3329 1356 Ei
3365 1301 3422 1354 δέ
3447 1319 3510 1371 γε
3537 1301 3643 1355 ἀπὸ
3668 1300 3768 1371 τῆς

2197 1393 2462 1465 ἀνατολῆς
2483 1395 2575 1447 ὲπὶ
2600 1393 2698 1465 τὴν
2724 1395 2873 1448 δύσιν
2894 1396 3118 1466 ἐφέρετο
3137 1398 3166 1448 ὁ
3187 1394 3356 1465 ἥλιος,
3379 1394 3466 1447 ἀεὶ
3489 1395 3614 1458 τοὺς
3639 1409 3769 1465 προ-

2197 1485 2581 1549 ανατέλλοντας
2611 1485 2845 1557 ἀστέρας
2876 1486 3221 1556 ἀθεωρήτους
3247 1484 3314 1539 ἀν
3346 1481 3482 1539 εἶναι
3521 1485 3772 1538 συνέϐαι-

2197 1593 2303 1627 νεν.
2331 1576 2424 1638 Εἰς
2441 1574 2549 1646 γὰρ
2570 1574 2640 1627 τά
2663 1575 3045 1646 πψγούμενα
3069 1575 3406 1646 μεταϐαίνων
3425 1577 3590 1647 μέρη,
3611 1575 3770 1646 ὠφει-

2196 1667 2286 1721 λεν
2318 1667 2691 1738 ἀποκρύπτειν
2718 1667 2916 1730 αὑτοὺς
2945 1669 3063 1730 ταῖς
3097 1667 3254 1731 ἰδίαις
3291 1667 3506 1735 αὑγαῖςο
3541 1669 3626 1720 ἀεὶ
3657 1667 3768 1740 γὰρ

2196 1761 2244 1812 ot
2265 1758 2406 1812 κατά
2423 1756 2514 1811 τὸν
2539 1758 2690 1829 ἡλιον
2711 1757 2984 1828 γινόμενοι
3009 1758 3239 1830 ἀστέρες
3265 1757 3563 1830 ἀθεώρητοι
3589 1758 3766 1830 ὑπάρ-

517 1830 640 1923 qua:
675 1854 828 1924 prius
857 1853 1132 1919 oriuntur,
1169 1855 1528 1925 sequentibus
1577 1855 1832 1910 noctibus
1875 1870 2081 1925 semper

2191 1867 2367 1921 χουσι,
2396 1850 2827 1921 καταυγούμενοι
2854 1850 2960 1904 ὑπὸ
2982 1849 3074 1904 τοῦ
3102 1851 3275 1921 ἡλίου.
3306 1850 3418 1903 Νῦν
3446 1850 3502 1903 δὲ
3527 1851 3586 1904 ού
3614 1851 3765 1920 γίνε-

519 1943 692 2012 magis
720 1943 1002 2014 magisque
1031 1945 1101 2000 ab
1126 1953 1249 1999 ortu
1273 1945 1588 2000 distantiam
1616 1945 1816 2000 habere
1841 1955 2081 2016 spectan-

2190 1959 2281 1998 ται
2313 1943 2491 1997 τοῦτο·
2535 1943 2650 1998 ἀλλ’
2687 1944 2736 1995 oi
2782 1942 3270 2013 προανατέλλοντες
3300 1941 3529 2013 ἀστέρες
3558 1944 3615 1995 έν
3644 1944 3769 2005 ταῖς

519 2044 610 2088 tur
645 2053 658 2088 :
691 2035 765 2088 ita
801 2044 860 2090 ut
903 2047 1187 2092 menstruo
1219 2044 1463 2107 tempore
1492 2043 1667 2092 totum
1712 2038 1928 2108 signum
1960 2051 2081 2091 con-

2191 2037 2475 2108 ἐχομέναις
2497 2035 2617 2101 νυξὶ
2647 2036 2828 2089 πλεῖον
2859 2037 2946 2089 ἀεὶ
2978 2035 3072 2088 καὶ
3107 2035 3288 2088 πλεῖον
3317 2035 3424 2088 ἀπὸ
3449 2034 3549 2104 τῆς
3577 2036 3770 2089 ἀνατο-

518 2126 842 2182 stellationis
883 2135 1010 2182 ante
1062 2129 1232 2184 solem
1271 2131 1502 2193 oriatur,
1537 2129 1682 2198 quod
1724 2129 1876 2200 prius
1923 2128 2081 2184 radiis

2189 2130 2286 2201 λῆς
2316 2128 2614 2198 ἀπέχοντες
2652 2127 2927 2198 διάστημα
2964 2125 3314 2197 θεωροῦνταιο
3349 2125 3488 2179 ὥστε
3534 2129 3769 2198 μηνιαίῳ

517 2219 652 2274 solis
704 2218 1086 2275 occultabatur
1139 2237 1153 2274 :
1213 2233 1428 2289 semper
1473 2219 1621 2274 enim
1667 2219 1799 2275 illud
1851 2219 2081 2290 signum,

2189 2220 2366 2292 χρόνῳ
2391 2217 2579 2284 ζώδιον
2603 2218 2722 2271 ὅλον
2745 2217 3160 2287 προανατέλλειν
3187 2217 3280 2270 τοῦ
3310 2217 3459 2288 ἡλίου
3486 2219 3546 2272 τὸ
3568 2219 3766 2288 πρότε-

520 2311 666 2380 quod
713 2312 882 2366 solem
931 2310 1200 2381 sequitur,
1230 2325 1260 2364 a
1291 2311 1405 2366 sole
1440 2309 1498 2364 ﬁt
1534 2311 1828 2373 invisibile,
1871 2319 2081 2382 propter

2194 2328 2285 2382 ρον
2320 2309 2567 2381 ὑπάρχον
2598 2310 2657 2362 ὲν
2688 2310 2810 2372 ταῖς
2837 2309 3032 2376 αὑγαῖς
3069 2307 3162 2360 τοῦ
3203 2307 3373 2377 ἡλίου.
3420 2308 3533 2360 Ἀεὶ
3559 2307 3670 2379 γὰρ
3703 2309 3770 2364 τὸ

523 2401 707 2458 radios
737 2402 878 2457 solis
909 2421 924 2457 :
957 2401 1089 2456 illud
1113 2418 1263 2467 vero,
1283 2402 1426 2473 quod
1454 2402 1706 2472 praecedit
1736 2403 1928 2465 solem,
1951 2419 2081 2458 con-

2193 2401 2291 2472 μὲν
2333 2401 2599 2471 ἑπόμενον
2629 2398 2817 2464 ζώδιον
2843 2399 2947 2451 ὑπὸ
2979 2397 3072 2450 τοῦ
3114 2397 3264 2467 ἡλίου
3307 2395 3616 2469 ἀθεώρητόν
3647 2399 3764 2452 ἐστι

518 2493 769 2562 spicitur.
834 2493 893 2548 In
962 2502 1244 2550 menstruo
1309 2501 1489 2550 autem
1561 2503 1805 2564 tempore
1874 2495 2081 2564 signum

2185 2493 2272 2546 ὁιά
2295 2491 2395 2554 τὰς
2433 2491 2606 2560 αύγάς
2644 2491 2738 2544 τοῦ
2775 2490 2950 2560 ἡλίου·
2983 2490 3042 2542 τὸ
3074 2488 3130 2542 δὲ
3162 2487 3568 2560 προηγούμενον
3597 2486 3764 2539 αὑτοῦ

518 2602 754 2656 sequens
787 2603 1001 2657 semper
1026 2598 1111 2644 est
1142 2587 1434 2653 invisibile,
1454 2604 1579 2643 cum
1608 2589 1688 2643 sol
1719 2588 1785 2642 ad
1821 2588 1872 2642 id
1901 2597 2088 2643 trans-

516 2686 607 2732 eat
636 2695 651 2745 ;
682 2681 997 2749 praecedens
1036 2696 1165 2736 vero
1208 2681 1444 2752 signum,
1489 2695 1612 2735 cum
1659 2681 1826 2735 distat
1852 2679 2086 2735 duorum

521 2775 801 2843 signorum
843 2775 1045 2844 spatio,
1091 2775 1464 2844 conspicitur;
1510 2785 1674 2846 atque
1719 2775 1825 2830 hoc
1859 2775 1917 2830 in
1947 2774 2085 2829 duo-

519 2864 695 2922 decim
727 2866 900 2937 signis
935 2882 1148 2937 semper
1177 2867 1257 2921 ﬁt.
1293 2866 1336 2920 E
1361 2867 1562 2937 quibus
1594 2866 1944 2922 manifestum
1976 2873 2082 2930 est,

514 2957 624 3027 26
637 2958 782 3026 quod
809 2958 912 3021 sol,
941 2973 1064 3012 cum
1091 2966 1282 3014 contra
1311 2958 1499 3013 mundi
1528 2968 1734 3013 motum
1768 2957 1998 3022 feratur,
2027 2958 2083 3012 in

513 3050 924 3119 consequentia,
958 3059 1012 3106 et
1046 3065 1155 3105 non
1199 3051 1254 3104 in
1295 3052 1667 3106 antecedentia
1716 3051 1872 3123 signa
1903 3061 2084 3106 trans—

512 3139 647 3194 itum
681 3141 862 3195 faciat.

581 3319 922 3380 ﬂanil’estius
971 3329 1152 3379 autem
1210 3322 1265 3377 in
1308 3323 1435 3378 luna
1488 3323 1826 3392 conspicitur
1871 3329 2076 3377 motus.

509 3409 644 3466 Nam
675 3424 730 3468 et
761 3412 878 3484 ipsa
910 3423 1101 3469 contra
1125 3423 1330 3470 motum
1359 3414 1546 3469 mundi
1572 3415 1640 3469 ab
1670 3429 1869 3470 occasu
1887 3429 2078 3468 versus

509 3513 689 3560 ortum
737 3507 954 3562 videtur
998 3507 1206 3562 moveri
1241 3522 1255 3558 :
1293 3507 1396 3560 boc
1439 3514 1618 3561 autem
1670 3506 1728 3560 in
1767 3520 1873 3559 una
1917 3515 2079 3560 nocte

511 3607 692 3667 potest
737 3598 1067 3668 deprehendi
1108 3613 1204 3669 per
1250 3598 1540 3663 visionem,
1589 3613 1717 3654 cum
1763 3597 2076 3668 apparentia

510 3690 885 3745 testimonium
943 3679 1384 3760 praebeahCum
1437 3689 1583 3744 enim
1639 3688 1782 3758 apud
1839 3689 2074 3757 aliquam

512 3780 794 3835 stellarum
839 3779 1070 3835 lixarum
1125 3788 1420 3850 conspecta
1483 3779 1644 3836 fuerit
1700 3781 1848 3846 luna,
1917 3790 2077 3835 nocte

511 3870 841 3940 procedente
861 3871 1028 3926 distat
1057 3872 1126 3926 ab
1154 3873 1244 3926 illa
1273 3873 1558 3928 observata
1591 3872 1748 3928 stella
1773 3873 1839 3926 ad
1868 3879 2072 3936 ortum,

510 3970 565 4017 et
599 3962 755 4016 stella
787 3963 878 4016 illa
925 3977 956 4016 a
996 3963 1123 4016 luna
1160 3964 1226 4017 ad
1259 3979 1515 4018 occasum
1545 3981 1558 4024 ;
1605 3979 1669 4017 ac
1699 3979 1841 4032 saepe
1873 3964 1927 4017 in
1960 3970 2071 4016 tota

510 4061 670 4107 nocte
721 4054 849 4107 luna
893 4053 1064 4124 gradu
1115 4053 1185 4108 ab
1233 4053 1322 4106 illa
1365 4056 1652 4109 observata
1700 4055 1856 4110 stella
1907 4055 2074 4108 distat

510 4143 578 4198 ad
606 4151 785 4199 ortum
803 4183 818 4208 ,
847 4145 918 4198 ita
950 4154 1010 4199 ut
1036 4146 1090 4198 in
1120 4160 1227 4200 una
1251 4152 1408 4199 nocte
1434 4153 1708 4214 spectetur
1737 4157 1914 4200 motus
1935 4162 2070 4200 con-

511 4234 713 4288 lrarius
748 4235 968 4288 mundo.
1011 4234 1127 4290 Non
1167 4237 1311 4290 enim
1355 4235 1422 4289 ad
1461 4237 1840 4293 antecedentes
1883 4238 2071 4293 stellas

507 4329 768 4396 procedit,
807 4328 901 4383 sed
930 4329 996 4383 ad
1031 4337 1450 4398 consequentes.

572 4592 770 4650 Dicunt
811 4608 990 4653 autem
1044 4599 1288 4668 quidam,
1341 4599 1510 4655 solem
1559 4599 1626 4655 ad
1675 4599 2067 4671 consequentia

501 4686 654 4757 signa
687 4689 976 4744 transitum
1008 4688 1208 4754 facere,
1235 4698 1290 4746 et
1322 4691 1505 4745 lunam
1527 4691 1820 4747 similiter:
1852 4708 2070 4747 verum»

500 4779 680 4832 trnten
730 4795 826 4834 eos
866 4796 976 4836 non
1022 4781 1232 4836 moveri
1262 4789 1455 4836 contra
1484 4783 1785 4849 mundum;
1817 4782 1910 4837 sed
1941 4795 2070 4852 pro-

498 4877 622 4935 pter
655 4870 1052 4939 magnitudines
1081 4873 1328 4943 superari
1367 4889 1461 4929 eos
1487 4889 1520 4927 a
1542 4873 1755 4945 spluera
1786 4875 2068 4929 stellarum

497 4964 898 5030 inerrantium;
944 4963 1122 5018 videri
1166 4971 1348 5020 autem
1393 4967 1638 5022 nobisin
1677 4967 2069 5037 consequentia

495 5053 648 5123 signa
699 5054 989 5110 transitum
1035 5055 1187 5110 illum
1231 5057 1344 5111 ﬁeri
1390 5057 1546 5126 juxta
1590 5067 1797 5113 motum
1849 5067 2072 5115 contra-

495 5143 636 5197 rium
663 5161 679 5210 ;
715 5146 811 5201 sed
842 5145 948 5202 hoc
992 5162 1104 5202 non
1133 5163 1254 5204 esse
1277 5136 1499 5213 verum;
1528 5159 1581 5205 et
1623 5149 1753 5204 ferri
1793 5154 1984 5217 solem,
2012 5160 2067 5206 et

494 5236 676 5292 lunam
703 5239 775 5294 ab
795 5247 941 5305 ortu,
974 5255 1162 5296 versus
1191 5256 1448 5296 occasum
1477 5259 1493 5308 ;
1525 5243 1622 5300 sed
1652 5259 1778 5298 cum
1807 5259 2068 5315 superen-

495 5338 584 5384 tur
630 5346 660 5383 a
710 5333 936 5398 mundo,
994 5342 1284 5404 antequam
1333 5335 1599 5390 circulum
1655 5343 1962 5406 peragrent,
2007 5337 2064 5390 in

494 5426 962 5493 mnsequentibus
1023 5428 1198 5500 signis
1263 5431 1522 5500 spectari.
1575 5431 1814 5486 Utuntur
1877 5441 2061 5487 autem

493 5513 712 5580 qridatn
753 5525 808 5570 ct
861 5517 964 5572 bac
1005 5519 1383 5577 similitudine.
1417 5520 1474 5575 Si
1521 5523 1666 5577 enim
1711 5524 1930 5596 aliquis,
1977 5525 2064 5580 in«

493 5601 723 5671 quiuut,
777 5609 1134 5665 constitueret
1204 5625 1460 5667 cursores
1523 5612 1810 5670 duodecim
1870 5616 2059 5674 cadent

551 5775 598 5809 “
700 5783 766 5850 τῇ
794 5784 945 5836 νυκτὶ
993 5787 1025 5854 ἡ
1071 5790 1251 5859 μοῖρα.

2187 2586 2487 2658 θεωρεῖται.
2535 2585 2624 2638 Ἐν
2653 2584 2710 2638 δὲ
2736 2583 2814 2652 τῷ
2847 2583 3080 2654 μηνιαίῳ
3103 2581 3277 2653 χρόνῳ
3307 2580 3392 2633 ἀεὶ
3423 2581 3482 2632 τὸ
3518 2581 3616 2656 μὲν
3645 2580 3767 2632 ἐπό-

2189 2694 2350 2750 μενον
2380 2677 2567 2742 ζώδιον
2604 2673 2913 2744 ἀθεώρητον
2949 2673 3180 2740 γίνεται,
3233 2670 3652 2741 μεταϐαίνοντος
3684 2671 3766 2732 είς

2186 2769 2315 2824 αὑτὸ
2346 2767 2440 2822 τοῦ
2472 2766 2645 2838 ἡλίων
2677 2766 2740 2818 τὸ
2767 2765 2824 2818 δὲ
2858 2763 3267 2836 προηγούμενον
3302 2760 3493 2825 {eam
3525 2761 3620 2814 δύο
3652 2759 3762 2825 ζω-

2183 2861 2309 2914 δίων
2328 2861 2602 2930 διάστημα
2625 2856 2931 2929 ἀφεστηκὸς
2954 2855 3226 2927 βλέπεταιο
3254 2855 3349 2908 καὶ
3368 2854 3526 2907 τοῦτο
3544 2853 3637 2906 ἐπὶ
3654 2853 3765 2906 τῶν

2186 2952 2251 3023 ιβ’
2276 2951 2479 3016 ζωδίων
2505 2949 2592 3003 διὰ
2617 2948 2813 3012 παντὸς
2842 2947 3070 3016 γίνεται.
3115 2946 3206 3011 Ἐξ
3228 2939 3302 2999 ὧν
3334 2945 3589 3017 φανερὸν,
3619 2946 3701 2998 ὅτι
3733 2948 3766 2999 ὁ

2183 3045 2354 3116 ἥλιος,
2386 3033 2735 3104 ὑπεναντίως
2771 3039 2849 3108 τῷ
2877 3040 3066 3110 κόσμῳ
3092 3039 3408 3109 κινούμενος
3431 3039 3512 3101 είς
3537 3036 3610 3090 τὰ
3635 3038 3765 3090 ἑπό-

2105 3173 2148 3233 c
2188 3154 2322 3209 μενα
2348 3135 2459 3189 τῶν
2489 3134 2711 3199 ζωδίων,
2737 3133 2832 3187 καὶ
2863 3133 2964 3185 οὑκ
2991 3133 3070 3196 είς
3092 3132 3161 3186 τά
3184 3131 3572 3203 προηγούμενα
3594 3133 3763 3184 ποιεῖ-

2185 3247 2274 3284 ται
2305 3229 2406 3301 τὴν
2432 3227 2748 3299 μετάϐασιν.

2267 3321 2647 3392 Ἐκδηλότερον
2668 3321 2726 3374 δὲ
2751 3320 2842 3373 ἐπὶ
2865 3319 2966 3389 τῆς
2995 3317 3220 3388 σελήνης
3243 3316 3524 3388 θεωρεῖται
3542 3318 3576 3387 ἡ
3601 3314 3760 3385 κίνη-

2187 3431 2291 3478 σις’
2325 3414 2419 3468 καὶ
2449 3413 2559 3484 γάρ
2589 3412 2726 3485 αὑτὴ
2759 3411 3092 3474 ὑπεναντίως
3130 3409 3208 3481 τῷ
3245 3409 3436 3480 κόσμῳ
3471 3409 3756 3479 θεωρεῖται

2185 3507 2293 3561 ἀπὺ
2315 3505 2526 3569 δύσεως
2549 3505 2636 3558 ἐπ’
2663 3503 2929 3574 ἀνατολὴν
2956 3503 3268 3574 κινουμένη’
3299 3501 3456 3555 τοῦτο
3480 3501 3538 3554 δὲ
3565 3502 3622 3553 ὲν
3655 3500 3756 3570 μιᾷ

2184 3600 2342 3655 νυκτὶ
2384 3597 2608 3653 δύναται
2658 3596 3171 3668 καταλαμϐάνεσθαι
3212 3595 3300 3650 διά
3347 3595 3446 3666 τῆς
3487 3592 3754 3664 ὁράσεως,

2185 3691 2685 3766 ἐπιμαρτυροῦντος
2716 3689 2810 3743 τοῦ
2845 3689 3190 3760 φαινομένου.
3235 3688 3404 3741 Ὅταν
3447 3686 3557 3757 γὰρ
3605 3685 3760 3754 παρά

2179 3803 2301 3840 τινα
2331 3785 2442 3839 τῶν
2479 3785 2732 3838 ἀπλανῶν
2763 3784 3008 3856 ἀστέρων
3037 3779 3284 3852 θεωρηθῇ
3312 3781 3346 3850 ἡ
3378 3778 3597 3850 σελὴνη,
3623 3793 3757 3848 προ-

2182 3877 2474 3948 ϐαινούσης
2506 3877 2605 3948 τῆς
2639 3877 2832 3939 νυκτὸς
2857 3875 3148 3943 ἀφίσταται
3181 3871 3287 3926 ἀπὸ
3317 3868 3411 3924 τοῦ
3451 3886 3756 3942 παρατετη-

2184 3987 2248 4042 ρη
2257 3969 2418 4040 μένου
2447 3969 2674 4039 ἀστέρος
2696 3969 2832 4040 πρὸς
2857 3965 3138 4036 ἀνατολὴν,
3160 3965 3255 4019 καὶ
3278 3967 3307 4018 ὁ
3327 3965 3503 4034 ἀστὴρ
3522 3963 3630 4017 ἀπὺ
3649 3963 3752 4032 τῆς

2181 4063 2408 4133 σελήνης
2442 4062 2578 4133 πρὸς
2607 4059 2779 4114 δύσιν·
2811 4059 2906 4113 καὶ
2949 4057 3208 4122 πολλάκις
3234 4058 3292 4110 έν
3316 4057 3413 4129 ὅλη
3436 4058 3502 4126 τῇ
3532 4054 3687 4109 νυκτὶ
3715 4057 3750 4125 ἡ

2180 4153 2372 4226 σελήνη
2419 4155 2583 4226 μοίρᾳ
2604 4153 2647 4184 ⁸³
2678 4153 2787 4206 ἀπὸ
2819 4151 2912 4206 τοῦ
2955 4150 3478 4223 παρατετηρημένου
3523 4148 3751 4219 ἀστέρος

2176 4246 2440 4320 διίσταται
2466 4248 2605 4320 πρὸς
2635 4247 2920 4316 ἀνατολήν
2948 4244 3088 4298 ὥστε
3120 4245 3178 4298 ὲν
3213 4244 3310 4314 μιᾷ
3339 4243 3492 4296 νυκτὶ
3525 4240 3748 4312 θεωρεί-

2181 4339 2304 4393 σθαι
2334 4340 2434 4410 τὴν
2465 4339 2790 4394 ὑπεναντίαν
2829 4337 3042 4407 κίνησιν
3083 4335 3162 4407 τῷ
3187 4335 3394 4406 κόσμῳ.
3422 4334 3498 4388 Οὐ
3531 4333 3642 4405 γὰρ
3667 4334 3747 4396 είς

2175 4432 2302 4495 τοὺς
2325 4432 2768 4503 προηγουμένους
2798 4430 3036 4502 ἀστέρας
3056 4427 3357 4501 προϐαίνει,
3387 4426 3501 4481 ἀλλ’
3520 4427 3601 4490 είς
3620 4427 3746 4490 τοὺς

2102 4530 2146 4585 1)
2177 4522 2493 4592 ἑπομένους.

2242 4613 2476 4680 Λέγουσι
2507 4612 2566 4666 δέ
2607 4629 2750 4676 τινες
2785 4613 2866 4674 είς
2911 4611 3008 4682 μὲν
3050 4609 3120 4664 τά
3161 4609 3398 4682 ἑπόμενα
3437 4609 3604 4676 ξώδια
3643 4608 3744 4680 τὴν

2173 4705 2472 4776 μετάϐασιν
2501 4703 2743 4773 γίνεσθαι
2775 4703 2853 4774 τῷ
2881 4704 3015 4775 ἡλίῳ
3045 4704 3140 4758 καὶ
3161 4706 3225 4774 τῇ
3251 4703 3464 4776 σελήνῃο
3503 4704 3578 4776 μὴ
3615 4703 3740 4774 μέν·

2167 4813 2315 4866 τοιγε
2345 4797 2681 4862 ὑπεναντίως
2711 4799 2905 4862 αὐτοὺς
2948 4798 3213 4852 κινεῖσθαι
3250 4797 3327 4869 τῷ
3363 4797 3572 4869 κόσμῳ,
3605 4797 3741 4851 ἀλλά

2169 4888 2258 4942 διὰ
2277 4888 2347 4942 τὰ
2378 4888 2583 4961 μεγέθη
2615 4889 3001 4944 ὑπολείπεσθαι
3023 4891 3217 4954 αὐτοὺς
3235 4890 3334 4960 τῆς
3357 4889 3465 4943 τῶν
3485 4889 3740 4944 ἀπλανῶν

2167 4981 2413 5054 ἀστέρων
2448 4982 2703 5054 σφαίρας·
2731 4981 2904 5036 δοκεῖν
2933 4982 2991 5036 δὲ
3020 4985 3150 5054 ἡμῖν
3169 4985 3249 5047 είς
3276 4982 3345 5036 τά
3367 4983 3610 5054 ἑπόμενα
3629 4983 3737 5037 τῶν

2169 5070 2376 5134 ζωδίων
2408 5071 2505 5142 τὴν
2546 5071 2842 5142 μετάϐασιν
2872 5072 3116 5142 γίνεσθαι
3167 5073 3308 5128 κατά
3345 5075 3445 5146 τὴν
3489 5072 3736 5130 ἐναντίαν

2167 5161 2401 5233 κίνησινο
2429 5162 2587 5216 τοῦτο
2606 5163 2663 5216 δὲ
2688 5162 2762 5234 μὴ
2793 5159 2932 5218 εἶναι
2953 5163 3166 5235 ἀληθὲς,
3193 5163 3329 5219 ἀλλά
3353 5163 3611 5234 φέρεσθαι
3637 5164 3734 5235 μὲν

2164 5254 2314 5326 ἥλιον
2346 5255 2441 5308 καὶ
2476 5255 2704 5325 σελήνην
2737 5255 2832 5309 ἀπ’
2863 5256 3126 5326 ἀνατολῆς
3170 5256 3262 5309 ἐπὶ
3291 5255 3440 5310 δύσιν
3459 5272 3472 5287 ’
3496 5271 3732 5310 κατατα-

2163 5343 2464 5414 χουμένους
2493 5344 2550 5397 δὲ
2575 5345 2681 5397 ὑπὸ
2713 5343 2806 5398 τοῦ
2842 5345 3049 5416 κόσμου
3097 5346 3203 5419 πρὸ
3233 5345 3327 5399 τοῦ
3353 5345 3553 5400 κύκλον
3584 5362 3732 5417 περι-

2161 5433 2406 5505 δραμεῖν,
2430 5437 2613 5499 ἐντοῖς
2637 5436 2922 5506 ἑπομένοις
2945 5421 3153 5502 ζωδίοῖς
3181 5436 3521 5509 θεωρεῖσθαι.
3546 5434 3733 5509 X96»;-

2160 5541 2249 5580 ται
2281 5525 2340 5580 δέ
2376 5543 2518 5590 τινες
2555 5529 2650 5580 καὶ
2689 5527 2768 5597 τῷ
2807 5527 3111 5598 ὁμοιώματι
3156 5527 3343 5599 τούτῳ.
3388 5529 3449 5581 Ei
3483 5529 3591 5600 γάρ
3625 5544 3729 5596 τις,

2163 5618 2346 5686 φασὶ-η
2380 5618 2720 5689 ὑπεστήσατο
2752 5619 2967 5688 δρομεῖς
3004 5618 3069 5689 tf‘.’
3103 5619 3198 5690 ἴσῳ
3225 5619 3374 5690 τάχει
3398 5619 3730 5691 χρωμένους,
