4146 6444
362 373 483 453 ses

1422 374 1659 432 GEMINI
1697 373 2066 431 ELEMENTA
2102 374 2596 434 ASTRONOMIE.

3515 384 3617 442 89.6

381 495 475 548 καὶ
497 490 848 563 ποιουμένους
875 488 968 545 ἐπὶ
997 490 1195 546 κύκλου
1219 492 1316 562 τὴν
1343 492 1574 564 κίνησιν,
1600 488 1717 547 εἶτα
1749 493 1944 564 μέντοι

2056 493 2328 549 celeritate
2369 500 2605 555 utentes.
2643 503 2698 551 et
2749 497 3011 557 facientes
3045 501 3100 555 in
3134 501 3341 556 circulo
3387 512 3570 558 motun
3594 536 3618 570 ο

384 602 445 654 γε
475 584 633 640 ἀλλον
660 583 783 636 τινά
820 584 916 636 ἕνα
948 584 1271 655 βραδύτερον
1301 586 1358 637 ἐν
1390 586 1573 648 αὐτοῖς
1609 584 1945 656 κινούμενον,

383 676 569 747 ὁμοίαν
597 677 654 730 δὲ
681 676 779 747 τὴν
805 678 1016 748 κίνησιν
1048 677 1230 741 αὐτοῖς
1253 677 1572 748 ποιούμενον
1601 679 1691 731 ἐπὶ
1722 677 1942 731 κύκλου·

381 769 522 835 δόξει
554 769 671 839 μὲν,
707 769 1384 840 περικαταλαμϐανόμενος
1402 769 1468 830 ⁸³,
1495 771 1573 832 είς
1600 769 1669 823 τά
1707 771 1948 840 ἑπόμενα

384 861 751 931 μεταϐαίνειν,
799 863 897 913 οὑκ
943 860 1094 914 ἔσται
1132 861 1188 914 δὲ
1228 861 1387 914 τοῦτο
1423 863 1515 914 ἐπὶ
1544 861 1642 931 τῆς
1671 861 1944 931 ἀληθείας·

379 950 494 1004 ἀλλ’
527 952 727 1021 ὁμοίως
777 952 961 1014 αὐτοῖς
1007 950 1325 1021 κινούμενος
1368 951 1457 1004 διά
1503 952 1603 1022 τὴν
1644 952 1949 1023 βραδυτῆτα

378 1042 519 1107 δόξει
550 1045 629 1106 είς
671 1044 929 1096 τάναντία
971 1044 1257 1120 κινεῖσθαι.
1298 1042 1468 1096 Τοῦτο
1504 1043 1567 1114 δὴ
1609 1044 1703 1097 καὶ
1733 1043 1824 1096 ἐπὶ
1854 1041 1946 1095 τοῦ

380 1135 530 1205 ήλίου
556 1136 649 1188 καὶ
688 1137 782 1188 ἐπὶ
809 1137 908 1206 τῆς
946 1135 1177 1206 σελήνης
1218 1135 1638 1207 συμϐεϐηκέναι.
1686 1133 1809 1187 Ἐπὶ
1840 1133 1949 1203 γὰρ

378 1228 447 1280 τὰ
478 1226 619 1281 αὑτά
652 1228 793 1297 μέρη
824 1226 1127 1298 κινούμενοι
1157 1226 1235 1297 τῷ
1262 1228 1467 1298 κόσμῳ,
1496 1226 1585 1280 διά
1616 1227 1716 1298 τὴν
1750 1226 1946 1296 βραδυ-

376 1320 516 1387 τῆτα
553 1323 632 1382 είς
670 1320 740 1373 τά
777 1320 1017 1389 ἑπόμενα
1048 1320 1442 1390 ὑποφέρονται·
1476 1319 1721 1390 καθάπερ
1751 1318 1819 1371 τά
1855 1317 1948 1370 ἐπὶ

376 1411 487 1465 τῶν
530 1412 789 1482 ποταμῶν
835 1412 1256 1484 καταφερόμενα
1294 1411 1473 1472 πλοῖα,
1503 1410 1946 1481 προκαταταχού-

382 1521 517 1574 μενα
547 1504 651 1558 ὑπὸ
672 1504 764 1558 τοῦ
790 1508 1080 1576 ῥεύματος,
1108 1505 1256 1558 δοκεῖ
1273 1507 1352 1567 είς
1371 1503 1439 1558 τὰ
1463 1504 1637 1557 ὀπίσω
1665 1502 1943 1556 κινεῖσθαι·

377 1595 536 1649 τοῦτο
563 1596 621 1649 δέ
650 1612 781 1665 φασι
802 1599 898 1650 καὶ
924 1598 1015 1652 ἐπὶ
1035 1596 1129 1651 τού
1151 1597 1325 1667 ήλίου,
1357 1597 1451 1651 καὶ
1480 1599 1571 1651 ἐπὶ
1598 1599 1697 1667 τῆς
1721 1598 1947 1669 σελήνης

379 1687 720 1761 συμϐαίνειν.

2049 587 2245 642 deinde
2282 603 2412 643 vero
2449 587 2614 641 alium
2651 590 2939 658 quemdam
2964 593 3107 648 inter
3133 594 3281 663 ipsos
3317 595 3528 651 tardius
3557 613 3615 651 se

2051 685 2383 742 moventem,
2417 688 2471 734 et
2500 687 2681 735 tamen
2712 681 2781 736 iis
2813 683 3048 738 similem
3079 695 3285 740 motum
3315 687 3375 741 in
3405 687 3614 742 circulo

2040 756 2338 824 iacientem
2376 790 2390 823 ε
2420 769 2696 833 videbitur
2724 773 2942 841 quidem
2969 775 3037 841 is,
3066 791 3188 829 cum
3215 780 3611 839 anteveniatur,

2048 859 2106 914 in
2164 859 2555 929 consequentia
2605 863 2863 929 transire,
2913 879 3099 919 verum
3157 881 3223 921 ex
3271 868 3351 921 rei
3387 868 3614 924 veritate

2049 952 2154 1007 hoc
2186 968 2292 1005 non
2324 952 2467 1017 erit;
2499 951 2594 1007 sed
2632 968 2756 1007 cum
2791 956 3041 1012 similiter
3072 965 3235 1026 atque
3266 959 3366 1029 ipsi
3395 976 3613 1016 moveao

2049 1051 2160 1106 tur,
2192 1052 2373 1099 tamen
2411 1057 2631 1116 propter
2669 1047 2981 1103 tarditatem
3011 1049 3282 1106 videbitur
3311 1053 3365 1106 in
3396 1064 3614 1108 contra-

2048 1135 2127 1188 ria
2165 1136 2388 1191 moveri.
2424 1136 2599 1206 Atque
2640 1137 2744 1193 hoc
2787 1138 2929 1193 idem
2965 1149 3021 1195 et
3061 1141 3116 1195 in
3159 1143 3293 1207 sole,
3316 1152 3370 1199 et
3398 1144 3451 1198 in
3486 1146 3613 1200 luna

2047 1226 2381 1296 contingere.
2420 1228 2556 1282 Cum
2590 1230 2732 1284 enim
2769 1246 2962 1286 versus
3002 1233 3219 1288 easdem
3261 1243 3444 1304 partes
3489 1252 3610 1291 cum

2050 1318 2252 1371 mundo
2292 1330 2634 1383 moveantur,
2687 1330 2909 1392 propter
2953 1325 3265 1381 tarditatem
3316 1327 3372 1381 in
3420 1343 3612 1384 cons:-

2047 1409 2267 1477 quentia
2301 1409 2527 1464 inferius
2561 1412 2811 1466 feruntur
2841 1433 2854 1467 :
2891 1416 3346 1484 quemadmodum
3375 1419 3608 1488 navigia,

2046 1512 2167 1566 quae
2196 1498 2251 1551 in
2286 1497 2465 1555 ﬂuviis
2486 1500 2833 1567 deferuntur,
2864 1519 2990 1557 cum
3021 1521 3049 1557 a
3078 1503 3224 1559 ﬂuxu
3261 1514 3607 1574 superantur.

2046 1587 2302 1644 videntur
2325 1597 2471 1645 retro
2496 1590 2646 1646 ferri.
2682 1592 2796 1648 Hoc
2827 1602 3006 1649 autem
3042 1595 3294 1667 inquiunt
3320 1604 3375 1650 et
3405 1596 3460 1650 in
3498 1598 3611 1652 sole

2046 1689 2100 1736 et
2128 1680 2183 1736 in
2215 1681 2343 1735 luna
2375 1683 2709 1754 contingere.

446 1800 594 1873 Αὕτη
626 1802 685 1855 δὲ
734 1803 767 1873 ή
799 1801 926 1866 δόξα
958 1801 1063 1854 ὑπὸ
1096 1800 1304 1854 πολλῶν
1345 1801 1645 1871 φιλοσόφων
1685 1802 1944 1875 εἰρημένη

2117 1793 2187 1847 At
2240 1795 2357 1849 haec
2401 1796 2607 1865 opinio,
2667 1798 2770 1852 etsi
2823 1812 2854 1850 a
2907 1798 3093 1855 multis
3143 1798 3480 1869 philosOpliis
3524 1808 3610 1855 est

376 1893 708 1964 ἀσύμφωνός
741 1894 858 1945 ἐστι
895 1895 1010 1955 τοῖς
1053 1893 1419 1963 φαινομένοις·
1452 1895 1501 1946 εί
1530 1893 1638 1966 γὰρ
1669 1894 1788 1948 καθ’
1817 1893 1946 1947 ὑπό-

374 1982 551 2052 λειψιν
576 1981 867 2043 ἐκινοῦντο,
899 1983 1317 2054 ὑποφερομένων
1344 1984 1451 2037 τῶν
1480 1986 1742 2056 σωμάτων
1767 1985 1853 2039 διά
1877 1984 1946 2039 τά

275 2096 279 2101 ο
378 2074 606 2144 μεγέθη,
634 2073 739 2126 ἔδει
773 2073 911 2127 κατὰ
936 2074 1310 2146 παραλλήλους
1347 2076 1580 2139 κύκλους
1608 2077 1707 2148 τὴν
1738 2076 1947 2131 ὑπόλει-

372 2163 470 2231 ψιν
493 2163 756 2231 γίνεσθαι·
789 2163 1042 2235 καθάπερ
1076 2165 1172 2218 καὶ
1200 2167 1248 2218 oi
1273 2165 1532 2228 ἀπλανεῖς
1555 2165 1784 2237 ἀστέρες
1805 2166 1944 2220 πάν-

373 2272 467 2318 τες
489 2255 582 2308 ἐπὶ
608 2254 964 2326 παραλλήλων
988 2255 1203 2309 κύκλων
1227 2256 1502 2327 φέρονται,
1531 2257 1619 2310 διὰ
1639 2257 1700 2311 τὸ
1732 2257 1826 2310 καλ⁵
1847 2258 1944 2328 τὴν

373 2346 469 2398 τοῦ
506 2346 710 2416 κόσμου
740 2347 911 2417 φοράν
936 2346 1223 2413 ἐγκύκλιον
1251 2344 1390 2400 εἶναι
1433 2348 1528 2401 ἀπ’
1564 2349 1824 2419 ἀνατολῆς
1852 2350 1943 2402 ἐπὶ

372 2436 546 2492 δύσιν.
583 2438 717 2490 Νυνὶ
757 2437 813 2489 δὲ
852 2438 949 2506 οὑχ
987 2437 1366 2490 ὑπολείπονται
1405 2438 1546 2491 κατά
1572 2438 1944 2510 παραλλήλους

375 2527 628 2589 κύκλους·
666 2528 780 2581 ἀλλ’
806 2531 836 2582 ὁ
886 2528 984 2599 μὲν
1032 2529 1205 2599 ἥλιος,
1245 2529 1339 2582 ἐπὶ
1380 2529 1472 2583 τοῦ
1507 2530 1595 2585 διὰ
1629 2531 1810 2601 μέσων
1834 2531 1943 2584 τῶν

376 2619 585 2682 ζωδίων
614 2617 812 2672 κύκλου
839 2620 1175 2691 κινούμενος,
1209 2621 1324 2692 ἅμα
1356 2623 1448 2676 καὶ¹
1466 2621 1563 2693 τὴν
1587 2621 1727 2675 κατά
1746 2622 1944 2687 πλάτος

376 2708 611 2779 πάροδον
633 2713 866 2763 ποιεῖται
897 2711 1005 2764 ἀπὸ
1025 2711 1241 2783 τροπῶν
1275 2714 1367 2765 ἐπὶ
1396 2712 1620 2784 τροπάς·
1651 2714 1726 2775 ὡς
1754 2712 1842 2777 ἂν,
1866 2710 1944 2766 οἷ-

378 2817 498 2869 μαι,
539 2800 673 2864 ἰδίας
704 2802 1057 2873 ὑπαρχούσης
1089 2802 1239 2873 αὑτῷ
1268 2803 1365 2873 τῆς
1403 2806 1682 2874 κινήσεως,
1714 2805 1812 2875 τῆς
1843 2805 1942 2875 μὲν

372 2893 469 2944 ἀπ’
492 2891 753 2962 ἀνατολῆς
776 2894 868 2945 ἐπὶ
891 2893 1063 2957 δύσιν,
1092 2897 1189 2965 τῆς
1227 2892 1284 2945 δὲ
1326 2893 1433 2946 ἀπὸ
1465 2892 1669 2955 δύσεως
1695 2894 1781 2945 ἐπ’
1808 2895 1941 2946 ἀνα-

371 2982 552 3053 τολήν·
596 2984 630 3053 ή
672 2983 728 3037 δὲ
762 2983 955 3055 σελήνη
1001 2986 1058 3037 ὲν
1089 2984 1196 3055 ὅλῳ
1222 2984 1301 3055 τῷ
1328 2983 1518 3036 πλάτει
1549 2982 1643 3036 τοῦ
1676 2983 1940 3058 ζωδιακοῦ

373 3074 578 3128 κύκλου
603 3077 702 3145 τὴν
729 3076 962 3148 πάροδον
987 3079 1238 3128 ποιεῖται.
1267 3075 1430 3129 Οὐδὲν
1454 3074 1512 3128 δὲ
1533 3074 1641 3127 τῶν
1664 3074 1785 3128 καθ’
1811 3075 1942 3128 ὑπό-

2045 1883 2209 1949 dicta,
2265 1892 2444 1940 tamen
2486 1902 2593 1941 non
2646 1888 2899 1958 congruit
2955 1904 3077 1942 cum
3129 1892 3508 1960 apparentiis;
3561 1893 3608 1946 si

2044 1975 2187 2029 enim
2205 1975 2359 2044 juxta
2386 1975 2696 2045 hujusmodi
2727 1979 3066 2034 relictionem
3092 1991 3459 2046 moverentur,
3482 1996 3606 2038 cum

2044 2079 2271 2133 corpora
2309 2066 2398 2120 illa
2438 2068 2669 2125 inferius
2712 2078 3052 2135 moveantur,
3085 2079 3309 2142 propter
3337 2074 3608 2143 magnitu-

2044 2155 2261 2210 tudines
2300 2159 2586 2226 oportebat
2624 2159 2679 2214 in
2722 2162 2994 2230 parallelis
3035 2163 3258 2218 circulis
3302 2164 3444 2218 hanc
3481 2166 3609 2220 reli-

2044 2248 2278 2304 ctionem
2314 2250 2429 2305 ﬁeri
2457 2270 2471 2318 ;
2503 2254 2960 2321 quemadmodum
2998 2265 3053 2311 et
3098 2258 3265 2313 stellae
3304 2258 3607 2314 inerrantes

2044 2355 2234 2398 omnes
2277 2346 2331 2397 in
2384 2346 2662 2414 parallelis
2703 2348 2927 2404 circulis
2986 2349 3237 2406 feruntur
3287 2369 3300 2405 :
3351 2369 3416 2409 eo
3462 2354 3608 2424 quod

2043 2444 2097 2489 et
2150 2434 2339 2489 mundi
2415 2445 2596 2492 motus
2656 2447 2741 2493 est
2790 2441 3074 2497 circuiaris
3122 2444 3191 2498 ab
3242 2451 3364 2499 ortu
3414 2459 3607 2499 versus

2042 2543 2318 2585 occasum.
2341 2530 2409 2583 At
2432 2546 2541 2585 non
2568 2530 2950 2601 relinquuntur
2972 2533 3026 2587 in
3052 2534 3324 2603 parallelis
3346 2535 3568 2590 circulis
3592 2553 3605 2599 ;

2043 2620 2139 2675 sed
2170 2621 2249 2675 sol
2283 2636 2407 2675 cum
2444 2621 2497 2675 in
2528 2623 2739 2677 circulo
2772 2639 2868 2693 per
2902 2624 3076 2679 media
3107 2625 3261 2695 signa
3291 2636 3607 2682 transeunte

2041 2718 2346 2775 moveatur,
2369 2712 2531 2767 simul
2563 2715 2728 2767 etiam
2775 2716 3073 2770 secundum
3114 2716 3452 2772 latitudinem
3480 2718 3609 2771 facit

2041 2810 2249 2858 motum
2277 2820 2307 2857 a
2337 2805 2572 2860 solstitio
2615 2805 2682 2860 ad
2725 2807 3016 2862 solstitium
3053 2824 3065 2859 :
3101 2808 3266 2878 quod,
3301 2817 3361 2863 ut
3392 2808 3606 2878 opinor,

2041 2896 2295 2965 proprius
2323 2896 2373 2951 ei
2408 2897 2479 2951 sit
2510 2908 2687 2953 motus
2718 2898 2807 2952 hic
2848 2901 2916 2955 ab
2947 2908 3069 2955 ortu
3102 2918 3291 2958 versus
3317 2916 3606 2966 occasum;

2042 2985 2134 3040 ille
2177 2988 2246 3041 ab
2298 3002 2499 3044 occasu
2545 3005 2740 3045 versus
2784 3000 3004 3058 ortum;
3039 2993 3165 3046 luna
3217 3008 3342 3047 vero
3392 2994 3445 3046 in
3492 3001 3607 3047 tota

2042 3075 2327 3132 latitudine
2374 3078 2580 3133 zodiaci
2628 3079 2819 3134 circuli
2868 3088 3071 3135 motum
3111 3081 3260 3136 facit.
3303 3079 3446 3135 Nihil
3477 3097 3607 3136 vero

371 3164 550 3235 λειψιν
589 3166 1006 3237 ὑποφερομένων
1039 3166 1154 3236 ἃμα
1193 3164 1414 3219 δύναται
1444 3164 1585 3218 κατά
1616 3164 1817 3227 πλάτος
1849 3181 1936 3217 κι-

2044 3181 2225 3219 eorum
2269 3182 2389 3236 qua:
2429 3170 2727 3224 secundum
2762 3169 3099 3225 relictionem
3132 3169 3400 3232 feruntur,
3445 3171 3605 3226 simul

370 3257 604 3313 νεῖσθαι·
642 3258 758 3311 ἀλλ’
786 3258 989 3327 ὀφείλει
1019 3256 1161 3311 κατὰ
1184 3256 1281 3328 τὴν
1303 3255 1396 3309 τοῦ
1424 3256 1628 3327 κόσμου
1655 3256 1824 3328 φορὰν
1846 3255 1944 3326 τὴν

376 3350 663 3420 ὑπόλειψιν
708 3347 998 3404 ποιεῖσθαι.
1055 3348 1292 3418 Ἐλέγχει
1337 3347 1393 3401 δὲ
1435 3348 1534 3419 τὴν
1573 3346 1731 3414 δόξαν
1774 3347 1943 3417 ψευδῆ

370 3443 725 3513 ὑπάρχουσαν
757 3440 986 3512 μάλιστα
1020 3440 1236 3493 πάντων
1266 3441 1300 3509 ἡ
1319 3441 1454 3510 ’περὶ
1476 3440 1601 3502 τοὺς
1623 3439 1786 3491 πέντε
1811 3438 1946 3491 πλά-

369 3549 541 3604 νητας
584 3532 821 3603 ἀστέρας
860 3531 1093 3602 κίνησις·
1139 3532 1332 3584 ἐκεῖνοι
1355 3529 1463 3600 γὰρ
1492 3529 1581 3582 ὁτὲ
1607 3530 1704 3599 μὲν
1730 3529 1944 3583 ὑπολεί-

371 3641 567 3680 πονται
595 3622 705 3678 τῶν
744 3622 998 3678 ἀπλανῶν
1028 3621 1294 3693 ἀστέρων,
1325 3621 1415 3675 ὁτὲ
1450 3619 1507 3673 δὲ
1554 3618 1939 3691 προηγοῦνται·

369 3717 461 3771 ὁτὲ
504 3715 562 3769 δὲ
605 3715 745 3769 κατὰ
786 3716 912 3778 τοὺς
943 3714 1138 3777 αὐτοὺς
1171 3712 1407 3783 ἀστέρας
1464 3711 1745 3782 μένουσιν·
1798 3712 1847 3764 οἱ
1887 3710 1944 3765 δὲ

372 3814 470 3864 καὶ
519 3807 807 3862 καλοῦνται
852 3805 1162 3878 στηριγμοί.
1218 3802 1481 3874 Τοιαύτης
1507 3802 1564 3855 δὲ
1593 3800 1945 3872 ὑπαρχούσης

372 3898 506 3970 περὶ
544 3898 739 3961 αὐτοὺς
780 3897 883 3966 τῆς
920 3896 1213 3965 κινήσεως.
1254 3893 1510 3964 φανερὸν,
1550 3892 1632 3944 ὅτι
1665 3891 1699 3958 ή
1741 3890 1833 3943 ὲπὶ
1875 3889 1947 3942 τὰ

372 3991 617 4063 ἑπόμενα
665 3989 963 4061 μετάϐασις
999 3987 1061 4041 οὑ
1101 3986 1305 4055 γίνεται
1356 3985 1497 4038 κατά
1531 3981 1830 4052 ὑπόλειψιν·
1857 3980 1944 4034 διὰ

373 4085 577 4148 παντὸς
608 4084 717 4154 γάρ
751 4083 818 4137 ἂν
846 4080 1212 4136 ὑπελείποντο.
1247 4079 1383 4131 Νυνὶ
1409 4078 1465 4130 δὲ
1486 4077 1590 4131 ἰδία
1622 4075 1704 4139 τίς
1735 4077 1882 4128 ἐστιν
1909 4076 1942 4143 ἡ

372 4178 505 4249 περὶ
541 4176 770 4230 ἕκαστον
812 4172 1181 4245 σφαιροποιία,
1221 4170 1342 4224 καθ’
1373 4170 1439 4241 ἣν
1474 4169 1604 4222 ποτὲ
1636 4168 1733 4240 μὲν
1771 4169 1849 4232 είς
1875 4164 1942 4219 τά

374 4269 618 4338 ἑπόμενα
649 4265 1053 4338 μεταϐαίνουσι,
1089 4264 1218 4316 ποτὲ
1243 4263 1301 4317 δὲ
1332 4264 1413 4326 είς
1445 4262 1511 4315 τὰ
1533 4257 1939 4332 προηγούμενα,

374 4360 508 4416 ποτὲ
530 4359 588 4413 δὲ
616 4357 981 4428 στηρίζουσιν.
1008 4356 1165 4411 Οὕτω
1181 4355 1246 4425 δὴ
1276 4354 1370 4407 καὶ
1391 4353 1518 4421 περὶ
1537 4352 1627 4404 τὸν
1652 4351 1821 4421 ἥλιον.
1850 4351 1942 4402 καὶ

373 4450 504 4521 περὶ
527 4447 625 4520 τήν
658 4446 885 4518 σελήνην
913 4446 1021 4499 ἰδία
1048 4444 1134 4508 τίς
1162 4445 1276 4497 ἐστι
1308 4443 1402 4496 καὶ
1446 4439 1823 4512 προαιρετική,
1849 4440 1941 4493 καλ⁵

376 4541 519 4596 κατά
545 4541 706 4611 φύσιν
739 4542 774 4611 ἡ
803 4541 932 4609 περὶ
959 4537 1160 4601 πλάτος
1183 4536 1419 4607 κίνησις,
1449 4533 1571 4587 καθ’
1609 4533 1676 4603 ἡν
1720 4531 1828 4586 ἀπὸ
1854 4531 1944 4584 δύ-

376 4650 513 4698 σεως
533 4634 621 4687 ἐπ’
644 4629 907 4702 ἀνατολὴν
939 4629 1245 4700 κινούμενοι
1267 4629 1368 4696 τὴν
1401 4627 1542 4681 κατά
1568 4626 1769 4688 πλάτος
1803 4625 1944 4696 πάρ-

372 4727 491 4780 οδον
523 4720 818 4778 ποιοῦνται.
852 4723 974 4775 Ὂτι
1016 4719 1075 4772 δὲ
1119 4720 1180 4773 ού
1224 4717 1475 4771 δύνανται
1507 4716 1627 4770 καθ’
1665 4713 1945 4783 ὑπόλειψιν

376 4820 451 4879 εἰς
476 4814 545 4870 τὰ
577 4814 820 4885 ἑπόμενα
845 4812 953 4866 τῶν
975 4810 1181 4875 ζωδίων
1202 4809 1301 4880 τὴν
1329 4808 1625 4880 μετάϐασιν
1652 4804 1943 4869 ποιεῖσθαι,

378 4907 608 4980 φανερὸν
636 4907 730 4961 καὶ
761 4907 828 4960 ὲκ
853 4904 950 4959 τοῦ
982 4904 1057 4975 μὴ
1082 4902 1342 4971 ἀνάλογον
1372 4902 1485 4964 τοῖς
1510 4898 1784 4970 μεγέθεσι,
1811 4897 1945 4968 μηδὲ

376 5002 486 5063 τοῖς
518 4999 868 5068 ἀποστήμασι
898 4996 998 5059 τὰς
1039 4993 1366 5065 μεταϐάσεις
1410 4991 1674 5061 γίνεσθαι.
1724 4990 1789 5043 Et
1835 4988 1945 5061 γὰρ

376 5090 462 5145 διὰ
483 5089 554 5144 τὰ
579 5089 782 5161 μεγέθη
809 5088 917 5141 τῶν
943 5086 1207 5158 σωμάτων
1236 5085 1588 5156 ὑπεφέροντο,
1614 5080 1944 5153 βραδυτέραν

378 5179 592 5249 ἔχοντες
615 5179 725 5233 τῶν
744 5176 999 5233 ἀπλανῶν
1021 5177 1264 5248 ἀστέρων
1292 5175 1522 5246 κίνησιν,
1552 5174 1659 5227 ἔδει
1686 5173 1945 5239 ἀνάλογον

377 5271 488 5332 τοῖς
524 5267 775 5339 μεγέθεσι
814 5269 909 5321 καὶ
953 5268 1065 5329 τοῖς
1110 5266 1457 5335 ἀποστήμασι
1492 5263 1593 5327 τὰς
1634 5262 1943 5332 ὑπολείψεις

380 5359 638 5426 γίνεσθαι·
669 5359 743 5431 μὴ
765 5359 1047 5430 γινομένου
1069 5358 1125 5411 δὲ
1139 5356 1350 5420 τούτου,
1371 5357 1582 5427 ἀνάγκη
1603 5356 1781 5425 λέγειν
1803 5355 1946 5409 κατά

381 5450 539 5518 φύσιν
561 5450 699 5507 εἶναι
723 5456 833 5516 τοῖς
856 5450 1222 5522 πλανωμένοις
1247 5450 1383 5519 ἀστῆ
1392 5466 1478 5522 ρσι
1496 5449 1596 5520 τὴν
1619 5447 1943 5503 ὑπεναντίαν

381 5542 606 5613 κίνησιν.
646 5544 784 5614 Ἤδη
817 5542 1109 5614 μέντοιδιά
1154 5541 1248 5611 τὴν
1284 5541 1411 5595 ἰδίαν
1454 5539 1681 5595 ἑκάστου
1724 5555 1945 5596 σφαιρο-

478 5768 520 5800 ⁸¹
549 5768 588 5839 Ῑ.
619 5768 993 5841 προκαταλαμ.

2044 3265 2221 3325 potest
2268 3260 2562 3314 secundum
2616 3262 2954 3317 latitudinem
3009 3265 3260 3329 moveri;
3312 3261 3405 3317 sed
3450 3262 3607 3317 debet

2044 3349 2343 3403 secundum
2382 3351 2567 3406 mundi
2602 3360 2808 3406 motum
2844 3354 3181 3408 relictionem
3220 3353 3366 3408 illam
3404 3352 3605 3409 facere.

2042 3440 2333 3496 Convincit
2377 3452 2557 3499 autem
2597 3445 2737 3500 hanc
2780 3446 3112 3517 Opinionem,
3162 3446 3306 3516 quod
3350 3444 3482 3501 falsa
3512 3446 3607 3509 sit,

2044 3536 2278 3588 maxime
2327 3535 2570 3589 omnium
2613 3543 2792 3593 motus
2834 3537 3075 3607 quinque
3116 3538 3495 3607 planetarum;
3528 3536 3606 3590 illi

2043 3623 2187 3677 enim
2217 3623 2489 3683 interdum
2517 3626 2900 3697 relinquuntur
2924 3628 2992 3682 ab
3018 3628 3386 3682 inerrantibus
3414 3626 3605 3693 stellis,

2044 3711 2314 3767 interdum
2353 3716 2665 3785 praecedunt
2710 3731 2848 3784 eas;
2889 3716 3162 3773 interdum
3208 3717 3349 3787 apud
3388 3715 3604 3772 easdem

2043 3805 2231 3862 stellas
2282 3815 2503 3863 manent
2555 3827 2568 3864 :
2620 3824 2742 3879 qum
2791 3811 2953 3865 etiam
3009 3811 3276 3865 stationes
3320 3817 3606 3864 vocantur.

2044 3892 2192 3952 Talis
2221 3911 2345 3951 cum
2389 3907 2571 3956 motus
2608 3901 2680 3955 sit
2726 3901 3092 3971 planetarum,
3118 3901 3467 3956 manifestum
3500 3906 3604 3961 est,

2047 3989 2186 4057 quod
2235 3991 2503 4047 transitus
2533 3992 2588 4047 in
2617 3996 3005 4065 consequentia
3037 4009 3147 4050 non
3180 3994 3273 4050 ﬁat
3308 3992 3606 4050 secundum

2045 4081 2397 4137 relictionem.
2432 4083 2661 4155 Semper
2690 4088 2834 4140 enim
2878 4089 3035 4156 quasi
3074 4102 3103 4140 a
3141 4093 3293 4157 tergo
3341 4085 3609 4153 relinque-

2041 4180 2210 4227 retur.
2226 4172 2296 4226 At
2318 4189 2461 4228 nunc
2483 4176 2750 4246 cujusque
2767 4187 2848 4231 est
2870 4176 3088 4247 prepria
3109 4177 3352 4246 quaedam
3374 4176 3606 4244 sphaera,

2042 4264 2343 4319 secundum
2390 4280 2554 4334 quam
2600 4282 2749 4322 nunc
2791 4267 2847 4321 in
2900 4266 3292 4336 consequentia
3353 4262 3604 4325 tendunt,

2041 4369 2189 4409 nunc
2222 4355 2275 4408 in
2311 4354 2709 4423 antecedentia,
2745 4370 2890 4411 nunc
2929 4371 3061 4410 vero
3099 4362 3226 4409 sunt
3263 4353 3602 4407 stationales.

2047 4445 2139 4501 Sic
2174 4448 2338 4518 igitur
2369 4455 2422 4501 et
2450 4448 2583 4503 solis
2636 4454 2692 4503 et
2722 4448 2863 4502 luna:
2909 4446 3161 4517 proprius
3188 4452 3272 4499 est
3304 4443 3521 4513 aliquis,
3551 4447 3609 4497 et

2045 4540 2333 4601 electivus,
2357 4546 2413 4594 et
2455 4540 2722 4595 naturalis
2767 4539 3065 4596 secundum
3110 4535 3449 4590 latitudinem
3488 4552 3606 4591 mo-

2046 4641 2131 4690 tus
2158 4651 2172 4700 ;
2208 4635 2506 4690 secundum
2536 4648 2696 4704 quem
2727 4647 2849 4685 cum
2879 4630 2946 4686 ab
2974 4645 3171 4685 occasu
3202 4643 3395 4684 versus
3426 4636 3604 4683 ortum

2042 4728 2351 4785 moventur,
2381 4710 2553 4774 simul
2595 4720 2744 4773 illum
2791 4718 3092 4773 latitudinis
3140 4724 3346 4772 motum
3373 4715 3603 4770 faciunt.

2042 4810 2199 4877 Quod
2246 4827 2374 4867 vero
2415 4827 2524 4866 non
2565 4811 2776 4880 possint
2821 4809 3121 4866 secundum
3166 4809 3499 4864 relictionem
3550 4809 3605 4863 in

2042 4901 2430 4970 consequentia
2477 4901 2631 4972 signa
2667 4915 3013 4971 progressum
3053 4899 3252 4964 facere,
3284 4899 3448 4954 etiam
3479 4897 3605 4952 hinc

2041 5002 2127 5048 est
2158 4993 2503 5049 manifestum
2534 4992 2680 5062 quod
2715 5008 2823 5049 non
2848 5000 3214 5062 congruenter
3242 5006 3366 5047 cum
3393 4991 3605 5061 magni-

2044 5085 2354 5148 tudinibus,
2422 5100 2600 5154 neque
2656 5099 2780 5139 cum
2839 5084 3119 5140 distantiis
3171 5083 3226 5137 hi
3279 5097 3606 5153 progressus

2044 5174 2195 5229 ﬁant.
2231 5173 2286 5229 Si
2328 5175 2473 5229 cnim
2517 5185 2736 5245 propter
2782 5174 3184 5245 magnitudines
3207 5186 3496 5241 corporqu
3525 5172 3609 5225 in-

2045 5266 2212 5322 ferius
2243 5275 2612 5331 moverentur,
2638 5281 2763 5321 cum
2795 5266 3029 5320 habeant
3061 5265 3353 5321 tardiorem
3398 5269 3606 5319 motum

2042 5374 2203 5428 quam
2238 5359 2407 5412 stella
2439 5357 2765 5421 inerrantes,
2797 5356 3077 5426 oportebat
3099 5363 3459 5425 congruenter
3479 5368 3606 5408 cum

2043 5448 2509 5521 magnitudinibus
2535 5458 2589 5505 et
2618 5466 2742 5505 cum
2776 5450 3053 5505 distantiis
3091 5449 3401 5503 relit-tiones
3446 5444 3559 5501 ﬁeri
3590 5461 3607 5512 ;

2043 5542 2147 5597 hoc
2189 5557 2312 5598 cum
2359 5557 2467 5598 non
2503 5542 2617 5611 ﬁat,
2665 5557 2890 5599 necesse
2936 5548 3019 5597 est
3069 5540 3270 5605 dicere,
3303 5538 3605 5596 secundum
