4146 6480
510 404 621 464 527

1539 401 1884 458 ΑΡΡΕΝΟΙΧ
1917 399 2006 454 AD
2046 397 2316 453 EUSEBII
2355 399 2768 457 CHBONICON.

3648 391 3753 448 828

515 527 770 574 naturam
817 534 942 578 esse
993 521 1304 575 errantibus
1335 519 1511 574 stellis
1557 519 1893 572 contrarium
1931 518 2081 571 illum

2209 515 2368 568 τοιίαν
2395 515 2686 588 διαφόρους
2736 511 3044 584 συμϐέϐηκε
3090 509 3188 574 τάς
3240 507 3564 581 μετασπεις
3607 503 3755 576 γίνε-

515 618 746 667 motum.
763 607 882 663 Jam
908 617 1056 665 certe
1078 618 1300 680 propter
1323 611 1593 681 propriam
1618 611 1886 680 cujusque
1913 611 2086 682 spira:-

516 717 638 761 ram
669 705 938 775 contingit
963 703 1212 760 diversos
1240 705 1356 760 ﬁeri
1389 720 1734 776 pregressus.

1047 825 1154 896 27
1183 823 1413 880 CAPUT
1467 822 1559 878 x1.

941 938 1021 994 De
1048 939 1248 992 ortibus
1285 946 1334 992 et
1376 939 1666 992 occasibus.

591 1051 826 1108 Mundus
865 1067 988 1107 eum
1033 1060 1281 1107 movetur
1326 1053 1394 1107 ab
1423 1062 1546 1106 ortu
1585 1068 1776 1108 versus
1809 1067 2089 1117 occasum,

521 1143 611 1198 die
627 1151 684 1197 et
703 1154 861 1198 nocte
881 1143 1188 1198 restituitur
1210 1145 1278 1198 ab
1301 1152 1422 1197 ortu
1443 1160 1634 1198 versus
1655 1153 1832 1198 ortum
1851 1164 1863 1198 :
1881 1145 1935 1198 in
1963 1160 2094 1199 con-

523 1233 782 1288 versione
827 1242 1008 1288 autem
1063 1233 1250 1288 mundi
1296 1249 1486 1289 omnes
1523 1235 1694 1289 stellae
1741 1233 1988 1304 quotidie
2041 1240 2096 1287 et

523 1326 780 1380 oriuntur
809 1337 864 1380 et
911 1325 1197 1382 occidunt.
1231 1325 1298 1379 Et
1333 1334 1490 1381 ortus
1519 1325 1737 1396 quidem
1766 1335 1850 1381 est
1881 1325 2097 1396 appari-

527 1419 601 1472 tio
627 1433 796 1490 supra
827 1419 1164 1472 horizontem
1193 1437 1208 1485 ;
1239 1433 1471 1473 occasus
1500 1434 1630 1473 vero
1672 1428 1756 1472 est
1781 1417 2094 1481 occultatio,

527 1527 649 1579 qua:
693 1511 940 1580 quotidie
988 1513 1046 1564 lit
1103 1511 1248 1565 infra
1301 1511 1666 1565 horizontem.
1713 1509 1884 1564 Aliter
1914 1517 2096 1562 autem

525 1603 786 1657 dicuntur
826 1603 1070 1673 έπιτολὴ,
1116 1601 1210 1655 καὶ
1243 1601 1464 1672 κρύψις,
1497 1601 1550 1655 id
1601 1609 1685 1655 est
1712 1601 1999 1672 apparitio,
2043 1605 2099 1654 et

2190 604 2333 661 σθαι.

2709 827 2887 879 ΚΕΦΑ
2895 825 3103 879 ΛΑΙΟΝ
3136 824 3236 879 IA'.

2523 942 2662 1010 Περὶ
2693 938 3004 996 ἀνατολῶν
3030 938 3126 990 καὶ
3159 933 3427 1004 δυσμῶν.

2273 1059 2334 1111 '0
2371 1058 2598 1126 κόσμος,
2643 1054 2962 1126 κινούμενος
3011 1054 3106 1108 ἀπ’
3151 1049 3416 1120 ἀνατολῆς
3457 1047 3552 1100 ἐπὶ
3589 1045 3758 1107 δύσιν,

2194 1149 2377 1220 ἡμέρᾳ
2421 1149 2516 1202 καὶ
2554 1148 2711 1200 νυκτὶ
2759 1145 3191 1200 ἀποκαθίσταται
3237 1142 3330 1195 ἀπ’
3379 1137 3641 1208 ἀνατολῆς
3673 1138 3762 1188 ἐπ’

2194 1240 2480 1310 ἀνατολήν.
2521 1240 2609 1293 Ἐν
2633 1239 2689 1292 δὲ
2724 1242 2791 1310 τῇ
2825 1237 2918 1291 τοῦ
2955 1237 3160 1307 κόσμου
3195 1234 3529 1306 περιστροφῇ
3563 1233 3762 1293 πάντες

2194 1334 2244 1386 οί
2277 1334 2502 1402 ἀστέρες
2531 1330 2652 1384 καθ’
2677 1330 2912 1400 ἑκάστην
2930 1330 3143 1400 ἡμέραν
3172 1329 3266 1382 καὶ
3295 1323 3643 1379 ἀνατέλλουσι
3671 1325 3766 1375 καὶ.

2197 1421 2431 1475 δύνουσι.
2467 1421 2577 1473 Καὶ
2600 1419 2746 1472 ἔστιν
2774 1417 3004 1489 ἀνατολὴ
3035 1419 3132 1488 μὲν
3163 1419 3196 1488 ἡ
3231 1415 3350 1470 καθ’
3371 1414 3608 1482 ἑκάστην
3637 1415 3670 1482 ἡ
3680 1412 3770 1482 μέ-

2199 1529 2299 1584 ραν
2343 1511 2601 1582 γινομένη
2640 1512 2776 1582 πρὸς
2803 1512 2894 1564 τὸν
2936 1511 3183 1582 ὁρίζοντα
3233 1508 3395 1576 φάσις
3424 1506 3500 1542 υ·
3529 1505 3680 1566 δύσις
3709 1503 3768 1556 δὲ

2196 1605 2229 1672 ἡ
2263 1600 2384 1680 καθ’
2414 1601 2648 1670 ἑκάστην
2692 1599 2904 1671 ἡμέραν
2945 1599 3202 1669 γινομένη
3236 1597 3340 1650 ὑπὸ
3388 1595 3480 1648 τὸν
3519 1593 3770 1666 ὁρίζοντα

527 1696 856 1760 occultatio;
898 1710 1022 1765 qua:
1063 1695 1311 1749 nonnulli
1357 1711 1421 1749 ex
1454 1695 1756 1763 ignorantia
1797 1692 2099 1748 secundum

526 1783 780 1837 eumdem
807 1798 1030 1839 sensum
1064 1793 1260 1854 putant
1293 1785 1420 1838 dici.
1451 1783 1547 1838 Est
1573 1794 1754 1836 autem
1778 1797 1973 1852 magna
1994 1779 2101 1836 dif-

2198 1692 2416 1764 κρυψις.
2451 1691 2660 1754 Ἀλλως
2709 1691 2766 1744 δὲ
2807 1691 3054 1758 λέγονται
3107 1688 3352 1743 ὲπιτολαὶ
3393 1687 3487 1740 καὶ
3517 1685 3768 1756 κρύψεις.

2199 1784 2266 1846 ἃς
2289 1784 2420 1836 ἔνιοι
2443 1783 2764 1851 ἀγνοοῦντες
2796 1781 2937 1835 κατά
2959 1780 3058 1852 τὴν
3087 1780 3257 1851 αὐτὴν
3287 1778 3493 1832 ἔννοιαν
3523 1775 3769 1847 ὑπολαμ-

531 1875 762 1932 ferentia
809 1877 952 1932 inter
995 1879 1260 1948 ἀνατολήν
1307 1886 1358 1932 et
1398 1877 1672 1946 ἐπιτολήν.
1717 1874 1969 1946 ’Δνατολὴ
2015 1882 2102 1929 est

2209 1879 2424 1933 δάνουσι
2459 1877 2730 1945 λέγεσθαι.
2758 1875 2985 1945 Μεγάλη
3019 1874 3074 1928 δέ
3103 1877 3218 1928 έστι
3249 1871 3480 1941 διαιρορά
3509 1869 3773 1940 ἀνατολῆς

530 1975 687 2022 ortus
727 1967 838 2030 ille,
874 1966 942 2022 de
983 1983 1092 2037 quo
1113 1967 1226 2037 jam
1264 1965 1468 2020 dictum
1507 1975 1614 2021 est.
1657 1965 1727 2020 At
1755 1964 1976 2035 έπιτολή
2019 1971 2104 2019 est

2209 1970 2299 2024 καὶ
2339 1969 2614 2039 ἑπιτολῆς.
2662 1967 2920 2037 Ἀνατολὴ
2968 1967 3066 2037 μὲν
3109 1966 3219 2038 γάρ
3257 1967 3404 2020 ἐστιν
3435 1968 3469 2036 ἡ
3513 1981 3772 2036 προειρη-

531 2058 625 2112 illa
669 2057 739 2112 ad
771 2057 1112 2113 horizontem
1153 2057 1445 2128 apparitio,
1476 2073 1599 2126 quae
1628 2057 1937 2111 desumitur
1979 2069 2105 2109 cum

2209 2063 2340 2133 μένη
2361 2079 2375 2093 ο
2408 2061 2628 2131 ὲπιτολὴ
2647 2061 2705 2114 δὲ
2733 2062 2766 2130 ἡ
2789 2059 3046 2130 γινομένη
3077 2058 3212 2130 πρὸς
3231 2057 3324 2111 τὸν
3346 2055 3591 2128 ὁρίζοντα
3612 2055 3776 2125 φάσις

531 2147 792 2210 distantia
826 2161 859 2200 a
903 2147 1040 2202 sole.
1077 2145 1278 2200 Eadem
1309 2145 1614 2200 dilferentia
1647 2153 1732 2200 est
1757 2145 1897 2199 inter
1925 2145 2104 2210 δύσιν,

535 2237 590 2291 id
632 2243 718 2292 est
756 2251 1036 2302 occasum,
1080 2243 1136 2290 et
1177 2233 1399 2306 κρύψιν,
1433 2233 1488 2288 id
1535 2243 1622 2290 est
1663 2235 2102 2290 occultationem.

534 2328 710 2384 Aliter
739 2329 886 2383 enim
923 2328 1128 2382 dicitur
1167 2325 1340 2390 δύσις,
1385 2341 1640 2390 occasus,
1679 2327 1774 2396 qui
1813 2334 1898 2382 est
1927 2327 2108 2396 quoti-

536 2418 700 2472 diana
757 2417 902 2472 infra
958 2417 1296 2472 horizontem
1355 2417 1650 2472 occultatio
1700 2437 1712 2472 :
1775 2418 1933 2474 aliter
1979 2435 2108 2475 vero

536 2508 758 2582 κρύψις,
791 2509 845 2564 id
873 2517 957 2566 est
989 2509 1286 2564 occultatio
1348 2525 1472 2580 quae
1512 2509 1570 2564 ﬁt
1603 2510 1768 2566 simul
1807 2521 1863 2567 et
1907 2511 1978 2566 ad
2009 2512 2108 2567 ho-

539 2603 805 2658 rizontem
829 2611 883 2656 et
906 2601 974 2656 ad
995 2602 1190 2661 solem.

611 2693 751 2749 Sunt
783 2703 964 2750 autem
991 2695 1263 2764 cujusque
1285 2693 1457 2750 stella
1483 2702 1638 2751 ortus
1673 2695 1809 2761 duo;
1842 2695 1934 2750 alii
1963 2695 2110 2751 enim

539 2783 798 2838 dicuntur
835 2783 1114 2847 matutini,
1148 2783 1242 2840 alii
1285 2783 1604 2853 vespertini.
1633 2783 1929 2840 Matutinus
1957 2793 2114 2842 ortus

541 2884 647 2942 est,
678 2890 802 2930 cum
843 2875 1007 2932 simul
1037 2891 1162 2930 cum
1197 2877 1318 2933 sole
1359 2877 1573 2932 oriente
1605 2877 1762 2932 stella
1791 2877 1975 2948 aliqua
2003 2877 2116 2933 ori-

543 2977 656 3034 tur,
687 2977 881 3040 estque
907 2968 1096 3024 eodem
1125 2977 1370 3040 tempore
1408 2969 1465 3024 in
1497 2969 1802 3025 horizonte.
1835 2968 2114 3041 Vesperti-

544 3074 651 3115 nus
684 3065 839 3115 ortus
861 3066 967 3124 est,
1000 3073 1126 3114 cum
1161 3059 1280 3114 sole
1308 3057 1596 3114 occidente
1629 3059 1806 3113 oritur
1833 3059 1990 3116 stella
2014 3059 2120 3114 ali—

541 3167 653 3224 qua
683 3151 846 3207 simul
876 3151 933 3205 in
970 3151 1257 3206 horizonte
1281 3149 1605 3205 constituta.

615 3327 1003 3384 Matutinorum
1036 3335 1092 3384 et
1121 3327 1561 3400 vespertinorum
1595 3336 1816 3384 ortuum
1840 3332 1960 3386 dum
1989 3341 2122 3388 sunt

545 3421 890 3478 dili'erentie.
945 3423 1052 3476 Alii
1097 3422 1246 3478 enim
1285 3437 1477 3476 eorum
1524 3421 1641 3477 veri
1681 3421 1978 3492 dicuntur;
2024 3425 2123 3480 alii

547 3525 898 3587 apparentes.
928 3515 1054 3570 Veri
1085 3530 1211 3570 cum
1238 3517 1402 3572 simul
1439 3531 1630 3572 revera
1661 3517 1822 3572 stella
1849 3518 2032 3588 aliqua
2062 3520 2121 3574 in

547 3609 836 3664 borizonte
866 3610 1164 3664 constituta
1191 3610 1390 3674 oritur,
1419 3611 1537 3665 sole
1560 3611 1771 3666 oriente
1799 3630 1813 3666 :
1847 3620 2010 3682 atque
2032 3613 2122 3668 hic

548 3709 728 3769 ortus,
759 3717 870 3756 non
903 3701 1121 3758 videtur
1150 3709 1375 3772 propter
1409 3702 1594 3756 radios
1639 3687 1794 3758 solis.
1830 3702 1889 3758 In
1931 3703 2122 3761 diebus

550 3803 730 3849 autem
757 3795 1001 3865 proxime
1031 3795 1388 3864 sequentibus
1417 3795 1521 3856 sol,
1551 3810 1676 3848 cum
1714 3803 1905 3850 contra
1936 3796 2122 3850 mundi

554 3893 764 3940 motum
815 3895 1122 3950 moveatur,
1160 3887 1360 3940 transit
1399 3887 1456 3941 in
1497 3888 1928 3956 consequentia;
1971 3889 2124 3945 stella

557 3992 686 4032 vero
723 3983 938 4030 tantum
983 3977 1162 4030 oritur
1215 3985 1342 4030 ante
1401 3980 1595 4040 solem,
1637 3985 1901 4047 quantum
1943 3979 2024 4032 sol
2070 3980 2126 4033 in

559 4069 954 4139 consequentia
977 4069 1258 4123 transierit
1292 4069 1346 4124 in
1369 4067 1568 4124 diurno
1590 4077 1853 4140 tempore.
1878 4070 2125 4126 Nondum

2208 2149 2349 2222 μετὰ
2378 2151 2480 2220 τῆς
2524 2151 2662 2222 πρὸς
2691 2149 2781 2202 τὸν
2813 2149 2963 2220 ἥλιον
2997 2147 3350 2212 ἀποστάσεως
3394 2143 3776 2216 ἀπολαμϐανο-

2209 2241 2367 2312 μένη.
2411 2242 2470 2293 Ὀ
2496 2239 2554 2294 δὲ
2575 2240 2735 2304 αὐτὸς
2761 2239 2917 2308 λόγος
2944 2241 3038 2294 καὶ
3066 2240 3158 2292 ἐπὶ
3184 2240 3282 2310 τῆς
3303 2237 3529 2301 δύσεως,
3563 2237 3656 2290 καὶ
3683 2238 3777 2290 ἐπὶ

2205 2330 2306 2401 τῆς
2331 2331 2604 2404 κρύψεως.
2644 2331 2851 2395 ’Δλλως
2887 2331 2985 2400 μὲν
3015 2330 3124 2402 γάρ
3156 2330 3375 2398 λέγεται
3403 2329 3556 2393 δύσις
3586 2331 3621 2400 ἡ
3653 2329 3776 2383 καθ’

2207 2423 2445 2494 ἑκάστην
2471 2423 2688 2494 ἡμέραν
2721 2422 2982 2494 γινομένη
3014 2423 3118 2475 ὑπὸ
3148 2422 3242 2476 τὸν
3277 2421 3525 2492 ὁρίζοντα
3556 2419 3775 2492 κρύψις,

2207 2517 2382 2580 ἄλλως
2413 2517 2469 2570 δὲ
2499 2519 2532 2588 ἡ
2565 2517 2820 2589 γινομένη
2853 2516 3052 2589 κρύψις
3092 2516 3227 2588 πρὸς
3256 2515 3348 2568 τὸν
3378 2512 3628 2585 ὁρίζοντα
3665 2511 3784 2583 ἅμα

2209 2613 2304 2666 καὶ
2327 2612 2418 2665 τὸν
2443 2611 2614 2683 ἥλιον.

2281 2704 2403 2759 Εἰσὶ
2433 2704 2493 2757 δὲ
2535 2703 2666 2774 περὶ
2703 2703 2932 2756 ἕκαστον
2954 2700 3064 2754 τῶν
3101 2699 3346 2771 ἀστέρων
3381 2697 3623 2752 ὲπιτολαὶ
3651 2694 3778 2748 660'

2210 2797 2266 2850 αἱ
2297 2795 2394 2866 μὲν
2425 2792 2533 2866 γὰρ
2577 2795 2755 2847 αὐτῶν
2781 2793 3030 2862 λέγονται
3061 2790 3302 2856 ἑωθιναὶ,
3327 2791 3384 2844 at
3417 2789 3474 2843 δὲ
3508 2787 3782 2859 ἑσπέριαι.

2210 2887 2322 2942 Καί
2353 2890 2502 2941 ἐστιν
2524 2885 2637 2956 έῴα
2669 2887 2766 2958 μὲν
2803 2885 3046 2957 έπιτολὴ,
3076 2887 3205 2940 ὅταν
3235 2885 3352 2956 ἅμα
3388 2882 3466 2955 τῷ
3491 2882 3626 2954 ἡλίῳ
3655 2883 3790 2937 ἀνα-

2211 2979 2445 3034 τέλλοντι
2481 2977 2841 3050 συνανατέλλῃ
2866 2995 2952 3042 τις
2975 2977 3168 3050 ἀστὴρ,
3197 2959 3340 3031 κᾶτά
3357 2976 3447 3030 τὸν
3471 2975 3634 3040 αὐτὸν
3659 2973 3788 3047 χρό-

2213 3089 2304 3126 νον
2339 3071 2625 3142 γινόμενος
2662 3069 2758 3124 ὲπὶ
2788 3068 2881 3122 τοῦ
2932 3069 3206 3140 ὁρίζοντος
3231 3084 3246 3098 ο
3296 3065 3527 3138 ἑσπερία
3561 3064 3607 3118 δ’
3640 3065 3790 3117 ἐστὶν

2141 3200 2185 3259 C
2217 3159 2464 3250 ὲπιτολὴζ
2484 3164 2614 3218 ὅταν
2639 3161 2734 3216 τοῦ
2757 3161 2916 3232 ἡλίου
2948 3160 3195 3222 δύνοντος
3223 3155 3478 3229 ὲπιτέλλῃ
3502 3173 3588 3220 τις
3615 3155 3798 3227 ἀστὴρ

2220 3243 2340 3325 ἅμα
2361 3253 2504 3308 κατά
2525 3251 2616 3305 τὸν
2641 3251 2891 3322 ὁρίζοντα
2915 3249 3225 3322 γενόμενος.

2288 3344 2408 3398 Τῶν
2435 3343 2496 3398 δὲ
2519 3342 2670 3415 ἑῴων
2702 3343 2797 3398 καὶ
2823 3341 2932 3396 τῶν
2961 3343 3233 3414 ἑσπερίων
3255 3338 3518 3395 ὲπιτολῶν
3538 3338 3799 3410 διαφοραί

2219 3445 2324 3496 εισι
2351 3439 2466 3493 δύο.
2499 3439 2566 3491 At
2599 3438 2696 3510 μὲν
2725 3435 2834 3508 γάρ
2867 3433 3046 3490 αὐτῶν
3078 3433 3328 3504 ἀληθιναὶ
3356 3431 3625 3500 λέγονται,
3657 3431 3714 3484 αἱ
3737 3428 3798 3484 δὲ

2185 3531 2578 3602 ’φαινόμεναιο
2617 3527 2868 3600 ἀληθιναὶ
2906 3527 3024 3597 μὲν,
3063 3526 3192 3579 ὃταν
3225 3525 3342 3594 ἅμα
3377 3524 3498 3578 κατ’
3537 3521 3799 3594 ἀλήθειαν

2223 3625 2316 3678 ἐπὶ
2345 3623 2439 3678 τοῦ
2478 3623 2750 3692 ὁρίζοντος
2785 3618 3077 3689 γενόμενος
3109 3615 3490 3678 ἀνατέλλοντος
3515 3613 3611 3667 τοῦ
3643 3611 3798 3684 ἡλίου

2223 3713 2586 3784 συνανατέλλῃ
2607 3729 2690 3775 τις
2720 3711 2926 3782 ἀστήρ·
2969 3709 3106 3778 αὕτη
3145 3707 3203 3762 δὲ
3224 3709 3258 3778 ἡ
3289 3705 3510 3777 ἐπιτολὴ
3548 3703 3799 3776 ἀθεώρη-

2221 3821 2314 3867 τος
2339 3802 2546 3872 γίνεται
2572 3799 2662 3853 διὰ
2684 3799 2785 3863 τὰς
2810 3797 2984 3867 αὐγὰς
3011 3797 3107 3851 τοῦ
3137 3797 3309 3868 ἡλίου.
3349 3796 3439 3850 Ἐν
3461 3793 3520 3850 δὲ
3539 3798 3663 3859 ταῖς
3686 3797 3804 3864 έχο-

2229 3895 2416 3967 μέναις
2442 3892 2676 3966 ἡμέραις
2709 3893 2738 3944 ό
2769 3891 2868 3961 μὲν
2896 3889 3068 3960 ἥλιος,
3096 3888 3431 3952 ὑπεναντίως
3461 3887 3800 3958 κινούμενος,

2226 3989 2306 4050 είς
2328 3985 2396 4038 τὰ
2422 3985 2663 4055 ἑπόμενα
2695 3981 3036 4053 μεταϐαίνειτ
3059 3982 3087 4033 ὁ
3109 3980 3168 4033 δὲ
3194 3980 3369 4051 ἀστὴρ
3392 3979 3644 4033 τοσοῦτον
3667 3995 3806 4051 προ-

2227 4076 2504 4131 ανατέλλει
2548 4074 2642 4128 τοῦ
2679 4073 2854 4146 ἡλίου,
2887 4073 3086 4126 ὁπόσον
3109 4072 3138 4123 6
3164 4071 3314 4142 ἥλιος
3347 4074 3429 4136 είς
3457 4071 3530 4125 τὰ
3561 4071 3806 4141 ἑπόμενα

559 4171 743 4216 tamen
777 4167 958 4230 potest
1003 4159 1240 4229 spectari
1289 4166 1446 4212 ortus
1495 4159 1663 4226 astri;
1701 4161 1878 4216 adhuc
1916 4163 2060 4216 enim
2096 4178 2113 4216 ε

2231 4167 2438 4238 μεταϐῇ
2487 4169 2546 4219 ὲν
2576 4164 2654 4236 τῷ
2695 4165 2985 4236 ἡμερησίῳ
3016 4163 3212 4234 χρόνῳ.
3249 4161 3416 4216 Οὔπω
3444 4162 3627 4233 μέντοι
3647 4161 3809 4216 δύνα-

559 4253 678 4309 sole
719 4253 1068 4308 obscuratur.
1107 4249 1321 4305 Rursus
1351 4266 1483 4304 vero
1526 4253 1581 4304 in
1627 4251 1716 4306 die
1754 4253 1999 4322 proxime
2043 4270 2113 4308 set

2228 4277 2318 4313 ται
2339 4257 2681 4331 θεωρηθῆναι
2713 4258 2746 4326 ἡ
2781 4254 2872 4309 τοῦ
2899 4255 3096 4325 ἄστρου
3128 4253 3380 4325 ὲπιτολή·
3411 4253 3570 4308 ἔτιδὲ
3606 4270 3812 4308 καταυ-

559 4345 746 4416 quenti
778 4345 861 4400 sol
884 4344 940 4398 in
971 4345 1363 4412 consequentia
1389 4343 1637 4411 transiit;
1671 4345 1828 4399 stella
1853 4361 1982 4400 vero
2018 4353 2113 4401 tan-

2231 4355 2404 4422 γεῖται
2461 4353 2566 4404 ὑπὸ
2608 4349 2703 4403 τοῦ
2747 4348 2919 4420 ἡλίου.
2947 4347 3116 4401 Πάλιν
3161 4347 3217 4400 δὲ
3248 4349 3306 4401 ὲν
3337 4346 3437 4418 μὲν
3476 4349 3543 4417 τῇ
3575 4346 3813 4418 ἐχομένῃ

559 4447 675 4493 tum
710 4438 887 4493 oritur
917 4443 1047 4491 ante
1076 4436 1267 4499 solem,
1291 4444 1556 4506 quantum
1587 4435 1667 4490 sol
1694 4435 1749 4490 in
1772 4435 1985 4492 duobus
2017 4436 2113 4492 die

2231 4445 2416 4516 ἡμέρᾳ
2435 4445 2464 4497 6
2489 4444 2586 4514 μὲν
2615 4442 2764 4513 ἥλιος
2784 4443 2864 4504 είς
2882 4439 2951 4494 τά
2972 4440 3216 4512 ἑπόμενα
3237 4438 3434 4510 μετέϐη
3455 4454 3470 4470 ’
3499 4441 3529 4492 ό
3547 4438 3605 4492 δὲ
3632 4438 3812 4508 ἀστὴρ

560 4534 664 4590 bus
693 4547 1020 4604 progressus
1061 4530 1182 4584 fuit.
1215 4529 1274 4584 ln
1303 4529 1500 4584 diebus
1532 4528 1730 4584 deinde
1757 4530 2016 4584 continuo
2041 4544 2113 4586 se-

2230 4536 2484 4591 τοσοῦτον
2508 4533 2899 4606 προανατέλλει
2920 4531 3016 4587 τοῦ
3043 4532 3215 4604 ἡλίου,
3237 4531 3359 4584 ὅσον
3389 4532 3418 4583 6
3437 4530 3588 4601 ἡλιος
3609 4532 3666 4584 ὲν
3689 4533 3816 4596 ταῖς

560 4625 855 4696 quentibus
876 4623 1030 4680 stella
1056 4636 1270 4692 semper
1301 4624 1474 4692 magis
1500 4621 1784 4692 magisque
1813 4623 2113 4692 tempestive

2232 4629 2384 4682 δυσὶν
2430 4628 2666 4698 ἡμέραις
2721 4624 3072 4695 μετεκινήθη.
3129 4624 3220 4676 Ἐν
3265 4623 3325 4677 δὲ
3365 4625 3486 4687 ταῖς
3526 4622 3816 4694 ἐχομέναις

563 4727 688 4772 ante
719 4717 889 4772 solem
929 4715 1137 4781 oriens,
1173 4729 1298 4768 cum
1339 4721 1550 4767 tantum
1585 4722 1821 4784 praeui-ta
1851 4713 2040 4781 fuerit,
2073 4731 2107 4769 ιι

2236 4721 2471 4790 ἡμέραις
2495 4717 2585 4771 ἀεὶ
2611 4715 2706 4770 τοῦ
2733 4715 2961 4786 ἀστέρος
2985 4715 3314 4786 ὲνωρότερον
3354 4713 3552 4786 μᾶλλον
3591 4713 3686 4766 καὶ
3733 4714 3818 4765 έν-

563 4806 700 4863 astri
725 4817 882 4863 ortus
924 4813 1221 4876 spectetur,
1251 4820 1376 4860 cum
1407 4805 1586 4874 ipsum
1624 4804 1808 4860 radios
1839 4805 1973 4860 solis
2000 4803 2113 4861 elIu

2235 4811 2406 4882 ωρότε
2416 4826 2504 4880 ρον
2527 4805 3036 4879 προανατέλλοντος,
3067 4805 3194 4858 ὅταν
3215 4803 3468 4858 τοσοῦτον
3484 4801 3818 4874 προανατέλ-

564 4902 724 4971 gerit,
759 4907 890 4954 tunc
917 4899 1122 4954 dicitur
1161 4899 1319 4954 stella
1351 4898 1468 4954 haec
1507 4900 1834 4954 matutinum
1865 4915 2113 4969 apparen

2237 4901 2327 4972 λῃ,
2351 4899 2492 4953 ὥστε
2511 4897 2850 4970 θεωρηθῆναι
2871 4897 2969 4968 τὴν
2997 4895 3091 4949 τοῦ
3122 4895 3321 4966 ἄστρου
3351 4893 3622 4966 ἐπιτολὴν,
3651 4895 3820 4947 ἐκπε-

565 5004 676 5048 tem
707 5000 888 5047 ortum
919 4989 1122 5048 facere.
1161 4990 1335 5057 Quam
1364 4992 1434 5046 ob
1462 5006 1682 5046 causam
1708 4993 1870 5047 etiam
1899 4992 1951 5045 in
1981 4993 2110 5046 tabu

2241 4991 2500 5062 φευγότος
2529 4989 2695 5044 αὐτοῦ
2745 4988 2844 5053 τάς
2875 4989 3048 5058 αὐγὰς
3073 4986 3165 5042 τοῦ
3203 4986 3374 5056 ἡλίου,
3403 4985 3524 5040 τότε
3553 4986 3767 5054 λέγεται
3787 4987 3820 5039 6

568 5087 638 5140 lis
685 5091 1009 5154 apparentes
1057 5093 1330 5140 astrorum
1371 5092 1526 5140 ortus
1570 5085 1971 5154 praedicuntur;
2011 5099 2113 5138 nan

2239 5084 2416 5156 ἀστὴρ
2446 5078 2601 5146 οὗτος
2643 5082 2782 5153 ἑῴαν
2811 5081 3140 5154 φαινομένην
3170 5079 3420 5152 ἐπιτολὴν
3460 5076 3818 5148 πεποιῆσθαι.

566 5177 687 5233 veri
731 5185 887 5232 ortus
929 5183 1058 5232 sunt
1105 5175 1426 5240 invisibiles,
1475 5185 1640 5244 atque
1687 5176 2113 5232 inobservabiles

2242 5178 2318 5228 Δι’
2338 5176 2402 5246 ἢν
2421 5176 2596 5228 αἰτίαν
2612 5176 2706 5228 καὶ
2727 5177 2784 5228 ὲν
2809 5177 2922 5237 τοῖς
2939 5172 3280 5243 ψηφίσμασιν
3293 5172 3352 5224 αί
3374 5172 3694 5242 φαινόμεναι
3708 5169 3820 5222 τῶν

567 5272 639 5327 At
671 5279 997 5342 apparentes
1030 5275 1206 5329 ortus,
1237 5275 1293 5324 et
1333 5269 1724 5338 praedicuntur,
1755 5281 1810 5323 et
1840 5269 2109 5325 observan

2243 5269 2457 5338 ἄστρων
2481 5267 2725 5321 ὲπιτολαὶ
2747 5265 3122 5338 προλέγονται,
3142 5265 3236 5318 καὶ
3259 5261 3722 5337 παρατηροῦνται.
3760 5262 3822 5314 ’0

568 5373 680 5418 tur.
706 5363 905 5420 Eadem
935 5377 1128 5416 rursus
1148 5363 1311 5416 etiam
1343 5368 1426 5416 est
1450 5360 1592 5415 ratio
1618 5361 1672 5414 in
1703 5361 2025 5430 vespertinis
2055 5375 2113 5413 or

2243 5363 2300 5416 δὲ
2315 5361 2475 5424 αὐτὸς
2501 5360 2658 5429 λόγος
2685 5360 2780 5414 καὶ
2804 5359 3024 5413 ἐπὶτῶν
3055 5357 3325 5429 ἐσπερίων
3341 5355 3601 5409 ὲπιτολῶν
3633 5353 3819 5408 πάλιν.

570 5455 739 5510 tibus.
773 5451 982 5508 Etenim
1015 5451 1207 5506 horum
1233 5451 1354 5506 dum
1383 5457 1512 5504 sunt
1544 5449 1861 5506 differentiae
1895 5469 1907 5504 :
1949 5451 2145 5504 horum

571 5544 718 5599 enim
745 5544 837 5600 alii
869 5543 1132 5599 dicuntur
1165 5542 1300 5607 veri,
1353 5541 1444 5596 alii
1485 5550 1834 5612 apparentes.
1869 5539 1992 5597 Veri
2023 5541 2148 5610 qui-

576 5633 720 5697 dem,
761 5647 885 5688 cum
929 5633 1092 5689 simul
1138 5648 1284 5698 vere,
1320 5631 1622 5688 secundum
1658 5633 2035 5702 pimcisionem
2067 5647 2148 5687 ra-

673 5809 718 5842 “
742 5828 828 5880 π).
870 5811 1062 5881 ἡὺπὲρ
1091 5811 1178 5864 τὸν
1211 5811 1460 5881 ὁρίζοντα
1507 5810 1830 5882 φανέρωσις·

2245 5455 2356 5508 Καὶ
2379 5452 2486 5523 γὰρ
2508 5452 2713 5504 τούτων
2742 5450 2995 5520 διαφοραί
3020 5451 3125 5503 εἰσι
3147 5449 3240 5502 δύο
3257 5467 3271 5480 ο
3299 5449 3354 5502 αί
3386 5449 3484 5520 μὲν
3510 5447 3618 5519 γὰρ
3637 5445 3822 5499 αὐτῶν

2245 5542 2499 5614 ἀληθιναὶ
2525 5542 2794 5611 λέγονται,
2827 5543 2882 5595 αί
2924 5539 2981 5593 δὲ
3015 5539 3369 5609 φαινόμεναι·
3411 5535 3660 5609 ἀληθιναὶ
3697 5535 3821 5606 μὲν,

2247 5633 2380 5686 ὅταν
2400 5632 2513 5702 ἅμα
2536 5633 2655 5686 κατ’
2675 5629 2950 5701 ἀλήθειαν,
2973 5626 3068 5682 τοῦ
3097 5627 3247 5699 ἡλίου
3271 5626 3538 5692 δύνοντος,
3575 5623 3834 5699 ὲπιτείλῃ
