4146 6458
1362 382 1601 440 GEMINI
1640 376 2014 439 ELEMENTA
2050 378 2542 441 ASTBONOMIE.

3461 390 3572 448 850

322 531 414 578 «nc
431 510 625 581 ἀστὴρ,
651 508 766 581 ἃμα
796 509 1074 580 γινόμενος
1105 508 1201 561 ἑπὶ
1224 506 1318 561 τοῦ
1347 506 1620 578 ὁρίζοντος
1642 505 1777 576 πρὸς
1797 503 1896 575 τὴν

2001 503 2184 569 tionis,
2215 507 2371 562 stella
2401 508 2584 578 aliqua
2617 508 2669 561 in
2721 509 3002 565 horizonte
3047 511 3346 566 constituta
3374 510 3569 575 oritur,

327 605 472 664 κατὰ
497 603 588 657 τὸν
618 602 773 671 λόγον
813 601 1114 672 ἀκρίϐειαν.
1145 601 1256 654 Καὶ
1280 592 1440 654 αὗται
1470 599 1528 652 δὲ
1562 600 1619 651 αί
1655 596 1896 650 ὲπιτολαὶ

328 697 628 769 ἀθεώρητοι
657 696 893 763 γίνονται
921 693 1010 746 διὰ
1037 695 1136 757 τὰς
1179 693 1351 760 αὐγὰς
1380 692 1473 745 τοῦ
1504 690 1675 762 ἡλίου.
1725 690 1811 741 Ἐν
1839 688 1895 741 δὲ

326 794 450 854 ταῖς
478 789 605 859 ἑξῆς
633 789 865 859 ἡμέραις
889 786 977 840 διὰ
999 787 1096 856 τὴν
1125 784 1218 838 τοῦ
1238 785 1390 855 ἡλίου
1419 782 1731 854 μετάϐασιν,
1770 798 1895 833 συν-

328 881 650 954 αιρουμένοά
684 879 776 932 τοῦ
818 879 952 949 πρὸς
981 878 1071 930 τὸν
1107 876 1310 947 ἀστέρα
1350 877 1728 945 διαστήματος,
1761 890 1895 942 προ-

328 972 610 1028 ἀνατέλλει
648 971 746 1041 μὲν
780 970 883 1041 πρὸ
922 970 1022 1038 τῆς
1043 968 1136 1021 τοῦ
1171 967 1318 1037 ἡλίου
1352 965 1573 1029 δύσεως,
1605 964 1684 1018 ἔτι
1715 964 1770 1016 δὲ
1794 962 1897 1016 ὑπὸ

326 1065 423 1119 τοῦ
449 1064 600 1135 ἡλίου
642 1062 1081 1133 καταυγούμενος
1113 1059 1421 1130 ἀθεώρητός
1452 1061 1616 1111 ἐστιν.
1652 1058 1819 1111 Ὅταν
1839 1056 1896 1109 δὲ

335 1156 473 1228 μετά
514 1155 613 1227 τὴν
659 1153 754 1208 τοῦ
778 1154 930 1225 ἡλίου
972 1153 1123 1206 δύσιν
1160 1152 1374 1224 πρῶτος
1408 1147 1760 1219 ἐκπεφευγὼς
1799 1147 1897 1210 τὰς

331 1248 503 1318 αὐγὰς
532 1248 625 1301 τοῦ
661 1246 811 1318 ἡλίου
842 1245 1112 1317 θεωρηθῇ,
1145 1245 1266 1298 τότε
1309 1244 1524 1311 λέγεται
1566 1240 1898 1310 φαινομένην

329 1342 588 1413 ἐσπερίαν
613 1338 863 1409 ἐπιτολὴν
886 1338 1235 1409 πεποιῆσθαι.
1281 1336 1368 1388 Ἐν
1390 1335 1446 1388 δὲ
1470 1337 1589 1396 ταῖς
1613 1332 1898 1402 ἐχομέναις

329 1434 449 1500 νυξὶ
477 1433 875 1504 μετεωρότερος
906 1431 992 1483 ἀεὶ
1033 1428 1229 1500 μᾶλλον
1266 1428 1359 1480 καὶ
1391 1426 1588 1497 μᾶλλον
1631 1424 1893 1494 φαίνεται.

413 1523 642 1594 Ὁμοίως
672 1522 728 1574 δὲ
758 1522 850 1574 καὶ
872 1521 979 1573 τῶν
1011 1520 1213 1573 δύσεων
1240 1518 1493 1588 διαφοραὶ
1515 1516 1761 1584 λέγονται
1782 1513 1894 1567 δύου

330 1617 388 1670 αἱ
419 1616 515 1684 μὲν
540 1614 648 1686 γὰρ
675 1613 855 1667 αὐτῶν
889 1612 1018 1683 ἑῷαί
1054 1612 1213 1672 εἰσιν,
1253 1613 1308 1663 αἱ
1339 1609 1394 1662 δὲ
1422 1608 1692 1678 ἑσπέριαι.
1735 1605 1899 1675 Ἐῷαι

334 1708 434 1777 μὲν
453 1702 545 1760 οὖν
570 1705 814 1774 λέγονται
838 1704 1043 1767 δύσεις,
1073 1704 1199 1756 ὅταν
1227 1702 1320 1755 τού
1344 1701 1495 1773 ἡλίου
1522 1698 1899 1762 ἀνατέλλοντος

329 1796 462 1868 δύνῃ
492 1814 573 1861 τις
598 1796 802 1867 ἀστήρ·
830 1795 1058 1866 ἑσπερία
1099 1794 1156 1847 δὲ
1189 1793 1338 1855 δύσις
1374 1791 1610 1859 λέγεται,
1640 1791 1769 1843 ὅταν
1803 1787 1898 1841 τοῦ

330 1889 482 1958 ἡλίου
515 1888 761 1950 δύνοντος
792 1885 1267 1957 συγκαταφέρηταί
1298 1900 1382 1946 τις
1423 1882 1597 1953 ἀστὴρ
1622 1882 1738 1953 ἅμα
1756 1880 1901 1949 γινό-

333 1996 493 2051 μενος
545 1979 650 2032 ὑπδ
693 1979 783 2032 τὸν
815 1979 1082 2051 ὁρίζοντα.
1115 1979 1237 2030 Είσὶ
1278 1977 1335 2029 δὲ
1366 1978 1472 2030 τῶν
1515 1975 1663 2045 ἑῴων
1698 1975 1899 2029 δύσεων

328 2072 582 2143 διαφοραὶ
620 2070 733 2127 δύο.
764 2073 828 2124 Αἱ
855 2071 952 2141 μὲν
976 2071 1084 2142 γάρ
1117 2073 1251 2123 είσιν
1283 2068 1550 2138 ἀληθιναὶ,
1591 2068 1646 2120 αί
1684 2066 1742 2119 δὲ
1775 2083 1899 2135 φαι-

329 2167 550 2236 νόμεναι
568 2182 581 2195 ·
608 2164 856 2236 ἀληθιναὶ
884 2164 1002 2234 μὲν,
1026 2165 1150 2217 ὃταν
1179 2163 1274 2216 ἐπὶ
1299 2162 1394 2214 τοῦ
1414 2160 1685 2233 ὁρίζοντος
1709 2160 1902 2228 γένων-

328 2273 420 2309 ται
447 2256 475 2309 ὅ
505 2273 564 2309 τε
600 2256 750 2326 ἥλιος
781 2256 925 2309 καὶὸ
949 2255 1122 2327 ἀστὴρ
1140 2254 1324 2308 δύνων.
1352 2247 1520 2307 Αὗται
1545 2252 1601 2305 δὲ
1638 2253 1693 2305 αἱ
1722 2251 1902 2313 δύσεις

328 2347 632 2421 ἀθεώρητοι
665 2348 903 2416 γίνονται
939 2349 1027 2401 διά
1059 2347 1158 2412 τὰς
1181 2345 1355 2415 αὐγὰς
1384 2345 1477 2398 τοῦ
1511 2345 1680 2416 ἡλίου.
1707 2345 1899 2397 Φαινο-

332 2440 471 2510 μένὴ
496 2441 553 2493 δέ
589 2442 737 2494 ἐστιν
760 2440 869 2512 ἑῴα
888 2439 1058 2505 δύσις,
1082 2440 1207 2493 ὅταν
1230 2438 1335 2510 πρὸ
1352 2437 1452 2509 τῆς
1472 2437 1566 2491 τοῦ
1594 2436 1746 2508 ἡλίου
1771 2437 1901 2490 ἀνα-

328 2529 489 2597 τολῆς
520 2531 579 2584 τὸ
607 2530 833 2602 ἔσχατον
873 2530 1045 2585 δύνων
1083 2531 1111 2583 ὁ
1148 2529 1325 2601 ἀστὴρ
1357 2527 1628 2601 θεωρηθῇ.
1670 2527 1902 2599 Ὁμοίως

330 2621 388 2673 δὲ
421 2622 513 2675 καὶ
540 2623 633 2675 ἐπὶ
655 2623 760 2675 τῶν
790 2622 1058 2694 ἑσπερίων
1077 2621 1282 2675 δύσεων
1309 2622 1364 2673 αί
1385 2619 1637 2692 διαφοραί
1656 2620 1762 2672 είσι
1787 2618 1897 2671 δύο.

328 2713 399 2764 Ai
428 2711 525 2781 μὲν
559 2710 667 2782 γὰρ
694 2710 873 2765 αὐτῶν
909 2712 1047 2765 εἰσιν
1070 2710 1340 2781 ἀληθιναὶ,
1376 2712 1434 2763 αἱ
1459 2710 1516 2763 δὲ
1544 2709 1859 2779 φαινόμεναι
1882 2724 1896 2738 θ

330 2802 604 2873 ἀληθιναὶ,
643 2803 771 2857 ὃταν
799 2803 1231 2876 ἀπαραλλάκτως
1259 2802 1351 2856 ὲπὶ
1387 2802 1482 2856 τοῦ
1505 2801 1776 2872 ὁρίζοντος
1803 2799 1900 2869 γέ-

332 2911 487 2966 νηται
506 2898 534 2950 ό
564 2896 715 2967 ἡλιος
739 2897 832 2950 καὶ
854 2898 883 2950 ό
903 2896 1078 2968 ἀστὴρ
1099 2896 1398 2969 ἀμφότεροι
1423 2895 1667 2958 δύνοντες
1684 2909 1697 2923 ·
1724 2891 1898 2947 ἀθεώ-

336 3006 488 3061 ρητοι
513 2989 570 3043 δὲ
598 2992 691 3043 καὶ
725 2982 885 3043 αὗται
911 2990 967 3043 αί
996 2988 1176 3052 δύσεις
1211 2988 1449 3057 γίνονται
1479 2986 1565 3041 διὰ
1593 2984 1693 3050 τάς
1726 2984 1901 3054 αὐγὰς

332 3079 428 3135 τοῦ
466 3079 648 3151 ἡλίουο
681 3081 1001 3151 φαινόμεναι
1031 3081 1088 3133 δέ
1110 3083 1245 3134 εἰσιν
1270 3079 1518 3151 ἑσπέριαι
1548 3078 1747 3141 δύσεις,
1772 3079 1900 3132 ὅταν

337 3169 477 3243 μετά
519 3170 615 3242 τὴν
648 3170 740 3224 τοῦ
789 3170 941 3242 ἡλίου
989 3169 1139 3223 δύσιν
1187 3167 1548 3239 ἑπικαταδύνῃ
1595 3184 1679 3232 τις
1723 3166 1899 3239 ἀστὴρ

331 3261 412 3333 τῷ
440 3261 597 3333 ἡλίῳ,
632 3261 1002 3334 θεωρούμενος
1031 3262 1119 3330 ὑφ’
1154 3260 1329 3333 ἡμῶν.
1366 3260 1486 3314 Τῶν
1514 3260 1614 3331 μὲν
1640 3254 1733 3313 οὖν
1754 3257 1903 3329 ἑῴων

334 3353 595 3408 ἑπιτολῶν
633 3355 728 3411 καὶ
757 3354 960 3407 δύσεων
989 3353 1251 3425 πρότερον
1282 3353 1518 3421 γίνονται
1548 3353 1603 3405 ai
1631 3349 1902 3421 ἀληθιναὶ,

336 3444 560 3517 ὕστερον
579 3445 636 3500 δὲ
664 3448 720 3499 αί
749 3446 1097 3516 φαινόμεναι·
1126 3444 1236 3498 τῶν
1264 3444 1320 3497 δὲ
1343 3444 1611 3516 ἑσπερίων
1640 3441 1903 3496 ὲπιτολῶν

332 3553 394 3589 τε
417 3537 513 3605 καὶ
534 3537 736 3590 δύσεων
760 3536 1022 3609 πρότερον
1050 3537 1293 3605 γίνονται
1320 3538 1376 3589 αί
1394 3534 1731 3605 φαινόμεναι,
1755 3531 1906 3585 ὔστε-

339 3645 430 3701 ρον
456 3628 513 3682 δὲ
549 3631 606 3682 αί
639 3628 909 3699 ἀληθιναί.
945 3627 1086 3698 Ἔῲι
1114 3628 1214 3700 μὲν
1235 3626 1453 3698 ἐπιτολὴ
1483 3626 1590 3680 ἀπὸ
1621 3625 1779 3696 ἑῴας,
1810 3626 1904 3678 καὶ

336 3722 569 3792 ἑσπερία
602 3720 824 3792 ἑπιτολὴ
850 3721 956 3774 ἀπὸ
983 3722 1243 3791 ἑσπερίας
1263 3719 1535 3790 ἑπιτολῆς,
1560 3720 1653 3772 καὶ
1678 3717 1902 3771 καθόλου

335 3814 447 3867 πᾶν
474 3813 535 3865 τὸ
564 3813 750 3884 ὅμοιον
782 3807 920 3874 εἶδος
950 3811 1056 3864 ἀπὸ
1081 3810 1172 3864 τοῦ
1202 3811 1389 3881 ὁμοίου
1415 3810 1608 3874 εἴδους,
1637 3811 1769 3863 πᾶσι
1792 3813 1903 3873 τοῖς

334 3906 554 3974 ἄστροις
588 3903 654 3956 δι’
686 3902 931 3957 ἐνιαυτοῦ
972 3902 1213 3971 γίνεται·
1250 3903 1279 3955 ό
1313 3901 1420 3973 γὰρ
1459 3901 1629 3971 ἥλιος,
1674 3902 1903 3973 ἐνιαυτῷ

333 3994 556 4049 διελθὼν
573 3994 666 4048 τὸν
685 3992 945 4058 ζωδιακὸν
974 3991 1193 4056 κύκλον,
1218 3992 1377 4046 πάλιν
1404 3993 1544 4046 κατὰ
1563 3994 1686 4057 τοὺς
1710 3993 1903 4056 αὐτοὺς

333 4085 569 4157 ἀστέρας
597 4084 826 4153 γίνεται.

416 4264 556 4337 Ἐᾠα
589 4264 646 4319 δὲ
676 4262 899 4335 ἑπιτολὴ
937 4264 1045 4317 ἀπὸ
1077 4262 1339 4333 ἑσπερίας
1375 4259 1630 4332 ἑπιτολῆς
1659 4262 1771 4323 τοῖς
1803 4259 1905 4329 μὲν

333 4358 427 4412 ἐπὶ
452 4356 547 4411 τοῦ
595 4355 860 4421 ζωδιακοῦ
897 4354 1096 4409 κύκλου
1124 4355 1394 4426 κειμένοις
1440 4353 1657 4424 ἄστροις
1690 4351 1755 4405 δι’
1782 4352 1904 4418 ἑξα-

336 4451 507 4520 μὴνου
533 4449 766 4517 γίνεται,
799 4448 894 4501 καὶ
918 4445 1029 4517 ἑῴα
1058 4446 1208 4510 δύσις
1237 4447 1345 4499 ἀπὸ
1378 4446 1636 4517 ἑσπερίας
1663 4445 1868 4509 δύσεως
1885 4463 1900 4476 ο

2001 599 2115 652 sole
2150 599 2453 654 occidente.
2486 599 2664 668 Atque
2691 600 2743 653 bi
2778 610 2936 657 ortus
2969 609 3097 657 sunt
3126 601 3423 657 invisibiles
3443 614 3571 670 pro-

1998 697 2119 757 pter
2144 689 2329 743 radios
2371 689 2524 743 solis.
2555 686 2611 742 In
2641 689 2835 744 diebus
2872 705 3003 743 vero
3034 688 3412 758 sequentibus,
3443 702 3569 741 cum

2001 791 2221 848 propter
2250 780 2382 834 solis
2408 795 2759 849 progressum
2790 782 3050 834 distantia
3081 782 3200 850 ejus
3230 796 3260 834 a
3287 780 3443 834 stella
3474 778 3572 831 mi.

1998 880 2221 938 nuatur,
2273 872 2430 927 stella
2468 872 2685 941 quidem
2732 873 2908 925 oritur
2955 881 3082 926 ante
3125 873 3257 926 solis
3287 886 3567 934 occasum,

2000 963 2177 1017 adhuc
2205 972 2386 1017 tamen
2419 978 2448 1016 a
2474 964 2589 1018 sole
2618 962 2910 1016 obscurata
2950 962 3241 1019 invisibilis
3290 970 3409 1017 est:
3443 975 3568 1015 cum

2002 1069 2128 1108 vero
2170 1064 2294 1123 post
2332 1055 2466 1109 solis
2502 1069 2754 1109 occasum
2797 1054 3032 1123 primum
3064 1061 3358 1122 conspecta
3402 1052 3570 1106 fuerit

1999 1144 2255 1214 effugisse
2292 1146 2475 1201 radios
2506 1147 2662 1211 solis,
2694 1153 2824 1200 tunc
2858 1145 3065 1199 dicitur
3091 1152 3437 1214 apparentem
3472 1160 3567 1198 ve-

2000 1233 2306 1300 spertinum
2351 1242 2527 1287 ortum
2574 1233 2773 1289 facere.
2803 1236 2864 1287 In
2907 1235 3260 1303 sequentibus
3307 1249 3437 1287 vero
3466 1249 3567 1288 no-

1998 1324 2179 1379 ctibus
2227 1340 2440 1396 semper
2477 1326 2652 1396 magis
2691 1327 2972 1398 magisque
3019 1327 3268 1381 sublimis
3317 1332 3565 1395 apparet.

2072 1525 2336 1581 Similiter
2365 1527 2527 1582 etiam
2562 1543 2855 1583 occasuum
2887 1528 3006 1583 dua:
3034 1528 3289 1582 dicuntur
3316 1525 3570 1581 dill‘eren-

2002 1620 2121 1674 tiae:
2156 1621 2349 1674 borum
2378 1621 2521 1675 enim
2550 1621 2639 1673 alii
2673 1627 2802 1675 sunt
2830 1620 3104 1684 matutini,
3134 1620 3223 1673 alii
3249 1618 3567 1688 vespertini,

2000 1712 2254 1769 matutini
2290 1727 2523 1767 occasus
2556 1712 2835 1777 dicuntur,
2872 1728 2994 1767 cum
3033 1714 3148 1767 sole
3188 1711 3397 1766 oriente
3421 1709 3571 1763 occi—

2002 1802 2081 1856 dit
2113 1803 2269 1857 stella
2301 1802 2505 1873 aliqua.
2541 1802 2749 1857 Dicitur
2781 1805 3124 1873 vespertinus
3155 1817 3406 1866 occasus,
3442 1816 3569 1855 cuin

2004 1894 2119 1948 sole
2167 1894 2453 1949 occidente
2504 1895 2667 1949 simul
2713 1895 2894 1965 aliqua
2940 1896 3095 1950 stella
3142 1894 3388 1950 defertur
3426 1891 3570 1947 infra

2001 1983 2358 2037 horizontem.
2418 1983 2556 2038 Sunt
2596 1993 2777 2039 autem
2831 1985 3221 2040 matutinorum
3272 1999 3569 2040 occasuum

2000 2073 2322 2128 differentiae
2363 2074 2502 2129 duae.
2535 2075 2640 2129 Alii
2675 2075 2818 2131 enim
2850 2085 2977 2130 sunt
3017 2075 3155 2139 veri,
3189 2075 3277 2128 alii
3309 2089 3571 2144 apparen-

2000 2175 2084 2220 tes
2111 2184 2125 2219 :
2152 2165 2266 2219 veri
2299 2165 2540 2235 quidem.
2572 2181 2696 2220 cum
2743 2167 2905 2221 simul
2946 2166 2998 2220 in
3034 2166 3319 2220 horizonte
3362 2164 3571 2220 consti-

1999 2257 2103 2312 tuti
2149 2257 2348 2312 fuerint
2387 2267 2441 2313 et
2488 2259 2571 2312 sol
2626 2267 2681 2314 et
2732 2259 2925 2325 stella;
2975 2259 3056 2313 sol
3102 2257 3319 2327 quidem
3360 2257 3565 2321 oriens,

1999 2351 2156 2405 stella
2186 2366 2317 2405 vero
2356 2350 2633 2406 occidens.
2671 2350 2736 2406 [ii
2782 2358 2960 2406 autem
2993 2366 3222 2406 occasus
3265 2348 3568 2405 invisibiles

2001 2448 2132 2497 sunt
2162 2449 2384 2512 propter
2405 2441 2587 2497 radios
2612 2442 2781 2510 solis;
2811 2457 3079 2512 apparens
3115 2456 3244 2496 vero
3266 2440 3568 2495 matutinus

2002 2548 2234 2589 occasus
2275 2542 2380 2599 est,
2413 2548 2535 2588 cum
2566 2541 2690 2588 ante
2728 2534 2861 2589 solis
2890 2543 3067 2588 ortum
3098 2541 3375 2604 postremo
3414 2532 3570 2588 stella

2002 2633 2285 2693 spectatur
2319 2625 2592 2681 occidere.
2630 2622 2892 2679 Similiter
2938 2623 3100 2679 etiam
3153 2623 3208 2677 in
3245 2622 3571 2692 vespertinis

2001 2716 2295 2771 occasibus
2337 2714 2459 2771 duae
2493 2723 2623 2771 sunt
2652 2715 2994 2770 dili'erentire.
3037 2714 3143 2767 Alii
3186 2712 3332 2767 enim
3377 2727 3567 2767 eorum

2002 2816 2132 2862 sunt
2167 2808 2301 2872 veri,
2336 2809 2426 2862 alii
2453 2815 2799 2878 apparentes.
2830 2805 2956 2860 Veri
2986 2804 3226 2875 quidem,
3257 2819 3381 2860 cum
3408 2801 3570 2857 ambo

1942 2940 1953 2953 .
2001 2901 2223 2969 penitus
2271 2901 2324 2955 in
2368 2900 2652 2955 borizonte
2693 2898 2981 2955 constituti
3019 2896 3244 2959 fuerint,
3293 2901 3349 2949 et
3396 2894 3479 2949 sol
3515 2901 3571 2948 et

2002 2992 2161 3048 stella
2192 2991 2353 3046 ambo
2385 2990 2719 3045 occidentes.
2761 2988 3070 3045 lnvisibiles
3099 2994 3227 3041 sunt
3253 2994 3307 3041 et
3328 2985 3383 3039 hi
3417 2999 3573 3040 occa-

2003 3098 2100 3139 sus
2130 3090 2351 3152 propter
2377 3080 2561 3137 radios
2594 3082 2745 3137 solis.
2766 3085 3103 3151 Apparenles
3131 3084 3309 3133 autem
3339 3090 3571 3131 occasus

1928 3195 1973 3254 ο
2004 3173 2301 3244 vespertini
2335 3181 2482 3238 sunt,
2512 3188 2636 3227 cum
2670 3180 2794 3243 post
2820 3172 2931 3242 28
2950 3170 3085 3226 solis
3123 3182 3382 3223 occasum
3424 3167 3574 3221 insu-

2006 3282 2103 3336 per
2128 3265 2330 3320 occidit
2355 3266 2537 3335 aliqua
2570 3265 2726 3321 stella
2756 3271 3049 3333 conspecta
3076 3278 3106 3317 a
3134 3260 3312 3316 nobis.
3345 3260 3423 3319 Ex
3451 3275 3569 3313 ma-

2006 3356 2199 3413 tutinis
2231 3356 2393 3424 igitur
2416 3356 2627 3413 ortibus
2648 3363 2703 3408 et
2730 3355 3038 3416 occasibus,
3071 3353 3107 3405 ii
3139 3351 3232 3421 qui
3268 3348 3567 3410 sunt'vcri,

2005 3448 2160 3517 prius
2194 3446 2361 3514 ﬁunt;
2392 3447 2487 3516 qui
2530 3454 2875 3516 apparentes,
2913 3444 3206 3513 posterius.
3237 3440 3317 3494 Ex
3350 3453 3571 3510 vesper-

2005 3541 2139 3597 tinis
2176 3556 2305 3596 vero
2337 3540 2550 3595 ortibus
2587 3546 2642 3595 et
2671 3537 2960 3592 occasibus
2994 3536 3052 3599 ii,
3091 3535 3183 3605 qui
3231 3542 3359 3589 sunt
3401 3546 3571 3602 appa-

2004 3640 2209 3699 rentes,
2248 3632 2401 3702 prius
2434 3632 2606 3697 ﬁunt;
2646 3629 2739 3700 qui
2768 3628 2902 3692 veri,
2952 3628 3243 3698 posterius.
3273 3626 3570 3680 Matutinus

2005 3722 2222 3794 quidem
2257 3732 2413 3777 ortus
2434 3731 2560 3792 post
2587 3721 2934 3784 matutinum,
2965 3729 3017 3773 et
3042 3718 3384 3787 vespertinus
3415 3727 3570 3770 ortus

2006 3820 2129 3883 post
2161 3812 2534 3882 vespertinum
2561 3818 2741 3864 ortum
2768 3829 2781 3863 :
2811 3810 2941 3863 etin
2977 3823 3188 3863 summa
3214 3806 3392 3860 omnis
3426 3805 3572 3858 simi-

2007 3905 2074 3960 lis
2108 3906 2317 3975 species
2351 3918 2381 3955 a
2426 3902 2592 3957 simili
2635 3902 2816 3972 specie
2843 3900 3097 3955 omnibus
3140 3899 3303 3953 astris
3347 3913 3442 3966 per
3473 3913 3573 3949 an-

2003 4011 2134 4050 num
2173 3995 2473 4064 contingit;
2508 3993 2590 4048 sol
2615 3995 2759 4047 enim
2798 4007 2979 4045 annuo
3018 3999 3258 4061 tempore
3287 3981 3569 4043 zodiacum

2005 4087 2273 4145 circulum
2302 4099 2624 4156 peragrans,
2659 4099 2854 4139 rursus
2898 4081 2965 4136 ad
2995 4080 3212 4160 easdem
3248 4080 3436 4135 stellas
3476 4094 3569 4134 ac-

2004 4179 2170 4235 cedit.

2077 4270 2378 4326 Matutinus
2411 4277 2567 4325 ortus
2601 4283 2632 4322 a
2660 4266 2973 4338 vespertino
3005 4272 3128 4319 ortu
3159 4263 3225 4319 iis
3260 4264 3423 4319 astris
3451 4277 3571 4332 quae

2006 4366 2060 4419 in
2092 4363 2316 4417 zodiaco
2338 4371 2467 4417 sunt
2488 4361 2614 4422 sita,
2640 4376 2735 4429 per
2755 4365 3016 4414 semestre
3038 4362 3251 4424 tempus
3271 4352 3571 4423 contingit;

2008 4456 2137 4510 item
2191 4455 2494 4509 matutinus
2547 4466 2778 4507 occasus
2810 4467 2841 4504 a
2886 4447 3201 4519 vespertino
3239 4459 3474 4511 occasu;
3518 4454 3574 4497 at

332 4543 446 4606 τοῖς
476 4542 532 4597 δὲ
565 4541 922 4613 βορειοτέροις
959 4538 1053 4593 τοῦ
1098 4538 1362 4603 ζωδιακοῦ
1397 4538 1596 4593 κύκλου
1632 4539 1900 4609 κειμένοις

2008 4547 2077 4602 iis
2108 4548 2297 4609 astris,
2329 4561 2452 4615 qua:
2479 4551 2632 4599 extra
2666 4542 2949 4596 zodiacum
2979 4555 3172 4595 versus
3200 4539 3422 4594 boream
3447 4545 3575 4592 sunt

339 4634 553 4705 Ξστροις
580 4632 691 4704 ἑῴα
723 4632 820 4703 μὲν
850 4630 1071 4703 ἑπιτολὴ
1107 4630 1217 4684 ἀπὸ
1256 4630 1513 4703 ἑσπερίας
1542 4631 1795 4701 ὲπιτολῆς
1816 4630 1904 4684 διὰ

338 4722 577 4785 πλείονος
600 4722 789 4792 χρόνου
819 4721 852 4792 ἢ
888 4719 1239 4791 ἑξαμηνιαίου
1276 4720 1485 4789 γίνεται
1505 4738 1518 4752 ·
1553 4723 1664 4784 τοῖς
1688 4720 1743 4772 δὲ
1770 4720 1905 4790 πρὸς

333 4813 682 4886 μεσημϐρίαν
710 4814 982 4884 κειμένοις
1004 4812 1099 4865 τοῦ
1124 4811 1385 4877 ζωδιακοῦ
1419 4811 1618 4867 κύκλου
1648 4810 1757 4882 ἑῴα
1783 4813 1905 4865 ἑπι-

340 4903 460 4978 εολὴ
501 4907 610 4960 ἀπὸ
641 4906 900 4979 ἑσπερίας
928 4905 1178 4977 ἑπιτολῆς
1216 4907 1283 4959 δι’
1309 4905 1586 4969 ἐλάττονος
1621 4905 1653 4976 ἢ
1699 4903 1904 4975 ἑξαμη-

340 4996 504 5053 νιαίου
552 4997 747 5070 χρόνου
789 4997 1016 5067 γίνεται.
1062 4998 1122 5050 Ὀ
1147 4997 1203 5049 δὲ
1246 4996 1554 5060 πλεονάζων
1579 4996 1771 5067 χρόνος
1808 4995 1901 5048 τοῦ

332 5088 605 5160 ἑξαμήνου
631 5089 732 5143 οὐκ
762 5088 878 5143 ἐστι
899 5090 1033 5143 πᾶσι
1060 5091 1171 5152 τοῖς
1199 5088 1417 5159 ἄστροις
1437 5087 1760 5158 ὡρισμένος,
1788 5086 1901 5141 ἀλλ’

329 5174 414 5244 οἷς
441 5181 542 5247 μὲν
589 5180 808 5246 πλείων,
840 5176 924 5244 οἷς
962 5179 1019 5233 δὲ
1055 5179 1308 5233 ἐλάττων.
1345 5180 1469 5243 Τοῖς
1513 5178 1571 5233 δὲ
1612 5180 1719 5251 γὰρ
1767 5180 1902 5250 πρὸς

332 5272 535 5341 ἄρκτον
569 5270 659 5324 ἀεὶ
686 5269 887 5341 μᾶλλον
929 5268 1203 5339 κειμένοις
1236 5268 1435 5321 πλείων
1463 5269 1549 5321 ἀεὶ
1583 5270 1677 5323 καὶ
1703 5269 1902 5322 πλείων

329 5367 361 5417 ό
382 5364 570 5432 χρόνος
607 5362 835 5432 γίνεται,
858 5361 947 5417 διὰ
980 5361 1042 5415 τὸ
1082 5358 1304 5433 μείζονα
1328 5362 1590 5433 τμήματα
1622 5361 1762 5431 ὑπὲρ
1797 5362 1902 5431 γῆν

331 5454 592 5528 φέρεσθαι
621 5458 734 5520 τοῖς
768 5454 815 5487 ⁸⁵
846 5454 934 5509 ἀεὶ
968 5453 1168 5525 μᾶλλον
1206 5452 1341 5525 πρὸς
1373 5454 1573 5525 ἄρκτον
1605 5451 1898 5523 κειμένοις.

331 5545 455 5610 Τοῖς
486 5545 543 5600 δὲ
563 5545 700 5617 πρὸς
730 5544 1075 5617 μεσημϐρίαν
1122 5545 1321 5616 μᾶλλον
1344 5544 1610 5614 κειμένοις
1655 5545 1740 5598 ἀεὶ
1770 5545 1905 5614 μᾶλ-

329 5635 421 5709 λον
457 5652 551 5691 και
592 5636 792 5709 μᾶλλον
825 5635 1061 5691 ἐλάττων
1093 5637 1122 5689 ό
1165 5635 1351 5708 χρόνος
1381 5636 1611 5707 γίνεται·
1648 5635 1903 5691 ἐλάττονα

496 5818 538 5887 Ι.
576 5815 723 5881 τούς,
763 5826 816 5873 et
851 5819 1155 5887 κειμένους.

2012 4640 2139 4700 sita,
2165 4638 2468 4692 matutinus
2499 4643 2653 4689 ortus
2699 4650 2730 4687 a
2763 4633 3073 4701 vespertino
3111 4641 3235 4685 ortu
3269 4646 3367 4702 per
3395 4629 3574 4700 majus

2011 4738 2227 4799 tempus
2253 4743 2414 4799 quam
2458 4734 2719 4782 semestre
2752 4723 3051 4793 contingit;
3108 4724 3271 4778 astris
3297 4737 3428 4777 vero
3463 4721 3571 4784 bis,

2011 4839 2133 4892 quae
2163 4830 2315 4875 extra
2345 4818 2625 4872 zodiacum
2674 4830 2866 4870 versus
2892 4813 3172 4869 meridiem
3204 4814 3381 4884 posita
3422 4821 3571 4875 sunt,

2011 4912 2315 4966 matutinus
2339 4917 2494 4963 ortus
2514 4923 2544 4960 a
2577 4906 2892 4977 vespertino
2924 4913 3047 4959 ortu
3071 4919 3166 4974 per
3193 4904 3412 4959 brevius
3437 4912 3574 4957 tem-

2013 5020 2136 5073 pus,
2168 5019 2330 5073 quam
2374 5010 2661 5063 semestre,
2699 4998 2984 5069 contingit.
3020 4996 3263 5066 Tempus
3299 5010 3428 5049 vero
3460 5010 3577 5048 ma—

2005 5099 2099 5167 jus
2135 5095 2385 5151 semestri
2423 5107 2529 5147 non
2565 5100 2649 5147 est
2677 5091 2933 5145 omnibus
2960 5089 3123 5143 astris
3144 5085 3447 5151 deﬁnitum,
3480 5084 3576 5140 sed

2012 5193 2139 5246 aliis
2171 5189 2405 5260 longius,
2432 5187 2555 5240 aliis
2578 5185 2821 5240 brevius.
2845 5182 2987 5239 Nam
3006 5183 3072 5237 iis
3104 5181 3267 5236 astris
3296 5194 3416 5250 quae
3445 5194 3579 5235 sem-

2012 5299 2109 5352 per
2126 5282 2300 5352 magis
2322 5280 2604 5349 magisque
2634 5292 2825 5332 versus
2853 5272 3275 5345 septentrionem
3298 5278 3425 5325 sunt
3449 5268 3574 5329 sita,

2012 5387 2228 5442 semper
2260 5385 2481 5441 quoque
2506 5369 2683 5438 majus
2713 5366 3001 5434 majusque
3032 5374 3247 5432 tempus
3276 5361 3575 5431 contingit:

2010 5480 2076 5518 eo
2113 5462 2260 5533 quod
2292 5476 2507 5531 semper
2532 5460 2743 5529 majora
2768 5465 3047 5527 segmenta
3070 5468 3234 5524 supra
3272 5461 3470 5507 terram
3499 5449 3579 5504 fe-

2017 5559 2212 5611 rantur
2241 5555 2309 5610 iis
2344 5569 2463 5624 quae
2488 5566 2700 5620 semper
2732 5548 2903 5619 magis
2939 5560 3129 5600 versus
3158 5541 3577 5614 septentrionem

2011 5658 2138 5706 sunt
2158 5648 2356 5721 posita.
2378 5646 2448 5700 At
2478 5644 2545 5700 iis
2574 5642 2734 5699 astris
2762 5657 2881 5713 quae
2928 5653 3118 5696 versus
3152 5635 3430 5695 mendiem
3464 5649 3582 5689 ma-
