4146 6444
625 376 723 431 851

1653 375 1996 432 APPENDIX
2036 373 2128 430 AD
2157 371 2429 429 EUSEBII
2466 374 2885 432 CHRONICON.

3765 369 3876 426 833

627 497 712 568 gis
738 494 1037 561 declinant,
1067 511 1281 565 semper
1319 496 1489 567 magis
1518 497 1801 567 magisque
1827 498 2048 553 brevius
2073 514 2194 553 eve-

2306 493 2410 567 γάρ
2442 495 2511 548 τά
2538 498 2800 565 τμήματα
2831 495 2972 565 ὑπὲρ
3017 493 3122 562 γῆν
3164 491 3418 563 φέρονται
3465 489 3518 543 οῑ
3562 487 3696 560 πρὸς
3738 504 3874 560 μισ-

630 590 714 643 ηἰι
757 600 1000 658 tempus;
1043 589 1214 642 stellae
1266 589 1411 642 enim
1464 604 1654 645 versus
1697 589 1979 643 meridiem
2013 591 2203 661 posita:

630 682 885 737 feruntur
914 682 968 735 in
1004 682 1309 736 minoribus
1335 682 1629 751 segmentis
1671 699 1838 753 supra
1873 692 2095 738 terram.

701 774 906 828 Contra
936 774 1005 827 iis
1031 774 1208 828 stellis
1232 789 1353 844 qua:
1382 782 1539 828 extra
1564 775 1850 830 zodiacum
1880 793 2075 832 versus
2108 778 2205 831 bo-

632 881 782 921 ream
814 873 943 919 sunt
978 865 1116 925 sine.
1160 873 1377 934 tempus
1422 865 1556 919 illud
1592 867 1775 923 minus
1816 875 1900 922 est
1931 870 2202 937 semestri,

630 956 776 1027 quod
810 966 893 1011 est
926 971 955 1008 a
988 958 1254 1010 matutino
1300 972 1502 1012 occasu
1539 974 1714 1028 usque
1739 959 1806 1014 ad
1832 965 2203 1029 vespertinum

632 1056 836 1104 ortum.
880 1048 950 1103 lis
977 1063 1103 1102 vero
1142 1048 1340 1110 stellis,
1378 1065 1500 1119 qua:
1531 1065 1723 1105 versus
1769 1052 2049 1107 meridiem
2078 1063 2205 1108 sunt

630 1142 845 1213 positae,
882 1141 1061 1209 majus
1092 1142 1346 1195 semestri
1388 1149 1473 1196 est
1518 1150 1732 1211 tempus
1756 1144 1912 1210 illud,
1942 1144 2087 1215 quod
2120 1154 2206 1201 est

633 1247 662 1283 a
700 1232 968 1284 matutino
1014 1247 1214 1286 occasu
1262 1247 1437 1301 usque
1480 1233 1545 1287 ad
1584 1236 1955 1304 vespertinum
2000 1245 2201 1291 ortum.

634 1320 886 1377 Varictas
911 1331 1091 1376 autem
1116 1330 1427 1393 temporum
1462 1325 1753 1395 reSpondet
1776 1327 2056 1382 distantiis
2078 1330 2206 1383 stel-

633 1413 808 1465 larum
842 1427 872 1465 a
911 1412 1134 1466 zodiaco
1172 1413 1401 1478 circulo,
1447 1414 1746 1467 secundum
1800 1424 2203 1485 segmentorum

628 1504 973 1568 varietatem,
1008 1520 1129 1574 qua;
1161 1519 1327 1574 supra
1348 1512 1552 1560 terram
1575 1506 1643 1561 ab
1665 1505 1947 1562 horizonte
1978 1506 2205 1561 interci-

632 1596 875 1665 piuntur.

702 1708 889 1765 Stellis
928 1710 998 1767 iis
1025 1726 1148 1780 quae
1190 1711 1247 1765 in
1279 1710 1509 1767 zodiaca
1565 1713 1775 1767 circulo
1814 1721 1943 1769 sunt
1975 1713 2094 1768 sitae
2132 1712 2206 1768 si-

2304 588 2543 660 ημύριαν
2569 588 2796 657 ἀστέρες
2820 587 3078 656 κείμενοι.

2384 787 2675 843 Ἀνάπαλιν
2700 786 2757 840 δὲ
2772 787 2885 849 τοῖς
2904 784 3041 854 πρὸς
3056 784 3254 854 ἀρκτον
3275 781 3548 851 κειμένοις
3567 777 3661 833 τοῦ
3681 777 3877 843 ζωδια-

2304 880 2400 933 κοῦ
2421 879 2618 932 κύκλου
2644 876 2881 929 ὲλάττων
2902 875 3019 927 ἐστὶ
3045 872 3233 944 χρόνος
3254 871 3523 942 ἑξαμήνου
3553 870 3581 921 6
3609 869 3718 923 ἀπὸ
3737 869 3878 939 ἑῴας

2303 971 2507 1032 δύσεως
2554 968 2742 1038 μέχρις
2786 965 3044 1036 ὲσπερίας
3093 962 3378 1030 ὲπιτολῆς·
3413 960 3460 993 ⁸³
3491 963 3604 1023 τοῖς
3646 960 3704 1014 δὲ
3741 960 3881 1031 πρὸς

2308 1060 2653 1132 μεσημϐρίαν
2679 1057 2880 1110 πλείων
2903 1059 2931 1110 6
2963 1056 3150 1127 χρόνος
3172 1053 3443 1124 ἑξαμήνου
3478 1052 3586 1106 ἀπὸ
3617 1051 3758 1123 έῴας
3784 1052 3880 1106 δύ-

2306 1170 2442 1215 σεως
2481 1151 2672 1222 μέχρις
2726 1149 2986 1218 ἑσπερίας
3033 1146 3304 1215 ὲπιτολῆς.
3346 1145 3411 1198 Ἠ
3448 1145 3506 1197 δὲ
3553 1143 3881 1215 παραλλαγὴ

2305 1241 2412 1295 τῶν
2449 1240 2656 1312 χρόνων
2682 1222 2989 1300 ἀκολούθως
3016 1236 3223 1304 γίνεται
3243 1237 3363 1296 ταῖς
3390 1232 3723 1305 προστάσεσι
3759 1238 3882 1296 ταῖς

2304 1333 2412 1387 ἀπὸ
2442 1330 2536 1383 τοῦ
2575 1327 2842 1393 ζωδιακοῦ
2877 1325 3077 1379 κύκλου
3124 1324 3265 1378 κατά
3289 1324 3387 1394 τὴν
3431 1322 3541 1375 τῶν
3577 1322 3883 1393 τμημάτων

2306 1422 2663 1493 παραλλαγὴν
2712 1418 2820 1472 τῶν
2866 1417 3007 1489 ὑπὲρ
3050 1415 3155 1487 γῆν
3194 1413 3727 1486 ἀπολαμϐανομένων
3775 1411 3882 1467 6:6

2304 1513 2398 1568 τοῦ
2431 1511 2724 1585 ὁρίζοντος.

2374 1720 2503 1783 Τοῖς
2533 1717 2590 1771 δὲ
2637 1715 2733 1770 ἐπὶ
2764 1713 2857 1769 τοῦ
2897 1712 3162 1779 ζωδιακοῦ
3207 1711 3407 1767 κύκλου
3450 1713 3723 1783 κειμένοις
3766 1713 3886 1783 ἅμα

629 1802 743 1855 mul
776 1801 1044 1872 contingit
1077 1802 1386 1858 matutinus
1433 1810 1589 1859 ortus
1641 1810 1698 1858 et
1729 1804 2074 1868 vespertinus
2107 1819 2202 1859 oc-

2307 1812 2512 1881 γίνεται
2542 1808 2653 1879 ἑῴα
2701 1806 2922 1877 ὲπιτολὴ
2959 1805 3053 1859 καὶ
3099 1805 3330 1878 έσπερία
3375 1802 3546 1867 δύσις,
3581 1805 3675 1858 καὶ
3720 1805 3885 1859 πάλιν

630 1907 813 1955 casus,
849 1900 904 1947 et
935 1909 1130 1950 rursus
1181 1895 1344 1949 simul
1378 1896 1682 1951 matutinus
1720 1910 1953 1951 occasus
2023 1904 2077 1951 et
2109 1913 2194 1951 ve-

630 1984 910 2054 spertinus
937 1992 1115 2042 ortus.
1165 1984 1414 2057 Reliquis
1446 1987 1612 2042 astris
1656 2003 1768 2041 non
1801 1987 1963 2041 simul
2006 1988 2203 2057 praedi-

629 2085 733 2133 cta:
763 2079 974 2149 species
1004 2077 1394 2152 perﬁciuntur;
1427 2081 1522 2136 sed
1557 2081 1639 2135 hae
1666 2082 1878 2134 variant
1902 2081 2202 2135 secundum

629 2175 897 2239 tempora,
937 2186 1063 2225 cum
1088 2172 1258 2227 stella:
1283 2172 1520 2227 habeant
1550 2173 1874 2227 circularem
1904 2180 2112 2227 motum
2136 2174 2204 2228 ab

630 2270 756 2316 ortu
786 2279 979 2319 versus
1008 2280 1291 2321 occasum.
1333 2265 1466 2333 Quae
1504 2267 1651 2322 enim
1694 2282 1885 2323 eorum
1928 2277 2203 2323 astrorum

632 2355 736 2409 sita
771 2364 900 2411 sunt
933 2357 987 2410 in
1022 2358 1232 2412 circulo
1263 2360 1657 2429 :equinoctiali,
1705 2361 1972 2431 aequalem
2000 2360 2204 2415 habent

632 2462 857 2502 cursum
908 2462 1075 2518 supra
1110 2457 1338 2513 terram,
1370 2458 1425 2505 et
1460 2450 1600 2506 infra
1642 2461 1877 2519 terram;
1923 2453 2203 2521 azqualiter

631 2536 777 2590 enim
811 2546 1030 2593 secatur
1056 2540 1459 2609 aequinoctialis
1496 2542 1741 2597 circulus
1768 2541 1837 2595 ali
1872 2541 2155 2596 horizonte
2185 2559 2198 2595 :

633 2641 754 2694 quae
806 2641 938 2681 vero
993 2636 1141 2681 astra
1188 2636 1342 2683 extra
1390 2630 1826 2699 aequinoctialem
1878 2645 2071 2685 versus
2112 2630 2204 2685 bo-

633 2732 780 2772 ream
811 2727 939 2774 sunt
966 2720 1091 2787 sita,
1124 2720 1239 2775 haec
1267 2721 1459 2789 majori
1487 2728 1731 2792 tempore
1761 2721 2011 2777 feruntur
2037 2737 2204 2791 supra

634 2813 975 2867 horizontem
1006 2854 1021 2877 ,
1073 2814 1286 2870 minore
1347 2825 1593 2885 tempore
1639 2814 1783 2869 infra
1839 2816 2199 2870 horizontem.

632 2903 887 2960 Omnium
944 2908 1089 2961 enim
1135 2907 1469 2962 circulorum
1550 2909 1605 2961 in
1650 2909 1853 2977 quibus
1912 2918 2204 2966 moventur

632 2998 942 3055 inerrantes
978 3001 1170 3062 stellae,
1227 3003 1437 3069 majora
1483 3008 1760 3070 segmenta
1802 3016 1967 3070 supra
2000 3010 2199 3056 terram

630 3091 1055 3161 intercipiuntur
1082 3092 1151 3147 ab
1180 3092 1487 3157 horizonte,
1516 3093 1730 3147 minora
1766 3109 1893 3148 vero
1924 3093 2064 3147 infra
2092 3102 2202 3148 ter-

2310 1903 2425 1973 ᾶμα
2457 1899 2567 1971 ἑῴα
2590 1900 2741 1964 δύσις
2771 1899 2863 1953 καὶ
2892 1897 3121 1968 έσπερία
3159 1895 3399 1968 ὲπιτολή.
3432 1897 3556 1960 Τοῖς
3587 1895 3646 1950 εδ
3672 1896 3887 1961 λοιποῖς

2309 1994 2528 2063 ἄστροις
2562 1991 2659 2060 οὐχ
2699 1989 2814 2059 ἀμα
2846 1987 2913 2040 τὰ
2957 1985 3329 2058 προειρημένα
3364 1985 3478 2054 ετδη
3520 1986 3879 2040 ἐπιτελεῖται·

2309 2082 2444 2136 ἀλλά
2466 2079 2770 2136 διαλλάσσει
2799 2077 2937 2131 κατὰ
2963 2077 3090 2140 τοὺς
3128 2076 3372 2146 χρόνους,
3403 2076 3511 2130 τῶν
3533 2077 3778 2148 ἀστέρων
3803 2093 3887 2131 κι-

2310 2175 2583 2245 νουμένων
2626 2170 2914 2239 ἐγκύκλιον
2956 2168 3126 2241 φοράν
3157 2167 3263 2222 ἀπὸ
3294 2168 3569 2222 ἀνατολῶν
3593 2170 3683 2223 ἐπὶ
3706 2168 3878 2223 δύσιν.

2312 2265 2453 2318 Ὅσα
2489 2263 2587 2335 μὲν
2612 2258 2704 2317 οὖν
2734 2261 2913 2315 αὐτῶν
2941 2260 3033 2312 ἐπὶ
3062 2258 3155 2312 τοῦ
3188 2260 3501 2332 ἰσημερινοῦ
3536 2260 3736 2314 κύκλου
3765 2265 3880 2315 κεῖ-

2309 2373 2420 2420 ται,
2451 2356 2543 2409 τὸν
2579 2354 2689 2409 ἴσον
2714 2353 2911 2425 δρόμον
2943 2351 3082 2422 ὑπὲρ
3113 2349 3217 2419 γῆν
3245 2353 3470 2422 φέρεται
3498 2353 3591 2406 καὶ
3625 2353 3730 2405 ὑπὸ
3752 2352 3878 2423 γῆνο

2310 2447 2666 2517 διχοτομεῖται
2720 2445 2826 2516 γὰρ
2854 2446 2882 2497 6
2915 2444 3226 2517 ἰσημερινός
3261 2444 3459 2508 κύκλος
3504 2444 3609 2498 ὑπὸ
3646 2444 3739 2498 τοῦ
3768 2444 3884 2516 δρί-

2312 2538 2493 2603 ζοντος
2514 2556 2527 2569 ·
2557 2539 2657 2591 ὃσα
2679 2537 2736 2591 δὲ
2783 2537 2891 2591 τῶν
2918 2537 3135 2609 ἄστρων
3177 2537 3312 2608 πρὸς
3349 2537 3549 2609 ἄρκτον
3585 2540 3761 2591 κεῖται
3787 2537 3884 2591 τιὸ

2314 2629 2628 2700 ἰσημερινοῦ
2670 2628 2891 2692 κύκλου,
2920 2628 3093 2681 ταῦτα
3140 2627 3362 2699 πλείονα
3391 2629 3488 2698 μὲν
3513 2627 3703 2698 χρόνον
3745 2627 3888 2699 ὑπὲρ

2310 2721 2413 2791 γῆν
2443 2721 2687 2793 φέρεται,
2734 2720 2991 2775 ἐλάττονα
3017 2721 3073 2774 δὲ
3103 2722 3206 2774 61:6
3234 2722 3359 2792 γῆν.
3398 2723 3623 2775 Πάντων
3654 2721 3764 2792 γὰρ
3783 2720 3883 2773 κύ-

2311 2814 2473 2876 κλων,
2506 2812 2628 2866 καθ’
2649 2806 2724 2865 ὧν
2749 2812 3002 2882 φέρονται
3026 2814 3074 2865 οἱ
3103 2812 3361 2876 ἀπλανεῖς
3384 2813 3632 2884 ἀστέρες,
3663 2811 3890 2883 μείζονα

2313 2907 2413 2976 μὲν
2442 2906 2706 2976 τμήματα
2737 2904 2878 2975 ὑπὲρ
2906 2904 3010 2973 γῆν
3049 2903 3490 2974 ἀπολαμϐάνεται
3524 2903 3629 2956 61:6
3661 2903 3752 2956 τοῦ
3775 2903 3891 2974 δρί-

2311 2997 2512 3060 ζοντος,
2553 2997 2810 3050 έλάττονα
2838 2996 2895 3048 δὲ
2930 2996 3035 3048 ὑπὸ
3067 2996 3189 3067 γῆν,
3216 2994 3303 3049 διά
3334 2995 3395 3048 τὺ
3420 2995 3631 3065 έξαρμα
3670 2994 3764 3047 τοῦ
3793 2996 3892 3047 πό·-

2310 3087 2421 3142 λου.
2460 3090 2600 3142 Ὅσα
2648 3088 2706 3142 δὲ
2730 3088 2837 3141 τῶν
2890 3086 3104 3160 ἄστρων
3136 3089 3271 3160 πρὸς
3318 3089 3665 3160 μεσημϐρίαν
3711 3093 3891 3142 κεῖται

630 3197 771 3246 ram,
793 3190 1015 3253 propter
1037 3183 1394 3241 elevationem
1421 3185 1560 3255 poli;
1586 3201 1708 3254 qua:
1730 3200 1860 3239 vero
1882 3194 2030 3241 astra
2046 3194 2198 3240 extra

2306 3178 2394 3235 τού
2418 3180 2729 3252 ἰσημερινού
2756 3179 2979 3243 κύκλου,
3008 3180 3273 3234 ἐλάττονα·
3290 3182 3386 3252 μὲν
3408 3182 3580 3253 φορὰν
3623 3181 3761 3251 ὑπὲρ
3785 3182 3891 3251 γῆν

628 3273 1068 3343 aequinoctialem
1120 3289 1311 3330 versus
1347 3275 1631 3331 meridiem
1695 3284 1824 3331 sunt
1890 3277 2091 3347 posita,
2141 3293 2205 3331 ea

629 3367 900 3421 minorem
952 3366 1154 3422 habent
1204 3374 1411 3421 motum
1463 3382 1630 3438 supra
1674 3374 1899 3434 terram,
1944 3368 2204 3438 majorem

632 3454 776 3510 infra
823 3464 1049 3513 terram.
1104 3457 1322 3513 Rursus
1371 3460 1518 3513 enim
1562 3459 1837 3515 australes
1883 3458 2097 3523 circuli,
2149 3459 2207 3513 in

632 3549 836 3619 quibus
857 3551 1164 3604 inerrantes
1192 3550 1365 3605 stella
1384 3548 1657 3611 feruntur,
1683 3550 1895 3603 minora
1926 3558 2205 3619 segmenta

631 3641 835 3695 habent
872 3654 1039 3708 supra
1086 3647 1314 3708 terram,
1356 3640 1566 3709 majora
1598 3639 1745 3695 infra
1786 3648 2012 3696 terram.
2056 3640 2206 3697 Talis

633 3746 757 3785 cum
786 3731 857 3787 sit
883 3738 1086 3792 motus,
1123 3731 1495 3788 inerrantibus
1537 3732 1728 3795 astris,
1774 3734 1954 3788 evenit
2009 3743 2067 3789 ut
2095 3749 2205 3788 non

635 3818 819 3871 omnia
871 3834 994 3888 qua:
1036 3818 1197 3874 simul
1239 3820 1497 3875 oriuntur
1548 3821 1714 3876 simul
1739 3822 1902 3876 etiam
1932 3823 2205 3890 occidant,

635 3908 729 3963 sed
762 3924 826 3963 ex
858 3909 925 3964 iis
960 3924 1080 3978 quae
1109 3910 1268 3965 simul
1298 3912 1548 3967 oriuntur
1584 3928 1648 3966 ea
1695 3928 1817 3982 quae
1861 3914 2036 3984 magis
2077 3922 2207 3970 sunt

636 3992 898 4055 au‘slralia
949 4015 1166 4071 semper
1199 4004 1352 4072 prius
1386 4003 1664 4068 occidant,
1709 4018 1776 4059 eo
1815 4005 1962 4075 quod
1993 4007 2206 4061 minora

636 4099 916 4162 segmenta
966 4092 1204 4147 habeant
1236 4110 1403 4165 supra
1443 4102 1681 4159 terram;
1733 4095 1992 4151 similiter
2029 4113 2208 4167 neque

633 4198 695 4237 ea
718 4198 837 4251 «lue
870 4183 1033 4239 simul
1066 4185 1345 4251 occidunt,
1387 4186 1550 4242 simul
1598 4187 1761 4241 etiam
1805 4187 2078 4253 oriuntur,
2110 4188 2206 4244 sed

633 4288 700 4327 ex
731 4273 797 4328 iis
828 4287 890 4328 ea
921 4289 1041 4343 qua:
1070 4283 1197 4329 sunt
1231 4275 1404 4347 magis
1436 4276 1699 4341 borealia,
1736 4279 1889 4348 prius
1928 4278 2203 4341 oriuntur,

632 4379 698 4416 eo
717 4365 860 4433 quod
883 4364 1023 4419 inl‘ra
1042 4365 1381 4421 horizontem
1406 4367 1617 4422 minora
1640 4369 1878 4425 habeant
1902 4380 2200 4439 segmenta.

2310 3274 2555 3343 φέρεται,
2583 3272 2802 3326 πλείονα
2824 3273 2881 3325 δὲ
2912 3273 3017 3325 61:6
3045 3273 3167 3343 γῆν.
3194 3273 3361 3327 Πάλιν
3386 3272 3496 3343 γάρ
3516 3271 3624 3326 τῶν
3648 3271 3888 3332 κύκλων,

2308 3365 2428 3419 καθ’
2461 3360 2537 3420 ὧν
2590 3366 2844 3437 φέρονται
2874 3366 2922 3418 οἱ
2960 3364 3217 3428 ἀπλανεῖς
3263 3364 3494 3435 ἀστέρες
3527 3366 3575 3417 οἱ
3617 3365 3708 3417 ἐπὶ
3756 3379 3890 3434 μεσ-

2305 3456 2546 3528 ημϐρίαν
2576 3457 2836 3527 κείμενοι,
2886 3455 3144 3510 ἐλάττονα
3180 3455 3278 3526 μὲν
3320 3457 3583 3526 τμήματα
3614 3455 3755 3525 ὑπὲρ
3783 3453 3893 3524 γῆν

2306 3548 2508 3618 έχουσι,
2547 3547 2766 3618 μείζονα
2805 3546 2862 3599 δὲ
2894 3545 3000 3605 61:6
3029 3546 3151 3616 γῆν.
3196 3545 3464 3615 Τοιαύτης
3486 3543 3543 3597 δὲ
3573 3546 3744 3615 φορᾶς
3772 3546 3889 3607 τοῖς

2307 3640 2602 3695 ἀπλανέσιν
2631 3641 2850 3712 ἄστροις
2882 3637 3252 3709 ὑπαρχούσης,
3284 3636 3568 3708 συμϐαίνει
3601 3636 3677 3708 μὴ
3707 3638 3890 3690 πάντα

2307 3733 2374 3788 τά
2430 3734 2546 3803 ἅμα
2608 3731 2964 3787 ἀνατέλλοντα
3013 3731 3107 3785 καὶ
3140 3731 3256 3802 ἀμα
3314 3729 3513 3792 δύνειν,
3580 3729 3714 3782 ἀλλά
3775 3730 3893 3782 τῶν

2307 3826 2423 3897 ἄμα
2470 3824 2864 3879 ἀνατελλόντων
2894 3825 2981 3878 ἀεὶ
3020 3823 3088 3878 τά
3121 3823 3258 3894 πρὸς
3293 3822 3643 3893 μεσημϐρίαν
3683 3821 3890 3892 μᾶλλον

2306 3917 2485 3972 αὐτῶν
2528 3918 2755 3988 κείμενα
2810 3917 3073 3987 πρότερον
3134 3915 3331 3979 δύνειν,
3395 3914 3484 3969 διὰ
3518 3914 3580 3967 τὸ
3626 3913 3887 3967 ὲλάττονα

2305 4011 2565 4081 τμήματα
2619 4010 2760 4080 ὑπὲρ
2792 4008 2896 4077 γῆν
2952 4007 3245 4080 φέρεσθαι·
3294 4007 3494 4077 ὁμοίως
3536 4006 3593 4060 δὲ
3632 4005 3769 4069 ,οὐδὲ
3814 4005 3891 4057 τὰ

2306 4102 2423 4172 ἅμα
2464 4099 2684 4155 δύνοντα
2714 4101 2829 4171 ἅμα
2876 4100 2971 4153 καὶ
3003 4099 3304 4163 ἀνατέλλει,
3342 4098 3478 4152 ἀλλά
3518 4098 3587 4151 τά
3614 4096 3748 4169 πρὸς
3785 4096 3890 4163 ἀρ-

2305 4210 2430 4247 κτον
2453 4192 2631 4247 αὐτῶν
2665 4192 2862 4264 μᾶλλον
2895 4192 3123 4263 κείμενα
3154 4192 3417 4263 πρότερον
3451 4190 3750 4253 ἀνατέλλει,
3794 4190 3890 4243 διὰ

2302 4286 2363 4339 τὸ
2393 4286 2647 4339 ἐλάττονα
2689 4286 2952 4355 τμήματα
2994 4284 3100 4337 61:6
3130 4283 3235 4354 γῆν
3283 4282 3564 4353 φέρεσθαι.
3614 4280 3781 4336 Πάλιν
3826 4282 3891 4335 δὲ

2303 4380 2422 4432 οὐδὲ
2451 4379 2519 4432 τὰ
2553 4379 2815 4451 πρότερον
2857 4378 3215 4431 ἀνατέλλοντα
3256 4378 3351 4431 καὶ
3388 4376 3654 4448 πρότερον
3695 4375 3844 4430 δύνει
3872 4396 3887 4408 ·

632 4452 848 4512 Rursus
890 4471 1066 4527 neque
1099 4472 1163 4513 ea
1193 4474 1316 4528 quae
1352 4460 1505 4529 prius
1527 4462 1800 4521 oriuntur.
1840 4460 2004 4515 etiam
2050 4462 2201 4531 prius

2306 4469 2438 4522 ἀλλά
2475 4468 2596 4522 τινὰ
2630 4469 2728 4539 μὲν
2763 4468 2870 4521 τῶν
2903 4468 3163 4539 πρότερον
3200 4466 3593 4520 ἀνατελλόντων
3634 4465 3749 4536 ἄμα
3785 4467 3892 4518 καὶ

633 4544 928 4613 occidunt;
966 4545 1061 4601 sed
1102 4527 1572 4615 quaedam—eorum
1599 4564 1722 4619 quae
1752 4550 1907 4618 prius
1928 4527 2199 4617 oriuntur,

2306 4560 2469 4624 δύνει,
2506 4527 2706 4613 τινὰ-δὲ
2742 4527 2988 4631 ὕστερον.
3026 4527 3258 4629 ’ὁμοίως
3281 4559 3339 4612 δὲ
3365 4559 3461 4612 καὶ
3486 4558 3595 4611 τῶν
3617 4527 3891 4629 πρότερον

634 4637 798 4691 simul
821 4639 981 4692 etiam
1017 4637 1306 4704 occidunt;
1346 4638 1595 4709 quaedam
1628 4654 1759 4694 vero
1789 4640 2081 4709 posterius.
2113 4638 2202 4693 Si-

634 4714 836 4784 militer
881 4746 1072 4785 eorum
1117 4747 1240 4801 qua:
1286 4731 1437 4801 prius
1477 4731 1754 4796 occidunt,
1800 4730 2045 4801 quaedam
2097 4748 2204 4785 non

632 4823 888 4876 oriuntur
934 4823 1111 4893 prius,
1161 4823 1257 4877 sed
1305 4821 1469 4877 simul
1519 4822 1771 4877 oriuntur
1824 4829 1878 4877 et
1911 4820 2202 4886 occidunt,

634 4913 740 4967 alia
768 4914 944 4983 prius,
996 4913 1100 4967 alia
1136 4913 1431 4984 posterius.
1484 4912 1815 4968 Mentionem
1866 4912 1996 4967 facit
2029 4922 2081 4967 et
2116 4913 2206 4967 lio-

635 5020 755 5059 ruin
791 5012 1037 5074 ex‘parte
1066 5003 1287 5065 Aratus,
1326 5018 1450 5057 cum
1476 5003 1554 5057 sic
1585 5002 1762 5073 inquit
1807 5021 1819 5055 :

638 5115 742 5170 Sed
772 5131 973 5184 semper
1000 5115 1210 5170 Taurus
1241 5115 1467 5170 velocior
1494 5116 1693 5183 Auriga

637 5185 703 5240 In
740 5186 964 5251 alterum
990 5197 1194 5256 partem
1223 5185 1554 5249 descendere,
1590 5188 1709 5240 licet
1741 5186 1902 5240 simul
1929 5186 2201 5240 ascendat.

707 5300 762 5356 In
792 5301 880 5358 liis
925 5302 1070 5357 enim
1111 5301 1309 5372 inquit,
1361 5299 1601 5354 Taurum
1644 5300 1805 5356 simul
1842 5316 1965 5353 cum
2006 5301 2203 5367 Auriga

635 5400 841 5455 ortum,
877 5393 1031 5461 prius
1080 5399 1260 5446 tamen
1298 5390 1566 5445 occidere.
1602 5388 1686 5443 Fit
1724 5397 1905 5442 autem
1940 5389 2042 5443 hoc
2090 5406 2208 5458 pro-

640 5493 758 5553 pter
790 5493 1192 5553 segmentorum
1234 5498 1540 5545 excessum,
1571 5481 1627 5535 in
1659 5481 1857 5551 quibus
1902 5497 2067 5550 supra
2109 5492 2208 5535 ter-

640 5588 780 5635 ram,
821 5580 878 5632 et
927 5572 1069 5627 inl‘ra
1116 5582 1316 5628 terram
1364 5574 1670 5628 inerrantes
1719 5573 1889 5628 stellae
1936 5572 2201 5628 feruntur.

643 5661 872 5732 Propter
930 5664 1067 5718 hanc
1132 5673 1311 5718 autem
1363 5664 1631 5733 splneram
1687 5680 1793 5718 non
1845 5664 2025 5717 omnia
2060 5672 2206 5719 astra

679 5792 721 5823 “
754 5792 875 5851 Haec
905 5795 1166 5852 desuntin
1198 5795 1488 5850 veteribus.

2303 4649 2563 4704 δυνόντων
2596 4649 2719 4703 τινά
2769 4650 2867 4721 μὲν
2909 4652 2970 4703 οὐ
3006 4649 3414 4721 προανατέλλει,
3460 4648 3575 4703 ἀλλ’
3618 4648 3735 4719 ἅμα
3781 4650 3890 4718 μὲν

2304 4742 2582 4797 ἀνατέλλει
2613 4745 2707 4797 καὶ
2736 4744 2902 4809 δύνει,
2931 4743 2999 4797 τὰ
3027 4744 3124 4814 μὲν
3151 4742 3435 4814 πρότερον,
3460 4742 3526 4796 τά
3553 4741 3609 4796 δὲ
3632 4741 3755 4795 ὕστε
3767 4760 3885 4811 ρον.

2304 4833 2649 4905 Μνημονεύει
2680 4833 2736 4887 δὲ
2768 4835 3085 4889 καὶτούτων
3115 4836 3208 4887 ἐπὶ
3242 4834 3406 4889 ποσὸν
3446 4835 3679 4905 Ἀρατος
3706 4834 3892 4903 λέγων

2302 4924 2475 4990 οὕτως
2493 4941 2506 4954 ·

2318 5127 2467 5180 Ἀλλ’
2494 5126 2604 5179 αἰεὶ
2651 5125 2869 5193 Ταῦρος
2893 5123 3366 5195 προφερέστερος
3408 5124 3694 5193 Ἡνιόχοιο

2304 5198 2408 5261 Εἰς
2445 5196 2655 5264 ἑτέρην
2697 5192 3040 5264 καταϐῆναι,
3079 5196 3385 5262 όμηλυσίῃ
3440 5209 3550 5263 περ
3585 5192 3887 5249 ἀνελων.

2386 5302 2473 5356 Ἐν
2500 5302 2607 5373 γὰρ
2628 5302 2833 5367 τούτοις
2858 5303 3019 5373 φησιν
3040 5302 3155 5373 ἅμα
3182 5303 3272 5355 τὸν
3304 5301 3515 5373 Ταῦρον
3536 5302 3612 5374 τῷ
3652 5302 3893 5373 Ἢνιόχῳ

2304 5393 2656 5447 ἁνατείλαντα
2694 5393 2954 5466 πρότερον
2991 5393 3186 5447 δύνειν.
3223 5393 3435 5446 Γίνεται
3468 5393 3521 5446 δὲ
3554 5391 3697 5445 οὓτω
3730 5393 3896 5463 παρὰ

2302 5487 2401 5556 τὴν
2425 5485 2531 5540 τῶν
2559 5484 2861 5557 τμημάτων
2887 5486 3178 5557 ὑπεροχήν,
3202 5480 3277 5539 ὧν
3302 5486 3441 5557 ὑπὲρ
3464 5486 3566 5554 γῆν
3599 5483 3890 5554 φέρονται,

2305 5582 2399 5633 καὶ
2433 5580 2536 5633 61:6
2568 5579 2671 5649 γῆν
2701 5580 2749 5631 οἱ
2776 5578 3034 5642 ἀπλανεῖς
3063 5578 3308 5649 ἀστέρες.
3346 5577 3444 5631 Διά
3474 5578 3530 5631 δὲ
3561 5575 3659 5645 τὴν
3698 5577 3893 5630 τοιαύ-

2304 5688 2402 5740 την
2440 5671 2816 5742 σφαιροποιίαν
2851 5670 2908 5722 ού
2941 5670 3117 5725 πάντα
3159 5671 3225 5724 τὰ
3259 5671 3432 5740 ἄστρα
3458 5667 3733 5723 ἀνατέλλει
3762 5668 3894 5722 καθ’
