4146 6474
327 377 433 433 835

1373 352 1615 430 senm
1655 372 2029 427 ELEMENTA
2066 372 2562 431 asrnoxonms.

3462 377 3567 432 854

316 496 563 564 ἑκάστην
592 493 784 546 νύκτα·
821 494 953 548 ἀλλά
992 495 1111 549 τινὰ
1148 496 1246 566 μὲν
1279 494 1556 549 ἀνατέλλει
1602 494 1699 547 καὶ
1737 493 1891 559 δύνει1

2006 494 2261 547 oriuntur
2288 495 2435 548 omni
2472 506 2664 562 nocte;
2701 495 2795 571 sed
2825 495 3072 567 quaedam
3109 493 3360 548 oriuntur
3388 500 3444 547 et
3473 510 3570 549 oc-

324 586 447 638 τινά
476 583 533 638 δὲ
556 586 837 640 ἀνατέλλει
864 588 982 657 μὲν,
1012 588 1073 640 ού
1104 588 1250 640 δύνει
1277 587 1364 640 δέ·
1396 586 1432 641 ἃ
1459 587 1515 640 δὲ
1542 586 1653 640 οὔτ’
1675 586 1900 639 ἀνατέλ-

323 679 427 740 λει,
463 675 586 730 οὔτε
629 676 803 730 δύνει·
839 677 974 731 ἀλλά
1010 679 1079 731 τά
1115 678 1213 749 μὲν
1238 678 1616 750 ἀρκτικώτερα
1653 676 1898 748 κείμενα,

326 767 578 839 μετέωρα
628 768 938 840 ὑπάρχοντα
979 768 1116 839 μετά
1158 768 1254 841 τὴν
1280 768 1374 821 τοῦ
1399 768 1550 840 ἡλίου
1592 767 1765 835 δύσιν,
1796 759 1901 840 πρὸ

319 860 423 928 τῆς
455 860 548 911 τοῦ
580 858 731 929 ἡλίου
770 859 1033 930 ἀνατολῆς
1069 859 1151 912 ἑτι
1192 860 1570 931 μετεωρότερα
1615 858 1897 928 φαίνεταιο

321 952 392 1004 τὰ
430 952 487 1006 δὲ
530 951 1021 1023 μεσημϐρινώτερα
1079 952 1310 1022 κείμενα
1357 950 1467 1006 οὔτ’
1520 951 1896 1015 ἀνατέλλοντα,

324 1040 449 1094 οὔτε
475 1042 698 1095 δύνοντα
723 1043 1006 1114 θεωρεῖται
1027 1058 1040 1073 ·
1074 1041 1210 1097 ἀλλὰ
1256 1043 1433 1097 πάντα
1454 1042 1545 1096 τὸν
1576 1043 1673 1113 τῆς
1707 1043 1900 1106 νυκτὸς

326 1132 514 1203 χρόνον
536 1132 640 1185 ὑπὸ
668 1133 769 1202 γῆν
791 1134 1067 1205 φέρονται.
1099 1134 1258 1187 Ὅθεν
1285 1134 1379 1187 καί
1398 1152 1519 1187 τινα
1546 1120 1660 1187 τῶν
1685 1134 1900 1206 ἄστρων

325 1224 615 1295 ἀμφιφανῆ
676 1224 940 1289 καλεῖται,
1000 1224 1254 1297 καθάπερ
1301 1225 1396 1279 καὶ
1442 1228 1471 1278 ὁ
1536 1226 1894 1299 Ἀρκτοῦρος·

327 1316 468 1383 μετά
499 1316 606 1386 γὰρ
645 1317 744 1387 τὴν
783 1315 875 1368 τοῦ
912 1315 1063 1387 ἡλίου
1105 1316 1255 1369 δύσιν
1286 1317 1574 1381 πλεονάκις
1616 1318 1898 1389 Θεωρεῖται

321 1407 493 1460 δύνων
516 1425 575 1460 τε
611 1409 668 1460 ὲν
716 1409 783 1479 τῇ
833 1408 969 1478 αὐτῇ
1009 1409 1183 1474 νυκτὶ,
1228 1410 1319 1462 καὶ
1364 1410 1773 1480 προανατέλλων
1805 1408 1897 1463 τοῦ

2002 589 2192 640 cidunt
2221 607 2233 640 :
2264 588 2510 657 quaedam
2539 604 2667 642 vero
2696 592 2950 643 oriuntur
2976 587 3218 658 quidem,
3246 601 3353 639 non
3390 594 3572 640 latr-en

2000 676 2256 731 occidunt
2292 679 2581 747 :qumdam
2641 694 2772 733 vero
2821 693 2996 749 neque
3048 678 3342 738 oriuntur,
3394 690 3573 743 neque
3656 686 3663 693 '

2001 770 2296 836 occidunt;
2349 770 2442 825 sed
2488 786 2573 835 ea,
2605 787 2726 841 quae
2777 773 2949 837 magis
2991 779 3118 826 sunt
3159 769 3418 831 borealia,
3447 784 3572 821 cum

2003 858 2115 912 sint
2144 859 2402 913 sublimia
2433 868 2557 930 post
2591 862 2724 916 solis
2749 876 3033 924 occasum,
3071 870 3198 914 ante
3226 860 3363 914 solis
3389 868 3571 912 ortum

1999 949 2177 1002 adhuc
2207 950 2526 1004 sublimiora
2569 959 2865 1021 apparent;
2897 966 3018 1021 quae
3055 965 3186 1004 vero
3228 956 3358 1002 sunt
3400 948 3573 1017 magis

1999 1039 2108 1108 29
2130 1041 2413 1106 australia,
2461 1056 2525 1095 ea
2561 1057 2738 1111 neque
2786 1042 2940 1105 oriri,
2986 1057 3163 1110 neque
3205 1039 3460 1094 occidere
3496 1038 3575 1093 vi-

1998 1132 2197 1187 dentur
2227 1151 2239 1187 :
2266 1134 2359 1188 sed
2385 1148 2481 1203 per
2506 1148 2669 1188 omne
2700 1133 2880 1188 noctis
2903 1142 3118 1203 tempus
3150 1132 3254 1185 sub
3288 1131 3574 1185 horizonte

1997 1221 2270 1277 feruntur.
2304 1222 2459 1279 Unde
2488 1224 2733 1294 quaadam
2769 1232 3042 1280 astrorum
3065 1228 3329 1276 vocantur
3364 1222 3448 1275 bis
3473 1234 3572 1290 ap-

1996 1318 2268 1385 parentia,
2297 1317 2440 1371 sicut
2470 1326 2523 1372 et
2552 1317 2859 1384 Arcturus;
2896 1324 3019 1387 post
3062 1315 3195 1371 solis
3227 1314 3370 1368 enim
3405 1328 3568 1366 occa-

1997 1420 2116 1461 sum
2143 1422 2286 1476 saepe
2316 1407 2528 1462 videtur
2548 1417 2600 1463 et
2629 1407 2883 1463 occidere
2928 1407 3116 1462 eadem
3149 1412 3328 1469 nocte,
3363 1410 3417 1458 et
3442 1411 3570 1457 ante

1996 1496 2163 1552 solem
2188 1498 2341 1553 oriri.
2368 1497 2540 1565 Quam
2569 1500 2639 1554 ob
2666 1512 2887 1555 causam
2914 1509 3139 1553 vocatur
3162 1497 3249 1552 bis
3273 1508 3566 1566 apparens,

1996 1588 2140 1658 quod
2171 1599 2224 1644 et
2249 1605 2279 1643 a
2311 1606 2538 1660 vespera
2563 1592 2837 1655 occidere,
2871 1600 2925 1647 et
2953 1591 3086 1645 oriri
3110 1590 3166 1644 in
3195 1587 3382 1644 eadem
3410 1595 3568 1641 nocte

322 1500 471 1569 ἡλίου
507 1500 755 1570 φαίνεται
786 1502 851 1555 ⁸⁸⁵.
883 1501 959 1553 Δι’
986 1501 1055 1570 ἡν
1078 1502 1257 1555 αίτίαν
1293 1502 1537 1556 καλεῖται
1559 1500 1895 1572 ἀμφιφανὴς,

321 1591 404 1643 ὅτι
434 1591 527 1644 καὶ
549 1593 641 1661 ἀφ’
670 1592 908 1663 ἑσπέρας
930 1592 1122 1658 δύνων,
1148 1594 1241 1646 καὶ
1266 1592 1567 1646 ἀνατέλλων
1594 1594 1651 1645 ἐν
1674 1595 1737 1663 τῇ
1759 1593 1896 1662 αὐτῇ

322 1684 478 1735 νυκτὶ
515 1683 818 1753 θεωρεῖται.
838 1684 920 1737 Td:
943 1685 999 1738 δὲ
1026 1686 1270 1738 ἐναντίαν
1301 1684 1412 1756 ἔχει
1439 1685 1610 1751 τάξιν,
1636 1685 1736 1738 ὅσα
1763 1701 1891 1756 προ-

1997 1688 2292 1749 spectetur.
2336 1683 2453 1735 Alia
2502 1698 2633 1737 vero
2679 1683 2923 1738 ordinem
2958 1683 3160 1737 habent
3206 1681 3565 1741 contrarium,

322 1772 467 1826 δύνει
498 1774 599 1844 μὲν
632 1774 732 1845 τῆς
752 1774 844 1827 τοῦ
868 1775 1019 1846 ἡλίου
1051 1774 1271 1841 δύσεως,
1297 1775 1642 1828 έπανατέλλει
1673 1777 1731 1829 δὲ
1763 1775 1891 1847 μετά

1999 1790 2120 1844 quae
2164 1776 2422 1829 occidunt
2467 1786 2592 1832 ante
2642 1778 2774 1832 solis
2821 1792 3102 1843 occasum,
3149 1776 3405 1831 oriuntur
3436 1789 3568 1829 vero

319 1860 419 1929 τὴν
451 1858 544 1912 τοῦ
577 1862 726 1931 ἡλίου
764 1862 1027 1933 ἀνατολήν
1047 1879 1061 1892 ·
1096 1862 1235 1915 ὥστε
1269 1863 1392 1916 καθ’
1426 1864 1553 1934 ὃλην
1599 1864 1695 1936 τὴν
1724 1866 1891 1920 νύκτα

1995 1875 2118 1936 post
2151 1867 2284 1922 ευιίε
2313 1876 2518 1929 ortum,
2558 1870 2630 1922 ita
2667 1879 2727 1922 ut
2769 1885 2866 1940 per
2892 1876 3061 1922 totam
3091 1878 3308 1924 noctem
3341 1882 3449 1923 non
3491 1867 3569 1920 vi-

323 1951 399 2022 μὴ
436 1951 777 2024 Θεωρηθῆναι
818 1955 940 2026 μήτ’
976 1955 1354 2020 ἀνατέλλοντα,
1401 1958 1535 2028 μήτε
1577 1957 1830 2012 δύνοντα·
1858 1960 1891 2014 ἃ

1993 1958 2227 2013 deantur
2253 1974 2431 2029 neque
2459 1960 2617 2026 oriri,
2644 1976 2820 2028 neque
2841 1961 3127 2024 occidere;
3158 1975 3281 2030 quae
3311 1959 3567 2014 nonnulli

317 2042 393 2113 δὴ.
411 2044 653 2097 ικαλοῦσί
702 2062 846 2109 τινες
902 2045 1280 2112 νυκτιδιέξοδα.
1327 2049 1403 2101 Οὐ
1438 2050 1577 2103 κατά
1631 2050 1809 2104 πάντα
1839 2051 1891 2104 δὲ

1991 2056 2191 2103 vocant
2224 2048 2608 2114 νυκτιδιέξοδα.
2647 2051 2699 2107 id
2741 2058 2828 2107 est
2863 2059 3030 2106 noctu
3062 2052 3173 2107 late
3202 2050 3563 2120 expatiantia.

319 2134 511 2204 καιρὸν
559 2133 730 2187 ταῦτα
775 2135 950 2188 πάντα
977 2135 1047 2189 τὰ
1089 2136 1352 2208 ἰδιώματα
1379 2140 1507 2208 περὶ
1538 2140 1664 2204 τοὺς
1701 2142 1891 2204 αὐτοὺς

1994 2137 2113 2193 Non
2154 2139 2303 2193 omni
2333 2146 2514 2195 autem
2557 2148 2802 2211 tempore
2849 2156 3041 2197 omnes
3080 2141 3164 2196 hae
3202 2141 3566 2212 proprietates

317 2222 555 2294 ἀστέρας
592 2224 860 2295 ὑπάρχει·
895 2225 1033 2279 ἀλλά
1060 2229 1187 2299 περὶ
1216 2229 1315 2293 τὰς
1348 2230 1441 2283 τοῦ
1475 2231 1624 2302 ἡλίου
1658 2233 1891 2303 μεταϐά-

1993 2229 2142 2283 circa
2198 2230 2417 2284 easdem
2475 2232 2663 2286 stellas
2713 2233 3010 2299 eveniunt,
3065 2232 3160 2288 sed
3223 2233 3373 2287 circa
3433 2230 3566 2287 solis

320 2332 438 2378 σεις
482 2314 784 2368 ἀλλοιοῦται
822 2317 917 2369 καὶ
948 2316 1017 2371 τὰ
1065 2319 1193 2390 περὶ⁹
1237 2319 1336 2383 τὰς
1371 2321 1655 2386 ἀνατολὰς,
1686 2324 1780 2377 καὶ
1827 2323 1891 2377 τὰ

1993 2322 2260 2378 transitus
2289 2323 2574 2378 variantur
2597 2339 2661 2380 ea
2688 2340 2810 2395 qua:
2838 2324 2906 2379 ad
2939 2333 3115 2392 ortus,
3142 2331 3198 2380 et
3217 2339 3338 2396 qua
3368 2323 3438 2379 ad
3465 2337 3564 2379 oc-

319 2406 449 2473 περὶ
478 2405 577 2469 τάς
603 2406 802 2469 δύσεις.

857 2542 1253 2596 ΚΕΦΑΛΑΙΟΝ
1292 2543 1393 2597 IB'.

737 2654 878 2723 Περὶ
901 2650 1018 2710 τῶν
1041 2656 1112 2709 ἐν
1139 2656 1217 2727 γῇ
1250 2657 1467 2719 ζωνῶν.

402 2766 468 2820 Ἦ
512 2766 615 2837 τῆς
666 2768 961 2839 συμπάσης
1018 2769 1123 2839 γῆς
1169 2771 1497 2840 ἐπιφάνεια,
1550 2776 1890 2848 σφαιροειδὴς

320 2861 658 2933 ὑπάρχουσα,
698 2861 981 2931 διαιρεῖται
1014 2862 1093 2924 είς
1126 2861 1300 2926 ζώνας
1337 2864 1531 2917 πέντεο
1568 2859 1642 2919 ὧν
1668 2865 1760 2918 δύο
1795 2868 1892 2937 μὲν

321 2953 378 3005 αἱ
432 2952 561 3023 περὶ
600 2954 724 3015 τοὺς
752 2951 967 3014 πόλους,
1019 2950 1345 3023 πορρώτατα
1396 2954 1453 3007 δὲ
1498 2956 1748 3025 κείμεναι
1792 2956 1893 3026 τῆς

318 3040 412 3095 τοῦ
432 3042 589 3112 ἡλίου
623 3042 879 3113 παρόδου,
909 3041 1317 3113 κατεψυγμέναι
1346 3044 1613 3113 λέγονται,
1648 3048 1742 3099 καὶ
1774 3047 1890 3100 ἀοί-

318 3149 474 3203 κητοι
500 3132 589 3185 διά
614 3133 673 3185 τὸ
702 3133 900 3203 ψύχος·
936 3132 1283 3205 ἀφορίζονται
1321 3134 1378 3187 δὲ
1429 3135 1534 3187 ὑπὸ
1556 3134 1664 3189 τῶν
1700 3136 1890 3207 ἀρκτι-

318 3196 431 3275 κών
460 3223 595 3290 πρὸς
634 3196 760 3288 τους
780 3196 1025 3288 ’πόλουςο
1046 3196 1121 3278 ἀί
1152 3224 1209 3278 δὲ
1246 3224 1447 3279 τούτων
1489 3227 1635 3298 ἑξῆς,
1676 3196 1887 3299 συμμέ-
1916 3196 1958 3253 C

317 3331 460 3384 τρως
495 3314 551 3367 δὲ
592 3314 841 3386 κείμεναι
876 3315 1012 3387 πρὸς
1043 3314 1139 3387 τὴν
1178 3314 1273 3368 τοῦ
1316 3316 1469 3387 ἡλίου
1512 3317 1764 3390 πάροδον,
1801 3318 1890 3371 εὖ-

316 3423 506 3478 κρατοι
534 3407 854 3461 καλοῦνταιο
882 3409 1230 3480 ἀφορίζονται
1271 3411 1328 3464 δὲ
1360 3413 1519 3465 αὑταὶ
1550 3412 1655 3465 ὑπὸ
1690 3411 1800 3466 τῶν
1829 3414 1888 3466 ὲν

313 3497 394 3570 τῷ
421 3499 611 3570 κόσμῳ
640 3500 912 3573 ἀρκτικῶν
956 3502 1053 3555 καὶ
1097 3502 1373 3573 τροπικῶν
1410 3503 1644 3568 κύκλων,
1684 3503 1885 3574 μεταξὺ

316 3591 566 3661 κείμεναι
593 3591 791 3644 αὐτῶν.
835 3593 899 3645 Ἡ
946 3592 1004 3645 δὲ
1047 3593 1205 3664 λοιπὴ
1259 3593 1396 3665 μέση
1424 3594 1533 3647 τῶν
1559 3595 1886 3667 προειρημέ-

315 3701 442 3749 νων,
481 3686 706 3756 κειμένη
740 3685 797 3738 δὲ
831 3686 921 3738 ὑπ’
964 3686 1133 3758 αὐτὴν
1168 3686 1267 3759 τὴν
1308 3687 1402 3740 τοῦ
1435 3687 1585 3757 ἡλίου
1630 3689 1880 3759 πάροδον,

313 3775 713 3848 διακεκαυμένη
758 3777 1036 3831 καλεῖται·
1091 3778 1450 3851 διχοτομεῖται
1498 3778 1555 3832 δὲ
1600 3780 1736 3851 αὐτὴ
1779 3780 1884 3833 ὑπὸ

313 3864 409 3918 τοῦ
444 3867 501 3918 ὲν
532 3870 598 3939 τῇ
634 3870 703 3939 τῇ
741 3868 1054 3940 ἰσημερινοῦ
1098 3870 1318 3935 κύκλου,
1347 3871 1406 3935 ὃς
1446 3875 1618 3925 κεῖται
1653 3871 1759 3924 ὑπὸ
1794 3872 1884 3924 τὸν

315 3960 372 4008 ἐν
417 3956 496 4029 τῷ
534 3959 723 4031 κόσμῳ
772 3961 1082 4032 ἰσημερινὸν
1128 3961 1342 4016 κύκλον.
1374 3961 1494 4015 Τών
1518 3963 1575 4016 δὲ
1605 3963 1884 4034 εὐκράτων

311 4052 406 4106 δύο
448 4051 633 4117 ζωνῶν
679 4052 778 4125 τὴν
814 4053 1021 4125 βόρειον
1065 4054 1168 4107 ὑπὸ
1213 4056 1320 4111 τῶν
1368 4056 1427 4108 έν
1469 4059 1534 4126 τῇ
1583 4057 1705 4111 καθ’
1738 4059 1884 4128 ἡμᾶς

313 4141 604 4216 οἰκουμένῃ
644 4141 908 4196 οἰκεῖσθαι
952 4143 1317 4216 συμϐέϐηκεν,
1357 4146 1450 4199 ἐπὶ
1494 4147 1593 4217 μὲν
1626 4147 1686 4200 τὸ
1713 4151 1884 4219 μῆκος

312 4231 475 4287 οὖσαν
519 4234 595 4297 ὼς
630 4233 855 4303 ἔγγιστα
887 4235 1016 4306 περὶ
1045 4235 1177 4290 δέκα
1205 4238 1469 4311 μυριάδας
1512 4238 1759 4305 σταδίων,
1790 4240 1883 4293 ἐπὶ

310 4327 365 4379 δὲ
397 4327 458 4380 τὸ
487 4325 686 4390 πλάτος
717 4324 792 4389 ὡς
825 4326 1052 4394 ἔγγιστα
1074 4329 1133 4381 τὸ
1160 4329 1353 4400 ἥμισυ.

828 4464 1050 4518 ΚΕΦΑΛ
1061 4467 1223 4520 AION
1261 4467 1356 4521 II".

849 4580 990 4648 Περὶ
1030 4579 1340 4647 οἰκήσεων.

383 4688 503 4742 Τῶν
543 4689 600 4743 δὲ
645 4691 738 4745 ἐπὶ
790 4690 894 4762 γῆς
944 4692 1337 4745 κατοικούντων
1388 4694 1438 4745 οἱ
1492 4693 1590 4764 μὲν
1639 4692 1885 4761 λέγονται

315 4783 573 4847 σύνοικοι,
601 4784 650 4836 ot
683 4782 739 4835 δὲ
772 4782 1060 4855 περίοικοι,
1090 4785 1137 4836 οἱ
1165 4784 1221 4837 δὲ
1271 4784 1527 4847 ἀντοικοι,
1554 4787 1602 4837 οξ
1635 4784 1694 4837 δὲ
1734 4784 1884 4837 ἀντί-

314 4874 493 4937 ποδες.
517 4871 758 4941 Σύνοικοι
783 4873 883 4944 μὲν
918 4871 1012 4930 οὖν
1042 4877 1177 4929 εἰσιν
1209 4876 1259 4928 οί
1299 4876 1428 4947 περὶ
1467 4875 1560 4929 τὸν
1602 4876 1765 4930 αὐτὸν
1792 4877 1884 4929 τό-

315 4984 416 5022 πον
446 4969 547 5039 τῆς
578 4967 746 5038 αὐτῆς
785 4966 961 5038 ζώνης
995 4968 1403 5034 κατοικοῦντες·
1441 4970 1704 5042 περίοικοι
1739 4970 1796 5024 δὲ
1835 4975 1885 5026 οί

313 5060 373 5111 ὲν
399 5060 466 5129 τῇ
503 5058 639 5128 αὐτῇ
675 5056 819 5131 ζώνῃ
850 5057 1034 5130 κύκλῳ
1064 5059 1499 5131 περιοικοῦντες⁸
1545 5061 1782 5116 ἄντοικοι
1827 5063 1884 5116 δὲ

312 5151 362 5202 οι
388 5151 448 5204 ὲν
473 5151 538 5219 τῇ
570 5150 707 5221 αὐτῇ
739 5151 900 5220 νοτίῳ
918 5148 1069 5221 ’ζώνῃ
1102 5150 1207 5204 ὑπὸ
1244 5151 1304 5204 τὺ
1350 5152 1484 5207 αὐτὸ
1531 5156 1886 5227 ἡμισφαίριον

311 5238 721 5302 κατοικοῦντες·
755 5238 1035 5303 ἀντίποδες
1068 5238 1125 5291 δὲ
1161 5239 1211 5291 οί
1251 5242 1308 5294 έν
1340 5243 1403 5312 τῇ
1438 5241 1596 5312 νοτίῳ
1639 5241 1785 5314 ζώνῃ
1828 5244 1887 5296 ἐν

312 5330 390 5401 τῷ
427 5329 599 5401 ἑτέρῳ
638 5330 980 5401 ἡμισφαιρίῳ
1009 5329 1385 5396 κατοικοῦντες
1409 5332 1549 5387 κατὰ
1584 5333 1683 5407 τὴν
1714 5334 1886 5405 αὐτὴν

313 5423 604 5495 διάμετρον
623 5425 863 5495 κείμενοι
888 5427 953 5493 τῇ
982 5423 1103 5476 καθ’
1129 5426 1275 5495 ἡμᾶς
1303 5426 1595 5497 οἰκουμένῃ
1615 5443 1629 5456 ·
1680 5426 1760 5480 διὸ
1790 5426 1887 5480 κέ-

315 5515 541 5587 κληνται
568 5514 868 5577 ἀντίποδες.
902 5513 1127 5568 Πάντων
1169 5514 1279 5584 γὰρ
1318 5513 1427 5568 τῶν
1461 5514 1669 5586 βαρέων
1702 5517 1794 5570 ἐπὶ
1824 5516 1886 5568 τὸ

316 5607 539 5679 κέντρον
570 5607 949 5673 συννευόντων,
979 5606 1066 5661 διὰ
1093 5607 1154 5660 τὸ
1178 5608 1266 5662 ἐπὶ
1303 5606 1465 5677 μέσον
1491 5602 1629 5662 εἶναι
1658 5608 1757 5680 τὴν
1786 5624 1885 5677 φο-

390 5808 434 5842 ⁴⁵⁶
464 5824 555 5877 γρ.
589 5806 860 5877 βλέπεται.

1995 2426 2160 2468 casus
2191 2419 2465 2482 spectant.

2573 2547 2816 2613 CAPUT
2854 2548 2967 2604 ΧΠ.

2492 2659 2572 2714 De
2609 2662 2758 2715 zonis
2795 2662 2852 2715 in
2892 2669 3057 2717 terra.

2062 2772 2257 2831 Totius
2284 2784 2444 2831 terrae
2471 2776 2814 2846 superﬁcies,
2854 2791 2981 2831 cum
3028 2776 3101 2831 sit
3131 2774 3381 2847 globosa,
3423 2773 3564 2831 divi-

1991 2865 2140 2921 ditur
2176 2868 2233 2921 in
2285 2867 2530 2938 quinque
2570 2882 2739 2924 zonas
2773 2884 2786 2920 :
2821 2883 3051 2937 quarum
3088 2868 3228 2930 dum,
3270 2881 3391 2937 qum
3434 2874 3564 2921 sunt

1991 2960 2138 3013 circa
2164 2961 2323 3029 polos
2352 2966 2407 3014 et
2442 2959 2759 3029 longissime
2801 2960 2921 3016 sitae
2954 2975 2983 3013 a
3031 2960 3165 3015 solis
3208 2960 3423 3021 itinere,
3464 2956 3563 3011 fri-

1992 3050 2131 3119 gidae
2155 3051 2435 3118 dicuntur,
2469 3058 2635 3120 atque
2675 3050 3061 3107 inhabitabiles
3085 3058 3325 3121 .propter
3364 3052 3557 3120 frigus.

1993 3139 2438 3196 Determinantur
2470 3150 2652 3196 autem
2688 3157 2719 3196 a
2753 3143 2981 3199 circulis
3002 3144 3224 3198 arcticis
3246 3159 3441 3199 versus
3464 3158 3562 3213 po-

1992 3233 2110 3299 los;
2139 3248 2290 3288 zonae
2320 3248 2450 3288 vero
2503 3249 2624 3303 quae
2658 3233 2747 3289 bis
2781 3243 2910 3288 sunt
2951 3236 3232 3304 proximae,
3270 3245 3323 3290 et
3354 3235 3562 3290 medio-

1990 3325 2158 3379 criter
2184 3325 2376 3395 positae
2409 3325 2476 3380 ad
2513 3326 2649 3381 solis
2675 3340 2983 3390 accessum,
3016 3334 3332 3396 temperata:
3362 3343 3562 3382 vocan-

1985 3418 2111 3505 xtur;
2146 3413 2583 3468 determinantur
2604 3425 2783 3468 autem
2818 3416 2903 3470 ha:
2933 3429 2963 3468 a
3000 3416 3224 3471 circulis
3258 3401 3313 3470 in
3353 3416 3560 3472 mundo

1988 3504 2210 3560 arcticis
2235 3513 2289 3560 et
2308 3506 2550 3576 tropicis,
2568 3521 2693 3560 cum
2715 3505 2858 3560 inter
2873 3521 2969 3562 eos
2988 3506 3099 3560 sint
3139 3507 3275 3560 sitat.
3308 3505 3555 3577 Reliqua,

1988 3612 2109 3666 qum
2131 3606 2216 3651 est
2242 3597 2418 3652 media
2461 3598 2871 3668 przedictarum,
2913 3605 2967 3653 et
2991 3599 3097 3653 sita
3137 3599 3242 3653 sub
3272 3597 3392 3669 ipso
3425 3599 3561 3654 solis

1988 3702 2236 3747 accessu.
2261 3688 2468 3742 torrida
2488 3696 2735 3754 vocatur;
2761 3697 2925 3759 atque
2943 3689 3058 3744 haec
3078 3704 3107 3743 a
3126 3690 3371 3744 terrestri
3390 3690 3562 3759 atqui-

1986 3779 2209 3832 noctiali
2239 3780 2524 3848 mqualiter
2564 3788 2804 3843 secatur,
2856 3779 2950 3848 qui
2981 3780 3122 3834 situs
3150 3786 3235 3834 est
3265 3780 3369 3833 sub
3399 3795 3560 3833 mult-

1986 3869 2130 3923 dano
2156 3870 2523 3939 aequinoctiali
2557 3870 2782 3924 circulo.
2815 3868 3233 3941 Extemporalis
3255 3872 3408 3925 zonis
3423 3869 3559 3923 dua-

1993 3962 2098 4017 bus
2127 3976 2246 4015 eam
2289 3976 2411 4031 qua:
2437 3971 2520 4016 est
2547 3962 2737 4027 borea,
2761 3976 2992 4032 quaeque
3022 3975 3052 4015 a
3082 3961 3554 4023 nobisltabitatnr,

1984 4053 2251 4124 contingit
2303 4054 2563 4118 habitari,
2620 4070 2746 4109 cum
2789 4056 2847 4108 in
2884 4054 3279 4125 longitudinem
3325 4055 3398 4110 sit
3444 4053 3560 4110 fere

1984 4143 2193 4199 100000
2266 4146 2589 4212 stadiorum,
2642 4146 2703 4201 in
2753 4144 3098 4201 latitudinem
3158 4145 3275 4200 fere
3325 4144 3556 4201 dimidio

1982 4243 2213 4294 οοιιεῑει.

2562 4461 2790 4519 CAPUT
2827 4460 2967 4518 XIII.

2500 4574 2578 4629 De
2604 4575 3039 4629 habitationibus.

2053 4690 2256 4746 Eorum
2291 4691 2383 4761 qui
2424 4690 2480 4744 in
2516 4696 2663 4743 terra
2691 4686 2961 4751 habitant,
2990 4684 3094 4739 alii
3119 4684 3379 4738 dicuntur
3422 4699 3552 4754 syn-

1983 4784 2108 4850 mci,
2150 4784 2242 4838 alii
2274 4781 2517 4853 periteci,
2549 4779 2642 4832 alii
2672 4780 2896 4841 antmci,
2946 4777 3035 4830 alii
3060 4775 3366 4845 antipodes.
3409 4773 3553 4846 Syn-

1984 4877 2089 4931 teci
2131 4876 2297 4945 igitur
2333 4880 2463 4930 sunt
2490 4871 2584 4942 qui
2619 4871 2766 4926 circa
2805 4868 3055 4925 eumdem
3089 4869 3267 4922 locum
3306 4866 3550 4937 ejusdem

1985 4981 2135 5021 zonae
2161 4964 2442 5029 habitant;
2490 4961 2715 5032 perimci
2752 4975 2900 5025 vero,
2949 4958 3044 5030 qui
3087 4959 3141 5012 in
3180 4958 3368 5014 eadem
3414 4971 3552 5011 zona

1982 5060 2039 5113 in
2073 5057 2301 5113 circuitu
2327 5053 2826 5117 circumhabitant;
2854 5050 3057 5106 anttnci
3089 5064 3240 5111 vero,
3271 5049 3363 5118 qui
3382 5049 3434 5102 in
3464 5063 3553 5104 ea—

1984 5151 2107 5206 dem
2151 5146 2377 5202 australi
2412 5159 2550 5200 zona
2588 5144 2691 5201 sub
2733 5143 2922 5199 codem
2962 5141 3345 5211 hemisphaerio
3398 5140 3554 5196 habi-

1982 5249 2134 5308 tant;
2172 5238 2460 5309 antipodes
2488 5251 2641 5300 vero,
2663 5236 2756 5306 qui
2793 5234 2849 5289 in
2880 5234 3108 5289 australi
3130 5248 3268 5287 zona
3303 5233 3359 5286 in
3382 5232 3555 5285 altero

1987 5331 2369 5401 hemisphaerio
2404 5328 2677 5394 habitant,
2719 5325 3020 5383 secundum
3073 5326 3318 5381 eamdem
3356 5324 3553 5379 diame-

1983 5434 2128 5482 trum
2152 5424 2313 5495 positi
2336 5437 2461 5478 cum
2476 5420 2756 5476 babitabili
2781 5426 2966 5473 nostra
2999 5426 3176 5483 terra;
3196 5416 3551 5487 quamobrem

1984 5515 2164 5571 vocati
2185 5509 2633 5581 suntantipodes.
2653 5508 2795 5564 Cum
2816 5507 2963 5563 enim
2997 5508 3179 5562 omnia
3209 5506 3396 5576 gravia
3424 5517 3554 5559 ver-

1986 5626 2082 5666 sus
2105 5614 2353 5665 centrum
2396 5610 2642 5677 vergant,
2666 5617 2733 5659 eo
2764 5599 2909 5672 quod
2956 5615 3152 5656 versus
3198 5596 3436 5659 medium
3478 5595 3554 5651 sit
