4146 6476
412 350 518 404 8'57

1430 350 1666 405 GEMINI
1706 349 2079 403 ELEMENT-A
2119 348 2619 405 ASTRONOMIE.

3547 347 3651 404 838

409 474 584 524 κεῖται
613 469 751 525 κατὰ
781 472 869 523 τὸν
908 471 964 525 ὲν
1008 469 1085 540 τῷ
1135 470 1324 539 κόσμῳ
1363 469 1544 532 πόλον,
1592 469 1752 540 μέχρι
1787 468 1881 522 τοῦ
1915 471 1969 521 ἐν

2077 469 2180 522 sub
2229 470 2356 538 polo
2389 467 2599 533 mundi,
2637 482 2807 537 usque
2837 466 2905 520 ad
2948 466 3213 521 circulum
3256 465 3518 520 arcticum
3557 468 3652 537 qui

405 564 472 632 τῇ
500 564 569 632 γῇ
596 561 857 632 άρκτικοῦ
887 561 1088 615 στάδιοι
1110 562 1209 632 μὲν
1242 560 1366 624 ,κεσ’
1385 579 1397 590 ·
1438 562 1545 616 ἀπὸ
1585 561 1643 615 δὲ
1669 560 1763 613 τοῦ
1812 563 1870 612 ὲν
1907 564 1971 631 τῇ

406 654 477 722 γῇ
504 652 788 721 άρκτικοῦ,
827 653 887 715 ὃς
922 656 1095 706 κεῖται
1133 652 1273 706 κατὰ
1313 653 1404 705 τὸν
1442 655 1498 705 ἐν
1536 653 1614 723 τῷ
1653 653 1842 723 κόσμῳ
1878 653 1976 722 ἀρ-

407 741 613 803 κτικὸν,
655 742 793 813 πρὸς
822 742 913 794 τὸν
947 744 1004 794 ὲν
1045 744 1111 813 τῇ
1147 745 1216 812 γῇ
1244 742 1523 813 τροπικὸν,
1548 743 1605 805 ὃς
1634 746 1812 795 κεῖται
1835 739 1977 794 κατὰ

406 829 496 880 τὸν
530 830 589 881 ὲν
613 828 688 899 τῷ
718 830 906 899 κόσμω
927 829 1133 901 θερινὸν
1153 831 1409 901 τροπικὸν
1428 870 1443 892 ,
1475 831 1676 883 στάδιοι
1710 831 1807 899 μὲν
1844 837 1970 894 ,κα¹·

407 919 514 972 ἀπὸ
561 920 617 972 δὲ
669 920 762 973 τοῦ
812 920 1023 992 θερινοῢ
1066 921 1327 993 τροπικοῦ
1376 922 1535 992 μέχρι
1577 921 1671 974 τοῦ
1701 923 1760 975 ὲν
1796 925 1861 992 τῇ
1902 924 1972 993 γῇ

412 1010 747 1083 ἰσημερινοῦ,
775 1012 833 1075 ὃς
861 1015 1036 1065 κεῖται
1066 1014 1209 1067 κατὰ
1232 1013 1322 1066 τὸν
1355 1015 1412 1065 ὲν
1455 1013 1533 1084 τῷ
1570 1014 1761 1084 κόσμῳ
1787 1015 1872 1084 ἰση
1882 1030 1977 1083 με-

410 1103 576 1175 ρινὸν,
608 1103 807 1156 στάδιοι
840 1112 995 1169 ,ιςω’.
1021 1105 1187 1158 Πάλιν
1221 1106 1329 1159 ἀπὸ
1365 1105 1456 1158 τοῦ
1498 1106 1810 1177 ίσημερινοῦ
1843 1106 1978 1175 πρὸς

408 1193 498 1246 τὸν
518 1192 700 1264 ἕτερον
726 1195 982 1265 τροπικὸν
1006 1202 1143 1267 ιιςων
1163 1213 1176 1226 ·
1210 1195 1317 1248 ἀπὸ
1345 1195 1401 1247 δὲ
1422 1195 1514 1248 τοῦ
1539 1194 1799 1267 τροπικοῦ
1841 1196 1975 1265 πρὸς

335 1313 341 1318 ‹
405 1283 497 1334 τὸν
526 1283 782 1352 ἀρκτικὸν
815 1285 1003 1340 στάδια
1034 1291 1131 1348 ,κα’
1152 1302 1166 1315 ⁸
1191 1285 1298 1338 ἀπὸ
1328 1285 1384 1338 δὲ
1406 1284 1499 1337 τοῦ
1548 1284 1804 1357 ἀρκτικοῦ
1839 1285 1978 1355 πρὸς

408 1371 497 1423 τὸν
527 1371 711 1440 ἓτερον
742 1373 901 1427 πόλον
930 1380 1053 1437 ,κεσ¹
1071 1391 1084 1403 ·
1126 1372 1267 1426 ὥστε
1326 1373 1650 1442 συνάγεσθαι
1688 1373 1749 1424 τὸ
1774 1371 1974 1443 μεταξὺ

406 1462 516 1515 τῶν
550 1463 724 1517 πόλων
766 1463 1039 1537 διάστημα
1080 1466 1351 1538 μυριάδων
1388 1466 1452 1536 ιβ’
1496 1465 1588 1518 καὶ
1639 1464 1863 1517 στάδιων
1897 1480 1973 1526 ,ς,

407 1555 541 1623 ὅπερ
566 1557 713 1607 ἐστὶν
741 1556 913 1627 ἥμισυ
944 1559 1040 1629 τῆς
1075 1558 1402 1628 περιμέτρου
1443 1556 1542 1626 τῆς
1585 1556 1689 1625 γῆς
1711 1572 1726 1586 ο
1777 1554 1837 1606 τὸ
1868 1555 1976 1624 γὰρ

406 1646 513 1699 ἀπὸ
532 1646 624 1699 τοῦ
660 1647 820 1701 πόλου
867 1648 959 1701 ἐπὶ
1004 1649 1094 1702 τὸν
1140 1649 1300 1701 πόλον
1344 1648 1490 1701 ἐστὶν
1531 1644 1871 1717 ἡμικύκλιον.
1910 1644 1975 1696 Ἡ

406 1738 462 1789 δὲ
488 1738 748 1810 διαίρεσις
781 1739 888 1792 τῶν
918 1740 1222 1810 ἑξηκοστῶν
1246 1740 1448 1792 τούτων
1486 1739 1578 1791 καὶ
1597 1739 1676 1789 ’ἐν
1706 1739 1823 1799 ταῖς
1855 1753 1974 1806 κρι-

2077 572 2161 617 est
2193 563 2243 615 in
2274 570 2443 626 terra,
2478 561 2654 616 stadia
2694 559 2907 614 25200:
2950 575 3145 615 rursus
3183 558 3253 614 ab
3286 559 3490 613 arctico
3554 560 3652 629 qui

2075 661 2159 709 est
2185 654 2238 707 in
2273 664 2438 715 terra,
2472 662 2525 707 et
2557 653 2661 708 sub
2702 653 2828 706 ειειὶ
2868 652 3098 715 arctico,
3148 667 3322 722 usque
3362 652 3431 706 ad
3479 652 3656 722 tropi-

2075 760 2199 799 cum
2245 752 2546 811 terrenum,
2601 745 2694 813 qui
2746 744 2967 813 ponitur
3017 744 3119 799 sub
3173 744 3383 798 caelesti
3442 744 3654 814 tropico

2074 838 2284 903 aestivo,
2340 837 2516 891 stadia
2563 835 2766 901 2-1000;
2817 851 3013 891 rursus
3070 836 3138 890 ab
3203 836 3393 891 mstivo
3440 837 3655 907 tr0pico

2074 945 2250 998 usque
2279 928 2348 981 ad
2376 937 2693 983 terrestrem
2736 928 3194 996 aequinoctialem,
3250 930 3343 998 qni
3383 929 3523 984 situs
3569 936 3656 985 est

2076 1022 2181 1075 sub
2240 1020 2600 1089 aequinoctiali
2656 1021 2954 1084 mundano,
2999 1028 3128 1075 sunt
3200 1021 3376 1075 stadia
3438 1020 3652 1089 16800;

2074 1127 2265 1166 rursus
2295 1113 2363 1166 ab
2391 1111 2757 1181 aequinoctiali
2799 1126 2971 1181 usque
3000 1112 3064 1165 ad
3109 1113 3340 1166 alterum
3385 1114 3652 1182 tr0picum

2074 1202 2249 1256 stadia
2283 1210 2411 1257 sunt
2449 1203 2640 1258 16800.
2674 1203 2924 1258 Deindea
2950 1204 3161 1272 tropico
3192 1220 3367 1274 usque
3394 1205 3462 1259 ad
3488 1207 3657 1261 arcti-

2075 1304 2199 1344 cum
2271 1298 2400 1346 sunt
2474 1293 2655 1347 stadia
2716 1292 2929 1359 21000;
2984 1300 3264 1362 postremo
3311 1294 3380 1347 ab
3448 1296 3656 1351 arctico

2073 1395 2248 1450 usque
2268 1380 2334 1434 ad
2357 1382 2582 1437 alterum
2609 1384 2791 1453 polum
2808 1384 3002 1445 25200,
3028 1391 3085 1437 ut
3106 1385 3365 1439 distantia
3390 1385 3530 1441 inter
3558 1402 3656 1457 po-

2074 1471 2157 1526 los
2191 1472 2482 1542 colligatur
2507 1489 2630 1528 esse
2662 1475 2728 1527 12
2771 1475 3099 1545 myriadum,
3136 1488 3189 1529 et
3218 1459 3480 1545 praeterea
3513 1477 3655 1533 6000

2075 1562 2396 1627 Studiorum,
2421 1564 2571 1632 quod
2613 1572 2696 1620 est
2722 1566 3006 1619 dimidium
3047 1566 3503 1622 circumferentia:
3541 1576 3655 1623 ter-

2075 1666 2330 1719 mquam
2378 1653 2634 1707 distantia
2696 1670 2817 1724 qua:
2852 1664 2938 1707 est
2987 1669 3018 1707 a
3064 1654 3188 1723 polo
3225 1670 3397 1724 usque
3438 1656 3504 1708 ad
3553 1670 3655 1726 po-

2075 1744 2210 1806 lum,
2245 1754 2329 1799 est
2363 1744 2765 1799 semicirculus.
2803 1744 3007 1799 Divisio
3034 1753 3215 1799 autem
3257 1746 3449 1800 borum
3486 1761 3651 1801 sexa-

408 1835 610 1895 κωταῖς
650 1832 905 1904 σφαίραις
934 1834 968 1903 ἡ
1003 1832 1137 1903 αὑτὴ
1171 1832 1424 1903 ὑπάρχει.
1471 1829 1969 1893 Κατασκευάζονται

2080 1835 2409 1905 gesimurum
2465 1837 2630 1890 etiam
2683 1838 2738 1889 in
2788 1836 3160 1890 armillaribus
3196 1837 3425 1905 sphmris
3461 1836 3650 1892 eadem

405 1922 514 1992 γὰρ
540 1925 596 1975 αἰ
625 1924 891 1992 κρικωταὶ
931 1925 1155 1992 σφαῖραι
1203 1922 1405 1985 οὕτως·
1443 1922 1551 1975 ἀπὸ
1602 1921 1695 1975 τοῦ
1740 1922 1903 1974 πόλου
1948 1923 1977 1975 ὁ

404 2012 664 2084 ἀρκτικὸς
699 2013 965 2066 διίσταται
994 2014 1185 2083 μοίρας
1223 2012 1332 2077 λς’,
1358 2012 1500 2084 άπερ
1531 2015 1676 2066 ἐστὶν
1710 2012 1976 2084 ὲξηκοστὰ

407 2111 492 2168 ς’·
530 2104 714 2170 ἑξάκις
741 2103 849 2175 γὰρ
882 2103 940 2167 ἓξ
972 2104 1179 2172 γίνεται
1209 2104 1318 2168 λς’.
1360 2105 1419 2158 ’0
1461 2105 1518 2157 δὲ
1568 2105 1826 2176 ἀρκτικὸς
1871 2105 1977 2158 ἀπὸ

404 2195 498 2248 τοῦ
519 2194 729 2268 Θερινοῦ
756 2196 1016 2266 τροπικοῦ
1046 2196 1311 2251 διίσταται
1341 2197 1535 2268 μοίρας
1557 2197 1599 2249 λ’
1617 2215 1632 2230 ο
1659 2196 1803 2268 άπερ
1831 2198 1975 2249 ἐστὶν

404 2286 670 2357 ἐξηκοστὰ
709 2294 769 2341 ε’.
817 2288 874 2341 '0
901 2287 956 2340 δὲ
1001 2286 1208 2358 θερινὸς
1238 2288 1494 2359 τροπικὸς
1521 2286 1626 2340 ἀπὸ
1657 2287 1750 2339 τοῦ
1785 2288 1976 2357 ἰσημε-

407 2375 554 2446 ρινοῦ
589 2374 837 2446 διέστηκε
880 2375 1072 2447 μοίρας
1107 2375 1207 2442 κδ’,
1237 2376 1382 2447 ἅπερ
1412 2378 1558 2430 ἐστὶν
1592 2376 1857 2446 ἑξηκοστὰ
1897 2377 1972 2430 δ’·

404 2469 434 2520 ὁ
467 2467 524 2521 δὲ
570 2467 879 2538 ίσημερινὸς
931 2468 1041 2521 ἀπὸ
1102 2467 1197 2521 τοῦ
1238 2468 1546 2539 χειμερινοῦ
1606 2470 1865 2541 τροπικοῦ
1899 2470 1978 2523 δι-

403 2556 601 2628 έστηκε
631 2557 729 2620 τὰς
762 2558 881 2620 ἴσας
922 2559 1116 2629 μοίρας
1154 2557 1231 2611 κδ’
1251 2575 1264 2588 '
1300 2560 1329 2613 ὁ
1359 2559 1421 2612 δὲ
1451 2560 1756 2631 χειμερινὸς
1788 2577 1978 2631 τροπι-

404 2649 499 2711 κὸς
528 2645 623 2700 τοῦ
648 2647 1008 2720 ἀνταρκτικοῦ
1035 2648 1282 2719 διέστηκε
1315 2649 1505 2720 μοίρας
1533 2647 1603 2701 λ’·
1632 2650 1660 2701 ὁ
1687 2650 1745 2702 δὲ
1777 2650 1978 2721 ἀνταρ-

405 2740 593 2803 κτικὸς
640 2740 748 2793 ἀπὸ
790 2740 883 2793 τοῦ
923 2739 1096 2793 νοτίου
1144 2741 1306 2793 πόλου
1340 2740 1588 2812 διέστηκε
1631 2744 1823 2815 μοίρας
1853 2744 1971 2808 lg“

405 2831 551 2886 ὥστε
584 2832 744 2885 πάλιν
766 2832 874 2884 ἀπὸ
908 2831 1000 2885 τοῦ
1046 2831 1210 2885 πόλου
1259 2833 1352 2885 ἐπὶ
1399 2832 1492 2887 τὸν
1531 2834 1692 2890 πόλον
1745 2836 1974 2905 συνάγε-

406 2923 530 2977 σθαι
564 2924 664 2994 μὲν
696 2923 889 2993 μοίρας
919 2928 1029 2993 ρπθ,
1061 2922 1327 2991 ἑξηκοστὰ
1351 2922 1407 2976 δὲ
1435 2924 1506 2976 λ’·
1533 2924 1668 2995 πρὸς
1690 2925 1799 2997 γὰρ
1819 2926 1976 2979 τοῦτο

404 3013 464 3066 τὸ
492 3013 551 3066 ἓν
584 3013 751 3084 κλίμα
782 3015 877 3067 καὶ
900 3015 955 3066 αἰ
992 3016 1259 3085 κρικωταὶ
1287 3016 1509 3087 σφαῖραι
1538 3015 1973 3080 κατασκευάζον-

402 3122 513 3170 ται,
543 3106 638 3158 καὶ
682 3105 737 3158 αἱ
774 3105 1011 3176 στερεαὶ,
1055 3105 1163 3158 τῶν
1197 3104 1472 3177 ἀρκτικῶν
1513 3107 1689 3176 μόνων
1743 3124 1974 3176 μεταπι-

403 3197 643 3252 πτόντων
685 3196 744 3250 ἐν
783 3213 923 3250 τισιν
961 3198 1205 3268 οἰκήσεσι
1244 3199 1384 3252 κατὰ
1419 3198 1518 3261 τὰς
1544 3199 1867 3262 διαστάσεις.
1903 3200 1971 3253 Αἰ

404 3289 653 3361 μέντοιγε
680 3290 739 3342 ὲν
768 3292 834 3360 τῇ
856 3291 926 3359 γῇ
948 3288 1115 3353 ζῶναι
1144 3289 1279 3361 πρὸς
1309 3290 1369 3342 τὸ
1393 3290 1683 3362 εἰρημένον
1711 3289 1770 3344 ἓν
1802 3290 1971 3361 κλίμα

400 3381 732 3451 λαμϐάνουσι
777 3380 875 3451 τήν
919 3380 1179 3453 διαίρεσιν
1214 3379 1321 3434 τῶν
1367 3382 1460 3433 ἐπὶ
1511 3381 1608 3451 τῆς
1642 3382 1747 3452 γῆς
1786 3399 1974 3435 κατοι-

400 3470 660 3525 κούντων.
690 3470 844 3524 Ὅσοι
877 3470 976 3541 μὲν
1020 3466 1112 3523 οὖν
1150 3472 1243 3525 ἐπὶ
1285 3470 1380 3523 τοῦ
1423 3468 1587 3526 αὐτοῦ
1627 3472 1969 3544 παραλλήλου

401 3562 732 3625 κατοικοῦσι,
780 3561 991 3625 τούτοις
1038 3560 1108 3614 τὰ
1153 3560 1294 3615 αὐτὰ
1344 3562 1642 3633 φαινόμενα
1689 3564 1830 3616 κατὰ
1870 3560 1971 3621 τὰς

398 3656 637 3724 οἰκήσεις
667 3654 926 3722 γίνονται,
957 3653 1051 3706 καὶ
1096 3651 1164 3705 τὰ
1215 3653 1417 3724 μεγέθη
1456 3653 1564 3707 τῶν
1604 3652 1825 3724 ἡμερῶν
1857 3653 1966 3717 ῑσα,

401 3746 495 3800 καὶ
539 3744 608 3798 τὰ
661 3744 866 3816 μεγέθη
920 3744 1031 3798 τῶν
1079 3744 1370 3815 ἐκλείψεων
1415 3745 1527 3815 (46)
1576 3744 1826 3807 τοιαῦτα,
1875 3746 1970 3798 καὶ

396 3835 505 3890 τῶν
549 3835 931 3906 ὼροσκοπείων
974 3835 1325 3907 καταγραφαὶ
1359 3837 1417 3889 αἱ
1460 3836 1621 3889 αὐταί
1645 3852 1658 3865 ο
1703 3837 1798 3889 καὶ
1838 3836 1975 3890 καθ-

397 3925 519 3979 όλου
551 3926 728 3979 πάντα
763 3925 829 3978 τὰ
857 3926 985 3996 περὶ
1015 3926 1114 3989 τὰς
1157 3927 1396 3996 οἰκήσεις
1432 3928 1529 3990 τὰς
1556 3926 1648 3980 ἐπὶ
1678 3926 1772 3979 τοῦ
1802 3926 1967 3982 αὑτοῦ

396 4015 741 4087 παραλλήλου
770 4017 1044 4087 κειμένας,
1071 4016 1139 4069 τὰ
1168 4017 1305 4071 αὐτὰ
1331 4016 1583 4088 ὑπάρχει.
1630 4017 1705 4070 Τὸ
1735 4018 1843 4089 γὰρ
1878 4017 1970 4087 ἐγ-

395 4106 565 4177 κλιμα
592 4105 686 4159 τοῦ
714 4107 914 4176 κόσμου
956 4106 1106 4176 μένει
1133 4106 1193 4160 τὸ
1228 4106 1377 4159 αὑτό.
1416 4106 1576 4177 Παρὰ
1612 4105 1721 4177 γὰρ
1765 4106 1827 4159 τὸ
1872 4107 1965 4174 ἔγ-

396 4198 567 4269 κλιμα
586 4199 679 4252 τοῦ
704 4200 908 4270 κόσμου
936 4199 1165 4271 διάφορα
1199 4201 1403 4267 γίνεται
1444 4199 1514 4252 τὰ
1544 4200 1861 4269 φαινόμενα.
1897 4201 1964 4252 Αἰ

397 4288 647 4358 μέντοιγε
686 4287 851 4360 ἀρχαὶ
896 4288 1003 4340 τῶν
1060 4288 1280 4358 ἡμερῶν
1337 4288 1429 4341 καὶ
1474 4289 1530 4340 αἱ
1581 4288 1826 4340 τελευταὶ
1867 4289 1965 4358 οὐχ

394 4377 512 4448 ἅμα
568 4380 702 4432 πᾶσι
742 4378 1001 4447 γίνονται,
1053 4377 1165 4430 ἀλλ’
1209 4374 1289 4441 οἷς
1331 4378 1430 4448 μὲν
1473 4379 1753 4450 πρότερον,
1790 4373 1871 4442 οἷς
1906 4380 1963 4432 δὲ

2075 1934 2179 1981 est.
2227 1926 2494 1981 Parantur
2534 1928 2678 1982 enim
2721 1927 3028 1982 armillares
3066 1928 3292 1997 sphaera:
3323 1929 3485 1983 sic.A
3526 1929 3652 1998 polo

2075 2017 2311 2071 aret-iens
2344 2016 2511 2070 distat
2534 2016 2782 2085 partibus
2807 2015 2895 2081 56,
2922 2032 3041 2086 qua
3068 2025 3196 2071 sunt
3215 2019 3551 2089 sexagesima
3579 2020 3651 2086 6;

2076 2107 2253 2162 sexies
2277 2108 2421 2161 enim
2461 2123 2556 2163 sex
2578 2115 2708 2161 sunt
2743 2107 2834 2161 56.
2879 2106 3132 2162 Arcticus
3183 2108 3251 2163 ab
3306 2109 3494 2165 aestivo
3540 2119 3653 2164 tro-

2074 2198 2197 2268 pico
2225 2197 2390 2252 distat
2412 2198 2673 2267 gradibus
2696 2198 2789 2262 '50,
2820 2199 2915 2267 qui
2959 2197 3167 2254 faciunt
3197 2201 3535 2270 sexagesima
3578 2202 3646 2268 ὃς

2074 2288 2295 2344 aestivus
2321 2289 2566 2358 tr0picus
2596 2289 2763 2343 distat
2790 2289 2859 2344 ab
2885 2290 3252 2360 aequinoctiali
3274 2292 3535 2361 gradibus
3553 2292 3647 2355 24.

2073 2382 2169 2452 qui
2206 2388 2336 2436 sunt
2362 2382 2700 2451 sexagesima
2732 2380 2786 2434 4.
2817 2378 3245 2450 Ᾱὲιιυίηοειὶειίε
3275 2382 3445 2437 distat
3474 2383 3542 2437 ab
3558 2383 3649 2437 hi-

2074 2473 2243 2528 berno
2277 2473 2487 2543 tropico
2508 2472 2728 2527 totidem
2756 2471 3015 2542 gradibus
3055 2471 3147 2527 24.
3201 2471 3417 2527 Rursus
3464 2472 3650 2528 hiber-
3744 2488 3751 2497 ’

2074 2578 2179 2617 nus
2193 2564 2433 2633 tropicus
2456 2563 2525 2616 ab
2544 2562 2842 2616 antarctico
2860 2562 3029 2617 distat
3051 2561 3310 2632 gradibus
3335 2561 3433 2627 50;
3456 2569 3645 2616 antar~

2071 2659 2246 2711 cticus
2287 2656 2355 2709 ab
2401 2655 2627 2710 australi
2679 2655 2803 2724 polo
2864 2652 3031 2708 distat
3088 2652 3352 2724 gradibus
3415 2652 3524 2718 56;
3584 2662 3646 2707 ut

2073 2762 2267 2802 rursus
2309 2760 2340 2800 a
2392 2745 2518 2815 polo
2547 2759 2720 2814 usque
2757 2742 2825 2797 ad
2866 2744 3049 2814 polum
3083 2743 3410 2813 colligantur
3440 2742 3646 2813 gradus

2076 2838 2200 2901 180,
2233 2837 2572 2907 sexagesima
2602 2850 2732 2890 vero
2751 2835 2838 2890 '50.
2856 2836 2936 2889 Ad
2966 2835 3070 2888 hoc
3095 2835 3238 2888 enim
3266 2849 3434 2888 unum
3461 2834 3645 2896 clima.

2071 2938 2126 2984 et
2161 2929 2385 2999 sphaerae
2406 2928 2735 2993 armillares,
2760 2933 2815 2982 et
2850 2926 3040 2982 solida:
3072 2934 3355 2995 parantur,
3385 2939 3510 2980 cum
3540 2924 3645 2980 soli

2073 3019 2261 3074 arctici
2292 3019 2348 3074 in
2389 3019 2715 3089 quibusdam
2758 3015 3190 3073 habitationibus
3229 3017 3528 3072 secundum
3559 3016 3646 3071 di-

2074 3111 2304 3167 stantias
2350 3116 2650 3163 mutentur.
2691 3108 2763 3163 At
2805 3123 2955 3162 zona»
2996 3114 3282 3162 terrestres
3327 3106 3395 3162 ad
3435 3106 3643 3161 dictum

2073 3216 2239 3257 unum
2290 3200 2454 3254 clima
2507 3198 2786 3269 accipiunt
2817 3198 3140 3254 divisionem
3181 3212 3397 3259 eorum,
3446 3197 3541 3266 qui
3586 3198 3645 3251 in

2071 3301 2218 3348 terra
2246 3292 2512 3347 habitant.
2542 3288 2713 3360 Igitur
2733 3289 2827 3359 qui
2868 3288 3058 3344 eodem
3088 3287 3147 3342 in
3191 3288 3451 3357 parallelo
3487 3288 3643 3343 habi-

2069 3390 2211 3449 tant,
2235 3383 2321 3438 his
2345 3381 2545 3437 eaedem
2577 3387 2706 3435 sunt
2729 3379 3059 3450 apparentiae
3093 3378 3391 3433 secundum
3428 3378 3646 3433 habita-

2068 3474 2279 3541 tiones;
2302 3480 2356 3528 et
2383 3470 2784 3542 magnitudines
2813 3468 3026 3523 dierum
3053 3468 3291 3537 aequales
3313 3484 3329 3535 ;
3353 3474 3409 3522 et
3433 3467 3645 3537 magni-

2067 3562 2286 3619 tudines
2314 3561 2601 3630 eclipsium
2624 3559 2831 3614 similes
2860 3575 2875 3624 ;
2905 3564 2960 3612 et
2982 3557 3381 3627 descriptiones
3410 3558 3641 3612 horolo-

2069 3655 2313 3726 gicorum
2381 3653 2867 3708 instrumentorum
2920 3648 3156 3714 easdem;
3207 3656 3262 3703 et
3326 3649 3642 3703 summatim

2067 3744 2251 3798 omnia
2276 3755 2399 3811 quae
2424 3742 2750 3811 contingunt
2779 3743 2927 3794 circa
2957 3737 3325 3792 habitationes
3364 3738 3419 3791 in
3449 3738 3642 3793 eodem

2068 3834 2329 3904 parallelo
2353 3834 2578 3903 positas,
2599 3833 2950 3887 sunteadem.
2980 3829 3116 3884 Nam
3142 3830 3426 3885 inclinatio
3447 3830 3640 3885 mundi

2066 3931 2250 3978 manet
2275 3922 2484 3978 eadem.
2530 3921 2759 3990 Propter
2790 3921 3203 3975 inclinationem
3257 3917 3405 3973 enim
3452 3919 3642 3974 mundi

2066 4012 2291 4067 diversa:
2349 4019 2479 4066 sunt
2550 4011 2899 4080 apparentia.
2968 4008 3139 4080 Atqui
3200 4009 3358 4063 initia
3427 4008 3642 4063 dierum

2065 4111 2119 4159 et
2161 4104 2297 4158 ﬁnes
2340 4118 2451 4157 non
2483 4103 2647 4160 simul
2695 4103 2830 4156 ﬁunt
2876 4102 3152 4165 omnibus,
3187 4101 3282 4154 sed
3313 4099 3436 4153 aliis
3465 4100 3643 4168 prius,

2065 4197 2189 4251 aliis
2233 4196 2506 4265 posterius
2539 4202 2773 4263 :estque
2823 4194 2966 4264 apud
3017 4208 3207 4247 omnes
3249 4192 3424 4261 prima
3481 4191 3635 4253 liora,

2065 4302 2187 4342 cum
2230 4301 2293 4341 ea
2340 4287 2482 4356 apud
2532 4287 2670 4341 alios
2720 4287 2792 4341 sit
2831 4286 3067 4340 medium
3117 4283 3250 4348 diei,
3316 4279 3460 4352 apud
3502 4282 3640 4336 alios

2064 4392 2314 4431 occasus.
2359 4375 2479 4430 Jam
2519 4391 2651 4430 vero
2673 4374 2852 4445 quoad
2891 4388 3135 4435 sensum,
3179 4371 3293 4426 fere
3340 4369 3408 4423 ad
3458 4370 3639 4424 stadia

395 4467 619 4541 ὕστερον
643 4509 659 4522 .
703 4470 814 4522 Καί
852 4472 996 4523 ἐστιν
1039 4471 1071 4540 ἡ
1122 4469 1271 4540 παρὰ
1306 4471 1468 4523 πᾶσιν
1504 4469 1550 4501 ⁸⁸
1586 4476 1633 4522 α’
1662 4470 1799 4541 ὥρα,
1837 4472 1964 4540 παρ’

2070 4469 2169 4524 400
2217 4471 2287 4524 ab
2336 4476 2459 4523 ortu
2515 4484 2708 4523 versus
2764 4480 3019 4520 occasum
3070 4463 3212 4517 idem
3262 4468 3443 4515 manet
3480 4461 3635 4515 hori-

391 4559 571 4624 ἄλλοις
604 4562 768 4632 μέσον
811 4561 1021 4631 ἡμέρας
1074 4557 1226 4622 οὖσα,
1266 4562 1395 4632 παρ’
1427 4558 1508 4623 οἷς
1534 4560 1591 4613 δὲ
1627 4561 1777 4625 δύσις
1803 4559 1956 4615 οὖσα.

396 4653 534 4725 Ἤδη
569 4649 817 4724 μέντοιγε
854 4654 990 4723 πρὸς
1010 4653 1108 4725 τὴν
1123 4652 1372 4725 αἴσθησιν
1392 4653 1576 4724 σχεδὸν
1599 4654 1690 4708 ἐπὶ
1714 4655 1962 4717 σταδίους

396 4748 442 4794 u'
471 4743 565 4795 ἀπ’
590 4740 854 4812 ἀνατολῆς
892 4742 985 4793 ἐπὶ
1016 4740 1167 4795 δύσιν
1197 4744 1226 4794 ὀ
1259 4741 1420 4803 αὐτὸς
1455 4742 1650 4813 ὁρίζων
1679 4741 1922 4812 διαμένει
1941 4757 1954 4770 ο

392 4832 532 4885 ὥστε
592 4834 725 4907 πρὸς
771 4832 1018 4903 αἴσθησιν
1064 4831 1180 4901 ἅμα
1211 4832 1311 4903 τὴν
1352 4832 1615 4903 ἀνατολὴν
1655 4832 1834 4895 αὐτοῖς
1874 4831 1960 4900 γί-

389 4924 574 4977 νεσθαι
622 4926 716 4978 καὶ
765 4925 861 4997 τὴν
899 4924 1070 4977 δύσιν.
1098 4924 1266 4977 Ὅταν
1313 4922 1370 4975 δὲ
1416 4924 1597 4976 πλεῖον
1638 4923 1859 4992 γένηται
1903 4924 1967 4976 τὸ

387 5016 658 5086 διάστημα
688 5015 794 5068 τῶν
825 5023 868 5069 υ¹
905 5016 1150 5078 σταδίων,
1174 5014 1537 5087 προανατολαὶ
1558 5016 1652 5068 καὶ
1676 5014 1962 5085 προδόσεις

387 5108 645 5175 γίνονται.
682 5108 805 5171 Τοῖς
836 5108 893 5161 δὲ
926 5110 1019 5160 ἐπὶ
1055 5106 1148 5160 τοῦ
1181 5106 1345 5160 αὐτοῦ
1381 5105 1748 5177 μεσημϐρινοῦ
1782 5122 1962 5159 κατοι-

387 5199 541 5253 κοῦσι
570 5199 732 5271 μέχρι
777 5199 877 5271 μὲν
926 5198 1150 5252 σταδίων
1181 5205 1224 5251 υ¹
1251 5197 1646 5268 ἀνεπαίσθητος
1687 5196 1955 5266 γίνεταιή

458 5376 503 5407 ⁸⁸
537 5376 580 5445 f.
612 5378 774 5430 τισίν.

458 5529 569 5601 (46)
599 5531 709 5584 Καὶ
749 5531 822 5585 τὰ
862 5531 1080 5602 μεγέθη
1126 5530 1244 5585 τῶν
1296 5531 1644 5599 ἐκλείψεων.
1704 5529 1946 5602 Falsum.

387 5596 519 5653 Nam
552 5596 730 5668 neque
762 5596 1189 5670 deflunaribus,
1241 5618 1417 5670 neque
1464 5596 1532 5656 de
1571 5602 1846 5655 solaribns
1891 5601 1945 5653 id

388 5679 535 5740 recte
568 5671 790 5723 dicitur.
843 5669 1087 5725 Lunares
1135 5669 1341 5740 quippe
1385 5688 1490 5724 non
1535 5672 1588 5723 in
1629 5672 1818 5724 iisdem
1851 5686 1945 5723 so-

391 5739 667 5795 lummodo
710 5741 983 5809 parallelis
1033 5739 1271 5811 a‘qnalc’s
1331 5751 1629 5811 apparent,
1683 5740 1777 5795 sed
1825 5741 1944 5795 ubi-

2065 4578 2189 4616 zon.
2254 4562 2438 4630 Itaque
2500 4559 2675 4629 quoad
2755 4572 2975 4613 sensum
3024 4554 3185 4609 simul
3259 4553 3395 4624 ipsis
3455 4554 3638 4606 evenit

2064 4663 2238 4718 ortus,
2267 4658 2321 4706 et
2342 4665 2590 4705 occasus.
2619 4648 2688 4702 At
2714 4648 2803 4702 ubi
2837 4646 3095 4701 distantia
3133 4643 3298 4698 fuerit
3328 4641 3505 4712 n'lajor
3527 4642 3636 4695 400

2066 4742 2275 4805 stadiis,
2340 4741 2412 4794 ibi
2458 4737 2894 4808 antegressiones
2943 4746 3160 4790 ortuum
3220 4742 3272 4788 et
3336 4748 3635 4788 occasuum

2065 4833 2217 4887 ﬁunt.
2244 4832 2315 4886 lis
2354 4845 2484 4885 vero
2520 4829 2614 4898 qui
2665 4828 2719 4881 in
2773 4827 2963 4882 eodem
3016 4825 3318 4880 meridiano
3360 4824 3633 4888 habitant,

2066 4940 2241 4994 usque
2276 4923 2344 4977 ad
2382 4922 2559 4978 stadia
2603 4920 2710 4975 400
2755 4918 3089 4975 insensibilis
3133 4916 3191 4970 lit
3222 4916 3501 4970 climatum
3538 4930 3633 4968 va-

2065 5017 2234 5071 rietas
2267 5016 2447 5069 simul.
2481 5013 2867 5068 Verumtamen
2895 5012 2966 5065 ob
2990 5026 3107 5065 eam
3134 5009 3469 5071 distantiam,
3514 5022 3636 5076 qua:

2067 5106 2240 5176 magis
2270 5104 2611 5158 transcendit
2641 5117 2832 5157 versus
2877 5099 3296 5168 septentrionem
3334 5102 3429 5149 aut
3468 5099 3633 5148 meri-

2068 5196 2234 5261 diem,
2270 5196 2373 5250 alia
2402 5195 2460 5248 tit
2494 5193 2793 5249 inclinatio.
2845 5190 3028 5261 Itaque
3070 5203 3260 5254 omnes
3302 5186 3636 5257 apparentia:

2057 5543 2274 5598 cunque
2307 5527 2443 5598 luna
2466 5524 2815 5598 prospicitur.
2859 5521 3079 5598 Solares
3114 5531 3292 5574 antem
3326 5522 3490 5598 etiam
3527 5520 3633 5598 sub

2056 5592 2247 5653 eodem
2274 5592 2536 5666 parallelo
2566 5594 3173 5666 in:pqnalesyid_enlur;
3196 5603 3290 5666 an}
3316 5592 3476 5666 elitnn
3502 5593 3630 5649 alibi

2055 5661 2287 5721 minime'
2314 5666 2584 5722 videntur.
2613 5664 2793 5729 Quare
2835 5663 2979 5716 aliud
3031 5664 3207 5732 agenti
3257 5662 3359 5716 hoc
3398 5661 3628 5718 Gemino

2053 5739 2276 5793 excidit.
