4146 6426
501 360 604 415 859

1498 342 1847 399 APPENDIX
1879 340 1974 396 AD
2015 336 2285 396 EUSEBII
2327 330 2747 391 CHRONICON.

3656 324 3764 379 8ιο

502 486 630 533 sunt
654 474 901 530 diversae.
927 470 1142 526 Etenim
1169 463 1571 537 magnitudines
1598 461 1835 523 dierum,
1879 467 1933 514 et
1958 473 2076 512 ma-

2188 454 2285 511 τῶν
2336 453 2612 524 κλιμάτων
2672 446 2998 520 παραλλαγὴ
3066 445 3220 537 ἀμαξ
3281 441 3343 537 το
3388 442 3433 475 δ’
3515 446 3764 512 μέντοιγε

498 566 808 638 gnitudines
846 564 1157 634 eclipsium,
1208 567 1262 613 et
1303 554 1708 625 horologiorum
1748 549 2079 619 descriptio-

500 674 600 713 nes
628 658 857 713 diversa:
907 664 1132 727 propter
1181 651 1550 707 habitationes
1594 647 1734 700 ﬁunt
1763 646 1830 699 iis
1882 643 1976 714 qui
2023 642 2080 695 in

499 750 689 805 eodem
713 748 1014 804 meridiano
1044 746 1311 801 habitant.
1342 740 1477 796 Nam
1505 739 1791 795 inclinatio
1816 743 2079 798 mutatur,

501 856 624 895 cum
657 841 743 895 vel
776 840 843 893 ad
872 840 1115 901 boream,
1147 838 1231 892 vel
1270 835 1337 889 ad
1378 833 1660 888 meridiem
1698 830 1760 884 ﬁt
1793 828 2080 883 transitus.

498 932 663 999 Atqui
697 929 1013 984 medietates
1042 927 1255 981 dierum
1300 932 1355 979 et
1382 923 1700 977 medietates
1726 920 1968 974 noctium
2001 917 2079 972 si-

501 1022 612 1075 mul
643 1021 902 1075 eveniunt
947 1019 1205 1074 omnibus
1254 1016 1322 1071 iis
1368 1015 1464 1085 qui
1496 1014 1553 1067 in
1598 1010 1791 1067 eodem
1833 1008 2082 1063 habitant

501 1114 818 1168 meridiano.

2182 548 2364 604 πλεῖον
2402 545 2672 615 διάστημα
2711 538 3014 612 ὑπερϐῆναι
3048 538 3093 570 ⁸⁸
3129 536 3265 608 πρὸς
3307 534 3508 606 ἄρκτον
3543 534 3578 606 ἢ
3626 535 3765 606 πρὸς

2185 636 2553 711 μεσημϐρίαν,
2585 634 2714 687 ἄλλο
2749 631 2958 700 γίνεται
3008 628 3275 698 ἔγκλιμα·
3316 626 3459 679 ὥστε
3489 626 3668 679 πάντα
3696 625 3765 678 τὰ

2181 729 2481 800 φαινόμενα
2501 723 2734 795 διάφορα
2758 720 3023 791 γίνεσθαι.
3057 720 3166 773 Καὶ
3195 718 3304 788 γὰρ
3329 715 3398 770 τὰ
3430 715 3635 788 μεγέθη
3656 715 3767 769 τῶν

2182 814 2426 886 ἡμερῶν,
2456 812 2550 866 καί⁵
2583 810 2652 863 τὰ
2687 808 2891 880 μεγέθη
2937 806 3046 860 τῶν
3078 806 3394 875 ἐκλείψεων,
3436 805 3533 859 καὶ
3574 806 3631 857 αί
3660 804 3769 857 τῶν

2182 906 2489 979 ὡρολογίων
2532 901 2883 973 καταγραφαὶ
2924 898 3172 969 διάφοροι
3212 896 3363 967 παρά
3396 895 3494 959 τάς
3526 895 3770 966 οἰκήσεις

2186 998 2423 1065 γίνονται
2448 997 2559 1057 τοῖς
2588 994 2679 1046 ἐπὶ
2707 991 2800 1045 τοῦ
2842 991 3005 1045 αὑτοῦ
3036 986 3408 1061 μεσημϐρινοῦ
3432 986 3765 1041 κατοικοῦσι.

2189 1092 2263 1144 Τὸ
2283 1090 2390 1161 γὰρ
2426 1088 2659 1157 ἔγκλιμα
2706 1083 3055 1155 μεταπίπτει,
3089 1081 3123 1152 ἢ
3158 1080 3294 1152 πρὸς
3328 1080 3530 1150 ἄρκτον
3566 1078 3599 1149 ἢ
3634 1077 3769 1149 πρὸς

504 1206 843 1278 μεσημϐρίαν
880 1206 979 1275 τῆς
1022 1203 1371 1275 μεταόάσεως
1414 1199 1726 1271 γινομένης.
1776 1197 1858 1249 Τά
1895 1193 2145 1264 μέντοιγε
2204 1187 2345 1256 μέσα
2387 1185 2497 1238 τῶν
2555 1181 2776 1254 ἡμερῶν
2819 1179 2912 1234 καὶ
2963 1176 3032 1230 τὰ
3066 1178 3207 1248 μέσα
3241 1176 3348 1229 τῶν
3382 1172 3593 1227 νυκτῶν
3651 1171 3768 1245 ἄμα

499 1301 631 1352 πᾶσι
660 1299 865 1369 γίνεται
904 1302 1017 1362 τοῖς
1043 1298 1136 1351 ἐπὶ
1162 1297 1255 1351 τοῦ
1290 1296 1453 1351 αὑτοῦ
1486 1292 1860 1366 μεσημϐρινοῦ
1891 1285 2259 1344 κατοικοῦσιν.

566 1392 668 1463 31
702 1392 835 1447 Cum
862 1401 1043 1447 autem
1079 1392 1147 1447 de
1179 1391 1411 1446 australi
1442 1404 1581 1445 zona
1615 1388 1873 1451 dicimus,
1916 1395 1973 1441 et
2015 1384 2083 1437 de

503 1484 571 1537 iis
602 1485 694 1553 qui
725 1484 781 1537 in
815 1499 878 1538 ea
913 1484 1181 1546 habitant,
1218 1482 1287 1536 ad
1326 1483 1442 1537 haec
1491 1483 1558 1537 de
1602 1480 1955 1550 antipodibus
1987 1476 2080 1547 qui

502 1581 556 1627 in
578 1575 766 1628 eadem
803 1582 967 1637 sunt;
1001 1575 1253 1628 convenit
1279 1588 1343 1628 ea
1376 1589 1497 1643 quae
1514 1574 1777 1627 dicuntur
1806 1571 1887 1627 sic
1921 1570 2084 1624 intel-

502 1666 688 1735 ligere,
724 1673 785 1718 ut
821 1682 923 1721 nos
961 1667 1028 1720 de.
1055 1666 1284 1721 australi
1314 1667 1533 1735 quidem
1566 1680 1703 1720 zona
1748 1664 1955 1718 nullam
1996 1662 2083 1715 hi-

2257 1376 2425 1430 Ὅταν
2467 1374 2525 1427 δὲ
2570 1374 2700 1444 περὶ
2742 1372 2846 1441 τῆς
2898 1369 3074 1425 νοτίου
3130 1367 3308 1438 ζώνης
3355 1366 3624 1437 λέγωμεν,
3671 1367 3769 1422 καὶ

2184 1467 2294 1521 τῶν
2342 1468 2401 1519 ὲν
2443 1466 2580 1536 αὐτῇ
2636 1462 3058 1524 κατοικούντων,
3097 1453 3235 1531 πρός
3279 1459 3339 1512 δὲ
3388 1458 3604 1522 τούτοις
3637 1460 3768 1528 περὶ⁵

2183 1559 2293 1613 τῶν
2349 1558 2408 1610 ὲν
2470 1558 2608 1627 αὐτῇ
2674 1554 2976 1608 ἀντιπόδων
3033 1552 3142 1604 τῶν
3194 1550 3538 1622 λεγομένωνο
3594 1550 3770 1614 οὕτως

2184 1650 2402 1704 ἀκούειν
2466 1650 2769 1720 προσήκει,
2824 1647 2901 1710 ώς
2976 1643 3250 1715 μηδεμίαν
3312 1644 3470 1715 ἡμῶν
3526 1642 3770 1715 ἱστορίαν

502 1754 723 1807 storiam
749 1756 1142 1824 acceperimus,
1175 1772 1352 1826 neque
1381 1771 1449 1810 an
1484 1756 1580 1809 ulli
1618 1757 1672 1810 in
1700 1770 1764 1809 ea
1793 1753 2077 1817 habitent;

2188 1742 2597 1813 παρειληφότων
2630 1743 2757 1811 περὶ
2795 1740 2895 1810 τῆς
2943 1739 3121 1791 νοτίου
3153 1737 3349 1808 ζώνης,
3383 1737 3518 1809 μηδὲ
3544 1737 3600 1790 εῐ
3624 1753 3768 1799 τινες

504 1843 598 1896 sed
637 1843 782 1913 quod
826 1845 1040 1899 ratione
1094 1848 1263 1913 totius
1304 1845 1553 1915 sphaerae,
1586 1854 1641 1901 et
1674 1844 1859 1913 ﬁgura:
1896 1854 2076 1907 terrae,

503 1941 557 1985 ct
591 1948 916 2002 progressus
961 1936 1115 2000 solis,
1150 1937 1241 2007 qui
1289 1937 1349 1990 tit
1390 1938 1533 1992 inter
1560 1937 1824 2006 tropicos,
1858 1935 1931 1990 sit
1981 1936 2081 1987 ali-

502 2039 610 2091 qua
645 2025 812 2078 etiam
858 2025 1027 2080 altera
1070 2040 1231 2089 zona,
1264 2041 1362 2080 seu
1405 2026 1563 2096 plaga
1611 2040 1802 2079 versus
1831 2031 2079 2078 austrum

506 2113 636 2175 sita,
669 2127 789 2183 qua:
820 2113 1018 2167 habeat
1049 2114 1192 2167 idem
1227 2121 1716 2182 temperamentum
1751 2126 1875 2165 cum
1917 2110 2080 2164 borea

504 2219 663 2268 zona,
705 2205 760 2258 in
788 2220 894 2274 qua
932 2221 1034 2258 nos
1069 2205 1413 2271 habitamus;
1447 2205 1700 2260 similiter
1738 2203 1902 2258 etiam
1945 2202 2082 2257 dici-

506 2308 628 2346 mus
655 2294 722 2347 de
747 2293 1116 2362 antipodibus,
1140 2307 1248 2347 non
1277 2291 1436 2362 quasi
1463 2292 1686 2345 omnino
1709 2290 1960 2344 habitent
1986 2288 2082 2341 ali-

506 2388 601 2457 qui
650 2388 705 2441 in
752 2388 940 2442 eadem
968 2388 1239 2441 diametro
1277 2386 1562 2443 nobiscum
1599 2403 1614 2439 :
1666 2383 1762 2439 sed
1806 2382 1952 2453 quod
2006 2384 2082 2438 sit

509 2477 707 2546 aliquis
747 2477 903 2532 locus
943 2477 1259 2532 habitabilis
1302 2479 1357 2531 in
1406 2484 1552 2531 terra
1583 2474 1884 2530 secundum
1932 2487 2082 2527 eam-

508 2570 630 2623 dem
654 2567 980 2624 diametrum
1006 2569 1312 2625 nobiscum.

582 2744 698 2799 Sub
746 2746 1006 2800 torridam
1057 2751 1240 2799 autem
1292 2758 1483 2798 zonam
1522 2741 1768 2797 nonnulli
1813 2749 2080 2805 veterum,

512 2838 654 2893 inter
693 2853 831 2907 quos
870 2846 954 2893 est
1003 2845 1057 2892 et
1100 2837 1396 2892 Cleanthes
1439 2834 1662 2889 Stoicus
1698 2832 2080 2904 philosophus,

512 2929 867 2999 prodiderunt
912 2929 1096 2984 fusum
1137 2944 1259 2984 esse
1293 2929 1433 2983 inter
1484 2928 1720 2997 tropicos
1753 2924 2028 2980 Oceanum
2067 2940 2081 2976 :

512 3020 712 3090 quibus
752 3030 1121 3091 congruenter
1166 3029 1220 3074 et
1264 3022 1459 3075 Crates
1499 3018 1890 3090 grammaticus
1930 3029 2085 3071 erro-

2180 1832 2239 1884 ἐν
2290 1832 2428 1901 αὐτῇ
2484 1830 2869 1884 κατοικοῦσιν⁸
2932 1827 3048 1881 ἀλλ’
3090 1828 3175 1881 ὅτι
3238 1827 3425 1881 ἕνεκεν
3481 1828 3581 1899 τῆς
3638 1825 3768 1897 ὅλης

2183 1919 2586 1991 σφαιροποιίας,
2622 1920 2715 1972 καί
2770 1918 2865 1971 τοῦ
2915 1919 3193 1989 σχήματος
3231 1917 3329 1987 τῆς
3370 1916 3495 1986 γῆς,
3541 1916 3639 1971 καὶ
3667 1918 3768 1988 τῆς

2180 2009 2416 2080 παρόδου
2455 2006 2550 2061 τοῦ
2585 2008 2737 2079 ἡλίου
2784 2010 2885 2077 τῆς
2916 2006 3120 2077 μεταξὺ
3147 2006 3256 2059 τῶν
3304 2007 3582 2078 τροπικῶν
3618 2023 3767 2076 γινο-

2183 2101 2370 2171 μένης,
2406 2100 2520 2153 ἐστι
2547 2117 2631 2162 τις
2653 2100 2749 2152 καὶ
2788 2099 2952 2169 ἑτέρα
2994 2099 3139 2169 ζώνη
3171 2099 3307 2169 πρὸς
3334 2099 3485 2153 νότον
3511 2100 3765 2171 κειμένη,

2178 2194 2279 2263 τὴν
2310 2192 2480 2263 αὐτὴν
2518 2191 2815 2263 εὐκρασίαν
2857 2190 3056 2261 ἔχουσα
3094 2193 3159 2261 τῇ
3205 2190 3402 2262 βορείῳ
3444 2190 3611 2264 ζώνῃ,
3641 2192 3699 2244 ὲν

2182 2282 2540 2353 κατοικοῦμεν
2571 2284 2728 2353 ἡμεῖς
2750 2298 2765 2313 ·
2796 2282 2994 2353 ὁμοίως
3038 2281 3094 2334 δὲ
3122 2282 3216 2334 καὶ
3245 2280 3376 2353 περὶ
3407 2281 3516 2335 τῶν
3545 2282 3767 2335 ἀντιπό-

2179 2373 2285 2427 δων
2325 2373 2578 2443 λέγομεν,
2629 2372 2727 2442 οὐχ
2779 2371 2856 2435 ὡς
2902 2371 3044 2425 κατά
3092 2372 3200 2424 πᾶν
3258 2371 3551 2427 οἰκούντων
3601 2372 3766 2425 τινῶν

2182 2465 2322 2519 κατά
2371 2465 2468 2534 τὴν
2511 2463 2680 2535 αὐτὴν
2736 2463 3027 2534 διάμετρον
3074 2466 3226 2535 ημῖν,
3275 2463 3390 2518 ἀλλ’
3424 2464 3577 2528 ὄντος
3620 2464 3766 2527 τινὸς

2180 2558 2345 2610 τόπου
2408 2557 2696 2628 οίκησίμου
2771 2557 2864 2609 ἐπὶ
2929 2558 3028 2627 τῆς
3090 2558 3193 2627 γῆς
3253 2556 3398 2611 κατὰ
3469 2555 3765 2627 διάμετρον

2184 2650 2334 2718 ἡμῖν.

2268 2740 2405 2793 Ὑπὸ
2433 2739 2491 2793 δὲ
2520 2740 2618 2808 τὴν
2658 2738 3096 2808 διακεκαυμένην
3136 2736 3313 2808 ζώνην
3355 2737 3500 2802 τινὲς
3531 2737 3639 2791 τῶν
3666 2738 3768 2808 ἁρ-

2185 2828 2354 2899 χαίων
2378 2830 2750 2899 ἀπεφήναντο,
2778 2822 2853 2881 ὧν
2885 2829 3004 2880 ἐστι
3041 2827 3136 2880 καὶ
3164 2826 3447 2898 Κλεάνθης
3469 2829 3499 2881 ό
3527 2828 3764 2890 Στωϊκὸς

2186 2919 2493 2988 φιλόσοφος,
2543 2918 2909 2988 ὑποκεχύσθαι
2960 2917 3164 2989 μεταξὺ
3207 2918 3315 2972 τῶν
3356 2919 3632 2989 τροπικῶν
3673 2919 3767 2972 τὸν

2198 3010 2480 3063 Ὠκεανόν
2512 3005 2594 3073 οἷς
2638 3009 2946 3073 ἀκολούθως
2994 3010 3089 3061 καὶ
3119 3008 3344 3079 Κράτης
3382 3012 3411 3062 ό
3447 3025 3766 3080 γραμματις

511 3128 626 3167 rem
666 3112 879 3183 Ulyssis
917 3113 1235 3181 disponens,
1296 3122 1351 3166 et
1396 3119 1563 3164 totam
1609 3109 1878 3178 splimram
1926 3116 2086 3162 terra:

2188 3103 2302 3168 κὸς,
2331 3103 2430 3173 τὴν
2471 3101 2677 3172 πλάνην
2714 3100 2808 3153 τοῦ
2848 3100 3144 3163 Ὀδυσσέως
3171 3100 3493 3164 διατάσσων,
3528 3102 3622 3155 καὶ
3664 3104 3766 3171 τὴν

509 3206 829 3261 describens
862 3205 1030 3258 certis
1076 3202 1323 3268 circulis,
1348 3199 1805 3272 quemadmodum
1830 3200 2087 3271 praedixi-

510 3315 653 3361 mus.
694 3298 848 3368 ﬁngit
884 3298 1026 3351 inter
1058 3296 1302 3366 tropicos
1344 3296 1624 3349 Oceanum
1665 3307 1790 3347 esse
1823 3294 2083 3361 positum,

508 3391 701 3445 dicens
744 3400 1111 3460 congruenter
1152 3387 1556 3444 mathematicis
1598 3385 1771 3439 totius
1818 3399 1878 3440 se
1926 3392 2088 3440 terra:

509 3481 923 3553 dispositionem
959 3480 1268 3536 instituere.

580 3653 649 3707 At
705 3653 832 3708 talis
873 3652 1165 3722 dispositio
1207 3651 1387 3706 aliena
1417 3656 1505 3705 est
1536 3656 1592 3705 et
1640 3664 1671 3702 a
1705 3647 2089 3703 mathematica

511 3752 564 3795 ct
598 3761 627 3797 a
650 3744 878 3814 physica
907 3743 1178 3806 doctrina,
1204 3749 1254 3795 et
1287 3740 1431 3809 apud
1460 3740 1668 3793 nullum
1695 3747 1943 3793 veterum
1970 3752 2090 3791 ma-

513 3836 931 3888 thematicorum
965 3834 1109 3887 inter
1141 3832 1405 3902 tropicos,
1436 3838 1499 3884 ut
1523 3829 1718 3885 Crates
1747 3829 1929 3894 docet,
1974 3828 2091 3882 col-

515 3927 714 3979 locata.
759 3923 894 3978 Nam
940 3926 1146 3980 nostris
1191 3924 1531 3994 temporibus
1578 3922 1692 3990 jam
1722 3929 1777 3977 et
1806 3927 2088 3991 perspecta

512 4029 570 4074 et
616 4020 835 4073 inventa
876 4025 1003 4072 sunt
1047 4018 1279 4087 plurima
1324 4016 1446 4069 loca
1491 4014 1829 4079 habitabilia,
1884 4021 1939 4067 et
1979 4027 2091 4067 non

516 4108 655 4162 mari
687 4108 890 4175 ubique
920 4106 1315 4176 comprehensa
1343 4124 1361 4158 ι
1405 4116 1611 4160 etcum
1645 4104 1792 4159 illius
1832 4104 2090 4159 interme-

514 4199 591 4252 dii
618 4198 912 4261 intervalli,
950 4198 1096 4268 quod
1130 4204 1215 4252 est
1242 4198 1310 4252 ab
1348 4197 1541 4251 :estivo
1574 4196 1785 4265 tropico
1820 4211 1994 4266 usque
2022 4195 2091 4250 ad

514 4291 973 4361 sequinoctialem,
1013 4290 1248 4360 spatium
1293 4289 1365 4343 sit
1403 4288 1703 4344 stadiorum
1749 4287 1944 4351 16800,
1979 4287 2091 4342 fere

518 4385 588 4437 ad
622 4382 803 4437 20800
828 4382 1032 4445 stadia,
1074 4390 1345 4452 quatenus
1391 4381 1749 4451 investigandi
1777 4381 1933 4450 e0pia
1964 4380 2088 4443 fuit,

2186 3195 2314 3265 ὅλην
2345 3196 2577 3265 σφαῖραν
2609 3194 2709 3263 τῆς
2739 3192 2842 3263 γῆς
2882 3192 3253 3264 καταγράφων
3280 3195 3392 3257 τοῖς
3424 3192 3768 3264 ὁριζομένοις

2187 3284 2438 3349 κύκλοις,
2498 3281 2682 3348 καθὼς
2732 3284 3164 3355 προειρήκαμεν,
3203 3286 3348 3337 ποιεῖ
3405 3284 3609 3354 μεταξὺ
3659 3287 3770 3340 τῶν

2186 3374 2463 3446 τροπικῶν
2521 3375 2613 3428 τὸν
2687 3374 2934 3428 Ὠκεανὸν
2981 3374 3267 3445 κείμενον,
3314 3376 3491 3444 λέγων
3541 3378 3771 3431 ἀκολού-

2190 3466 2297 3531 θως
2372 3471 2485 3531 τοῖς
2561 3466 2966 3538 μαθηματικοῖς
3033 3468 3132 3538 τὴν
3181 3467 3311 3539 ὅλης
3367 3469 3471 3538 γῆς
3523 3469 3768 3536 διάταξιν

2190 3559 2477 3613 ποιεῖσθαι.

2271 3650 2337 3703 Ἥ
2363 3650 2419 3703 δὲ
2457 3650 2682 3721 τοιαύτη
2715 3648 2957 3714 διάταξις
2987 3648 3244 3720 ἀλλοτρία
3269 3651 3387 3703 ἐστι
3416 3651 3628 3705 καὶτοῦ
3664 3670 3761 3723 μα-

2193 3738 2498 3811 θηματικοῦ
2544 3740 2637 3792 καὶ
2682 3737 2778 3790 τοῦ
2824 3736 3056 3807 φυσικοῦ
3087 3737 3270 3807 λόγου,
3302 3740 3398 3793 καὶ
3435 3741 3563 3811 παρ’
3591 3741 3772 3795 οὐδενὶ

2188 3831 2297 3884 τῶν
2341 3830 2584 3902 ἀρχαίων
2643 3828 3041 3901 μαθηματικῶν
3097 3833 3645 3904 κατακεχωρισμένη,
3691 3833 3770 3896 ὡς

2190 3925 2548 3994 ἀποφαίνεται
2605 3922 2850 3993 Κράτης,
2901 3920 3104 3992 μεταξὺ
3157 3923 3266 3976 τῶν
3317 3924 3619 3995 τροπικῶν.
3679 3926 3769 3978 Ἐν

2189 4015 2299 4086 γὰρ
2330 4018 2442 4079 τοῖς
2475 4013 2597 4068 καθ’
2632 4015 2781 4085 ἡμᾶς
2813 4014 3026 4086 χρόνοις
3073 4014 3173 4086 ήδη
3223 4016 3318 4068 καὶ
3363 4015 3769 4083 κατώπτευται,

2191 4108 2284 4160 καὶ
2312 4106 2539 4177 εὓρηται
2586 4104 2654 4158 τά
2708 4104 2935 4159 πλεῖστα
2976 4107 3258 4177 οίκήσιμα,
3295 4108 3388 4160 καὶ
3430 4107 3493 4161 οὐ
3538 4108 3771 4176 πελάγει

2191 4198 2453 4251 πάντοθεν
2486 4198 2848 4270 περιεχόμενα
2871 4214 2885 4227 ·
2918 4199 3014 4250 καὶ
3035 4196 3132 4251 τοῦ
3168 4197 3370 4267 μεταξὺ
3403 4198 3773 4272 διαστήματος

2192 4292 2528 4361 ὑπάρχοντος
2555 4290 2664 4342 ἀπὸ
2690 4289 2903 4361 θερινοῦ
2932 4289 3193 4360 τροπικοῦ
3230 4291 3393 4361 μέχρι
3438 4292 3534 4344 τοῦ
3586 4294 3775 4364 ἰσημε-

2196 4382 2339 4453 ρινοῦ
2369 4387 2503 4454 ,ις-ω’
2526 4382 2593 4445 ⁵¹,
2626 4381 2721 4434 καὶ
2749 4380 2825 4442 ώς
2851 4381 3034 4450 σχεδὸν
3059 4381 3150 4433 ἐπὶ
3186 4382 3427 4446 σταδίους
3458 4390 3567 4455 ,κωθ
3596 4386 3663 4449 ",
3694 4385 3774 4449 th;

517 4476 713 4529 harum
759 4490 943 4530 rerum
967 4474 1200 4529 historia
1229 4474 1542 4542 conscripta
1570 4481 1678 4536 est,
1726 4488 1851 4527 cum
1881 4486 1944 4527 ea
1994 4487 2086 4542 per

2191 4474 2515 4544 εὐπόρηται,
2537 4471 2631 4525 καὶ
2660 4474 2693 4541 ἡ
2727 4473 2853 4542 περὶ
2879 4472 3082 4525 τούτων
3115 4473 3324 4543 ίστορία
3353 4474 3772 4547 ἀναγέγραπται

517 4582 674 4640 reges
714 4566 1115 4647 Alexandrinos
1148 4567 1220 4620 sit
1261 4565 1566 4635 explorata.
1613 4564 1769 4620 Unde
1806 4564 1930 4620 falsi
1963 4574 2091 4620 sunt

516 4659 608 4727 qui
636 4658 927 4728 opinantur
969 4657 1244 4712 Oceanum
1286 4655 1467 4710 fusum
1510 4670 1633 4710 esse
1657 4657 1799 4710 inter
1824 4656 2087 4725 tropicos.

518 4749 614 4804 Est
644 4758 824 4803 autem
857 4756 912 4804 et
938 4764 1004 4805 ex
1045 4748 1132 4803 his
1162 4746 1539 4810 manifestum,
1576 4746 1723 4815 quod
1753 4755 1808 4800 et
1838 4746 1928 4799 illa
1972 4746 2091 4814 opi-

518 4840 631 4905 nio,
662 4840 807 4910 quod
850 4838 1226 4893 inhabitabilis
1254 4838 1325 4893 sit
1355 4838 1505 4907 regio
1546 4838 1690 4892 inter
1723 4839 1966 4907 tropicos
1994 4854 2091 4907 po-

518 4933 623 4985 sita
656 4937 874 5001 propter
904 4938 1073 4984 aestus
1116 4944 1424 4993 excessum,
1476 4936 1530 4983 et
1559 4930 1793 4983 maxime
1824 4943 1889 4983 ea
1939 4930 2091 4999 regio

518 5038 640 5093 quae
679 5032 764 5077 est
813 5023 867 5076 in
920 5021 1100 5077 medio
1145 5022 1365 5076 torrida:
1412 5035 1597 5084 zonae,
1635 5021 1705 5074 sit
1741 5019 1895 5075 falsa.
1955 5019 2090 5073 Nam

519 5116 804 5186 Aithiopcs
823 5155 838 5179 ,
881 5116 972 5185 qui
1002 5115 1055 5168 in
1086 5112 1530 5169 extremitatibus
1562 5112 1786 5167 torrida:
1815 5128 1966 5168 zonae
1995 5112 2094 5166 ha-

520 5210 718 5273 bitant,
761 5209 816 5262 in
845 5206 1320 5271 conversionibus,
1355 5220 1453 5262 seu
1501 5205 1756 5261 solstitiis
1784 5204 1988 5260 habent
2036 5204 2094 5257 in

521 5301 724 5355 vertice
747 5296 1385 5363 solem..Existimandum
1403 5304 1487 5351 est
1508 5296 1655 5352 enim
1682 5295 1819 5350 duas
1844 5310 1967 5349 esse
1996 5309 2095 5347 na-

519 5399 644 5443 tura
692 5389 1025 5458 AIthiopias,
1085 5402 1210 5441 cum
1262 5397 1317 5443 et
1356 5388 1504 5443 circa
1531 5387 1782 5442 aestivum
1823 5386 2094 5455 tropicum

523 5480 808 5541 circulum,
834 5480 928 5551 qui
959 5480 1102 5551 apud
1124 5495 1226 5536 nos
1256 5486 1362 5545 est,
1404 5480 1653 5534 habitent
1685 5477 2007 5547 Ethiopes;
2041 5483 2095 5530 et

524 5574 670 5627 circa
724 5587 846 5628 eum
901 5573 1172 5642 tropicum
1239 5574 1332 5643 qui
1393 5575 1553 5628 nobis
1608 5572 1831 5643 quidem
1880 5579 1966 5627 est
2009 5569 2095 5623 hi-

527 5758 575 5790 ”
632 5690 677 5721 δ’
708 5689 761 5790 [ζ
778 5688 875 5758 τῷ.
981 5692 1026 5771 ⁸⁸⁸
1062 5691 1516 5763 ψ.ὑπερ6αἰνον.
1598 5692 1650 5763 ,³⁸
1692 5708 1782 5764 γρ.
1829 5689 2055 5761 μυρίων.

609 5776 696 5827 γορ.
729 5759 1177 5828 ὑπεροικούντων.

2192 4564 2284 4617 διὰ
2337 4566 2446 4617 τῶν
2501 4566 2559 4617 ὲν
2639 4561 3014 4635 Ἀλεξανδρεία
3078 4562 3340 4634 βασιλέων
3405 4567 3771 4640 ἐξητασμένη.

2197 4654 2359 4708 Ὅθεν
2410 4652 2815 4722 ψευδοδοξοῦσιν
2875 4654 2925 4705 οἱ
2983 4652 3296 4723 νομίζοντες
3362 4655 3455 4709 τὶν
3520 4658 3775 4713 Ὠκεανὸν

2195 4744 2564 4816 ὑποκεχύσθαι
2605 4744 2806 4814 μεταξὺ
2850 4744 2961 4798 τῶν
3004 4745 3302 4817 τροπικῶν.
3347 4747 3442 4800 Ἐκ
3480 4748 3538 4801 δὲ
3567 4750 3777 4806 τούτων

2196 4838 2450 4909 φανερὸν,
2483 4838 2569 4891 ὅτι
2601 4836 2696 4889 καὶ
2727 4836 2790 4889 τὸ
2815 4835 3193 4906 δοξαζόμενον.
3223 4838 3305 4891 ὅτι
3334 4839 3589 4910 ἀοίκητός
3624 4844 3776 4896 ἐστιν

2196 4935 2231 5004 ἡ
2266 4932 2464 5001 μεταξὺ
2508 4930 2618 4984 τῶν
2650 4930 2926 5002 τροπικῶν
2960 4929 3188 5001 κειμένη
3220 4931 3373 5004 χώρα
3416 4933 3505 4988 διὰ
3537 4935 3636 5007 τὴν
3677 4936 3776 4990 τοῦ

2198 5025 2477 5095 καύματος
2527 5022 2870 5093 ὑπερϐολὴν,
2924 5024 3020 5077 καὶ
3069 5022 3303 5094 μάλιστα
3347 5026 3381 5095 ἡ
3423 5026 3550 5097 περὶ
3604 5028 3777 5098 μέσην

2197 5117 2296 5187 τὴν
2324 5114 2759 5185 διακεκαυμένην
2787 5112 2985 5185 ζώνην,
3013 5115 3205 5184 ψεῦδός
3238 5118 3405 5170 ἐστιν.
3436 5119 3500 5170 Oi
3535 5119 3635 5189 μὲν
3666 5120 3778 5190 γάρ

2199 5208 2268 5260 τὰ
2307 5206 2521 5277 πέρατα
2563 5206 2663 5275 τῆς
2703 5204 3142 5277 διακεκαυμένης
3171 5205 3348 5277 ζώνης
3374 5206 3649 5271 οἰκοῦντες
3677 5212 3778 5261 Al-

2200 5297 2384 5358 θίοπές
2422 5298 2528 5349 είσι
2572 5293 2713 5348 κατὰ
2763 5296 3006 5365 κορυφὴν
3047 5280 3263 5365 ἔχοντες
3306 5299 3363 5349 ὲν
3395 5301 3515 5360 ταῖς
3546 5302 3777 5370 τροπαῖς

2200 5390 2290 5442 τὸν
2321 5389 2494 5459 ἥλιον.
2526 5387 2630 5440 Δύο
2667 5387 2776 5460 γὰρ
2818 5386 3103 5450 Αἰθιοπίας
3128 5389 3194 5458 τῇ
3235 5386 3395 5455 φύσει
3437 5388 3779 5458 ὑποληπτέον

2202 5481 2488 5552 ὑπάρχειν,
2538 5479 2666 5551 περί
2717 5495 2775 5530 τε
2821 5478 2913 5532 τὸν
2956 5477 3169 5549 θερινὸν
3205 5478 3464 5548 τροπικὸν
3510 5478 3601 5532 τὸν
3647 5482 3778 5551 παρ’

2203 5573 2334 5643 ημῖν
2373 5571 2571 5626 κύκλον
2615 5569 3034 5642 περιοικούντων
3080 5571 3125 5603 ⁵³
3165 5571 3458 5637 Αίθιόπων,
3502 5574 3598 5627 καὶ
3650 5575 3781 5643 περὶ

2174 5690 2220 5723 ⁸¹
2248 5708 2341 5760 τρ.
2376 5690 2442 5764 ,β.
2474 5690 2547 5745 αι.
2582 5688 2712 5763 ,βωκ
2755 5687 2852 5744 His
2887 5704 2995 5745 non
3025 5689 3323 5745 concordat
3356 5689 3536 5746 versio
3561 5687 3783 5753 Latina.
