4146 6434
331 317 428 372 8M

1319 312 1552 368 GEMINI
1593 311 1966 368 ELEMENTA
2001 309 2494 368 ASTRONOMIAE.

3444 313 3551 370 842

332 434 421 486 τὸν
453 432 582 502 ἡμῖν
624 431 721 500 μὲν
753 427 1057 500 χειμερινὸν
1094 429 1370 498 τροπικὸν,
1403 430 1517 491 τοῖς
1557 429 1611 482 δὲ
1644 429 1892 482 ἀντίποσι

2006 427 2232 491 bernus,
2296 426 2644 498 antipodibus
2695 441 2824 480 vero
2885 427 3145 483 asstivus.
3205 425 3318 482 Hoc
3377 434 3558 482 autem

334 523 560 595 θερινόν.
591 523 756 575 Τοῦτο
785 523 840 576 δέ
871 537 1002 592 φησι
1039 521 1262 594 Κράτης
1295 522 1390 573 καὶ
1418 521 1506 573 τὸν
1534 521 1779 590 ’Όμηρον
1809 519 1894 570 λέ-

333 631 448 682 γειν
488 613 544 664 ὲν
571 608 653 674 οἷς
679 628 840 682 φησιν
861 627 873 639 ·

334 725 625 788 Αἰθίοπες,
670 722 754 775 τοί
784 720 956 790 διχθά
997 721 1316 785 δεδαίαται,
1349 720 1592 788 ἔσχατοι
1612 717 1848 786 ἀνδρῶν
1874 733 1887 746 ·

340 863 401 914 Ol
433 858 549 929 μὲν
592 857 970 928 δυσσομένου
1014 857 1372 924 Ὑπερίονος,
1421 858 1473 906 οὶ
1503 854 1554 905 δ’
1597 854 1893 916 ἀνιόντος.

336 1042 557 1112 Κράτης
611 1039 707 1109 μὲν
758 1033 871 1099 οὖν,
908 1033 1365 1104 παραδοξολογῶν,
1403 1033 1469 1086 τὰ
1513 1033 1599 1101 ὑφ’
1657 1033 1896 1102 Ὀμήρου

338 1131 613 1205 ἀρχαϊκῶς
667 1131 759 1183 καὶ
809 1128 988 1201 ἰδικῷς
1031 1127 1292 1200 εἰρημένα
1339 1126 1563 1196 μετάγει
1608 1125 1742 1196 πρὸς
1798 1125 1898 1194 τὴν

338 1227 456 1278 κατ’
503 1223 756 1294 ἀλήθειαν
801 1219 1196 1292 σφαιροποιίαν.
1234 1219 1478 1288 Ὅμηρος
1521 1217 1617 1288 μὲν
1650 1217 1758 1287 γάρ
1805 1216 1899 1269 καὶ

337 1319 387 1370 οἱ
435 1317 647 1388 ἀρχαῖοι
679 1314 899 1383 ποιηταὶ
937 1312 1142 1382 σχεδὸν,
1183 1311 1257 1372 ὡς
1305 1312 1497 1374 εἰπεῖν,
1535 1310 1731 1370 πάντες
1778 1307 1899 1358 ἐπί-

339 1408 495 1461 πεδον
521 1406 838 1474 ὑφίστανται
862 1403 957 1475 τὴν
981 1405 1105 1474 γῆν,
1130 1403 1224 1456 καὶ
1250 1403 1573 1455 συνάπτουσι
1605 1399 1682 1469 τῷ
1713 1399 1900 1468 κόσμῳ

339 1499 432 1553 καὶ
461 1498 643 1566 κύκλῳ
675 1497 765 1550 τὸν
806 1497 1055 1548 Ὠκεανὸν
1088 1495 1486 1566 περικείμενον,
1521 1491 1617 1545 καὶ
1660 1491 1760 1560 τὴν
1805 1488 1901 1542 τοῦ

337 1591 606 1661 ὁρίζοντος
638 1588 900 1658 ἐπέχοντα
942 1585 1112 1651 τάξιν,
1157 1584 1373 1647 καὶτὰς
1401 1581 1663 1644 ἀνατολὰς
1695 1582 1761 1633 ἐκ
1804 1578 1900 1632 τοῦ

351 1680 622 1744 Ὠκεανοῦ,
669 1682 761 1733 καὶ
802 1679 900 1743 τὰς
943 1678 1120 1740 δύσεις
1162 1679 1240 1740 εἰς
1281 1675 1372 1729 τὸν
1417 1672 1702 1727 Ὠκεανόν·
1756 1669 1901 1724 ὥστε

1996 517 2184 573 Crates
2221 518 2396 588 inquit
2433 518 2593 573 etiam
2628 517 2922 573 lIomerum
2971 519 3154 574 dicere
3204 520 3258 573 in
3303 519 3410 584 his,
3465 520 3557 574 ubi

1996 603 2157 663 aitzl

2066 721 2361 792 Αῖιίιίορεε,
2398 723 2487 790 qui
2513 722 2765 790 bifariam
2793 723 2948 777 divisi
2983 733 3128 790 sunt,
3163 723 3388 778 extremi
3421 722 3565 778 viro-

3419 809 3537 846 rum

2068 861 2176 914 Alii
2219 863 2427 932 quidem
2463 861 2530 914 ad
2579 861 2894 916 occidentem
2943 866 3142 929 solem,
3189 862 3284 916 alii
3332 831 3564 944 verba};

3289 943 3561 987 orientem.

1997 1041 2185 1096 Crates
2247 1041 2431 1111 igitur,
2467 1057 2591 1096 cum
2639 1042 2875 1097 absurda
2907 1044 3181 1114 loquatur,
3240 1058 3303 1098 ea
3340 1059 3461 1114 qua
3494 1044 3565 1099 al)

2000 1131 2233 1187 llomero
2268 1134 2438 1188 veteri
2509 1140 2563 1188 et
2602 1135 2822 1204 pr0prio
2851 1150 3001 1189 more
3023 1143 3150 1190 sunt
3181 1134 3347 1198 dicta,
3381 1143 3565 1191 trans-

2001 1221 2103 1276 fert
2136 1222 2202 1275 ad
2225 1238 2406 1276 veram
2433 1222 2654 1292 sphaerae
2672 1223 3070 1278 formationem.
3095 1223 3361 1279 Homerus
3392 1225 3560 1287 enim,

2001 1320 2054 1368 et
2086 1323 2298 1368 veteres
2323 1322 2496 1383 poetae
2523 1314 2657 1379 fere,
2687 1323 2746 1368 ut
2775 1317 3090 1370 summatim
3120 1315 3322 1380 dicam,
3350 1331 3562 1380 omnes,

2003 1405 2217 1474 planam
2274 1408 2619 1460 constituunt
2680 1415 2920 1472 terram,
2985 1421 3038 1461 et
3067 1423 3186 1462 eam
3237 1415 3565 1463 convertunt

2003 1495 2223 1549 mundo.
2281 1495 2587 1561 Quinetiam
2627 1498 2836 1568 lingunt
2895 1499 2950 1552 in
3005 1499 3239 1553 circuitu
3287 1497 3564 1555 Oceanum

2002 1589 2420 1653 circumfusum,
2468 1598 2522 1645 et
2562 1591 2848 1646 habentem
2891 1592 3159 1647 rationem
3212 1592 3560 1648 horizontis:

2004 1681 2071 1733 ad
2121 1681 2234 1735 haec
2276 1686 2428 1736 ort'us
2473 1699 2541 1736 ex
2575 1683 2791 1738 Oceano
2847 1692 2901 1740 et
2930 1700 3160 1741 occasus
3203 1685 3259 1740 in
3287 1683 3564 1740 Oceanum

339 1777 463 1838 τοὺς
489 1772 881 1844 πλησιάζοντας
910 1773 973 1841 τῇ
1000 1768 1230 1838 ἀνατολῇ
1256 1767 1350 1820 καὶ
1370 1769 1436 1837 τῇ
1467 1766 1613 1820 δύσει
1637 1763 1901 1826 Αἰθίοπας

2006 1772 2136 1827 fieri.
2203 1775 2388 1848 Itaque
2418 1777 2728 1848 fEthiopas,
2771 1779 2863 1849 qui
2909 1787 3066 1834 erant
3096 1780 3388 1852 propinqui
3417 1783 3567 1836 ortui

342 1865 720 1936 ὑπελάμϐανον
753 1861 992 1930 γίνεσθαι
1017 1856 1437 1926 καταιθομένους
1470 1855 1573 1908 ὑπὸ
1604 1853 1697 1906 τοῦ
1727 1853 1898 1923 ἡλίου.

339 1957 486 2028 Αὕτη
517 1942 595 2008 ’δὲ
643 1957 675 2023 ἡ
717 1951 982 2022 πρόληψις
1024 1952 1090 2019 τῇ
1147 1947 1243 2017 μὲν
1296 1944 1626 2016 προκειμένῃ
1666 1942 1902 2006 διατάξει

342 2047 630 2112 ἀκόλουθός
653 2048 789 2110 ἐστι,
818 2044 915 2113 τῆς
943 2042 998 2094 δέ
1031 2039 1173 2093 κατά
1201 2037 1360 2107 φύσιν
1404 2034 1781 2106 σφαιροποιίας
1807 2034 1902 2087 ἀλ-

339 2139 544 2210 λοτρία.
585 2138 649 2188 Ἠ
683 2135 789 2206 γὰρ
833 2135 902 2202 γῆ
941 2132 1077 2202 μέση
1111 2133 1284 2183 κεῖται
1325 2127 1418 2180 τοῦ
1470 2128 1782 2195 σύμπαντος
1809 2124 1902 2176 κό-

342 2246 505 2300 σμου,
537 2211 761 2298 σημείου
792 2223 942 2290 τάξιν
983 2223 1250 2291 ἐπέχουσα
1273 2237 1286 2249 ·
1314 2220 1369 2271 αἱ
1413 2218 1470 2270 δέ
1509 2215 1763 2269 ἀνατολαὶ
1807 2213 1902 2267 τοῦ

341 2321 492 2392 ἡλίου
520 2319 758 2388 γίνονται
788 2318 880 2370 καὶ
907 2316 962 2368 αἱ
993 2314 1172 2376 δύσεις
1206 2315 1270 2364 ἐκ
1308 2309 1402 2363 τοῦ
1430 2309 1646 2381 αἰθέρος
1690 2309 1784 2360 καὶ
1822 2310 1904 2399 εἰς

341 2413 433 2466 τὸν
461 2411 671 2481 αἰθέρα,
693 2409 778 2463 διὰ
807 2406 1003 2468 παντὸς
1039 2403 1130 2457 τοῦ
1158 2403 1309 2473 ἡλίου
1345 2402 1457 2454 ἴσον
1486 2398 1780 2468 ἀπέχοντος
1808 2398 1905 2467 τῆς

343 2507 462 2574 γῆς.
493 2502 650 2556 Ὅθεν
674 2502 730 2555 αἱ
759 2501 854 2570 μὲν
877 2494 1266 2568 προειρημέναι
1305 2490 1578 2545 Αίθιοπίαι
1605 2489 1905 2559 ἀδιανόητοί

340 2598 514 2650 εἰσινο
547 2595 604 2647 αἱ
647 2593 704 2646 δὲ
749 2592 852 2645 ὑπὸ
877 2590 1003 2652 τοὺς
1040 2591 1097 2641 ἐν
1127 2586 1204 2658 τῷ
1247 2587 1434 2657 κόσμῳ
1467 2585 1758 2657 τροπικοὺς
1793 2582 1906 2637 κεί-

346 2703 526 2758 μεναι,
557 2684 753 2746 αἵτινες
794 2681 1126 2754 ὑπάρχουσιν
1165 2678 1254 2732 ἐπὶ
1299 2678 1368 2731 τὰ
1407 2677 1619 2749 πέρατα
1645 2675 1752 2730 τῶν
1791 2676 1908 2730 δια·

343 2777 695 2849 κεκαυμένων
723 2775 926 2839 ζωνῶν,
969 2773 1107 2825 κατὰ
1148 2773 1306 2841 φύσιν
1338 2771 1568 2841 ἔχουσιν.
1615 2770 1688 2822 υὺ
1725 2769 1906 2840 μέντοι

341 2886 406 2939 γε
453 2866 785 2938 ὑποληπτέον
834 2864 1084 2934 ἀοίκητον
1133 2858 1272 2915 εἶναι
1322 2860 1420 2930 τὴν
1475 2858 1906 2932 διακεκαυμένην

344 2961 538 3032 ζώνην.
576 2959 712 3030 Ἤδη
741 2958 847 3028 γὰρ
874 2957 964 3008 ἐπὶ
994 2954 1217 3017 πολλοὺς
1248 2953 1440 3016 τόπους
1471 2952 1570 3023 τῆς
1603 2951 1777 3022 ζώνης
1807 2951 1908 3022 τῆς

343 3051 770 3120 διακεκαυμένης
805 3046 1088 3119 ἐληλύθασί
1119 3063 1283 3110 τινες,
1330 3045 1421 3099 καὶ
1465 3044 1531 3098 τὰ
1575 3045 1797 3099 πλεῖστα
1825 3047 1898 3098 oi-

343 3141 550 3214 κήσιμα
588 3137 834 3210 εὓρηται.

413 3231 576 3284 Ὅθεν
617 3230 711 3283 καὶ
743 3228 984 3300 ζητεῖται
1013 3227 1163 3300 παρὰ
1194 3225 1426 3292 πολλοῖς,
1463 3227 1510 3279 εἰ
1541 3225 1610 3279 τὰ
1653 3225 1781 3298 περὶ
1811 3225 1906 3296 μέ-

343 3339 444 3394 σην
485 3321 584 3394 τὴν
629 3319 1060 3390 διακεκαυμένην
1103 3317 1510 3389 οίκησιμώτερα
1543 3317 1742 3388 μᾶλλον
1787 3318 1905 3370 ἐστι

341 3413 449 3467 τῶν
473 3413 600 3484 περὶ
621 3412 690 3464 τά
723 3411 930 3481 πέρατα
957 3411 1054 3481 τῆς
1080 3408 1510 3480 διακεκαυμένης
1531 3408 1704 3479 ζώνης
1727 3409 1906 3480 ὑπαρ-

342 3505 548 3578 χουσῶν
572 3504 854 3574 οἰκήσεων.
884 3501 1142 3565 Πολύϐιος
1178 3497 1269 3555 οὖν
1302 3503 1330 3554 ὁ
1367 3501 1780 3576 ἱστοριογράφος
1817 3517 1908 3554 πε-

342 3598 759 3671 πραγμάτευται
801 3596 1038 3666 βιϐλίον,
1085 3595 1114 3648 ὃ
1159 3595 1467 3665 ἐπιγραφὴν
1516 3593 1659 3664 ἔχει·
1702 3611 1722 3645 ι
1770 3595 1908 3666 Περί¹

341 3692 440 3764 τῆς
471 3691 599 3762 περὶ
636 3690 724 3743 τὸν
753 3687 1060 3758 ἰσημερινὸν
1103 3687 1399 3759 οἰκήσεωςο
1445 3705 1464 3738 ι
1499 3686 1634 3758 αὕτη
1675 3686 1734 3739 δέ
1762 3689 1907 3740 ἐστιν

342 3784 400 3837 ἐν
455 3799 594 3856 μεσῃ
655 3785 721 3854 τῇ
780 3781 1177 3852 διακεκαυμένη
1231 3779 1410 3850 ζώνῃ’
1463 3779 1558 3833 καί
1611 3796 1776 3851 φησιν
1831 3781 1908 3832 οἰ-

342 3876 554 3929 κεῖσθαι
601 3875 726 3937 τοὺς
751 3873 981 3936 τόπους,
1033 3873 1128 3926 καὶ
1161 3871 1560 3941 εὐκρατοτέραν
1609 3870 1752 3941 ἔχειν
1813 3869 1909 3941 τὴν

341 3970 554 4040 οἴκησιν
579 3967 686 4020 τῶν
719 3967 847 4038 περὶ
888 3964 956 4018 τὰ
989 3963 1198 4035 πέρατα
1226 3964 1320 4034 τῆς
1347 3963 1781 4034 διακεκαυμένης
1806 3961 1910 4026 ζώ-

341 4076 440 4130 νης
468 4058 788 4112 οἰκούντων·
829 4058 921 4110 καὶ
953 4055 988 4109 δι
1035 4055 1132 4126 μὲν
1172 4054 1408 4126 ἱστορίας
1435 4055 1589 4124 φέρει
1631 4053 1740 4108 τῶν
1778 4071 1911 4108 κατ-

340 4150 698 4206 ωπτευκὸτων
772 4148 870 4212 τὰς
921 4149 1192 4219 οἰκήσεις,
1241 4147 1337 4200 καὶ
1389 4144 1908 4218 ἐπιμαρτυρούντων

340 4245 452 4306 τοῖς
482 4241 823 4312 φαινομένοις
842 4257 856 4272 ο
886 4239 921 4294 ἃ
948 4240 1005 4293 δὲ
1034 4238 1396 4307 ἐπιλογίζεται
1429 4239 1521 4290 ἐπὶ
1549 4239 1647 4308 τῆς
1673 4237 1910 4308 φυσικῆς

342 4337 470 4407 περὶ
501 4335 591 4388 τὸν
618 4335 767 4405 ἥλιον
805 4333 1150 4403 ὑπαρχούσης
1189 4331 1473 4401 κινήσεως.
1531 4328 1590 4382 '0
1617 4329 1726 4400 γὰρ
1758 4328 1910 4398 ἥλιος

343 4427 471 4496 περὶ
505 4425 602 4496 μὲν
651 4426 778 4486 τοὺς
821 4422 1111 4494 τροπικοὺς
1159 4421 1390 4484 κύκλους
1439 4420 1605 4473 πολὺν
1655 4419 1904 4490 ἐπιμένει

342 4517 531 4588 χρόνον
577 4515 718 4568 κατά
766 4514 864 4584 τὴν
907 4513 1138 4584 πάροδον
1181 4512 1226 4546 ⁸⁵
1257 4513 1354 4583 τὴν
1389 4512 1524 4582 πρὸς
1554 4511 1770 4575 αὐτοὺς,
1811 4511 1905 4564 καὶ⁴

341 4609 441 4680 τὴν
478 4605 825 4677 ἀποχώρησιν
850 4623 862 4636 ·
899 4604 1037 4657 ὥστε
1084 4604 1268 4674 σχεδὸν
1313 4605 1397 4673 ἐφ’
1420 4604 1629 4674 ἡμέρας
1664 4610 1715 4674 μ’
1755 4601 1907 4673 μένει

342 4699 481 4770 πρὸς
514 4697 761 4768 αἴσθησιν
809 4697 901 4750 ἐπὶ
932 4695 1204 4764 τροπικῶν
1246 4694 1491 4747 κύκλων·
1526 4693 1592 4746 δι’
1623 4694 1687 4765 ἣν
1728 4693 1906 4747 αἰτίαν

341 4789 428 4843 τὰ·
453 4787 656 4860 μεγέθη
687 4786 794 4839 τῶν
823 4785 1043 4858 ἡμερῶν
1072 4785 1256 4855 σχεδὸν
1288 4785 1371 4853 ἐφ’
1396 4784 1610 4855 ἡμέρας
1646 4790 1697 4854 μ’
1729 4783 1905 4836 ταυτά

341 4879 580 4951 διαμένει
606 4896 620 4910 ο
654 4877 795 4940 ὅθεν,
846 4877 1108 4948 ἐπιμονῆς
1131 4876 1418 4946 γινομένης
1460 4875 1595 4946 πρὸς
1626 4873 1724 4937 τὰς
1751 4875 1904 4944 οἰκή-

344 4988 456 5035 σεις
503 4969 602 5034 τὰς
645 4969 901 5040 κειμένας
929 4969 1032 5022 ὑπὸ
1057 4969 1182 5030 τοὺς
1207 4967 1518 5039 τροπικοὺς,
1547 4967 1758 5038 ἀνάγκη
1804 4966 1905 5018 ἐκ-

345 5060 647 5134 πυροῦσθαι
694 5060 790 5132 τὴν
832 5059 1064 5130 οἴκησιν,
1100 5060 1191 5111 καὶ
1225 5059 1476 5128 ἀοίκητον
1523 5057 1767 5125 γίνεσθαι
1815 5057 1904 5113 διὰ

341 5154 439 5224 τὴν
470 5153 563 5207 τοῦ
589 5155 868 5224 καύματος
896 5151 1220 5224 ὑπερϐολήν.
1282 5153 1413 5205 Ἀπὸ
1439 5153 1496 5205 δέ
1523 5152 1616 5205 τοῦ
1657 5155 1907 5224 ἰσημερι-

342 5243 436 5297 νοῦ
471 5243 670 5297 κύκλου
712 5244 930 5315 ταχείας
971 5241 1251 5313 συμϐαίνει
1285 5243 1382 5305 τὰς
1415 5243 1795 5313 ἀποχωρήσεις
1823 5241 1909 5310 γί-

343 5335 558 5390 νεσθαι·
603 5335 722 5389 ὅθεν
766 5337 858 5390 καὶ
891 5335 958 5388 τὰ
996 5334 1195 5406 μεγέθη
1222 5334 1328 5387 τῶν
1366 5333 1589 5404 ἡμερῶν
1639 5334 1766 5404 περὶ
1808 5333 1908 5395 τὰς

347 5427 633 5498 ἰσημερίας
666 5427 907 5498 μεγάλας
939 5427 1200 5497 λαμϐάνει
1234 5426 1333 5489 τὰς
1365 5422 1754 5495 παραυξήσεις.
1803 5422 1907 5476 Εὖ-

343 5518 498 5588 λογον
529 5517 622 5574 οὖν
665 5522 886 5584 καὶτὰς
925 5521 1027 5573 ὑπὸ
1051 5521 1142 5572 τὸν
1188 5518 1496 5590 ἰσημερινὸν
1535 5516 1790 5588 κειμένας
1833 5516 1910 5570 οἰ-

419 5673 464 5704 ”
490 5691 578 5743 γρ.
617 5673 894 5745 πρόσοδον.

665 5770 937 5829 ΡΑτιιοι.
977 5769 1097 5830 Gn.
1154 5771 1326 5833 XIX;

2001 1873 2055 1920 et
2095 1869 2338 1936 occasui,
2385 1871 2650 1940 putabant
2691 1873 2936 1927 comburi
2971 1888 2999 1926 a
3038 1875 3170 1928 sole.
3228 1872 3354 1928 Hzec
3383 1881 3564 1930 autem

2001 1959 2185 2028 Opinio
2213 1966 2506 2032 proposita:
2535 1965 2753 2033 quidem
2783 1965 3131 2035 dispositioni
3159 1980 3402 2038 congrua
3437 1973 3566 2033 est;

2001 2053 2096 2106 sed
2131 2068 2160 2106 a
2190 2069 2315 2108 vera
2349 2057 2690 2126 naturalique
2731 2057 2955 2126 sphaerae
2983 2057 3308 2112 formatione
3335 2063 3418 2112 est
3436 2057 3566 2112 alie.

2001 2157 2090 2195 na.
2155 2143 2321 2199 Terra
2363 2147 2506 2200 enim
2536 2147 2591 2201 in
2619 2147 2796 2203 medio
2836 2150 3057 2217 ponitur
3090 2148 3327 2203 universi
3350 2149 3562 2215 mundi,

2003 2236 2272 2307 habetque
2300 2240 2482 2307 puncti
2510 2241 2796 2294 rationem.
2833 2239 3002 2295 Ortus
3028 2256 3159 2297 vero
3194 2240 3328 2296 solis
3378 2249 3431 2296 et
3479 2257 3569 2297 oc-

2003 2346 2166 2388 casus
2183 2331 2318 2386 fiunt
2344 2348 2412 2386 ex
2437 2334 2658 2399 aethere,
2703 2342 2758 2389 et
2805 2335 2860 2389 in
2909 2338 3128 2402 aathere,
3156 2349 3280 2388 cum
3313 2334 3395 2390 sol
3422 2350 3568 2390 sem-

2003 2437 2100 2491 per
2123 2423 2402 2492 aaqualiter
2429 2425 2594 2479 distet
2621 2441 2650 2478 a
2684 2433 2846 2480 terra.
2878 2426 3032 2484 Unde
3060 2429 3332 2498 praedictae
3359 2427 3568 2485 Ethio-

2005 2513 2106 2583 pia:
2130 2530 2238 2568 non
2270 2523 2398 2569 sunt
2427 2517 2728 2582 cogitandae
2752 2537 2764 2572 :
2793 2534 2913 2588 quae
2933 2534 3061 2574 vero
3092 2521 3284 2590 positae
3314 2528 3443 2576 sunt
3463 2523 3569 2577 sub

2004 2607 2234 2676 tropicis
2259 2609 2466 2674 mundi,
2499 2625 2729 2680 quaeque
2755 2619 2881 2667 sunt
2908 2613 2963 2666 in
2992 2615 3431 2671 extremitatibus
3460 2622 3574 2670 tor-

2004 2697 2246 2752 ridarum
2280 2713 2565 2767 zonarum,
2610 2708 2736 2756 sunt
2783 2702 3083 2758 secundum
3129 2712 3405 2761 naturam.
3462 2703 3570 2761 Ve-

2005 2795 2312 2843 rumtamen
2343 2805 2455 2844 non
2493 2797 2578 2846 est
2616 2791 2962 2863 cogitandum
3009 2776 3414 2850 inhabitabilem
3446 2809 3570 2851 esse

2007 2896 2201 2936 zonam
2252 2882 2537 2937 torridam.
2586 2882 2706 2938 Jam
2753 2883 2898 2939 enim
2947 2884 3015 2938 ad
3067 2885 3237 2940 multa
3269 2885 3388 2940 loca
3419 2901 3570 2942 zonae

2007 2973 2228 3027 torridae
2264 2982 2528 3028 venerunt
2571 2974 2759 3045 aliqui,
2815 2982 2870 3031 et
2895 2975 3130 3045 plurima
3181 2976 3302 3032 loca
3347 2977 3568 3032 inventa

2008 3069 2134 3117 sunt
2171 3062 2506 3118 habitabilia.

2080 3239 2232 3296 Unde
2263 3240 2426 3296 etiam
2453 3242 2713 3312 quaeritur
2738 3255 2769 3296 a
2791 3242 2998 3307 multis,
3036 3257 3104 3297 an
3128 3245 3244 3299 loca
3283 3233 3429 3300 circa
3455 3259 3572 3299 me-

2007 3329 2151 3384 diam
2177 3330 2436 3385 torridam
2465 3347 2658 3386 zonam
2700 3333 2810 3386 sint
2851 3333 3020 3404 magis
3045 3333 3380 3401 habitabilia,
3405 3350 3569 3405 quam

2008 3421 2374 3476 habitationes
2416 3437 2536 3492 quae
2575 3424 2845 3478 exsistunt
2882 3425 3028 3479 circa
3061 3426 3433 3480 extremitates
3465 3436 3572 3480 tor-

2007 3513 2138 3568 ridae
2164 3528 2332 3568 zonae.
2359 3514 2616 3586 Polybius
2638 3515 2800 3586 igitur
2830 3515 3124 3571 historicus
3155 3516 3482 3584 conscripsit
3505 3517 3573 3568 li-

2007 3603 2165 3658 brum
2209 3605 2303 3675 qui
2345 3605 2684 3671 inscribitur,
2748 3606 2826 3660 De
2881 3605 3201 3661 habitatione
3233 3607 3377 3660 circa
3411 3608 3575 3672 a'qui-

2008 3691 2309 3746 noctialem.
2366 3692 2494 3748 Hac
2540 3703 2719 3750 autem
2768 3704 2853 3751 est
2887 3697 2943 3750 in
2974 3697 3150 3751 media
3176 3697 3380 3752 torrida
3411 3713 3570 3777 zona;

2007 3791 2171 3853 atque
2219 3783 2396 3854 inquit
2441 3785 2673 3840 habitari
2720 3786 2835 3842 haec
2869 3787 3012 3851 loca,
3069 3795 3123 3843 et
3150 3788 3350 3844 habere
3398 3789 3575 3862 magis

2008 3882 2362 3945 temperatam
2390 3877 2802 3944 habitationem,
2827 3894 2988 3950 quam
3019 3880 3220 3936 habent
3242 3882 3276 3936 ii
3308 3883 3399 3953 qui
3429 3883 3577 3938 circa

2008 3969 2380 4025 extremitates
2414 3970 2632 4025 torrida:
2660 3986 2811 4026 zonae
2850 3973 3101 4028 habitant
3133 3989 3146 4025 :
3178 3989 3242 4029 ac
3271 3975 3464 4045 partim
3497 3974 3579 4030 hi-

2009 4060 2210 4114 storias
2242 4059 2396 4115 all‘ert
2425 4077 2612 4116 eorum
2655 4064 2765 4149 ‘qui
2793 4064 3038 4148 viderant
3061 4065 3160 4121 has
3189 4066 3574 4133 habitationes,

2008 4159 2063 4206 et
2082 4151 2305 4221 insuper
2333 4154 2700 4208 testimonium
2730 4155 3040 4224 praebebant
3064 4159 3416 4228 apparentiis;
3448 4174 3578 4228 par-

2009 4241 2104 4294 tim
2137 4243 2496 4296 ratiocinatur
2530 4259 2598 4297 ex
2629 4246 2862 4299 naturali
2894 4247 3025 4301 solis
3056 4256 3225 4304 motu.
3281 4245 3376 4302 Sol
3427 4248 3573 4302 enim

2010 4332 2156 4386 circa
2185 4333 2424 4402 tropicos
2453 4332 2690 4390 circulos
2714 4334 2874 4405 longo
2908 4346 3284 4390 commoratur
3308 4343 3573 4406 tempore,

2011 4422 2310 4478 secundum
2354 4439 2637 4480 accessum
2673 4424 2739 4479 ad
2771 4441 2886 4490 eos,
2921 4434 2974 4480 et
3002 4426 3325 4492 discessum,
3366 4434 3425 4481 ut
3464 4427 3576 4483 fere

2014 4512 2079 4565 ad
2139 4513 2257 4594 dies
2308 4516 2664 4586 quadraginta
2695 4517 2801 4586 32
2834 4524 3070 4582 maneat,
3115 4519 3295 4588 quoad
3327 4534 3573 4584 sensum,

2013 4601 2068 4654 in
2115 4602 2340 4672 tr0picis
2387 4605 2625 4659 circulis.
2676 4603 2848 4669 Quam
2888 4605 2958 4658 ob
2996 4619 3217 4661 causam
3250 4607 3578 4678 magnitudi-

2012 4706 2110 4745 nes
2140 4692 2349 4746 dierum
2394 4693 2506 4748 fere
2535 4694 2600 4747 ad
2628 4694 2744 4750 dies
2777 4695 2846 4749 40
2885 4697 3105 4751 manent
3139 4697 3360 4752 eaedem.
3419 4697 3577 4754 Unde

2014 4798 2137 4838 cum
2185 4801 2334 4840 mora
2363 4785 2454 4840 ﬁat
2485 4786 2550 4839 ad
2591 4785 2712 4841 illas
2764 4786 3126 4844 habitationes
3157 4804 3276 4858 quae
3299 4789 3420 4844 sita;
3447 4796 3578 4844 sunt

2017 4875 2119 4930 sub
2162 4877 2408 4946 tropicis,
2454 4892 2678 4932 necesse
2719 4887 2803 4934 est
2855 4885 2914 4932 ut
2943 4879 3138 4945 ardpre
3159 4886 3433 4935 torreatur
3461 4880 3578 4935 haec

2015 4966 2297 5030 habitatio,
2333 4977 2494 5037 atque
2526 4967 2898 5024 inhabitabilis
2928 4969 3020 5024 fiat
3059 4978 3278 5041 propter
3307 4978 3473 5027 aestus
3491 4986 3579 5026 ex-

2014 5073 2250 5114 cessum.
2303 5059 2373 5112 At
2411 5059 2481 5113 ab
2510 5061 2873 5131 aequinoctiali
2908 5063 3114 5118 circulo
3139 5063 3406 5134 contingit
3433 5064 3579 5119 velo-

2013 5164 2106 5204 ces
2135 5149 2248 5204 fieri
2277 5149 2552 5205 discessus
2580 5170 2593 5206 :
2641 5151 2783 5206 unde
2808 5152 2973 5205 etiam
3003 5152 3407 5222 magnitudines
3457 5151 3577 5206 die-

2007 5255 2132 5296 rum
2181 5241 2328 5296 circa
2378 5242 2702 5312 aequinoctia
2737 5258 2928 5312 magna
2949 5243 3172 5313 capiunt
3214 5242 3573 5296 incrementa.

2009 5332 2451 5388 Consentaneum
2499 5335 2777 5406 estigitur
2826 5350 2921 5391 eas
2966 5336 3126 5390 etiam
3186 5334 3572 5398 habitationes,

2009 5439 2132 5494 quae
2164 5431 2291 5479 sunt
2319 5424 2436 5479 sita:
2461 5424 2562 5479 sub
2590 5425 2980 5494 aequinoctiali,
3010 5426 3184 5496 magis
3214 5440 3337 5481 esse
3361 5430 3568 5494 tempe-

2009 5525 2158 5573 ratas
2183 5536 2197 5586 ;
2223 5531 2347 5574 cum
2376 5517 2630 5574 ascensio
2659 5517 2874 5589 quidem
2911 5517 3001 5572 ﬁat
3035 5533 3200 5574 suoer
3231 5524 3432 5572 nuncto
3460 5533 3578 5572 ver-

3228 5768 3308 5830 27
