4146 6442
571 319 679 376 8-ιὸ

1562 304 1650 358 AD
1693 297 1960 356 EUSEBII
1996 293 2394 352 CHBONICON
2433 292 2804 350 APPENDIX.

3698 289 3803 346 8-H

569 435 742 498 ticali,
769 433 1026 488 velociter
1047 440 1228 486 tamen
1255 429 1336 484 sol
1367 425 1607 481 recedat.
1647 421 1850 476 Omnes
1871 417 2012 472 enim
2041 413 2135 483 qui

2241 416 2426 482 κήσεις
2469 411 2866 484 εὑκρατοτέρας
2916 411 3202 482 ὑπάρχειν,
3233 407 3484 478 ἐπιτολῆς
3531 405 3630 478 μὲν
3659 425 3804 476 γινο-

573 534 716 587 inter
743 527 984 596 tropicos
1023 525 1260 579 circulos
1293 519 1559 577 habitant.
1597 513 1663 569 ad
1693 523 1976 567 accessum
2005 505 2138 561 solis

573 629 825 687 similiter
855 633 982 682 sunt
1008 620 1257 678 collocati
1296 636 1310 672 :
1353 617 1400 672 is
1427 623 1604 668 tamen
1636 605 1974 678 longioribus
2004 609 2140 654 tem-

575 720 800 792 poribus
847 715 990 786 apud
1033 729 1128 768 eos
1160 713 1550 769 commoratur,
1593 701 1684 770 qui
1718 699 1863 752 circa
1897 693 2139 761 tropicos

575 813 858 876 habitant;
887 823 1048 880 quam
1078 806 1148 860 ob
1177 815 1398 856 causam
1426 793 1840 866 temperatiores
1867 801 1990 842 esse
2014 799 2138 837 con-

577 906 738 976 tingit
797 877 1300 958 easﬁhabitationes
1347 905 1468 961 qua:
1513 895 1642 942 sunt
1702 883 1850 937 circa
1896 877 2139 947 aequino-

575 966 788 1054 ctialem
813 1035 827 1058 ,
855 1007 1080 1062 quaeque
1115 988 1233 1042 sita:
1266 991 1393 1040 sunt
1427 983 1480 1036 in
1519 977 1698 1034 media
1739 987 1876 1028 zona
1907 966 2135 1028 torrida,

575 1105 739 1161 quam
769 1095 894 1143 sunt
934 1083 1000 1137 iis
1034 1082 1125 1151 qui
1153 1080 1300 1132 circa
1329 1073 1704 1130 extremitates
1739 1079 1890 1120 zona:
1917 1058 2137 1115 torrida}

575 1158 841 1244 habitant,
873 1177 1074 1246 quique
1103 1179 1229 1228 sunt
1269 1166 1432 1239 positi
1473 1163 1576 1219 sub
1609 1158 1856 1230 trqpicis.

1130 1455 1356 1515 CAPUT
1399 1451 1536 1509 XIV.

891 1577 964 1632 De
997 1573 1471 1647 signiﬁcationibus
1517 1578 1808 1628 astrorum.

643 1695 833 1752 Sermo
880 1691 948 1749 de
999 1689 1486 1762 signiﬁcationibus
1535 1685 1678 1756 apud
1725 1683 1921 1740 idiotas
1959 1679 2140 1734 diver-

2248 504 2412 572 μένης
2455 505 2547 556 ἐπὶ
2594 505 2684 560 τοῦ
2725 509 2862 562 κατά
2913 505 3154 577 κορυφὴν
3207 503 3452 574 σημείου,
3498 501 3703 571 ταχέως
3747 500 3806 554 δέ

2243 594 2652 664 ἀποχωροῦντος
2703 597 2796 650 τοῦ
2839 597 3009 668 ήλίου.
3055 597 3258 658 Πάντες
3311 594 3418 666 γάρ
3469 591 3668 664 μεταξὺ
3697 590 3804 643 τῶν

2241 685 2516 753 τροπικῶν
2585 687 2794 742 κύκλων
2860 689 3130 750 οἰκοῦντες
3189 685 3340 758 παρά
3403 685 3502 754 τὴν
3571 681 3804 753 πάροδον

2241 775 2439 842 ὁμοίως
2477 778 2681 828 κεῖνται
2713 777 2806 829 τοῦ
2842 777 2990 846 ἡλίου
3011 794 3025 806 ⁸
3059 775 3308 838 πλείονας
3339 775 3394 828 δὲ
3431 773 3652 845 χρόνους
3681 774 3802 824 ἔπι·

2245 865 2392 936 μένει
2417 871 2527 931 τοῖς
2573 870 2697 940 περὶ
2739 870 2864 932 τοὺς
2895 871 3188 941 τροπικοὺς
3221 867 3462 922 οἰκοῦσιο
3507 867 3572 920 δι’
3606 867 3672 938 ἣν
3719 865 3804 918 αἰ-

2239 957 2362 1009 τίαν
2407 960 2800 1032 εὑκρατοτέρας
2847 957 2982 1014 εἶναι
3041 961 3352 1032 συμϐέϐηκε
3403 959 3500 1021 τὰς
3539 959 3666 1026 περὶ
3710 957 3802 1010 τὸν

2243 1047 2554 1119 ἰσημερινὸν
2608 1053 2881 1119 οἰκήσεις,
2931 1052 3132 1112 αἵτινες
3181 1052 3385 1102 κεῖνται
3447 1049 3502 1100 ἐν
3547 1047 3688 1120 μέσῃ
3734 1047 3800 1117 τῇ

2237 1137 2634 1211 διακεκαυμένη
2680 1139 2845 1212 ζώνῃ,
2871 1141 2978 1195 τῶν
3001 1143 3128 1212 περὶ
3155 1141 3223 1194 τά
3266 1141 3474 1210 πέρατα
3501 1140 3598 1210 τῆς
3623 1139 3806 1191 διακε-

2241 1229 2516 1300 καυμένης
2541 1230 2848 1296 οἰκούντων,
2876 1233 3072 1296 οἵτινες
3105 1233 3208 1286 ὑπὸ
3235 1233 3357 1294 τοὺς
3383 1231 3673 1302 τροπικοὺς
3703 1229 3802 1284 κὺ-

2242 1320 2397 1384 κλους
2435 1325 2660 1377 κεῖνται.

2759 1437 3154 1491 ΚΕΦΑΛΑΙΟΝ
3179 1439 3272 1490 ΙΔ’.

2462 1552 2602 1622 Περὶ
2631 1553 3046 1624 ἐπισημασιῶν
3084 1551 3204 1606 τῶν
3235 1550 3471 1620 ἄστρων
3512 1550 3578 1604 ⁵³.

2321 1667 2378 1720 Ὁ
2415 1667 2540 1738 περὶ
2579 1667 2956 1738 ἐπισημασιῶν
3001 1667 3160 1736 λόγος
3197 1667 3345 1738 παρά
3375 1666 3471 1736 μὲν
3509 1667 3622 1728 τοῖς
3653 1663 3800 1718 ἰδιώ-

571 1803 687 1846 sam
716 1787 856 1859 parit
903 1786 1237 1856 Opinionem,
1281 1781 1438 1852 quasi
1475 1789 1696 1850 propter
1726 1781 1998 1831 astrorum
2031 1783 2139 1826 or—

2238 1776 2354 1824 ταις
2397 1759 2614 1814 ἀλλοίαν
2659 1759 2771 1830 ἔχει
2823 1759 3103 1830 διάληψιν,
3145 1759 3220 1823 ὡς
3281 1758 3375 1812 ἐπὶ
3431 1757 3540 1809 τῶν
3585 1755 3803 1826 ἄστρων

573 1891 662 1939 tus
698 1888 753 1937 et
795 1893 1026 1935 occasus
1060 1876 1189 1930 ﬁant
1237 1875 1378 1928 aeris
1433 1870 1786 1926 mutationes.
1839 1863 2138 1918 Mathema-

573 1973 713 2028 ticus
738 1985 868 2026 vero
893 1977 947 2024 et
983 1967 1244 2038 physicus
1277 1963 1441 2017 aliam
1473 1961 1636 2016 habet
1665 1957 2003 2028 opinionem.
2057 1951 2136 2006 Ac

571 2063 748 2132 primo
771 2047 1369 2130 quidem'statuen‘dum
1413 2061 1518 2118 est,
1553 2051 1702 2122 quod
1739 2049 1825 2104 ha:
1861 2043 2138 2117 signiﬁca-

573 2159 750 2212 tiones
777 2155 1032 2210 imbrium
1058 2161 1112 2208 et
1149 2159 1460 2214 ventorum,
1499 2163 1622 2219 quae
1655 2145 1808 2210 ﬁunt,
1839 2143 1986 2197 circa
2025 2149 2138 2194 ter-

571 2269 688 2309 ram
721 2253 871 2316 ﬁant,
903 2257 956 2307 et
982 2249 1048 2304 ad
1084 2248 1346 2318 majorem
1378 2241 1718 2299 altitudinem
1747 2255 1857 2296 non
1885 2237 2132 2294 tendant:

571 2344 940 2402 exhalationes
989 2341 1134 2396 enim
1160 2345 1344 2394 sunte
1381 2341 1527 2392 terra
1583 2334 1744 2388 variae
1789 2337 1842 2386 et
1887 2336 2134 2399 expertes

571 2435 802 2498 ordinis,
843 2443 904 2488 ut
939 2433 1010 2488 sit
1055 2429 1391 2501 impossibile
1426 2439 1520 2482 eas
1549 2438 1724 2494 usque
1775 2420 1844 2474 ad
1885 2421 2135 2474 inerran-

573 2531 706 2583 tium
751 2527 1032 2582 stellarum
1068 2523 1335 2592 sphaeram
1372 2517 1594 2574 tendere
1628 2534 1643 2570 :
1676 2512 1772 2569 sed
1815 2527 1990 2582 neque
2016 2511 2134 2566 sin-

570 2621 710 2692 gulae
755 2618 930 2672 nubes
970 2622 1194 2686 propter
1240 2611 1583 2666 altitudinem
1613 2621 1680 2662 eo
1718 2604 1966 2659 tendunt.
2029 2599 2134 2666 Qui

570 2714 736 2784 igitur
767 2708 1070 2766 ascendunt
1099 2705 1378 2776 Cyllenen,
1411 2701 1738 2756 altissimum
1767 2699 1824 2750 in
1869 2693 2136 2784 Pelopon-

571 2783 708 2858 neso
732 2806 994 2864 montem,
1025 2804 1079 2851 et
1109 2793 1378 2850 Mercurio
1407 2791 1463 2846 in
1485 2790 1690 2846 vertice
1717 2788 1923 2840 montis
1953 2783 2134 2836 dicato

574 2891 902 2955 sacriﬁcant,
936 2888 1010 2946 hi.
1043 2899 1168 2940 cum
1210 2897 1404 2938 rursus
1437 2888 1562 2950 post
1587 2891 1792 2932 annum
1835 2873 2134 2930 ascenden-

571 2993 656 3038 tes
693 2979 960 3037 sacriﬁcia
1017 2975 1324 3046 perﬁciunt,
1390 2969 1678 3026 inveniunt
1703 2975 1758 3022 et
1797 2964 2006 3020 femora
2079 2967 2134 3016 et

573 3079 808 3131 cinerem
828 3074 896 3128 ab
918 3073 1042 3142 igne
1070 3069 1320 3123 relictum
1348 3065 1404 3118 in
1439 3062 1628 3118 eodem
1657 3061 1789 3134 loco
1832 3055 2130 3121 manentia,
2159 3081 2204 3138 α

573 3172 630 3225 in
675 3181 786 3237 quo
837 3165 1207 3234 reliquerant;
1251 3165 1306 3213 et
1351 3170 1528 3225 neque
1557 3169 1588 3207 a
1615 3152 1814 3216 ventis,
1861 3163 2038 3219 neque
2067 3148 2134 3202 ab

573 3257 838 3316 imbribus
863 3256 1170 3316 immutata,
1202 3265 1266 3306 eo
1295 3248 1438 3320 quod
1471 3261 1661 3301 omnes
1693 3245 1870 3299 nubes
1923 3250 1979 3298 et
2007 3255 2138 3295 ven-

571 3355 752 3405 torum
805 3345 1220 3402 constitutiones
1269 3339 1414 3397 infra
1455 3337 1714 3394 verticem
1755 3334 1956 3390 montis
2005 3347 2138 3387 con-

574 3445 890 3498 stituantur.
923 3436 1076 3506 Saepe
1099 3436 1260 3490 etiam
1307 3432 1388 3486 illi
1437 3430 1534 3500 qui
1563 3429 1620 3482 in
1683 3425 2030 3498 Satabyrium
2077 3439 2140 3479 a-

575 3533 860 3594 scendunt,
879 3543 976 3600 per
1004 3527 1178 3582 nubes
1209 3523 1416 3579 faciunt
1445 3533 1756 3582 ascensum,
1781 3529 1833 3573 et
1863 3517 2008 3572 infra
2023 3531 2140 3572 ver-

571 3621 738 3675 ticem
792 3617 996 3671 montis
1057 3619 1304 3683 spectant
1356 3611 1583 3666 nubium
1651 3607 2020 3664 collectiones.
2073 3604 2140 3658 Et

577 3711 824 3782 Cyllenes
858 3707 1074 3778 quidem
1107 3703 1336 3759 altitudo
1361 3711 1447 3758 est
1475 3701 1656 3755 minor
1697 3697 1891 3755 stadiis
1937 3697 2024 3762 15,
2079 3705 2140 3752 ut

577 3801 922 3856 Dicaearchus
946 3797 1270 3868 geometrice
1294 3795 1666 3856 demonstrat;
1711 3789 1983 3860 Satabyrii
2005 3803 2138 3844 vero

577 3892 1024 3966 perpendiculum
1059 3890 1238 3943 minus
1273 3895 1358 3943 est
1389 3885 1584 3942 stadiis
1615 3885 1702 3939 M.
1757 3881 1961 3939 Omnes
1993 3883 2135 3938 enim

577 3985 770 4052 nubes,
811 3991 872 4037 ut
897 3981 1154 4039 diximus.
1189 3993 1312 4034 cum
1355 3993 1422 4033 ex
1459 3987 1602 4031 terra
1643 3975 1878 4031 habeant
1918 3973 2132 4030 exhala-

579 4083 804 4138 tionem,
859 4073 1005 4126 circa
1050 4079 1250 4126 terram
1281 4069 1454 4138 ﬁunt.
1514 4065 1905 4121 Praedictiones
1955 4075 2137 4120 autem

579 4166 1054 4238 signiﬁcationum,
1093 4177 1212 4232 quae
1241 4163 1296 4217 in
1317 4159 1792 4232 parapegmatibus
1821 4159 1975 4223 ﬁunt,
2029 4173 2139 4213 non

579 4265 832 4314 constant
871 4253 1196 4326 quibusdam
1239 4254 1403 4308 certis
1443 4254 1755 4322 praeceptis,
1797 4266 1975 4322 neque
2024 4257 2142 4304 arte

579 4350 812 4420 quadam
857 4347 1178 4408 traduntur,
1211 4351 1270 4398 ut
1305 4343 1541 4398 habeant
1587 4342 1958 4398 necessarium
2009 4338 2144 4396 eﬁe-

2236 1851 2508 1916 ἐπιτολαῖς
2554 1853 2649 1906 καὶ¹
2677 1852 2858 1904 δύσεσι
2905 1851 3012 1906 τῶν
3045 1851 3172 1921 περὶ
3199 1851 3288 1904 τὸν
3315 1849 3456 1918 ἀέρα
3489 1847 3802 1920 μεταϐολῶν

2235 1945 2564 2015 γινομένωνο
2597 1947 2626 1998 ὁ
2659 1945 2718 1998 δὲ
2765 1943 3145 2015 μαθηματικὸς
3193 1945 3287 1998 καὶ
3337 1943 3564 2012 φυσικὸς
3611 1942 3801 2013 ἑτέραν

2236 2036 2347 2108 ἔχει
2391 2037 2567 2102 δόξαν.
2609 2037 2718 2090 Καὶ
2763 2037 2976 2108 πρῶτον
3009 2037 3106 2108 μὲν
3144 2035 3486 2105 διαληπτέον,
3519 2037 3599 2088 ὅτι
3639 2037 3694 2087 αἱ
3723 2053 3802 2102 γι-

2236 2131 2458 2199 νόμεναι
2507 2129 2862 2200 ἐπισημασίαι
2909 2128 3130 2200 ϐμϐρων
3173 2129 3268 2182 καὶ¹
3299 2129 3622 2198 πνευμάτων
3673 2128 3801 2198 περὶ⁹

2234 2221 2332 2292 τὴν
2377 2221 2479 2292 γῆν
2518 2221 2778 2290 γίνονται,
2813 2223 2890 2285 είς
2923 2221 2981 2273 δὲ
3011 2222 3192 2274 πλεῖον
3239 2219 3370 2289 ῦψος
3413 2221 3474 2272 οὑ
3507 2219 3801 2272 διατείνου-

2237 2331 2350 2368 σιν·
2381 2313 2770 2385 ἀναθυμιάσεις
2811 2315 2918 2384 γάρ
2955 2317 3091 2366 εἰσιν
3123 2313 3186 2365 ἐκ
3209 2313 3316 2382 γῆς
3339 2311 3680 2366 παντοδαπαὶ
3707 2309 3802 2364 καὶ

2234 2405 2492 2459 ἀτακτοιο
2539 2403 2678 2458 ὥστε
2743 2404 2817 2476 μὴ
2861 2399 2970 2458 οἶόν
3019 2399 3264 2466 τε,εἷναι
3323 2401 3487 2474 μέχρι
3543 2403 3644 2472 τῆς
3692 2399 3804 2454 τῶν

2233 2497 2487 2550 ἀπλανῶν
2542 2496 2786 2568 ἀστέρων
2839 2497 3076 2566 σφαίρας
3127 2494 3441 2549 διατείνειν·
3491 2491 3630 2546 ἀλλά
3679 2492 3800 2562 μηδ’

2233 2590 2436 2643 ἕκαστα
2485 2589 2573 2643 διὰ
2618 2589 2680 2644 τὸ
2729 2588 2860 2658 ὕψος
2900 2587 3198 2643 ἀνατείνειν
3243 2588 3312 2640 τά
3361 2587 3518 2657 νέφη.
3565 2587 3628 2638 Οἱ
3671 2583 3802 2654 γοῦν

2233 2683 2326 2736 ἐπὶ
2379 2681 2474 2754 τὴν
2511 2681 2794 2752 Κυλλήνην
2847 2681 2957 2752 (47)
3010 2681 3409 2746 ἀναϐαίνοντες,
3457 2679 3583 2750 δρος
3633 2679 3692 2732 ἐν
3730 2681 3800 2749 τῇ

2233 2775 2623 2846 Πελοποννήσῳ
2655 2774 3007 2845 ὑψηλότατον,
3035 2773 3130 2826 καὶ
3165 2773 3382 2835 θύοντες
3415 2770 3492 2842 τῷ
3517 2770 3804 2826 καθωσιω·

2236 2865 2383 2938 μένῳ
2414 2867 2506 2919 ἐπὶ
2532 2867 2632 2936 τῆς
2677 2865 2922 2937 κορυφῆς
2963 2865 3058 2918 τοῦ
3089 2865 3246 2936 ὄρους
3289 2864 3484 2936 Ἑρμῇ,
3524 2865 3650 2917 ὅταν
3692 2873 3800 2918 πά·-

2233 2957 2316 3011 λιν
2345 2957 2411 3011 δι’
2441 2957 2685 3012 ἐνιαυτοῦ
2735 2957 3114 3020 ἀναϐαίνοντες
3159 2955 3256 3020 τάς
3305 2955 3497 3022 θυσίας
3543 2957 3802 3010 ἐπιτελῶ-

2235 3065 2340 3112 σιν,
2371 3048 2680 3118 εὑρίσκουσι
2727 3047 2821 3102 καὶ
2858 3047 2926 3102 τὰ
2971 3047 3161 3120 μηρία,
3195 3046 3290 3098 καὶ
3331 3047 3432 3118 τὴν
3463 3047 3668 3118 τέφραν
3703 3047 3802 3118 τὴν

2237 3140 2462 3194 ἀπὸτοῦ
2511 3141 2682 3211 πυρὸς
2731 3141 2788 3191 ὲν
2836 3141 2902 3210 τῇ
2951 3140 3085 3210 αὑτῇ
3126 3139 3275 3203 τάξει
3312 3139 3596 3208 μένουσαν,
3657 3141 3713 3192 ἐν

2236 3233 2328 3286 καὶ
2363 3231 2648 3286 κατέλιπον
2669 3249 2680 3262 ·
2721 3233 2815 3286 καὶ
2850 3229 2978 3302 μήθ’
3007 3231 3111 3284 ὑπὸ
3153 3231 3498 3302 πνευμάτων,
3536 3231 3662 3302 μήθ’
3695 3231 3802 3284 ὑπὸ

2235 3323 2453 3396 ὄμϐρων
2483 3321 2822 3394 ἡλλοιωμένα
2843 3339 2858 3354 ·
2889 3323 2976 3376 διὰ
3005 3323 3066 3376 τὸ
3097 3325 3272 3378 πάντα
3303 3323 3372 3376 τὰ
3407 3324 3543 3395 νέφη
3581 3325 3676 3378 καὶ¹
3703 3325 3802 3388 τὰς

2234 3417 2342 3472 τῶν
2379 3417 2594 3488 ἀνέμων
2638 3417 2922 3480 συστάσεις
2959 3417 3214 3472 ὑποκάτω
3255 3417 3356 3488 τῆς
3383 3417 3475 3470 τοῦ
3509 3417 3669 3488 ὅρους
3707 3435 3802 3470 κο-

2239 3511 2416 3582 ρυφῆς
2461 3509 2825 3563 συνίστασθαι.
2875 3509 3142 3571 Πολλάκις
3181 3509 3236 3562 δὲ
3289 3509 3384 3562 καὶ
3424 3511 3472 3561 οἱ
3517 3509 3595 3571 είς
3622 3509 3684 3562 τὸ
3707 3509 3804 3562 Σα-

2235 3601 2490 3673 ταϐύριον
2527 3601 2635 3672 (48)
2683 3601 3062 3664 ἀναϐαίνοντες
3091 3601 3177 3654 διά
3209 3601 3317 3655 τῶν
3365 3600 3543 3671 νεφῶν
3588 3601 3803 3656 ποιοῦν-

2237 3713 2325 3750 ται
2355 3697 2451 3767 τὴν
2479 3695 2761 3760 ἀνάϐασιν,
2793 3695 2887 3748 καὶ
2919 3694 3174 3748 ὑποκάτω
3201 3695 3300 3764 τῆς
3327 3693 3421 3748 τοῦ
3448 3695 3608 3766 ὅρους
3639 3712 3804 3766 κορυ-

2239 3789 2345 3858 φῆς
2378 3789 2640 3860 θεωροῦσι
2687 3785 2786 3858 τὴν
2829 3785 2938 3840 τῶν
2985 3787 3164 3856 νεφῶν
3213 3787 3493 3841 σύστασιν.
3529 3789 3639 3841 Καὶ
3685 3787 3802 3842 ἐστι

2243 3881 2342 3951 μὲν
2371 3881 2468 3950 τῆς
2511 3879 2794 3950 Κυλλήνης
2821 3879 2882 3932 τὸ
2910 3877 3042 3948 ὕψος
3072 3878 3296 3932 ἔλασσον
3341 3879 3568 3934 σταδίων
3599 3885 3680 3944 ιε’,
3725 3881 3804 3944 ὡς

2241 3973 2562 4042 Δικαίαρχος
2611 3971 2989 4042 ἀναμετρικῶς
3041 3971 3086 4004 ⁵⁸
3145 3971 3500 4039 ἀποφαίνεται
3532 3990 3546 4004 ·
3601 3973 3696 4026 τοῦ
3746 3973 3804 4026 δὲ

2240 4065 2573 4136 Σαταϐυρίου
2602 4063 2842 4118 ἐλάσσων
2877 4063 3022 4116 ἐστὶν
3055 4065 3088 4134 ἡ
3121 4063 3343 4126 κάθετος
3392 4063 3617 4116 σταδίων
3649 4064 3710 4118 ιδ’
3733 4067 3798 4120 ⁸⁷.

2239 4157 2423 4212 Πάντα
2475 4157 2598 4230 γὰρ’
2631 4157 2699 4211 τὰ
2746 4157 2903 4226 νέφη,
2958 4155 3208 4224 καθάπερ
3265 4153 3522 4226 εἴπομεν,
3582 4157 3646 4208 ἐκ
3701 4157 3806 4228 γῆς

2241 4249 2430 4320 ἔχοντα
2461 4249 2558 4321 τὴν
2601 4247 2984 4319 ἀναθυμίασιν,
3039 4247 3167 4318 περὶ
3194 4245 3294 4316 τὴν
3323 4246 3425 4316 γῆν
3467 4246 3696 4314 γίνεται.
3736 4249 3804 4300 Αἱ

2241 4343 2298 4394 δὲ
2343 4343 2620 4414 γινόμεναι
2657 4341 2984 4414 προρρήσεις
3019 4337 3128 4391 τῶν
3171 4337 3550 4408 ἐπισημασιῶν
3590 4339 3648 4390 ἐν
3693 4339 3808 4402 τοῖς

575 4449 742 4496 ctum.
769 4438 876 4494 Sed
903 4438 996 4508 qui
1025 4452 1092 4492 ex
1122 4451 1209 4499 eo,
1245 4435 1390 4506 quod
1421 4436 1736 4506 plerumque
1770 4434 1849 4498 iit,
1887 4447 1984 4504 per
2007 4445 2139 4502 quo-

2245 4435 2696 4505 παραπήγμασιν,
2731 4431 2830 4484 οὑκ
2864 4429 2969 4482 ἀπό
2997 4445 3157 4482 τινων
3181 4427 3652 4500 παραγγελμάτων
3677 4429 3806 4500 ὡρι-

577 4535 836 4588 tidianam
879 4529 1311 4586 observationem
1337 4527 1748 4598 congruentiam
1789 4525 2047 4594 capiunt,
2079 4521 2137 4576 hi

577 4625 634 4680 in
666 4609 875 4678 tabulas
931 4619 1238 4676 conferunt.
1277 4617 1444 4673 Facta
1481 4625 1564 4672 est
1603 4624 1784 4670 autem
1823 4613 1930 4668 ista
1973 4612 2139 4666 colle-

577 4717 688 4772 ctio
735 4723 790 4770 et
813 4713 1122 4770 observatio
1153 4713 1255 4767 hoc
1296 4711 1478 4766 modo.
1499 4708 1786 4779 Capientes
1813 4705 1956 4764 enim
1987 4703 2139 4775 prin-

579 4807 778 4877 cipium
809 4805 960 4870 anni,
1002 4811 1054 4858 et
1095 4803 1449 4858 observantes
1501 4801 1556 4854 in
1596 4814 1704 4869 quo
1745 4799 1903 4868 signo
1935 4795 2007 4852 sit
2057 4795 2140 4850 sol

577 4899 634 4953 in
671 4897 941 4969 principio
961 4896 1110 4960 anni,
1140 4903 1194 4950 et
1221 4893 1446 4964 gradum
1479 4892 1836 4955 ascribentes,
1882 4903 1980 4958 per
2026 4887 2141 4942 sin-

579 4993 736 5063 gulos
780 4991 898 5044 dies
943 4997 996 5043 et
1023 5001 1121 5058 per
1158 4987 1404 5056 singulos
1443 4999 1662 5039 menses
1691 4983 1866 5038 factas
1897 4983 2138 5052 integras

579 5081 910 5137 mutationes
963 5081 1127 5144 aeris,
1187 5086 1495 5140 ventorum,
1527 5076 1784 5130 imbrium
1840 5081 1895 5130 et
1924 5071 2143 5144 grandi-

578 5177 684 5238 nis,
738 5175 1112 5243 ascripserunt
1143 5170 1210 5224 ad
1245 5169 1376 5226 solis
1414 5170 1533 5224 loca
1559 5183 1656 5238 per
1694 5168 1908 5238 signum
1967 5163 2142 5238 quod-

579 5265 706 5320 libet
726 5273 780 5318 et
809 5263 1056 5334 gradum.
1087 5261 1239 5326 Quod
1263 5275 1358 5330 per
1374 5259 1554 5330 plures
1577 5273 1748 5314 annos
1769 5259 2142 5332 observantes,

645 5420 688 5449 ⁸⁵
721 5437 812 5486 γρ.
837 5417 945 5472 τῶν
971 5417 1194 5488 χρόνων.
1283 5413 1327 5446 ⁵⁸
1363 5412 1404 5482 Ῑσ
1440 5411 1929 5484 ἀναμεμετρηκώς-

654 5573 760 5644 (47)
796 5577 860 5626 οι
885 5573 1030 5642 γοῦν
1056 5567 1304 5644 ἐπί-τὴν
1333 5565 1884 5644 Κυλλήνῃν.-ουῥιξε
1913 5563 2138 5619 κάθετον

584 5635 670 5696 alii
704 5635 914 5707 xitfali'i
945 5659 1012 5696 xv
1039 5641 1230 5696 stadiis
1252 5635 1537 5707 deﬁniunt.
1573 5637 1767 5707 Strabo
1795 5635 2073 5707 libro_vtn.

651 5713 759 5784 (48)
779 5703 888 5780 Ἐἰς
911 5713 976 5768 τὸ
998 5711 1376 5779 Σατασύριον.
1409 5705 1535 5779 Leg.
1574 5704 1906 5776 Ἀταϐύριον.
1937 5703 2012 5758 De
2031 5717 2138 5775 quo

2240 4525 2448 4596 σμένων
2481 4525 2738 4592 γίνονται,
2767 4523 2886 4576 οὑδὲ
2935 4522 3094 4596 τέχνῃ
3126 4522 3230 4576 τινὶ
3267 4520 3637 4592 μεθοδεύονται
3676 4537 3808 4573 κατ-

2235 4618 2644 4691 ηναγκασμένον
2687 4615 2902 4685 ἔχουσαι
2949 4615 3009 4667 τὸ
3052 4615 3394 4684 ἀποτέλεσμα
3414 4629 3428 4644 ·
3477 4613 3592 4666 ἀλλ’
3636 4613 3684 4666 οἱ
3739 4613 3807 4666 ἐκ

2238 4707 2330 4761 τοῦ
2355 4709 2429 4771 ὡς
2460 4707 2660 4759 ἐπίπαν
2691 4703 2972 4775 γινομένου
3005 4703 3093 4757 διὰ
3110 4703 3210 4773 τῆς
3243 4703 3361 4756 καθ’
3385 4703 3598 4774 ἡμέραν
3627 4717 3806 4771 παρα-

2237 4801 2516 4870 τηρήσεως
2561 4797 2622 4848 τὸ
2668 4795 2953 4866 σύμφωνον
2992 4795 3357 4865 λαμϐάνοντες
3403 4795 3484 4855 είς
3526 4793 3592 4845 τὰ
3625 4789 3806 4862 παρα-

2243 4893 2508 4960 πήγματα
2565 4885 2961 4958 κατεχώρισαν.
3025 4885 3270 4954 Ἐγένετο
3326 4884 3382 4938 δὲ
3449 4885 3483 4954 ή
3549 4881 3808 4945 σύστασις

2243 4981 2338 5036 καὶ
2364 4981 2397 5051 ή
2423 4980 2802 5051 παρατήρησις
2841 4977 2937 5031 τοῦ
2967 4977 3168 5049 τρόπου
3191 4976 3400 5030 τούτου.
3427 4973 3810 5046 Λαμϐάνοντες

2243 5073 2352 5142 γάρ
2399 5071 2569 5142 ἀρχὴν
2613 5069 2888 5135 ἐνιαυτοῦ,
2939 5071 3032 5123 καὶ
3072 5069 3578 5141 παρατηρήσαντες,
3614 5067 3670 5118 ἐν
3703 5065 3809 5118 τίνι

2246 5160 2420 5231 ζωδίῳ
2463 5163 2490 5214 ὁ
2535 5159 2684 5231 ἥλιος
2740 5159 2952 5231 ὑπῆρχε
2992 5159 3134 5214 κατά
3177 5159 3276 5230 τὴν
3319 5158 3492 5230 ἀρχὴν
3541 5155 3808 5219 ἐνιαυτοῦ,

2247 5256 2342 5308 καὶ
2385 5253 2519 5324 πρὸς
2571 5254 2668 5325 τὴν
2721 5255 2912 5324 μοῖραν
2960 5251 3365 5323 ἀναγράφοντες
3405 5247 3528 5302 καθ’
3573 5245 3810 5315 ἑκάστην

2007 5411 2052 5442 ⁵⁷
2083 5427 2176 5478 rp.
2210 5409 2434 5463 σταδίων
2467 5409 2510 5459 δ’

2473 5563 2565 5622 tib.
2599 5579 2707 5630 xw,
2743 5571 2798 5619 et
2843 5561 3166 5634 Stephanus.
3205 5559 3356 5618 Mons
3394 5567 3479 5616 est
3523 5559 3580 5614 in
3613 5554 3811 5612 Rhodo
