4146 6444
365 308 470 379 845

1374 317 1611 375 GEMINI
1651 316 2020 374 ELEMENTA
2046 314 2539 373 ASTRONOMIE.

3486 317 3590 377 διο

363 437 575 510 ἡμέραν
619 435 713 491 καὶ
740 436 881 509 μῆνα
909 435 1004 500 τὰς
1046 434 1336 505 γενομένας
1362 435 1546 504 δλοσχε
1558 436 1669 505 ρεῖς
1705 432 1926 503 μεταϐο-

2028 446 2122 487 eas
2166 431 2517 496 mutationes,
2561 445 2682 502 quae
2728 430 2963 486 maxime
2994 430 3143 487 circa
3162 430 3352 487 eadem
3379 432 3589 489 zodiaci

364 530 463 594 λάς
488 528 582 588 τοῦ
612 529 790 602 ἀέρος,
819 530 1160 610 πνευμάτων,
1195 526 1440 599 ὄμϐρων,
1496 525 1757 597 χαλάζης,
1794 541 1931 596 παρ-

365 622 609 675 ετίθεσαν
662 624 781 685 ταῖς
828 624 920 675 τοῦ
969 622 1119 693 ἡλίου
1169 622 1388 689 ὲποχαῖς
1415 618 1555 672 κατά
1607 617 1795 682 ζώδιον
1835 618 1929 671 καὶ

364 711 507 765 κατά
531 714 743 782 μοῖραν.
789 712 957 765 Τοῦτο
993 711 1085 764 ἐπὶ
1123 710 1341 763 πλείονα
1368 708 1460 780 έτη
1501 711 1929 781 παρατηρήσαν-

362 820 472 865 τες,
503 802 599 866 τὰς
632 802 863 873 μάλιστα
908 802 1036 873 περὶ
1065 803 1190 864 τοὺς
1232 800 1426 863 αὐτοὺς
1466 800 1663 863 τόπους
1704 800 1796 852 τοῦ
1827 800 1931 864 ζω-

362 893 547 947 διακοῦ
591 893 878 964 γινομένας
919 892 1220 964 μεταϐολάς
1248 894 1305 945 ἐν
1343 894 1454 954 τοῖς
1495 891 1929 962 παραπήγμασιν

363 985 771 1056 ἀνεγράψαντο,
824 986 923 1038 οὐκ
968 984 1075 1038 ἀπό
1119 1000 1261 1045 τινος
1305 983 1504 1054 τέχνης
1542 982 1662 1035 οὐδὲ
1707 982 1928 1053 μεθόδου

360 1075 669 1148 ὡρισμένης
722 1075 975 1139 λαϐόντες
1023 1075 1120 1145 τὴν
1164 1074 1507 1145 ἀναγραφὴν,
1557 1072 1672 1126 ἀλλ’
1717 1074 1781 1125 ἐκ
1829 1072 1929 1142 τῆς

364 1167 557 1236 πείρας
581 1166 642 1219 τὸ
669 1166 972 1238 σύμφωνον,
1006 1166 1081 1228 ὡς
1108 1165 1356 1234 ἔγγιστα,
1388 1164 1660 1227 λαϐόντες.
1712 1164 1928 1236 Ἐπειδὴ

361 1254 409 1288 ⁸⁸
435 1256 534 1308 οὐκ
555 1255 805 1309 ἐδύναντο
833 1256 945 1308 οὐθ’
979 1256 1213 1326 ἡμέραν,
1242 1252 1365 1307 οὐτε
1396 1254 1560 1325 μῆνα,
1604 1252 1726 1306 οὔτε
1752 1255 1930 1307 ἐνιαυ-

361 1345 451 1400 τδν
478 1346 778 1416 ὡρισμένον
808 1347 1137 1417 ἀναγράψαι,
1179 1347 1236 1398 ὲν
1264 1339 1308 1411 ᾧ
1343 1360 1394 1396 τι
1422 1341 1627 1397 τούτων
1669 1343 1930 1397 ἐπιτελεῖ-

361 1453 471 1503 ται,
520 1438 608 1491 διὰ
642 1438 702 1491 τὺ
741 1437 838 1501 τὰς
871 1439 1044 1509 ἀρχὰς
1075 1436 1184 1491 τῶν
1220 1436 1481 1489 ἐνιαυτῶν
1528 1435 1601 1507 μὴ
1634 1435 1782 1507 παρά
1824 1437 1929 1489 πᾶ-

365 1543 447 1579 σιν
484 1522 745 1589 εἷναιτάς
777 1527 963 1591 αὐτάς,
995 1527 1126 1598 μηδὲ
1176 1528 1297 1589 τοὺς
1341 1527 1513 1595 μῆνας
1559 1526 1684 1589 τούς
1731 1526 1927 1590 αὐτοὺς

363 1609 499 1668 εἶναι
525 1616 674 1686 παρά
713 1617 844 1668 πᾶσι
887 1620 1006 1680 ταῖς
1036 1615 1371 1686 ὀνομασίαις,
1408 1615 1540 1685 μηδὲ
1584 1615 1680 1679 τὰς
1720 1615 1929 1686 ἡμέρας

361 1704 559 1776 ὁμοίως
600 1707 822 1777 ἄγεσθαι
846 1724 858 1737 ·
896 1708 1203 1778 ἱσταμένοις
1233 1708 1343 1760 τισὶ
1389 1708 1632 1778 σημείοις
1660 1707 1927 1777 ἠθέλησαν

361 1796 612 1865 ἀφορίσαι
644 1796 741 1859 τὰς
774 1796 1071 1867 μεταϐολὰς
1108 1796 1201 1849 τοῦ
1234 1796 1414 1867 ἀέρος.
1447 1796 1605 1849 Ὅθεν
1654 1801 1773 1862 ταῖς
1817 1798 1926 1852 τῶν

362 1886 574 1959 ἄστρων
602 1888 879 1951 ὲπιτολαῖς
918 1888 1059 1942 κατά
1102 1888 1228 1951 τοὺς
1268 1891 1490 1959 καιροὺς
1521 1890 1926 1961 ἀφωρισμέναις

361 1978 417 2029 αἱ
480 1977 769 2048 μεταϐολαὶ
816 1978 911 2031 τοῦ
963 1978 1127 2049 ἀέρος
1192 1979 1459 2047 γίνονται,
1512 1981 1610 2051 οὐχ
1671 1981 1748 2044 ὡς
1816 1980 1926 2034 τῶν

359 2067 573 2140 ἄστρων
613 2068 841 2139 δύναμιν
892 2070 1121 2139 ἐχόντων
1161 2071 1299 2141 πρὸς
1334 2069 1431 2141 τὴν
1482 2072 1780 2143 μεταϐολὴν
1819 2071 1926 2125 τῶν

360 2158 682 2228 πνευμάτων
711 2159 805 2211 καὶ
846 2157 955 2213 τῶν
984 2159 1226 2230 ὄμϐρων,
1262 2159 1375 2213 ἀλλ’
1403 2161 1479 2223 ὡς
1516 2162 1740 2232 σημείου
1769 2162 1926 2234 χάριν

359 2244 815 2321 παρειλημμένων
839 2251 976 2323 πρὸς
992 2252 1055 2305 τὸ
1075 2251 1469 2322 προγινώσκειν
1494 2254 1638 2324 ἡμᾶς
1658 2252 1757 2316 τὰς
1798 2254 1927 2326 περὶ

358 2342 448 2395 τὸν
472 2342 610 2413 ἀέρα
639 2344 1006 2414 περιστάσεις.
1036 2345 1146 2397 Καὶ
1174 2343 1365 2414 ὥσπερ
1401 2346 1431 2397 ό
1463 2345 1668 2415 πυρσὸς
1690 2345 1790 2398 οὐκ
1825 2347 1926 2400 αὐ-

359 2431 450 2494 τός
512 2433 627 2484 ἐστι
674 2433 963 2503 παραίτιος
1013 2433 1112 2503 τῆς
1164 2432 1469 2503 πολεμικῆς
1532 2434 1923 2505 περιστάσεως,

358 2521 495 2578 ἀλλά
544 2522 766 2592 σημεῖόν
818 2525 935 2576 ἐστι
985 2524 1276 2594 πολεμικοῦ
1335 2523 1564 2595 καιροῦ·
1610 2525 1703 2578 τὸν
1763 2526 1927 2580 αὐτὸν

358 2613 556 2683 τρόπον
586 2614 678 2667 καὶ
707 2615 764 2666 αἱ
803 2613 909 2668 τῶν
944 2614 1158 2687 ἄστρων
1189 2614 1431 2669 ὲπιτολαὶ
1469 2616 1569 2669 οὐκ
1600 2617 1760 2671 αὐταῖ¹
1783 2634 1926 2690 παρ-

358 2705 519 2759 αίτιοί
553 2707 659 2759 είσι
702 2706 813 2761 τῶν
846 2706 974 2778 περὶ
1013 2707 1104 2761 τὸν
1134 2708 1273 2778 ἀέρα
1307 2708 1638 2780 μεταϐολῶν,
1668 2709 1803 2763 ἀλλά
1834 2727 1929 2782 ση-

363 2800 487 2868 μεῖα
519 2798 790 2852 ἐκκεινται
835 2798 943 2852 τῶν
990 2799 1246 2855 τοιούτων
1278 2802 1667 2872 περιστάσεων.
1712 2803 1776 2857 Οἱ
1820 2803 1928 2874 γὰρ

357 2890 452 2943 ἀπ’
499 2890 672 2962 ἀρχῆς
730 2893 1216 2962 παρατηρήσαντες
1275 2894 1369 2947 καὶ
1428 2893 1816 2964 συνταξάμενοι
1859 2894 1928 2950 τὰ

359 2983 796 3053 παραπήγματα,
831 2982 1179 3048 ἐξετάσαντες
1207 2984 1334 3048 τοὺς
1360 2984 1559 3050 τόπους
1598 2985 1692 3039 τοῦ
1734 2984 1927 3051 ζωδια-

2028 523 2146 578 ioca
2175 522 2519 594 contingunt,
2547 522 2603 576 in
2643 522 2844 579 tabulis
2874 524 3342 594 conscripserunt,
3387 538 3498 580 non
3521 540 3590 581 ex

2027 624 2143 671 arte
2172 616 2373 687 aliqua,
2409 631 2585 686 neque
2621 631 2686 671 ex
2714 622 2863 670 certa
2893 616 3149 671 methodo
3177 623 3459 673 sumentes
3495 618 3590 673 de-

2030 708 2400 776 scriptionem,
2432 707 2527 762 sed
2561 706 2630 762 ab
2657 708 3012 777 experientia,
3053 708 3108 762 id
3134 708 3280 778 quod
3312 706 3426 763 fere
3455 722 3592 764 cen-

2028 799 2192 870 gruit,
2244 809 2542 853 sumentes.
2604 797 2742 852 Cum
2774 811 2903 853 vero
2940 804 3051 853 nun
3083 804 3306 869 possent
3346 799 3590 869 singulos

2028 889 2164 954 dies,
2192 903 2368 959 neque
2388 904 2623 953 menses,
2653 904 2828 959 neque
2855 903 3027 945 annos
3059 898 3238 945 certos
3266 889 3587 955 inscribere,

2027 983 2084 1038 in
2109 982 2309 1053 quibus
2329 981 2525 1035 horum
2554 979 2758 1050 aliquid
2785 978 3197 1050 perﬁciebatur:
3225 996 3291 1037 eo
3314 981 3459 1052 quod
3492 982 3592 1036 ini-

2030 1075 2104 1128 tia
2143 1087 2409 1127 annorum
2448 1072 2590 1142 apud
2624 1086 2815 1127 omnes
2863 1086 2971 1126 non
3030 1073 3139 1128 siut
3170 1072 3381 1139 eadem,
3415 1088 3591 1145 neque

2028 1178 2244 1220 menses
2266 1164 2377 1219 sint
2405 1164 2547 1234 apud
2568 1178 2759 1219 omnes
2787 1163 2979 1219 iisdem
3004 1163 3475 1234 appellationibus,
3500 1182 3590 1220 ne-

2027 1273 2133 1328 que
2168 1259 2286 1314 dies
2324 1258 2574 1315 similiter
2624 1264 2907 1328 agantur;
2958 1257 3199 1313 immotis
3265 1258 3587 1328 quibusdam

2028 1350 2199 1420 signis
2261 1350 2550 1405 voluerunt
2612 1350 2975 1405 determinare
3026 1349 3356 1403 mutationes
3424 1350 3587 1406 aeris.

2028 1438 2183 1495 Unde
2211 1451 2482 1496 astrorum
2517 1441 2753 1507 ortibus,
2787 1456 2910 1496 cum
2944 1441 2999 1495 hi
3030 1441 3085 1496 in
3113 1439 3452 1512 temporibus
3480 1441 3589 1496 sint

2027 1530 2392 1597 determinati,
2426 1531 2756 1587 mutationes
2783 1532 2926 1587 aeris
2949 1530 3115 1599 ﬁunt;
3140 1546 3249 1586 non
3278 1529 3422 1602 quod
3439 1538 3588 1586 astra

2030 1622 2134 1676 vim
2162 1622 2396 1678 habeant
2426 1623 2493 1677 ad
2522 1622 2873 1679 mutationem
2899 1631 3182 1679 ventorum
3216 1629 3270 1677 et
3311 1622 3587 1685 imbrium,

2030 1712 2125 1767 sed
2154 1712 2300 1784 quod
2330 1712 2467 1784 signi
2496 1714 2668 1784 gratia
2695 1722 2971 1784 assumpta
2994 1714 3102 1769 sint
3132 1712 3200 1769 ad
3222 1715 3344 1779 hoc,
3375 1721 3434 1768 ut
3459 1728 3591 1783 prae-

1958 1775 2000 1835 B
2028 1775 2422 1873 cognoscamus
2462 1775 2604 1859 aeris
2636 1775 2971 1858 aifectiones.
3035 1802 3103 1857 Et
3131 1810 3191 1858 ut
3234 1775 3477 1872 lampas:
3492 1817 3588 1857 seu

2024 1890 2137 1956 fax,
2171 1906 2281 1945 non
2312 1892 2432 1961 ipsa
2461 1899 2547 1948 est
2585 1907 2751 1948 causa
2798 1892 2979 1948 bellici
3006 1900 3205 1958 motus,
3238 1891 3334 1948 sed
3370 1893 3588 1963 signum

2024 1984 2110 2032 est
2134 1975 2311 2032 bellici
2340 1976 2448 2047 33
2474 1977 2730 2048 temporis
2766 1995 2780 2032 :
2813 1977 2888 2031 ita
2915 1983 2970 2033 et
2994 1984 3264 2034 astrorum
3294 1985 3451 2035 ortus
3478 1993 3590 2033 non

2026 2069 2130 2140 ipsi
2164 2074 2293 2123 sunt
2343 2082 2509 2124 causa
2558 2069 2918 2124 mutationum
2955 2069 3116 2137 aeris,
3169 2070 3264 2126 sed
3311 2073 3589 2141 proposita

2026 2167 2154 2216 sunt
2185 2161 2339 2230 signa
2367 2160 2557 2216 talium
2592 2159 2958 2216 aﬁ‘ectionum.
3009 2160 3142 2215 Nam
3169 2161 3262 2231 qui
3304 2176 3335 2215 a
3387 2161 3593 2232 princi-

2024 2248 2114 2319 pio
2162 2248 2590 2303 observaverunt
2638 2254 2693 2302 et
2734 2255 3156 2318 composuerunt
3184 2250 3396 2306 tabulas
3445 2250 3589 2312 illas.

2025 2340 2323 2410 exploratis
2358 2340 2496 2397 locis
2533 2340 2742 2395 zodiaci
2774 2341 2988 2406 circuii,
3023 2340 3081 2397 in
3109 2342 3308 2412 quibus
3332 2350 3393 2396 ut
3421 2342 3591 2413 pluri-

2026 2447 2174 2485 mum
2209 2431 2538 2487 mutationes
2575 2432 2719 2488 aeris
2751 2431 2913 2498 ﬁunt,
2950 2433 3589 2504 consideraveruntqua:

2026 2530 2174 2578 astra
2210 2511 2546 2594 temporib'us
2574 2524 2682 2579 illis
2699 2526 2969 2591 oriantur,
2994 2532 3089 2579 aut
3125 2526 3290 2580 simul
3316 2524 3588 2592 occidant,

2026 2622 2189 2685 atque
2234 2616 2450 2684 horum,
2474 2616 2684 2672 ortibus
2712 2623 2767 2672 et
2812 2616 3103 2671 occasibus
3133 2630 3234 2686 pro
3264 2616 3434 2687 signis
3462 2625 3592 2673 sunt

2026 2707 2114 2762 usi
2157 2705 2225 2761 ad
2253 2708 2728 2778 praecognitionem
2770 2708 3173 2777 praedictorum.
3234 2708 3401 2765 Ortus
3444 2709 3590 2764 enim

2024 2813 2186 2855 veros
2227 2806 2281 2855 et
2328 2813 2560 2855 occasus
2604 2799 2870 2871 contingit
2922 2815 3045 2856 esse
3093 2800 3397 2857 invisibiles
3438 2818 3452 2856 :
3496 2816 3591 2856 eos

2025 2905 2176 2956 vero,
2225 2889 2320 2962 qui
2350 2893 2703 2962 apparebant,
2762 2901 2917 2949 ortus
2954 2898 3008 2948 et
3054 2906 3307 2959 occasus,
3343 2900 3592 2963 poterant

2026 2981 2231 3045 videre,
2262 2989 2317 3037 et
2337 2969 2493 3037 'circa
2524 2990 2767 3053 tempora
2812 2982 2954 3037 dicta
2985 2983 3317 3048 discernere,
3350 2997 3418 3039 eo
3445 2983 3590 3053 quod

357 3071 455 3126 κοῦ
487 3072 707 3136 κύκλου,
739 3074 796 3125 ὲν
828 3067 909 3135 οἷς
940 3072 1016 3137 ὡς
1059 3071 1262 3125 ἐπίπαν
1295 3075 1351 3126 αι
1394 3074 1687 3145 μεταϐολαὶ
1712 3074 1806 3129 τοῦ
1831 3075 1926 3129 άέιι

2028 3069 2275 3128 Pleiades
2296 3071 2610 3129 occidentes
2633 3073 2864 3129 habeant
2892 3075 3057 3130 talem
3088 3074 3218 3141 vim,
3255 3080 3315 3129 ut
3352 3072 3595 3129 humidi-

359 3180 453 3235 ρος
491 3163 746 3233 γίνονται,
781 3165 1149 3235 ὲπεσκέψαντο
1180 3166 1320 3219 κατὰ
1356 3166 1481 3230 τοὺς
1530 3166 1751 3239 χρόνους
1797 3166 1923 3220 τού-

2027 3173 2191 3221 tatem
2227 3164 2519 3235 quamdam
2560 3165 2708 3221 circa
2744 3180 2922 3223 aerem
2958 3173 3250 3237 generent;
3284 3174 3377 3220 aut
3396 3182 3591 3223 rursus

354 3268 479 3317 τους
522 3252 642 3307 τινα
670 3253 778 3307 τῶν
829 3254 1042 3326 ἄστρων
1084 3255 1382 3320 ἀνατέλλει,
1422 3257 1455 3328 ἢ
1509 3256 1920 3327 συγκαταδύνει,

357 3345 451 3396 καὶ
480 3346 602 3407 ταῖς
624 3344 828 3399 τούτων
856 3345 1127 3408 ἐπιτολαῖς
1154 3347 1247 3399 καὶ
1276 3344 1460 3400 δύσεσι
1493 3347 1739 3418 σημείοις
1766 3349 1924 3421 ἐχρή-

2025 3257 2265 3313 orientes
2292 3260 2499 3314 aestatis
2516 3258 2752 3314 ‘initium
2778 3258 3103 3330 signiﬁcent.
3140 3258 3295 3316 Unde
3316 3267 3371 3316 et
3399 3258 3590 3316 Hesio-

2026 3348 2132 3405 dus
2154 3349 2351 3419 inquit:

357 3453 519 3493 σαντο
563 3440 643 3502 εἰς
684 3439 782 3509 τὴν
830 3440 1138 3510 πρόγνωσιν
1177 3441 1286 3494 τῶν
1322 3442 1751 3514 προειρημένων.
1804 3442 1915 3508 Τάς
1954 3443 2051 3515 μὲν
2082 3443 2191 3515 γὰρ
2241 3442 2505 3507 ἀνατολάς
2536 3442 2635 3506 τάς
2677 3443 2935 3515 ἀληθινὰς
2971 3446 3063 3498 καὶ
3117 3444 3298 3507 δύσεις
3347 3444 3592 3518 ἀθεωρή-

355 3550 481 3595 τους
520 3529 655 3587 εῐναι
685 3530 995 3605 συμϐέϐηκε
1016 3552 1031 3568 ο
1060 3535 1159 3599 τὰς
1188 3535 1244 3589 δὲ
1287 3537 1616 3609 φαινομένας
1656 3538 1917 3608 ἠδύναντο
1946 3540 2097 3612 δρᾷν,
2126 3539 2220 3593 καὶ
2249 3539 2376 3610 περὶ
2430 3538 2555 3601 τοὺς
2589 3536 2848 3610 ῥηθέντας
2903 3539 3128 3611 καιροὺς
3183 3539 3591 3611 διαλαμϐάνειν,

354 3629 437 3708 δτι
463 3629 520 3682 αἱ
550 3628 805 3694 Πλειάδες
835 3629 1085 3684 δύνουσαι
1117 3630 1300 3701 ἔχουσί
1333 3648 1457 3686 τινα
1509 3632 1763 3704 τοιαύτην
1814 3632 2061 3705 δύναμιν,
2097 3633 2237 3687 ὥστε
2271 3631 2537 3704 ὑγρασίαν
2592 3631 2713 3686 τινά
2743 3634 2870 3704 περὶ
2909 3632 3000 3687 τόν
3056 3634 3195 3705 ἀέρα
3251 3635 3586 3708 ἀπογεννᾷν’

353 3704 388 3795 ἢ
423 3722 583 3777 πάλιν
608 3723 975 3778 ὲπιτέλλουσαι
1004 3724 1192 3797 θέρους
1236 3724 1409 3799 ἀρχὴν
1443 3726 1904 3799 διασημαίνουσιν.
1932 3704 2094 3782 Ὅθεν
2124 3728 2217 3782 καὶ
2260 3726 2499 3790 Ἡσίοδός
2524 3742 2657 3797 φησι
2676 3744 2689 3757 -

354 3839 685 3912 Πλητάδῳνί
714 3840 1111 3912 Ἀτλαγενέων
1159 3841 1694 3912 ἐπιτελλομενάων,

358 3910 627 3979 Ἀρχεσθ’
656 3909 907 3980 ἀμήτουδ
928 3912 1162 3980 ἀρότοιο
1186 3912 1273 3977 δὲ,
1297 3909 1742 3983 δυσὰομενέωὸρ.

355 4021 429 4076 οὐ
482 4021 566 4077 διὰ
615 4021 711 4094 τὴν
768 4022 861 4075 τοῦ
908 4023 1106 4095 ἄστρου
1168 4023 1429 4096 δύναμιν·
1481 4023 1757 4088 παντελῶς
1813 4025 1921 4097 γάρ

356 4113 502 4166 ἐστιν
554 4112 898 4183 ἀπόπληκτον
917 4129 931 4142 °
968 4113 1081 4167 εἴτε
1106 4114 1214 4187 γὰρ
1254 4114 1455 4187 πύρινά
1480 4117 1597 4170 ἐστι
1625 4114 1693 4169 τά
1723 4117 1919 4189 ἄστρα,

356 4203 468 4257 εἴτε
505 4203 739 4274 αἰθέρια,
766 4205 841 4268 ὡς
886 4205 1111 4277 ἀρέσκει
1136 4208 1267 4272 τισὶ,
1311 4208 1486 4263 πάντα
1512 4207 1611 4279 τῆς
1638 4207 1806 4279 αὐτῆς
1833 4208 1924 4261 οὐ·

359 4294 480 4359 σίας
511 4295 605 4349 καὶ
638 4295 918 4368 δυνάμεως
949 4298 1331 4371 κεκοινώνηκε,
1374 4300 1466 4353 καὶ
1501 4298 1754 4370 οὐδεμίαν
1787 4317 1923 4371 συμ-

2034 3842 2338 3899 Pleiadibus
2366 3842 2601 3896 Atlantis
2631 3840 2845 3911 ﬁliabus
2880 3840 3166 3895 orientibus

2029 3914 2207 3983 Incipe
2226 3928 2475 3968 messem:
2510 3910 2802 3967 arationem
2831 3927 2948 3966 vero
2979 3910 3334 3966 accidentibus

2025 4025 2144 4082 Non
2193 4033 2412 4097 propter
2443 4025 2578 4079 astri
2612 4023 2720 4078 vim
2756 4022 3019 4078 :omnino
3066 4021 3210 4077 enim
3254 4021 3310 4077 id
3350 4029 3435 4078 est
3477 4031 3595 4079 stu-

2027 4117 2213 4187 pidum
2246 4131 2259 4166 :
2299 4117 2413 4171 sive
2457 4114 2602 4168 enim
2652 4114 2809 4185 ignea
2835 4120 2964 4170 sunt
2996 4121 3166 4180 astra,
3189 4114 3305 4169 sive
3334 4114 3589 4182 aetherea,

2027 4215 2088 4262 ut
2122 4209 2298 4278 placet
2350 4206 2624 4278 aliquibus
2648 4247 2664 4273 ,
2696 4207 2880 4262 omnia
2915 4206 3159 4263 eamdem
3202 4207 3496 4263 essentiam
3536 4217 3593 4263 et

2025 4299 2135 4352 vim
2171 4298 2363 4353 sortita
2405 4305 2555 4363 sunt,
2583 4303 2637 4354 et
2676 4298 2880 4352 nullam
2910 4297 3113 4354 habent
3155 4307 3396 4352 mutuam
3442 4312 3593 4351 com-

357 4385 584 4441 πάθειαν
616 4386 728 4459 ἔχει
763 4386 899 4460 πρὸς
931 4389 999 4443 τὰ
1024 4390 1115 4442 ἐπὶ
1145 4390 1244 4461 τῆς
1272 4390 1375 4462 γῆς
1407 4390 1681 4462 γινόμενα.
1723 4391 1786 4444 Ἦ
1817 4391 1925 4462 γὰρ

2029 4390 2339 4459 passionem
2388 4404 2518 4461 erga
2568 4402 2630 4444 ea
2687 4404 2808 4459 quae
2853 4388 2910 4443 in
2954 4397 3095 4443 terra
3134 4388 3287 4443 ﬁunt.
3323 4384 3592 4465 Universa

356 4477 619 4549 σύμπασα
640 4480 711 4550 γῆ
742 4481 965 4553 κέντρου
997 4480 1153 4550 λόγον
1185 4481 1296 4553 ἔχει
1331 4482 1465 4554 πρὸς
1494 4483 1593 4554 τὴν
1626 4482 1732 4535 τῶν
1755 4481 1927 4535 ἀπλα-

355 4569 461 4622 νῶν
494 4564 751 4642 σὲραῖραν,
784 4571 878 4626 καὶ
920 4571 1145 4639 οὐδεμία
1181 4573 1450 4643 ἀποφορὰ,
1485 4574 1606 4627 οὐδὲ
1652 4574 1924 4645 ἀπόρῤοια

353 4660 634 4715 διικνεῖται
690 4663 797 4717 ἀπὸ
841 4664 949 4717 τῶν
994 4664 1244 4720 ἀπλανῶν
1273 4665 1514 4736 ἀστέρων
1547 4664 1640 4717 ἐπὶ
1664 4663 1758 4737 τὴν
1797 4664 1922 4735 γῆν.

354 4745 487 4814 Πῶς
513 4751 848 4824 ὑποληπτέον
874 4752 1095 4818 τούτους
1125 4754 1343 4827 ὄμϐρων
1368 4755 1463 4808 καὶ
1486 4754 1810 4824 πνευμάτων
1831 4754 1927 4809 καὶ

352 4842 594 4914 χαλάζης
626 4846 943 4917 παραιτίους
974 4846 1234 4916 γίνεσθαι,
1265 4846 1360 4914 ἀφ’
1393 4838 1468 4899 ὧν
1510 4845 1733 4917 οὐδεμία
1768 4843 1927 4898 δύνα-

357 4950 449 5003 μις
483 4933 667 4988 πίπτει
702 4937 837 5008 πρὸς
864 4938 1039 5009 ήμᾶςς
1085 4938 1217 4991 Ἀπὸ
1251 4938 1348 5009 μὲν
1376 4936 1484 5009 γάρ
1515 4937 1665 5009 ἡλίου
1702 4936 1795 4990 καὶ
1832 4952 1925 4988 σε-

352 5023 519 5095 λήνης
547 5025 825 5081 διικνεῖται
847 5030 880 5100 ἡ
901 5027 1127 5100 δύναμις
1154 5028 1246 5081 ἐπὶ
1276 5028 1372 5100 τὴν
1394 5027 1499 5098 γῆν
1533 5026 1671 5082 κατὰ
1693 5027 1789 5091 τὰς
1822 5043 1926 5098 με-

350 5114 608 5181 ταϐάσεις
633 5118 810 5173 αὐτῶν
850 5121 942 5173 καὶ
984 5118 1245 5191 μειζόνων
1295 5120 1387 5174 καὶ
1434 5119 1763 5173 ἐλαττόνωνο
1797 5118 1925 5172 ὅθεν

351 5203 570 5275 εὐλογον
618 5208 756 5280 πρὸς
793 5209 1017 5275 τούτους
1067 5210 1408 5283 συμπάθειαν
1447 5207 1585 5265 εἶναι
1631 5210 1772 5264 κατά
1821 5208 1926 5281 τὴν

351 5296 581 5351 ἑκάστου
619 5299 847 5373 δύναμιν
892 5302 1103 5356 αὐτῶνο
1148 5304 1204 5358 αἱ
1246 5303 1303 5357 δὲ
1333 5303 1442 5358 τῶν
1471 5303 1724 5358 ἀπλανῶν
1759 5304 1928 5357 ἀστέ-

355 5404 463 5459 ρων
504 5391 747 5445 ὲπιτολαὶ
799 5393 891 5447 καὶ
941 5394 1121 5459 δύσεις
1173 5395 1399 5467 σημείου
1442 5395 1591 5460 τάξιν
1642 5395 1924 5467 ἐπέχουσι,

354 5475 601 5549 καθάπερ
648 5482 995 5554 προείπομεν.
1053 5484 1215 5542 Ὅθεν
1261 5484 1380 5538 οὐδὲ
1436 5485 1775 5556 προληπτέον
1824 5484 1927 5547 τὰς

350 5569 521 5634 αὐτάς
536 5571 903 5643 ἐπισημασίας
916 5574 1348 5631 ὲπιτελείσθαιὲκ
1364 5573 1472 5631 τῶν
1487 5573 1665 5629 αὐτῶν
1681 5575 1896 5645 άστρων
1907 5590 1923 5607 ο

417 5702 465 5736 ⁸⁸
495 5702 539 5773 Ῑ.
568 5706 689 5760 ἐπεὶ
715 5705 792 5761 δέ.

2024 4481 2170 4535 enim
2202 4488 2347 4535 terra
2383 4481 2555 4536 centri
2586 4481 2849 4537 rationem
2889 4480 3051 4535 habet
3100 4479 3167 4535 ad
3228 4479 3590 4535 inerrantium

2026 4572 2327 4643 sphaeram;
2396 4587 2497 4627 nec
2535 4573 2644 4626 ulla
2691 4572 2775 4628 vis
2825 4585 3086 4626 cmanans
3127 4578 3222 4624 aut
3268 4569 3590 4641 proﬂuvium

2026 4664 2272 4736 pervenit
2310 4663 2380 4718 ab
2424 4662 2794 4718 inerrantibus
2841 4662 3013 4717 stellis
3058 4660 3124 4715 ad
3176 4670 3396 4716 terram.
3439 4659 3590 4726 Quo-

2024 4759 2187 4812 modo
2230 4755 2536 4828 putandum
2565 4760 2650 4810 est
2697 4754 2797 4809 has
2837 4751 3092 4808 imbrium
3121 4742 3176 4809 et
3227 4758 3511 4806 ventorum
3538 4757 3594 4805 et

2025 4848 2352 4921 grandinum
2401 4861 2597 4903 causas
2650 4859 2794 4910 esse,
2824 4860 2856 4901 a
2887 4846 3089 4917 quibus
3125 4844 3272 4899 nulla
3309 4844 3391 4899 vis
3440 4842 3590 4896 cadit

2027 4939 2097 4994 ad
2143 4939 2279 4995 nos?
2318 4936 2457 4993 Nam
2489 4952 2520 4992 a
2552 4937 2667 4994 sole
2707 4936 2927 5008 quidem
2974 4947 3030 4993 et
3058 4937 3187 4991 luna
3228 4933 3477 5006 pervenit
3505 4933 3590 4988 vis

2028 5029 2095 5083 ad
2128 5037 2329 5083 terram
2359 5028 2659 5084 secundum
2693 5027 2962 5084 transitus
2988 5040 3178 5083 eorum
3235 5032 3289 5079 et
3320 5023 3590 5094 majorum

2026 5126 2081 5176 et
2116 5118 2410 5174 minorum.
2454 5116 2609 5174 Unde
2658 5125 3081 5173 consentaneum
3119 5122 3205 5171 est
3257 5121 3417 5170 terrae
3463 5127 3590 5169 cum

2028 5212 2113 5268 his
2138 5225 2261 5267 esse
2296 5217 2540 5265 mutuam
2583 5210 3001 5266 consensionem
3032 5207 3333 5264 secundum
3361 5205 3470 5261 vim
3493 5219 3594 5260 cu-

2022 5305 2224 5375 jusque
2277 5317 2488 5360 eorum.
2520 5301 2891 5358 inerrantium
2933 5315 3066 5357 vero
3111 5299 3391 5356 stellarum
3437 5304 3595 5353 ortus

2026 5405 2082 5453 et
2108 5411 2340 5453 occasus
2373 5396 2515 5468 signi
2553 5394 2823 5451 rationem
2854 5394 3124 5458 obtinent,
3157 5392 3301 5449 sicut
3333 5387 3592 5462 praedixi-

2027 5500 2174 5541 mus.
2224 5483 2379 5540 Unde
2430 5501 2500 5541 nc
2553 5483 2902 5541 statuendum
2954 5482 3177 5554 quidem
3228 5487 3315 5536 est
3372 5477 3595 5536 easdem

2029 5573 2452 5646 signiﬁcationes
2481 5573 2669 5632 uerﬁci
2699 5588 2766 5631 ex
2796 5572 2990 5631 iisdem
3018 5571 3221 5641 astris;
3277 5569 3377 5629 sed
3399 5581 3598 5628 secun—
