4146 6416
1970 206 2012 223 σοι

582 287 688 345 δι’]

1554 278 1648 334 AD
1683 276 1950 334 EUSEBH
1984 274 2380 333 CHRONICON
2424 273 2786 331 APPENDIX.

3701 278 3808 336 848

579 405 709 460 dum
759 400 1073 458 eorumdem
1116 399 1402 455 climatum
1450 396 1761 464 varietates,
1791 397 2039 477 diversos
2085 405 2140 453 et

2240 395 2375 450 ἀλλά
2416 396 2554 450 κατὰ
2613 396 2711 459 τὰς
2762 394 2870 448 τῶν
2925 394 3103 449 αὐτῶν
3134 392 3411 466 κλιμάτων
3452 392 3809 466 παραλλαγάς

580 506 736 551 ortus
766 502 820 550 et
849 509 1080 549 occasus
1109 501 1382 549 astrorum
1412 491 1547 557 fieri,
1591 498 1644 547 et
1675 490 1893 561 quidem
1918 491 1973 544 in
2004 505 2136 559 quo-

579 587 713 643 libet
760 587 1044 642 horizonte
1104 584 1323 656 propria
1370 584 1524 654 signa
1572 581 1773 638 habere
1824 580 2141 636 mutationis

580 679 745 733 aeris.
775 676 922 732 Idem
948 677 1094 731 enim
1133 688 1458 746 parapegma
1485 688 1593 727 non
1627 679 1804 743 potest
1838 686 2143 743 congruere

581 769 636 824 in
690 769 823 824 urbe
862 766 1055 828 Roma,
1095 774 1150 821 et
1196 767 1251 820 in
1302 765 1497 829 Ponto,
1525 771 1580 818 et
1620 765 1675 818 in
1726 761 1942 827 Rhodo,
1977 771 2032 817 et
2085 764 2141 817 in

582 864 717 916 urbe
744 860 1122 925 Alexandriae;
1156 857 1251 912 sed
1290 871 1513 912 necesse
1548 863 1632 911 est
1674 863 1732 910 ut
1773 855 2002 910 diversa:
2034 854 2144 911 sint

583 952 990 1009 observationes
1034 950 1088 1004 in
1124 949 1355 1005 diversis
1383 946 1765 1004 horizontibus
1785 986 1800 1011 ,
1831 954 1887 1001 et
1924 947 1977 1001 in
2009 962 2143 1017 qua-

582 1044 713 1099 libet
741 1044 875 1098 urbe
901 1042 1006 1096 alia
1049 1046 1336 1098 sumantur
1369 1046 1518 1094 astra
1575 1036 2002 1109 significationes
2028 1035 2139 1091 elli-

581 1136 798 1190 cientia.

655 1220 806 1275 Unde
830 1218 1174 1275 manifestum
1208 1217 1453 1289 estquod
1485 1232 1593 1273 non
1619 1216 1940 1272 naturaliter
1965 1223 2142 1272 astro-

578 1326 701 1365 rum
734 1319 889 1365 ortus
932 1318 984 1365 et
1013 1325 1245 1366 occasus
1283 1308 1597 1365 affectiones
1650 1309 1793 1364 aeris
1842 1316 2139 1378 generent;

580 1402 674 1458 sed
701 1403 845 1473 quod
876 1402 931 1456 in
960 1402 1204 1472 quolibet
1232 1401 1516 1456 horizonte
1542 1400 1770 1455 diversae
1800 1398 1931 1453 ﬁant
1957 1399 2144 1453 obser-

578 1494 827 1549 vationes
859 1500 912 1548 et
968 1508 1156 1548 aerum
1186 1494 1534 1548 mutationes.
1570 1489 1934 1558 Quamobrem
1966 1506 2142 1561 neque

577 1599 769 1640 omnes
792 1581 1219 1654 significationes
1248 1582 1303 1635 in
1328 1582 1540 1636 tabulas
1566 1581 1751 1634 relatae
1774 1593 1988 1648 semper
2008 1593 2141 1632 con-

576 1682 811 1746 gruunt;
849 1674 945 1729 sed
976 1672 1249 1728 interdum
1289 1673 1667 1727 universaliter
1697 1685 1808 1725 non
1840 1669 1977 1724 fiunt
2004 1686 2019 1724 :
2044 1669 2138 1725 sed

576 1745 671 1837 qui
704 1767 973 1822 maximas
1000 1772 1355 1836 tempestates
1384 1762 1857 1835 comprehendunt
1883 1769 2039 1817 ortus
2086 1769 2140 1817 et
2169 1745 2213 1801 Β

581 1872 854 1924 occasus,
911 1856 969 1912 hi
1032 1858 1272 1914 efﬁciunt
1330 1857 1654 1913 serenitates
1694 1875 1709 1910 :
1748 1852 2024 1911 interdum
2081 1852 2141 1907 in

582 1949 716 2007 urbe
739 1950 1007 2006 serenitas
1039 1946 1325 2018 contingit,
1353 1945 1409 2000 in
1438 1946 1587 2018 agris
1616 1945 1809 2001 imber.
1836 1941 1990 2014 Saepe
2017 1950 2141 2014 post

576 2040 696 2097 dies
745 2048 861 2097 tres
904 2048 999 2095 aut
1025 2047 1261 2111 quatuor
1319 2038 1519 2108 aliquis
1547 2035 1874 2108 significavit
1903 2050 1998 2106 per
2046 2048 2140 2089 or-

575 2140 693 2188 tum
744 2139 838 2187 aut
861 2144 1118 2187 occasum
1168 2130 1304 2184 astri
1340 2129 1695 2182 mutationem
1746 2127 1889 2181 aeris
1924 2141 1939 2177 :
1970 2127 2145 2179 inter-

574 2224 707 2279 dum
758 2222 1053 2278 antevertit
1112 2219 1569 2293 signiﬁcationem
1631 2217 1825 2273 diebus
1877 2223 2134 2287 quatuor.

577 2315 735 2372 Unde
762 2315 856 2386 qui
891 2315 1149 2371 aberrant
1191 2314 1247 2367 in
1291 2310 1735 2382 praedictionibus
1786 2307 2139 2379 significatio-

581 2419 714 2459 num
744 2443 761 2469 ,
815 2403 1020 2458 habent
1068 2405 1510 2465 excusationem,
1572 2400 1719 2471 quod
1771 2398 2142 2469 anticiparunt

577 2493 1053 2565 significationem,
1081 2508 1147 2549 eo
1172 2491 1317 2564 quod
1342 2492 1614 2563 posterius
1636 2498 1720 2547 est
1746 2489 1915 2546 facta.

643 2585 725 2641 Ex
752 2586 953 2656 quibus
996 2585 1250 2641 omnibus
1299 2582 1650 2640 manifestum
1704 2590 1790 2639 est
1833 2585 1979 2654 quod
2020 2599 2142 2654 qua:

577 2680 645 2734 ad
675 2678 1104 2751 significationes
1144 2686 1411 2749 spectant,
1465 2693 1528 2733 ea
1559 2678 1616 2732 in
1649 2677 1853 2733 tabulis
1883 2677 2006 2733 rudi
2035 2676 2139 2732 Mi-

575 2786 740 2827 nerva
764 2771 874 2826 sint
896 2771 1181 2840 inscripta,
1224 2784 1349 2824 cum
1385 2784 1495 2823 non
1526 2774 1645 2823 arte
1684 2769 1950 2846 quadam,
1965 2783 2141 2839 neque

576 2863 904 2919 necessitate
955 2863 1067 2917 sint
1089 2860 1287 2915 tradita
1310 2900 1326 2923 ,
1356 2859 1450 2914 sed
1484 2875 1547 2914 ex
1584 2861 1844 2915 continua
1877 2859 2139 2915 observa-

574 2953 726 3009 tione
767 2953 1053 3022 inscripta.
1091 2950 1223 3004 Eam
1249 2951 1320 3005 ob
1344 2965 1568 3006 causam
1598 2966 1742 3021 saepe
1774 2951 1889 3006 haec
1918 2951 2134 3007 fallunt.

574 3043 730 3102 Unde
758 3046 1019 3117 astrologi
1039 3060 1152 3101 non
1183 3055 1310 3101 sunt
1329 3045 1644 3108 accusandi,
1686 3044 1732 3100 si
1766 3047 2138 3103 aberraverint
2164 3075 2208 3135 ο

573 3139 630 3199 in
663 3138 1175 3209 significationibus.
1210 3136 1265 3192 Si
1293 3152 1422 3192 vero
1451 3137 1681 3207 eclipsin
1703 3138 2008 3208 praedicens
2036 3140 2137 3194 ali-

573 3231 718 3300 quis,
752 3240 847 3285 aut
882 3239 1062 3285 ortum
1101 3229 1258 3293 astri,
1291 3230 1649 3293 alierraverit,
1684 3232 1882 3285 merito
1923 3240 1978 3285 et
2020 3239 2137 3286 stu-

571 3322 814 3385 dium,et
841 3320 935 3392 qui
983 3320 1114 3375 illud
1141 3327 1360 3385 tractat,
1394 3327 1744 3376 accusantur.
1769 3319 1964 3375 Omnia
1990 3321 2137 3377 enim

570 3429 691 3485 quae
717 3422 832 3477 arte
864 3412 1157 3468 traduntur
1174 3413 1371 3469 debent
1414 3411 1753 3469 infallihilem
1774 3413 1976 3471 habere
1998 3428 2138 3485 prae-

570 3506 885 3568 dictionem,
906 3519 1002 3561 seu
1029 3504 1486 3559 enuntiationem.
1502 3501 1573 3558 At
1598 3517 1663 3559 ea
1707 3519 1831 3575 quae
1862 3504 1932 3558 ad
1967 3505 2139 3576 signi-

560 3585 855 3650 ficationes
883 3604 1154 3665 spectant,
1183 3611 1358 3666 neque
1379 3611 1502 3650 cum
1534 3610 1598 3651 ea
1629 3596 1995 3667 assequimur,
2013 3612 2138 3668 per-

573 3685 774 3740 fectam
802 3686 1018 3742 laudem
1043 3726 1058 3751 ,
1088 3703 1267 3757 neque
1303 3703 1427 3742 cum
1457 3688 1528 3744 ab
1569 3688 1637 3745 iis
1673 3689 2013 3754 aberramus,
2046 3704 2139 3745 ac-

573 3776 916 3833 cusationem
985 3789 1284 3833 merentur.
1333 3778 1655 3847 Astrologiaa
1691 3779 1837 3833 enim
1887 3779 2001 3835 haec
2053 3791 2139 3836 est

574 3869 819 3937 quaedam
840 3882 970 3937 pars
991 3884 1185 3938 expers
1211 3870 1347 3924 artis
1365 3908 1381 3933 ,
1410 3877 1465 3923 et
1496 3869 1721 3939 indigna
1751 3883 1873 3939 quae
1896 3870 2138 3940 profera-

572 3966 667 4013 tur
706 3960 761 4013 in
815 3958 1075 4015 medium.
1108 3961 1254 4016 [dein
1298 3959 1632 4032 opinandum
1680 3969 1767 4016 est
1800 3960 1918 4017 fieri
1973 3965 2136 4033 etiam

572 4054 721 4108 circa
742 4050 910 4109 Canis
939 4061 1141 4110 ortum.
1174 4052 1375 4110 Omnes
1404 4053 1550 4109 enim
1582 4062 1794 4132 putant,
1824 4055 1968 4111 hanc
2005 4055 2137 4111 stel-

573 4143 680 4196 lam
709 4144 985 4213 propriam
1012 4143 1120 4197 vim
1154 4143 1375 4207 habere,
1401 4152 1455 4198 et
1481 4159 1702 4199 causam
1727 4159 1851 4200 esse
1880 4145 2137 4202 intensio-

571 4233 661 4288 nis
689 4241 958 4299 aestuum,
995 4247 1119 4288 cum
1166 4233 1329 4289 simul
1383 4233 1561 4288 oritur
1595 4249 1719 4289 cum
1760 4234 1892 4290 sole.
1929 4235 1998 4289 At
2026 4234 2135 4289 hoc

569 4340 682 4380 non
706 4324 785 4396 ita
808 4339 868 4379 se
910 4324 1105 4380 habet:
1139 4324 1237 4380 sed
1265 4323 1523 4394 quoniam
1546 4323 1706 4393 juxta
1734 4324 2132 4380 calidissimum

570 4424 787 4486 tempus
823 4415 951 4469 anni
985 4414 1101 4468 hinc
1128 4414 1285 4469 stella
1322 4422 1505 4470 ortum
1557 4412 1811 4479 faciebat,
1844 4413 2009 4484 hujus
2037 4428 2135 4483 ap-

568 4507 839 4577 paritione
862 4506 1005 4563 aeris
1035 4507 1091 4560 in
1118 4516 1310 4562 aestum
1339 4505 1694 4561 mutationem
1732 4512 2017 4561 notarunt.
2039 4502 2138 4561 Est

572 4611 752 4657 autem
778 4603 858 4656 sol
881 4615 1046 4656 causa
1072 4598 1399 4655 intensionis
1429 4607 1682 4654 aestuum.
1713 4595 1959 4651 Primum
1989 4596 2138 4653 enim

570 4707 697 4747 cum
732 4707 798 4748 ex
847 4693 1024 4747 hieme
1068 4692 1242 4745 simus
1274 4688 1565 4760 frigefacti,
1597 4687 1897 4743 secundum
1940 4702 2138 4758 appro-

571 4784 983 4856 pinquationem
1020 4799 1141 4854 quae
1172 4783 1227 4838 ﬁt
1264 4784 1331 4838 ad
1365 4797 1465 4837 nos
1487 4821 1502 4846 ,
1530 4781 1721 4851 incipit
1751 4795 1853 4837 nos
1881 4779 1962 4835 sol
1993 4778 2140 4834 cale-

571 4880 751 4935 facere
783 4878 1064 4933 :nondum
1121 4884 1299 4930 tamen
1350 4874 1693 4930 manifestam
1728 4874 1891 4930 efﬁcit
1935 4872 2137 4929 calefa-

571 4971 830 5035 ctionem,
865 4982 989 5024 cum
1024 4968 1199 5022 adhuc
1228 4956 1552 5036 frigefactio,
1582 4980 1704 5037 quae
1730 4973 1815 5022 est
1835 4965 1904 5020 ab
1936 4965 2135 5029 hieme,

570 5070 921 5133 permaneat;
968 5076 1091 5117 eum
1119 5075 1250 5115 vero
1300 5057 1359 5113 ﬁt
1412 5059 1791 5123 commoratio,
1836 5066 1890 5114 et
1923 5072 2138 5128 semper

571 5151 1163 5225 magisumagisque
1190 5151 1589 5221 appropinquat
1614 5150 1716 5217 sol,
1735 5150 2002 5221 contingit
2022 5149 2135 5204 fieri

570 5260 797 5301 sensum
821 5241 1229 5307 calefactionis;
1262 5240 1461 5297 deinde
1481 5242 1749 5312 contingit
1775 5243 1858 5298 bis
1887 5242 1952 5295 ad
1988 5258 2138 5296 eam-

569 5334 693 5390 dem
724 5332 1114 5389 habitationem
1143 5334 1404 5389 continuo
1426 5333 1598 5389 solem
1620 5333 1897 5389 accedere.
1926 5332 2139 5388 Etenim

570 5428 626 5482 iu
651 5441 944 5496 progressu
976 5424 1045 5479 ad
1077 5426 1323 5480 aestivum
1360 5427 1629 5496 tropicum
1667 5423 1959 5481 circulum.
1994 5436 2049 5479 et
2083 5425 2139 5478 in

570 5532 819 5585 recessu,
844 5533 949 5589 per
978 5517 1195 5574 easdem
1224 5518 1588 5573 habitationes
1619 5517 1815 5572 transit
1843 5518 1944 5572 sol.
1974 5514 2136 5572 Unde

573 5609 752 5662 evenit
798 5617 1018 5680 propter
1059 5623 1282 5665 causam
1328 5609 1468 5664 hanc
1519 5607 1859 5665 intensiones
1902 5617 2138 5665 aestuum

574 5696 709 5751 ﬁeri.
741 5696 1006 5755 Praeterea
1046 5713 1304 5758 accessus
1345 5700 1413 5757 ad
1453 5702 1699 5756 mstivum
1742 5700 2016 5773 tropicum
2079 5706 2134 5757 et

2241 488 2529 559 διαφόρους
2582 488 2677 541 καὶ
2729 486 2829 550 τὰς
2878 485 3129 550 ἐπιτολάς
3180 487 3274 540 καὶ
3316 486 3416 550 τὰς
3470 485 3650 550 δύσεις
3698 485 3809 540 τῶν

2242 579 2453 650 ἄστρων
2482 578 2744 648 γίνεσθαι.
2777 579 2887 630 Καὶ
2914 576 2977 649 δὴ
3006 576 3126 630 καθ’
3163 576 3392 631 ’ἑκαστον
3423 576 3673 649 ὁρίζοντα
3702 576 3810 630 ῐδια

2243 673 2442 741 σημεῖα
2488 669 2631 740 ἔχειν
2658 669 2755 740 τῆς
2784 668 2911 739 περί
2943 669 3034 721 τὸν
3061 669 3197 739 ἀέρα
3240 656 3560 739 μεταϐολῆς.
3601 668 3674 720 Τὸ
3702 667 3810 738 γὰρ

2241 761 2372 813 αὐτὸ
2404 760 2746 832 παράπηγμα
2763 760 2822 812 ού
2843 758 3062 814 δύναται
3111 762 3416 829 συμφωνεῖν
3438 761 3495 811 ἐν
3519 761 3584 830 τῇ
3619 758 3808 831 Ῥώμῃ

2242 854 2335 906 καὶ
2353 856 2408 907 ἐν
2426 852 2503 923 τῷ
2533 853 2739 922 Πόντῳ,
2770 852 2862 905 καὶ
2893 853 2950 905 ἐν
2985 850 3167 921 Ῥόδῳ,
3193 850 3283 903 καὶ
3311 852 3369 905 ἐν
3400 849 3795 921 Ἀλεξανδρείῳ

2240 944 2377 999 ἀλλὰ
2422 944 2633 1013 ἀνάγκη
2679 942 2968 1015 διαφόρους
3007 942 3105 1005 τὰς
3133 943 3539 1013 παρατηρήσεις
3578 938 3718 995 εἶναι
3749 944 3806 995 ἐν

2240 1035 2511 1105 διαφόροις
2559 1033 2817 1104 ὁρίζουσι,
2858 1034 2952 1087 καὶ
2990 1033 3109 1087 καθ’
3148 1033 3385 1104 ἑκάστην
3442 1034 3596 1086 πόλιν
3641 1034 3804 1105 ἔτερα

2240 1126 2608 1198 λαμϐάνεσθαι
2637 1126 2811 1198 ἄστρα
2842 1125 3209 1196 ἐπισημασίας
3235 1123 3605 1178 ἐπιτελοῦντα.
3684 1106 3693 1119 ⁸

2325 1216 2414 1282 Ἐξ
2443 1211 2503 1272 οὗ
2534 1218 2786 1287 φανερὸν,
2817 1218 2898 1270 ὅτι
2934 1218 2993 1270 ού
3046 1215 3288 1286 φυσικῶς
3330 1217 3387 1268 αἰ
3426 1216 3534 1269 τῶν
3588 1214 3803 1288 ἄστρων

2240 1307 2482 1363 ἐπιτολαί
2517 1308 2610 1362 καὶ
2646 1308 2825 1371 δύσεις
2846 1307 2915 1361 τὰ
2940 1309 3067 1377 περὶ
3103 1309 3192 1360 τὸν
3224 1307 3379 1378 ἀέρα·
3404 1306 3551 1377 πάθη
3572 1308 3789 1376 ἀπογεν-

2241 1402 2421 1457 νῶσιν·
2455 1399 2590 1454 ἀλλά
2613 1399 2734 1452 καθ’
2756 1400 2982 1453 ἕκαστον
3014 1398 3260 1470 ὁρίζοντα
3286 1397 3530 1470 διάφοροι
3562 1415 3803 1470 παρατη-

2245 1494 2429 1564 ρήσεις
2455 1490 2728 1559 γεγόνασι,
2749 1491 2843 1545 καὶ
2889 1488 2997 1543 τῶν
3031 1489 3206 1560 ἀέρων
3254 1489 3566 1559 μεταϐολαί.
3608 1488 3802 1562 Διόπεε

2239 1582 2360 1636 οὐδὲ
2395 1583 2561 1636 πᾶσαι
2592 1579 3048 1651 ἐπισημασίαι,ἐν
3077 1581 3189 1642 τοῖς
3213 1579 3649 1650 παραπήγμασιν
3680 1579 3785 1648 άγό

2245 1692 2420 1745 μεναι,
2450 1673 2535 1726 άεί
2578 1671 2977 1741 συμφωνοῦσιν·
3017 1669 3136 1725 ’ἀλλ’
3168 1671 3284 1724 ἐστι
3317 1671 3416 1742 μέν
3458 1672 3548 1724 ὅτε
3577 1670 3808 1725 καθόλου

2239 1767 2301 1819 ού
2335 1765 2592 1835 γίνονται,
2624 1762 2761 1816 ἀλλά
2796 1763 2922 1825 τοὺς
2968 1762 3257 1832 μεγίστους
3300 1762 3650 1832 περιέχουσαι
3690 1778 3808 1832 χει-

2244 1856 2427 1927 μῶνας
2459 1854 2701 1908 ἐπιτολαί
2727 1853 2820 1906 καὶ
2842 1852 3041 1918 δύσεις,
3068 1852 3246 1917 εὐδίας
3278 1852 3663 1908 ἀποτελοῦσιν·
3692 1855 3810 1909 ἔστι

2239 1948 2283 2002 δ’
2309 1950 2396 2002 ὅτε
2434 1947 2573 2002 κατά
2606 1947 2704 2019 μὲν
2743 1946 2839 2018 τὴν
2870 1945 3023 1999 πόλιν
3050 1946 3200 1999 εὐδία
3233 1945 3466 2014 ἐγένετο,
3497 1948 3590 2000 ἐπὶ
3625 1944 3809 2019 χώρας

2238 2041 2296 2096 δὲ
2343 2041 2576 2115 ὄμϐρος·
2634 2039 2890 2103 πολλάκις
2927 2039 2984 2093 δέ
3035 2056 3119 2101 τις
3165 2037 3284 2108 μεθ’
3314 2039 3528 2109 ἡμέρας
3572 2042 3722 2110 τρεῖς
3770 2039 3809 2110 ἦ

2242 2134 2514 2206 τέσσαρας
2572 2133 2885 2205 ἐπεσήμηνε
2934 2134 3001 2203 τῇ
3042 2131 3262 2203 ἐπιτολῇ
3306 2131 3339 2202 ἢ
3381 2133 3448 2201 τῇ
3499 2130 3649 2184 δύσει
3711 2129 3808 2185 τοῦ

2242 2223 2444 2295 ἄστρου
2465 2240 2479 2253 ·
2508 2223 2624 2277 ἔστι
2659 2224 2715 2276 δέ
2748 2225 2837 2277 ὅτε
2880 2221 3147 2294 προέλαϐε
3174 2222 3270 2293 τὴν
3306 2220 3675 2291 ἐπισημασίαν
3702 2214 3810 2292 πρὸ

2239 2314 2458 2385 ἡμερῶν
2505 2315 2801 2386 τεσσάρων.
2836 2314 2998 2370 Ὅθεν
3031 2314 3124 2369 καὶ
3154 2314 3205 2366 οἰ
3237 2314 3704 2385 ἀποτυγχάνοντες
3743 2314 3807 2366 ἐν

2238 2409 2356 2469 ταῖς
2377 2407 2714 2477 προρρήσεσι
2728 2405 2836 2459 τῶν
2858 2405 3237 2477 ἐπισημασιῶν
3256 2405 3469 2475 έχουσιν
3489 2404 3809 2473 ἀπολογίαν,

2241 2497 2322 2549 ὅτι
2344 2496 2642 2567 προέλαϐον
2678 2497 2776 2569 τήν
2806 2497 3195 2566 ἐπισημασίαν,
3218 2497 3301 2549 ὅτι
3330 2494 3532 2565 ὑστέρα
3571 2495 3808 2562 ἐγένετο.

2321 2589 2410 2653 Ἐξ
2437 2582 2511 2642 ὧν
2540 2590 2756 2644 πάντων
2796 2590 3046 2661 φανερὸν,
3080 2589 3162 2642 ὅτι
3196 2587 3267 2641 τά
3304 2587 3445 2642 κατά
3474 2588 3577 2651 τὰς
3614 2590 3811 2658 ἐπιση-

2243 2680 2441 2751 μασίας
2462 2683 2520 2734 ἐν
2540 2683 2653 2744 τοῖς
2685 2681 3121 2752 παραπήγμασιν
3144 2680 3590 2752 όλοσχερέστερον
3618 2681 3813 2749 ἀναγέτ

2239 2784 2502 2839 γραπται,
2530 2769 2590 2821 ού
2640 2768 2803 2841 τέχνῃ
2848 2769 2955 2822 τινὶ
2980 2768 3103 2822 ούδέ
3141 2769 3356 2843 ἀνάγκῃ
3392 2768 3809 2840 μεθοδευόμενα,

2238 2861 2351 2915 ἀλλ’
2382 2862 2446 2913 ἐκ
2465 2860 2563 2932 τῆς
2584 2860 2836 2931 συνεχοῦς
2866 2862 3298 2932 παρατηρήσεως
3325 2860 3809 2933 ἀναγεγραμμένα.

2239 2953 2330 3006 Διὸ
2376 2952 2633 3015 πολλάκις
2669 2952 3027 3023 διαψεύδεται.
3063 2951 3224 3005 Ὅθεν
3259 2952 3377 3005 οὐδὲ
3409 2952 3813 3024 κατηγορητέον

2240 3042 2483 3096 ἐπὶτῶν
2504 3041 2867 3114 ἀστρολόγων,
2882 3043 2977 3096 ἐὰν
3005 3042 3449 3113 ἀποτυγχάνωσιν
3473 3046 3530 3097 ἐν
3548 3047 3670 3106 ταῖς
3692 3045 3813 3097 ἐπι-

2244 3134 2556 3204 σημασίαις.
2604 3133 2726 3188 Ἐὰν
2779 3134 2824 3187 δ’
2866 3132 3105 3203 ἔκλειψιν
3137 3133 3412 3205 προειπών
3453 3134 3597 3206 τιςῆ
3630 3136 3814 3189 ἐπιτο-

2240 3226 2338 3297 λὴν
2384 3224 2584 3298 ἄστρου
2630 3226 2923 3298 διαμάρτῃ,
2975 3226 3208 3294 εὐλόγως
3249 3226 3435 3280 καὶτὸ
3470 3227 3813 3299 ἐπιτήδευμα

2243 3318 2337 3371 καὶ
2392 3319 2420 3371 ό
2475 3316 2977 3389 μεταχειριζόμενος
3037 3319 3369 3390 κατηγορίας
3427 3318 3810 3391 ἀξιωθήσεται.

2243 3408 2424 3463 Πάντα
2476 3408 2586 3480 γάρ
2624 3409 2786 3482 τέχνῃ
2820 3410 3214 3481 μεθοδευόμενα
3240 3410 3643 3484 ἀδιαμάρτητον
3668 3410 3813 3482 ἔχειν

2242 3500 2443 3568 ὀφείλει
2476 3501 2572 3572 τὴν
2598 3503 2888 3571 ἀπόφασιν.
2918 3502 3000 3555 Τὰ
3043 3503 3102 3556 δὲ
3148 3502 3278 3573 περὶ
3314 3502 3412 3566 τάς
3443 3504 3813 3575 ἐπισημασίας

2242 3588 2351 3643 οὔτ’
2378 3591 2847 3663 ἐπιτυγχανόμενα
2872 3592 3133 3663 ὁλοσχερῆ
3165 3593 3257 3646 τὸν
3285 3594 3505 3648 ἔπαινον
3536 3593 3670 3664 ἔχει,
3697 3594 3813 3649 οὐτ’

2242 3680 2725 3750 ἀποτυγχανόμενα
2755 3681 3106 3752 κατηγορίαν.
3141 3683 3399 3753 Ἀτεχνον
3422 3683 3532 3754 γάρ
3553 3700 3608 3737 τι
3642 3684 3813 3756 μέρος

2242 3770 2359 3824 ἐστί
2384 3768 2541 3824 τοῦτο
2568 3770 2667 3839 τῆς
2698 3770 3072 3840 ἀστρολογίας,
3093 3774 3187 3826 καί⁷
3206 3772 3307 3825 οὐκ
3337 3771 3486 3838 ἀξιον
3508 3778 3810 3848 προφορᾶς.

2242 3866 2316 3918 Τὸ
2341 3864 2399 3918 δὲ
2425 3864 2553 3918 αὐτὸ
2591 3864 2925 3936 ὑποληπτέον
2948 3866 3042 3919 καὶ
3069 3865 3195 3936 περί
3227 3867 3323 3937 τὴν
3353 3867 3529 3931 Κυνὸς
3558 3869 3813 3940 ἐπιτολήν

2242 3955 2504 4026 γίνεσθαι.
2528 3956 2734 4019 Πάντες
2758 3955 2866 4028 γάρ
2899 3956 3370 4027 ὑπολαμϐάνουσιν
3409 3958 3545 4014 ἰδίαν
3580 3959 3811 4032 δύναμιν

2240 4046 2384 4116 ἐχειν
2431 4047 2520 4101 τὸν
2562 4047 2785 4118 ἀστέρα,
2823 4048 2917 4100 καί
2946 4049 3231 4120 παραίτιον
3271 4049 3515 4120 γίνεσθαι
3557 4051 3659 4122 τῆς
3698 4052 3811 4105 τῶν

2239 4139 2533 4210 καυμάτων
2582 4140 2882 4203 ἐπιτάσεως
2918 4141 3033 4211 ἃμα
3066 4141 3510 4196 συνεπιτέλλοντα
3534 4140 3613 4215 τῷ
3649 4144 3807 4216 ήλίῳ.

2240 4230 2412 4284 Τοῦτο
2453 4230 2497 4283 δ’
2540 4231 2639 4284 ούκ
2668 4230 2814 4285 ἔστιν
2839 4230 3011 4296 οὕτως
3050 4231 3170 4304 ἔχον
3190 4250 3203 4264 ·
3232 4233 3367 4287 ἀλλά
3399 4235 3521 4289 ἐπεὶ
3552 4235 3694 4289 κατά
3720 4236 3811 4290 τὸν

2240 4320 2682 4392 πυροειδέστατον
2727 4321 2919 4393 καιρὸν
2961 4320 3053 4374 τοῦ
3107 4322 3350 4376 ἐνιαυτοῦ
3378 4319 3528 4388 οὗτος
3565 4326 3594 4377 ὀ
3635 4325 3813 4398 ἀστὴρ

2240 4408 2512 4474 ἐπέτελλε,
2538 4412 2602 4481 τῇ
2623 4409 2813 4463 τούτου
2842 4409 3002 4477 φάσει
3032 4408 3437 4481 ἐσημειώσαντο
3461 4411 3560 4484 τὴν
3590 4413 3725 4486 πρὸς
3749 4414 3812 4467 τὸ

2239 4505 2427 4576 καῦμα
2456 4505 2754 4577 μεταϐολὴν
2803 4503 2895 4558 τοῦ
2944 4505 3121 4577 ἀέρος.
3153 4505 3309 4559 Ἔστι
3336 4506 3394 4559 δὲ
3420 4508 3449 4560 ὁ
3483 4507 3634 4578 ἥλιος
3666 4525 3812 4580 παρ-

2238 4598 2406 4661 αίτιος
2440 4601 2540 4670 τῆς
2582 4598 2882 4662 ἐπιτάσεως
2930 4598 3041 4653 τῶν
3079 4599 3395 4669 καυμάτων.
3433 4600 3657 4671 Πρῶτον
3708 4602 3812 4673 μὲν

2238 4689 2365 4760 γὰρ,
2394 4692 2458 4743 ἐκ
2482 4688 2575 4743 τοῦ
2598 4689 2865 4761 χειμῶνος
2890 4689 3315 4761 κατεψυγμένων
3347 4691 3525 4761 ήμῶν,
3553 4691 3696 4746 κατὰ
3716 4692 3813 4746 τὸν

2240 4780 2601 4853 συνεγγισμὺν
2647 4781 2736 4834 τὸν
2778 4780 2914 4852 πρὸς
2955 4783 3105 4852 ἡμᾶς
3154 4782 3378 4854 ἄρχεται
3409 4785 3557 4854 ἡμᾶς
3585 4783 3813 4856 θερμαί-

2237 4890 2379 4928 νειν·
2418 4872 2571 4927 οῦπω
2614 4872 2671 4926 δὲ
2710 4871 2929 4945 έκδηλον
2962 4875 3105 4927 ποιεῖ
3128 4873 3227 4945 τὴν
3253 4873 3578 4946 θερμασίαν,
3604 4876 3682 4930 ἐτι
3707 4878 3814 4948 τῆς

2237 4964 2588 5034 καταψύξεως
2625 4963 2734 5018 ἀπὸ
2768 4964 2861 5017 τοῦ
2893 4965 3156 5037 χειμῶνος
3197 4965 3584 5039 διαμενούσης”
3620 4968 3814 5039 ἐπιμο-

2238 5057 2333 5127 νῆς
2361 5056 2417 5109 δέ
2449 5057 2758 5128 γινομένης,
2792 5055 2887 5109 καὶ
2917 5055 3121 5126 μᾶλλον
3152 5056 3239 5109 ἀεὶ
3264 5057 3356 5109 καὶ
3386 5056 3587 5127 μᾶλλον
3621 5075 3814 5128 συνεγ-

2237 5146 2478 5216 γίζοντος
2520 5148 2611 5201 τοῦ
2644 5147 2814 5219 ἡλίου,
2857 5148 3179 5219 ἐπαίσθησιν
3222 5147 3507 5218 συμϐαίνει
3547 5150 3646 5221 τῆς
3681 5148 3811 5222 θερ-

2241 5242 2439 5310 μασίας
2470 5239 2733 5309 γίνεσθαι·
2754 5240 2942 5293 ἔπειτα
2976 5239 3261 5311 συμϐαίνει
3291 5239 3372 5303 δὶς
3394 5241 3487 5293 ἐπὶ
3517 5239 3615 5310 τὴν
3640 5242 3812 5312 αὐτὴν

2237 5330 2447 5401 οἴκησιν
2482 5331 2621 5385 κατὰ
2664 5331 2727 5385 τὸ
2769 5332 2985 5401 συνεχὲς
3035 5330 3344 5384 ἐπιϐάλλειν
3381 5330 3471 5384 τὸν
3502 5329 3672 5402 ἥλιον.
3700 5331 3813 5386 Καὶ

2238 5424 2345 5495 γάρ
2362 5427 2417 5476 ἐν
2428 5426 2494 5494 τῇ
2515 5423 2732 5495 παρόδῳ
2746 5426 2811 5495 τῇ
2831 5423 2964 5493 πρὸς
2980 5424 3069 5475 τὸν
3091 5423 3299 5494 θερινὸν
3318 5423 3575 5493 τροπικὸν
3591 5421 3810 5488 κύκλον,

2237 5513 2330 5566 καὶ
2350 5514 2407 5566 ἐν
2422 5516 2488 5584 τῇ
2512 5513 2859 5585 ἀποχωρήσει
2894 5511 2990 5576 τὰς
3015 5510 3182 5574 αὑτὰς
3205 5512 3448 5581 οἰκήσεις
3473 5509 3762 5582 παροδεύει
3784 5513 3818 5564 ὀ

2237 5606 2404 5677 ἥλιος.
2440 5606 2601 5659 Ὅθεν
2648 5605 2931 5679 συμϐαίνει
2977 5606 3065 5659 διά
3121 5605 3220 5675 τὴν
3272 5604 3449 5658 αἰτίαν
3476 5603 3680 5675 ταύτην
3710 5602 3815 5667 τὰς

2240 5700 2518 5763 ἐπιτάσεις
2557 5698 2667 5755 τῶν
2718 5699 3013 5769 καυμάτων
3044 5697 3311 5767 γίνεσθαι.
3348 5699 3471 5752 Ἔτι
3497 5697 3555 5752 δέ
3587 5696 3681 5752 καὶ
3711 5695 3814 5760 τὰς
