4146 6458
364 451 472 510 849

1391 446 1628 504 GEMINI
1662 446 2030 502 ELEMENTA
2066 442 2555 503 ASTRONOMIE.

3496 442 3600 498 850

368 561 661 638 προσόδους
704 561 803 638 τάς
840 561 974 634 πρὸς
1017 558 1109 615 τδν
1156 558 1366 632 θερινὸν
1418 560 1672 631 τροπικὸν
1715 560 1809 612 καὶ
1848 559 1941 622 τὰς

2050 573 2309 614 recessus
2359 572 2580 613 omnino
2620 566 2673 609 et
2725 555 2937 626 parvos?
2987 559 3042 609 et
3085 552 3428 610 insensibiles
3480 569 3604 610 esse

368 654 746 725 ἀποχωρήσεις
779 654 979 725 μικράς
1010 669 1071 706 τε
1095 651 1372 716 παντελῶς
1395 653 1489 705 καὶ
1511 650 1936 723 ἀνεπαισθήτους

370 741 506 799 εἶναι
534 744 846 817 συμϐέϐηκε
867 761 881 774 ·
922 744 1107 814 σχεδὸν
1133 744 1242 815 γὰρ
1276 744 1361 812 ἐφ’
1393 745 1602 814 ἡμέρας
1646 750 1697 813 μ’
1727 744 1819 797 ἐπὶ
1846 743 1936 797 τοῦ

372 833 581 905 θερινοῦ
596 832 856 905 τροπικοῦ
875 833 1075 886 κύκλου
1096 832 1194 904 τὴν
1222 833 1486 903 ἐπιμονὴν
1508 835 1763 887 ποιεῖται.
1782 833 1940 888 Ὅθεν

372 926 463 978 καὶ
511 925 581 981 τά
628 924 829 996 μεγέθη
876 925 983 978 τῶν
1026 925 1246 997 ἡμερῶν
1294 926 1422 996 περὶ
1468 926 1566 989 τὰς
1607 924 1812 996 τροπὰς
1849 927 1942 978 άν-

371 1015 699 1086 επαίσθητον
720 1015 831 1095 ξχει
850 1014 949 1086 τὴν
983 1015 1339 1088 παραύξησιν.
1359 1015 1507 1069 Ἐπεὶ
1525 1016 1581 1068 δὲ
1603 1015 1729 1087 περὶ
1752 1015 1940 1068 τοῦτον

371 1109 460 1163 τὸν
489 1108 677 1180 καιρὸν
700 1108 983 1163 ἐπέτελλεν
997 1110 1043 1142 ⁸³
1072 1110 1101 1161 ό
1132 1109 1315 1174 Κύων,
1343 1113 1409 1181 τῇ
1443 1110 1630 1162 τούτου
1666 1109 1825 1178 φάσει
1849 1108 1940 1161 τὸν

372 1199 560 1270 καιρὸν
593 1198 998 1269 ἐσημειώσαντο
1033 1200 1133 1272 τῆς
1163 1199 1272 1254 τῶν
1298 1200 1591 1271 καυμάτων
1618 1199 1938 1265 ὲπιτάσεως,

370 1292 466 1360 οὐχ
493 1290 570 1354 ὡς
596 1291 760 1346 αὑτοῦ
786 1290 881 1345 τοῦ
907 1292 1107 1364 ἄστρου
1154 1292 1441 1364 παραιτίου
1489 1291 1792 1363 γινομένου,
1824 1292 1939 1345 ἀλλ’

370 1380 445 1444 ὤς
474 1380 567 1433 τοῦ
601 1382 750 1453 ἡλίου
779 1382 876 1454 τὴν
907 1383 1085 1436 αἰτίαν
1113 1382 1343 1453 ἔχοντος.

444 1468 507 1521 Εἰ
554 1469 654 1540 μὲν
699 1464 792 1524 οὖν
850 1470 926 1534 ὡς
962 1471 1185 1542 σημεῖόν
1214 1489 1298 1536 τις
1324 1474 1586 1544 λαμϐάνει
1622 1476 1714 1529 τοῦ
1749 1476 1938 1546 καιροῦ

381 1575 479 1631 την
528 1558 623 1613 τοῦ
661 1561 836 1626 Κυνὸς
869 1562 1140 1634 ἐπιτολὴν,
1167 1565 1341 1636 ὀρθῶς
1382 1565 1662 1637 λαμϐάνει,
1693 1564 1941 1636 καθάπερ

372 1650 626 1723 Ὅμηρός
656 1668 817 1721 φησιν
841 1654 935 1707 ἐπὶ
962 1655 1053 1708 τοῦ
1078 1656 1254 1718 Κυνὸς
1283 1656 1451 1719 οὕτως
1468 1673 1484 1687 ο
1740 1649 1895 1659 εσυ-..η

649 1765 851 1820 Κακὸν
874 1765 943 1820 δέ
969 1783 1032 1820 τε
1057 1765 1225 1837 σῆμα
1246 1767 1538 1822 τέτυκται.

368 1875 442 1927 Οὐ
475 1870 583 1943 γὰρ
603 1875 678 1939 ὡς
701 1874 834 1929 ίδίαν
859 1875 1084 1947 δύναμιν
1108 1876 1322 1949 ἔχοντος
1348 1877 1510 1931 αὑτοῦ
1540 1878 1675 1950 πρὸς
1701 1879 1798 1951 τὴν
1818 1879 1939 1933 ὲπί-

367 1984 522 2023 τας-ιν
561 1965 671 2023 τῶν
715 1966 1045 2041 καυμάτων,
1066 1968 1180 2026 ἀλλ’
1206 1970 1288 2036 ὡς
1323 1970 1548 2044 σημείου
1571 1972 1732 2050 χάριν
1749 1989 1939 2044 παρει-

367 2060 432 2130 λη
441 2061 664 2131 μμένου.

442 2152 597 2205 Ὅσοι
653 2152 906 2222 μέντοιγε
956 2153 1065 2207 τῶν
1105 2153 1341 2224 ποιητῶν
1375 2155 1467 2208 καὶ
1503 2155 1804 2227 φιλοσόφων
1842 2156 1940 2229 τὴν

369 2239 596 2311 δύναμιν
649 2243 748 2314 τῆς
785 2244 1085 2308 ὲπιτάσεως
1133 2245 1243 2298 τῶν
1301 2246 1595 2318 καμμάτων
1660 2249 1738 2320 τῷ
1801 2248 1942 2304 Κυνὶ
1987 2247 1991 2253 ’

370 2331 762 2401 προσάπτουσι,
800 2333 933 2387 πολὺ
976 2333 1077 2404 τῆς
1117 2334 1375 2406 ἀληθείας
1419 2340 1513 2390 καὶ
1562 2335 1658 2391 τοῦ
1711 2338 1940 2407 φυσικοῦ

371 2420 530 2490 λόγου
556 2424 959 2496 πεπλανημένοι
991 2424 1147 2478 είσίν.
1193 2425 1252 2479 '0
1289 2427 1397 2498 γὰρ
1439 2427 1612 2501 ἀστὴρ
1647 2426 1799 2494 οὗτος
1841 2431 1942 2501 τῆς

368 2512 539 2583 αὐτῆς
587 2514 773 2579 οὐσίας
822 2514 1187 2586 κεκοινώνηκε
1248 2519 1383 2572 πᾶσι
1408 2523 1523 2584 τοῖς
1552 2522 1789 2594 ἄστροις.
1818 2522 1942 2576 Εἴτε

369 2600 479 2673 γὰρ
528 2602 728 2675 πύρινά
775 2606 941 2674 ἐστιν,
987 2607 1098 2661 εἴτε
1141 2608 1237 2662 καὶ
1273 2610 1488 2682 αἰθέρια
1515 2613 1583 2666 τὰ
1612 2612 1809 2684 ἄστρα,
1844 2614 1943 2685 τὴν

370 2691 539 2763 αὐτὴν
579 2693 692 2764 ἔχει
735 2693 961 2766 δύναμιν
994 2698 1191 2764 πάντα,
1219 2701 1311 2755 καὶ
1347 2700 1549 2771 ὀφείλει
1583 2705 1941 2776 κατακρατεί-

371 2783 494 2837 σθαι
528 2785 631 2838 ὑπὸ
661 2785 755 2839 τοῦ
789 2786 1024 2860 πλήθους
1055 2790 1165 2844 τῶν
1192 2792 1407 2865 ἄστρων
1440 2794 1473 2865 ἡ
1506 2793 1615 2847 ἀπὸ
1638 2793 1733 2846 τοῦ
1765 2794 1942 2859 Κυνὸς

378 2877 648 2948 ἀποφορὰ.
690 2879 801 2933 Καὶ
841 2880 950 2953 γὰρ
979 2881 1056 2952 τῷ
1090 2883 1309 2954 μεγέθει
1344 2885 1585 2954 μείζονες
1622 2886 1783 2941 αὑτοῦ
1808 2888 1943 2941 εἰσιν

370 2967 570 3038 ἕτεροι,
607 2969 700 3022 καὶ
729 2969 808 3039 τῷ
843 2971 1038 3042 πλήθει
1067 2973 1300 3047 ἄπειροι.
1331 2976 1394 3028 El
1435 2972 1527 3030 οὖν
1576 2978 1636 3043 ἐξ
1692 2979 1944 3034 ἁπάντων

370 3055 546 3111 αὐτῶν
569 3059 605 3128 ἡ
625 3057 851 3129 δύναμις
875 3060 935 3114 οὐ
961 3062 1236 3117 διικνεῖται
1267 3065 1427 3138 μέχρι
1458 3066 1558 3137 τῆς
1580 3068 1701 3139 γῆς,
1720 3069 1840 3124 οὐδὲ
1864 3073 1944 3135 είς

367 3148 466 3219 τὴν
482 3147 572 3202 τοῦ
595 3149 744 3221 ἡλίου
769 3150 994 3224 δύναμιν
1011 3154 1161 3208 οὐδὲν
1185 3156 1566 3227 συμϐάλλεται,
1590 3160 1706 3224 πῶς
1724 3160 1944 3215 πιθανὸν

2061 649 2342 719 contingit.
2398 645 2533 701 Fere
2560 647 2703 700 enim
2737 645 2803 699 ad
2832 645 2949 700 dies
2976 644 3046 699 40
3076 644 3131 698 in
3175 644 3362 700 mstivo
3391 643 3607 712 tropico

2055 743 2263 797 circulo
2290 755 2498 796 moram
2530 739 2678 795 facit.
2698 736 2851 793 Unde
2879 745 2933 791 et
2956 736 3356 807 magnitudines
3393 734 3606 790 dierum

2045 835 2191 891 circa
2209 834 2443 890 solstitia
2472 831 2790 887 insensibile
2812 829 3011 884 habent
3037 828 3448 883 incrementum.
3466 825 3603 879 Cum

2058 941 2186 981 vero
2231 926 2379 980 circa
2430 924 2533 978 hoc
2588 930 2800 991 tempus
2843 928 3021 974 ortum
3057 919 3258 973 faceret
3282 916 3468 980 Canis,
3506 915 3627 967 hu-.

2059 1017 2150 1087 jus
2181 1015 2521 1086 apparitione
2574 1012 3013 1082 significaverunt
3048 1016 3259 1078 tempus
3285 1004 3607 1060 intensionis

2055 1116 2330 1175 aestuum;
2376 1122 2485 1161 non
2508 1105 2651 1176 quod
2693 1105 2868 1174 ipsum
2917 1111 3121 1158 astrum
3156 1101 3226 1154 sit
3275 1111 3470 1161 causa,
3512 1095 3603 1151 sed

2049 1205 2195 1276 quod
2225 1204 2309 1259 sol
2340 1202 2481 1257 hanc
2509 1214 2730 1256 causam
2758 1197 2972 1253 habeat.

2136 1468 2193 1524 Si
2222 1467 2389 1539 igitur
2419 1467 2615 1538 aliquis
2652 1480 2750 1536 pro
2778 1465 2934 1536 signo
2958 1462 3215 1533 temporis
3246 1458 3477 1528 accipiat
3492 1456 3601 1512 Ca-

2045 1561 2130 1617 nis
2161 1570 2366 1625 ortum,
2394 1567 2545 1615 recte
2572 1558 2803 1628 accipit;
2840 1559 2980 1613 sicut
3004 1554 3272 1611 Homerus
3321 1551 3497 1621 inquit
3536 1548 3604 1604 de

2040 1651 2188 1708 Cane
2219 1650 2329 1705 sic:

2185 1770 2392 1826 Malum
2420 1778 2594 1824 autem
2619 1770 2826 1841 signum
2854 1768 3054 1837 factum
3087 1774 3183 1820 est.

2043 1881 2164 1938 Non
2200 1884 2344 1938 enim
2367 1882 2714 1954 cogitandum
2742 1890 2845 1946 est,
2876 1879 3033 1950 quasi
3065 1877 3337 1949 propriam
3361 1876 3470 1931 vim
3507 1876 3605 1930 ha-

2048 1976 2173 2031 beat
2211 1974 2375 2030 Canis
2397 1975 2464 2029 ad
2495 1973 2853 2029 intensionem
2881 1981 3138 2037 aestuum,
3170 1970 3266 2026 sed
3291 1969 3435 2038 quod
3461 1967 3605 2038 signi

2041 2067 2219 2137 gratia
2251 2072 2566 2136 assumptus
2599 2066 2670 2121 sit
2691 2065 2872 2120 Canis.

2039 2161 2081 2207 μ
2126 2159 2515 2217 Verumtamen
2553 2158 2646 2227 qui
2701 2174 2765 2212 ex
2806 2156 2980 2227 poetis
3022 2162 3076 2210 et
3113 2151 3449 2225 philosophis
3493 2151 3601 2205 vim

2045 2252 2375 2309 intensionis
2418 2258 2649 2307 aestuum
2679 2248 2813 2304 Cani
2863 2249 3167 2312 ascribunt,
3204 2245 3260 2299 hi
3304 2244 3530 2299 multum
3569 2257 3603 2296 a

2041 2343 2270 2398 veritate
2321 2349 2377 2397 et
2440 2341 2680 2396 naturali
2725 2341 2975 2396 doctrina
3029 2339 3436 2393 aberraverunt.
3478 2332 3606 2388 Haec

2041 2436 2187 2491 enim
2212 2434 2369 2489 stella
2398 2433 2644 2489 eamdem
2670 2441 2919 2486 naturam
2959 2430 3152 2486 sortita
3173 2435 3258 2484 est
3278 2441 3400 2483 cum
3431 2426 3605 2483 omni-

2042 2524 2148 2580 bus
2205 2524 2389 2580 astris.
2449 2521 2574 2579 Sive
2601 2523 2746 2577 enim
2800 2526 2962 2591 ignea
3014 2526 3165 2583 sunt,
3210 2518 3326 2573 sive
3373 2514 3607 2571 aetherea

2043 2624 2214 2680 astra,
2245 2612 2490 2669 eamdem
2520 2612 2702 2667 omnia
2727 2610 2928 2665 habent
2961 2610 3091 2673 vim,
3122 2615 3177 2663 et
3212 2607 3371 2662 debet
3390 2604 3537 2660 vinci
3574 2618 3606 2658 a

2043 2702 2393 2758 multitudine
2421 2712 2694 2758 astrorum
2730 2699 2985 2756 'deiluxus
3019 2714 3050 2753 a
3093 2697 3265 2754 Cane.
3309 2695 3443 2749 Nam
3489 2709 3606 2748 ma-

2043 2795 2329 2867 gnitudine
2356 2794 2521 2850 etiam
2558 2794 2770 2849 stellam
2801 2791 2965 2847 Canis
2993 2796 3254 2860 superant
3272 2788 3390 2843 alia:
3413 2788 3602 2853 stellae,

2042 2895 2099 2945 et
2130 2885 2477 2965 multitudine
2523 2894 2651 2940 sunt
2682 2883 2924 2939 infinitae.
2956 2881 3015 2937 Si
3044 2883 3208 2953 igitur
3252 2896 3318 2936 ex
3349 2879 3605 2935 omnibus

2045 2980 2180 3051 ipsis
2207 2980 2290 3036 vis
2316 2995 2424 3033 non
2455 2980 2701 3049 pervenit
2734 2991 2907 3046 usque
2946 2975 3014 3029 ad
3058 2984 3279 3037 terram,
3321 2987 3497 3042 neque
3536 2973 3606 3025 ad

2045 3069 2179 3124 solis
2201 3069 2311 3123 vim
2339 3068 2651 3139 quidquam
2671 3067 2905 3132 confert,
2937 3065 3210 3137 quomodo
3235 3063 3494 3120 credibile
3521 3070 3607 3117 est

2044 3159 2317 3216 deﬂuxum
2354 3160 2423 3215 ab
2448 3173 2560 3215 uno
2588 3166 2739 3214 astro
2767 3165 2972 3212 tantam
2997 3165 3226 3213 aestuum
3246 3156 3605 3211 intensionem

368 3242 468 3313 τὴν
497 3243 604 3297 ἀπὸ
630 3244 724 3298 τοῦ
755 3247 872 3311 ἐνὸς
899 3249 1097 3324 ἄστρου
1130 3252 1407 3326 ἀποφορὰν
1444 3255 1775 3330 τηλικαύτην
1817 3260 1939 3313 ἐπί-

2045 3250 2265 3308 facere?
2325 3250 2532 3317 Quodsi
2597 3265 2709 3304 non
2767 3249 3028 3319 adjuvant
3078 3247 3372 3319 quidquam
3414 3262 3605 3302 omnes

366 3351 527 3389 τασιν
555 3336 664 3392 τῶν
706 3341 1003 3411 καυμάτων
1032 3346 1238 3412 ποιεῖν;
1267 3346 1330 3399 Et
1357 3346 1413 3400 δὲ
1439 3347 1512 3419 μὴ
1550 3350 1867 3421 συνεργοῦσί
1887 3368 1939 3405 τι

370 3426 569 3492 πάντες
609 3430 661 3482 οί
715 3431 973 3498 ἀπλανεῖς
1013 3434 1259 3506 ἀστέρες,
1311 3437 1411 3508 τῆς
1457 3440 1627 3511 αὐτῆς
1657 3442 1938 3514 δυνάμεως

368 3521 859 3590 κεκοινωνηκότες,
895 3524 994 3577 οὐκ
1047 3525 1318 3597 ἐνδέχεται
1373 3528 1472 3601 τὴν
1523 3530 1631 3585 ἀπὸ
1673 3533 1769 3586 τοῦ
1821 3533 1939 3597 ἑνὸς

367 3606 566 3681 ἄστρου
602 3610 902 3684 θερμασίαν
947 3615 1210 3690 αἰσθητὴν
1251 3617 1513 3693 διαφορὰν
1536 3623 1852 3692 ἀποφαίνειν
1880 3626 1938 3679 ἐν

367 3702 488 3764 ταῖς
516 3703 896 3770 συνανατολαῖς
921 3705 1013 3761 τοῦ
1045 3708 1217 3778 ἡλίου.

443 3793 601 3847 Ἐστι
657 3796 704 3850 δ’
755 3797 917 3862 αὐτὸς
948 3802 977 3853 ὁ
1002 3799 1151 3871 ἥλιος
1178 3803 1461 3874 παραίτιος
1489 3805 1597 3859 τῶν
1622 3809 1937 3878 καυμάτων,

368 3883 512 3938 κατὰ
546 3885 609 3941 τὸ
640 3888 861 3959 συνεχὲς
903 3889 994 3943 τὸν
1026 3892 1187 3947 αὐτὸν
1220 3894 1381 3950 τόπον
1411 3898 1511 3968 τῆς
1537 3898 1798 3969 οἰκήσεως
1823 3902 1942 3954 ἐπι-

368 3978 748 4050 πῦρευόμενος.
777 3982 853 4034 Οὐ
885 3981 1168 4054 δυνάμενοι
1198 3985 1255 4039 δὲ
1285 3987 1471 4059 κοινὴν
1502 3988 1711 4061 ἡμέραν
1740 3990 1942 4045 ἅπασιν

367 4066 646 4140 ἀφορίσαι,
680 4071 739 4124 ἐν
819 4073 1056 4142 γίνονται
1097 4079 1150 4130 αἱ
1178 4078 1454 4144 ἐπιτάσεις
1483 4080 1592 4134 τῶν
1622 4083 1938 4153 καυμάτων,

369 4157 493 4212 ἐπεὶ
514 4162 653 4216 κατὰ
665 4162 852 4218 τοῦτον
877 4165 966 4220 τὸν
995 4166 1184 4239 καιρὸν
1212 4170 1491 4225 ἐπέτελλεν
1514 4163 1668 4235 οὗτος
1689 4174 1717 4225 δ
1743 4172 1938 4244 ἀστὴρ,

375 4250 434 4320 τῇ
459 4250 650 4307 τούτου
689 4255 849 4324 φάσει
884 4257 976 4311 τὸν
1010 4259 1203 4331 καιρὸν
1229 4262 1654 4333 ἐσημειώσαντο.
1686 4276 1694 4317 ι

440 4340 563 4395 Ὅτι
582 4343 639 4397 δὲ
658 4344 756 4397 οὐκ
781 4344 926 4400 ἔστιν
954 4348 983 4400 ό
1014 4348 1188 4421 ἀστὴρ
1213 4351 1496 4422 παραίτιος
1518 4352 1619 4423 τῆς
1643 4353 1941 4418 έπιτάσεως

367 4430 476 4486 τῶν
500 4434 815 4505 καυμάτων,
839 4438 902 4490 ἐκ
927 4437 1035 4492 τῶν
1060 4438 1309 4508 λέγεσθαι
1354 4441 1654 4511 μελλόντων
1687 4443 1938 4515 φανερόν.

2042 3346 2351 3401 inerrantes
2399 3342 2589 3406 stellae,
2639 3342 2765 3395 cum
2813 3340 3059 3395 eamdem
3088 3341 3197 3394 vim
3238 3339 3349 3394 sint
3377 3339 3604 3400 sortitae,

2048 3453 2159 3494 non
2190 3436 2454 3508 possibile
2479 3442 2566 3491 est
2616 3431 3024 3490 calefactionem
3051 3433 3120 3488 ab
3154 3447 3262 3487 una
3299 3431 3452 3487 stella
3482 3445 3608 3500 pro-

2047 3529 2381 3602 gredientem
2416 3525 2632 3584 efﬁcere
2662 3525 2976 3583 sensibilem
3017 3524 3332 3580 varietatem
3365 3523 3421 3577 in
3454 3536 3608 3577 coor-

2047 3622 2197 3678 tibus
2218 3636 2344 3676 cum
2383 3620 2520 3677 sole.

2114 3801 2213 3857 Est
2245 3790 2428 3856 autem
2457 3799 2577 3871 ipse
2618 3798 2700 3854 sol
2731 3809 2900 3851 causa
2931 3800 3185 3859 aestuum,
3236 3790 3501 3847 continuo
3539 3790 3608 3845 ad

2044 3896 2294 3955 eumdem
2336 3896 2515 3952 locum
2545 3892 2899 3949 habitationis
2927 3889 3213 3946 accedens.
3237 3886 3376 3943 Cum
3427 3892 3610 3941 autem

2047 4005 2156 4046 non
2185 3995 2409 4060 possent
2440 3986 2695 4042 omnibus
2724 3984 3040 4040 hominibus
3084 3993 3431 4040 communem
3464 3978 3609 4034 diem

2046 4081 2431 4148 determinare,
2468 4080 2524 4135 in
2553 4092 2663 4150 qua
2693 4077 2778 4132 lim
2820 4075 3162 4132 intensiones
3187 4084 3416 4130 aestuum
3450 4071 3608 4135 fiunt,

2046 4189 2281 4246 cumque
2309 4174 2458 4229 circa
2490 4172 2595 4228 hoc
2636 4179 2851 4242 tempus
2880 4169 2996 4224 haec
3036 4167 3192 4224 stella
3220 4168 3478 4229 oriretur,
3508 4160 3611 4217 liti-

2043 4267 2137 4339 jus
2175 4265 2515 4337 apparitione
2546 4265 2651 4319 hoc
2687 4271 2902 4333 tempus
2936 4260 3395 4332 significaverunt.

2120 4360 2277 4427 Quod
2313 4367 2494 4414 autem
2524 4358 2640 4413 haec
2667 4355 2822 4411 stella
2855 4369 2961 4408 non
2993 4352 3065 4408 sit
3092 4364 3258 4406 causa
3283 4344 3611 4403 intensionis

2048 4461 2302 4515 mstuum,
2354 4466 2423 4506 ex
2478 4450 2546 4505 iis
2592 4462 2714 4520 quae
2775 4445 3029 4501 dicentur
3078 4442 3182 4497 erit
3236 4435 3608 4494 manifestum.

367 4521 591 4594 Πρῶτον
643 4527 740 4596 μὲν
780 4527 889 4600 γὰρ
926 4529 1185 4594 πολλάκις
1218 4533 1665 4597 συνανατέλλουσι
1697 4533 1775 4605 τῷ
1806 4535 1941 4606 ἡλίῳ

2048 4543 2293 4598 Primum
2321 4542 2467 4597 enim
2498 4554 2642 4608 saape
2667 4536 2988 4592 cooriuntur
3018 4546 3143 4588 cum
3176 4530 3291 4586 sole
3343 4536 3398 4583 et
3424 4527 3610 4597 plures

368 4614 464 4668 καὶ
492 4615 736 4683 πλείονες
767 4620 861 4675 καὶ
893 4620 1135 4691 μείζονες
1163 4623 1390 4695 ἀστέρες
1408 4667 1423 4692 ,
1453 4626 1548 4680 καὶ
1572 4626 1823 4698 οὐδεμίαν
1852 4630 1937 4683 αί-

2047 4642 2103 4691 et
2153 4633 2392 4703 majores
2424 4630 2622 4696 slellaa,
2654 4636 2709 4682 et
2753 4626 2957 4680 nullam
3010 4622 3323 4680 sensibilem
3371 4617 3612 4674 elliciunt

370 4706 572 4781 σθητὴν
609 4711 817 4765 ποιοῦσι
850 4712 1224 4785 παραλλαγὴν,
1254 4714 1367 4769 ἀλλ’
1427 4715 1572 4771 ἐστιν
1604 4719 1692 4771 ὅτε
1727 4719 1791 4772 ἐκ
1832 4719 1943 4773 τῶν

368 4799 625 4854 ἐναντίων
654 4803 712 4855 ὲν
742 4805 862 4867 ταῖς
894 4804 1166 4869 ὲπιτολαῖς
1192 4806 1369 4861 αὐτῶν
1395 4809 1488 4862 καὶ
1516 4807 1699 4863 δύσεσι
1737 4809 1941 4882 χειμῶ-

366 4905 458 4953 νες
498 4891 757 4961 γίνονται,
793 4896 887 4949 καὶ
913 4898 1102 4968 ἄνεμοι
1127 4897 1324 4971 ψυχροὶ
1362 4900 1631 4968 πνέουσιν,
1661 4900 1737 4966 ὡς
1779 4901 1942 4972 μηδὲν

367 4981 545 5037 αὐτῶν
575 4984 1025 5058 συμϐαλλομένων
1051 4990 1188 5061 πρὸς
1206 4990 1304 5062 τὴν
1330 4991 1576 5045 ἐπίτασιν
1599 4992 1707 5046 τῶν
1738 4993 1944 5064 καυμά-

366 5084 474 5120 των
495 5084 510 5098 ο
546 5069 804 5136 πολλάκις
836 5073 892 5127 δὲ
922 5074 1016 5128 καὶ
1053 5076 1111 5129 ἐν
1164 5075 1242 5146 τῷ
1278 5077 1426 5146 αὐτῷ
1476 5076 1648 5150 ζωδίῳ
1694 5079 1771 5151 τῷ
1807 5080 1942 5152 ἡλίῳ

366 5158 603 5226 γίνονται
642 5163 869 5235 ἀστέρες
900 5166 1008 5221 τῶν
1036 5167 1078 5220 ε’
1107 5168 1392 5240 πλανητῶν
1423 5172 1473 5224 oi.
1508 5172 1772 5242 μέγιστοι,
1808 5173 1943 5226 Φαέ-

367 5248 495 5315 θων,
534 5253 845 5326 Φωσφόρος,
885 5257 1136 5328 Πυρόεις,
1171 5257 1263 5326 ἀφ’
1291 5250 1366 5311 ὧν
1411 5262 1504 5313 καὶ
1547 5260 1800 5330 δυνάμεις
1847 5261 1942 5315 ἐπὶ

366 5341 465 5412 τὴν
491 5343 596 5412 γῆν
624 5345 905 5410 πίπτουσι,
937 5349 1033 5402 καὶ
1056 5348 1210 5401 οὐδὲν
1239 5348 1391 5421 παρὰ
1425 5349 1523 5421 τὴν
1556 5351 1733 5404 αὐτῶν
1762 5352 1941 5406 αἰτίαν

367 5431 761 5507 διαφορώτερον
794 5439 923 5508 περὶ
948 5440 1038 5492 τὸν
1065 5440 1200 5509 ἀέρα
1231 5440 1567 5509 γίνεται.Ἐξ
1598 5436 1657 5496 οὗ
1688 5443 1939 5513 φανερὸν,

367 5523 450 5577 ὃτι
482 5527 633 5580 οὐδὲν
661 5528 1056 5598 συμϐάλλονται
1081 5532 1217 5602 πρὸς
1250 5533 1347 5603 τὴν
1380 5532 1629 5586 ἐπίτασιν
1668 5534 1774 5586 τῶν
1806 5552 1940 5588 καυ-

370 5616 558 5686 μάτων
587 5618 700 5672 οὖθ⁹
722 5621 771 5673 οἰ
800 5621 1053 5687 ἀπλανεῖς
1082 5622 1195 5677 οὗθ’
1238 5626 1286 5677 οί
1315 5624 1577 5697 πλανῆται
1610 5627 1864 5697 ἀστέρεςο
1893 5628 1942 5680 εί

371 5706 481 5778 γὰρ
520 5707 747 5779 δύναμίν
795 5727 915 5764 τινα
957 5713 1320 5785 προσεφέρετο
1362 5717 1389 5767 ὁ
1427 5715 1619 5781 Κύων,
1654 5715 1760 5769 ἔδει
1801 5717 1941 5770 κατὰ

436 5844 481 5877 ⁵’
510 5862 598 5913 1p.
632 5845 916 5900 ἐπιτέλλει.

2045 4730 2390 4792 varietatem,
2444 4723 2540 4780 sed
2596 4718 2867 4777 interdum
2906 4715 3214 4772 econtrario
3246 4715 3301 4767 in
3323 4711 3534 4767 ortibus
3555 4718 3611 4765 et

2046 4818 2337 4876 occasibus
2360 4829 2546 4871 earum
2576 4816 2927 4882 tempestates
2973 4808 3130 4873 fiunt,
3164 4813 3220 4861 et
3245 4804 3389 4861 venti
3426 4801 3610 4872 frigidi

2047 4912 2281 4983 spirant,
2318 4917 2575 4978 tanquam
2609 4905 2665 4959 hi
2699 4894 2855 4959 ortus
2883 4908 2937 4957 et
2976 4913 3207 4954 occasus
3245 4897 3383 4952 nihil
3424 4893 3613 4949 confe-

2045 5011 2172 5057 rant
2197 5001 2265 5056 ad
2294 4999 2660 5055 intensionem
2685 5004 2940 5051 aestuum.
2978 4991 3131 5062 Saepe
3158 4990 3323 5046 etiam
3345 4988 3400 5041 in
3420 4984 3610 5042 eodem

2047 5095 2206 5166 signo
2228 5107 2353 5148 cum
2384 5091 2499 5146 sole
2523 5095 2651 5145 sunt
2678 5103 2710 5144 e
2725 5086 2968 5158 quinque
2985 5083 3218 5155 planetis
3246 5081 3417 5137 stellae
3438 5077 3613 5132 maxio

2051 5203 2173 5249 mm,
2199 5184 2431 5254 Jupiter,
2462 5181 2682 5237 Lucifer
2723 5187 2778 5234 et
2804 5178 2983 5243 Mars;
3020 5190 3050 5229 a
3084 5174 3285 5246 quibus
3312 5179 3366 5227 et
3387 5170 3533 5225 vires
3555 5170 3614 5224 in

2048 5287 2249 5334 terram
2279 5280 2517 5336 cadunt.
2550 5280 2604 5328 et
2650 5280 2830 5329 tamen
2882 5275 3107 5339 propter
3148 5267 3342 5319 horum
3390 5274 3611 5316 causam
3722 5294 3725 5299 ν

2044 5368 2181 5422 nihil
2212 5368 2360 5421 circa
2384 5379 2563 5419 aerem
2589 5361 2766 5432 magis
2787 5359 2845 5412 fit
2875 5359 3168 5413 diversum.
3196 5351 3275 5408 Ex
3298 5365 3407 5422 quo
3438 5349 3614 5404 mani-

2051 5456 2254 5511 festum
2294 5461 2380 5510 est
2419 5451 2564 5523 quod
2603 5450 2740 5505 nihil
2787 5445 3077 5503 conferant
3129 5445 3199 5499 ad
3247 5442 3613 5499 intensionem

2051 5557 2281 5601 aestuum
2312 5559 2490 5614 neque
2518 5543 2826 5597 inerrantes
2855 5552 3031 5608 neque
3055 5542 3303 5591 errantes
3339 5532 3528 5589 stellaa.
3553 5529 3612 5585 Si
3684 5567 3693 5583 .

2045 5637 2189 5692 enim
2243 5636 2354 5690 vim
2406 5632 2697 5704 quamdam
2737 5630 2953 5686 afferret
3002 5627 3186 5689 Canis,
3232 5621 3516 5696 oportebat
3554 5621 3613 5675 in
3678 5660 3683 5668 λ

2056 5742 2184 5783 vero
2232 5736 2357 5782 ortu
2403 5724 2769 5781 intensionem
2825 5730 3057 5777 aestuum
3108 5718 3245 5773 fieri.
3279 5714 3434 5772 Tunc
3467 5713 3614 5769 enim
