4146 6418
568 429 670 488 83!

1525 418 1620 476 AD
1653 415 1921 474 EUSEBII
1960 409 2356 470 CIIRONICON
2397 406 2798 465 APPPENDIX.

3683 401 3791 457 ενι

3725 425 3748 437 νο

3721 439 3750 456 υ

3725 425 3748 437 νο

3721 439 3750 456 υ

561 548 728 606 simul
753 560 861 604 una
895 545 1074 602 oritur
1102 557 1226 599 cum
1257 541 1390 599 sole.
1411 539 1529 596 Non
1559 539 1617 594 tit
1646 547 1826 594 autem
1861 537 1987 601 hoc,
2024 534 2105 590 sed

2220 531 2320 604 τὴν
2351 529 2608 602 ἀνατολὴν
2637 527 2743 582 τῶν
2773 525 3065 598 καυμάτων
3090 523 3331 594 γίνεσθαι
3361 522 3634 578 ἐπίτασιν·
3667 523 3787 578 τότε

559 641 620 696 in
667 636 948 711 apparenti
979 643 1104 692 ortu
1141 633 1367 692 maximi
1400 631 1538 687 ﬁunt
1584 639 1773 688 aestus.
1803 628 1966 684 Circa
2011 627 2117 681 hoc

559 731 704 788 enim
743 739 956 800 tempus
979 727 1062 784 sol
1107 734 1328 797 propter
1365 723 1540 781 dictas
1593 737 1802 778 causas
1836 719 1998 776 ellicit
2038 719 2118 773 in-

557 823 862 880 tensionem
893 827 1146 876 aestuum.
1177 819 1233 873 In
1285 815 1476 871 Rhodo
1500 813 1644 870 enim
1688 819 1810 884 post
1837 812 1907 867 50
1935 810 2053 866 dies
2083 824 2114 864 a

449 972 456 986 ί
555 914 793 971 solstitio
829 913 1005 968 oritur
1047 911 1163 965 haec
1213 908 1410 974 stella;
1448 906 1505 961 in
1534 905 1656 960 aliis
1715 905 1851 959 locis
1893 909 2018 973 post
2043 901 2115 956 40

553 1003 671 1059 dies
693 1001 869 1058 aestivi
897 997 1149 1064 solstitii;
1181 997 1302 1053 aliis
1334 1003 1457 1066 post
1475 994 1576 1049 50:
1614 994 1689 1047 ita
1722 1000 1782 1046 ut
1809 990 1930 1060 ejus
1959 997 2114 1044 ortus

553 1108 664 1148 non
697 1091 928 1162 amplius
962 1090 1125 1146 faciat
1151 1089 1514 1144 intensionem
1549 1092 1780 1140 aestuum
1813 1081 1996 1152 :quod
2024 1095 2114 1135 ne-

550 1181 686 1237 mini
715 1197 824 1236 non
847 1179 1196 1236 manifestum
1223 1186 1326 1244 est,
1356 1175 1503 1249 quod
1534 1190 1658 1230 cum
1691 1187 1860 1228 unum
1885 1171 1957 1226 sit
1979 1167 2112 1225 illud

551 1283 786 1345 tempus,
818 1272 964 1344 quod
996 1271 1361 1326 intensionem
1412 1275 1642 1322 aestuum
1678 1261 2109 1332 comprehendit,

550 1363 698 1436 quod
729 1371 814 1419 est
859 1371 983 1434 post
1015 1362 1134 1418 dies
1169 1361 1238 1417 50
1267 1359 1490 1416 solstitii
1529 1357 1734 1423 aestivi;
1761 1355 1818 1409 in
1841 1353 1944 1408 hoc
1991 1353 2113 1423 ipso

550 1469 794 1526 tempore
824 1454 968 1524 apud
1003 1453 1140 1508 alios
1171 1451 1336 1508 Canis
1381 1451 1589 1515 oritur,
1611 1450 1674 1502 'et
1712 1455 1926 1516 tempus
1971 1442 2114 1498 indi-

549 1552 659 1610 cat,
694 1543 838 1615 apud
869 1545 1006 1600 alios
1044 1557 1176 1598 vero
1209 1541 1358 1597 aliud
1392 1539 1668 1611 quoddam
1691 1552 1759 1594 ex
1785 1536 1951 1592 astris
1979 1549 2112 1589 con-

550 1633 948 1698 stellationum;
974 1647 1083 1687 non
1111 1630 1253 1686 enim
1278 1630 1442 1685 simul
1463 1628 1718 1684 omnibus
1758 1625 1924 1682 astris
1954 1632 2110 1682 ortus

548 1732 602 1780 et
623 1739 852 1780 occasus
881 1723 1148 1795 contingit
1172 1721 1308 1778 fleri.

603 1966 758 2036 Quod
773 1981 903 2024 vero
918 1981 948 2022 a
963 1966 1213 2038 plurimis
1227 1965 1450 2034 dicitur,
1462 1963 1607 2037 quod
1621 1963 1768 2020 circa
1777 1971 1990 2035 tempus
2003 1963 2107 2019 hoc

545 2062 652 2135 35
674 2060 838 2118 Canis
863 2061 1074 2116 oriatur
1099 2075 1223 2117 cum
1259 2061 1394 2124 sole,
1418 2059 1641 2115 omnino
1664 2065 1750 2116 est
1774 2057 2104 2129 imperitum.

545 2151 609 2208 In
632 2154 736 2209 hoc
762 2153 908 2208 enim
950 2159 1195 2224 tempore
1239 2153 1532 2223 plurimum
1561 2167 1595 2207 a
1633 2151 1748 2207 sole
1787 2150 1955 2206 distat
1993 2149 2110 2204 haec

548 2245 725 2302 stella.
755 2243 846 2300 Sol
897 2245 1044 2299 enim
1091 2245 1318 2300 omnino
1348 2244 1404 2298 in
1427 2243 1617 2300 aestivo
1659 2240 1872 2312 tropico
1902 2240 2109 2296 circulo

505 2354 515 2364 '
547 2339 656 2393 iter
697 2335 870 2392 facit:
902 2335 1071 2391 Canis
1099 2349 1234 2390 vero
1280 2335 1337 2390 in
1373 2334 1602 2390 hiberno
1643 2333 1853 2403 tropico
1897 2330 2109 2387 circulo

546 2429 686 2486 situs
709 2435 832 2495 est;
857 2427 936 2482 ita
957 2435 1018 2482 ut
1039 2427 1095 2481 bi
1125 2425 1418 2480 maximam
1459 2439 1490 2479 a
1517 2440 1576 2481 se
1619 2423 1858 2480 invicem
1900 2421 2110 2479 distan-

545 2521 677 2576 tiam
703 2519 963 2574 habeant.
987 2515 1276 2583 Quomodo
1302 2515 1471 2586 igitur
1501 2523 1690 2584 posset
1731 2512 1898 2568 Canis
1939 2525 2108 2568 causa

543 2625 668 2668 esse
705 2609 1037 2666 intensionis
1081 2606 1356 2663 aestuum?
1382 2605 1587 2662 laceret
1631 2611 1814 2661 autem
1842 2603 2108 2660 intensio-

543 2717 690 2764 nem,
726 2703 772 2759 si
800 2715 960 2771 quam
1011 2699 1122 2754 vim
1165 2698 1391 2754 haberet
1429 2697 1547 2752 haec
1597 2696 1777 2762 stella,
1809 2705 1926 2752 tum
1978 2710 2106 2751 cum

543 2801 689 2850 esset
715 2793 1012 2860 conjuncta
1043 2789 1146 2846 soli
1173 2787 1476 2844 secundum
1505 2786 1766 2842 hibernas
1802 2786 2110 2843 conversio-

541 2899 664 2950 nes,
707 2896 940 2952 cumque
985 2880 1219 2936 ferretur
1249 2877 1308 2934 in
1340 2877 1532 2934 eodem
1557 2876 1766 2932 circulo
1799 2876 1917 2932 haec
1949 2875 2104 2932 stella

542 2988 667 3031 cum
687 2974 836 3040 sole;
865 2983 999 3028 tunc
1027 2971 1170 3027 enim
1205 2969 1490 3041 oportebat
1531 2967 1768 3038 aliquam
1811 2967 1958 3031 ﬁeri.
1981 2981 2109 3024 con-

541 3077 624 3122 tra
654 3064 710 3120 id
748 3062 894 3134 quod
943 3067 1186 3133 apparet.
1211 3056 1527 3116 sensibilem
1556 3059 1700 3113 aeris
1727 3056 2104 3112 mutationem.

540 3159 660 3215 Non
691 3159 750 3213 lit
785 3164 968 3212 autem
1001 3155 1126 3219 hoc,
1155 3151 1250 3208 sed
1286 3165 1319 3208 e
1345 3150 1622 3206 contrario
1665 3149 1850 3220 potius
1897 3149 2094 3206 hiems.

454 3263 465 3274 '
539 3249 696 3307 Unde
723 3249 928 3305 tabulis
963 3260 1065 3318 pro
1093 3244 1252 3316 signo
1274 3241 1569 3300 ascribitur
1591 3251 1750 3298 ortus
1769 3239 1960 3299 Canis.
1989 3241 2100 3296 Ita—
2128 3221 2174 3280 Α

541 3358 649 3414 que
673 3340 1026 3398 manifestum
1068 3347 1154 3395 est
1181 3353 1248 3394 ex
1271 3335 1554 3402 omnibus,
1594 3351 1772 3406 neque
1811 3336 1951 3392 hanc
1977 3337 2104 3393 stel-

538 3437 670 3500 lam,
719 3449 899 3504 neque
939 3433 1100 3488 aliam
1141 3431 1306 3486 ullam
1358 3439 1568 3488 tantam
1621 3431 1826 3486 habere
1871 3429 2004 3495 vim,
2042 3435 2102 3483 ut

537 3527 686 3580 circa
732 3539 914 3580 aerem
951 3524 1282 3578 mutationes
1319 3522 1552 3582 etliciat:
1598 3521 1698 3578 sed
1747 3520 2101 3592 principalem

537 3631 662 3672 esse
688 3629 912 3671 causam
945 3613 1114 3669 solem
1147 3631 1162 3668 :
1192 3615 1387 3668 harum
1417 3627 1551 3669 vero
1579 3621 1734 3668 ortus
1779 3621 1836 3668 et
1869 3626 2104 3668 occasus

538 3709 596 3763 in
652 3707 1020 3778 cognitionem
1062 3705 1426 3760 mutationum
1481 3705 1628 3760 aeris
1673 3704 1892 3774 apponi.
1927 3705 2102 3771 Quam

539 3800 612 3855 ob
631 3813 853 3854 causam
883 3812 1058 3869 neque
1086 3812 1304 3868 semper
1351 3805 1677 3868 congruunt.
1724 3795 1876 3853 Unde
1911 3799 2103 3852 melio-

538 3892 697 3947 ribus
717 3891 918 3960 aliquis
945 3886 1190 3946 uteretur
1216 3890 1286 3951 iis
1303 3889 1476 3960 signis
1504 3905 1626 3960 qua:
1659 3905 1690 3942 a
1716 3897 1915 3945 natura
1939 3891 2102 3947 nobis

540 3985 764 4046 dantur,
789 3981 990 4052 quibus
1019 3987 1078 4036 et
1100 3979 1300 4036 Aratus
1340 3987 1427 4036 est
1459 3995 1616 4036 usus.
1654 3976 1790 4035 Nam
1833 3995 1929 4037 eas
1961 3981 2106 4038 aeris

539 4074 888 4138 mutationes,
905 4087 1026 4143 quas
1051 4070 1188 4127 ﬁunt
1202 4087 1268 4126 ex
1293 4071 1506 4128 ortibus
1537 4080 1592 4126 et
1617 4071 1901 4128 occasibus
1924 4079 2104 4128 astro-

536 4180 681 4231 rum,
709 4165 921 4237 putavit
951 4179 1074 4221 esse
1116 4163 1282 4220 falsas
1311 4177 1326 4218 :
1354 4178 1446 4220 eas
1466 4178 1596 4220 vero
1625 4180 1748 4236 qua!
1794 4164 1932 4218 ﬁunt
1951 4171 2104 4220 natu-

537 4260 743 4324 raliter,
768 4266 824 4316 et
845 4257 1078 4330 quadam
1105 4271 1174 4313 ex
1203 4271 1393 4321 causa,
1433 4259 1662 4314 seorsim
1703 4259 1888 4328 posuit
1911 4259 1965 4313 in
1993 4259 2103 4329 Ap-

539 4349 916 4420 parentiarum
941 4355 1197 4410 tractatu,
1221 4347 1277 4402 in
1294 4347 1536 4404 extrema
1570 4348 1694 4403 libri
1723 4349 1893 4404 totius
1923 4357 2095 4420 parte.

538 4440 718 4496 Sumit
745 4441 890 4495 enim
912 4439 1286 4510 praescient'ras
1303 4453 1334 4493 a
1354 4439 1486 4495 solis
1519 4446 1642 4494 ortu
1665 4445 1719 4496 et
1739 4454 1961 4508 occasu,
1989 4448 2044 4496 et
2067 4455 2098 4495 a

2223 622 2332 694 γὰρ
2363 621 2478 693 ἅμα
2505 618 2876 674 συνανατέλλει
2906 615 2982 688 τῷ
3008 616 3160 687 ἡλίῳ.
3179 615 3252 669 Ού
3282 614 3485 684 γίνεται
3516 614 3573 668 δὲ
3595 612 3784 666 τοῦτο’

2216 713 2350 768 ἀλλά
2383 712 2524 766 κατὰ
2561 711 2660 780 τὴν
2700 705 3122 778 ἐπιφαινομένην
3159 704 3409 775 ἐπιτολὴν
3444 703 3514 756 τὰ
3557 703 3788 776 μέγιστα

2215 806 2470 875 καύματα
2523 803 2749 872 γίνεται.
2805 799 2941 870 Περὶ
2986 795 3095 867 γὰρ
3143 795 3233 850 τὸν
3289 793 3480 864 καιρὸν
3519 792 3705 846 τοῦτον
3758 794 3788 846 ὁ

2213 899 2362 969 ἥλιος
2383 897 2472 952 διὰ
2499 895 2599 960 τὰς
2626 891 3026 968 προειρημένας
3049 889 3226 953 αἰτίας
3245 887 3529 958 παραίτιός
3547 887 3661 939 ἐστι
3687 886 3789 956 τῆς

2214 989 2516 1052 ἐπιτάσεως
2541 985 2651 1041 τῶν
2680 984 2998 1055 καυμάτων.
3049 981 3137 1034 Ἐν
3176 979 3341 1049 Ῥόδῳ
3369 977 3466 1049 μὲν
3499 977 3610 1050 γὰρ
3648 975 3789 1047 μετά

2215 1082 2258 1135 λ’
2291 1083 2500 1153 ἡμέρας
2535 1081 2632 1150 τῆς
2677 1077 2888 1150 τροπῆς
2917 1072 3186 1128 ἐπιτέλλει
3230 1072 3260 1124 6
3302 1069 3495 1142 ἀστὴρ,
3524 1071 3582 1123 ἐν
3607 1069 3788 1132 ἄλλοις

2213 1173 2269 1226 δὲ
2299 1173 2481 1234 τόποις
2506 1170 2644 1242 μετά
2667 1176 2718 1242 μ’
2747 1167 2959 1239 ἡμέρας
2987 1165 3083 1236 τῆς
3114 1162 3332 1238 θερινῆς
3359 1161 3586 1232 τροπῆς,
3615 1155 3696 1224 οἷς
3721 1160 3780 1213 δὲ

2217 1263 2354 1335 μετά
2399 1270 2440 1316 ν’
2462 1279 2476 1293 ·
2523 1261 2664 1314 ὥστε
2716 1259 2910 1332 μηκέτι
2942 1257 3038 1328 τὴν
3071 1255 3314 1309 ἐπίτασιν
3349 1252 3458 1306 τῶν
3490 1251 3786 1321 καυμάτων

2209 1353 2309 1424 τὴν
2351 1351 2601 1423 ἐπιτολὴν
2645 1350 2808 1403 αὑτοῦ
2839 1346 3104 1402 ποιεῖσθαι
3151 1342 3365 1412 ἑκάστῳ
3393 1341 3646 1411 φανερὸν,
3702 1341 3786 1394 ὅτι

2211 1447 2240 1499 6
2277 1445 2374 1517 μὲν
2401 1443 2498 1516 τὴν
2531 1443 2780 1498 ἐπίτασιν
2813 1439 2919 1494 τῶν
2947 1437 3242 1509 καυμάτων
3289 1435 3554 1506 περιέχων
3595 1433 3787 1506 καιρὸς

2210 1532 2290 1601 εἷς
2319 1538 2466 1590 ἐστιν
2494 1537 2523 1590 6
2562 1533 2702 1606 μετὰ
2747 1530 2846 1596 τὰς
2880 1529 3098 1601 Θερινὰς
3135 1525 3343 1600 τροπὰς
3374 1524 3584 1596 ἡμέρας
3609 1523 3687 1576 λ”
3725 1525 3785 1578 ἐν

2208 1627 2264 1679 δὲ
2289 1625 2366 1697 τῷ
2399 1625 2576 1698 χρόνῳ
2617 1623 2790 1694 τούτῳ
2834 1622 2962 1695 παρ’
3000 1615 3080 1686 οἷς
3111 1620 3207 1691 μὲν
3233 1621 3262 1673 6
3291 1618 3452 1673 Κύων
3494 1617 3782 1682 ἐπιτέλλει,

2216 1717 2313 1771 καὶ
2337 1715 2428 1770 τὸν
2457 1714 2648 1786 καιρὸν
2684 1711 2896 1784 μηνύει,
2919 1710 3047 1783 παρ’
3071 1704 3152 1774 οἷς
3173 1709 3229 1763 δὲ
3261 1707 3386 1764 ἀλλο
3425 1724 3480 1760 τι
3523 1705 3630 1760 τῶν
3655 1723 3786 1759 κατα

2209 1807 2619 1880 ηστερισμένων
2652 1803 2963 1876 ἄστρωνοού
2992 1801 3099 1874 γὰρ
3130 1801 3244 1871 ἅμα
3265 1801 3396 1852 πᾶσι
3423 1800 3535 1862 τοῖς
3563 1797 3784 1868 ἄστροις

2137 1865 2180 1925 Β
2208 1865 2304 1962 τὰς
2331 1865 2580 1960 ἐπιτολὰς
2610 1896 2704 1950 καὶ
2733 1865 2834 1956 τ’ὰς
2859 1865 3040 1956 δύσεις
3070 1865 3359 1962 συμϐαίνει
3385 1886 3650 1958 γίνεσθαι.

2280 1990 2354 2042 T6
2396 1987 2455 2042 δὲ
2483 1986 2774 2057 λεγόμενον
2804 1983 2917 2055 (49)
2947 1981 3053 2035 ὑπὸ
3088 1979 3199 2034 τῶν
3227 1977 3513 2043 πλείστων,
3540 1977 3621 2030 ὅτι
3655 1976 3784 2046 περὶ

2203 2081 2296 2133 τὸν
2325 2078 2516 2150 καιρὸν
2542 2076 2728 2130 τοῦτον
2775 2072 3055 2130 ἀνατέλλει
3085 2073 3180 2126 σὺν
3209 2070 3287 2142 τῷ
3317 2070 3470 2141 ἡλίῳ,
3504 2067 3784 2129 παντελῶς

2206 2173 2353 2224 ἐστιν
2403 2167 2690 2222 ἰδιωτικόν.
2735 2167 2822 2220 Ἐν
2848 2163 2958 2236 γὰρ
2993 2163 3166 2232 τούτῳ
3209 2159 3290 2232 τῷ
3327 2159 3504 2231 χρόνῳ
3536 2158 3786 2212 πλεῖστον

2207 2260 2316 2314 ἀπὸ
2349 2259 2447 2314 τοῦ
2476 2259 2625 2332 ἡλίου
2653 2257 2932 2329 διέστηκεν
2977 2257 3007 2308 6
3046 2255 3242 2324 ἀστήρ.
3278 2254 3338 2306 '0
3377 2253 3476 2324 μὲν
3501 2252 3608 2322 γὰρ
3633 2251 3785 2323 ἥλιος

2207 2353 2424 2416 πάντως
2471 2351 2562 2405 ἐπὶ
2599 2349 2692 2404 τοῦ
2737 2346 2950 2420 θερινοῢ
2986 2343 3247 2416 τροπικοῦ
3285 2343 3484 2399 κύκλου
3517 2343 3615 2414 τὴν
3641 2343 3783 2414 πάρ-

2206 2444 2324 2499 οδον
2355 2445 2584 2497 ποιεῖται
2603 2458 2617 2472 °
2647 2444 2676 2496 6
2703 2441 2761 2495 δὲ
2799 2441 2892 2494 ἐπὶ
2937 2438 3032 2492 τοῦ
3073 2438 3380 2510 χειμερινοῦ
3403 2437 3658 2510 τροπικοῦ
3687 2436 3786 2492 κύ-

2207 2537 2336 2590 κλου
2381 2537 2589 2589 κεῖται·
2633 2533 2770 2587 ὥστε
2806 2532 3052 2584 πλεῖστον
3099 2531 3192 2584 ἀπ’
3227 2529 3468 2600 ἀλλήλων
3510 2528 3783 2600 διάστημα

2207 2627 2432 2698 ἀπέχειν
2467 2625 2681 2688 αύτούς.
2709 2624 2832 2686 Πῶς
2859 2623 2925 2678 ἂν
2955 2618 3047 2676 οὖν
3077 2620 3289 2676 δύναιτο
3323 2621 3609 2692 παραίτιος
3635 2621 3782 2689 γίνε-

2209 2718 2332 2771 σθαι
2354 2717 2452 2788 τῆς
2471 2716 2772 2778 ἐπιτάσεως
2793 2714 2900 2768 τῶν
2921 2715 3247 2785 καυμάτων;
3271 2713 3516 2766 ἐπίτασιν
3530 2711 3586 2766 δὲ
3609 2712 3784 2766 ἐποίει

2207 2809 2294 2872 ἂν,
2325 2809 2376 2860 εἴ
2398 2824 2520 2862 τινα
2549 2807 2776 2878 δύναμιν
2812 2803 2958 2877 εἶχεν
2986 2808 3013 2858 ὁ
3036 2803 3231 2876 ἀστὴρ,
3260 2803 3374 2875 ᾶμα
3402 2803 3782 2876 γινόμενοςτῷ

2207 2901 2344 2974 ήλίῳ
2401 2900 2541 2956 κατά
2585 2899 2900 2973 χειμερινὰς
2944 2897 3152 2970 τροπὰς
3171 2941 3186 2963 ,
3213 2899 3340 2952 ὅταν
3369 2899 3458 2952 ἐπὶ
3489 2897 3583 2952 τοῦ
3613 2895 3780 2952 αὐτοῦ

2209 2993 2407 3048 κύκλου
2439 2993 2668 3064 φέρηται
2701 2994 2730 3046 6
2771 2990 2946 3062 ἀστὴρ
2973 2989 3050 3060 τῷ
3079 2989 3230 3060 ἡλίῳ.
3259 2989 3392 3042 Τότε
3418 2987 3527 3060 γὰρ
3555 2987 3662 3041 ἔδει
3689 3005 3784 3057 γε-

2209 3085 2394 3140 νέσθαι
2424 3085 2548 3138 τινὰ
2576 3084 2712 3156 πρὸς
2746 3081 2806 3136 τὸ
2847 3083 3167 3153 φαινόμενον
3198 3079 3458 3150 αἰσθητὴν
3513 3079 3640 3150 περὶ
3689 3079 3784 3133 τὸν

2209 3174 2347 3246 ἀέρα
2375 3173 2744 3246 παραλλαγήν.
2771 3173 2846 3227 Οὐ
2875 3173 3082 3241 γίνεται
3109 3171 3166 3224 δὲ
3197 3169 3374 3232 τοῦτο,
3417 3167 3530 3222 ἀλλ’
3565 3169 3630 3220 ἐκ
3671 3167 3782 3221 τῶν

2207 3267 2462 3321 ἐναντίων
2497 3265 2723 3338 χειμών.
2758 3264 2918 3318 Ὅθεν
2947 3267 3059 3327 τοῖς
3081 3261 3487 3334 παραπήγμασι
3516 3259 3784 3330 παράκει-

2205 3375 2295 3412 ται
2327 3360 2578 3428 σημεῖον⁸
2605 3355 2748 3409 ὥστε
2779 3349 2916 3408 εἶναι
2950 3353 3180 3426 φανερὸν
3206 3354 3272 3406 ἐκ
3295 3351 3532 3416 πάντων,
3554 3351 3638 3403 ὅτι
3665 3349 3782 3403 οὗθ’

2205 3440 2357 3510 οὗτος
2383 3449 2412 3500 6
2439 3445 2634 3516 ἀστὴρ,
2658 3441 2768 3498 οὔτ’
2798 3443 2954 3506 ἄλλος
2989 3443 3163 3506 οὐδεὶς
3188 3441 3517 3513 τηλικαύτην
3540 3439 3663 3494 τινὰ
3689 3437 3784 3492 δύ·-

2207 3553 2366 3606 ναμιν
2396 3534 2526 3606 ἔχει,
2547 3533 2688 3587 ὥστε
2715 3531 3012 3606 μεταϐολὰς
3034 3533 3162 3604 περὶ
3185 3531 3274 3584 τὸν
3295 3531 3433 3602 ἀέρα
3451 3527 3786 3583 κατασκευά-

2208 3629 2346 3693 ζειψ
2399 3627 2512 3682 ἀλλ’
2557 3626 2672 3680 ἐστι
2694 3625 2756 3680 τὺ
2791 3623 3112 3696 ἡγεμονικὸν
3135 3621 3306 3676 αἴτιον
3334 3622 3462 3694 περὶ
3484 3620 3574 3674 τὸν
3605 3619 3780 3691 ἥλιον·

2207 3721 2264 3774 αἱ
2298 3719 2355 3772 δὲ
2383 3718 2583 3772 τούτων
2614 3717 2858 3771 ἐπιτολαὶ
2891 3717 2986 3770 καὶ
3011 3716 3192 3778 δύσεις
3219 3715 3314 3767 ἐπὶ
3361 3715 3460 3784 τὴν
3487 3711 3788 3782 ἐπίγνωσιν

2206 3809 2313 3863 τῶν
2339 3811 2468 3882 περὶ
2507 3810 2602 3864 τὸν
2633 3809 2772 3880 ἀέρα
2811 3807 3120 3880 μεταϐολῶν
3155 3807 3537 3879 παράκεινται.
3588 3803 3667 3858 Δι’
3712 3804 3781 3876 ἢν

2207 3900 2386 3955 αἰτίαν
2419 3900 2542 3955 οὐδὲ
2567 3900 2656 3954 διὰ
2677 3900 2876 3964 παντὸς
2911 3898 3475 3971 συμφωνοῦσιν.“Οθεν
3517 3896 3784 3968 βελτίοσιν

2207 3994 2271 4050 ἄν
2311 4013 2393 4060 τις
2433 3993 2678 4066 σημείοις
2704 3994 2964 4065 χρήσαιτο
2998 3995 3105 4056 τοῖς
3136 3991 3242 4046 ὑπὸ
3267 3994 3366 4062 τῆς
3395 3990 3606 4061 φύσεως
3647 3993 3783 4061 ἡμῖν

2205 4084 2496 4156 διδομένοις
2513 4101 2526 4114 ·
2553 4080 2634 4150 οἷς
2649 4085 2743 4138 καὶ
2767 4086 2996 4155 ΙἌρατος
3023 4085 3302 4156 κέχρηται.
3324 4081 3434 4146 T6;
3461 4083 3559 4153 μὲν
3589 4082 3698 4152 γὰρ
3715 4084 3784 4135 ἐκ

2204 4179 2314 4233 τῶν
2340 4177 2598 4232 ἐπιτελῶν
2623 4179 2717 4232 καὶ
2737 4177 2938 4232 δύσεων
2953 4178 3059 4231 τῶν
3069 4179 3282 4249 ἄστρων
3301 4176 3588 4248 γινομένας
3611 4191 3780 4247 μετα-

2206 4267 2366 4331 ϐολὰς
2383 4266 2476 4321 τοῦ
2497 4267 2655 4339 ἀέρος
2679 4265 2832 4338 ᾠήθη
2858 4261 3408 4337 εἷναιδιεψευσμένας·
3430 4264 3528 4329 τὰς
3547 4264 3604 4318 δὲ
3622 4280 3782 4333 φυσι-

2205 4358 2318 4422 κῶς
2351 4359 2640 4430 γινομένας
2660 4358 2752 4411 καὶ
2782 4356 2919 4428 μετά
2950 4375 3092 4420 τινος
3140 4357 3320 4420 αἰτίας
3335 4353 3698 4426 κατεχώρισεν
3720 4357 3786 4409 ἐν

2201 4451 2268 4521 τῇ
2312 4449 2420 4504 τῶν
2460 4449 2795 4521 Φαινομένων
2840 4447 3187 4520 πραγματείᾳ
3227 4448 3319 4502 ἐπί
3341 4449 3474 4502 πᾶσι
3500 4447 3600 4518 τῆς
3649 4447 3782 4518 ὅλης

536 4533 679 4587 luna:
697 4531 908 4588 ortibus
930 4539 985 4586 et
1011 4531 1314 4596 occasibus,
1339 4530 1410 4586 ab
1431 4545 1580 4594 area,
1595 4531 1710 4587 sive
1733 4545 1957 4595 corona,
1978 4545 2100 4602 qua:

2208 4539 2526 4606 συντάξεως.
2561 4532 2847 4611 Δαμϐάνεί
2869 4539 2975 4611 γὰρ
3017 4540 3116 4603 τὰς
3153 4539 3490 4610 προγνώσεις
3528 4539 3636 4593 ἀπὸ
3677 4539 3780 4610 τῆς

532 4621 598 4677 ﬁt
636 4621 784 4677 circa
825 4621 1031 4686 lunam,
1095 4637 1126 4676 a
1161 4621 1336 4676 stellis
1383 4619 1711 4678 cadentibus
1741 4628 1794 4676 et
1833 4635 1864 4675 a
1905 4622 2083 4679 brutis

536 4712 890 4768 animalibus.
915 4712 1048 4766 Nam
1079 4727 1200 4782 quae
1214 4712 1570 4782 pris-scientiae
1593 4725 1716 4767 cum
1747 4711 1983 4782 quadam
2005 4727 2104 4766 na-

535 4804 699 4859 turali
729 4817 896 4860 causa
923 4819 986 4858 ex
1010 4803 1098 4859 his
1121 4803 1276 4868 riunt,
1320 4803 1636 4859 necessaria
1661 4802 1863 4860 habent
1889 4803 2103 4860 eli'ecta.

537 4889 693 4950 Unde
715 4904 769 4950 et
787 4893 1026 4950 Boethus
1055 4895 1434 4964 philosophus,
1461 4896 1518 4950 in
1546 4901 1744 4966 quarto
1766 4895 1906 4951 libro
1931 4911 2103 4967 expo-

536 4985 754 5042 sitionis
777 4986 951 5053 Arati,
979 4986 1234 5058 physicas
1274 5001 1472 5042 causas
1501 5001 1626 5040 cum
1655 4993 1964 5054 ventorum,
1988 4999 2102 5045 tum

606 5101 721 5176 (49)
761 5104 832 5159 Τὸ
873 5101 942 5176 δὲ
973 5101 1557 5176 λεγόμενονηΜ-ἰλνιιιιι
1594 5103 1866 5174 insignem
1895 5107 2105 5176 mathe-

535 5173 796 5228 maticum
835 5173 974 5228 adeo
1011 5174 1294 5242 pueriliter
1334 5173 1727 5227 hallucinatum
1779 5189 1918 5229 esse.
1967 5175 2102 5231 Nam

535 5243 847 5312 cujusmodi
898 5251 1004 5302 est,
1056 5243 1306 5305 obsecro,
1365 5245 1513 5299 illius
1562 5244 1738 5298 ratio?
1785 5245 2102 5300 Caniculam

535 5327 660 5368 cum
697 5315 814 5368 sole
844 5314 1194 5381 conjunctam
1228 5313 1364 5366 nihil
1405 5312 1472 5367 ad
1505 5314 1722 5368 aestivos
1767 5315 1978 5370 calores
2007 5330 2106 5370 au-

534 5383 742 5456 gendos
775 5384 1047 5456 conferre,
1073 5399 1181 5452 quo
1199 5393 1440 5454 tempore
1465 5393 1712 5456 exortum
1734 5383 1912 5456 facere
1941 5386 2104 5456 vulgo

533 5449 758 5524 dicitur,
778 5469 857 5524 ex
883 5468 958 5524 eo
987 5449 1348 5524 demonstrat,
1385 5453 1678 5524 quod‘tum
1712 5453 1780 5508 ab
1803 5470 1865 5524 ea
1898 5456 1980 5509 sol
2009 5449 2106 5509 ah-

535 5529 622 5574 est
640 5522 880 5593 longius.
915 5521 1030 5578 Hoc
1055 5539 1184 5578 vero
1209 5523 1336 5578 inde
1362 5521 1662 5587 concludit,
1690 5523 1836 5593 quod
1866 5533 1997 5580 tunc
2019 5526 2103 5580 sol

535 5590 786 5668 aestivum
818 5595 1086 5668 tropicum
1115 5601 1261 5648 tenet
1289 5611 1302 5646 :
1339 5593 1599 5668 Canicula
1629 5590 1760 5668 vero
1790 5593 1844 5646 in
1877 5594 2105 5668 hiberno

535 5662 751 5738 tropico
791 5662 1020 5738 sita'est
1055 5677 1276 5738 _:__qnare
1319 5665 1366 5719 si
1406 5679 1569 5738 quam
1599 5663 1709 5738 vim
1745 5663 2102 5738 incendendis

533 5728 762 5808 aestibus
797 5731 1022 5786 haberet
1055 5728 1199 5786 illius
1230 5746 1354 5808 cum
1387 5728 1502 5808 sole
1527 5731 1876 5808 coniunctio.
1907 5749 1969 5789 ea
1998 5750 2099 5808 po-

534 5802 811 5874 tissimum
838 5809 1128 5874 appareret
1156 5802 1376 5874 quando
1410 5802 1492 5858 sol
1525 5804 1579 5856 in
1601 5802 1842 5874 hiberno
1883 5802 2096 5874 tropico

531 5871 810 5931 Versatur,
853 5867 956 5923 hoc
991 5877 1072 5924 est
1117 5867 1388 5926 in’eodem
1421 5887 1544 5926 cum
1583 5871 1842 5928 Canicula
1867 5867 2090 5930 circ'ulo.

2133 4582 2180 4640 υ

2203 4633 2297 4687 τοῦ
2327 4635 2480 4706 ἡλίου
2519 4634 2783 4704 ἀνατολῆς
2805 4634 2899 4690 καὶ
2919 4635 3254 4698 δύσεως,καὶ
3279 4636 3387 4688 ἀπὸ
3419 4635 3520 4705 τῆς
3550 4632 3778 4703 σελήνης

2201 4724 2474 4778 ἀνατολῶν
2510 4727 2604 4780 καὶ
2633 4726 2857 4791 δύσεων,
2885 4727 2980 4781 καὶ
3009 4726 3116 4780 ἀπὸ
3146 4725 3248 4795 τῆς
3282 4725 3396 4780 ἅλω
3425 4725 3526 4795 τῆς
3555 4722 3778 4794 γινομέ-

2205 4831 2301 4886 νης
2329 4816 2457 4886 περὶ
2475 4816 2573 4887 τὴν
2603 4816 2854 4889 σελήνην,
2877 4819 2972 4872 καὶ
3001 4817 3108 4871 ἀπὸ
3128 4816 3234 4870 τῶν
3251 4813 3596 4871 διαῖσσόντων
3619 4815 3784 4868 ἀστέ-

2209 4923 2338 4977 ρων,
2378 4907 2472 4959 καὶ
2509 4906 2616 4960 ἀπὸ
2645 4907 2752 4960 τῶν
2780 4907 2988 4976 ἀλόγων
3014 4905 3196 4973 ζώωνο
3231 4908 3288 4960 ai
3312 4905 3421 4978 γὰρ
3444 4905 3552 4960 ἀπὸ
3572 4905 3782 4959 τούτων

2208 4995 2562 5066 προγνώσεις,
2611 4998 2748 5068 μετά
2797 5015 2941 5062 τινος
2993 4997 3228 5068 φυσικῆς
3261 4997 3438 5060 αἰτίας
3473 4995 3777 5067 γινόμεναι,

2205 5110 2351 5167 Nihil
2381 5113 2482 5167 hac
2517 5114 2986 5182 argumentatione
3016 5113 3232 5170 falsius.
3275 5112 3408 5180 Quae
3437 5119 3551 5166 tum
3586 5127 3779 5182 proce-

2207 5181 2380 5247 deret,
2416 5185 2462 5238 si
2495 5181 2670 5239 hiems
2691 5195 2852 5239 aestas
2881 5193 3062 5248 esset,
3089 5192 3184 5237 aut
3213 5185 3267 5236 in
3293 5186 3413 5252 ipso
3441 5183 3778 5252 Capricorno

2207 5254 2310 5307 sita
2349 5263 2494 5308 esset
2512 5255 2793 5309 Canicula.
2829 5253 2951 5307 Haec
2991 5254 3133 5307 enim
3183 5253 3398 5308 Gemini
3443 5261 3690 5320 tempore
3720 5254 3780 5308 ἰιῐ

2208 5323 2374 5397 gradu
2397 5323 2746 5397 Geminorum
2777 5326 2994 5397 circiter
3014 5340 3080 5397 x_v
3105 5323 3494 5378 collocabatur.
3529 5321 3778 5397 instabat

2207 5393 2276 5446 ab
2324 5392 2688 5462 aequinoctiali
2725 5395 2986 5462 gradibus
3031 5393 3143 5448 fere
3191 5409 3312 5458 xvi,
3347 5407 3376 5446 a
3421 5392 3632 5462 tropico
3659 5399 3713 5447 et
3742 5408 3775 5446 a

2208 5463 2322 5517 sole
2345 5461 2510 5532 prope
2537 5479 2626 5519 XL.
2649 5461 2784 5518 Cum
2821 5470 3002 5517 autem
3026 5464 3105 5517 sol
3137 5463 3190 5516 in
3215 5461 3533 5530 Capricorni
3563 5461 3777 5530 trepico

2215 5536 2411 5596 stalat,
2446 5535 2789 5587 intervallum
2833 5534 2975 5586 inter
3017 5533 3164 5586 hunc
3207 5540 3262 5586 et
3293 5533 3608 5587 Caniculam
3652 5545 3774 5584 am-

2214 5604 2359 5671 plius
2385 5612 2502 5658 erat
2531 5603 2896 5658 semicirculo.
2922 5601 3064 5667 Quid
3087 5603 3254 5672 igitur
3283 5603 3556 5672 cogitabat
3585 5599 3774 5654 Gemi-

2212 5686 2338 5734 nus,
2405 5687 2528 5726 cum
2586 5672 3033 5742 propinquiorem
3109 5672 3209 5742 soli
3276 5671 3592 5726 Caniculam
3649 5685 3779 5725 esse

2210 5743 2498 5804 scriberet,
2535 5741 2758 5814 quando
2787 5742 3074 5814 hibernum
3109 5741 3497 5814 illeAtropicum
3543 5747 3776 5810 occupat

2208 5828 2373 5880 quam
2415 5811 2643 5866 cuni’in
2701 5813 2892 5868 xstivo
2936 5811 3216 5866 moratur?
