4146 6456
355 429 459 484 855

1383 430 1618 487 GEMINI
1657 432 2034 489 ELEMENTA
2074 432 2565 490 ASTRONOMIIE.
3485 432 3588 486 85:

361 544 850 617 κατηναγκασμένα
875 545 1055 617 έχουσι
1088 545 1156 600 τὰ
1182 545 1614 620 ἀποτελέσματα.
1645 551 1807 605 Ὅθεν
1835 554 1928 606 καὶ

2036 552 2288 606 imbrium
2327 551 2600 621 exposuit,
2628 565 2696 605 ex
2735 548 3009 620 praedictis
3060 548 3348 618 generibus
3392 559 3590 614 praeco-

363 634 557 708 Βόηθος
588 641 616 692 6
636 638 930 707 ,φιλόσοφος
956 641 1013 692 ἐν
1040 639 1116 710 τῷ
1147 639 1387 710 τετάρτῳ
1411 640 1598 711 βιϐλίῳ
1619 644 1715 714 τῆς
1761 644 1920 713 Ἀρά-

361 744 450 780 του
499 728 826 800 ἐξηγήσεως,
870 730 1102 799 φυσικὰς
1144 729 1242 793 τὰς
1281 732 1454 797 αἰτίας
1485 733 1787 788 ἀποδέδωκε
1811 733 1919 786 τῶν

360 834 421 871 τε
445 813 764 892 πνευμάτων
817 823 910 875 καὶ
969 821 1207 892 ὄμϐρων,
1241 824 1303 876 ἐκ
1356 823 1462 876 τῶν
1509 824 1919 896 προειρημένων

2025 643 2303 712 gnitiones
2341 643 2658 698 ostendens.
2695 641 2791 696 His
2825 643 2994 710 signis
3026 648 3080 695 et
3116 637 3436 694 Aristoteles
3462 634 3590 704 pbi-

2025 734 2286 804 losopbus
2317 751 2453 791 usus
2487 744 2590 799 est,
2625 743 2679 790 et
2710 733 2988 798 Eudoxus,
3010 741 3062 787 et
3091 734 3275 802 plures
3304 728 3395 782 a|ii
3417 733 3590 781 astro-

2023 827 2152 897 logi.

364 912 514 967 εἰδῶν
537 916 634 980 τὰς
672 917 1005 988 προγνώσεις
1033 918 1481 989 ἀποφαινόμενος.
1499 919 1720 983 Τούτοις
1738 920 1795 974 δὲ
1819 923 1931 984 τοῖς
1969 921 2213 992 σημείοις
2247 923 2338 975 καί
2379 921 2750 993 Ἀριστοτέλης
2775 920 3035 992 κέχρηται
3084 919 3112 971 6
3140 916 3442 987 φιλόσοφος,
3495 909 3586 963 καὶ

307 1035 312 1040 -
364 1006 606 1076 Εὔδοξος,
632 1009 727 1065 καϊ
753 1013 926 1085 ἐτεροι
959 1015 1202 1078 πλείονες
1229 1015 1336 1069 τῶν
1361 1015 1724 1086 ἀστρολόγων.

884 1130 1277 1183 ΚΕΦΑΛΑΙΟΝ
1322 1131 1421 1184 ΙΕ’.

815 1243 951 1311 Περὶ
982 1243 1296 1314 ἑξελιγμοῦ
1337 1245 1467 1318 (50).

449 1358 757 1431 Ἐξελιγμὸς
789 1362 904 1413 ἐστι
932 1361 1122 1432 χρόνος
1157 1362 1435 1433 ἐλάχιστος
1471 1365 1735 1436 περιέχων
1773 1364 1925 1427 ὅλους

371 1451 545 1523 μῆνας
571 1493 584 1517 ,
614 1454 705 1507 καὶ
732 1454 858 1516 ὅλας
886 1455 1124 1528 ἡμέρας,
1156 1458 1251 1509 καὶ
1295 1456 1421 1519 ὅλας
1457 1455 1925 1516 ἀποκαταστάσεις

365 1538 466 1611 τῆς
509 1543 753 1613 σελήνης.
802 1544 950 1597 Ἐπεὶ
991 1545 1098 1617 γάρ
1131 1547 1158 1597 ὁ
1193 1549 1438 1617 μηνιαίος
1474 1547 1661 1617 χρόνος
1687 1562 1927 1616 παρετη-

371 1633 504 1705 ρήθη
526 1635 782 1706 ὑπάρχων
811 1637 1029 1707 ἡμερῶν
1051 1637 1248 1690 εἴκοσιν
1267 1639 1419 1691 ἐννέα
1436 1639 1588 1707 a'/6',
1604 1638 1678 1701 ὡς
1703 1637 1928 1705 ἔγγιστα

370 1724 466 1777 καὶ
493 1726 815 1797 τριακοστοῦ
845 1728 1048 1798 τρίτου,
1085 1729 1116 1797 ἡ
1149 1727 1205 1779 δὲ
1236 1730 1677 1792 ἀποκατάστασις
1704 1729 1802 1798 τῆς
1836 1746 1926 1781 σε·

367 1815 530 1886 λήνης
570 1810 793 1889 ἡμερῶν
823 1819 904 1882 κζ’
936 1818 1029 1871 καὶ
1060 1818 1518 1872 ὀκτωκαιδεκάτου
1559 1817 1634 1881 ὡς
1662 1817 1886 1886 ἔγγιστα
1909 1833 1922 1848 '

2618 1125 2847 1182 CAPUT
2877 1126 2989 1180 XV.

2604 1241 2682 1295 De
2710 1241 3019 1296 evolutione.

2093 1361 2342 1417 Evolutio
2369 1366 2453 1414 est
2473 1365 2688 1428 tempus
2716 1356 3022 1421 minimum,
3045 1356 3328 1412 continens
3349 1356 3595 1426 integros-

2020 1461 2316 1521 menses,et
2333 1455 2573 1522 integros
2586 1451 2782 1512 dies,et
2795 1449 3030 1519 integras
3047 1449 3413 1504 restitutiones
3427 1449 3584 1504 lunae.

2028 1545 2163 1600 Cum
2195 1544 2339 1600 enim
2374 1550 2716 1597 menstruum
2754 1547 2966 1607 tempus
3001 1539 3342 1592 observatum
3369 1537 3440 1592 sit
3467 1553 3594 1593 esse

2027 1636 2235 1691 dierum
2250 1634 2318 1688 29
2341 1634 2462 1704 1/2,
2479 1632 2634 1702 1/55,
2651 1630 2760 1685 fere
2777 1648 2788 1683 :
2808 1630 3078 1683 restitutio
3089 1643 3213 1683 vero
3233 1629 3370 1682 luna:
3379 1626 3588 1684 dierum

2027 1728 2092 1781 97
2121 1726 2258 1796 1/18
2282 1725 2410 1784 fere.
2436 1723 2720 1792 quaesitum
2745 1730 2828 1777 est
2859 1731 3066 1789 tempus
3103 1720 3414 1783 minimum,
3443 1720 3588 1790 quod

2027 1819 2267 1874 continet
2287 1817 2524 1886 integros
2540 1816 2678 1876 dies,
2697 1822 2750 1868 et
2767 1814 3002 1884 integros
3029 1828 3263 1878 menses,
3283 1819 3336 1866 et
3350 1812 3590 1881 integras

367 1906 607 1976 ἐζητεῖτο
654 1908 841 1979 χρόνος
883 1912 911 1962 6
956 1909 1264 1978 ἐλάχιστος,
1305 1909 1452 1972 ὅστις
1510 1909 1752 1981 περιέχει
1802 1909 1928 1972 ὅλας

2036 1908 2406 1965 restitutiones
2433 1927 2444 1962 :
2471 1907 2710 1962 inventio
2733 1913 2910 1959 autem
2931 1911 3013 1959 est
3032 1903 3156 1958 talis
3177 1921 3188 1956 :
3210 1902 3358 1957 Luna
3378 1903 3590 1973 irregu-

365 1996 597 2068 ἡμέρας,
629 1999 720 2051 καὶ
749 1999 900 2062 ὅλους
934 1999 1123 2068 μῆνας,
1149 1999 1242 2051 καὶ¹
1271 1998 1396 2062 ὅλας
1423 2000 1890 2064 ἀποκαταστάσεις
1913 2018 1924 2030 ·

368 2087 482 2140 ἐστι
513 2088 568 2140 δὲ
599 2087 820 2158 τοιαύτη
865 2089 1099 2160 εὕρεσις
1151 2091 1215 2143 Ἦ
1247 2089 1439 2160 σελήνη
1478 2089 1776 2160 ἀνωμάλως
1807 2091 1930 2159 φαί-

366 2193 516 2229 νεται
537 2177 964 2250 διαπορευομένη
987 2179 1077 2232 τὸν
1114 2179 1375 2244 ζωδιακὸν
1410 2179 1625 2245 κύκλον,
1661 2182 1754 2234 καὶ¹
1785 2198 1934 2252 περι-

368 2267 592 2339 φέρειάν
632 2285 755 2323 τινα
786 2270 1098 2340 ἐνεχθεῖσα,
1125 2273 1182 2324 ἐν
1213 2274 1280 2342 τῇ
1325 2272 1556 2343 ἐχομένῃ
1596 2273 1779 2344 ἡμέρᾳ
1815 2273 1933 2344 μεί-

367 2356 497 2422 ζονα
542 2357 743 2430 ταύτης
792 2363 1042 2423 κινεῖται,
1089 2361 1182 2414 καὶ
1227 2361 1314 2414 ἀεὶ
1369 2361 1587 2431 μείζονα
1638 2366 1757 2426 ταῖς
1807 2362 1932 2434 ἑξῆς

366 2451 622 2521 ἡμέραις,
652 2451 755 2515 ἓως
786 2452 851 2506 ἂν
887 2452 1147 2523 μεγίστην
1189 2453 1540 2524 περιφέρειαν
1569 2454 1761 2526 κινηθῇ
1781 2473 1793 2485 .
1835 2451 1931 2508 εἶτ.

367 2538 521 2604 αὖθις
547 2545 627 2605 είς
656 2542 752 2614 τὴν
800 2543 1056 2596 ἐλάττονα
1103 2546 1200 2616 τῆς
1243 2546 1676 2617 προηγουμένης,
1717 2546 1820 2609 ἕως
1867 2545 1934 2600 ἂν

368 2633 459 2686 ἐπὶ
495 2633 594 2704 τὴν
637 2634 698 2698 ἐξ
741 2635 913 2706 ἀρχῆς
951 2635 1236 2706 ἐλαχίστην
1277 2637 1624 2708 περιφέρειαν
1661 2638 1935 2691 ἀποκατα-

370 2724 558 2794 σταθῇ.
596 2724 653 2778 ⁰Ο
681 2725 737 2778 δὲ
777 2725 966 2795 χρόνος
999 2728 1027 2778 ὁ
1067 2727 1175 2779 ἀπὸ
1205 2727 1303 2798 τῆς
1340 2726 1627 2798 ἐλαχίστης
1669 2728 1934 2797 κινήσεως

369 2816 460 2868 ἐπὶ
481 2816 577 2887 τὴν
612 2817 898 2887 ἐλαχίστην
940 2817 1153 2889 κίνησιν
1197 2818 1634 2880 ἀποκατάστασις
1667 2817 1931 2872 καλεῖται.

371 2909 820 2980 Παρατετήρηται
851 2909 908 2962 δὲ
929 2911 956 2962 6
980 2910 1260 2980 ἐξελιγμὸς
1289 2910 1554 2981 περιέχων
1585 2911 1738 2975 ὅλους
1763 2912 1936 2982 μῆνας

371 3001 501 3071 χξθ’,
545 3000 755 3075 ἡμέρας
796 3000 852 3053 δὲ
898 3001 1131 3072 ιιγθψνςκ
1188 3003 1275 3055 Ἐν
1321 3001 1380 3054 δὲ
1425 3002 1502 3073 τῷ
1547 3003 1722 3073 χρόνῳ
1761 3002 1937 3074 τούτῳ

372 3095 604 3146 ποιεῖται
626 3094 726 3160 τῆς
754 3093 894 3147 κατά
920 3095 1090 3164 μῆκος
1116 3093 1478 3165 ἀνωμαλίαςὴ
1508 3093 1702 3165 σελήνη
1725 3095 1935 3149 ἀποκα-

371 3186 658 3249 ταστάσεις
692 3185 820 3255 ψιξ,
846 3187 1074 3250 κύκλους
1105 3186 1161 3240 δὲ
1185 3184 1481 3251 ζωδιακοὺς
1511 3187 1934 3260 διαπορευομόνη

2029 2002 2216 2056 lariter
2239 2014 2530 2069 peragrare
2561 1997 2839 2052 zodiacum
2868 1995 3152 2058 circulum,
3171 2001 3224 2048 et
3249 1993 3362 2049 ﬁeri
3385 2010 3479 2064 per
3505 2008 3591 2049 ar-

2028 2110 2149 2150 cum
2181 2092 2470 2164 quemdam
2500 2091 2850 2160 conspicitur.
2893 2088 2990 2142 Die
3016 2087 3262 2157 sequenti
3297 2087 3402 2141 hoc
3459 2102 3590 2142 arcu

2028 2188 2287 2256 majorem
2305 2183 2548 2248 conﬁcit,
2570 2191 2622 2237 et
2635 2196 2848 2251 semper
2863 2181 3120 2251 majorem
3133 2178 3322 2234 diebus
3332 2179 3590 2233 continuo

2030 2277 2380 2349 sequentibus
2400 2316 2415 2342 ,
2445 2276 2722 2344 donecper
2737 2273 3030 2328 maximum
3046 2287 3233 2326 arcum
3249 2278 3394 2325 mota
3408 2269 3588 2325 fuerit.

2030 2371 2234 2425 Deinde
2259 2384 2454 2424 rursus
2505 2368 2559 2421 in
2605 2381 2789 2421 arcum
2822 2364 3084 2418 minorem
3109 2361 3431 2433 praecedenti
3464 2361 3552 2416 die
3573 2399 3591 2426 ,

2030 2464 2201 2518 donec
2226 2462 2279 2515 in
2298 2461 2602 2523 minimum,
2623 2458 2714 2528 qui
2733 2456 2832 2512 fuit
2847 2455 3103 2520 abinitio,
3137 2470 3320 2510 arcum
3345 2454 3595 2508 restituta

2033 2555 2216 2610 fuerit.
2243 2553 2478 2623 Tempus
2499 2565 2647 2614 vero,
2673 2549 2816 2620 quod
2832 2555 2916 2604 est
2942 2563 2972 2602 a
2994 2547 3220 2600 minimo
3240 2552 3385 2600 motu
3410 2545 3476 2599 ad
3500 2545 3597 2599 mi-

2033 2647 2238 2703 nimum
2264 2653 2490 2708 motum,
2524 2641 2793 2697 restitutio
2809 2647 3052 2693 vocatur.
3087 2636 3384 2692 Observata
3413 2643 3593 2689 autem

2034 2746 2118 2794 est
2149 2737 2385 2793 evolutio
2434 2735 2717 2790 continens
2758 2733 2998 2802 integros
3031 2745 3246 2785 menses
3292 2728 3432 2792 669,
3479 2727 3598 2783 dies

2036 2838 2162 2879 vero
2193 2821 2386 2877 l9756.
2417 2821 2476 2876 In
2503 2822 2607 2875 hoc
2645 2829 2821 2875 autem
2862 2827 3105 2889 tempore
3141 2819 3268 2872 luna
3313 2817 3597 2872 anomaliae

2037 2911 2334 2968 secundum
2374 2908 2765 2980 longitudinem
2789 2906 2916 2960 facit
2943 2905 3312 2960 restitutiones
3337 2902 3459 2965 717,
3491 2902 3600 2955 cir-

2037 3005 2191 3060 culos
2213 3001 2468 3056 zodiacos
2500 3012 2798 3070 peragrans
2819 2997 2873 3050 in
2899 2996 3008 3066 jam
3036 2996 3182 3049 dicto
3200 3002 3440 3062 tempore
3458 2991 3560 3045 725
3576 3029 3596 3056 ,

2036 3106 2091 3154 et
2140 3097 2366 3165 insuper
2395 3107 2682 3148 assumens
2724 3089 2923 3160 gradus
2975 3087 3063 3142 52.
3103 3085 3373 3140 Habentes
3415 3093 3593 3138 autem

2038 3191 2137 3246 bas
2165 3189 2506 3259 apparentias
2537 3199 2604 3238 ex
2629 3181 2902 3237 veteribus
2941 3179 3276 3250 temporibus
3304 3177 3560 3246 quaesitas
3579 3214 3597 3241 ,

373 3277 430 3328 ἐν
455 3274 533 3345 τῷ
566 3276 943 3347 προειρημένῳ
971 3277 1147 3347 χρόνῳ
1170 3275 1317 3347 ψκγ’,
1360 3277 1451 3330 καὶ
1491 3276 1934 3348 προσεπιλαμϐά-

2037 3281 2256 3353 quando
2283 3277 2614 3334 constituere
2638 3281 2849 3344 oportet
2865 3287 2984 3328 eam
3015 3271 3264 3325 diurnam
3296 3269 3436 3323 lunae
3465 3282 3599 3322 auo-

372 3385 538 3422 νουσα
582 3368 774 3439 μοίρας
803 3368 902 3438 λβ’.
937 3369 1190 3439 Ἔχοντες
1231 3369 1288 3422 δὲ
1322 3368 1491 3422 ταῦτα
1531 3369 1599 3422 τά
1639 3369 1938 3440 φαινόμενα

374 3463 438 3514 ἐκ
471 3460 710 3514 παλαιῶν
735 3459 936 3532 χρόνων
960 3459 1284 3531 ἐζητημένα,
1312 3459 1430 3514 δέον
1457 3459 1822 3529 συστήσασθαι
1841 3459 1938 3530 τὴν

376 3553 517 3607 κατά
551 3552 723 3622 μῆκος
759 3553 1072 3623 ἀνωμαλίαν
1103 3553 1401 3624 ἡμερήσιον
1429 3552 1528 3622 τῆς
1563 3551 1821 3623 σελήνης,
1855 3553 1939 3616 τίς

377 3648 522 3700 ἐστιν
546 3645 802 3716 ἐλαχίστη
836 3646 1047 3716 κίνησις
1072 3645 1257 3716 αὐτῆς,
1286 3644 1376 3697 καὶ
1399 3644 1478 3708 τίς
1504 3645 1537 3716 ἡ
1572 3645 1819 3715 μεγίστη,
1849 3645 1942 3698 καὶ

376 3738 460 3800 τίς
493 3740 525 3809 ἡ
556 3738 692 3809 μέση
715 3778 729 3802 ,
769 3739 862 3791 καὶ
899 3738 982 3801 τίς
1009 3741 1041 3808 ἡ
1070 3737 1191 3791 καθ’
1225 3738 1433 3809 ἡμέραν
1473 3737 1810 3809 παραύξησις
1849 3737 1942 3791 καὶ

381 3831 603 3901 μείωσις
649 3832 849 3902 αὑτῆςο
884 3831 1341 3902 ἐπιλαμϐάνοντες
1381 3832 1445 3884 ἐκ
1483 3829 1576 3883 τοῦ
1619 3829 1940 3900 φαινομένου

379 3925 471 3978 καὶ
499 3923 654 3976 τοῦτο
675 3963 689 3988 ,
722 3923 802 3976 ὅτι
838 3921 932 3976 ἐὰν
970 3923 1066 3994 μὲν
1097 3923 1189 3976 καὶ
1229 3923 1326 3985 τὰς
1364 3921 1648 3992 ἐλαχίστας
1686 3923 1900 3993 κινῆται
1925 3960 1941 3985 ,

380 4016 596 4070 πλείονα
628 4017 726 4087 μὲν
752 4014 861 4069 τῶν
888 4015 956 4069 ια’
988 4014 1188 4086 μοιρῶν
1209 4015 1455 4078 κινεῖται,
1485 4014 1737 4067 ἐλάττονα
1763 4013 1816 4066 δὲ
1836 4013 1944 4066 τῶν

379 4108 482 4179 ιβό
511 4109 640 4162 ὅταν
671 4107 727 4160 δὲ
755 4108 852 4170 τάς
885 4106 1143 4178 μεγίστας
1178 4109 1424 4177 κινῆται,
1453 4105 1669 4160 πλείονα
1709 4106 1805 4178 μὲν
1835 4106 1944 4159 τῶν

381 4205 443 4254 ιε’
477 4198 678 4270 μοιρῶν
703 4201 952 4261 κινεῖται,
988 4198 1242 4251 ἐλάττονα
1265 4197 1321 4251 δὲ
1347 4196 1455 4250 τῶν
1481 4203 1554 4262 ις’
1572 4214 1585 4228 ·
1614 4199 1738 4250 ἐπεὶ
1766 4196 1945 4250 τοίνυν

380 4291 824 4364 παρατετήρηται
854 4291 887 4360 ἡ
919 4289 1112 4360 σελήνη
1153 4288 1212 4341 ἐν
1249 4287 1484 4359 ἡμέραις
1513 4286 1722 4358 “me
1752 4287 1944 4340 διαπο-

383 4383 648 4456 ρευομένη
692 4380 987 4445 ζωδιακοὺς
1030 4380 1261 4443 κύκλους
1303 4379 1429 4448 ψκγ¹
1455 4419 1469 4442 ,
1499 4380 1592 4433 καὶ
1635 4377 1714 4432 ἐτι
1751 4377 1946 4449 μοίρας

379 4473 480 4546 λβν,
523 4473 751 4536 ἕκαστος
778 4471 834 4524 δὲ
865 4471 974 4526 τῶν
1005 4469 1218 4524 κύκλων
1251 4469 1363 4540 ἔχει
1399 4470 1592 4541 μοίρας
1617 4467 1722 4533 τξ¹·
1755 4467 1947 4522 ἀνελύ-

2042 3365 2279 3428 maliam,
2308 3377 2428 3432 quae
2455 3367 2540 3415 est
2573 3357 2870 3415 secundum
2913 3354 3299 3424 longitudinem
3329 3393 3344 3419 ,
3377 3354 3500 3423 quis
3528 3353 3598 3407 sit

2043 3457 2301 3512 minimus
2325 3460 2506 3508 motus
2534 3451 2672 3521 ejus,
2692 3457 2746 3505 et
2767 3449 2891 3518 quis
2911 3447 3199 3512 maximus,
3215 3444 3338 3514 quis
3366 3443 3598 3507 medius,

2043 3557 2097 3604 et
2145 3545 2289 3618 quod
2333 3542 2707 3615 quotidianum
2748 3537 3153 3605 incrementum:
3201 3545 3254 3592 et
3289 3534 3605 3590 decremen-

2043 3647 2158 3693 tum
2188 3637 2308 3708 ejus
2335 3655 2348 3690 :
2380 3634 2678 3703 accipimus
2709 3630 2932 3699 insuper
2958 3644 3025 3683 ex
3057 3626 3370 3697 apparentia
3401 3632 3455 3679 et
3477 3624 3602 3687 hoc,

2045 3747 2169 3788 cum
2203 3731 2332 3784 luna
2360 3734 2540 3781 motus
2572 3723 2828 3778 minimos
2877 3719 3035 3784 facit,
3085 3719 3208 3789 plus
3250 3733 3368 3773 eam
3400 3714 3610 3770 moveri

2046 3822 2300 3877 undecim
2346 3817 2634 3890 gradibus,
2686 3814 2870 3870 minus
2923 3810 3254 3867 duodecim:
3301 3825 3424 3865 cum
3477 3822 3610 3864 vero

2047 3911 2315 3967 maximos
2364 3908 2584 3964 conﬁcit
2633 3914 2833 3969 motus,
2861 3903 3096 3973 amplius
3130 3915 3248 3956 eam
3299 3899 3502 3954 moveri
3545 3897 3612 3952 15

2047 4003 2332 4075 gradibus,
2365 3999 2548 4055 minus
2577 4013 2705 4055 vero
2731 3996 2797 4051 16
2827 3994 3116 4066 gradibus;
3156 4005 3280 4046 cum
3313 3991 3480 4060 igitur
3513 3987 3613 4042 ob-

2049 4101 2325 4152 servatum
2357 4094 2450 4156 sit,
2481 4092 2664 4146 lunam
2700 4089 2756 4143 in
2788 4087 2982 4143 diebus
3007 4083 3177 4140 19756
3203 4097 3492 4154 peragrare
3520 4096 3613 4135 zo-

2049 4185 2236 4241 diacos
2256 4183 2494 4238 circulos
2525 4181 2656 4244 725,
2690 4189 2744 4235 et
2773 4188 3031 4249 praeterea
3069 4174 3246 4230 adhuc
3281 4173 3482 4244 gradus
3500 4170 3571 4225 52
3596 4190 3608 4225 :

2051 4275 2427 4346 unusquisque
2455 4282 2638 4328 autem
2668 4271 2996 4326 circulorum
3035 4267 3231 4321 habeat
3255 4264 3457 4335 gradus
3487 4263 3612 4327 560,

2049 4368 2288 4426 refundit
2331 4368 2461 4422 luna
2492 4364 2823 4421 circulorum
2864 4357 3258 4415 multitudinem
3291 4355 3347 4410 in
3379 4355 3611 4426 gradus.

2049 4467 2106 4517 et
2127 4459 2276 4515 addit
2304 4458 2505 4530 gradus
2545 4455 2634 4511 52.
2671 4452 2756 4508 Fit
2788 4453 2954 4523 igitur
3001 4457 3146 4504 totus
3191 4461 3451 4502 numerus
3491 4459 3616 4514 gra-

383 4533 514 4622 σοιτο
541 4567 650 4621 τῶν
679 4565 893 4620 κύκλων
923 4564 1124 4635 πλῆθος
1160 4567 1240 4628 εἰς
1279 4533 1610 4636 μοίρναςξκαὶ
1643 4562 1934 4634 προσέθηκε

2052 4549 2220 4605 duum
2255 4546 2483 4602 260519.
2516 4543 2574 4598 ln
2609 4543 2800 4599 diebus
2829 4540 2992 4610 igitur
3023 4535 3259 4592 maxime
3289 4533 3462 4590 19⁸156
3493 4548 3617 4602 per-

380 4659 480 4724 τὰς
511 4658 610 4728 λβ’.
649 4659 861 4713 Γίνεται
895 4660 924 4712 6
955 4628 1061 4722 πάς
1092 4628 1322 4732 ἀριθμός
1365 4628 1566 4728 μοιρῶν
1597 4628 1810 4729 ,σιξτιβκ
1860 4628 1934 4709 ίΕι

2053 4642 2225 4696 currit
2275 4639 2405 4694 luna
2449 4634 2764 4707 praedictum
2797 4645 3078 4687 numerum
3109 4628 3373 4699 graduum
3402 4645 3416 4681 :
3453 4640 3615 4696 quam

382 4719 489 4822 ἄρα
518 4719 753 4822 ἡμέραις
785 4751 1016 4821 μάλιστα
1042 4719 1249 4822 ζαθίιινςλ
1270 4719 1717 4821 διαπορεύεταινὴ
1746 4719 1934 4818 ’σελὴντ

2053 4731 2455 4790 multitudinem
2503 4729 2559 4782 in
2614 4726 2823 4780 dierum
2872 4721 3271 4777 multitudinem
3321 4719 3619 4775 dividentes

382 4810 442 4896 τὸ
467 4810 861 4914 προειρημένον
885 4810 1089 4910 πλῆθος
1113 4810 1223 4893 ἑῶν
1247 4810 1481 4911 μοιρῶν·
1508 4839 1612 4910 ὃδὴ
1638 4810 1934 4908 πλῆθπέι.

2055 4824 2394 4880 inveniemus
2430 4819 2666 4874 medium
2712 4816 2966 4872 diurnum
3015 4821 3221 4867 motum
3269 4810 3432 4866 lunae.
3480 4810 3620 4866 Cum

382 4932 444 4984 τὺ
481 4901 588 4986 τῶν
628 4901 850 5003 ἡμερῶν
880 4901 1081 5000 πλήθος
1125 4901 1477 4999 μερίισαντες,
1512 4901 1814 5000 εὑρήσομεν
1854 4924 1934 4996 τὴι

2053 4916 2198 4972 enim
2223 4927 2399 4982 neque
2422 4908 2774 4964 intentionem
2809 4914 3012 4968 motus,
3039 4918 3215 4974 neque
3239 4901 3618 4957 remissionem

388 5025 559 5096 μέσην
601 4992 900 5095 ἡμερήσιον
945 4992 1156 5091 κίνησιν
1198 4992 1300 5091 τῆς
1341 4992 1590 5092 σελήνηςί
1633 4992 1799 5071 ιὈταν
1840 4992 1934 5088 γάρ

2053 5013 2390 5078 reputantes,
2421 5018 2490 5058 ex
2513 5000 2708 5072 aequali
2754 4998 3100 5054 diviserimus
3141 4994 3407 5067 graduum
3437 4992 3622 5047 multi—

389 5085 525 5188 μήτέ
699 5085 945 5168 ἐπίτασιν
980 5085 1080 5183 τῆς
1117 5085 1401 5184 κινήσεως,
1449 5085 1586 5182 μήτε
1631 5109 1726 5181 τὴν
1769 5085 1934 5164 ἄνεσιῆ

2059 5098 2321 5162 tudinem,
2358 5105 2486 5150 tunc
2519 5094 2772 5148 inventus
2800 5100 2980 5146 motus
3007 5090 3116 5160 36
3140 5096 3366 5144 vocatur
3387 5085 3619 5141 medius.

386 5178 874 5277 ύττολογισάμενοι,
907 5205 968 5270 ἐξ
1009 5178 1210 5274 ὁμαλοῦ
1229 5178 1552 5276 ’μερίσωμν
1581 5201 1644 5254 τὸ
1684 5178 1790 5254 τῶν
1832 5217 1934 5272 μοι·

2058 5191 2340 5246 lnvenitur
2393 5194 2576 5242 autem
2630 5186 2722 5241 hic
2769 5185 2982 5240 medius
3026 5190 3205 5238 motus
3257 5179 3521 5251 graduum
3557 5178 3624 5232 l5

390 5287 498 5368 ρῶν
524 5270 745 5369 πλῆθος,
784 5298 904 5351 τότε
935 5298 968 5367 ἡ
995 5270 1277 5367 εύρεθείσα
1295 5270 1506 5363 κίνησις
1530 5292 1667 5363 μέση
1690 5270 1929 5345 καλεῖται

2059 5286 2357 5354 primorum
2427 5278 2888 5348 sexagesimorum
2938 5274 3019 5329 lO’
3053 5313 3070 5337 ,
3139 5283 3192 5328 et
3259 5270 3623 5328 secundorum

360 5360 816 5462 'iifipt'cxssatnlie
858 5360 996 5459 αὕτη
1029 5360 1288 5458 γινομένη
1334 5360 1542 5456 μοιρῶν.
1599 5360 1666 5453 ιγί
1729 5382 1934 5454 πρώτωε

2063 5373 2181 5430 55⁹’.
2241 5371 2480 5428 Vocatur
2521 5378 2700 5424 autem
2754 5367 2918 5422 unius
2957 5365 3157 5436 gradus
3202 5360 3622 5432 sexagesimum,

389 5451 716 5552 ἐξήκοστῶν,
745 5479 840 5533 καὶ
861 5451 1126 5550 δευτέρων
1142 5451 1234 5530 λε’.
1254 5451 1511 5530 Καλείται
1536 5475 1593 5528 δὲ
1615 5451 1675 5526 τὺ
1702 5451 1799 5544 τῆς
1833 5475 1934 5545 μιᾶη

2064 5468 2297 5539 primum
2323 5463 2752 5535 sexagesimum;
2801 5455 2854 5516 et
2901 5458 3064 5514 unius
3089 5456 3250 5528 primi
3300 5451 3622 5523 sexagesimi

393 5545 585 5644 μοίρας
605 5571 892 5643 ἑξηκοστὸν
913 5545 1122 5641 πρῶτον
1140 5567 1450 5640 ἑξηκοστὸν,
1468 5567 1528 5620 τὸ
1555 5566 1610 5619 δὲ
1635 5565 1726 5619 τοῦ
1746 5563 1934 5636 πρῶτοι

2066 5559 2461 5630 sexagesimum
2506 5564 2734 5612 vocatur
2763 5552 3060 5612 secundum
3095 5551 3524 5623 sexagesimum;
3551 5545 3630 5600 si-

391 5641 696 5733 EErptoc't-oﬁ‘
712 5661 999 5734 ἑξηκοστὸν
1023 5659 1270 5733 δεύτερον
1299 5658 1604 5730 ἑξηκοστόν·
1623 5655 1888 5728 ὁμοίωςδέ
1905 5673 1932 5708 τ

2067 5653 2268 5708 militer
2295 5650 2462 5707 etiam
2491 5663 2657 5705 unum
2689 5646 2988 5704 secundum
3032 5641 3427 5716 sexagesimum
3448 5679 3466 5709 ,
3503 5649 3630 5694 cum

455 5817 566 5891 (50)
595 5817 735 5888 Περὶ
781 5815 1115 5886 ἐξελιγμοῦ.
1176 5812 1311 5870 Vide
1365 5812 1712 5869 Ptolemaeum
1759 5810 1850 5867 lib.
1881 5823 1953 5876 Iv,
2002 5821 2120 5876 cap.
2153 5804 2206 5860 2.
