4146 6434
514 391 626 449 858

1514 395 1611 452 AD
1641 395 1915 455 EllSEBll
1950 397 2340 462 CHRONICON
2375 397 2735 458 APPENDIX.

515 508 749 565 divisum
778 518 864 567 est
892 510 949 566 in
977 519 1160 583 partes
1208 510 1318 576 60,
1375 520 1600 569 vocatur
1657 531 1764 571 una
1815 518 2075 587 particula

2185 518 2436 590 δεύτερον
2474 518 2781 590 ἑξηκοστὸν,
2807 518 3074 591 διαιρεθὲν
3107 520 3189 584 είς
3229 521 3377 593 μέρη.
3404 520 3468 587 ε’,
3501 520 3739 576 καλεῖται

515 604 737 658 tertium
786 603 1202 676 sexagesimum.
1243 602 1443 660 Eadem
1496 612 1581 662 est
1625 607 1765 663 ratio
1807 610 1974 665 etiam
2023 611 2081 666 in

517 692 743 763 reliquis
773 695 1146 765 sexagesimis.

583 780 723 837 Cum
755 799 1110 839 numerorum
1136 784 1224 840 hic
1257 785 1330 842 sit
1352 787 1508 853 ordo,
1538 803 1569 843 a
1591 788 1861 846 Chaldaeis
1890 791 2080 849 inven-

514 879 606 930 tus
634 881 719 929 est
745 874 961 931 medius
987 884 1167 933 motus
1203 878 1344 934 lunae
1388 879 1653 950 graduum
1711 882 1799 950 l3,
1825 884 1926 949 ιον,
1958 884 2077 952 55”,

515 980 749 1038 cumque
785 967 841 1024 in
870 968 1062 1025 diebus
1104 969 1275 1026 19756
1314 972 1442 1027 luna
1486 972 1650 1028 faciat
1703 976 2078 1034 restitutiones

517 1057 643 1123 717,
676 1059 722 1115 si
753 1060 1090 1118 voluerimus
1115 1077 1445 1133 cognoscere
1483 1079 1648 1120 unam
1676 1067 2076 1123 restitutionem

515 1147 573 1201 in
601 1155 733 1218 quot
761 1147 953 1206 diebus
993 1149 1155 1206 faciat
1194 1152 1344 1216 luna,
1374 1153 1678 1210 dividemus
1699 1154 1907 1211 dierum
1931 1156 2075 1211 mul-

477 1315 482 1320 .
514 1240 804 1297 titudinem
843 1241 900 1296 in
925 1244 1333 1316 restitutionum
1390 1246 1822 1314 multitudinem;
1854 1256 1908 1302 et
1940 1246 2078 1303 fiunt

514 1331 632 1388 dies
660 1333 1023 1392 restitutionis
1047 1335 1138 1399 27,
1172 1343 1229 1393 et
1257 1336 1421 1394 unius
1463 1336 1571 1393 diei
1598 1336 1935 1409 sexagesima
1963 1338 2076 1408 pri-

512 1434 600 1476 ma
633 1422 723 1486 '53,
756 1430 812 1477 et
838 1425 1079 1480 secunda
1106 1426 1195 1481 20.
1235 1425 1294 1481 In
1323 1435 1403 1482 tot
1452 1427 1617 1500 igitur
1645 1427 1837 1484 diebus
1886 1428 2014 1484 luna
2044 1444 2077 1483 ιι

511 1512 743 1569 minimo
772 1522 924 1570 motu
957 1516 1022 1571 ad
1069 1518 1352 1573 minimum
1383 1527 1589 1573 motum
1618 1521 2002 1589 proficiscitur.

2182 609 2244 664 τὸ
2273 609 2332 663 ἓν
2360 610 2523 682 μέρος
2550 610 2732 681 τρίτον
2761 609 3068 681 ἑξηκοστόν.
3109 611 3168 665 '0
3194 611 3251 665 δέ
3288 612 3449 676 αὐτὸς
3473 612 3628 680 λόγος
3649 611 3739 667 καὶ

2181 702 2273 755 ἐπὶ
2305 701 2414 754 τῶν
2435 700 2635 754 λοιπῶν
2663 700 2987 771 έξηκοστῶν.

2251 792 2519 863 Τοιαύτης
2549 792 2606 845 δὲ
2647 795 2746 863 τῆς
2777 791 3070 857 διατάξεως
3106 794 3451 867 ὑπαρχούσης
3482 795 3590 850 τῶν
3622 798 3740 867 ἀρι-

2180 885 2354 956 θμῶν,
2389 885 2496 939 ὑπὸ
2539 884 2646 938 τῶν
2684 884 2982 949 Χαλδαίων,
3006 885 3231 959 εὓρηται
3270 889 3305 959 ἡ
3351 887 3487 958 μέση
3530 889 3738 959 κίνησις

2177 980 2277 1049 τῆς
2312 978 2542 1049 σελήνης
2577 977 2779 1051 μοιρῶν
2807 985 2895 1046 ιγ’,
2928 984 2979 1042 ι’,
3016 977 3089 1031 λε’
3111 994 3124 1007 ο
3156 980 3250 1032 καὶ
3284 980 3407 1032 ἐπεὶ
3424 982 3483 1033 ἐν
3511 980 3741 1051 ἡμέραις

2176 1069 2387 1142 ,ι,θψνς’
2418 1071 2890 1133 ἀποκαταστάσεις
2924 1073 3155 1126 ποιεῖται
3186 1072 3220 1142 ἡ
3263 1072 3457 1144 σελήνη
3488 1072 3615 1142 ψιξ,
3643 1071 3740 1124 ἐὰν

2179 1160 2495 1231 βουλώμεθα
2537 1161 2832 1230 ἐπιγνῶναι
2862 1156 2973 1232 ’τὴν
3024 1162 3154 1232 μίαν
3202 1163 3636 1217 ἀποκατάστασιν
3680 1162 3740 1214 ἐν

2176 1250 2373 1314 πόσαις
2397 1251 2631 1322 ἡμέραις
2652 1253 2881 1306 ποιεῖται
2909 1254 2941 1322 ἡ
2977 1250 3191 1322 σελήνη,
3227 1251 3521 1323 μεριοῦμεν
3551 1250 3607 1304 τὸ
3632 1248 3739 1301 τῶν

2176 1340 2399 1412 ἡμερῶν
2428 1340 2627 1413 πλῆθος
2658 1344 2737 1405 είς
2759 1342 2820 1395 τὺ
2850 1341 2961 1396 τῶν
2986 1343 3474 1397 ἀποκαταστάσεων
3509 1339 3736 1412 πλῆθος·

2180 1435 2418 1502 γίνονται
2478 1435 2534 1488 δὲ
2588 1435 2789 1507 ἡμέραι
2839 1435 2939 1506 τῆς
2996 1435 3491 1498 ἀποκαταστάσεως
3540 1431 3741 1487 εἴκοσιν

2182 1524 2320 1578 ἐπτά
2345 1564 2360 1589 ,
2392 1527 2483 1581 καὶ
2534 1529 2660 1598 μιᾶς
2712 1531 2925 1601 ἡμέρας
2968 1528 3234 1600 ἑξηκοστά
3275 1526 3466 1601 πρῶτα
3507 1525 3610 1594 λγ¹,
3645 1522 3743 1578 καὶ

511 1603 738 1677 δεύτερα
760 1611 831 1658 κ’.
874 1606 961 1660 Ἐν
984 1606 1092 1679 ἄρα
1113 1607 1348 1679 ἡμέραις
1376 1608 1719 1681 τοσαύταιςή
1757 1610 1951 1683 σελήνη
1977 1612 2086 1665 ἀπὸ
2148 1614 2252 1685 τῆς
2292 1614 2581 1687 ἐλαχίστης
2613 1618 2878 1689 κινήσεως
2926 1618 3019 1671 ἐπὶ
3042 1619 3140 1689 τὴν
3182 1617 3468 1688 ἐλαχίστην
3504 1615 3742 1688 παρατί-

511 1712 682 1750 νεται.

583 1790 651 1847 Et
677 1808 801 1849 cum
826 1794 881 1849 in
902 1795 1051 1851 omni
1081 1796 1428 1855 restitutione
1448 1799 1485 1854 4
1504 1800 1611 1857 sint
1635 1805 1880 1871 tempora
1897 1815 2075 1871 aequa-

2244 1799 2360 1853 Καὶ
2406 1799 2527 1852 ἐπεὶ
2570 1800 2627 1852 ἐν
2666 1798 2816 1872 πάσῃ
2859 1798 3295 1852 ἀποκαταστάσει
3339 1797 3381 1851 δ’
3417 1800 3522 1852 είσι
3562 1801 3747 1872 χρόνοι

512 1884 608 1949 lia,
641 1896 966 1957 acceperunt
993 1899 1244 1960 quartam
1292 1899 1501 1961 partem
1530 1891 1741 1947 dierum
1770 1893 1860 1958 27,
1889 1893 1993 1957 ὅδ’,
2023 1901 2078 1949 et

512 1976 634 2042 20",
657 1986 713 2033 et
741 1978 879 2033 fiunt
926 1980 1044 2037 dies
1076 1982 1130 2046 6,
1176 1981 1281 2049 55',
1309 1989 1367 2038 et
1390 1981 1512 2038 20".
1552 1981 1612 2038 ln
1640 1989 1719 2037 tot
1767 1983 1936 2054 igitur
1962 1984 2077 2039 die-

515 2068 619 2126 bus
647 2069 778 2125 luna
808 2084 841 2125 a
873 2071 1099 2126 minimo
1136 2081 1286 2128 motu
1314 2075 1382 2129 ad
1406 2074 1642 2130 medium
1673 2074 2039 2145 proficiscitur
2058 2114 2074 2140 ,

512 2169 569 2217 et
600 2175 632 2215 ι
651 2161 834 2218 medio
864 2162 932 2218 ad
954 2166 1248 2219 maximum
1274 2182 1290 2234 ;
1317 2172 1372 2221 et
1399 2181 1590 2223 rursus
1623 2167 1876 2223 similiter
1903 2182 1933 2221 a
1958 2181 2076 2220 ma-

513 2250 666 2306 ximo
691 2251 763 2307 ad
794 2252 1031 2308 medium
1057 2294 1074 2320 ,
1123 2263 1178 2309 et
1204 2270 1236 2310 a
1280 2256 1462 2312 medio
1488 2256 1557 2312 ad
1603 2256 1911 2312 minimum.
1942 2257 2076 2313 Nam

516 2341 635 2398 haec
658 2350 898 2415 quatuor
929 2353 1173 2417 tempora
1202 2347 1344 2403 inter
1374 2362 1432 2403 se
1460 2355 1589 2403 sunt
1614 2350 1864 2420 aequalia.

585 2607 815 2676 Etcum,
840 2610 885 2665 si
912 2609 1111 2666 fuerint
1133 2618 1244 2668 tres
1282 2614 1491 2669 numeri
1523 2629 1587 2669 ex
1615 2628 1871 2685 aequo_se
1916 2629 2077 2685 supe-

516 2710 740 2769 rantes,
789 2704 1017 2759 extremi
1052 2706 1214 2761 simul
1255 2707 1458 2776 sumpti
1498 2707 1608 2762 sint
1633 2706 1799 2779 duplo
1840 2707 2077 2777 majores

516 2795 714 2863 medio,
742 2794 798 2851 in
828 2803 978 2853 motu
1009 2806 1189 2855 autem
1244 2799 1385 2854 lunae
1434 2807 1545 2854 tres
1594 2799 1706 2855 sint
1750 2798 1960 2854 numeri
2009 2813 2076 2853 ex

514 2902 672 2958 aequo
698 2898 758 2943 se
786 2888 1017 2945 invicem
1068 2898 1423 2959 superantes,
1473 2905 1665 2960 nempe
1696 2898 1877 2946 motus
1915 2890 2074 2945 mini-

513 2993 656 3037 mus.
687 2987 742 3035 et
769 2980 1004 3045 medius,
1029 2988 1084 3039 et
1109 2981 1381 3037 maximus
1407 3000 1421 3036 :
1455 2983 1502 3038 si
1533 2982 1697 3053 igitur
1724 2989 1930 3037 motum
1959 2996 2075 3036 ma-

516 3070 721 3145 }imum
764 3078 819 3127 et
848 3072 1127 3127 minimum
1182 3087 1605 3144 componamus,
1649 3080 1811 3129 erunt
1840 3073 1893 3127 lii
1929 3089 2079 3129 com-

2179 1891 2319 1957 ῐσοι,
2369 1890 2561 1944 ἔλαϐον
2613 1890 2867 1961 τέταρτον
2909 1891 3071 1962 μέρος
3113 1889 3222 1943 τῶν
3265 1888 3344 1955 κζ’
3381 1890 3622 1962 ἡμερῶν,
3660 1891 3741 1961 λγ

2176 1980 2386 2036 λεπτῶν
2412 1980 2664 2053 πρώτων,
2702 1982 2795 2036 καὶ
2829 1988 2877 2035 κ’
2898 1981 3163 2051 δευτέρων
3192 1980 3421 2048 λεπτῶν,
3449 1982 3543 2034 καὶ
3564 1982 3741 2051 γίνσνη

2174 2091 2262 2127 ται
2300 2073 2502 2144 ἡμέραι
2529 2078 2604 2137 ς’,
2633 2079 2733 2140 νγν,
2762 2073 2855 2126 καὶ
2896 2078 2964 2126 κ’.
3008 2072 3097 2125 Ἐν
3128 2072 3235 2143 ἀρα
3261 2071 3549 2137 τοσαύταις
3585 2074 3619 2145 ἡ
3649 2089 3741 2126 σε·-

2176 2164 2311 2237 λήνη
2343 2164 2575 2236 ἡμέραις
2609 2164 2716 2217 ἀπὸ
2754 2163 2851 2232 τῆς
2887 2163 3173 2235 ἐλαχίστης
3205 2164 3470 2234 κινήσεως
3507 2163 3600 2216 ἐπὶ
3641 2161 3741 2234 τὴν

2179 2256 2350 2327 μέσην
2383 2255 2758 2327 παραγίνεται,
2784 2254 2876 2308 καὶ
2898 2254 3007 2307 ἀπὸ
3027 2256 3126 2325 τῆς
3153 2255 3323 2327 μέσης
3355 2257 3446 2310 ἐπὶ
3467 2255 3565 2327 τὴν
3588 2257 3742 2329 μεγί-

2177 2364 2329 2417 στην,
2372 2346 2465 2400 καὶ
2491 2344 2650 2398 πάλιν
2686 2344 2886 2415 ὁμοίως
2927 2343 3032 2398 ἀπὺ
3068 2346 3165 2416 τῆς
3211 2334 3469 2417 μεγίστης
3506 2347 3598 2399 ἐπὶ
3640 2346 3743 2418 τὴν

2179 2438 2371 2509 μέσην,
2394 2438 2486 2491 καὶ
2522 2438 2629 2491 ἀπὸ
2656 2437 2751 2508 τῆς
2779 2437 2950 2508 μέσης
2974 2438 3064 2491 ἐπὶ
3086 2437 3182 2510 τὴν
3204 2437 3507 2509 ἐλαχίστην.
3537 2438 3601 2492 Oi
3632 2438 3744 2510 γὰρ

2174 2530 2217 2584 δ’
2245 2525 2386 2583 οὗτοι
2408 2528 2588 2601 χρόνοι
2612 2528 2749 2582 είσὶν
2778 2528 3026 2600 ἀλλήλοις
3060 2528 3181 2582 ῐσοι.

2244 2623 2356 2678 Καὶ
2386 2622 2509 2674 ἐπεὶ
2535 2621 2600 2676 ἂν
2628 2615 2728 2675 ὦσι
2755 2623 2902 2692 τρεῖς
2926 2620 3146 2693 ἀριθμοὶ
3175 2620 3275 2691 ῐσῳ
3301 2618 3541 2689 ἀλλήλων
3569 2619 3741 2691 ὑπερ-

2176 2712 2410 2784 έχοντες,
2442 2711 2677 2781 γίνονται
2724 2709 2774 2763 οί
2817 2711 2975 2781 ἄκροι
3019 2709 3113 2763 τοῦ
3153 2710 3321 2780 μέσου
3362 2706 3738 2771 διπλασίονεςο

2175 2805 2233 2859 ἐν
2260 2804 2317 2857 δὲ
2346 2806 2411 2874 τῇ
2450 2803 2656 2875 κινήσει
2687 2800 2786 2871 τῆς
2825 2800 3051 2871 σελήνης
3079 2802 3227 2872 τρεῖς
3254 2802 3389 2853 είσιν
3417 2798 3639 2872 ἀριθμοὶ
3663 2795 3742 2867 τῷ

2178 2897 2277 2967 ῑσῳ
2301 2894 2542 2966 ἀλλήλων
2571 2894 2944 2966 ὑπερέχοντες,
2975 2892 3010 2962 ἡ
3036 2909 3093 2946 τε
3113 2891 3366 2963 ἐλαχίστη
3394 2891 3625 2962 κίνησις,
3648 2887 3743 2943 καὶ

2174 2989 2207 3058 ἡ
2239 2988 2400 3059 μέση,
2447 2987 2540 3039 καὶ
2572 2987 2605 3054 ἡ
2629 2985 2857 3056 μεγίστη
2882 3001 2894 3014 ’
2933 2983 3025 3037 ἐὰν
3057 2984 3165 3055 ἄρα
3209 2984 3308 3053 τὴν
3344 2982 3603 3052 μεγίστην
3647 2979 3742 3034 καὶ⁵

2175 3076 2273 3148 τὴν
2315 3075 2601 3147 ἐλαχίστην
2648 3073 2959 3144 συνθῶμεν,
3006 3074 3216 3128 ἔσονται
3259 3072 3594 3135 διπλασίονες
3642 3071 3742 3143 τῆς

516 3162 678 3231 positi
727 3163 895 3234 duplo
946 3164 1183 3235 majores
1214 3164 1413 3220 medio.
1452 3163 1584 3219 Erat
1639 3171 1819 3221 autem
1873 3164 2075 3222 medius

2190 3167 2358 3238 μέσης
2387 3168 2667 3238 κινήσεως.
2691 3162 2798 3219 Ἦν
2826 3165 2938 3237 δὲὴ
2982 3166 3121 3237 μέση
3157 3166 3370 3237 κίνησις
3408 3164 3608 3236 μοιρῶν
3648 3169 3738 3230 ιγ’,

513 3260 696 3309 motus
720 3254 988 3325 graduum
1035 3255 1125 3321 15,
1163 3254 1264 3319 102
1290 3254 1407 3309 '55".
1441 3253 1935 3325 Multiplicaverunt
1962 3255 2076 3310 haec

510 3346 634 3412 bis,
663 3352 717 3400 et
742 3346 1067 3416 proveniunt
1122 3362 1190 3402 ex
1242 3346 1697 3418 multiplicatione
1723 3347 1929 3419 gradus
1970 3347 2074 3417 26,

508 3437 617 3503 2l',
652 3437 771 3493 10".
824 3438 1090 3495 Maximus
1117 3438 1280 3510 igitur
1307 3447 1491 3496 motus
1520 3440 1684 3505 lunae,
1713 3448 1768 3495 et
1816 3440 2076 3495 minimus

511 3528 737 3597 praecise
764 3528 1053 3600 compositi
1081 3536 1210 3584 sunt
1233 3529 1352 3586 dies
1378 3531 1469 3594 26,
1491 3529 1734 3594 21’,10”.
1769 3529 1933 3601 Atqui
1954 3546 2077 3601 gra-

511 3624 616 3678 dus
640 3637 706 3677 ex
739 3622 1118 3679 observatione
1143 3622 1347 3691 sumpti
1376 3636 1486 3677 non
1522 3630 1715 3677 exacte
1771 3622 1995 3676 maximi
2020 3631 2076 3677 et

511 3711 726 3766 minimi
759 3718 940 3767 motus
971 3717 1101 3766 sunt
1128 3710 1330 3782 gradus
1352 3709 1442 3766 26.
1494 3709 1726 3781 Reliqua
1754 3711 1922 3782 igitur
1948 3719 2078 3766 sunt

510 3818 577 3858 ea
605 3802 961 3870 sexagesima,
1005 3816 1127 3872 quae
1175 3794 1479 3871 effugerunt
1505 3801 1936 3873 observationem
1980 3818 2078 3872 per

513 3893 859 3962 apparentias
879 3900 934 3948 et
960 3906 1162 3962 organa
1195 3892 1418 3958 factam,
1459 3892 1710 3949 videlicet
1760 3894 1924 3950 unius
1952 3909 2077 3964 gra-

513 3985 618 4040 dus
646 3983 821 4055 prima
853 3984 1188 4057 sexagesima
1215 3984 1299 4039 2l'
1327 4024 1343 4047 ,
1395 3992 1451 4039 et
1498 3984 1737 4040 secunda
1776 3984 1891 4039 10",
1950 3984 2076 4039 Haec

514 4079 679 4149 igitur
719 4084 935 4147 oportet
1010 4077 1236 4149 insuper
1286 4076 1585 4133 attribuere
1640 4085 1695 4133 et
1738 4077 1965 4132 minimo
2023 4084 2077 4133 et

513 4167 755 4223 maximo
784 4168 992 4223 motui:
1020 4175 1078 4222 ut
1108 4167 1216 4223 duo
1234 4167 1287 4222 hi
1318 4177 1497 4223 motus
1529 4168 1817 4238 compositi
1845 4167 2078 4223 efﬁciant

511 4258 715 4327 gradus
746 4256 836 4321 26,
864 4257 970 4323 2l',
1005 4257 1120 4313 l0".
1142 4255 1354 4313 Addere
1371 4268 1551 4313 autem
1584 4265 1797 4327 oportet
1835 4257 1915 4314 sic
1937 4257 2078 4312 hanc

510 4349 880 4405 necessariam
911 4348 1285 4419 appendicem,
1319 4356 1378 4402 ut
1402 4363 1578 4419 neque
1598 4347 1859 4403 minimus
1895 4354 2076 4404 motus

511 4449 705 4513 agatur
733 4441 908 4510 major
938 4441 1197 4511 gradibus
1228 4440 1330 4508 12,
1387 4456 1566 4511 neque
1594 4441 1865 4495 maximus
1903 4439 2077 4509 major

2176 3258 2385 3313 λεπτῶν
2415 3265 2466 3319 ι’,
2497 3258 2589 3311 λε’.
2630 3256 3158 3311 Ἐπολλαπλασίασαν
3189 3256 3359 3310 ταῦτα
3399 3255 3507 3320 δίς*
3533 3254 3626 3308 καὶ
3653 3253 3741 3322 γί-

2175 3367 2355 3405 νονται
2401 3352 2582 3423 μοῖραι
2628 3354 2854 3413 κς’,κι’,
2900 3354 2951 3401 ι’.
2998 3348 3062 3400 Ἡ
3110 3348 3216 3420 ἄρα
3258 3346 3486 3418 μεγίστη
3529 3346 3745 3415 κίνησις

2177 3443 2273 3513 τῆς
2294 3441 2521 3513 σελήνης
2543 3441 2637 3494 καὶ
2660 3441 2692 3510 ἡ
2719 3439 2995 3509 ἐλαχίστη,
3014 3440 3101 3491 ἐπ’
3130 3437 3353 3509 ἀκριϐὲς
3383 3436 3741 3498 συντεθεῖσαι,

2174 3534 2413 3601 γίνονται
2456 3532 2658 3604 ἡμέραι
2690 3531 2735 3563 ‘°
2777 3537 2890 3596 κς,
2931 3535 3036 3596 κα’,
3079 3535 3131 3583 ι’.
3191 3527 3349 3581 Ἀλλά
3393 3528 3451 3581 αί
3497 3527 3639 3580 κατὰ
3678 3526 3743 3580 τδ

2173 3624 2455 3695 ὁλοσχερὲς
2480 3627 2544 3677 ἐκ
2572 3624 2851 3695 τηρήσεως
2876 3619 3219 3692 είλημμέναι,
3241 3619 3277 3688 ἡ
3307 3634 3365 3670 τε
3398 3617 3622 3689 μεγίστη
3646 3617 3742 3671 καὶ

2175 3717 2449 3787 ἐλαχίστη,
2492 3718 2674 3787 μοῖραι
2707 3721 2818 3778 σις’.
2858 3713 3037 3767 Δοιπά
3068 3713 3174 3783 ἀρα
3195 3712 3311 3764 ἐστὶ¹
3342 3710 3411 3765 τά
3437 3709 3742 3780 ἐκφυγόντα

2173 3808 2270 3880 τὴν
2291 3808 2381 3863 διὰ
2408 3807 2516 3862 τῶν
2549 3807 2885 3878 φαινομένων
2907 3807 3001 3860 καὶ
3026 3805 3124 3874 τὴν
3148 3803 3255 3857 τῶν
3286 3802 3531 3875 ὀργάνων
3563 3818 3740 3873 παρα-

2172 3903 2421 3973 τήρησιν,
2458 3901 2586 3970 μιᾶς
2612 3900 2803 3970 μοίρας
2834 3898 3022 3971 πρῶτα
3052 3895 3315 3967 ἑξηκοστά
3349 3902 3454 3960 καθ,
3490 3895 3585 3949 καὶ
3616 3894 3738 3949 δεύ-

2173 4008 2303 4061 τερα
2331 3996 2381 4045 ι’.
2417 3989 2601 4043 Ταῦτα
2625 3988 2732 4059 ἄρα
2772 3989 2852 4042 δεῖ
2879 3988 3333 4059 προσεπιμερίσαι
3372 3989 3438 4057 τῇ
3476 4003 3537 4039 τε
3563 3985 3741 4057 ἐλαχί-

2176 4100 2274 4154 στῃ
2300 4082 2395 4136 καὶ
2421 4084 2488 4153 τῇ
2539 4081 2789 4154 μεγίστῃ,
2819 4081 2965 4144 ὃπως
3006 4080 3064 4133 αἱ
3103 4080 3196 4132 δύο
3224 4078 3556 4132 συντεθεῖσαι
3587 4080 3741 4149 κινή-

2177 4189 2290 4235 σεις
2337 4171 2637 4226 ἀποτελῶσι
2680 4170 2872 4242 μοίρας
2917 4175 3029 4233 κς’,
3076 4174 3183 4233 καθ,
3228 4174 3279 4221 ι’.
3325 4166 3644 4237 Προσθεῖναι
3679 4165 3737 4219 δὲ

2172 4265 2270 4336 τὴν
2305 4264 2559 4319 ὲπουσίαν
2595 4262 2788 4326 οὕτως,
2818 4260 2957 4315 ὥστε
2994 4262 3129 4333 μήτε
3156 4260 3253 4331 τὴν
3290 4258 3577 4331 ἐλαχίστην
3618 4258 3739 4329 μεί-

2174 4355 2301 4421 ζονα
2337 4356 2565 4427 ἄγεσθαι
2607 4354 2715 4409 τῶν
2762 4354 2829 4425 ιβ’
2876 4352 3097 4424 μοιρῶν,
3151 4353 3289 4423 μήτε
3333 4351 3431 4421 τὴν
3477 4351 3739 4422 μεγίστην

2179 4444 2397 4516 μείζονα
2432 4443 2636 4515 μοιρῶν
2678 4449 2770 4508 ις’.
2815 4440 3236 4513 Ἐπιμεριοῦμεν
3265 4440 3322 4494 δὲ
3348 4440 3544 4504 οὕτως·
3587 4440 3740 4493 Ἐπεὶ

511 4511 770 4602 gradibus
798 4529 889 4586 16.
915 4526 1005 4583 Sic
1034 4539 1212 4585 autem
1238 4529 1598 4585 attribuemus
1624 4548 1637 4584 :
1689 4527 1822 4584 Cum
1858 4529 1984 4583 luna
2017 4529 2070 4583 in

2176 4511 2209 4607 ἡ
2245 4511 2445 4606 σελήνη
2490 4511 2548 4588 ἐν
2600 4533 2834 4605 ἡμέραις
2867 4538 2919 4597 ς’
2950 4511 3028 4584 τε
3065 4511 3159 4584 καί
3201 4537 3278 4599 vf
3320 4528 3589 4601 πρώτοις,
3644 4529 3740 4583 καὶ

508 4623 700 4701 diebus
722 4621 776 4687 6,
802 4622 908 4686 53',
934 4621 1033 4677 20"
1061 4621 1440 4694 proficiscatur
1482 4635 1511 4674 a
1554 4620 1779 4676 minimo
1831 4629 1978 4675 motu
2005 4620 2072 4675 ad

507 4713 771 4778 medium,
790 4721 846 4768 et
871 4728 903 4768 a
937 4713 1113 4770 medio
1137 4714 1203 4769 ad
1220 4713 1539 4779 maximum,
1568 4722 1623 4768 et
1646 4726 1859 4781 semper
1878 4711 2071 4783 aequali

509 4807 850 4862 incremento
880 4817 935 4861 et
962 4805 1311 4861 decrementa
1345 4812 1528 4859 utatur
1558 4823 1570 4859 :
1609 4803 1964 4859 inveniendus
1989 4812 2074 4859 est

507 4912 769 4955 numerus
788 4898 905 4969 qui,
930 4896 1302 4967 multiplicans
1329 4903 1577 4965 quartam
1607 4903 1815 4965 partem
1844 4897 2071 4952 restitu-

507 4990 606 5046 tivi
635 4990 920 5062 temporis,
948 4986 1145 5044 efficiat
1175 5002 1460 5043 numerum
1491 4987 1608 5058 qui,
1648 4987 1866 5043 additus
1894 4985 2073 5042 medio

505 5085 701 5151 motui,
717 5084 936 5155 colligat
953 5082 1242 5153 quemdam
1262 5096 1544 5137 numerum
1570 5080 1831 5152 majorem
1855 5080 2070 5151 quidem

506 5177 575 5232 15
619 5177 900 5247 gradibus,
936 5175 1202 5230 minorem
1235 5187 1362 5228 vero
1414 5172 1513 5241 16;
1559 5172 1806 5228 sublatus
1834 5180 2015 5225 autem
2041 5186 2072 5225 a

504 5269 683 5324 medio
703 5266 1164 5337 motu,relinquat
1187 5280 1472 5320 numerum
1494 5265 1782 5335 quemdam
1812 5265 2073 5333 majorem

503 5361 720 5431 quidem
754 5360 813 5415 11
853 5359 1134 5432 gradibus,
1163 5359 1427 5413 minorem
1459 5372 1587 5412 vero
1614 5354 1700 5408 12.
1735 5355 1804 5408 At
1837 5368 1958 5424 qua:
1977 5353 2075 5408 ad-

504 5453 711 5507 duntur
733 5453 937 5523 gradus
965 5450 1053 5510 15.
1086 5459 1140 5505 et
1168 5446 1426 5521 gradibus
1461 5449 1547 5513 11,
1583 5462 1647 5503 ea
1675 5454 1837 5502 erunt
1857 5459 2074 5515 quoque

506 5544 678 5611 prima
700 5547 1040 5614 sexagesima
1058 5543 1163 5606 21',
1182 5550 1238 5598 et
1268 5541 1508 5599 secunda
1542 5541 1651 5596 l0".
1672 5537 1949 5592 Invenitur
1975 5552 2073 5591 au-

506 5642 612 5688 tem
638 5635 742 5688 hoc
764 5634 940 5691 facere
968 5649 1234 5699 numerus
1264 5634 1331 5689 18
1370 5634 1832 5705 sexagesimorum
1865 5629 2070 5700 primo-

611 5786 655 5818 “
691 5785 730 5838 Γ.
763 5790 957 5852 μοῖραι.
1041 5790 1079 5819 ⁶¹
1111 5807 1202 5857 πρ.
1246 5790 1478 5859 ποιήσει.

2172 4626 2441 4696 δευτέροις
2461 4629 2509 4677 κ’
2529 4622 2884 4694 παραγίνεται
2905 4619 3012 4674 ἀπὸ
3038 4619 3137 4690 τῆς
3159 4618 3443 4689 ἐλαχίστης
3474 4618 3739 4688 κινήσεως

2172 4717 2265 4772 ἐπὶ
2292 4715 2391 4788 τὴν
2427 4715 2617 4786 μέσην,
2647 4713 2739 4767 καὶ
2765 4712 2873 4765 ἀπὸ
2889 4711 2987 4782 τῆς
3016 4710 3183 4781 μέσης
3209 4709 3298 4762 ἐπὶ
3329 4708 3426 4779 τὴν
3457 4707 3737 4779 μεγίστην,

2172 4809 2267 4864 καὶ
2297 4808 2384 4862 διὰ
2405 4806 2605 4870 παντὸς
2634 4807 2699 4875 τῇ
2735 4804 2823 4874 ἴση
2856 4798 3190 4873 παραυξήσει
3228 4800 3321 4854 καὶ
3356 4797 3574 4870 μειώσει
3601 4798 3739 4871 χρῆ-

2171 4919 2279 4956 ται·
2306 4902 2386 4954 δεῖ
2406 4900 2584 4972 εὑρεῖν
2609 4897 2860 4970 ἀριθμὸν,
2892 4896 2951 4959 ὃς
2976 4892 3452 4955 πολλαπλασιάσας
3476 4889 3537 4944 τὸ
3553 4891 3739 4961 τέταρ-

2170 5012 2262 5049 τον
2303 4993 2467 5065 μέρος
2494 4990 2587 5045 τοῦ
2631 4985 3135 5045 ἀποκαταστατικοῦ
3180 4984 3392 5056 χρόνου,
3425 4981 3738 5036 ἀποτελέσει

2169 5086 2293 5141 τινὰ
2338 5084 2589 5157 ἀριθμὸν,
2627 5083 2706 5149 ὃς,
2738 5081 3046 5154 πρεστιθεὶς
3078 5078 3175 5151 μὲν
3206 5080 3274 5148 τῇ
3321 5075 3461 5147 μέσῃ
3503 5074 3734 5145 κινήσει,

2174 5175 2389 5242 συνάξει
2415 5177 2457 5208 ⁶¹
2491 5175 2611 5229 τινά
2639 5174 2868 5246 ἀριθμὸν
2898 5172 3115 5244 μείζονα
3152 5169 3249 5241 μὲν
3284 5168 3392 5222 τῶν
3424 5173 3481 5219 ιε’
3512 5165 3734 5238 μοιρῶν,

2172 5270 2428 5324 ἐλάττονα
2464 5268 2521 5322 δὲ
2553 5267 2657 5320 τῶν
2697 5272 2770 5331 ις’
2797 5283 2809 5294 ·
2842 5264 3155 5336 ἀφαιρεθεὶς
3198 5260 3256 5315 δὲ
3283 5259 3390 5313 ἀπὸ
3430 5259 3529 5328 τῆς
3567 5257 3739 5328 μέσης

2173 5365 2456 5434 κινήσεως,
2491 5359 2770 5429 ἀπολείψει
2796 5358 2927 5412 τινά’
2961 5355 3213 5428 ἀριθμὸν,
3244 5351 3462 5424 μείζονα
3497 5350 3595 5421 μὲν
3626 5347 3736 5402 τῶν

2175 5462 2240 5510 ια’
2278 5453 2502 5526 μοιρῶν,
2533 5452 2786 5507 ἐλάττονα
2805 5451 2862 5504 δὲ
2885 5450 2992 5503 τῶν
3026 5449 3111 5519 ιβ’.
3145 5445 3224 5499 Τὰ
3252 5446 3307 5499 δὲ
3338 5442 3736 5516 προστιθέμενα

2172 5551 2291 5611 ταῖς
2320 5554 2379 5601 ιε’
2407 5547 2622 5617 μοίραις
2644 5545 2740 5598 καὶ
2771 5545 2890 5606 ταῖς
2916 5548 3004 5604 ια’,
3033 5540 3183 5593 ἔσται
3211 5540 3301 5591 ἐπὶ
3315 5537 3374 5591 τὺ
3395 5535 3525 5589 αὐτὸ
3545 5534 3735 5605 πρῶτα

2172 5635 2435 5708 ἑξηκοστά
2470 5641 2575 5697 κα’,
2619 5635 2712 5688 καὶ
2751 5631 2976 5703 δεύτερα
3017 5637 3073 5684 ι’.
3114 5628 3441 5698 Εὑρίσκεται
3480 5625 3537 5681 δὲ
3576 5623 3743 5678 τοῦτο
