4146 6476
416 446 516 503 857
1420 451 1659 510 GEMINI
1695 452 2073 511 ELEMENTA
2106 454 2596 513 ASTRONOMLE.
3543 457 3646 514 858

417 570 585 624 ποιῶν
611 571 639 624 ὁ
661 568 768 624 τῶν
800 576 867 642 ιη’
896 570 1202 641 ἐξηκοστῶν
1231 570 1460 645 πρώτων
1483 591 1496 602 ·
1539 574 1632 628 ἐάν
1663 572 1773 646 γὰρ
1807 572 1980 628 ταῦτα
2007 582 2054 640 Α

2007 582 2055 640 Α
2081 592 2234 642 rum;
2268 578 2315 632 si
2342 578 2487 633 enim
2516 577 2630 633 haec
2656 578 3009 649 multiplicata
3040 578 3242 633 fuerint
3289 576 3346 631 in
3395 582 3644 646 quartam

418 659 889 732 πολλαπλασιασθῇ
920 661 1012 715 ἐπὶ
1042 661 1105 715 τὸ
1138 662 1400 733 τέταρτον
1447 664 1609 734 μέρος
1640 664 1739 735 τῆς
1776 664 1979 717 ἀποκα-

2088 675 2298 739 partem
2327 668 2691 723 restitutionis
2712 710 2727 733 ,
2767 683 2959 737 nempe
2992 666 3047 721 in
3084 666 3202 722 dies
3224 664 3277 730 6,
3306 664 3410 731 15⁷,
3438 670 3492 719 et
3525 662 3642 726 20",

419 752 761 817 ταστάσεως,
792 753 886 807 ἐπὶ
921 753 1022 817 τὰς
1062 754 1274 825 ἡμέρας
1319 761 1393 819 ς’,
1438 761 1504 823 ιγ’
1542 754 1734 827 πρῶτα
1770 754 1939 808 λεπτά
1961 796 1976 820 ,

2088 760 2465 829 producuntur
2489 759 2691 830 gradus
2717 760 2753 813 2
2780 772 2832 814 et
2860 759 2927 814 ι’.
2966 757 3092 814 Haec
3117 757 3296 812 addidi
3331 755 3509 810 medio
3530 769 3647 808 nio-

421 845 514 897 καὶ
555 850 601 897 κ’
633 844 857 915 δεύτερα
879 886 894 911 ,
925 843 1305 899 ἀποτελοῦνται
1339 848 1524 917 μοῖραι
1569 846 1612 915 β’
1657 847 1750 900 καὶ
1788 845 1979 917 πρῶτα

2088 852 2203 915 tui,
2249 867 2442 921 nempe
2467 852 2721 922 gradibus
2753 852 2854 918 15,
2905 851 3152 916 10¹,«55”,
3180 857 3234 905 et
3280 848 3414 902 ﬁunt
3447 847 3647 917 gradus

416 933 682 1007 ἑξηκοστά
717 935 777 990 δ’.
806 935 989 1006 Τοαῦτα
1038 936 1352 1008 προσέθηκα
1380 940 1445 1007 τῇ
1477 937 1613 1009 μέσῃ
1648 939 1858 1009 κινήσει
1890 944 1976 1005 ιγ’,

2087 940 2175 1001 15,
2212 939 2314 1002 14’,
2346 939 2462 993 55".
2493 937 2745 993 Subtraxi
2778 954 2806 992 a
2846 940 3024 994 medio
3056 947 3207 993 motu
3239 938 3340 992 hos
3372 936 3571 1006 gradus
3613 935 3648 987 2

418 1032 469 1091 t',
503 1026 597 1093 λε’,
624 1026 720 1080 καὶ
754 1025 1217 1099 γίνονταιυιοῖραι
1250 1033 1330 1092 ιε’,
1377 1028 1457 1094 ιδ’,
1491 1028 1565 1081 λε’
1586 1045 1599 1058 ο
1636 1028 1728 1081 καὶ
1765 1028 1979 1097 ἀφεῖλον

2084 1037 2139 1084 et
2169 1030 2238 1093 κί’,
2269 1037 2323 1084 et
2357 1031 2551 1099 reliqui
2607 1038 2735 1085 sunt
2765 1029 2968 1101 gradus
2999 1031 3086 1095 11,
3129 1031 3197 1093 6',
3235 1029 3352 1084 55".
3390 1026 3647 1081 Inventus

414 1117 522 1171 ἀπὸ
571 1116 673 1186 τῆς
730 1115 901 1188 μέσης
953 1123 1221 1187 κινήσεως
1273 1117 1372 1181 τὰς
1429 1117 1471 1187 β’
1517 1118 1728 1190 μοίρας,
1775 1119 1868 1172 καὶ
1912 1118 1982 1171 τά

2084 1128 2170 1173 est
2207 1118 2367 1188 igitur
2417 1118 2676 1174 minimus
2723 1126 2903 1173 motus
2962 1120 3102 1172 lunae.
3149 1118 3413 1188 graduum
3445 1116 3546 1178 11,
3576 1115 3643 1179 6',

413 1208 606 1280 πρῶτα
643 1207 910 1279 ἑξηκοστά
935 1209 997 1274 δ’,
1032 1211 1126 1263 καὶ
1160 1210 1229 1264 τά
1271 1211 1521 1264 λείποντα
1556 1211 1622 1274 ⁶²,
1662 1210 1853 1281 μοίρας
1891 1216 1979 1276 ια’,

2088 1209 2373 1274 11”,55”’;
2410 1210 2621 1266 medius
2675 1221 2853 1267 motus
2906 1211 3171 1282 graduum
3221 1210 3310 1270 15,
3362 1208 3464 1273 10’,
3518 1207 3643 1273 55";

415 1295 490 1364 ς’,
520 1299 611 1353 λε’.
642 1299 880 1371 Εὕρηται
918 1299 1025 1372 ἄρα
1052 1302 1085 1371 ἡ
1122 1301 1217 1371 μὲν
1250 1301 1505 1372 ἐλαχίστη
1535 1301 1748 1372 κίνησις
1771 1302 1866 1371 τῆς
1893 1318 1981 1354 σε-

2086 1301 2355 1354 maximus
2389 1308 2567 1357 motus
2612 1303 2877 1372 graduum
2939 1302 3023 1367 15,
3058 1303 3161 1366 11’,
3223 1302 3356 1368 55";
3392 1300 3646 1354 diurnum

411 1389 578 1462 λὴνης
605 1408 747 1464 μοιρ.
782 1398 870 1455 ια’,
896 1390 1127 1464 πρώτων
1152 1390 1456 1463 ἐξηκοστῶν
1494 1400 1588 1457 ις’,
1627 1391 1892 1463 δευτέρων
1924 1390 1981 1444 δέ

2088 1400 2265 1445 autem
2296 1392 2688 1448 incrementum
2724 1394 3022 1464 primorum
3057 1394 3514 1465 sexagesimorum
3540 1390 3640 1449 18'.

356 1528 363 1539 η
417 1479 505 1547 ια’,
536 1482 733 1552 τρίτων
762 1482 834 1536 λε’
863 1502 876 1515 -
910 1486 944 1556 ἡ
975 1486 1032 1539 δὲ
1071 1485 1208 1556 μέση
1239 1486 1451 1556 κίνησις
1479 1501 1625 1555 μοιρ.
1661 1491 1749 1553 ιγ’,
1784 1490 1837 1549 ι’,
1869 1482 1941 1535 λε’
1974 1498 1989 1512 ο
2025 1483 2059 1552 ἡ
2097 1484 2328 1555 μεγίστη
2359 1485 2570 1556 κίνησις
2606 1503 2750 1558 μοιρ.
2794 1493 2872 1552 ιε’,
2937 1495 3025 1553 ια’,
3081 1486 3185 1540 λε’·
3215 1489 3250 1559 ἡ
3280 1485 3336 1539 δὲ
3374 1483 3648 1557 ἡμερησία

415 1571 752 1643 παραύξησις
779 1573 1005 1646 πρώτων
1030 1574 1334 1646 ἐξηκοστῷν
1365 1573 1454 1645 ιη’.
3437 1564 3442 1569 ’

915 1689 1304 1744 ΚΕΦΑΛΑΙΟΝ
1345 1691 1462 1756 ις’.

1427 1693 1462 1741 ⁷.
2664 1683 2890 1741 CAPUT
2927 1685 3064 1740 XVI.

412 1802 623 1876 Χρρνοι
647 1801 765 1876 τῶν
789 1801 1004 1863 ζωδίων
1030 1802 1099 1876 ἐν
1127 1796 1217 1876 οἶς
1233 1800 1494 1876 ἕκαστον
1511 1798 1773 1876 αὐτῶζιρ
1802 1799 1973 1873 ἣλιος
2010 1872 2041 1876 _

2010 1872 2041 1876 _
2088 1794 2347 1876 Tempora
2382 1796 2649 1876 signorum
2697 1799 2752 1876 in
2795 1798 2985 1876 quibus
3022 1818 3418 1876 unumquodque
3465 1824 3644 1863 eorum

481 1871 889 1950 διαπορεύεται
917 1889 931 1904 ·
975 1871 1082 1950 καὶ¹
1119 1865 1343 1950 αὶ’ξιαθ’
1372 1870 1634 1925 ἕκαστον
1657 1865 1870 1950 ,ζώδιοξν-
1895 1865 1980 1950 Ti-
2008 1872 2051 1927 Β

2008 1872 2051 1927 Β
2148 1865 2227 1919 εοί
2253 1865 2499 1950 peragrat
2526 1881 2544 1918 :
2580 1877 2630 1920 et
2668 1865 3080 1950 signiﬁcationes
3117 1865 3443 1944 singulorum
3469 1880 3645 1950 signo-

479 1937 726 2011 νόμεφλαι
751 1941 1145 2010 ἐπισημασίαι
1176 1943 1235 1993 at
1257 1940 1773 2009 ὑπογεγραμμέναι
1798 1937 1976 1994 εἰσιν.

1092 1958 1145 1994 αι
1176 1943 1235 1993 at
1257 1940 1773 2009 ὑπογεγραμμέναι
1798 1937 1976 1994 εἰσιν.
2149 1951 2268 1988 rum
2308 1946 2428 1988 sunt
2453 1937 2729 2005 ejusmodi.

692 2052 1009 2125 Ἀρξώμεθα
1034 2052 1091 2107 δὲ
1111 2054 1219 2108 ἀπὸ
1241 2052 1460 2125 θερινῆς
1482 2053 1710 2125 τροπῆς.
2245 2047 2329 2101 Inc

2245 2047 2575 2117 incipiamus
2601 2058 2778 2105 autem
2813 2051 2881 2106 ab
2905 2054 3091 2108 aestiva
3117 2058 3483 2115 conversione.

482 2166 756 2238 Καρκίνον
781 2165 1158 2238 διαπορεύεται
1185 2168 1213 2219 ό
1234 2165 1383 2237 ἡλιος
1409 2168 1466 2220 ἐν
1496 2164 1727 2236 ἡμέραις
1754 2163 1855 2217 λα’.

1586 2164 1727 2236 έραις
1754 2163 1855 2217 λα’.
2147 2160 2417 2215 Cancrum
2450 2173 2700 2235 peragrat
2725 2166 2805 2219 sol
2834 2166 2888 2220 in
2919 2167 3110 2224 diebus
3138 2170 3223 2223 51.

492 2257 581 2311 Ἐν
623 2256 680 2310 δέ
725 2259 792 2329 τῇ
826 2263 874 2310 α’
908 2257 1093 2328 ἡμέρᾳ
1135 2256 1409 2327 Καλίππῳ
1450 2256 1720 2328 Καρκίνος
1755 2254 1979 2325 ἄρχεται

2145 2252 2330 2309 Primo
2361 2256 2449 2310 die
2477 2254 2702 2326 Calippo
2728 2257 2934 2312 Cancer
2960 2259 3147 2330 incipit
3166 2262 3320 2327 oriri,
3340 2265 3643 2321 conversio-

412 2345 741 2412 ἀνατέλλειν,
778 2348 975 2418 τροπαὶ
1008 2346 1234 2419 θεριναὶ,
1263 2347 1357 2400 καὶ
1389 2346 1759 2417 ἐπισημαίνει.

1193 2347 1234 2411 ὶ,
1263 2347 1357 2400 καὶ
1389 2346 1759 2417 ἐπισημαίνει.
2077 2359 2175 2400 nes
2203 2347 2424 2411 aestivae,
2456 2357 2510 2401 et
2545 2347 2830 2418 signiﬁcat.

497 2436 584 2489 ’Ev
611 2436 667 2489 δὲ
698 2438 763 2507 τῇ
799 2435 844 2488 θ’
874 2436 1055 2507 ἡμέρᾳ
1083 2434 1296 2507 Εὐδόξῳ
1325 2435 1474 2498 νότος
1494 2438 1634 2490 πνεῖ.

1268 2453 1296 2507 ρ
1325 2435 1474 2498 νότος
1494 2438 1634 2490 πνεῖ.
2146 2437 2244 2495 Die
2274 2438 2308 2492 9
2338 2438 2562 2494 Eudoxo
2584 2439 2676 2493 ﬁat
2700 2448 2905 2496 auster.

496 2526 584 2581 Ἐν
608 2526 665 2579 δέ
689 2529 756 2598 τῇ
784 2532 853 2579 ια’
878 2527 1059 2598 ἡμέρᾳ
1076 2524 1288 2596 Εὐδόξῳ
1320 2524 1510 2596 Ὠρίων
1536 2524 1668 2595 ἑῷος
1692 2522 1975 2580 ἐπιτέλλει.

1566 2524 1668 2595 ῷος
1692 2522 1975 2580 ἐπιτέλλει.
2146 2528 2243 2585 Die
2270 2530 2331 2584 11
2371 2529 2597 2585 Eudoxo
2623 2529 2793 2586 Orion
2816 2547 2975 2587 mane
3004 2535 3198 2591 oritur.

493 2616 581 2673 Ἐν
616 2616 674 2670 δέ
701 2619 769 2689 τῇ
800 2623 868 2686 ιγ’
907 2616 1090 2688 ἡμέρα
1129 2615 1434 2686 Εὐκτήμονι
1472 2614 1661 2686 Ὠρίων
1703 2614 1824 2690 ᾷλος
1862 2616 1980 2668 ἐπι-

1813 2632 1824 2678 ;
1862 2616 1980 2668 ἐπι·
2144 2622 2251 2694 37
2289 2621 2386 2677 Die
2420 2622 2489 2676 15
2523 2621 2840 2679 Euctemoni
2877 2623 3046 2681 Orion
3076 2633 3224 2681 totus
3257 2627 3450 2684 oritur.

413 2709 608 2765 τέλλει.

486 2802 580 2869 ,Ἐν
613 2801 672 2856 δέ
698 2801 765 2873 τῇ
798 2804 875 2866 ις’
904 2796 1139 2871 Δοσιθέῳ
1170 2797 1439 2867 Στέφανος
1470 2795 1602 2869 ἐῷος
1634 2796 1862 2869 ἄρχεται
1886 2794 1978 2849 δύ-

1962 2823 1978 2835 -
2144 2800 2242 2857 Die
2280 2799 2343 2855 l6
2373 2799 2632 2855 Dositheo
2659 2800 2873 2857 Corona
2914 2815 3072 2855 mane
3107 2801 3299 2872 incipit
3327 2802 3599 2861 occidere.

443 2909 543 2947 ειν.

412 2910 441 2947 ν
494 2987 581 3041 Ἐν
603 2985 660 3040 δὲ
688 2987 755 3059 τῇ
780 2990 864 3055 κγ’
891 2981 1125 3055 Δοσιθέῳ
1162 2982 1219 3037 ἐν
1246 2980 1507 3054 Αἰγύπτῳ
1535 2981 1697 3035 Κύων
1734 2980 1976 3054 ἐκφανὴς

1827 2980 1976 3054 ›ανὴς
2146 2974 2245 3031 Die
2276 2975 2348 3030 25
2378 2973 2639 3031 Dositheo
2666 2975 2723 3029 in
2762 2972 2998 3046 Egypto
3031 2973 3197 3031 Canis
3229 2983 3464 3045 apparet.

408 3077 661 3224 γινὲῗδέ
683 3170 751 3240 τῇ
781 3171 856 3220 κε’
884 3163 1097 3220 Μέτωνι
1120 3163 1282 3218 Κύων
1311 3161 1575 3217 ἐπιτέλλει
1607 3162 1761 3235 ἐῷοςο
1999 3204 2041 3240 ﬂ

1538 3180 1575 3217 ει
1607 3162 1761 3235 ἑῷος,
1999 3204 2041 3240 ﬂ
2144 3149 2243 3206 Die
2273 3149 2345 3205 25
2374 3149 2575 3206 Metoni
2609 3149 2776 3207 Canis
2808 3151 2984 3206 oritur
3017 3167 3175 3208 mane

488 3204 576 3316 Ἐν
605 3204 679 3314 υὲὲ
723 3204 794 3329 ζῇ
846 3255 930 3321 κζ’
974 3257 1282 3328 Εὐκτήμονι
1327 3256 1490 3309 Κύων
1527 3204 1824 3309 ἐπιτέλλει·
1864 3254 1970 3309 Εὐ·
1999 3204 2041 3263 c

1999 3204 2041 3263 α
2142 3204 2240 3299 Die
2273 3204 2346 3296 2i
2379 3204 3412 3330 EuctemoniEa'r—iisorbum-Eudoxo
3467 3242 3636 3299 Canis

404 3352 540 3425 δόξῳ
566 3350 728 3405 Κύων
771 3347 903 3419 ἐῷος
948 3346 1235 3412 ἐπιτέλλει,
1272 3346 1367 3400 καὶ
1401 3345 1500 3409 τὰς
1539 3348 1808 3416 ἑπομένας
1836 3344 1971 3417 ἡμέ-

2070 3349 2232 3390 mane
2260 3335 2457 3398 oritur,
2489 3340 2544 3389 et
2574 3349 2670 3405 per
2703 3334 2820 3390 dies
2859 3343 3149 3406 sequentes
3182 3334 3423 3405 quinque
3452 3336 3636 3391 etesiae

406 3462 506 3517 ρας
548 3450 590 3498 ε’
630 3444 676 3477 ⁸³
709 3442 920 3513 ἐτησίαι
959 3439 1242 3493 πνέουσιν
1276 3440 1332 3492 αἱ
1373 3437 1430 3490 δὲ
1471 3437 1631 3490 πέντε
1664 3438 1720 3489 αί
1754 3436 1968 3508 πρῶται

2069 3427 2279 3497 spirant
2317 3444 2330 3480 :
2371 3441 2402 3481 e
2437 3426 2637 3496 quibus
2670 3425 2862 3481 diebus
2902 3427 3060 3496 primi
3099 3426 3339 3497 quinque
3370 3435 3635 3480 vocantur

405 3515 708 3607 πρόδρομοι,
736 3530 1042 3587 καλοῦνται.
1074 3529 1348 3601 Καλίππῳ
1367 3528 1639 3601 Καρκίνος
1670 3526 1812 3582 δύνει
1843 3529 1969 3582 ἀνα-

2067 3532 2456 3590 ρνωοιιτεοι-εε.
2498 3515 2722 3588 Calippo
2774 3516 2982 3573 Cancer
3028 3519 3263 3582 occidit.
3322 3520 3505 3575 oriens
3535 3518 3632 3573 ﬁa-

401 3625 600 3681 τέλλων
626 3622 1033 3695 πνευματώδης.

642 3622 1033 3695 πνευματώδης.
2067 3614 2124 3662 tu
2132 3622 2279 3663 osus.

483 3717 572 3770 Ἐν
593 3715 650 3769 δέ
675 3717 741 3787 τῇ
767 3720 851 3786 κη’
868 3713 1172 3784 Εὐκτήμονι
1199 3711 1378 3776 Ἀετὸς
1403 3710 1535 3783 ἐῷος
1559 3710 1739 3765 δύνει·
1765 3708 1966 3781 χειμὼν

2135 3697 2233 3754 Die
2269 3697 2340 3752 28
2378 3696 2697 3753 Euctemoni
2735 3696 2933 3766 Aquila
2970 3712 3128 3753 mane
3159 3698 3396 3766 occidit;
3429 3707 3632 3771 tempe-

403 3807 545 3863 κατά
573 3806 844 3861 θάλασσαν
880 3803 1199 3872 ἐπιγίνεται.

2065 3798 2179 3846 stas
2210 3805 2306 3860 per
2339 3804 2489 3844 mare
2518 3796 2642 3859 post
2671 3790 2956 3849 excitatur.

483 3898 570 3952 Ἐν
598 3896 655 3950 δὲ
690 3898 755 3968 τῇ
799 3894 842 3949 λ’
883 3894 1154 3965 Καλίππῳ
1190 3893 1340 3947 Λέων
1364 3893 1586 3964 ἄρχεται
1627 3891 1962 3947 ἀνατέλλειν·

2135 3879 2232 3934 Die
2262 3880 2331 3935 50
2362 3879 2587 3950 Calippo
2615 3877 2726 3934 Leo
2758 3880 2949 3949 incipit
2978 3880 3110 3935 oriri
3139 3899 3153 3949 ;
3199 3889 3383 3938 auster
3424 3882 3628 3953 spirat;

350 4054 354 4059 η
399 3986 547 4051 νότος
572 3988 696 4040 πνεῖ
716 4002 730 4017 ο
767 3985 862 4039 καὶ
885 3983 1047 4037 Κύων
1075 3982 1377 4039 ἀνατέλλων
1407 3983 1636 4055 φανερὸς
1664 3985 1891 4053 γίνεται.
2064 3980 2119 4028 ει
2152 3972 2318 4027 Caﬂis
2353 3972 2538 4026 Oriens
2574 3972 2632 4025 ίὶι
2662 3971 3012 4059 εοηερὶςυιιει

480 4077 568 4132 Έν
589 4076 646 4130 δέ
675 4078 742 4149 τῇ
766 4075 848 4130 λα’
875 4074 1090 4146 Εὐδόξῳ
1114 4074 1265 4138 νότος
1294 4076 1436 4129 πνεῖ.

1388 4076 1436 4128 ;ῖ,
2134 4064 2231 4119 Die
2262 4064 2325 4118 ’51
2362 4063 2585 4118 Eudoxo
2620 4071 2807 4118 auster
2837 4056 3025 4133 spirat.

476 4167 537 4221 Ὀ
566 4167 717 4238 ἥλιος
744 4167 835 4221 τὸν
861 4167 1063 4221 Λέοντα
1105 4165 1480 4239 διαπορεύεται
1509 4167 1566 4218 ἐν
1600 4165 1832 4238 ἡμέραις
1860 4166 1959 4220 λα’.

1509 4167 1566 4218 ὲν
1600 4165 1832 4238 ἡμέραςς
1860 4166 1959 4220 λα’,
2140 4154 2377 4210 Leonem
2417 4155 2500 4210 sol
2532 4163 2787 4225 peragrat
2817 4155 3007 4211 diebus
3040 4156 3125 4210 '5l.

477 4259 566 4313 Ἐν
593 4260 690 4331 μὲν
730 4255 823 4313 οὖν
866 4261 932 4330 τῇ
981 4258 1030 4311 α’
1074 4257 1257 4331 ἡμέρᾳ
1305 4257 1612 4328 Εὐκτήμονι
1666 4256 1826 4312 Κύων
1867 4258 1964 4329 μὲν

2133 4250 2318 4305 Primo
2355 4250 2523 4320 igitur
2561 4248 2651 4304 die
2701 4248 3020 4304 Euctemoni
3072 4247 3238 4303 Canis
3279 4247 3496 4318 quidem
3544 4255 3627 4303 est

396 4348 656 4420 ἐκφανὴς,
687 4350 874 4418 πνῖγος
895 4348 951 4402 δέ
978 4347 1297 4415 ἐπιγίνεται,
1324 4345 1692 4416 ἐπισημαίνει.

2061 4341 2400 4410 conspicuus
2425 4357 2437 4393 :
2468 4345 2593 4408 post
2622 4345 2801 4393 autem
2836 4337 2896 4392 ﬁt
2926 4348 3092 4393 aestus
3111 4378 3127 4402 ,
3163 4337 3446 4407 signiﬁcat.

475 4443 566 4497 Ἐν
588 4442 645 4496 δέ
671 4443 737 4514 τῇ
769 4448 808 4495 ε’
834 4439 1046 4510 Εὐδόξῳ
1081 4439 1258 4503 Ἀετὸς
1291 4438 1422 4510 ἑῷος
1448 4435 1612 4492 δύνειὶ

1607 4436 1612 4489 ἰ
2134 4431 2231 4487 Die
2270 4432 2303 4486 5
2337 4430 2563 4485 Eudoxo
2602 4429 2797 4497 Aquila
2833 4444 2991 4484 mane
3028 4429 3244 4483 occidit.

473 4531 562 4587 Ἐν
585 4532 641 4586 δέ
664 4534 731 4603 τῇ
769 4539 798 4585 ι’
834 4531 1018 4603 ἡμέρᾳ
1042 4529 1252 4600 Εὐδόξῳ
1275 4528 1541 4599 Στέφανος
1562 4527 1725 4582 δύνει.
1985 4534 2032 4588 D

1450 4545 1541 4593 ,νος
1562 4527 1725 4582 δύνει.
1985 4534 2032 4588 Ι)
2135 4520 2231 4577 Die
2266 4520 2333 4575 10
2368 4520 2593 4575 Eudoxo
2622 4519 2837 4575 Corona
2869 4520 3087 4574 occidit.

474 4622 562 4675 Ἐν
604 4621 662 4675 δέ
701 4623 769 4692 τῇ
820 4616 885 4691 ιβ’
937 4620 1210 4692 Καλίππῳ
1252 4618 1404 4673 Λέων
1450 4618 1613 4690 μέσος
1661 4616 1962 4671 ἀνατέλλων

2132 4610 2231 4667 Die
2260 4611 2328 4665 12
2353 4610 2579 4681 Calippo
2608 4608 2718 4664 Leo
2745 4608 2958 4663 medius
2988 4609 3168 4664 oriens
3193 4614 3358 4662 aestus
3386 4607 3620 4663 maxime

393 4713 559 4786 πνίγη
587 4712 822 4785 μάλιστα
855 4716 1016 4766 ποιεῖ.
2059 4703 2208 4760 facit.

473 4806 562 4859 Ἐν
597 4806 655 4859 δὲ
684 4807 752 4877 τῇ
784 4804 842 4858 ιδ’
871 4805 1179 4877 Εὐκτήμονι
1207 4805 1369 4876 πνίγη
1396 4804 1630 4877 μάλιστα
1658 4803 1887 4873 γίνεται.
1950 4806 1959 4825 ⁸

1701 4803 1887 4858 ινεται,
1950 4806 1959 4825 ³
2127 4793 2224 4849 Die
2258 4792 2324 4847 M
2355 4791 2675 4846 Euctemoni
2708 4799 2875 4845 astus
2909 4789 3145 4843 maxime
3179 4788 3337 4843 ﬁunt.

471 4897 559 4950 Ἔν
591 4896 648 4949 δέ
669 4899 736 4968 τῇ
768 4895 841 4962 ις’
866 4897 1049 4968 ἡμέρᾳ
1074 4896 1284 4967 Εὐδόξῳ
1309 4896 1674 4969 ἐπισημαίνει.

1251 4916 1284 4967 ῳ
1309 4896 1674 4969 ἐπισημαίνει.
2127 4885 2222 4940 Die
2253 4885 2321 4939 16
2345 4882 2569 4938 Eudoxo
2600 4882 2888 4953 signiﬁcat.

471 4987 561 5041 Ἐν
591 4988 649 5041 δὲ
685 4990 750 5059 τῇ
786 4989 850 5052 ιζ’
882 4988 1191 5059 Εὐκτήμονι
1220 4986 1372 5060 Λύρα
1397 4987 1599 5050 δύεται,
1629 4988 1724 5042 καὶ
1749 4986 1828 5041 ἔτι
1853 4984 1955 5050 ὕει,

2127 4977 2223 5032 Die
2253 4977 2322 5030 17
2346 4975 2668 5031 Euctemoni
2697 4974 2837 5045 Lyra
2861 4972 3085 5037 occidit,
3115 4983 3169 5029 et
3197 4972 3419 5044 insuper
3446 4973 3616 5043 pluit,

392 5076 485 5131 καὶ
512 5076 725 5144 ἐτησίαι
748 5077 1031 5142 παύονται,
1056 5080 1150 5132 καὶ
1173 5080 1362 5143 Ἵππος
1389 5079 1674 5134 ἐπιτέλλει.

1420 5079 1674 5134 πιτὲλλει,
2056 5075 2110 5125 et
2143 5068 2326 5123 etesiae
2352 5074 2571 5123 cessant
2597 5085 2610 5121 :
2647 5066 2832 5137 Equus
2863 5066 3052 5122 oritur.

474 5168 562 5221 Ἐν
587 5168 644 5222 δέ
685 5171 753 5240 τῇ
788 5177 861 5241 ιη’
884 5169 1096 5240 Εὐδόξῳ
1131 5169 1325 5239 Δελφὶς
1354 5169 1484 5241 ἑῷος
1522 5170 1687 5225 δύνει.
1724 5170 1956 5241 Δοσιθέῳ

2129 5158 2226 5214 Die
2256 5160 2322 5215 18
2352 5158 2576 5213 Eudoxo
2610 5156 2910 5229 Delphinus
2935 5172 3094 5212 mane
3119 5156 3338 5213 occidit.
3363 5156 3619 5212 Dositheo

391 5266 788 5338 Προτρυγητὴρ
811 5266 1106 5337 ἀκρόνυχος
1133 5264 1418 5319 ἐπιτέλλει,

1237 5264 1418 5319 τέλλει,
2056 5248 2429 5305 Vindemiator
2451 5248 2664 5318 vesperi
2682 5250 2874 5303 oritur.

472 5357 561 5410 Ἐν
591 5355 649 5411 δέ
671 5337 767 5428 ’τῇ
791 5356 872 5427 κβ⁹
905 5356 1116 5428 Εὐδόξῳ
1149 5356 1299 5428 Λύρα
1339 5356 1470 5426 ἐῷος
1514 5355 1677 5420 δύνει,
1717 5356 1810 5410 καὶ
1837 5357 1956 5409 ἐπι-

2129 5340 2225 5398 Die
2255 5340 2327 5395 22
2357 5339 2588 5395 Eudoxo
2618 5339 2758 5411 Lyra
2796 5354 2953 5395 mane
2983 5339 3214 5405 occidit,
3245 5346 3298 5394 et
3327 5337 3612 5410 signiﬁcat.

391 5449 667 5519 σημαίνει.

472 5511 563 5592 Ἕν
589 5538 647 5592 δὲ
675 5540 739 5611 τῇ
770 5538 851 5592 κθ⁹
873 5540 1085 5609 Εὐδόξῳ
1114 5539 1478 5610 ἐπισημαίνει.
1505 5538 1776 5611 Καλίππῳ
1803 5539 1954 5612 Παρ-

2124 5521 2223 5576 Die
2268 5519 2339 5575 29
2382 5517 2607 5575 Eudoxo
2654 5514 3106 5587 signiﬁcationem
3157 5515 3337 5572 habet.
3390 5511 3615 5582 Calippo

391 5624 541 5693 θένος
573 5608 861 5697 ἐπιτέλλει,
883 5608 1294 5700 ἐπισημαίνειί
1748 5608 1759 5611 ﬁ
1892 5608 1904 5612 ⁷

1748 5608 1759 5611 ⁷
1892 5608 1904 5612 ⁷
2054 5612 2222 5686 Virgo
2250 5613 2448 5680 oritur,
2481 5608 2767 5682 signiﬁcat.
3215 5615 3221 5624 '

349 5791 360 5802 ’
460 5804 504 5837 ⁸*
526 5821 614 5873 γρ.
639 5802 1081 5874 καταλειφθέντα.
1158 5804 1205 5837 ⁸³
1238 5824 1325 5875 ψ.
1358 5812 1450 5860 νε’.
