4146 6412
552 417 660 476 859

627 532 904 605 Virginem
937 536 1208 606 percurrit
1242 537 1324 593 sol
1352 537 1546 593 diebus
1577 540 1666 595 50.

622 712 718 769 Die
751 713 787 769 5
814 712 1041 771 Eudoxo
1075 727 1268 774 ventus
1297 722 1471 789 spirat
1502 738 1768 794 magnus,
1805 733 1860 780 et
1892 727 2116 797 insuper

548 812 723 858 tonat.
759 805 989 878 Calippo
1017 809 1231 866 humeri
1263 810 1504 883 Virginis
1534 817 1810 881 oriuntur,
1845 828 1899 873 et
1931 820 2116 875 et'esize

546 895 783 964 Spirant.

616 984 714 1040 Die
741 987 806 1039 10
834 987 1153 1044 Euctemoni
1172 989 1548 1048 Vindemiator
1573 1002 1833 1065 apparet;
1863 998 2040 1052 oritur
2061 1006 2114 1053 et

544 1076 832 1142 Arcturus,
852 1089 905 1134 et
928 1079 1132 1151 Sagitta
1162 1085 1363 1140 occidit
1387 1101 1566 1143 mane.
1592 1086 1909 1159 Tempestas
1939 1089 1996 1144 [it
2020 1107 2115 1162 per

545 1183 714 1222 mare.
771 1169 995 1226 Eudoxo
1029 1173 1251 1243 pluvia,
1291 1178 1577 1243 tonitrua;
1631 1188 1826 1238 ventus
1878 1199 2111 1255 magnus

541 1259 733 1330 spirat.

610 1352 707 1407 nie
742 1354 809 1408 17
837 1357 1064 1426 calippo
1089 1355 1259 1430 Virgo
1288 1361 1466 1416 media
1497 1363 1682 1419 oriens
1711 1365 2014 1437 signiﬁcat,
2055 1379 2110 1425 et

460 1478 463 1481 -
538 1441 808 1501 Arcturus
840 1450 1027 1505 oriens
1058 1458 1143 1506 est
1171 1453 1519 1523 conspicuus.

608 1600 705 1658 Die
731 1605 798 1659 19
826 1604 1054 1661 Eudoxo
1084 1609 1354 1667 Arcturus
1389 1629 1550 1670 mane
1580 1614 1778 1683 oritur,
1802 1624 1856 1671 et
1887 1634 1986 1689 per
2014 1635 2105 1676 se-

534 1701 768 1763 quentes
796 1696 914 1751 dies
943 1697 974 1751 7
1005 1698 1218 1768 spirant
1243 1702 1424 1768 venti,
1457 1705 1725 1763 serenitas
1754 1718 1838 1763 est
1864 1709 2106 1778 plerum-

534 1799 662 1855 que.
696 1783 965 1845 Cessante
999 1790 1099 1846 hoc
1135 1800 1410 1863 tempore,
1446 1806 1639 1853 ventus
1675 1798 1745 1853 ab
1778 1813 1977 1854 aurora
2008 1816 2105 1856 ex-

532 1875 700 1933 sistit.

604 1966 701 2024 Die
724 1968 793 2023 20
817 1971 1084 2029 Arcturus
1111 1972 1433 2033 Euctemoni
1457 1982 1813 2051 conspicuus.
1841 1983 2102 2038 Autumni

530 2057 746 2114 initium
770 2102 784 2124 ,
821 2072 876 2117 et
903 2062 1081 2135 Capra
1112 2067 1312 2133 oritur,
1349 2070 1507 2125 stella
1539 2087 1736 2143 magna
1769 2074 1826 2128 in
1862 2074 2099 2145 Auriga,

526 2157 584 2205 et
616 2151 812 2210 deinde
844 2156 1133 2227 signiﬁcat.
1167 2157 1490 2232 Tempestas
1524 2179 1622 2235 per
1652 2179 1824 2223 mare.

602 2330 698 2386 Die
724 2331 796 2385 24
823 2331 1053 2404 Calippo
1080 2335 1235 2407 spica
1266 2338 1511 2411 Virginis
1541 2346 1738 2400 oritur.

602 2511 817 2568 Libram
850 2531 933 2570 so.
962 2525 1216 2588 peragrat
1247 2519 1444 2577 diebus
1474 2523 1562 2578 50.

599 2603 695 2660 Die
723 2605 748 2659 1
786 2604 1106 2663 Euctemoni
1141 2612 1527 2679 mquinoctium
1559 2622 1913 2686 autumna.e,
1940 2627 1995 2676 et
2022 2621 2100 2677 si-

1543 419 1635 474 ΔΙ)
1671 418 1943 477 EllSEBll
1980 417 2374 475 CllRONlCON
2412 414 2779 474 APPENDIX.

2144 550 2187 604 Α
2284 536 2394 607 Τὴν
2441 536 2496 590 δὲ
2544 534 2819 608 Παρθένον
2859 530 3237 604 διαπορεύεται
3280 532 3311 586 δ
3347 530 3499 601 ἡλιος
3543 530 3603 584 ἐν
3647 530 3787 601 ἡμέ-

3684 392 3791 467 m

2219 645 2342 699 ραις
2370 629 2431 681 λ’.

2297 720 2386 773 Ἐν
2434 722 2533 791 μὲν
2583 716 2675 774 οὖν
2714 722 2781 791 τῇ
2826 726 2867 772 ε’
2916 717 3098 790 ἡμέρᾳ⁵
3127 716 3340 789 Εὐδόξῳ
3370 717 3569 787 ἄνεμος
3609 716 3782 786 μέγας

2215 813 2357 873 πνεῖ,
2386 811 2480 863 καὶ
2509 809 2819 879 ἐπιϐροντᾷ.
2853 807 3123 878 Καλίππῳ
3149 807 3207 861 δὲ
3234 809 3282 860 οἱ
3320 800 3462 877 ὦμοι
3495 805 3593 877 τῆς
3633 806 3785 877 Παρ-

2215 897 2365 951 θένου
2398 898 2752 959 ἐπιτέλλουσι,
2782 898 2876 952 καὶ
2901 898 3113 968 ἐτησίαι
3147 896 3399 951 πνέουσιν
3432 896 3497 950 “.

2295 988 2383 1043 Ἑν
2419 989 2474 1043 δέ
2511 992 2576 1060 τῇ
2613 996 2643 1043 ι’
2683 988 2868 1060 ἡμέρα
2895 987 3201 1059 Εὐκτήμονι
3231 985 3622 1062 Προτρυγητὴρ
3650 986 3779 1055 φαί-

2212 1097 2361 1135 νεται
2385 1097 2400 1110 ·
2450 1081 2716 1135 ἐπιτέλλει
2766 1082 2824 1134 δὲ
2871 1082 2966 1135 καὶ
3019 1080 3341 1153 Ἀρκτοῦρος
3363 1097 3379 1111 ο
3424 1080 3520 1134 καὶ
3575 1079 3780 1144 Ὀἶστδς

2210 1170 2394 1225 δύεται
2424 1171 2644 1244 ὄρθρου.
2687 1169 2910 1243 Χειμὼν
2936 1171 3077 1225 κατὰ
3113 1171 3404 1226 θάλασσαν.
3451 1171 3664 1243 Εὐδόξῳ
3689 1172 3783 1225 ὐε-

2208 1262 2319 1326 τὸς,
2351 1262 2591 1334 βρονταὶ,
2628 1264 2675 1296 ⁸⁸
2707 1264 2905 1335 ἄνεμος
2941 1264 3113 1335 μέγας
3147 1264 3289 1316 πνεῖ.

2291 1354 2380 1407 Ἐν
2416 1354 2473 1407 δὲ
2522 1358 2588 1427 τῇ
2639 1354 2709 1423 ιζ’
2740 1354 3011 1426 Καλίππῳ
3051 1354 3324 1427 Παρθένος
3373 1353 3513 1424 μέση
3567 1353 3775 1409 ἐπιτέλ-

2205 1443 2372 1499 λουσα
2414 1447 2784 1517 ἐπισημαίνει,
2827 1447 2922 1502 καλ⁸
2963 1445 3290 1518 ’Δρκτοῦρος
3333 1445 3639 1500 ἀνατέλλων
3682 1464 3780 1518 φα-

2207 1537 2385 1608 νερός.

2289 1626 2379 1682 Ἐν
2411 1627 2469 1681 δὲ
2496 1631 2563 1700 τῇ
2601 1629 2666 1683 ιϐ’
2698 1628 2910 1700 Εὐδόξῳ
2950 1629 3272 1703 Ἀρκτοῦρος
3313 1628 3446 1700 ἐῷος
3488 1629 3775 1694 ἐπιτέλλει,

2204 1718 2299 1771 καὶ
2333 1717 2433 1783 τὰς
2465 1720 2738 1791 ἑπομένας
2767 1721 2976 1794 ἡμέρας
3012 1721 3056 1785 ζ’
3100 1722 3291 1793 ἄνεμοι
3327 1721 3600 1786 πνέουσιν,
3627 1721 3779 1775 εὐδία

2204 1808 2280 1872 ὡς
2316 1806 2387 1861 τὰ
2446 1810 2634 1864 πολλά.
2695 1812 2967 1882 Λήγοντος
3012 1811 3070 1864 δὲ
3120 1809 3213 1864 τοῦ
3261 1809 3474 1883 χρόνου,
3525 1811 3618 1865 ἀπ’
3647 1810 3778 1880 ἠοῦς

2140 1879 2180 1934 Β
2206 1896 2422 1967 πνεῦμα
2459 1899 2690 1966 γίνεται.

2281 1987 2369 2039 Ἐν
2396 1986 2453 2040 δὲ
2480 1991 2544 2060 τῇ
2567 1996 2614 2042 κ’
2640 1989 2966 2061 Ἀρκτοῦρος
3000 1991 3308 2061 Εὐκτήμονι
3343 1991 3602 2060 ἐκφανής.
3631 1991 3779 2044 Μετ-

2204 2075 2419 2148 οπώρου
2475 2079 2640 2152 ἀρχή,
2675 2081 2769 2135 καὶ
2810 2081 2909 2148 Αἲξ
2946 2080 3235 2148 ἐπιτέλλει,
3279 2082 3454 2162 ἀστὴρ
3482 2081 3653 2152 μέγας
3682 2083 3777 2135 ἐπὶ

2199 2166 2293 2219 τοῦ
2346 2168 2612 2241 Ἡνιόχου,
2662 2172 2895 2227 κᾶπειτα
2941 2173 3311 2246 ἐπισημαίνει.
3363 2172 3584 2245 Χειμὼν
3636 2173 3778 2228 κατὰ

2200 2259 2495 2316 θάλασσαν.

2281 2353 2369 2405 Ἐν
2396 2353 2452 2406 δὲ
2491 2355 2558 2425 τῇ
2606 2354 2683 2408 κδ’
2723 2355 2909 2428 ἡμέρᾳ
2941 2355 3215 2428 Καλίππῳ
3261 2355 3464 2428 στάχυς
3504 2358 3773 2412 ἐπιτέλλει

2196 2444 2294 2514 τῆς
2328 2443 2628 2514 Παρθένου.

2268 2535 2372 2589 Τὸν
2402 2535 2460 2589 δὲ
2502 2535 2665 2605 ζυγὸν
2704 2535 3083 2608 διαπορεύεται
3116 2540 3146 2592 ό
3180 2539 3333 2610 ἥλιος
3362 2540 3420 2593 ἐν
3444 2540 3677 2612 ἡμέραις
3701 2540 3766 2594 λ’.

2279 2627 2366 2681 Ἐν
2391 2628 2447 2681 δὲ
2474 2630 2540 2699 τῇ
2570 2626 2755 2701 πρώτῃ
2799 2629 2980 2701 ἡμέρᾳ
3005 2631 3310 2703 Εὐκτήμονι
3340 2631 3599 2703 ίσημερία
3638 2647 3769 2702 μετ-

526 2695 767 2765 gniﬁcat.
804 2697 1029 2768 Calippo
1076 2697 1233 2756 Aries
1263 2700 1457 2774 incipit
1505 2706 1777 2764 occidere.
1828 2709 2098 2789 λείμιὶηο-

2193 2717 2454 2791 οπωρὶνὴ,
2613 2695 2990 2791 ἐπισημαίνει.
3025 2695 3297 2796 Καλίππῳ
3322 2724 3352 2777 ὁ
3391 2695 3558 2794 ripe;
3596 2695 3767 2794 ἆρχε-

525 2788 695 2842 ctium
733 2790 1067 2845 autumnale.

596 2878 694 2934 Die
719 2880 753 2935 5
782 2879 1097 2938 Euctemoni
1128 2882 1283 2940 Haedi
1308 2888 1603 2958 vespertini
1630 2889 1903 2948 oriuntur.
1934 2892 2096 2951 Tem-

526 2981 707 3043 pestas
739 2975 975 3030 exsistit.

595 3063 690 3119 Die
715 3065 749 3119 4
784 3065 1007 3121 Eudoxo
1035 3067 1212 3140 Capra
1244 3071 1457 3141 vesperi
1487 3072 1683 3129 oritur.

593 3153 689 3212 Die
717 3157 751 3212 5
779 3156 1102 3215 Euctemoni
1154 3163 1484 3232 vespertina
1530 3173 1793 3235 apparent
1843 3165 2090 3225 Pleiades

520 3248 591 3302 ab
621 3257 767 3306 ortu.
801 3250 1031 3322 Calippo
1066 3251 1234 3324 Virgo
1266 3264 1447 3311 cessat
1477 3257 1636 3314 oriri.

591 3422 689 3479 Die
717 3424 749 3477 7
777 3425 1098 3484 Euctemoni
1129 3428 1345 3486 Corona
1379 3431 1577 3488 oritur.
1611 3431 1934 3506 Tempestas
1982 3445 2088 3495 est.

588 3608 686 3666 Die
713 3610 747 3666 8
774 3610 998 3668 Eudoxo
1025 3613 1273 3674 Pleiades
1301 3621 1572 3678 oriuntur.

590 3700 687 3757 Die
719 3704 786 3758 10
815 3703 1044 3761 Eudoxo
1076 3749 1090 3764 .
1124 3750 1138 3764 .
1173 3748 1187 3764 .
1220 3726 1382 3766 mane
1411 3715 1608 3771 oritur.

590 3794 685 3852 Die
717 3797 783 3853 l2
810 3797 1036 3855 Eudoxo
1063 3799 1324 3873 Scorpius
1352 3808 1564 3878 vesperi
1601 3808 1791 3880 incipit
1815 3813 2085 3880 occidere,

517 3897 574 3943 et
608 3895 903 3960 tempestas
930 3895 1155 3965 insuper
1190 3897 1386 3966 oritur,
1412 3907 1467 3955 et
1492 3911 1687 3957 ventus
1716 3902 1809 3960 ﬂat
1836 3920 2086 3977 magnus.

591 4067 686 4125 Die
718 4070 785 4123 17
816 4070 1044 4128 Eudoxo
1093 4082 1244 4133 totus
1290 4076 1553 4151 Scorpius
1598 4086 1859 4155 vesperi;
1910 4087 2087 4160 Capra

518 4160 735 4230 penitus
766 4163 989 4220 occidit.
1018 4165 1246 4240 Calippo
1278 4168 1466 4229 Chelas
1499 4174 1770 4247 incipiunt
1803 4182 1980 4250 oriri,
2009 4184 2086 4241 si-

514 4251 797 4321 gnilicant.

584 4341 681 4398 Die
712 4344 779 4398 19
808 4344 1037 4403 Eudoxo
1067 4348 1247 4407 boreae
1276 4360 1331 4408 et
1362 4357 1536 4411 austri
1565 4359 1801 4429 spirant.

584 4433 681 4492 Die
710 4437 780 4491 22
812 4437 1035 4495 Eudoxo
1067 4441 1281 4515 Hyades
1311 4450 1525 4519 vesperi
1555 4452 1832 4510 oriuntur.

582 4613 677 4671 Die
706 4616 774 4671 98
802 4616 1028 4691 Calippo
1057 4621 1222 4679 Tauri
1250 4626 1426 4682 cauda
1453 4628 1684 4700 occiditf,
1716 4630 2007 4702 signiﬁcat.

568 4791 679 4879 Die
703 4795 773 4851 29
800 4796 1027 4854 Eudoxo
1059 4800 1256 4859 boreas
1283 4812 1341 4859 et
1370 4816 1559 4862 auster
1583 4809 1815 4879 spirant.

579 4885 675 4945 Die
701 4889 771 4944 50
799 4889 1120 4950 Euctemoni
1153 4912 1346 4968 magna
1375 4915 1473 4970 per
1504 4916 1656 4956 mare
1688 4909 2005 4973 tempestas.

580 5063 869 5137 Scorpium
897 5070 979 5125 sol
1009 5079 1251 5141 permeat
1281 5072 1475 5130 diebus
1503 5076 1592 5132 50.

577 5242 670 5301 Die
698 5245 734 5300 5
761 5244 1018 5304 Dositheo
1046 5255 1346 5321 tempestas
1376 5259 1480 5309 est.

576 5335 671 5392 Die
695 5338 729 5391 4
756 5337 1066 5397 Democrito
1086 5342 1333 5400 Pleiades
1356 5343 1615 5401 occidunt
1638 5362 1853 5403 summo
1872 5360 2032 5402 mane
2056 5390 2071 5415 ,

411 5467 426 5481 .
506 5429 651 5483 venti
698 5430 913 5487 hiberni
970 5433 1290 5507 plerumque
1348 5444 1404 5491 et
1458 5438 1694 5509 frigora,
1748 5448 1804 5494 et
1853 5439 2069 5509 pruina.

2194 2828 2280 2865 ται
2312 2811 2507 2865 δύνειν.
2556 2812 2836 2884 Ἰσημερία
2871 2815 3236 2887 μετοπωρινή.

2276 2904 2365 2957 Ἐν
2392 2903 2448 2958 δὲ
2475 2906 2539 2976 τῇ
2568 2910 2615 2972 γ’
2640 2904 2948 2977 Εὐκτήμονι
2976 2906 3193 2978 Ἐριφοι
3226 2905 3592 2961 ἐπιτέλλουσιν
3611 2906 3750 2964 ισπέ

2197 3011 2322 3067 ριοι.
2350 2997 2658 3066 Χειμαίνει.

2275 3089 2364 3140 Ἐν
2388 3088 2445 3141 δὲ
2470 3092 2537 3160 τῇ
2565 3089 2607 3141 δ’
2636 3087 2851 3158 Εὐδόξῳ
2882 3089 2981 3156 Αἲξ
3013 3090 3312 3161 ἀκρόνυχος
3341 3090 3628 3144 ἐπιτέλλει.

2276 3179 2365 3233 Ἐν
2397 3179 2455 3232 δὲ
2479 3183 2544 3251 τῇ
2575 3187 2614 3233 ε’
2642 3181 2950 3252 Εὐκτήμονι
2980 3181 3236 3245 Πλειάδες
3271 3180 3521 3255 ἑσπέριαι
3553 3181 3771 3251 φαίνον-

2189 3287 2278 3324 ται
2308 3272 2373 3325 ἐκ
2413 3271 2506 3325 τοῦ
2535 3272 2672 3344 πρὸς
2710 3273 2803 3327 ἔω.
2837 3272 3113 3346 Καλίππῳ
3154 3274 3427 3338 Παοθένος
3454 3273 3609 3346 λήγει
3642 3274 3774 3328 ἀνα-

2189 3359 2473 3415 τέλλουσα.

2272 3451 2362 3509 Ἐν
2395 3453 2454 3508 δὲ
2497 3458 2563 3527 τῇ
2604 3454 2646 3521 ζ’
2678 3455 2859 3529 ἡμέρᾳ
2900 3456 3210 3530 Εὐκτήμονι
3238 3456 3507 3527 Στέφανος
3539 3456 3768 3513 ἀνατέλ-

2189 3543 2292 3599 λει.
2316 3546 2618 3616 Χειμαίνει.

2272 3636 2361 3690 Ἐν
2383 3636 2440 3689 δὲ
2468 3640 2534 3708 τῇ
2567 3637 2617 3708 η’
2649 3636 2861 3708 Εὐδόξῳ
2888 3636 3145 3703 Πλειάδες
3167 3637 3554 3695 ἐπιτέλλουσιν.

2222 3706 2249 3730 ⁸
2274 3726 2361 3780 Ἐν
2398 3728 2453 3781 δὲ
2493 3706 2559 3800 ἑῇ
2588 3706 2619 3782 ἐν
2647 3706 2925 3801 Εὐδόξῳ...
2957 3730 3089 3800 ἑῷος
3121 3731 3409 3786 ἐπιτέλλει.

2198 3820 2205 3827 ’
2267 3820 2358 3873 Ἐν
2383 3820 2441 3873 δὲ
2475 3823 2540 3893 τῇ
2584 3822 2649 3890 ιβ’
2688 3822 2870 3895 ἡμέρᾳ
2915 3821 3129 3894 Εὐδόξῳ
3162 3823 3429 3895 Σκορπίος
3467 3822 3767 3897 ἀκρόνυχος

2186 3910 2412 3983 ἄρχεται
2443 3910 2640 3978 δύνειν,
2675 3914 2768 3967 καὶ
2796 3913 3000 3985 χειμὼν
3042 3915 3344 3985 ἐπιγίνεται
3364 3954 3381 3981 ,
3429 3915 3525 3969 καὶ
3565 3915 3769 3987 ἄνεμος

2190 4002 2366 4073 μέγας
2393 4005 2534 4056 πνεῖ.

2269 4093 2358 4147 Ἐν
2408 4093 2466 4148 δέ
2510 4097 2577 4166 τῇ
2614 4094 2678 4159 ιζ’
2709 4095 2923 4169 Εὐδόξῳ
2953 4097 3221 4169 Σκορπίος
3263 4098 3383 4163 ὅλος
3420 4099 3721 4172 ἀκρόνυχος
3745 4119 3760 4131 ⁸

2184 4183 2283 4251 Αἲξ
2323 4183 2458 4248 ὅλως
2490 4185 2655 4239 δύνει.
2690 4187 2966 4261 Καλίππῳ
3009 4188 3187 4259 Χηλαὶ
3233 4191 3491 4262 ἄρχονται
3535 4191 3764 4246 ἀνατέλ-

2184 4274 2297 4328 λειν
2321 4290 2334 4305 ⁸
2372 4275 2845 4347 ἐπισημαίνουσιν.

2274 4362 2365 4415 Ἐν
2393 4361 2449 4415 δέ
2477 4365 2543 4434 τῇ
2578 4362 2642 4416 ιθ¹
2669 4364 2883 4435 Εὐδόξῳ
2917 4364 3101 4437 βορέαι
3127 4367 3219 4421 xal.
3251 4366 3390 4422 νότοι
3418 4367 3689 4424 πνέουσιν.

2260 4453 2349 4507 Ἐν
2394 4453 2453 4507 δὲ
2499 4457 2565 4527 τῇ
2602 4454 2685 4527 κβ⁹
2724 4456 2939 4529 Εὐδόξῳ
2977 4458 3168 4523 Ὑάδες
3213 4459 3499 4533 ἀκρόνυχοι
3546 4461 3764 4516 ἐπιτέλ-

2116 4562 2162 4618 ι)
2190 4544 2395 4600 λουσιν.

2265 4637 2352 4691 Ἐν
2375 4637 2433 4691 δὲ
2461 4640 2527 4710 τῇ
2566 4644 2653 4710 κη’
2680 4638 2953 4713 Καλίππῳ
2981 4640 3078 4695 τοῦ
3104 4641 3320 4715 Ταύρου
3361 4644 3558 4715 κέρκος
3591 4642 3759 4710 δύνει,

2184 4728 2346 4800 ἐπιση
2356 4730 2555 4800 μαίνει.

2260 4820 2347 4873 Ἐν
2368 4821 2425 4874 δὲ
2455 4824 2520 4893 τῇ
2557 4820 2636 4875 κθ⁹
2665 4822 2879 4894 Εὐδόξῳ
2917 4824 3110 4898 βορέας
3162 4827 3258 4881 καὶ
3297 4827 3450 4890 νότος
3481 4828 3755 4883 πνέουσιν.

2260 4911 2348 4965 Ἐν
2371 4912 2428 4965 δὲ
2454 4915 2520 4985 τῇ
2556 4912 2599 4965 λ’
2620 4914 2927 4986 Εὐκτήμονι
2946 4916 3154 4989 χειμὼν
3184 4916 3326 4972 κατὰ
3351 4918 3623 4973 θάλασσαν
3653 4937 3753 4973 πο-

2181 5000 2296 5056 λύε.

2215 5020 2357 5146 υςΙζὸν
2400 5094 2458 5148 δὲ
2504 5095 2771 5166 Σκορπίον
2806 5098 2836 5150 ό
2881 5097 3031 5169 ἥλιος
3082 5098 3468 5171 διαπορεύεται
3514 5101 3573 5154 ἐν
3620 5099 3758 5172 ἡμέ-

2220 5199 2306 5237 at:
2327 5179 2391 5236 λ’.

2220 5199 2275 5237 αι
2328 5198 2391 5236 Α·.

2185 5198 2217 5253 ρ
2264 5199 2353 5330 ’ἓν
2387 5277 2485 5348 μὲν
2512 5273 2604 5332 οῦν
2626 5282 2693 5353 τῇ
2722 5280 2881 5353 τρίτῃ
2907 5281 3141 5354 Δοσιθέῳ
3174 5284 3467 5354 χειμαίνει.

2254 5367 2344 5421 Ἐν
2369 5367 2425 5421 δὲ
2452 5372 2518 5441 τῇ
2553 5370 2594 5423 δ’
2632 5372 2813 5444 ἡμέρᾳ
2842 5374 3169 5446 Δημοκρίτῳ
3209 5375 3468 5441 Πλειάδες
3506 5374 3755 5430 δύνουσιν

2179 5458 2296 5528 ἅμα
2328 5461 2445 5529 ἠοῖ·
2475 5461 2665 5533 ἄνεμοι
2700 5464 2964 5534 χειμέριοι
2991 5464 3067 5530 ὡς
3105 5463 3175 5520 τὰ
3206 5465 3397 5529 πολλὰ,
3444 5466 3538 5520 καὶ
3582 5465 3753 5538 ψύχη,

508 5515 658 5575 Solet
689 5522 820 5577 oriri
856 5523 1033 5581 ﬂatus.
1068 5526 1220 5582 Folia
1251 5529 1492 5599 abjicere
1523 5530 1761 5587 maxime
1803 5531 2077 5600 incipiunt

2193 5515 2275 5618 Ιιδη
2310 5515 2401 5602 καὶ
2425 5515 2621 5622 πάχνη.
2642 5515 3488 5627 Ἐ’πιπνεῖνφιλεῖ.
3528 5515 3756 5627 ἄρχεις,έὲ

508 5608 757 5669 arbores.
790 5613 1017 5687 Calippo
1050 5616 1260 5690 Scorpii
1298 5619 1450 5677 frons
1481 5622 1659 5677 oritur
1693 5638 1817 5677 cum
1850 5621 2004 5677 ﬂatu.

2172 5638 2242 5693 τὰ
2264 5640 2453 5712 δένδρα
2489 5644 2742 5714 μάλιστα.
2772 5644 3045 5717 Καλίππῳ
3073 5646 3165 5700 τοῦ
3215 5648 3484 5720 Σκορπίου
3527 5648 3589 5702 τὸ
3624 5646 3755 5701 ιιέτ-

2174 5747 2319 5785 ωπον
2357 5735 2647 5800 ἐπιτέλλει,
2687 5739 3067 5809 πνευματῶδες
3094 5739 3158 5794 ⁸⁵.
3209 5769 3224 5780 -

570 5826 614 5857 ’⁸⁸
653 5844 739 5896 που
766 5827 1039 5899 λήγονται.
1118 5833 1160 5865 ⁸⁸
1199 5852 1285 5904 rp.
1325 5834 1539 5909 βροντᾷ.
1621 5839 1663 5871 ⁶⁴¹
1692 5839 2167 5912 γρ.πνευματὼδη.
