4146 6430
375 447 472 506 861
1399 447 1638 506 GEMINI
1688 445 2062 506 ELEMENTA
2100 450 2596 510 ASTRONOMLE.
3507 442 3616 500 862

458 558 544 612 Ἐν
574 556 629 611 δέ
666 559 731 630 τῇ
772 554 812 612 ε’
836 557 1144 632 Εὐκτήμονι
1186 561 1511 635 Ἀρκτοῦρος
1553 563 1806 635 ἑσπέριος
1834 562 1947 616 δύε-
1972 578 2021 628 Α

1977 578 2021 628 Δ
2117 566 2213 624 Die
2240 570 2277 625 5
2302 567 2622 624 Euctemoni
2657 566 2929 624 Arcturus
2977 564 3194 637 vesperi
3225 560 3461 625 occidit,
3497 575 3614 614 ma-

373 667 484 713 ται,
518 649 612 704 καὶ
646 650 834 722 ἄνεμοι
871 651 1094 722 μεγάλοι
1116 653 1385 707 πνέουσιν.

1053 668 1094 704 οι
1116 653 1385 707 πνέουσιν.
2049 661 2253 732 gnique
2282 660 2495 730 Spirant
2522 656 2690 715 venti.

460 741 548 794 Ἐν
575 741 631 795 δὲ
653 744 717 813 τῇ
741 748 788 814 η’
810 742 1022 813 Εὐδόξῳ
1057 743 1378 817 Ἀρκτοῦρος
1407 744 1704 816 ἀκρόνυχος
1737 745 1946 814 πρωῖας

2121 752 2217 809 Die
2270 754 2304 808 8
2356 751 2585 807 Eudoxo
2635 750 2905 806 Arcturus
2948 752 3005 804 in
3044 749 3389 804 extremitate
3434 745 3616 803 noctis

376 831 541 894 δύνει,
573 833 665 885 καὶ
705 834 1076 903 ἐπισημαίνει,
1104 836 1199 888 καὶ
1226 835 1424 906 ἄνεμος
1450 839 1590 891 πνεῖ.

2051 860 2212 900 mane
2239 843 2441 899 occidit
2465 883 2479 907 ,
2510 849 2564 898 et
2592 841 2896 913 signiﬁcat;
2929 851 3124 897 ventus
3150 841 3343 910 spirat.

457 919 543 974 'Ev
571 920 627 974 δὲ
654 923 718 993 τῇ
754 920 800 974 θ’
827 922 1099 994 Καλίππῳ
1154 923 1248 977 τοῦ
1278 923 1490 997 Ταύρου
1545 924 1691 979 δύνει
1739 923 1947 996 κεφαλὴ

2132 937 2227 993 Die
2255 936 2288 991 9
2317 936 2544 1007 Calippo
2570 933 2737 989 Tauri
2767 941 2929 1004 caput
2954 932 3156 987 occidit
3180 946 3337 986 mane
3360 947 3375 998 ;
3404 927 3614 999 pluviae.

378 1011 491 1084 ἑῴα
504 1028 516 1043 ο
554 1013 697 1065 ὐετοί
727 1014 793 1067 ⁸⁷.

461 1104 548 1156 Ἐν
572 1103 628 1156 δὲ
660 1106 724 1176 τῇ
757 1110 789 1157 ι’
826 1105 1134 1177 Εὐκτήμονι
1164 1104 1317 1177 Λύρα
1359 1105 1491 1177 ἑῷος
1533 1106 1824 1172 ἐπιτέλλει,
1856 1103 1952 1159 καὶ

2125 1115 2222 1172 Die
2249 1116 2315 1171 10
2345 1115 2667 1172 Euctemoni
2692 1113 2833 1187 Lyra
2862 1129 3021 1170 mane
3046 1116 3240 1179 oritur,
3272 1120 3435 1183 atque
3464 1114 3616 1167 insu-

380 1194 793 1266 ἑπιχειμάζεται
823 1196 985 1267 ὐετῷ.

2056 1224 2153 1278 per
2182 1208 2356 1263 hiems
2385 1214 2468 1263 est
2502 1222 2624 1262 cum
2654 1208 2852 1277 pluvia.

465 1290 553 1342 ’Ev
582 1288 638 1342 δὲ
681 1292 746 1362 τῇ
792 1289 855 1361 ιβ’
898 1289 1111 1362 Εὐδόξῳ
1151 1289 1340 1361 Ὠρίων
1386 1291 1685 1363 ἀκρόνυχος
1725 1289 1949 1360 ἄρχεται

1783 1304 1949 1359 »χεται
2125 1298 2223 1355 Die
2256 1300 2323 1353 12
2352 1298 2578 1355 Eudoxo
2611 1298 2779 1354 Orion
2814 1297 3022 1368 vesperi
3050 1295 3240 1367 incipit
3266 1294 3420 1350 oriri.

383 1379 704 1433 ἐπιτέλλειν.

466 1471 554 1525 Ἐν
578 1472 633 1525 δέ
658 1474 722 1544 τῇ
754 1471 820 1542 ιγ’
846 1472 1170 1545 Δημοκρίτῳ
1190 1473 1341 1546 Λύρα
1374 1473 1649 1526 ἐπιϐάλλει
1676 1473 1791 1543 ἅμα
1816 1471 1950 1542 ήλίῳ

2127 1490 2225 1546 Die
2256 1490 2324 1545 15
2355 1490 2672 1546 Democrito
2721 1489 2857 1560 Lyra
2906 1486 3151 1543 ascendit
3192 1500 3299 1540 una
3340 1499 3463 1537 cum
3506 1484 3620 1569 sole

383 1562 654 1633 ἀνίσχοντι
676 1579 691 1595 ·
725 1565 819 1618 καὶ
848 1566 878 1618 ό
918 1564 1023 1637 ἀὴρ
1062 1564 1371 1638 χειμερινὸς
1407 1563 1615 1632 γίνεται
1646 1563 1720 1626 ὡς
1761 1562 1852 1615 ἐπὶ
1883 1559 1952 1614 τὰ

384 1653 573 1709 πολλά.

1908 1559 1952 1614 τὰ
2054 1583 2166 1654 38
2183 1584 2427 1649 oriente,
2467 1591 2523 1640 et
2555 1598 2648 1639 aer
2682 1582 2742 1637 ﬁt
2767 1559 3172 1651 tempestuosus
3207 1580 3545 1650 plerumque.

384 1671 573 1709 πολλα.
2238 1694 2241 1697 λ

469 1746 558 1800 Ἐν
589 1746 647 1799 δέ
675 1749 742 1818 τῇ
770 1747 829 1800 ιδ’
866 1746 1079 1819 Εὐδόξῳ
1117 1747 1290 1801 ὐετία.

1281 1784 1290 1801 ’
1354 1836 1360 1837 ί
1465 1836 1475 1837 κ
1506 1835 1514 1837 _
1791 1834 1801 1837 _
1848 1836 1853 1837 γ
2127 1766 2224 1823 Die
2255 1768 2322 1823 14
2352 1766 2576 1823 Eudoxo
2607 1774 2690 1823 est
2719 1768 2918 1837 pluvia.

468 1839 556 1891 Ἐν
576 1837 632 1891 δέ
658 1842 726 1910 τῇ
758 1846 816 1891 ιε’
841 1840 1148 1909 Εὐκτήμονι
1174 1836 1433 1900 Πλειάδες
1458 1835 1693 1899 δύνουσι,
1721 1834 1815 1888 καὶ
1841 1836 1955 1887 ἐπι-

1988 1921 2034 1931 __
2133 1857 2231 1913 Die
2256 1859 2325 1914 15
2368 1858 2689 1914 Euctemoni
2719 1834 2966 1914 l’leiades
2995 1859 3255 1913 occidunt
3280 1899 3294 1924 ,
3323 1865 3378 1913 et
3409 1858 3620 1931 signiﬁ-

388 1932 663 2003 σημαίνει,
714 1931 808 1984 καὶ
850 1929 1043 2000 Ὠρίων
1076 1930 1301 2000 ἄρχεται
1344 1929 1437 1982 καὶ
1470 1927 1719 1999 μεσοῦντι
1749 1928 1845 1981 καὶ
1875 1926 1961 1998 λή-
1988 1921 2025 1980 Ε

1988 1921 2036 1980 Β
2061 1955 2212 2002 cant.
2254 1946 2423 2002 Orion
2457 1947 2649 2017 incipit
2683 1961 2806 2001 cum
2843 1946 3022 2000 medio
3053 1960 3271 2011 mense,
3316 1951 3431 2000 tum
3461 1921 3618 2000 desi-

386 2040 535 2094 τοντι
572 2021 966 2093 ἐπιχειμάζειν.

2060 2046 2223 2093 nente
2245 2077 2259 2101 ,
2293 2043 2671 2106 tempestatem
2700 2037 2957 2091 excitare.

471 2114 559 2168 Ἐν
584 2114 641 2167 δὲ
672 2116 738 2184 τῇ
772 2119 846 2177 ις’
874 2110 1146 2182 Καλίππῳ
1177 2112 1205 2163 ὁ
1237 2112 1294 2164 ἐν
1322 2110 1401 2181 τῷ
1432 2110 1686 2181 Σκορπίῳ
1713 2109 1963 2181 λαμπρὸς

2131 2125 2228 2181 Die
2263 2126 2329 2180 16
2356 2125 2585 2196 Calippo
2616 2124 2899 2195 splendida
2924 2126 2976 2179 in
3002 2123 3228 2194 Scorpio
3251 2122 3407 2179 stella
3429 2122 3623 2189 oritur,

387 2204 563 2276 ἀστὴρ
586 2203 883 2267 ἀνατέλλει,
918 2202 1295 2272 ἐπισημαίνει·
1339 2203 1434 2256 καὶ
1469 2201 1727 2265 Πλειάδες
1750 2200 1962 2255 δύνουσι

389 2293 640 2346 φανεραί.

1773 2200 1962 2255 δύνουσι
2062 2217 2337 2289 signiﬁcat
2368 2234 2383 2283 ;
2414 2225 2469 2274 et
2494 2216 2750 2274 Pleiades
2778 2216 3037 2273 occidunt
3067 2224 3410 2287 apparenter.

389 2310 522 2362 φανε
531 2310 640 2365 ραι.

472 2387 558 2440 Ἐν
590 2386 648 2440 δέ
680 2389 748 2458 τῇ
786 2393 851 2457 ιη’
886 2386 1099 2457 Εὐδόξῳ
1125 2385 1391 2458 Σκορπίος
1412 2384 1639 2458 ἄρχεται
1668 2386 1963 2441 ἐπιτέλλειν

1849 2387 1963 2441 ,λειν
2133 2394 2230 2450 Die
2262 2394 2329 2449 18
2362 2392 2591 2448 Eudoxo
2622 2390 2887 2465 Scorpius
2918 2388 3112 2461 incipit
3143 2386 3275 2444 oriri
3308 2400 3486 2442 mane.

389 2479 540 2550 ἑῷος.

471 2571 560 2623 Ἐν
584 2570 642 2624 δέ
664 2573 731 2641 τῇ
764 2570 826 2623 ιθ¹
873 2569 1085 2640 Εὐδόξῳ
1128 2569 1387 2633 Πλειάδες
1423 2569 1554 2642 ἑῷαι
1582 2568 1834 2624 δύνουσι·
1871 2572 1966 2625 καὶ

2134 2576 2230 2632 Die
2258 2577 2324 2633 19
2352 2574 2582 2630 Eudoxo
2607 2574 2854 2633 Pleiades
2878 2587 3035 2627 mane
3060 2570 3316 2628 occidunt
3343 2588 3358 2638 ;
3384 2577 3438 2626 et
3463 2566 3632 2625 Orion

401 2660 590 2731 Ὠρίων
621 2659 844 2731 ἄρχεται
871 2661 1068 2723 δύνειν,
1097 2661 1192 2713 καὶ
1222 2661 1499 2731 χειμάζει.
1569 2688 1577 2697 ο

2064 2668 2254 2738 incipit
2283 2668 2564 2729 occidere,
2595 2673 2651 2722 et
2679 2673 3053 2736 tempestatem
3085 2662 3303 2718 excitat.

473 2751 560 2804 'Ev
591 2750 647 2805 δέ
673 2754 740 2822 τῇ
773 2756 859 2803 κα¹
882 2751 1095 2824 Εὐδόξῳ
1120 2751 1273 2824 Λύρα
1302 2752 1435 2823 ἑῷος
1462 2752 1754 2809 ἐπιτέλλει.

1523 2752 1754 2809 ειτέλλει.
2132 2760 2230 2817 Die
2254 2760 2317 2815 21
2349 2759 2575 2815 Eudoxo
2608 2758 2747 2831 Lyra
2781 2773 2941 2813 mane
2966 2756 3160 2811 oritur.

473 2843 560 2896 Ἐν
586 2842 644 2896 δὲ
672 2846 738 2915 τῇ
764 2841 845 2909 κζ’
885 2845 1192 2917 Εὐκτήμονι
1227 2845 1412 2909 Ὑάδες
1438 2844 1684 2900 δύνονται
1708 2861 1723 2877 ο
1758 2844 1854 2899 καὶ
1881 2843 1964 2900 ἔτι

2135 2850 2231 2906 Die
2260 2850 2330 2905 27
2363 2850 2687 2905 Euctemoni
2735 2848 2952 2920 Hyades
3002 2846 3298 2910 occidunt,
3343 2851 3508 2915 atque
3549 2843 3635 2897 in-

392 2931 495 2990 ῦει.

2066 2954 2231 3010 super
2261 2938 2420 3009 pluit.

474 3025 561 3077 Ἐν
581 3024 636 3079 δὲ
668 3027 733 3097 τῇ
761 3025 847 3097 κη’
875 3026 1149 3098 Καλίππῳ
1170 3026 1264 3081 τοῦ
1290 3027 1504 3100 Ταύρου
1526 3026 1595 3082 τὰ
1624 3027 1829 3101 κέρατα
1854 3026 1969 3080 δύε-

2138 3029 2237 3085 Die
2280 3030 2353 3085 28
2403 3030 2630 3101 Calippo
2684 3028 2850 3084 Tauri
2905 3043 3111 3084 cornua
3159 3025 3542 3092 occiduut;et
3578 3021 3637 3075 ﬁt

392 3131 478 3167 ται
497 3131 511 3145 ·
541 3113 714 3169 ὐετία.

2119 3124 2267 3178 uvia.
3751 3176 3756 3183 .

475 3206 562 3258 Ἐν
596 3204 653 3259 δὲ
683 3208 750 3277 τῇ
782 3204 863 3259 κθ¹
888 3204 1102 3277 Εὐδόξῳ
1143 3205 1335 3270 Ὑάδες
1357 3205 1593 3270 δύνουσι,
1620 3204 1716 3259 καὶ
1749 3205 1965 3277 χειμαί-
1995 3265 2034 3285 η

2000 3265 2034 3285 η
2140 3214 2237 3272 Die
2262 3214 2334 3270 29
2366 3213 2594 3270 Eudoxo
2628 3212 2846 3285 llyades
2875 3210 3175 3279 occidunt;
3210 3216 3264 3265 et
3312 3221 3507 3279 magna
3552 3211 3637 3260 est

394 3316 473 3353 νει
498 3265 750 3370 σφόδρα...
1037 3265 1053 3270 ⁷
1073 3265 1084 3277 ”
1314 3265 1329 3270 γ
1576 3265 1584 3270 ⁷
1750 3265 1783 3276 ”
1842 3265 1853 3277 ’
1993 3265 2031 3324 C

1993 3265 2036 3324 ϐ
2069 3315 2386 3377 tempestas.

465 3390 568 3444 Τὸν
616 3390 675 3443 δὲ
729 3389 964 3461 Τοξότην
1013 3390 1044 3442 ὀ
1086 3389 1239 3460 ἣλιος
1291 3387 1670 3459 διαπορεύεται
1715 3389 1773 3442 ἐν
1834 3387 1969 3460 ήμέ-

1622 3405 1670 3443 πιι
1715 3389 1773 3442 ὲν
1834 3387 1969 3460 ἡμέ-
2141 3398 2495 3472 Sagittarium
2528 3396 2610 3454 sol
2643 3395 2916 3468 percurrit
2945 3392 3141 3450 diebus
3168 3391 3259 3448 29.

552 3480 657 3535 κθ’.

552 3497 657 3535 κυ’.
845 3518 857 3529 -

399 3497 565 3626 Pagi:
601 3572 699 3644 μὲν
730 3567 824 3627 οὖν
858 3575 924 3644 τῇ
964 3571 1162 3643 ἑϐδόμῃ
1210 3572 1523 3642 Εὐκτήμονι
1567 3571 1731 3625 Κύων
1761 3568 1965 3636 δύεται,

2070 3578 2083 3611 -’
2140 3573 2237 3631 Die
2283 3573 2314 3628 7
2363 3572 2679 3629 Euctemoni
2724 3572 2891 3627 Canis
2930 3569 3167 3637 occidit,
3200 3577 3364 3640 atque
3410 3568 3638 3639 insuper

395 3665 488 3719 καὶ
528 3664 891 3735 ὲπιχειμάζει.
937 3662 1212 3734 Καλίππῳ
1242 3666 1271 3717 ό
1302 3663 1536 3733 Τοξότης
1576 3662 1803 3735 ἄρχεται
1846 3663 1971 3717 ἀνα-

2071 3668 2131 3721 ﬁt
2162 3674 2484 3737 tempestas.
2529 3665 2758 3735 Calippo
2792 3662 3125 3735 Sagittarius
3158 3662 3352 3731 incipit
3384 3660 3551 3729 oriri,
3585 3667 3639 3714 et

314 3760 321 3765 “
395 3756 599 3811 τέλλειν
621 3773 637 3790 ο
664 3758 759 3810 καὶ
791 3756 982 3827 Ὠρίων
1012 3755 1190 3810 δύνειν
1213 3754 1481 3826 φανερῶς.
1519 3753 1827 3826 Χειμαίνει.

2070 3759 2241 3816 Orion
2271 3759 2524 3814 occidere
2553 3764 2900 3828 apparenter.
2935 3755 3124 3811 Oritur
3152 3761 3473 3824 tempestas.

478 3847 566 3902 Ἐν
598 3846 656 3900 δέ
688 3849 754 3917 τῇ
781 3853 832 3917 η’
861 3845 1074 3918 Εὐδόξῳ
1112 3845 1303 3919 Ὠρίων
1328 3845 1462 3916 ἑῷος
1486 3844 1652 3899 δύνει.

1551 3862 1652 3899 νει.
2139 3849 2237 3905 Die
2266 3851 2298 3905 8
2326 3848 2551 3903 Eudoxo
2579 3840 2747 3903 orion
2773 3861 2934 3902 mane
2963 3845 3183 3900 occidit.

480 3936 570 3991 Ἐν
598 3935 656 3989 δὲ
685 3938 750 4008 τῇ
786 3942 815 3989 ι’
844 3937 1153 4007 Εὐκτήμονι
1204 3934 1299 3988 τοῦ
1328 3935 1596 4007 Σκορπίου
1642 3936 1705 3988 τὸ
1747 3933 1971 4005 κέντρον

1763 3933 1971 4005 ιέντρον
2142 3932 2240 3996 Die
2268 3941 2336 3995 10
2364 3940 2681 3996 Euctemoni
2711 3938 2925 4009 Scorpii
2957 3936 3183 3991 aculeus
3206 3933 3400 3989 oritur.

399 4026 688 4081 ἐπιτέλλει.

480 4118 568 4171 Ἐν
606 4117 664 4170 δὲ
694 4120 761 4188 τῇ
813 4115 876 4187 ιβ’
904 4116 1117 4188 Εὐδόξῳ
1150 4116 1311 4171 Κύων
1353 4115 1487 4186 ἑῷος
1532 4115 1703 4182 δύνει,
1754 4117 1971 4188 χειμαί-
2072 4122 2093 4187 ‘_'

2072 4122 2093 4187 ;
2142 4116 2241 4171 Die
2264 4118 2332 4171 12
2353 4115 2582 4171 Eudoxo
2601 4115 2768 4172 Canis
2789 4130 2952 4171 mane
2975 4111 3210 4179 occidit,
3239 4111 3299 4166 ﬁt
3323 4116 3641 4176 tempestas.

397 4226 500 4264 νει.
830 4253 837 4260 .

479 4302 566 4356 Ἐν
601 4300 660 4356 δὲ
683 4302 749 4372 τῇ
784 4299 843 4354 ιδ’
875 4298 1090 4370 Εὐδόξῳ
1121 4300 1296 4363 ὐετός.

2142 4294 2241 4351 Die
2270 4294 2339 4349 ιι
2370 4294 2596 4351 Eudoxo
2620 4301 2705 4351 est
2734 4294 2939 4357 pluvia.

476 4394 565 4449 'Ev
605 4392 664 4447 δὲ
704 4394 771 4465 τῇ
815 4399 873 4446 ιε’
916 4393 1224 4463 Εὐκτήμονι
1259 4389 1437 4454 Ἀετὸς
1484 4388 1773 4456 ἐπιτέλλει,
1822 4389 1973 4454 νότος

1868 4389 1973 4454 Ξτος
2144 4385 2244 4442 Die
2275 4387 2342 4442 15
2371 4385 2691 4441 Euctemoni
2723 4384 2921 4455 Aquila
2949 4383 3145 4448 oritur,
3177 4379 3273 4435 ﬂat
3301 4388 3505 4436 auster.

397 4487 541 4539 πνεῖ.

478 4578 568 4630 Ἐν
614 4576 672 4630 δέ
714 4577 782 4647 τῇ
830 4580 905 4641 ις’
949 4574 1276 4646 Δημοκρίτῳ
1312 4573 1507 4636 ’Ἀετὸς
1548 4571 1815 4626 ἐπιτέλλει
1858 4571 1975 4643 ἅμα
2004 4609 2054 4668 D

2009 4609 2054 4668 υ
2150 4580 2248 4637 Die
2275 4580 2341 4635 16
2374 4579 2683 4636 Democrito
2708 4576 2904 4648 Aquila
2936 4577 3115 4631 oritur
3142 4574 3305 4631 simul
3333 4587 3457 4627 cum
3489 4572 3603 4627 sole
3626 4612 3646 4636 ,

396 4666 551 4739 ήλίῳ,
586 4667 682 4721 καὶ
726 4665 1106 4737 ἐπισημαίνειν
1156 4663 1302 4734 φιλεῖ
1343 4662 1588 4736 βροντὴν,
1635 4664 1729 4717 καὶ
1769 4664 1973 4733 ἀστρα-
2004 4662 2033 4668 “

2004 4662 2041 4668 ⁷
2077 4683 2131 4731 et
2169 4675 2395 4745 insuper
2425 4673 2733 4743 signiﬁcare
2778 4671 2915 4726 solet
2955 4670 3163 4724 tonitru
3192 4674 3249 4722 et
3285 4666 3488 4736 fulgur,
3517 4678 3640 4718 cum

397 4760 528 4830 πήν,
577 4759 672 4813 καὶ
714 4758 866 4811 ’ὐδατι
907 4757 941 4828 ἢ
993 4757 1202 4826 ἀνέμῳ,
1244 4756 1277 4827 ἢ
1321 4755 1605 4827 ἀμφότερα
1646 4754 1722 4817 ὼς
1763 4754 1856 4807 ἐπὶ
1900 4753 1972 4807 τά

2077 4780 2217 4836 aqua
2262 4771 2356 4818 aut
2393 4771 2588 4826 vento,
2622 4769 2716 4816 aut
2757 4769 2990 4830 utraque
3032 4760 3369 4829 plerumque.
3419 4754 3646 4830 Eudoxo

398 4851 589 4906 πολλά.
639 4849 851 4920 Εὐδόξῳ
898 4849 1061 4903 Κύων
1103 4848 1401 4918 ἀκρόνυχος
1445 4847 1490 4879 ⁸⁸
1536 4845 1824 4909 ἐπιτέλλει,
1876 4845 1972 4898 καὶ

2073 4856 2241 4913 Canis
2267 4856 2482 4925 vesperi
2509 4854 2702 4916 oritur,
2731 4868 2796 4908 eo
2816 4851 2961 4922 quod
2985 4851 3209 4921 Calippo
3230 4847 3439 4903 Gemini
3465 4855 3642 4901 trans-

397 4943 481 4997 ὅτι
509 4942 781 5013 Καλίππῳ
820 4942 869 4994 οί
912 4940 1131 5010 Δίδυμοι
1170 4940 1383 5010 μετέασι
1415 4939 1681 5010 δυόμενοι,
1720 4938 1871 4991 νοτία
1899 4940 1964 4992 ⁸⁸.

1277 4940 1383 4993 ίασι
1415 4939 1681 5010 δυόμενοι,
1720 4938 1871 4991 νοτία
1899 4940 1964 4992 ⁸⁸·
2074 4955 2207 5005 eunt
2240 4947 2571 5010 occidentes,
2620 4944 2679 4999 ﬁt
2710 4943 2914 5015 pluvia.

482 5032 568 5086 Ἐν
589 5032 646 5086 δὲ
670 5034 737 5103 τῇ
768 5031 835 5087 ιθ’
860 5033 1187 5103 Εὐκτήμονι,
1219 5030 1429 5101 Εὐδόξῳ
1454 5029 1618 5082 δύνει.

2145 5040 2239 5094 Die
2268 5039 2333 5094 l9
2366 5037 2688 5092 Euctemoni
2723 5042 2777 5091 et
2809 5032 3034 5088 Eudoxo
3062 5030 3284 5086 occidit.

481 5124 569 5193 Ἐν
592 5122 651 5177 δέ
671 5126 738 5195 τῇ
764 5128 849 5177 κα⁹
884 5122 1095 5193 Εὐδόξῳ
1116 5122 1383 5194 Σκορπίος
1406 5120 1540 5193 ἑῷος
1564 5119 1851 5185 ἐπιτέλλει,
1879 5118 1973 5173 καὶ

2145 5130 2242 5186 Die
2282 5131 2348 5184 21
2404 5129 2638 5185 Eudoxo
2685 5126 2950 5198 Scorpius
3005 5138 3163 5179 mane
3208 5122 3402 5187 oritur,
3452 5124 3646 5188 estque

397 5215 688 5285 χειμαίνει.

2073 5231 2391 5293 tempestas.

480 5309 568 5363 Ἐν
591 5310 648 5387 δὲ
671 5312 736 5381 τῇ
767 5316 852 5378 κγ’
880 5308 1095 5379 Εὐδόξῳ
1118 5306 1217 5372 Αἲξ
1249 5306 1360 5378 ἑῴα
1384 5305 1551 5360 δύνει.

2148 5314 2246 5369 Die
2273 5314 2346 5369 25
2374 5312 2600 5367 Eudoxo
2629 5311 2804 5382 Capra
2834 5324 2996 5364 mane
3021 5304 3240 5361 occidit.

481 5402 569 5455 Ἐν
593 5401 651 5455 δὲ
673 5406 740 5474 τῇ
773 5408 864 5466 κς¹
888 5400 1101 5472 Εὐδόξῳ
1138 5400 1317 5464 Ἀετὸς
1343 5398 1477 5469 ἑῷος
1506 5397 1795 5455 ἐπιτέλλει.

1593 5397 1795 5455 ιτέλλει.
2150 5404 2248 5461 Die
2271 5405 2343 5460 26
2373 5404 2598 5459 Eudoxo
2624 5403 2821 5473 Aquila
2851 5415 3009 5456 mane
3037 5399 3230 5454 oritur.

471 5494 572 5549 Τὸν
600 5495 657 5549 δὲ
695 5496 1006 5565 Αίγόκερων
1047 5497 1076 5548 ὁ
1117 5492 1269 5565 ήλιος
1311 5491 1691 5561 διαπορεύεται
1737 5494 1795 5546 ἑν
1842 5493 1976 5563 ἠμέ-

1649 5509 1691 5546 ιιι
1737 5494 1795 5546 ἐν
1842 5493 1976 5563 ἡμέ-
2153 5496 2550 5569 Capricornum
2585 5494 2673 5551 sol
2696 5501 2947 5565 peragrat
2975 5490 3168 5545 diebus
3199 5487 3286 5542 29.

476 5603 492 5638 ι
553 5586 657 5641 κθ’.

400 5601 572 5729 ραἘν
602 5676 701 5746 μὲν
729 5672 824 5730 οὖν
844 5678 911 5748 τῇ
948 5682 996 5729 α’
1021 5675 1206 5745 ἡμέρᾳ
1233 5671 1542 5742 Εὐκτήμονι
1575 5673 1773 5743 τροπαὶ
1802 5689 1979 5744 χειμε-

2154 5672 2252 5731 Die
2292 5674 2313 5730 1
2349 5671 2672 5730 Euctemoni
2712 5668 3009 5727 solstitium
3042 5665 3328 5723 hibernum
3357 5656 3648 5733 signiﬁcat.

472 5828 515 5861 ⁸⁷
548 5847 638 5899 ΥΡ·
670 5830 925 5886 ὕετοσίαιο
1004 5832 1048 5865 ”
1086 5848 1174 5901 γρ.
1208 5830 1460 5904 άκρόνυξ.
1539 5830 1581 5865 ⁸⁸
1613 5847 1700 5901 7p.
1737 5843 1907 5883 νοτια.
