4146 6454
462 463 567 520 865

1470 462 1562 518 ΑΙ)
1620 460 1887 518 EUSEBII
1926 460 2314 518 CHBONICON
2352 458 2710 516 APPENDIX.

3597 458 3701 513 865

463 579 694 651 Calippo
750 578 1085 651 Sagittarius
1141 581 1345 637 desinit
1406 581 1588 647 oriri;
1651 582 2032 641 conversiones

2147 581 2293 651 ριναὶ
2335 579 2773 650 ἑπισημαίνουσι.
2814 577 3088 647 Καλίππῳ
3126 576 3357 647 Τοξότης
3390 575 3543 647 λήγει
3581 576 3705 631 ἅναξ

465 673 794 743 contingunt
825 673 1066 728 hiberna:
1087 714 1101 737 ,
1139 673 1198 726 ﬁt
1226 680 1537 743 tempestas.

539 761 634 818 Die
668 762 705 816 2
737 763 1055 819 Euctemoni
1089 763 1384 834 Delphinus
1413 764 1611 831 oritur,
1645 766 1859 819 exsistit
1899 773 2036 820 tem-

466 860 677 922 pestas.
1314 876 1317 879 λ

540 941 639 998 Die
666 944 702 998 4
745 943 974 1000 Eudoxo
1015 944 1154 998 ﬁunt
1190 944 1435 999 hibernae
1478 946 1900 1010 conversiones.
1943 962 2039 1002 ex-

471 1034 618 1090 sistit
651 1043 972 1105 tempestas.

543 1122 640 1179 Die
670 1124 701 1177 7
728 1122 1048 1179 Euctemoni
1079 1123 1277 1193 Aquila
1318 1124 1537 1192 vesperi
1580 1123 1821 1192 occidit,
1873 1122 2042 1194 ﬁtque

473 1220 791 1284 tempestas.

543 1303 640 1360 Die
668 1306 701 1360 9
733 1304 957 1361 Eudoxo
987 1305 1207 1360 Corona
1233 1306 1450 1376 vesperi
1482 1308 1681 1362 oritur.

543 1394 641 1450 Die
670 1396 738 1450 12
769 1396 1081 1451 Democrito
1112 1406 1301 1451 auster
1332 1398 1508 1466 spirat
1543 1439 1558 1453 .
1594 1436 1608 1451 .
1646 1437 1661 1453 .
1701 1398 1897 1453 oritur.

543 1485 640 1541 Die
671 1488 737 1542 14
766 1487 1089 1545 Euctemoni
1120 1489 1299 1544 media
1341 1489 1539 1544 hiems.
1588 1491 1795 1545 Auster
1838 1489 2043 1546 multus

472 1579 565 1633 ﬂat
591 1579 853 1636 hibernus
880 1596 977 1651 per
1009 1596 1176 1636 mare.

546 1667 644 1724 Die
689 1668 756 1724 15
794 1669 1023 1732 Calipuo
1066 1668 1441 1741 Capricornus
1487 1669 1680 1739 incipit
1726 1668 1899 1733 oriri,
1952 1666 2046 1722 ﬁat

475 1763 685 1810 auster.

545 1846 642 1904 Die
674 1847 741 1902 16
766 1847 1084 1904 Euctemoni
1116 1858 1305 1904 auster
1336 1849 1602 1905 hibernus
1636 1864 1732 1920 per
1762 1862 1930 1903 mare.

545 2025 642 2081 Die
670 2025 735 2080 18
762 2025 977 2097 vesperi
1025 2035 1149 2097 post
1172 2026 1343 2082 solem
1393 2027 1599 2082 occidit
1657 2024 1941 2088 Perseus,
1989 2033 2047 2078 et

473 2116 651 2187 spirat
687 2123 892 2172 auster.

546 2206 645 2264 Die
671 2208 742 2262 27
776 2207 1097 2263 Euctemoni
1130 2206 1429 2278 Delphinus
1455 2206 1799 2277 vespertinus
1827 2203 2044 2259 occidit.

470 2298 702 2371 Calippo
727 2298 942 2355 Cancer
967 2300 1170 2356 desinit
1197 2301 1481 2368 occidere;
1512 2307 1599 2355 est
1626 2303 1942 2367 tempestas.

548 2389 852 2462 Aquarium
881 2398 1124 2461 permeat
1150 2391 1235 2447 sol
1264 2390 1457 2446 diebus
1484 2390 1573 2446 ὅθ.

549 2569 646 2625 Die
672 2569 707 2623 2
737 2567 848 2624 Leo
875 2568 1068 2639 incipit
1094 2568 1380 2636 occidere,
1412 2567 1470 2623 ﬁt
1499 2569 1706 2641 pluvia.
1740 2566 2049 2627 Democrito

476 2660 655 2715 hiems
680 2658 917 2716 exsistit.

547 2752 645 2808 Die
668 2752 704 2807 4
733 2750 959 2806 Eudoxo
991 2749 1292 2822 Delphinus
1320 2751 1537 2822 veSperi
1566 2750 1783 2808 occidit.

547 2923 650 2980 Die
698 2924 759 2979 11
810 2923 1037 2980 Eudoxo
1077 2922 1219 2996 Lyra
1275 2924 1487 2996 vesperi
1536 2924 1759 2980 occidit.
1823 2924 2050 2982 Exsistit

478 3016 682 3087 pluvia.

548 3107 645 3164 Die
670 3108 738 3163 ﬂ
764 3107 993 3165 Eudoxo
1024 3107 1292 3165 serenitas
1310 3147 1328 3174 ,
1356 3108 1631 3166 interdum
1656 3109 1818 3165 etiam
1842 3108 1936 3164 flat
1961 3125 2050 3166 ze-

476 3201 702 3273 pbyrus.

546 3291 642 3348 Die
676 3291 743 3346 16
776 3291 1089 3348 Democrito
1120 3292 1393 3364 zephyrus
1425 3291 1617 3364 incipit
1647 3290 1777 3348 ﬂare
1797 3333 1813 3360 ,
1845 3300 1900 3347 et
1927 3307 2043 3346 ma-
2072 3288 2119 3350 C

476 3396 566 3440 net
596 3400 695 3455 per
724 3384 844 3439 dies
870 3384 943 3439 45
972 3400 1003 3438 a
1032 3385 1507 3440 conversionibus.

549 3475 649 3531 Die
668 3476 731 3530 17
754 3475 1075 3532 Euctemoni
1098 3484 1314 3546 tempus
1332 3484 1418 3531 est
1449 3482 1509 3529 ut
1561 3473 1731 3544 spiret
1755 3473 2043 3545 zephyrus.

474 3567 704 3639 Calippo
730 3568 1007 3638 Aquarius
1034 3567 1246 3623 medius
1269 3569 1455 3623 oriens
1482 3573 1603 3632 est;
1628 3564 1720 3619 ﬂat
1754 3565 2041 3637 zephyrus.

545 3657 645 3713 Die
667 3658 739 3712 25
762 3657 1083 3713 Euctemoni
1109 3659 1321 3730 vesperi
1346 3657 1585 3722 occidit,
1611 3664 1663 3711 et
1687 3656 1907 3727 insuper
1931 3671 2047 3710 ma-

477 3764 585 3820 gna
614 3760 699 3805 est
730 3758 1043 3820 tempestas.

543 3837 733 3894 Pisces
766 3839 850 3893 sol
882 3839 1152 3909 percurrit
1185 3837 1379 3894 diebus
1413 3839 1497 3895 '50.

545 3929 643 3987 Die
673 3931 709 3985 2
744 3940 957 4002 tempus
986 3941 1070 3987 est
1116 3932 1464 3988 hirundinem
1497 3945 1761 4002 apparere
1783 3970 1798 3993 ,
1837 3936 1892 3985 et
1932 3930 2046 4001 spi-

474 4030 600 4079 rant
629 4023 904 4089 ornithize,
945 4039 1042 4080 seu
1074 4026 1226 4080 venti
1260 4025 1475 4081 aviarii.
1510 4024 1737 4094 Calippo
1767 4022 1874 4079 Leo
1902 4023 2045 4091 desi-

473 4116 558 4172 nit
582 4115 864 4180 occidere,
895 4123 950 4171 et
989 4115 1227 4171 hirundo
1257 4123 1515 4187 apparet,
1546 4115 1833 4187 signiﬁcat.

546 4206 644 4262 Die
687 4207 722 4261 4
776 4206 1087 4263 Democrito
1125 4208 1260 4261 varii
1305 4214 1435 4263 sunt
1474 4208 1590 4262 dies
1643 4207 1736 4277 qui
1780 4214 2045 4271 vocantur

471 4300 591 4356 dies
614 4300 963 4372 halcyonum.
991 4300 1218 4356 Eudoxo
1243 4301 1510 4357 Arcturus
1534 4301 1745 4372 vesperi
1766 4301 1961 4365 oritur,
1990 4309 2044 4355 et

470 4392 689 4448 exsistit
714 4392 928 4469 pluvia,
964 4392 1203 4446 hirundo
1247 4399 1503 4462 apparet,
1538 4398 1593 4446 et
1628 4406 1722 4462 per
1753 4397 2043 4460 sequentes

474 4483 593 4539 dies
614 4483 684 4538 30
704 4485 881 4538 boreae
901 4484 1148 4554 spirant,
1180 4491 1235 4536 et
1259 4483 1492 4548 maxime
1524 4482 1603 4536 illi
1639 4480 1732 4552 qui
1784 4481 2042 4536 dicuntur

470 4577 826 4649 proornithiae
846 4618 860 4641 ,
896 4591 993 4632 seu
1024 4575 1172 4631 venti
1203 4574 1545 4631 anteaviarii.

542 4665 638 4722 Die
666 4667 733 4721 12
757 4667 1075 4723 Euctemoni
1096 4667 1363 4739 Arcturus
1385 4666 1599 4735 vesperi
1618 4665 1811 4731 oritur,
1833 4670 1887 4718 et
1905 4660 2038 4716 Vin-

468 4757 735 4814 demiator
761 4758 821 4812 ﬁt
851 4771 1143 4828 apparens.
1176 4755 1407 4827 insuper
1436 4755 1529 4811 llat
1562 4754 1794 4825 frigidus
1823 4754 2039 4809 boreas.

537 4930 649 5002 39
670 4929 769 4986 Die
799 4931 865 4986 14
890 4930 1197 4986 Democrito
1218 4928 1402 5000 frigidi
1430 4928 1562 4983 ﬁant
1590 4929 1739 4984 venti
1767 4927 1859 4997 qui
1891 4925 2042 4981 orni-

471 5020 601 5076 thiae
626 5031 916 5087 vocantur,
942 5036 1039 5091 per
1063 5019 1180 5076 dies
1216 5020 1453 5075 maxime
1483 5034 1696 5075 novem.
1720 5015 2040 5072 Euctemoni

466 5110 656 5183 Equus
687 5128 847 5170 mane
876 5113 1079 5169 occidit
1106 5132 1120 5168 :
1155 5114 1379 5185 insuper
1406 5112 1639 5182 frigidus
1666 5111 1758 5167 ﬂat
1787 5112 2003 5166 boreas.

538 5204 634 5258 Die
662 5205 728 5259 17
754 5203 978 5258 Eudoxo
1000 5202 1218 5259 exsistit
1242 5208 1560 5273 tempestas,
1584 5208 1637 5256 et
1659 5201 1856 5256 milvus
1879 5213 2041 5269 appa-

464 5304 569 5352 ret.
593 5292 818 5366 Calippo
837 5294 1079 5352 Piscium
1101 5294 1357 5350 australis
1376 5292 1574 5359 oritur,
1596 5292 1799 5348 desinit
1819 5292 2033 5346 boreas.

537 5474 634 5533 Die
668 5476 734 5532 21
777 5476 1005 5532 Eudoxo
1038 5476 1254 5533 Corona
1281 5475 1494 5548 vesperi
1526 5474 1724 5538 oritur,
1767 5472 2036 5544 incipiunt

462 5567 720 5622 ornithiae
748 5569 978 5638 spirare.

535 5656 634 5713 Die
667 5658 739 5712 22
776 5660 1094 5715 Euctemoni
1131 5659 1330 5714 milvus
1369 5667 1609 5729 apparet,
1636 5658 1887 5713 ornithiae
1919 5658 2033 5728 spi-

465 5757 589 5802 rant
617 5763 793 5818 usque
824 5748 888 5803 ad
916 5749 1320 5820 aequinoctium.
1356 5812 1363 5817 ι

554 5864 602 5895 το
637 5863 977 5933 Ἱμάκράνυξ
1015 5863 1234 5934 ubique.
1323 5864 1365 5894 '”
1400 5862 1441 5931 f.
1474 5862 1665 5930 νότιος,
1700 5860 1773 5917 al.
1806 5860 2026 5928 ἄλοπος.

2138 670 2359 725 τέλλων,
2386 670 2595 741 Τροπαὶ
2617 669 2942 739 χειμεριναὶ,
2965 668 3248 739 χειμαίνει.

2223 764 2312 816 Ἐν
2335 762 2392 817 δὲ
2431 764 2498 833 τῇ
2532 760 2575 831 β’
2606 761 2911 830 Εὐκτήμονι
2950 759 3140 826 Δελφῖς
3181 756 3466 825 ἐπιτέλλει,
3493 756 3705 828 χειμαί-

2138 873 2236 911 νει.

2224 945 2312 997 Ἐν
2359 942 2421 995 δὲ
2446 944 2512 1013 τῇ
2559 941 2599 994 δ’
2626 941 2837 1013 Εὐδόξῳ
2880 943 3078 1013 τροπαὶ
3123 939 3444 1011 χειμεριναὶ,
3493 937 3707 1008 χειμαί-

2137 1052 2239 1089 νει.

2227 1127 2314 1181 Ἐν
2359 1127 2416 1180 δὲ
2449 1131 2516 1199 τῇ
2561 1129 2603 1192 ζ’
2637 1126 2945 1197 Εὐκτήμονι
2990 1123 3173 1186 Ἀετὸς
3215 1121 3463 1190 ἑσπέριος
3502 1120 3705 1185 δύεται,

2142 1219 2237 1273 καὶ
2263 1219 2549 1289 χειμαίνει.

2223 1308 2312 1360 Ἐν
2345 1306 2402 1360 δὲ
2431 1309 2496 1378 τῇ
2530 1306 2573 1359 θ’
2599 1304 2810 1375 Εὐδόξῳ
2842 1304 3110 1372 Στέφανος
3140 1302 3432 1373 ἀκρόνυχος
3471 1300 3634 1355 δύνει.

2224 1398 2312 1452 Ἐν
2331 1398 2387 1452 δὲ
2404 1401 2469 1468 τῇ
2491 1397 2555 1468 ιβ’
2571 1397 2893 1469 Δημοκρίτῳ
2915 1396 3065 1458 νότος
3079 1398 3219 1458 πνεῖ,
3325 1394 3399 1457 ὡς
3418 1392 3705 1446 ἐπιτέλλει.

2224 1490 2311 1543 Ἐν
2338 1489 2395 1542 δὲ
2424 1492 2489 1560 τῇ
2523 1489 2582 1542 ιδ’
2620 1488 2927 1559 Εὐκτήμονι
2962 1486 3124 1557 μέσος
3160 1485 3384 1557 χειμών.
3413 1485 3581 1548 Νότος
3608 1501 3708 1537 πο-

2140 1580 2235 1643 λὺς
2262 1581 2480 1634 ἑπιπνεῖ
2502 1580 2808 1650 χειμερινὸς
2830 1578 2971 1631 κατὰ
3000 1578 3289 1631 θάλασσαν.
3542 1570 3559 1590 ⁸

2223 1673 2310 1725 Ἐν
2338 1671 2394 1726 δὲ
2420 1675 2487 1743 τῇ
2525 1679 2585 1725 ιε’
2616 1671 2888 1740 Καλίππῳ
2909 1669 3218 1738 Δίγόκερως
3239 1666 3465 1738 ἄρχεται
3496 1664 3716 1720 ἀνατέλ-

2141 1765 2276 1828 λειν,
2315 1764 2486 1827 νότος.

2229 1857 2318 1910 Ἐν
2344 1856 2403 1910 δὲ
2436 1858 2500 1926 τῇ
2538 1860 2611 1919 ις’
2642 1854 2947 1924 Εὐκτήμονι
2976 1852 3124 1915 νότος
3156 1849 3429 1922 χειμέριος
3460 1848 3601 1903 κατὰ
3627 1848 3716 1903 ϐἀ.-

2078 1958 2121 2013 Β
2147 1951 2369 2003 λασσαν.

2233 2039 2321 2091 Ἐν
2372 2037 2431 2090 δὲ
2467 2038 2534 2107 τῇ
2570 2040 2639 2105 ιη’
2688 2033 2985 2104 ἀκρόνυχος
3012 2030 3249 2084 ἑπιδύνει
3279 2032 3309 2083 ὀ
3330 2028 3592 2101 Περσεὺς,
3623 2028 3724 2081 καὶ.

2147 2131 2297 2192 νότος
2326 2130 2468 2180 πνεῖ.

2232 2220 2320 2272 Ἐν
2352 2216 2410 2271 δὲ
2454 2219 2520 2288 τῇ
2568 2215 2649 2280 κζ’
2689 2214 2997 2284 Εὐκτήμονι
3030 2212 3221 2282 Δελφὶς
3259 2211 3511 2283 ἑσπέριος
3548 2208 3719 2263 δύνει.

2142 2310 2416 2380 Καλίππῳ
2442 2307 2714 2380 Καρκίνος
2739 2305 2893 2375 λήγει
2920 2304 3089 2357 δύνων
3107 2320 3122 2334 ο
3148 2302 3415 2375 χειμαίνει

2217 2399 2321 2453 Τὸν
2358 2398 2417 2452 δὲ
2452 2397 2733 2470 ’Υδροχόον
2779 2394 3157 2467 διαπορεύεται
3204 2396 3232 2447 ὁ
3276 2394 3427 2464 ἥλιος
3469 2395 3528 2446 ἑν
3577 2392 3713 2464 ἠμέ-

2300 2490 2368 2543 λ’.

2225 2509 2240 2543 ι
2302 2508 2368 2543 Αί.

2149 2508 2319 2636 p‘1‘:in
2352 2582 2448 2653 μὲν
2480 2576 2574 2635 οὖν
2609 2582 2676 2651 τῇ
2712 2579 2757 2651 β’
2777 2579 3051 2650 Καλίππῳ
3077 2579 3229 2633 Λέων
3257 2577 3483 2649 ἄρχεται
3513 2576 3714 2631 δύνεινο

2149 2675 2320 2729 ὐετία.
2356 2673 2680 2745 Δημοκρίτῳ
2712 2671 2948 2744 [ἄλοχος]
2982 2670 3207 2742 χειμών.

2230 2767 2318 2820 Ἐν
2347 2765 2405 2819 δὲ
2446 2766 2513 2836 τῇ
2561 2764 2603 2818 δ’
2642 2763 2824 2836 ήμέρᾳ
2867 2762 3081 2833 Εὐδόξῳ
3125 2761 3319 2831 Δελφὶν
3338 2762 3636 2833 ἀκρόνυχος
3667 2758 3713 2790 ⁷⁸

2147 2859 2321 3004 Μ’ἓύ
2345 2948 2404 3002 δὲ
2424 2950 2492 3019 τῇ
2518 2953 2585 3001 ια’
2602 2945 2815 3017 Εὐδόξῳ
2844 2945 2997 3018 Λύρα
3020 2945 3313 3018 ἀκρόνυχος
3333 2943 3496 2997 δύνει.
3512 2942 3713 3007 ’Υετόςο

2234 3108 2324 3162 Ἐν
2362 3108 2418 3162 δὲ
2452 3110 2516 3180 τῇ
2559 3109 2618 3162 ιδ’
2649 3106 2863 3179 Εὐδόξῳ
2910 3106 3099 3160 εὐδίαν
3136 3106 3453 3172 ἑνίοτεχκαὶ.
3478 3103 3741 3168 Cataonas-

2150 3204 2292 3258 πνεῖ.

2232 3293 2320 3346 Ἐν
2359 3292 2417 3346 δὲ
2442 3294 2507 3364 τῇ
2545 3299 2619 3358 ις’
2647 3292 2971 3364 Δημοκρίτῳ
3008 3289 3239 3361 ζέφυρος
3284 3289 3435 3342 πνεῖν
3468 3287 3728 3358 ἄρχεται..

2147 3384 2239 3436 καὶ
2279 3385 2587 3455 παραμένει
2612 3384 2827 3454 ἡμέρας
2856 3388 2903 3451 γ’
2928 3382 3021 3436 καὶ
3056 3380 3110 3453 μ’
3140 3382 3247 3434 ἀπὸ
3281 3378 3518 3452 τροπῶν.

2231 3476 2318 3529 Ἐν
2355 3475 2412 3528 δὲ
2457 3479 2525 3547 τῇ
2556 3476 2617 3541 ιζ’
2641 3477 2949 3546 Εὐκτήμονι
2989 3474 3219 3545 ζέφυρος
3261 3474 3403 3527 πνεῖ.
3445 3470 3711 3539 Καλίππιε

2157 3565 2437 3638 ’Υδροχόος
2472 3569 2633 3638 μέσος
2663 3568 2994 3622 ἀνατέλλων·
3032 3566 3263 3638 ζέφυρος
3290 3566 3430 3618 πνεῖ.

2230 3661 2317 3714 Ἐν
2342 3660 2400 3713 δὲ
2421 3664 2486 3732 τῇ
2522 3661 2599 3715 κε’
2632 3663 2938 3733 Εὐκτήμονι
2965 3660 3215 3732 ἑσπέριος
3243 3657 3388 3711 δύνει
3408 3674 3420 3687 ·
3458 3656 3554 3711 καὶ
3584 3654 3710 3727 σφό-

2143 3751 2245 3824 δρα
2272 3752 2640 3822 ἑπιχειμάζει.

2215 3843 2355 3907 Τοὺς
2374 3844 2432 3897 δὲ
2459 3843 2666 3914 Ἰχθύας
2686 3846 2714 3897 ὁ
2736 3844 2885 3915 ἥλιος
2907 3841 3285 3915 διαπορεύεται
3308 3843 3366 3894 ἑν
3387 3838 3623 3912 ἡμέραις
3645 3839 3709 3895 λ’.

2227 3935 2315 3988 Ἐν
2344 3934 2444 4005 μὲν
2469 3931 2561 3989 οὖν
2587 3939 2652 4007 τῇ
2691 3936 2734 4007 β’
2758 3935 2999 4007 χελιδόνα
3026 3934 3146 4007 ὥρα
3171 3930 3473 4003 φαίνεσθαι,
3504 3930 3599 3985 καὶ
3624 3931 3702 4001 ὀρ

2144 4025 2310 4081 νιοίαι
2342 4028 2582 4086 πνέουσι.
2620 4028 2895 4100 Καλίππῳ
2927 4029 2986 4083 δὲ
3015 4027 3166 4081 Λέων
3195 4025 3366 4080 δύνων
3405 4022 3581 4093 λήγει,
3622 4024 3709 4077 καὶ

2144 4117 2365 4189 χελιδὼν
2394 4118 2657 4186 φαίνεται,
2698 4119 3063 4192 ἐπισημαίνει.

2226 4211 2315 4264 Ἐν
2354 4211 2413 4264 δὲ
2442 4214 2510 4282 τῇ
2558 4211 2599 4264 δ’
2632 4211 2958 4282 Δημοκρίτῳ
3004 4209 3245 4263 ποικίλαι
3286 4209 3494 4283 ἡμέραι
3541 4206 3705 4277 γίνον-

2144 4318 2232 4355 ται
2277 4302 2585 4366 ἁλκυονίδες
2631 4303 2984 4372 καλούμεναι.
3028 4301 3242 4370 Εὐδόξῳ
3290 4301 3348 4354 δὲ
3393 4298 3710 4372 ’Δρκτοῦρος

2144 4392 2442 4463 ἀκρόνυχος
2474 4392 2761 4457 ἑπιτέλλει,
2787 4393 2880 4445 καὶ
2916 4391 3068 4455 ὑετὸς
3107 4392 3338 4459 γίνεται,
3374 4392 3465 4444 καὶ
3490 4388 3711 4460 χελιδὼν

2145 4485 2423 4555 φαίνεται·
2463 4486 2556 4539 καὶ
2597 4486 2697 4548 τὰς
2736 4484 3009 4555 ἑπομένας
3043 4484 3255 4555 ἡμέρας
3295 4482 3339 4535 λ’
3372 4481 3555 4553 βορέαι
3595 4478 3709 4533 πνέο

2143 4593 2284 4639 ουσι,
2320 4577 2414 4630 καὶ
2455 4576 2687 4647 μάλιστα
2712 4577 2763 4628 οἱ
2784 4574 3120 4647 προορνιθίαι
3142 4573 3483 4644 καλούμενοι.

2228 4665 2316 4717 Ἐν
2338 4665 2395 4717 δὲ
2422 4669 2488 4737 τῇ
2521 4664 2588 4735 ιβ’
2615 4666 2923 4735 Εὐκτήμονι
2960 4663 3288 4736 Ἀρκτοῦρος
3315 4663 3568 4732 ἑσπέριος
3601 4662 3709 4714 ἑπι-

2141 4754 2338 4820 τέλλει,
2368 4755 2464 4810 καὶ
2499 4753 2893 4826 Προτρυγητὴρ
2935 4755 3192 4825 ἐκφανής.
3238 4754 3488 4808 Ἐπιπνεῖ
3522 4751 3710 4823 βορέας

2140 4845 2367 4917 ψυχρός·

2223 4936 2309 4988 Ἐν
2337 4935 2393 4988 δὲ
2417 4938 2482 5006 τῇ
2518 4935 2579 4988 ιδ’
2604 4935 2930 5006 Δημοκρίτῳ
2963 4935 3151 5005 ἄνεμοι
3181 4932 3398 4986 πνέουσι
3425 4930 3641 5001 ψυχροὶ,
3663 4931 3710 4982 οἱ

2140 5026 2375 5098 όρνιθίαι
2406 5026 2751 5098 καλούμενοι,
2794 5027 3005 5097 ἡμέρας
3038 5026 3270 5097 μάλιστα
3300 5024 3363 5077 θ’.
3403 5023 3711 5093 Εὐκτήμονι

2135 5120 2193 5173 δὲ
2213 5120 2408 5183 Ἵππος
2440 5119 2572 5190 ἑῷος
2599 5120 2741 5172 δύνει
2767 5137 2780 5150 ·
2815 5121 3033 5172 ἑπιπνεῖ
3062 5117 3253 5189 βορέας
3273 5115 3498 5186 ψυχρός.

2217 5207 2305 5260 Ἐν
2337 5209 2393 5261 δὲ
2417 5210 2482 5279 τῇ
2512 5208 2571 5273 ιζ’
2600 5208 2811 5278 Εὐδόξῳ
2844 5207 3137 5278 χειμαίνει,
3164 5207 3259 5260 καὶ
3307 5206 3506 5266 ἰκτῖνος
3527 5200 3712 5271 φαίνε-

2135 5317 2247 5353 ται.
2288 5299 2563 5371 Καλίππῳ
2584 5300 2694 5354 τῶν
2733 5300 2950 5371 Ἰχθύων
2995 5301 3023 5352 ό
3049 5299 3196 5360 νότος
3220 5297 3263 5327 ⁷¹
3291 5293 3557 5347 ἐπιτέλλει
3577 5307 3591 5322 ο
3620 5292 3711 5364 λή-

2136 5406 2222 5459 γει
2245 5389 2451 5460 βορέας.

2221 5480 2309 5533 Ἐν
2334 5480 2390 5533 δὲ
2417 5484 2483 5552 τῇ
2515 5479 2600 5535 κα’
2622 5481 2835 5551 Εὐδόξῳ
2870 5481 3137 5549 Στέφανος
3179 5479 3472 5549 ἀκρόνυχος
3497 5472 3712 5528 ἑπιτέλ-

2138 5568 2218 5622 λει
2237 5585 2252 5600 °
2276 5571 2530 5641 ἄρχονται
2564 5570 2797 5642 ὀρνιθίαι
2825 5569 3096 5633 πνέοντες.

2219 5662 2307 5715 Ἐν
2341 5662 2398 5715 δὲ
2428 5665 2494 5733 τῇ
2530 5662 2613 5733 κβ¹
2646 5663 2954 5733 Εὐκτήμονι
3023 5664 3218 5727 ἰκτῖνος
3265 5659 3530 5729 φαίνεται,
3563 5654 3709 5728 69w-

2138 5750 2245 5804 Θίαι
2271 5752 2489 5806 πνέουσι
2527 5753 2716 5825 μέχρις
2746 5753 3046 5825 ἰσημερίας.
