4146 6440
423 333 528 391 865
1432 324 1667 383 GEMINI
1704 325 2075 382 ELEMENTA
2116 325 2606 383 ᾹΞΤΠΟΝΟΜΙᾹΞ.
3552 324 3659 382 866

506 446 594 500 Ἐν
626 446 682 499 δὲ
712 445 778 515 τῇ
802 442 890 511 τκθ¹
924 440 1233 513 Εὐκτήμονι
1261 440 1354 495 τοῦ
1388 442 1655 514 Σκορπίου
1700 444 1748 495 οἱ
1781 442 1988 513 πρῶτοι
2017 447 2064 502 Α

2021 447 2064 502 Α
2159 441 2257 499 Die
2286 443 2357 499 29
2382 443 2698 499 Euctemoni
2726 441 2939 513 Scorpii
2961 441 3150 513 prima:
3183 439 3350 497 stellae
3378 437 3658 506 occidunt,

424 534 649 608 ἀστέρες
680 536 944 599 δύνουσιν,
977 536 1194 588 ἐπιπνεῖ
1225 533 1418 605 βορέας
1443 535 1667 607 ψυχρός.

1056 537 1194 588 ιπνεί
1225 533 1418 605 βορέας
1443 535 1667 607 ψυχρός.
2093 532 2185 588 ﬁat
2215 535 2445 606 frigidus
2476 536 2693 590 boreas.

507 628 595 681 Ἐν
617 627 675 681 δὲ
705 630 772 699 τῇ
800 626 843 680 λ’
870 627 1143 697 Καλίππῳ
1170 625 1279 678 τῶν
1317 625 1533 697 Ἰχθύων
1563 630 1591 680 ὁ
1633 626 1840 699 βόρειος
1872 628 1992 678 ἐπι-

2162 626 2259 682 Die
2308 628 2378 682 50
2426 626 2652 698 Calippo
2698 624 2937 682 Piscium
2981 624 3224 680 .borealis
3279 620 3481 679 desinit
3510 619 3663 691 occi-

425 718 622 772 τέλλων
659 718 835 788 λήγει,
879 718 1075 780 ἰκτῖνος
1108 717 1372 786 φαίνεται,
1404 716 1596 787 βορέας
1622 720 1761 772 πνεῖ.

1489 718 1596 781 ›έας
1622 720 1761 772 πνεῖ.
2092 718 2219 773 dere
2244 735 2258 783 ;
2290 725 2512 789 apparet
2540 719 2757 781 milvus,
2785 717 2877 771 ﬁat
2910 717 3126 772 boreas.

498 809 604 863 Τὸν
637 809 694 862 δέ
722 810 889 880 Κριὸν
916 809 1291 881 διαπορεύεται
1320 812 1348 863 ὁ
1376 810 1524 880 ἥλιος
1544 812 1602 864 ἐν
1629 812 1863 884 ἡμέραις
1889 813 1988 867 λα’.

1553 812 1602 864 ὲν
1629 812 1863 884 ἡμέραις
1889 813 1988 867 λα’.
2162 807 2399 863 Arietem
2432 807 2732 878 pertransit
2761 807 2844 862 sol
2876 807 3072 863 diebus
3103 808 3190 861 51.

510 898 597 951 Ἐν
622 899 719 968 μὲν
732 901 798 969 τῇ
826 898 1016 973 πρώτῃ
1035 899 1308 970 Καλίππῳ
1330 899 1622 971 σύνδεσμος
1644 901 1753 955 τῶν
1777 902 1993 973 ’ἰχθύων

2161 899 2259 955 Die
2290 899 2315 953 1
2341 898 2567 969 Calippo
2596 899 2874 953 vinculum
2905 897 3143 954 Piscium
3170 896 3364 952 oritur.
3387 894 3475 952 Fit
3496 895 3666 968 tequi-

428 988 725 1042 ἀνατέλλει.
774 990 1051 1060 Ίσημερία
1083 989 1292 1060 ἐαρινὴ,
1325 990 1419 1043 καὶ
1448 990 1621 1060 om;
1647 991 1817 1064 λεπτή
1839 1009 1851 1022 ’
1882 1010 1995 1063 χει-

2094 989 2338 1045 noctium
2378 1004 2630 1051 vernum,
2666 997 2728 1043 et
2782 988 2968 1059 pluvia
3011 989 3283 1043 minutula
3315 1006 3332 1057 ;
3371 1003 3567 1061 magna
3603 973 3664 1043 ﬁ°t

433 1080 611 1151 μαίνει
646 1080 865 1151 σφόδρα,
899 1082 1265 1151 ἐπισημαίνει.
1932 1138 1935 1141 _

1096 1082 1265 1135 μαίνει.
1932 1138 1935 1141 _
2094 1085 2412 1149 tempestas,
2445 1078 2733 1148 signiﬁcat.

513 1173 601 1226 ‘Ev
634 1172 689 1225 δὲ
720 1177 785 1245 τῇ
816 1172 865 1243 γ’
894 1174 1167 1247 Καλίππῳ
1195 1177 1362 1247 Κριὸς
1405 1178 1631 1249 ἄρχεται
1663 1180 1990 1235 ἐπιτέλλεινο

2165 1164 2263 1220 Die
2289 1166 2323 1220 5
2351 1165 2575 1237 Calippo
2604 1165 2764 1221 Aries
2800 1164 2991 1236 incipit
3023 1164 3160 1220 oriri
3189 1184 3204 1232 ;
3236 1165 3452 1222 exsistit
3483 1165 3666 1237 pluvia

431 1264 603 1329 ὑετὸς,
637 1264 670 1335 ἡ
694 1266 925 1335 νιφετός.

698 1266 925 1335 νιφετός.
2096 1268 2191 1311 aut
2221 1256 2335 1313 nix.

515 1357 601 1409 Ἐν
626 1357 683 1409 δέ
712 1360 778 1429 τῇ
811 1366 864 1423 ς’
892 1359 1102 1431 Εὐδόξῳ
1134 1362 1410 1434 ίσημερία,
1443 1364 1594 1428 ὑετὸς
1628 1365 1851 1434 γίνεται.

1817 1384 1851 1420 ι,
2165 1350 2262 1405 Die
2291 1349 2324 1405 6
2350 1349 2577 1406 Eudoxo
2609 1356 2692 1406 est
2720 1351 3126 1420 aequinoctium,
3169 1350 3225 1405 ﬁt
3253 1350 3451 1422 pluvia.

513 1448 604 1501 Ἐν
649 1448 703 1500 δὲ
753 1452 819 1520 τῇ
848 1456 878 1503 ι’
916 1451 1225 1523 Εὐκτήμονι
1270 1454 1523 1519 Πλειάδες
1577 1456 1815 1527 ἑσπέριοι
1861 1456 1995 1529 κρύ-

2168 1440 2265 1497 Die
2305 1440 2373 1496 10
2406 1440 2724 1499 Euctemoni
2755 1441 3004 1499 Pleiades
3050 1443 3264 1514 vesperi
3301 1443 3664 1499 occultantur.

436 1553 676 1610 πτονται.

517 1627 606 1680 Ἐν
638 1628 695 1681 δὲ
717 1631 783 1700 τῇ
813 1637 879 1699 ιγ’
912 1630 1126 1702 Εὐδόξῳ
1153 1632 1404 1699 Πλειάδες
1432 1635 1718 1707 ἀκρόνυχοι
1751 1635 1994 1691 δύνουσι·

2173 1617 2270 1675 Die
2319 1620 2387 1674 15
2436 1619 2666 1677 Eudoxo
2716 1620 2969 1679 Pleiades
3019 1623 3233 1699 vesperi
3288 1621 3577 1688 occidunt,
3616 1632 3671 1679 et

435 1718 531 1770 καὶ
571 1719 759 1790 Ὠρίων
788 1721 1011 1793 ἄρχεται
1040 1724 1214 1778 δύνειν
1241 1726 1348 1779 ἀπὸ
1379 1726 1676 1798 ἀκρονύχου
1696 1745 1709 1758 ⁸
1741 1729 1895 1793 ὑετὸς
1919 1728 2000 1798 γί-
2031 1793 2064 1798 Α

2101 1712 2268 1769 Orion
2302 1713 2493 1784 incipit
2538 1716 2790 1772 occidere
2835 1717 3149 1787 vespertino
3203 1730 3426 1773 occasu.
3479 1714 3670 1770 Pluvia

437 1824 607 1864 νεται.
646 1811 964 1883 Δημοκρίτῳ
1008 1813 1263 1878 Πλειάδες
1307 1793 1637 1889 κρύπτονται
1695 1818 1810 1890 ἀμα
1868 1793 2000 1891 ἡλίῳ
2031 1793 2074 1854 Β

2033 1793 2074 1854 Β
2100 1803 2336 1859 exsistit.
2368 1803 2679 1861 Democrito
2704 1804 2952 1862 Pleiades
2981 1805 3327 1862 occultantur
3360 1805 3523 1860 simul
3544 1819 3670 1860 cum

435 1897 731 1967 ἀνίσχοντι,
758 1900 852 1954 καὶ
882 1902 1103 1970 ἀφανεῖς
1128 1905 1364 1971 γίνονται
1396 1906 1597 1972 νύκτας
1630 1914 1705 1979 μ’.

2103 1895 2218 1950 sole
2250 1896 2598 1963 ascendente,
2622 1905 2676 1953 et
2703 1911 2813 1952 non
2845 1908 3106 1969 apparent
3132 1913 3230 1968 per
3254 1904 3442 1953 noctes
3469 1896 3559 1952 10.

521 1991 608 2043 Ἐν
633 1991 690 2045 δέ
720 1995 785 2065 τῇ
827 2000 913 2048 κα¹
948 1995 1160 2068 Εὐδόξῳ
1194 1998 1384 2062 Ὑάδες
1416 2001 1704 2073 ἀκρόνυχοι
1735 2001 1999 2061 δύνουσιν.

1772 2002 1999 2061 meum.
2173 1984 2272 2042 Die
2294 1986 2360 2040 21
2394 1986 2623 2045 Eudoxo
2648 1987 2864 2057 Hyades
2892 1991 3106 2060 vesperi
3137 1989 3409 2046 occidunt.

522 2082 686 2135 Ἐνδέ
711 2087 777 2155 τῇ
827 2092 911 2154 κγ’
937 2087 1244 2159 Εὐκτήμονι
1280 2091 1467 2156 Ὑάδες
1512 2093 1861 2167 κρύπτονται.
1911 2100 2005 2152 καὶ

2174 2076 2272 2133 Die
2308 2077 2379 2133 25
2413 2078 2731 2136 Euctemoni
2763 2080 2980 2150 Hyades
3004 2084 3367 2150 occultantur,
3389 2093 3442 2141 et
3464 2086 3672 2158 grando

441 2170 648 2240 χάλαζα
674 2173 992 2241 ἐπιγίνεται,
1014 2179 1109 2230 καὶ
1132 2177 1359 2251 ζέφυρος
1382 2186 1520 2237 πνεῖ.
1544 2183 1816 2256 Καλίππῳ
1836 2188 2004 2257 Ζυγὸς

2105 2179 2232 2241 post
2258 2171 2493 2235 exsistit,
2519 2178 2574 2226 et
2598 2170 2690 2226 ﬁat
2715 2172 3008 2243 zephyrus.
3037 2172 3262 2243 Calippo
3295 2172 3457 2229 Libra
3487 2175 3674 2248 incipit

436 2261 666 2333 ἄρχεται
695 2264 891 2330 δύνειν,
936 2267 1175 2340 πολλαχῆ
1205 2271 1262 2324 δὲ
1291 2272 1384 2326 καὶ
1410 2272 1636 2343 χάλαζα.

1551 2273 1636 2338 ζα,
2104 2263 2376 2327 occidere,
2400 2264 2603 2333 passim
2637 2264 2851 2320 exsistit
2878 2270 2945 2345 et.
2961 2264 3185 2335 grando.

528 2357 613 2408 ’Ev
636 2356 692 2409 δέ
723 2361 786 2429 τῇ
824 2358 904 2424 κζ’
940 2359 1156 2432 Εὐδόξῳ
1203 2362 1355 2436 Λύρα
1388 2365 1682 2437 ἀκρόνυχος
1718 2369 2002 2427 ἐπιτέλλει.

1617 2384 1682 2437 ἱος
1718 2369 2002 2427 ἐπιτέλλει,
2176 2356 2273 2411 Die
2297 2356 2367 2410 27
2393 2355 2616 2412 Eudoxo
2641 2355 2782 2428 Lyra
2814 2358 3024 2428 vesperi
3060 2358 3254 2415 oritur.

517 2443 616 2499 Τὸν
639 2446 696 2500 δέ
720 2446 930 2518 Ταῦρον
951 2449 1331 2523 διαπορεύεται
1359 2456 1387 2507 ό
1403 2454 1551 2526 ἥλιος
1570 2459 1626 2510 ἐν
1647 2459 1879 2529 ἡμέραις
1906 2463 2006 2533 λβν.

1505 2473 1551 2519 >ς
1570 2459 1626 2510 ὲν
1647 2459 1879 2529 ἡμέραις
1906 2463 2006 2533 λβι,
2177 2446 2416 2504 Taurum
2451 2449 2533 2504 sol
2557 2459 2811 2519 peragrat
2836 2448 3029 2506 diebus
3051 2451 3142 2506 52.

528 2537 617 2588 Ἐν
648 2538 746 2607 μὲν
779 2534 871 2592 οὖν
900 2542 967 2612 τῇ
1009 2547 1056 2594 α’
1086 2544 1268 2615 ἡμέρᾳ
1291 2545 1505 2617 Εὐδόξῳ
1549 2539 1756 2620 Ὠρίων’
1785 2554 2009 2624 ἀκρόνυ-

2174 2539 2272 2595 Die
2301 2540 2328 2593 1
2374 2538 2599 2595 Eudoxo
2629 2539 2797 2595 Orion
2825 2542 3039 2611 vesperi
3068 2541 3269 2597 occidit
3296 2586 3311 2611 ,
3346 2542 3404 2598 ﬁt
3438 2542 3621 2614 pluvia
3653 2563 3667 2599 :

440 2645 536 2698 χος
557 2628 701 2682 δύνει
725 2646 738 2660 ο
771 2631 946 2688 ὑετία.
968 2633 1241 2707 Καλίππῳ
1263 2638 1291 2690 ό
1319 2638 1487 2710 Κριὸς
1508 2640 1662 2712 λήγει
1694 2645 2005 2704 ἐπιτέλλων*
2106 2633 2331 2704 Calippo
2369 2632 2526 2688 Aries
2568 2632 2771 2689 ἀθδίηίε
2812 2634 2948 2689 oriri
2980 2650 2995 2699 ἶ
3034 2632 3092 2687 ἧι
3136 2635 3337 2704 Imma:
3376 2643 3431 2691 ει
3469 2638 3673 2707 Ρθεείω
3762 2668 3768 2674 ·

445 2718 599 2772 ὑετία
617 2735 631 2749 °
667 2719 904 2792 πολλαχῆ
929 2721 985 2776 δέ
1006 2724 1100 2777 καὶ
1135 2724 1363 2795 χάλαζα.

698 2719 904 2792 τολλαχῆ
929 2721 985 2776 δέ
1006 2724 1100 2777 καὶ
1135 2724 1363 2795 χάλαζα.
2108 2728 2335 2799 grando.

529 2811 616 2863 Ἐν
643 2810 699 2863 δέ
729 2814 794 2883 τῇ
827 2812 872 2882 β’
898 2814 1207 2887 Εὐκτήμονι
1239 2817 1401 2872 Κύων
1441 2821 1756 2893 κρύπτεται,
1793 2828 1887 2882 καὶ
1916 2831 2012 2901 χά-

2183 2820 2279 2877 Die
2320 2820 2355 2875 2
2403 2817 2727 2877 Euctemoni
2778 2820 2946 2877 Canis
2991 2822 3320 2889 occultatur,
3363 2832 3417 2878 et
3468 2822 3676 2895 grando

445 2898 583 2992 λαςα
607 2901 836 2969 γίνεται.
868 2904 946 2975 Τῇ
971 2905 1015 2957 δ’
1041 2907 1176 2979 αὐτῇ
1223 2908 1376 2980 Λύρα
1408 2912 1452 2943 ⁷³
1486 2913 1751 2971 ἐπιτέλλει
1777 2898 2008 2992 Εὐδόξῳ.

2110 2912 2329 2970 exsistit
2370 2932 2385 2969 :
2433 2912 2622 2968 eodem
2663 2912 2753 2968 die
2799 2911 2943 2984 Lyra
2989 2911 3168 2967 oritur
3214 2912 3458 2968 Eudoxo.
3508 2908 3675 2969 Canis

448 2990 611 3046 Κύων
631 2993 929 3066 ἀκρόνυχος
965 2996 1131 3063 δύνει,
1174 3001 1268 3053 καί
1297 3000 1449 3065 ὑετὸς
1479 3002 1707 3070 γίνεται.
1740 2990 2013 3082 Καλίππῳ

2113 3005 2328 3075 vesperi
2361 3004 2582 3069 occidit,
2615 3011 2672 3060 et
2704 3004 2766 3059 ﬁt
2790 3003 3259 3103 pluvia.‘Calippo
3291 3004 3457 3061 Tauri
3500 3006 3675 3062 cauda

445 3084 540 3137 τοῦ
561 3086 770 3158 Ταύρου
795 3089 828 3159 ή
851 3088 1048 3160 κέρκος
1078 3091 1344 3146 ἐπιτέλλει
1364 3110 1378 3124 ·
1405 3095 1574 3152 νοτία.
2040 3145 2080 3161 ,.

1264 3092 1344 3146 λει
1364 3110 1378 3124 ο
1405 3095 1574 3152 νοτία.
2040 3145 2080 3161 ,,
2111 3096 2306 3161 oritur,
2338 3097 2553 3152 exsistit
2582 3096 2901 3154 humiditas.

529 3181 617 3234 Ἐν
640 3145 696 3233 ei
724 3184 791 3253 τῇ
816 3145 873 3246 ⁸ζ’
901 3145 1113 3254 Εὐδόξῳ
1145 3185 1298 3250 ὑετὸς
2035 3145 2082 3210 c
2117 3145 2165 3150 ﬂ

1439 3205 1554 3241 ιται.
2035 3145 2082 3210 c
2179 3145 2340 3244 Die,7
2375 3186 2599 3243 Eudoxo
2633 3189 2849 3245 exsistit
2875 3190 3076 3260 pluvia.

531 3272 619 3325 ’Ev
649 3272 706 3325 δὲ
732 3274 799 3344 τῇ
821 3279 870 3344 η’
902 3274 1210 3346 Εὐκτήμονι
1234 3276 1333 3344 Αἲξ
1358 3276 1469 3350 ἑῴα
1493 3278 1801 3334 ἀνατέλλει·
1836 3280 2007 3335 εὐδίαο

2180 3277 2278 3334 Die
2306 3278 2340 3333 8
2372 3280 2691 3336 Euctemoni
2720 3278 2898 3351 Capra
2930 3296 3092 3337 mane
3120 3288 3336 3348 oritur;
3368 3279 3669 3347 serenitas;

446 3361 533 3415 ὖει
558 3363 694 3434 νότῳ
722 3362 894 3418 ὕδατι.
1486 3412 1493 3419 .

1486 3412 1493 3419 .
2110 3370 2249 3442 pluit
2285 3379 2492 3428 austro.
2909 3370 2914 3378 ’

530 3455 617 3507 Ἐν
640 3455 696 3509 δὲ
726 3458 792 3527 τῇ
828 3455 871 3508 θ’
899 3456 1111 3528 Εὐδόξῳ
1134 3454 1232 3523 Αἲξ
1255 3457 1365 3530 ἑῴα
1393 3461 1679 3517 ἐπιτέλλει.

2184 3460 2279 3517 Die
2308 3461 2343 3517 9
2367 3461 2592 3518 Eudoxo
2618 3460 2795 3532 Capra
2822 3476 2982 3517 mane
3009 3462 3207 3518 oritur.
3528 3518 3535 3528 ,

534 3542 620 3597 Ἐν
660 3544 717 3597 δὲ
743 3547 810 3616 τῇ
835 3552 901 3599 ια’
942 3547 1155 3619 Εὐδόξῳ
1184 3549 1449 3620 Σκορπίος
1489 3552 1622 3624 ἐῷος
1651 3553 1825 3610 δύνειν
1846 3556 2010 3628 ἀρχε-

2183 3551 2280 3607 Die
2316 3552 2379 3606 11
2414 3550 2676 3622 Scorpius
2718 3552 3046 3608 matutinum
3079 3565 3336 3608 occasum
3372 3549 3553 3607 facere
3592 3550 3676 3606 in-

446 3650 561 3699 ται,
594 3637 687 3689 καὶ⁸
711 3636 861 3700 ὑετὸς
883 3638 1110 3707 γίνεται.

2112 3644 2266 3716 cipit,
2299 3651 2353 3700 et
2376 3643 2560 3713 pluvia
2589 3643 2826 3700 exsistit.

533 3727 620 3821 Ἐν
647 3727 703 3781 δὲ
729 3731 794 3800 τῇ
835 3736 903 3798 ιγ’
931 3731 1237 3805 Εὐκτήμονι
1265 3734 1484 3821 Πλειάςν
1501 3738 1798 3794 ἐπιτέλλειο
1823 3741 2012 3814 θέρους

2185 3736 2281 3791 Die
2335 3736 2402 3792 15
2451 3735 2775 3791 Euctemoni
2828 3735 3010 3792 Pleias
3064 3734 3544 3802 oritur;ytestatis
3591 3743 3678 3792 est

447 3819 613 3892 ἀρχὴ,
637 3822 730 3874 καὶ
778 3824 1146 3895 ἐπισημαίνει.
1172 3827 1446 3901 Καλίππῳ
1466 3819 1504 3902 ἡ
1535 3830 1629 3886 τοῦ
1668 3832 1881 3907 Ταύρου
1922 3852 2012 3888 κε-

2112 3827 2349 3893 initium,
2382 3837 2436 3883 et
2472 3829 2762 3913 signiﬁcat.
2802 3827 3030 3900 Calippo
3081 3827 3248 3884 Tauri
3284 3837 3448 3899 caput
3481 3827 3676 3892 oritur,

456 3913 598 3984 φαλὴ
632 3914 934 3970 ἐπιτέλλει·
968 3919 1336 3991 ἐπισημαίνει.

768 3914 898 3970 ίλλει
921 3933 934 3946 ·
968 3919 1336 3991 ἐπισημαίνει.
2112 3918 2405 3991 signiﬁcat.

539 4006 625 4059 Ἐν
650 4007 707 4060 δὲ
744 4011 810 4081 τῇ
850 4010 947 4080 μιᾷ
979 4011 1072 4064 καὶ
1108 4012 1281 4066 είκάδι
1319 4014 1533 4090 Εὐδόξῳ
1576 4018 1841 4093 Σκορπίος
1880 4023 2012 4095 ἑῷος

454 4097 574 4151 ὅλος
598 4097 764 4151 δύνει.

1899 4023 2012 4095 ;ῷος
2186 4013 2282 4072 Die
2303 4014 2367 4069 21
2402 4013 2630 4070 Eudoxo
2655 4013 2918 4084 Scorpius
2940 4019 3091 4070 totus
3129 4027 3289 4068 mane
3313 4011 3536 4068 occidit.

516 4114 574 4161 ος
598 4099 764 4153 δύνει.

537 4191 624 4244 Ἐν
647 4191 703 4243 δὲ
716 4191 782 4262 τῆ
799 4191 881 4262 ac?!
904 4192 1115 4267 Εὐδόξῳ
1130 4195 1385 4262 Πλειάδες
1408 4199 1763 4269 ἐπιτέλλουσι,
1778 4205 1874 4258 καὶ
1895 4205 2014 4258 ἐπι-

2182 4192 2278 4251 Die
2308 4193 2380 4252 22
2410 4193 2636 4251 Eudoxo
2665 4192 2915 4252 Pleiades
2948 4194 3223 4260 oriuntur,
3252 4201 3308 4251 et
3343 4190 3673 4265 signiﬁcant.

454 4299 520 4355 σή
530 4283 826 4353 μαίνουσιν.

454 4384 460 4389 ’
535 4378 623 4431 Ἐν
649 4377 705 4430 δὲ
735 4380 801 4449 τῇ
833 4385 910 4432 κε’
939 4380 1245 4453 Εὐκτήμονι
1286 4384 1466 4448 Ἀετὸς
1490 4386 1737 4460 ἑσπέριος
1761 4387 1925 4447 δύνει.

1810 4388 1925 4447 ῑνει,
2182 4377 2280 4434 Die
2321 4377 2393 4434 25
2427 4376 2743 4433 Euctemoni
2771 4376 2966 4447 Aquila
2994 4374 3206 4446 vesperi
3229 4371 3447 4430 occidit.

534 4470 624 4523 ’Ev
654 4469 710 4522 δέ
738 4473 805 4540 τῇ
834 4470 876 4522 λ’
900 4471 1207 4544 Εὐκτήμονι
1243 4475 1491 4547 ἑσπέριος
1522 4479 1806 4534 ἐπιτέλλει.
2039 4491 2085 4547 ι)

1546 4479 1806 4534 πιτέλλει.
2039 4491 2085 4547 ι)
2182 4468 2279 4526 Die
2307 4470 2376 4524 '50
2404 4469 2720 4525 Euctemoni
2752 4468 2963 4538 vesperi
2989 4470 3183 4523 oritur.

533 4558 622 4611 Ἐν
642 4558 699 4611 δέ
722 4561 787 4629 τῇ
808 4558 886 4613 λα’
906 4559 1215 4632 Εὐκτήμονι
1244 4562 1421 4628 Ἀετὸς
1457 4565 1706 4638 ἑσπέριος
1725 4567 2007 4624 ἐπιτέλλει.

1774 4567 2007 4624 τιτέλλει,
2183 4559 2280 4617 Die
2304 4560 2367 4616 51
2398 4559 2718 4616 Euctemoni
2743 4558 2938 4629 Aquila
2973 4556 3185 4629 vesperi
3215 4554 3411 4611 oritur.

535 4651 621 4704 Ἐν
646 4652 702 4705 δὲ
728 4654 793 4723 τῇ
840 4651 918 4722 λβ⁹
949 4653 1257 4726 Εὐκτήμονι
1299 4657 1620 4730 Ἀρκτοῦρος
1663 4659 1797 4729 ἑῷος
1831 4660 2008 4714 δύνει·

2183 4651 2277 4708 Die
2309 4652 2377 4707 52
2416 4651 2735 4707 Euctemoni
2765 4650 3036 4707 Arcturus
3066 4664 3226 4705 mane
3250 4647 3474 4713 occidit,
3505 4645 3675 4718 signi-

454 4744 816 4822 ἐπισημαίνει.
860 4746 1131 4818 Καλίππῳ
1181 4750 1210 4801 ό
1257 4749 1468 4822 Ταῦρος
1491 4750 1644 4822 λήγει
1683 4753 2009 4809 ἀνατέλλων.

2114 4744 2259 4799 ﬁcat.
2284 4743 2510 4814 Calippo
2547 4742 2763 4798 Taurus
2787 4742 2987 4799 desinit
3009 4742 3165 4797 oriri.
3187 4738 3504 4799 Euctemoni
3528 4736 3674 4809 Hya-

450 4820 760 4903 Εὐκτήμονι
806 4833 991 4898 Ὑάδες
1018 4835 1267 4908 ἑσπέριαι
1302 4820 1689 4908 ἐπιτέλλουσιν,
1720 4842 2014 4915 ἐπισημαί-

1476 4820 1689 4908 ιλονυσιν,
1720 4842 2014 4915 ἐπισημαε-
2112 4838 2209 4892 des
2240 4837 2452 4906 vesperi
2484 4835 2755 4902 oriuntur,
2786 4833 3113 4907 signiﬁcant.

450 4940 623 4977 νουσι.

523 5013 662 5076 Τοὺς
675 5012 732 5065 δέ
746 5012 1007 5084 Διδύμους
1019 5014 1203 5085 όήλιος
1212 5015 1582 5090 διαπορεύεται
1596 5022 1653 5073 ἐν
1667 5021 1700 5091 ἡ
1707 5037 1772 5093 με
1779 5038 1897 5092 ραις
1911 5022 2010 5093 λβν.

1541 5022 1653 5073 ιιέν
1667 5021 1897 5093 ἡμέραις
1911 5022 2010 5093 λβν.
2183 5017 2443 5073 Geminos
2470 5018 2555 5074 sol
2591 5027 2834 5089 permeat
2864 5016 3057 5072 diebus
3089 5015 3178 5070 52.

532 5104 621 5157 Ἐν
652 5104 749 5176 μὲν
791 5101 885 5161 οὖν
909 5109 975 5176 τῇ
1020 5108 1063 5176 β’
1088 5106 1360 5178 Καλίππῳ
1407 5112 1457 5162 οἱ
1502 5111 1720 5182 Δίδυμοι
1759 5113 2013 5184 ἄρχονται

2183 5111 2282 5169 Die
2324 5112 2362 5167 2
2396 5113 2624 5184 Calippo
2675 5112 2889 5169 Gemini
2934 5112 3205 5183 incipiunt
3251 5109 3429 5177 oriri;
3460 5106 3673 5166 exsistit

451 5196 749 5251 ἐπιτέλλειν
767 5215 780 5228 ·
816 5198 984 5252 νοτία.

816 5198 984 5252 νοτία.
2116 5205 2431 5261 humiditas.

535 5290 622 5342 Ἑν
648 5290 705 5344 δὲ
731 5292 796 5361 τῇ
828 5296 869 5343 ε’
901 5290 1115 5361 Εὐδόξῳ
1157 5292 1347 5356 Ὑάδες
1374 5291 1504 5364 ἑῷαι
1536 5295 1920 5351 ἐπιτέλλουσιν.

1689 5295 1920 5351 λλουσιν.
2183 5299 2280 5355 Die
2308 5300 2342 5355 ὅ
2370 5297 2597 5354 Eudoxo
2623 5295 2839 5369 Hyades
2868 5311 3028 5352 mane
3057 5296 3326 5351 oriuntur.

535 5382 623 5434 Ἐν
648 5381 705 5434 δέ
736 5385 802 5453 τῇ
835 5380 878 5446 ζ’
908 5382 1121 5454 Εὐδόξῳ
1164 5384 1343 5449 Ἀετὸς
1387 5385 1682 5458 ἀκρόνυχος
1724 5390 2009 5445 ἐπιτέλλει.

1657 5405 1682 5451 ς
1724 5390 2009 5445 ἐπιτέλλει.
2181 5390 2280 5447 Die
2319 5392 2350 5445 7
2380 5390 2606 5446 Eudoxo
2631 5389 2825 5460 Aquila
2850 5388 3062 5458 vesperi
3097 5386 3294 5442 oritur.

536 5472 622 5525 Ἐν
648 5473 704 5526 δέ
733 5476 799 5545 τῇ
836 5481 865 5526 ι’
886 5475 1207 5546 Δημοκρίτῳ
1234 5475 1375 5547 ὕδωρ
1406 5476 1635 5545 γίνεται.

1511 5494 1635 5532 εται.
2183 5482 2281 5538 Die
2308 5482 2376 5537 10
2403 5480 2712 5537 Democrito
2741 5494 2882 5550 aqua
2912 5479 3148 5536 exsistit.

530 5562 621 5614 ’Ev
656 5562 715 5614 δέ
746 5565 812 5632 τῇ
849 5562 918 5630 ιγ’
941 5561 1152 5634 Εὐδόξῳ
1191 5565 1513 5637 Ἀρκτοῦρος
1541 5566 1674 5634 ἑῷος
1708 5567 1850 5623 δύνει

1718 5567 1850 5623 δύνει
2186 5573 2283 5632 Die
2310 5574 2377 5630 15
2398 5573 2620 5631 Eudoxo
2649 5573 2917 5630 Arcturus
2948 5586 3108 5630 mane
3134 5570 3355 5628 occidit.

554 5732 604 5769 τ’
639 5736 849 5815 ῃοηκαὶ
878 5736 1007 5791 αὐτὸ
1042 5737 1215 5809 Λύρα.
