4146 6478
460 409 560 467 831

1298 406 1674 465 ΡΤΟιΕΜᾹΞΙ
1706 406 1797 464 DE
1835 408 2295 467 APPAHENTHS
2332 405 2846 464 INERRANTIUM..

3594 399 3719 458 882'

533 528 633 593 κζ’.
658 530 800 601 Ἥρᾳ
827 534 892 597 ιγ’
918 529 945 582 ό
962 527 1209 599 λαμπρὸς
1228 525 1321 579 τοῦ
1337 526 1524 581 Ἀετοῦ
1550 526 1868 598 κρύπτεται’
1888 527 2030 599 Προ-

2203 527 2293 581 27.
2329 525 2474 581 Hora
2496 534 2612 580 'xm
2642 524 2823 580 lucida
2849 520 3061 591 Aquilae
3093 521 3420 578 occultatur.
3455 519 3705 592 Procyon

462 620 608 673 κύων
646 618 894 691 ἑσπέριος
916 618 1213 672 ἀνατέλλει.

533 717 639 782 κη’.
684 711 740 764 '0
761 713 817 765 ἐν
841 710 916 781 τῷ
946 710 1193 782 ἑπομένῳ
1208 708 1343 781 ὤμῳ
1354 708 1447 763 τοῦ
1461 709 1704 780 Ἢνιόχου
1721 708 1852 780 ἑῷος
1866 709 2029 762 δύνει.

472 802 533 855 '0
579 802 828 873 λαμπρὸς
873 801 964 854 τοῦ
1018 801 1191 855 νοτίου
1248 801 1448 871 Ἰχθύος
1496 800 1817 872 κρύπτεται.
1865 802 2032 869 Αίγυ-

462 892 637 955 πτίοις
665 891 952 962 χειμαίνει.
991 892 1204 945 Μέτωνι
1231 890 1600 961 ἐπισημαίνει.
1636 890 1902 963 Ὄμϐρος.
2007 876 2012 881 ’

530 982 633 1034 κθ’.
692 982 950 1052 Προκύων
982 968 1567 1054 ἑσπέριοςάνατέλλει.
1595 984 1914 1052 Αἰγυπτίοις
1940 981 2036 1037 καὶ

462 1072 678 1126 Μέτωνι
706 1074 1073 1144 ἐπισημαίνει.
1118 1076 1399 1147 Ἀκρασία.

531 1165 594 1217 λ’.
633 1166 774 1237 Ὥρα
809 1166 869 1220 ιδ’
899 1168 929 1219 6
967 1167 1219 1239 λαμπρὸς
1248 1168 1344 1222 τοῦ
1385 1166 1569 1222 Ἀετοῦ
1594 1167 1845 1241 ἑσπέριος
1865 1168 2029 1223 δύνει.

463 1257 781 1323 Αἰγυπτίοις
801 1256 913 1326 λίψ,
946 1257 1043 1311 καὶ
1074 1257 1314 1330 ἀκρασία
1339 1258 1515 1330 ἀέρος,

844 1390 985 1462 Μὴν
1022 1392 1396 1461 Ἰανουάριος,
1431 1392 1468 1461 ἣ
1504 1391 1660 1446 Τυϐί.

538 1534 606 1584 α’.
636 1528 778 1600 Ὦρα
818 1529 877 1582 ιδ’
930 1529 1092 1584 Κύων
1152 1529 1401 1599 ἑσπέριος
1427 1527 1723 1581 ἀνατέλλει.
1778 1524 2040 1596 Προκύων

467 1612 721 1696 ἑσπέριος
750 1624 1048 1679 ἀνατέλλει.
1076 1624 1401 1695 Δημοκρίτῳ
1440 1621 1645 1694 χειμὼν
1667 1619 2037 1691 ἐπισημαίνει.

546 1810 608 1881 β’.
643 1809 703 1861 '0
752 1807 846 1860 ἐπὶ
903 1804 1002 1875 τῆς
1052 1801 1294 1872 κεφαλῆς
1334 1799 1429 1853 τοῦ
1476 1798 1776 1871 ἡγουμένου
1810 1799 2039 1872 Διδύμου

473 1902 609 1973 ἑῷος
631 1901 797 1953 δύνει.
838 1895 1071 1965 Δοσιθέῳ
1088 1892 1376 1963 χειμαίνει.

541 2000 613 2064 γ’.
653 1994 711 2045 ’0
760 1989 1010 2060 λαμπρὸς
1068 1986 1162 2039 τοῦ
1240 1983 1423 2039 Ἀετοῦ
1448 1983 1738 2038 ἐπιτέλλει.
1784 1983 2046 2056 Προκύων

470 2087 724 2157 ἑσπέριος
754 2081 1050 2137 ἀνατέλλει.
1074 2079 1333 2150 Φιλήμονι
1359 2080 1520 2148 ἑπιση
1530 2077 1726 2149 μαίνει.

542 2177 603 2230 δ’.
633 2177 772 2247 ’Ὡρᾳ
798 2181 865 2243 ιγ’
891 2174 919 2225 6
942 2172 1190 2243 λαμπρὸς
1205 2170 1297 2224 τοῦ
1324 2170 1572 2242 Ὄρνιθος
1599 2169 1729 2240 ἑῷος
1747 2167 2044 2222 ἀνατέλλει.

485 2266 544 2320 '0
566 2265 656 2318 ἐπὶ
681 2265 780 2336 τῆς
807 2261 1051 2332 κεφαλῆς
1092 2260 1185 2314 τοῦ
1230 2261 1497 2331 ἑπομένου
1526 2258 1757 2330 Διδύμου
1799 2257 1932 2329 ἑῷος
1958 2257 2048 2311 δύ-

473 2374 577 2411 νει.
618 2356 675 2411 '0
704 2356 953 2428 λαμπρὸς
971 2353 1062 2408 τού
1102 2351 1285 2407 Ἀετοῦ
1324 2352 1577 2424 ἑσπέριος
1616 2351 1782 2405 δύνει.
1829 2351 1886 2405 '0
1910 2351 2048 2421 λαμ-

474 2447 611 2519 πρὸς
644 2444 735 2499 τοῦ
768 2444 941 2499 νοτίου
983 2441 1183 2514 Ἰχθύος
1215 2442 1535 2513 κρύπτεται.
1587 2441 1904 2509 Αἰγυπτίοις
1932 2458 2045 2513 χει-

474 2536 639 2607 μάζει
668 2534 807 2590 κατὰ
838 2535 1128 2589 θάλασσαν.
1174 2533 1483 2604 Εὐκτήμονι
1517 2531 1879 2603 ἑπιχειμάζει.

548 2722 609 2773 ε’.
643 2716 783 2789 Ὥρα
815 2715 874 2769 ιδ’
903 2714 1036 2769 ὀὲπὶ
1055 2715 1152 2786 τῆς
1185 2714 1428 2785 κεφαλῆς
1442 2711 1536 2768 τοῦ
1562 2712 1864 2784 ἡγουμένου
1891 2712 2047 2768 Διδύ-

477 2826 581 2881 μου
604 2807 737 2879 ἑῷος
753 2807 917 2862 δύνει.

548 2905 622 2964 ς’.
657 2899 797 2971 Ὥρα
823 2905 888 2967 ιγ’
918 2900 946 2952 6
974 2898 1115 2953 κατὰ
1146 2900 1205 2954 τὸ
1225 2898 1351 2969 γόνυ
1375 2898 1469 2953 τοῦ
1498 2898 1727 2966 Τοξότου
1758 2897 2044 2953 ἐπιτέλλει.

475 2989 638 3044 Κύων
671 2990 921 3063 ἑσπέριος
951 2990 1116 3045 δύνει.

547 3082 613 3148 ζ’.
646 3083 783 3155 Ὠρᾳ
808 3089 869 3136 ιε’
901 3084 929 3136 6
961 3081 1211 3154 λαμπρὸς
1238 3080 1331 3136 τοῦ
1360 3081 1542 3136 Ἀετοῦ
1585 3082 1839 3156 ἑσπέριος
1879 3083 2044 3139 δύνει.

484 3175 679 3247 Ἔπιση
689 3175 868 3245 μαίνει
901 3175 975 3238 ὡς
1013 3174 1269 3247 Δοσιθέῳ.

542 3275 617 3342 η’.
651 3270 790 3341 Ὤρᾳ.
825 3269 883 3321 ιδ’
910 3270 938 3322 6
962 3268 1053 3322 ἐπὶ
1072 3268 1172 3339 τῆς
1211 3267 1456 3338 κεφαλῆς
1486 3267 1581 3322 τοῦ
1624 3268 1926 3340 ἡγουμένου
1961 3268 2051 3321 Δι-

470 3360 643 3431 δύμου
680 3359 814 3430 ἑῷος
861 3358 1026 3423 δύνει,
1057 3360 1152 3412 καὶ
1182 3361 1210 3412 6
1238 3359 1492 3431 λαμπρὸς
1519 3359 1615 3414 τοῦ
1636 3359 1811 3414 νοτίου
1852 3358 2053 3431 Ἰχθύος

477 3452 799 3524 κρύπτεται.
829 3451 1145 3522 Αἰγυπτίοις
1170 3452 1350 3523 πυκνὴ
1374 3451 1725 3517 κατάστασις.

548 3541 613 3595 θ’.
646 3543 786 3613 Ὥρα
817 3541 877 3596 ιδ’
925 3544 953 3596 ό
984 3540 1230 3614 λαμπρὸς
1254 3542 1353 3613 τῆς
1382 3542 1567 3615 Δύρας
1601 3544 1854 3616 ἑσπέριος
1885 3543 2051 3599 δύνειο

477 3634 506 3687 6
536 3633 782 3707 λαμπρὸς
804 3634 900 3689 τοῦ
938 3633 1121 3687 Ἀετοῦ
1149 3635 1395 3706 ἑσπέριος
1415 3634 1577 3689 δύνει.
1608 3635 1923 3703 Αἰγυπτίοις
1936 3636 2058 3690 ἑπι-

484 3724 754 3795 σημαίνει.
812 3725 1138 3797 Δημοκρίτῳ
1186 3725 1336 3790 νότος
1380 3726 1456 3791 ὡς
1504 3726 1574 3781 τὰ
1610 3726 1798 3784 πολλά.

548 3822 603 3871 ι’.
632 3814 794 3869 Κύων
815 3815 1065 3886 ἑσπέριος
1090 3814 1367 3868 ἀνατέλλει
1390 3813 1507 3888 ὥρᾳ
1534 3821 1585 3870 ι’.

551 3914 639 3964 ια’.
681 3908 823 3980 "Op;
853 3914 913 3962 ιε’
948 3911 977 3961 6
1002 3908 1095 3962 ἐπὶ
1114 3908 1211 3979 τῆς
1240 3908 1480 3981 κεφαλῆς
1516 3907 1611 3962 τοῦ
1635 3906 1938 3981 ἡγουμένου
1966 3908 2056 3961 Δι-

476 3998 537 4055 δύ
545 4018 645 4072 μου
673 4000 805 4070 ἑῷος
833 4000 997 4055 δύνει.

552 4092 639 4163 ιβ’.
675 4093 816 4164 Ὥρα
851 4092 911 4146 ιδ’
937 4092 966 4145 6
991 4090 1134 4148 κατὰ
1163 4091 1224 4145 τδ
1248 4091 1379 4163 γόνυ
1393 4090 1729 4157 τούΤοξότου
1763 4090 2051 4145 ἐπιτέλλει.

490 4182 790 4256 Ἱππάρχῳ,
822 4183 1034 4254 Εὐδόξῳ
1055 4183 1348 4254 χειμαίνει.

551 4282 641 4345 ιγ’.
672 4276 815 4349 Ὥρα
850 4275 910 4328 ιδ’
931 4275 959 4328 6
985 4274 1235 4348 λαμπρὸς
1250 4274 1344 4328 τοῦ
1378 4273 1553 4330 νοτίου
1578 4275 1779 4346 Ἰχθύος
1814 4274 2054 4347 κρύπτε-

478 4386 586 4423 ται.
620 4368 763 4441 ’Ὡρᾳ
790 4373 848 4421 ιε’
875 4368 904 4421 6
946 4367 1172 4439 ἔσχατος
1213 4365 1307 4421 τοῦ
1343 4365 1596 4439 Ποταμοῦ
1628 4367 1878 4439 ἑσπέριος
1924 4367 2057 4421 ἀνα-

477 4459 740 4515 τέλλεται.
784 4458 1099 4528 Αἰγυπτίοις
1125 4458 1275 4522 νότος
1307 4457 1341 4529 ἦ
1372 4457 1604 4530 ζέφυρος
1623 4475 1636 4488 ·
1662 4458 1932 4531 χειμαίνει
1959 4459 2056 4513 καί⁵

479 4553 623 4609 κατὰ
644 4553 747 4621 γῆν
772 4553 868 4609 καὶ
896 4549 1038 4605 κατὰ
1069 4550 1367 4607 θάλασσαν.

552 4642 633 4699 ιδ’.
665 4644 807 4715 Ὥρᾳ
836 4649 894 4695 ιε’
922 4647 952 4697 6
980 4644 1074 4698 ἐπὶ
1099 4644 1198 4715 τῆς
1212 4642 1454 4715 κεφαλῆς
1485 4642 1580 4697 τοῦ
1611 4642 1875 4715 ἑπομένου
1904 4641 2056 4697 Διδύ-

485 4754 586 4810 μου
641 4735 809 4790 δύνει.
865 4736 924 4789 '0
954 4735 1202 4809 λαμπρὸς
1245 4735 1341 4789 τοῦ
1397 4736 1684 4809 Ὑδροχόου
1724 4737 1858 4810 ἑῷος
1890 4737 2054 4792 δύνει.

480 4829 639 4885 Κύων
673 4829 924 4902 ἑσπέριος
966 4827 1263 4884 ἀνατέλλει.
1307 4829 1622 4899 Αἰγυπτίοις
1670 4830 1819 4897 νότος
1856 4831 2059 4905 σφόδρα

482 4925 577 4980 καὶ
595 4923 770 4988 ὑετὸς.

553 5026 635 5074 ιε’.
663 5019 839 5083 Νότος
876 5016 1064 5083 πολὺς,
1111 5017 1206 5072 καὶ
1227 5016 1576 5091 ἐπισημαίνει
1613 5017 1754 5074 κατὰ
1785 5018 2058 5074 θάλασσαν

486 5109 682 5184 βροντὴ
708 5112 803 5167 καὶ
826 5111 1025 5184 ψακὰς.

557 5212 658 5271 ις’.
690 5206 832 5278 Ὥρᾳ
870 5212 931 5259 ιε’
955 5207 983 5258 6
1014 5203 1370 5277 λαμπρδςτοῢ
1408 5202 1690 5277 ’Υδροχόου
1706 5204 1841 5275 ἑῷος
1881 5204 2061 5259 δύνει-η

485 5298 579 5352 καὶ
606 5300 635 5352 6
666 5299 758 5352 ἐπὶ
785 5298 887 5369 τῆς
923 5297 1168 5368 κεφαλῆς
1202 5296 1297 5350 τοῦ
1326 5296 1630 5368 ἡγουμένου
1658 5296 1780 5350 Διδύ
1790 5313 1892 5368 μου
1925 5295 2058 5367 ἑῷος

485 5389 651 5445 δύνει.
677 5389 890 5462 Εὐδόξῳ
906 5391 1056 5455 νότος
1086 5389 1454 5462 ἐπισημαίνει.⁹
1488 5389 1709 5461 ἀνέμων
1726 5388 1941 5457 ἀταξία.

561 5569 650 5636 ιζ’.
671 5572 815 5646 Ὠρᾳ
841 5580 909 5644 ιγ’
923 5572 1034 5647 [ιδ’]
1049 5576 1078 5629 ό
1103 5573 1351 5646 λαμπρὸς
1381 5570 1475 5626 τοῦ
1505 5571 1678 5627 νοτίου
1705 5571 1909 5643 ’ἰχθύος
1927 5574 2065 5648 κρύ-

489 5678 703 5717 πτεται.

562 5761 654 5827 ιη’.
677 5755 818 5829 Ἤρᾳ
856 5754 916 5811 ιδ’
942 5758 972 5811 6
1002 5756 1250 5829 λαμπρὸς
1276 5756 1377 5828 τῆς
1401 5753 1584 5828 Δύρας
1605 5756 1856 5828 ἑσπέριος
1890 5756 2055 5814 δύνει.

502 5846 563 5903 '0
587 5847 647 5903 ἑν
672 5847 753 5921 τῷ
776 5848 962 5921 γόνατι
999 5849 1093 5906 τοῦ
1118 5849 1346 5917 Τοξότου
1376 5847 1628 5921 ἑσπέριος
1663 5847 1830 5905 δύνει.

2130 622 2476 689 vespertinus
2505 618 2698 671 oritur.

2200 711 2293 766 28.
2326 712 2458 778 Quae
2486 718 2569 765 est
2597 710 2653 764 in
2687 710 3008 767 succedente
3030 708 3248 779 Aurigae
3271 708 3501 762 humero
3522 711 3707 759 metu-

2132 803 2248 858 tina
2278 802 2388 875 46
2413 801 2631 857 occidit.
2667 800 2961 873 Splendida
2992 801 3170 857 Piscis
3199 798 3457 855 australis
3475 796 3711 854 occulta-

2134 903 2246 951 tur.
2273 895 2542 966 [Egyptiis
2565 894 2788 949 hiemat.
2822 892 3024 948 Metoni
3056 891 3346 963 signiﬁcat.
3378 889 3576 946 Imber.

2204 986 2296 1044 29.
2335 987 2583 1058 Procyon
2606 984 2955 1057 vespertinus
2980 985 3182 1039 oritur.
3217 981 3488 1054 Egyptiis
3517 990 3573 1039 et
3599 982 3713 1039 Me-

2136 1080 2247 1133 toni
2278 1078 2568 1149 signiﬁcat.
2595 1075 2971 1145 Intemperies.

2209 1170 2297 1225 50.
2328 1169 2474 1224 llora
2506 1185 2598 1224 xlv
2634 1168 2918 1239 Splendida
2966 1166 3178 1236 Aquilae
3214 1164 3531 1233 vespertina
3563 1165 3716 1245 occi-

2137 1260 2241 1317 dit.
2268 1259 2542 1334 Egyptiis
2565 1258 2793 1326 africus,
2815 1266 2870 1314 et
2902 1257 3046 1313 aeris
3076 1255 3451 1326 intemperies.

2618 1389 2938 1456 Ianuarius,
2969 1389 3047 1445 uel
3083 1386 3234 1460 Tybi.

2212 1525 2266 1579 1.
2298 1522 2444 1579 Hora
2479 1538 2572 1579 xxv
2619 1522 2788 1577 Canis
2825 1521 3172 1593 vespertinus
3226 1519 3424 1575 oritur.
3465 1516 3717 1587 Procyon

2139 1618 2486 1688 vespertinus
2548 1616 2743 1674 oritur.
2810 1612 3121 1671 Democrito
3186 1617 3486 1683 tempestas
3543 1610 3716 1681 signi-

2142 1708 2291 1764 ﬁcat.

2211 1799 2266 1854 2.
2305 1798 2435 1864 Quae
2494 1804 2580 1853 est
2613 1798 2670 1853 in
2702 1796 2906 1867 'capite
2956 1792 3313 1868 prmcedentis
3364 1789 3719 1849 Geminorum

2074 1874 2119 1930 Β
2148 1892 2415 1945 matutino
2440 1890 2659 1944 occidit.
2693 1887 2950 1944 Dositheo
2981 1887 3203 1942 hiemat.

2217 1982 2272 2037 5.
2306 1981 2513 2036 Lucida
2565 1981 2774 2051 Aquilae
2831 1981 3028 2036 oritur.
3074 1977 3325 2049 Procyon
3376 1973 3719 2046 vespertinus

2147 2075 2343 2130 oritur.
2377 2073 2678 2129 Philemoni
2708 2073 3001 2143 signiﬁcat.

2218 2167 2273 2222 4.
2305 2166 2452 2221 Hora
2475 2181 2579 2220 xm
2606 2164 2788 2219 lucida
2830 2163 3002 2235 Cygni
3044 2160 3319 2216 matutino
3347 2160 3542 2216 oritur.
3591 2158 3723 2225 Quae

2148 2265 2233 2314 est
2253 2258 2308 2312 in
2341 2258 2519 2328 capite
2547 2256 2892 2314 succedentis
2936 2254 3290 2310 Geminorum
3326 2251 3593 2308 matutino
3621 2264 3720 2305 οε,

2148 2350 2302 2405 cidit.
2351 2349 2557 2404 Lucida
2595 2347 2806 2419 Aquilae
2841 2361 3069 2418 vespere
3119 2343 3340 2400 occidit.
3377 2341 3585 2398 Lucida
3625 2357 3725 2397 au-

2149 2441 2334 2498 stralis
2363 2441 2540 2497 Piscis
2561 2441 2892 2496 occultatur.
2937 2438 3211 2511 Egyptiis
3245 2444 3542 2506 tempestas
3581 2434 3640 2507 ﬁt
3669 2434 3724 2489 in

2148 2535 2310 2591 mari.
2365 2532 2687 2591 Euctemoni
2732 2538 3027 2603 tempestas
3064 2533 3169 2589 sub
3206 2540 3418 2600 tempus
3458 2535 3725 2584 statutum

2147 2626 2344 2682 oritur.

2220 2719 2273 2774 5.
2304 2717 2452 2774 Hora
2481 2735 2574 2774 xlv
2595 2734 2716 2790 quae
2744 2719 2800 2774 in
2833 2717 3010 2789 capite
3032 2722 3116 2773 est
3146 2713 3503 2787 praecedentis
3546 2712 3727 2770 Gemi-

2151 2825 2346 2866 norum
2379 2812 2644 2865 rnatutina
2675 2811 2869 2866 oritur.

2219 2902 2273 2957 6.
2320 2901 2469 2958 Hora
2495 2918 2595 2957 xm
2625 2916 2746 2975 qua:
2796 2901 2863 2956 ad
2892 2916 3033 2972 genu
3078 2897 3362 2972 Sagittarii
3403 2904 3491 2954 est
3527 2897 3722 2953 oritur.

2150 2992 2316 3049 Canis
2347 2994 2698 3064 vespertinus
2726 2992 2951 3048 occidit.

2218 3087 2270 3140 7.
2303 3084 2451 3141 Hora
2479 3102 2550 3142 xv
2576 3085 2758 3141 lucida
2792 3085 3004 3156 Aquilae
3036 3097 3263 3156 vespere
3286 3080 3510 3138 occidit.
3543 3078 3729 3151 Signi-

2076 3209 2123 3273 ο
2155 3178 2461 3273 ﬁcationem
2504 3179 2668 3235 habet
2700 3178 2980 3235 Dositheo.

2224 3270 2281 3326 8.
2316 3269 2465 3326 Hora
2495 3288 2586 3327 xrv
2606 3286 2727 3342 quae
2751 3271 2809 3325 in
2837 3270 3015 3341 capite
3039 3275 3125 3325 est
3147 3265 3524 3324 antecedentis
3547 3264 3729 3321 Gemi—

2153 3377 2353 3418 norum
2380 3378 2541 3419 mane
2575 3363 2800 3428 occidit,
2839 3361 3025 3417 lucida
3078 3360 3220 3418 notii
3263 3358 3441 3416 Piscis
3486 3357 3724 3413 occulta-

2153 3462 2264 3512 tur.
2299 3454 2572 3527 .IEgyptiis
2604 3455 2867 3511 densatur
2891 3468 3003 3509 aer.

2224 3546 2278 3602 9.
2304 3546 2447 3602 Hora
2473 3563 2567 3603 xiv
2595 3547 2773 3602 lucida
2810 3545 2968 3618 Lyrae
2999 3559 3229 3616 vespere
3269 3542 3490 3599 occidit.
3522 3539 3729 3595 Lucida

2156 3641 2366 3712 Aquila:
2391 3656 2618 3711 vespere
2649 3638 2872 3695 occidit.
2897 3637 3172 3711 Egyptiis
3208 3634 3501 3709 signiﬁcat.
3532 3633 3732 3691 Demo-

2155 3735 2295 3791 crito
2319 3744 2504 3790 auster
2533 3743 2593 3788 ut
2621 3733 2940 3803 plurimum.

2226 3826 2313 3881 10.
2350 3825 2517 3881 Canis
2545 3840 2771 3896 vespere
2798 3825 2976 3879 oritur
3014 3822 3149 3878 hora
3183 3837 3240 3876 χ.

2223 3920 2313 3975 li.
2346 3918 2493 3974 Hora
2529 3934 2599 3973 xv
2630 3932 2752 3988 quae
2782 3924 2867 3974 est
2912 3916 2969 3971 in
3006 3915 3186 3987 capite
3224 3907 3597 3968 antecedentis
3624 3908 3732 3965 Ge-

2154 4011 2289 4067 mini
2319 4026 2483 4066 mane
2501 4010 2723 4066 occidit.

2235 4103 2323 4159 12.
2348 4098 2494 4159 Hora
2524 4118 2618 4158 xw
2644 4117 2767 4174 qua:
2805 4108 2891 4156 est
2932 4100 2989 4155 in
3016 4114 3160 4171 genu
3201 4094 3483 4169 Sagittarii
3531 4095 3729 4150 oritur.

2155 4195 2468 4266 Hipparcho
2497 4201 2553 4249 et
2575 4193 2801 4248 Eudoxo
2828 4192 3052 4247 hiemat.

2227 4288 2316 4342 i3.
2348 4284 2495 4341 Hora
2522 4302 2614 4341 xw
2644 4283 2926 4356 splendida
2953 4281 3132 4337 Piscis
3159 4277 3416 4336 australis
3449 4273 3734 4330 abscondi-

2156 4388 2265 4437 tur.
2306 4379 2452 4436 Hora
2472 4397 2542 4436 xv
2566 4389 2840 4451 postrema
2869 4378 3045 4434 Fluvii
3084 4389 3312 4446 vespere
3344 4372 3540 4427 oritur.
3563 4367 3732 4439 Egy-

2156 4473 2286 4545 ptiis
2313 4479 2499 4529 auster
2520 4473 2607 4528 vel
2637 4471 2908 4543 zephyrus
2937 4486 2953 4537 ;
3008 4475 3303 4539 tempestas
3348 4463 3549 4521 accidit
3587 4471 3733 4516 terra

2084 4570 2131 4627 ι)
2157 4565 2423 4637 marique.

2231 4658 2321 4712 Η.
2359 4656 2505 4712 Hora
2537 4672 2609 4711 xv
2635 4669 2758 4726 quae
2789 4660 2874 4709 est
2903 4652 2961 4706 in
3009 4650 3191 4722 capite
3228 4645 3575 4706 succedentis
3622 4642 3733 4698 Ge-

2156 4746 2434 4802 minorum
2487 4744 2711 4800 occidit.
2758 4741 2965 4798 Lucida
3010 4739 3242 4812 Aquarii
3290 4752 3449 4794 mane
3509 4733 3731 4791 occidit.

2157 4837 2324 4896 Canis
2355 4836 2704 4907 vespertinus
2743 4836 2945 4891 oritur.
2987 4832 3265 4905 Egyptiis
3294 4830 3591 4887 vehemens
3634 4830 3736 4878 au-

2156 4940 2272 4985 ster
2302 4944 2427 4985 cum
2453 4928 2656 4999 pluvia.

2225 5022 2315 5079 15.
2346 5023 2544 5078 Auster
2579 5024 2793 5094 ingens,
2844 5026 2899 5077 et
2929 5017 3201 5092 signiﬁcat
3241 5018 3299 5073 in
3326 5015 3466 5073 mari
3497 5013 3730 5079 tonitru,

2155 5119 2210 5169 et
2238 5113 2451 5169 stillans
2478 5113 2681 5184 pluvia.

2230 5203 2318 5261 16.
2354 5203 2502 5261 Hora
2536 5222 2608 5261 xv
2645 5203 2826 5259 lucida
2857 5201 3083 5274 Aquarii
3112 5214 3274 5255 mane
3312 5196 3532 5253 occidit.
3599 5193 3733 5261 Quae

2157 5296 2416 5367 incapite
2453 5294 2812 5366 praecedentis
2855 5301 2941 5350 est
2988 5291 3343 5348 Geminorum
3393 5301 3551 5342 mane
3593 5289 3734 5340 occi-

2157 5390 2257 5445 dit.
2319 5388 2543 5443 Eudoxo
2602 5393 2789 5443 auster
2846 5383 3154 5456 signiﬁcat;
3205 5388 3491 5437 ventorum
3539 5375 3734 5433 incon.

2159 5483 2381 5543 stantia.
3086 5514 3091 5521 α

2230 5577 2325 5634 17.
2352 5572 2497 5629 Hora
2524 5587 2617 5629 xlv
2648 5569 2829 5627 lucida
2851 5570 2988 5627 notii
3013 5568 3191 5627 Piscis
3217 5567 3594 5623 absconditur.

2235 5749 2489 5808 18.Hora
2511 5765 2605 5806 xlv
2648 5746 2831 5803 lucida
2862 5746 3019 5818 Lyra:
3065 5757 3292 5815 vespere
3329 5739 3550 5800 occidit.
3601 5714 3734 5807 Qua

2167 5846 2222 5903 in
2251 5860 2395 5918 genu
2426 5839 2703 5915 Sagittarii
2739 5847 2823 5898 est
2849 5853 3075 5912 vespere
3096 5833 3317 5895 occidit.
