  <div class='ocr_page' id='page_1' title='image "/cluster/home/n/w/nwhite01/storage/ocr_20150623/19:no.1/coo.31924054872993/469.png"; bbox 0 0 4146 6434; ppageno 0'>
   <div class='ocr_carea' id='block_1_1' title="bbox 548 368 658 426">
    <p class='ocr_par' dir='ltr' id='par_1_1' title="bbox 548 368 658 426">
     <span class='ocr_line' id='line_1_1' title="bbox 548 368 658 426; baseline 0.018 -2"><span class='ocrx_word' id='word_1_1' title='bbox 548 368 658 426; x_wconf 56' lang='lat' dir='ltr'><strong>89k&lt;</strong></span> 
     </span>
    </p>
   </div>
   <div class='ocr_carea' id='block_1_2' title="bbox 622 482 1660 555">
    <p class='ocr_par' dir='ltr' id='par_1_2' title="bbox 622 482 1660 555">
     <span class='ocr_line' id='line_1_2' title="bbox 622 482 1660 555; baseline -0.002 -15"><span class='ocrx_word' id='word_1_2' title='bbox 622 484 676 540; x_wconf 77' lang='grc' dir='ltr'><strong>ι.</strong></span> <span class='ocrx_word' id='word_1_3' title='bbox 709 483 1024 555; x_wconf 77' lang='lat' dir='ltr'><strong>Hipparcho</strong></span> <span class='ocrx_word' id='word_1_4' title='bbox 1053 488 1241 539; x_wconf 83' lang='lat' dir='ltr'><strong>auster</strong></span> <span class='ocrx_word' id='word_1_5' title='bbox 1272 494 1367 538; x_wconf 87' lang='lat' dir='ltr'><strong>aut</strong></span> <span class='ocrx_word' id='word_1_6' title='bbox 1389 482 1660 541; x_wconf 79' lang='lat' dir='ltr'><strong>favonius.</strong></span> 
     </span>
    </p>
   </div>
   <div class='ocr_carea' id='block_1_3' title="bbox 621 575 2127 648">
    <p class='ocr_par' dir='ltr' id='par_1_3' title="bbox 621 575 2127 648">
     <span class='ocr_line' id='line_1_3' title="bbox 621 575 2127 648; baseline -0.001 -15"><span class='ocrx_word' id='word_1_7' title='bbox 621 578 673 633; x_wconf 85' lang='lat'><strong>5.</strong></span> <span class='ocrx_word' id='word_1_8' title='bbox 715 575 861 631; x_wconf 84' lang='lat' dir='ltr'><strong>Hora</strong></span> <span class='ocrx_word' id='word_1_9' title='bbox 893 592 984 630; x_wconf 77' lang='lat' dir='ltr'><strong>xiv</strong></span> <span class='ocrx_word' id='word_1_10' title='bbox 1014 575 1120 648; x_wconf 88' lang='grc' dir='ltr'><strong>1ίὲ</strong></span> <span class='ocrx_word' id='word_1_11' title='bbox 1147 592 1268 646; x_wconf 73' lang='lat' dir='ltr'><strong>qua:</strong></span> <span class='ocrx_word' id='word_1_12' title='bbox 1294 575 1362 630; x_wconf 90' lang='lat' dir='ltr'><strong>ad</strong></span> <span class='ocrx_word' id='word_1_13' title='bbox 1392 576 1773 631; x_wconf 78' lang='lat' dir='ltr'><strong>succedentem</strong></span> <span class='ocrx_word' id='word_1_14' title='bbox 1815 577 2127 633; x_wconf 80' lang='lat' dir='ltr'><strong>musculum</strong></span> 
     </span>
    </p>
   </div>
   <div class='ocr_carea' id='block_1_4' title="bbox 550 665 2129 739">
    <p class='ocr_par' dir='ltr' id='par_1_4' title="bbox 550 665 2129 739">
     <span class='ocr_line' id='line_1_4' title="bbox 550 665 2129 739; baseline -0.001 -13"><span class='ocrx_word' id='word_1_15' title='bbox 550 670 815 726; x_wconf 75' lang='lat' dir='ltr'><strong>Centauri</strong></span> <span class='ocrx_word' id='word_1_16' title='bbox 846 678 932 725; x_wconf 89' lang='lat' dir='ltr'><strong>est</strong></span> <span class='ocrx_word' id='word_1_17' title='bbox 964 684 1193 739; x_wconf 82' lang='lat' dir='ltr'><strong>vespere</strong></span> <span class='ocrx_word' id='word_1_18' title='bbox 1223 670 1421 722; x_wconf 76' lang='lat' dir='ltr'><strong>oritur.</strong></span> <span class='ocrx_word' id='word_1_19' title='bbox 1443 666 1589 722; x_wconf 86' lang='lat' dir='ltr'><strong>llora</strong></span> <span class='ocrx_word' id='word_1_20' title='bbox 1620 684 1688 723; x_wconf 98' lang='lat' dir='ltr'><strong>xv</strong></span> <span class='ocrx_word' id='word_1_21' title='bbox 1704 665 1882 738; x_wconf 90' lang='lat' dir='ltr'><strong>Capra</strong></span> <span class='ocrx_word' id='word_1_22' title='bbox 1905 683 2129 738; x_wconf 78' lang='lat' dir='ltr'><strong>vespere</strong></span> 
     </span>
    </p>
   </div>
   <div class='ocr_carea' id='block_1_5' title="bbox 551 759 2128 831">
    <p class='ocr_par' dir='ltr' id='par_1_5' title="bbox 551 759 2128 831">
     <span class='ocr_line' id='line_1_5' title="bbox 551 759 2128 831; baseline 0.002 -16"><span class='ocrx_word' id='word_1_23' title='bbox 551 761 789 817; x_wconf 83' lang='lat' dir='ltr'><strong>occidit:</strong></span> <span class='ocrx_word' id='word_1_24' title='bbox 828 776 949 831; x_wconf 83' lang='lat' dir='ltr'><strong>quae</strong></span> <span class='ocrx_word' id='word_1_25' title='bbox 978 761 1033 815; x_wconf 93' lang='lat' dir='ltr'><strong>in</strong></span> <span class='ocrx_word' id='word_1_26' title='bbox 1081 759 1413 817; x_wconf 89' lang='lat' dir='ltr'><strong>succedente</strong></span> <span class='ocrx_word' id='word_1_27' title='bbox 1456 768 1540 817; x_wconf 89' lang='lat' dir='ltr'><strong>est</strong></span> <span class='ocrx_word' id='word_1_28' title='bbox 1589 760 1854 819; x_wconf 82' lang='lat' dir='ltr'><strong>Heniochi</strong></span> <span class='ocrx_word' id='word_1_29' title='bbox 1898 761 2128 818; x_wconf 89' lang='lat' dir='ltr'><strong>humero</strong></span> 
     </span>
    </p>
   </div>
   <div class='ocr_carea' id='block_1_6' title="bbox 550 851 1038 923">
    <p class='ocr_par' dir='ltr' id='par_1_6' title="bbox 550 851 1038 923">
     <span class='ocr_line' id='line_1_6' title="bbox 550 851 1038 923; baseline -0.002 -16"><span class='ocrx_word' id='word_1_30' title='bbox 550 868 780 923; x_wconf 77' lang='lat' dir='ltr'><strong>vespere</strong></span> <span class='ocrx_word' id='word_1_31' title='bbox 808 851 1038 907; x_wconf 89' lang='lat' dir='ltr'><strong>occidit.</strong></span> 
     </span>
    </p>
   </div>
   <div class='ocr_carea' id='block_1_7' title="bbox 620 942 2127 1017">
    <p class='ocr_par' dir='ltr' id='par_1_7' title="bbox 620 942 2127 1017">
     <span class='ocr_line' id='line_1_7' title="bbox 620 942 2127 1017; baseline 0.001 -17"><span class='ocrx_word' id='word_1_32' title='bbox 620 946 674 1000; x_wconf 86' lang='lat'><strong>6.</strong></span> <span class='ocrx_word' id='word_1_33' title='bbox 710 943 856 999; x_wconf 82' lang='lat' dir='ltr'><strong>[lora</strong></span> <span class='ocrx_word' id='word_1_34' title='bbox 885 961 976 999; x_wconf 73' lang='lat' dir='ltr'><strong>xiv</strong></span> <span class='ocrx_word' id='word_1_35' title='bbox 1017 943 1267 1014; x_wconf 85' lang='lat' dir='ltr'><strong>Procyon</strong></span> <span class='ocrx_word' id='word_1_36' title='bbox 1309 944 1652 1011; x_wconf 79' lang='lat' dir='ltr'><strong>occultatur;</strong></span> <span class='ocrx_word' id='word_1_37' title='bbox 1692 944 1880 1001; x_wconf 88' lang='lat' dir='ltr'><strong>lucida</strong></span> <span class='ocrx_word' id='word_1_38' title='bbox 1912 942 2127 1017; x_wconf 76' lang='lat' dir='ltr'><strong>Aquilae</strong></span> 
     </span>
    </p>
   </div>
   <div class='ocr_carea' id='block_1_8' title="bbox 456 1036 2126 1111">
    <p class='ocr_par' dir='ltr' id='par_1_8' title="bbox 456 1036 2126 1111">
     <span class='ocr_line' id='line_1_8' title="bbox 456 1036 2126 1111; baseline 0.004 -22"><span class='ocrx_word' id='word_1_39' title='bbox 456 1039 461 1045; x_wconf 89' lang='lat'><strong>&#39;</strong></span> <span class='ocrx_word' id='word_1_40' title='bbox 549 1050 777 1106; x_wconf 81' lang='lat' dir='ltr'><strong>vespere</strong></span> <span class='ocrx_word' id='word_1_41' title='bbox 799 1037 974 1092; x_wconf 90' lang='lat' dir='ltr'><strong>oritur</strong></span> <span class='ocrx_word' id='word_1_42' title='bbox 999 1052 1014 1089; x_wconf 90' lang='lat'><strong>:</strong></span> <span class='ocrx_word' id='word_1_43' title='bbox 1044 1052 1165 1108; x_wconf 86' lang='lat' dir='ltr'><strong>quae</strong></span> <span class='ocrx_word' id='word_1_44' title='bbox 1183 1037 1251 1092; x_wconf 90' lang='lat' dir='ltr'><strong>ad</strong></span> <span class='ocrx_word' id='word_1_45' title='bbox 1274 1053 1414 1110; x_wconf 78' lang='lat' dir='ltr'><strong>genu</strong></span> <span class='ocrx_word' id='word_1_46' title='bbox 1442 1036 1725 1111; x_wconf 80' lang='lat' dir='ltr'><strong>Sagittarii</strong></span> <span class='ocrx_word' id='word_1_47' title='bbox 1754 1044 1839 1095; x_wconf 89' lang='lat' dir='ltr'><strong>est</strong></span> <span class='ocrx_word' id='word_1_48' title='bbox 1858 1040 2126 1096; x_wconf 89' lang='lat' dir='ltr'><strong>matutino</strong></span> 
     </span>
    </p>
   </div>
   <div class='ocr_carea' id='block_1_9' title="bbox 552 1129 773 1184">
    <p class='ocr_par' dir='ltr' id='par_1_9' title="bbox 552 1129 773 1184">
     <span class='ocr_line' id='line_1_9' title="bbox 552 1129 773 1184; baseline -0.005 0"><span class='ocrx_word' id='word_1_49' title='bbox 552 1129 773 1184; x_wconf 88' lang='lat' dir='ltr'><strong>occidit.</strong></span> 
     </span>
    </p>
   </div>
   <div class='ocr_carea' id='block_1_10' title="bbox 623 1218 2126 1291">
    <p class='ocr_par' dir='ltr' id='par_1_10' title="bbox 623 1218 2126 1291">
     <span class='ocr_line' id='line_1_10' title="bbox 623 1218 2126 1291; baseline 0.003 -19"><span class='ocrx_word' id='word_1_50' title='bbox 623 1220 670 1272; x_wconf 90' lang='lat'><strong>7.</strong></span> <span class='ocrx_word' id='word_1_51' title='bbox 709 1218 856 1273; x_wconf 84' lang='lat' dir='ltr'><strong>Hora</strong></span> <span class='ocrx_word' id='word_1_52' title='bbox 890 1219 1108 1291; x_wconf 76' lang='lat' dir='ltr'><strong>xtv1/2</strong></span> <span class='ocrx_word' id='word_1_53' title='bbox 1136 1220 1321 1277; x_wconf 90' lang='lat' dir='ltr'><strong>lucida</strong></span> <span class='ocrx_word' id='word_1_54' title='bbox 1355 1219 1685 1276; x_wconf 87' lang='lat' dir='ltr'><strong>Sucularum</strong></span> <span class='ocrx_word' id='word_1_55' title='bbox 1701 1221 1896 1279; x_wconf 77' lang='lat' dir='ltr'><strong>Oritur.</strong></span> <span class='ocrx_word' id='word_1_56' title='bbox 1927 1220 2126 1277; x_wconf 86' lang='lat' dir='ltr'><strong>Arctu-</strong></span> 
     </span>
    </p>
   </div>
   <div class='ocr_carea' id='block_1_11' title="bbox 548 1310 2124 1385">
    <p class='ocr_par' dir='ltr' id='par_1_11' title="bbox 548 1310 2124 1385">
     <span class='ocr_line' id='line_1_11' title="bbox 548 1310 2124 1385; baseline 0.004 -21"><span class='ocrx_word' id='word_1_57' title='bbox 548 1325 645 1364; x_wconf 89' lang='lat' dir='ltr'><strong>rus</strong></span> <span class='ocrx_word' id='word_1_58' title='bbox 674 1310 978 1366; x_wconf 90' lang='lat' dir='ltr'><strong>matutinus</strong></span> <span class='ocrx_word' id='word_1_59' title='bbox 1007 1313 1230 1369; x_wconf 90' lang='lat' dir='ltr'><strong>occidit.</strong></span> <span class='ocrx_word' id='word_1_60' title='bbox 1267 1312 1543 1385; x_wconf 64' lang='lat' dir='ltr'><strong>Egyptiis</strong></span> <span class='ocrx_word' id='word_1_61' title='bbox 1583 1311 1857 1370; x_wconf 81' lang='lat' dir='ltr'><strong>favonius.</strong></span> <span class='ocrx_word' id='word_1_62' title='bbox 1898 1311 2124 1370; x_wconf 80' lang='lat' dir='ltr'><strong>Eudoxo</strong></span> 
     </span>
    </p>
   </div>
   <div class='ocr_carea' id='block_1_12' title="bbox 548 1402 1084 1466">
    <p class='ocr_par' dir='ltr' id='par_1_12' title="bbox 548 1402 1084 1466">
     <span class='ocr_line' id='line_1_12' title="bbox 548 1402 1084 1466; baseline 0.004 -8"><span class='ocrx_word' id='word_1_63' title='bbox 548 1402 835 1466; x_wconf 85' lang='lat' dir='ltr'><strong>humidum</strong></span> <span class='ocrx_word' id='word_1_64' title='bbox 864 1406 1084 1460; x_wconf 58' lang='lat' dir='ltr'><strong>omium.</strong></span> 
     </span>
    </p>
   </div>
   <div class='ocr_carea' id='block_1_13' title="bbox 621 1492 2075 1567">
    <p class='ocr_par' dir='ltr' id='par_1_13' title="bbox 621 1492 2075 1567">
     <span class='ocr_line' id='line_1_13' title="bbox 621 1492 2075 1567; baseline 0.004 -19"><span class='ocrx_word' id='word_1_65' title='bbox 621 1494 674 1548; x_wconf 93' lang='lat'><strong>8.</strong></span> <span class='ocrx_word' id='word_1_66' title='bbox 709 1492 854 1549; x_wconf 86' lang='lat' dir='ltr'><strong>Hora</strong></span> <span class='ocrx_word' id='word_1_67' title='bbox 883 1511 919 1549; x_wconf 84' lang='lat' dir='ltr'><strong>x</strong></span> <span class='ocrx_word' id='word_1_68' title='bbox 951 1495 1223 1567; x_wconf 64' lang='lat' dir='ltr'><strong>Egyptiis</strong></span> <span class='ocrx_word' id='word_1_69' title='bbox 1250 1495 1503 1553; x_wconf 80' lang='lat' dir='ltr'><strong>favonius</strong></span> <span class='ocrx_word' id='word_1_70' title='bbox 1532 1496 1704 1567; x_wconf 86' lang='lat' dir='ltr'><strong>spirat</strong></span> <span class='ocrx_word' id='word_1_71' title='bbox 1727 1501 1822 1553; x_wconf 83' lang='lat' dir='ltr'><strong>aut</strong></span> <span class='ocrx_word' id='word_1_72' title='bbox 1854 1512 2075 1554; x_wconf 89' lang='lat' dir='ltr'><strong>caurus.</strong></span> 
     </span>
    </p>
   </div>
   <div class='ocr_carea' id='block_1_14' title="bbox 618 1585 2123 1661">
    <p class='ocr_par' dir='ltr' id='par_1_14' title="bbox 618 1585 2123 1661">
     <span class='ocr_line' id='line_1_14' title="bbox 618 1585 2123 1661; baseline 0.005 -20"><span class='ocrx_word' id='word_1_73' title='bbox 618 1585 672 1641; x_wconf 90' lang='lat'><strong>9.</strong></span> <span class='ocrx_word' id='word_1_74' title='bbox 700 1585 846 1640; x_wconf 79' lang='lat' dir='ltr'><strong>liora</strong></span> <span class='ocrx_word' id='word_1_75' title='bbox 874 1603 967 1642; x_wconf 73' lang='lat' dir='ltr'><strong>xlv</strong></span> <span class='ocrx_word' id='word_1_76' title='bbox 992 1588 1096 1659; x_wconf 87' lang='lat'><strong>1/2</strong></span> <span class='ocrx_word' id='word_1_77' title='bbox 1118 1604 1239 1659; x_wconf 75' lang='lat' dir='ltr'><strong>qua:</strong></span> <span class='ocrx_word' id='word_1_78' title='bbox 1274 1589 1341 1643; x_wconf 91' lang='lat' dir='ltr'><strong>ad</strong></span> <span class='ocrx_word' id='word_1_79' title='bbox 1371 1605 1511 1659; x_wconf 79' lang='lat' dir='ltr'><strong>genu</strong></span> <span class='ocrx_word' id='word_1_80' title='bbox 1531 1590 1812 1661; x_wconf 77' lang='lat' dir='ltr'><strong>Sagittarii</strong></span> <span class='ocrx_word' id='word_1_81' title='bbox 1844 1598 1927 1647; x_wconf 86' lang='lat' dir='ltr'><strong>est</strong></span> <span class='ocrx_word' id='word_1_82' title='bbox 1960 1606 2123 1648; x_wconf 86' lang='lat' dir='ltr'><strong>mane</strong></span> 
     </span>
    </p>
   </div>
   <div class='ocr_carea' id='block_1_15' title="bbox 542 1677 2118 1757">
    <p class='ocr_par' dir='ltr' id='par_1_15' title="bbox 542 1677 2118 1757">
     <span class='ocr_line' id='line_1_15' title="bbox 542 1677 2118 1757; baseline 0.005 -25"><span class='ocrx_word' id='word_1_83' title='bbox 542 1677 936 1735; x_wconf 86' lang='lat' dir='ltr'><strong>oceidit.Hora</strong></span> <span class='ocrx_word' id='word_1_84' title='bbox 975 1696 1046 1734; x_wconf 89' lang='lat' dir='ltr'><strong>xv</strong></span> <span class='ocrx_word' id='word_1_85' title='bbox 1089 1681 1269 1737; x_wconf 90' lang='lat' dir='ltr'><strong>lucida</strong></span> <span class='ocrx_word' id='word_1_86' title='bbox 1306 1683 1534 1753; x_wconf 85' lang='lat' dir='ltr'><strong>Aquarii</strong></span> <span class='ocrx_word' id='word_1_87' title='bbox 1586 1684 1913 1739; x_wconf 77' lang='lat' dir='ltr'><strong>occultatur.</strong></span> <span class='ocrx_word' id='word_1_88' title='bbox 1946 1684 2118 1757; x_wconf 70' lang='lat' dir='ltr'><strong>Egy-</strong></span> 
     </span>
    </p>
   </div>
   <div class='ocr_carea' id='block_1_16' title="bbox 1604 362 2844 423">
    <p class='ocr_par' dir='ltr' id='par_1_16' title="bbox 1604 362 2844 423">
     <span class='ocr_line' id='line_1_16' title="bbox 1604 362 2844 423; baseline 0.001 -2"><span class='ocrx_word' id='word_1_89' title='bbox 1604 365 1696 421; x_wconf 80' lang='grc' dir='ltr'><strong>Αι)</strong></span> <span class='ocrx_word' id='word_1_90' title='bbox 1734 363 2003 422; x_wconf 71' lang='grc' dir='ltr'><strong>ευδειιιι</strong></span> <span class='ocrx_word' id='word_1_91' title='bbox 2040 362 2438 422; x_wconf 75' lang='lat' dir='ltr'><strong>CllBONlCON</strong></span> <span class='ocrx_word' id='word_1_92' title='bbox 2476 364 2844 423; x_wconf 64' lang='lat' dir='ltr'><strong>AE‘PENDIX.</strong></span> 
     </span>
    </p>
   </div>
   <div class='ocr_carea' id='block_1_17' title="bbox 3697 371 3801 429">
    <p class='ocr_par' dir='ltr' id='par_1_17' title="bbox 3697 371 3801 429">
     <span class='ocr_line' id='line_1_17' title="bbox 3697 371 3801 429; baseline 0.01 -1"><span class='ocrx_word' id='word_1_93' title='bbox 3697 371 3801 429; x_wconf 81' lang='lat'><strong>896</strong></span> 
     </span>
    </p>
   </div>
   <div class='ocr_carea' id='block_1_18' title="bbox 2148 484 3186 557">
    <p class='ocr_par' dir='ltr' id='par_1_18' title="bbox 2148 484 3186 557">
     <span class='ocr_line' id='line_1_18' title="bbox 2148 484 3186 557; baseline -0.001 -16"><span class='ocrx_word' id='word_1_94' title='bbox 2148 484 2197 541; x_wconf 76' lang='grc' dir='ltr'><strong>Α</strong></span> <span class='ocrx_word' id='word_1_95' title='bbox 2291 484 2353 541; x_wconf 77' lang='grc' dir='ltr'><strong>δ’.</strong></span> <span class='ocrx_word' id='word_1_96' title='bbox 2394 485 2680 557; x_wconf 79' lang='grc' dir='ltr'><strong>Ἱππάρχῳ</strong></span> <span class='ocrx_word' id='word_1_97' title='bbox 2701 485 2907 556; x_wconf 74' lang='grc' dir='ltr'>νότοςῆ</span> <span class='ocrx_word' id='word_1_98' title='bbox 2938 484 3186 556; x_wconf 69' lang='grc' dir='ltr'>ζέφυρος.</span> 
     </span>
    </p>
   </div>
   <div class='ocr_carea' id='block_1_19' title="bbox 2296 575 3803 649">
    <p class='ocr_par' dir='ltr' id='par_1_19' title="bbox 2296 575 3803 649">
     <span class='ocr_line' id='line_1_19' title="bbox 2296 575 3803 649; baseline 0.003 -20"><span class='ocrx_word' id='word_1_99' title='bbox 2296 583 2357 629; x_wconf 84' lang='grc' dir='ltr'><strong>ε’.</strong></span> <span class='ocrx_word' id='word_1_100' title='bbox 2395 577 2537 649; x_wconf 76' lang='grc' dir='ltr'>Ὦρα</span> <span class='ocrx_word' id='word_1_101' title='bbox 2568 577 2693 632; x_wconf 75' lang='grc' dir='ltr'><strong>ιδ’8”</strong></span> <span class='ocrx_word' id='word_1_102' title='bbox 2720 578 2750 630; x_wconf 98' lang='lat'><strong>6</strong></span> <span class='ocrx_word' id='word_1_103' title='bbox 2778 579 2836 631; x_wconf 84' lang='grc' dir='ltr'>ἐν</span> <span class='ocrx_word' id='word_1_104' title='bbox 2863 576 2942 647; x_wconf 87' lang='grc' dir='ltr'>τῷ</span> <span class='ocrx_word' id='word_1_105' title='bbox 2967 577 3217 648; x_wconf 76' lang='grc' dir='ltr'><strong>ἑπομένῳ</strong></span> <span class='ocrx_word' id='word_1_106' title='bbox 3262 576 3537 649; x_wconf 83' lang='grc' dir='ltr'>βατραχίῳ</span> <span class='ocrx_word' id='word_1_107' title='bbox 3550 575 3646 632; x_wconf 86' lang='grc' dir='ltr'><strong>τοῦ</strong></span> <span class='ocrx_word' id='word_1_108' title='bbox 3673 578 3803 633; x_wconf 81' lang='grc' dir='ltr'><strong>Κεν-</strong></span> 
     </span>
    </p>
   </div>
   <div class='ocr_carea' id='block_1_20' title="bbox 2226 667 3802 740">
    <p class='ocr_par' dir='ltr' id='par_1_20' title="bbox 2226 667 3802 740">
     <span class='ocr_line' id='line_1_20' title="bbox 2226 667 3802 740; baseline 0.003 -20"><span class='ocrx_word' id='word_1_109' title='bbox 2226 667 2425 739; x_wconf 82' lang='grc' dir='ltr'><strong>ταύρου</strong></span> <span class='ocrx_word' id='word_1_110' title='bbox 2447 667 2695 740; x_wconf 79' lang='grc' dir='ltr'><strong>ἑσπέριος</strong></span> <span class='ocrx_word' id='word_1_111' title='bbox 2714 668 3015 722; x_wconf 81' lang='grc' dir='ltr'>ἀνατέλλει.</span> <span class='ocrx_word' id='word_1_112' title='bbox 3044 669 3186 740; x_wconf 82' lang='grc' dir='ltr'><strong>’Ὠρᾳ</strong></span> <span class='ocrx_word' id='word_1_113' title='bbox 3208 675 3266 721; x_wconf 80' lang='grc' dir='ltr'><strong>ιε’</strong></span> <span class='ocrx_word' id='word_1_114' title='bbox 3288 670 3318 721; x_wconf 93' lang='lat'><strong>6</strong></span> <span class='ocrx_word' id='word_1_115' title='bbox 3345 668 3677 739; x_wconf 88' lang='grc' dir='ltr'>καλούμενος</span> <span class='ocrx_word' id='word_1_116' title='bbox 3704 672 3802 736; x_wconf 78' lang='grc' dir='ltr'><strong>Αἲξ</strong></span> 
     </span>
    </p>
   </div>
   <div class='ocr_carea' id='block_1_21' title="bbox 2227 759 3801 833">
    <p class='ocr_par' dir='ltr' id='par_1_21' title="bbox 2227 759 3801 833">
     <span class='ocr_line' id='line_1_21' title="bbox 2227 759 3801 833; baseline 0.002 -21"><span class='ocrx_word' id='word_1_117' title='bbox 2227 760 2480 832; x_wconf 80' lang='grc' dir='ltr'><strong>ἑσπέριος</strong></span> <span class='ocrx_word' id='word_1_118' title='bbox 2507 760 2670 815; x_wconf 82' lang='grc' dir='ltr'><strong>δύνει·</strong></span> <span class='ocrx_word' id='word_1_119' title='bbox 2705 763 2733 815; x_wconf 90' lang='lat'><strong>6</strong></span> <span class='ocrx_word' id='word_1_120' title='bbox 2760 762 2817 817; x_wconf 87' lang='grc' dir='ltr'>ἐν</span> <span class='ocrx_word' id='word_1_121' title='bbox 2846 760 2925 832; x_wconf 88' lang='grc' dir='ltr'>τῷ</span> <span class='ocrx_word' id='word_1_122' title='bbox 2954 761 3204 833; x_wconf 84' lang='grc' dir='ltr'>ἑπομένῳ</span> <span class='ocrx_word' id='word_1_123' title='bbox 3232 759 3326 815; x_wconf 86' lang='grc' dir='ltr'><strong>τοῦ</strong></span> <span class='ocrx_word' id='word_1_124' title='bbox 3362 761 3606 831; x_wconf 84' lang='grc' dir='ltr'>Ἢνιόχου</span> <span class='ocrx_word' id='word_1_125' title='bbox 3639 761 3801 815; x_wconf 86' lang='grc' dir='ltr'>ἑσπέ-</span> 
     </span>
    </p>
   </div>
   <div class='ocr_carea' id='block_1_22' title="bbox 2227 849 3822 922">
    <p class='ocr_par' dir='ltr' id='par_1_22' title="bbox 2227 849 3822 922">
     <span class='ocr_line' id='line_1_22' title="bbox 2227 849 3822 922; baseline 0.003 -21"><span class='ocrx_word' id='word_1_126' title='bbox 2227 867 2341 922; x_wconf 87' lang='grc' dir='ltr'>ριος</span> <span class='ocrx_word' id='word_1_127' title='bbox 2365 849 2534 905; x_wconf 81' lang='grc' dir='ltr'><strong>δύνει.</strong></span> <span class='ocrx_word' id='word_1_128' title='bbox 3816 855 3822 865; x_wconf 90' lang='grc'><em>’</em></span> 
     </span>
    </p>
   </div>
   <div class='ocr_carea' id='block_1_23' title="bbox 2299 939 3796 1015">
    <p class='ocr_par' dir='ltr' id='par_1_23' title="bbox 2299 939 3796 1015">
     <span class='ocr_line' id='line_1_23' title="bbox 2299 939 3796 1015; baseline 0.002 -21"><span class='ocrx_word' id='word_1_129' title='bbox 2299 948 2374 1005; x_wconf 84' lang='grc' dir='ltr'><strong>ς’.</strong></span> <span class='ocrx_word' id='word_1_130' title='bbox 2408 942 2550 1014; x_wconf 74' lang='grc' dir='ltr'>’Ὥρα</span> <span class='ocrx_word' id='word_1_131' title='bbox 2593 939 2653 995; x_wconf 88' lang='grc' dir='ltr'><strong>ιδ’</strong></span> <span class='ocrx_word' id='word_1_132' title='bbox 2685 942 2945 1014; x_wconf 84' lang='grc' dir='ltr'>Προκύων</span> <span class='ocrx_word' id='word_1_133' title='bbox 2973 943 3291 1013; x_wconf 75' lang='grc' dir='ltr'>κρύπτεται·</span> <span class='ocrx_word' id='word_1_134' title='bbox 3342 943 3372 997; x_wconf 92' lang='lat'><strong>6</strong></span> <span class='ocrx_word' id='word_1_135' title='bbox 3415 942 3666 1015; x_wconf 76' lang='grc' dir='ltr'>λαμπρὸς</span> <span class='ocrx_word' id='word_1_136' title='bbox 3702 943 3796 997; x_wconf 82' lang='grc' dir='ltr'><strong>τοῦ</strong></span> 
     </span>
    </p>
   </div>
   <div class='ocr_carea' id='block_1_24' title="bbox 2239 1032 3799 1105">
    <p class='ocr_par' dir='ltr' id='par_1_24' title="bbox 2239 1032 3799 1105">
     <span class='ocr_line' id='line_1_24' title="bbox 2239 1032 3799 1105; baseline 0.002 -20"><span class='ocrx_word' id='word_1_137' title='bbox 2239 1032 2421 1086; x_wconf 83' lang='grc' dir='ltr'>Ἀετοῦ</span> <span class='ocrx_word' id='word_1_138' title='bbox 2455 1034 2705 1105; x_wconf 79' lang='grc' dir='ltr'><strong>ἑσπέριος</strong></span> <span class='ocrx_word' id='word_1_139' title='bbox 2738 1034 3038 1089; x_wconf 81' lang='grc' dir='ltr'><strong>ἀνατέλλει·</strong></span> <span class='ocrx_word' id='word_1_140' title='bbox 3073 1034 3167 1089; x_wconf 74' lang='grc' dir='ltr'>καὶ</span> <span class='ocrx_word' id='word_1_141' title='bbox 3201 1037 3230 1089; x_wconf 91' lang='lat'><strong>6</strong></span> <span class='ocrx_word' id='word_1_142' title='bbox 3269 1034 3410 1089; x_wconf 84' lang='grc' dir='ltr'>κατὰ</span> <span class='ocrx_word' id='word_1_143' title='bbox 3438 1036 3500 1089; x_wconf 79' lang='grc' dir='ltr'><strong>τὸ</strong></span> <span class='ocrx_word' id='word_1_144' title='bbox 3530 1036 3659 1105; x_wconf 92' lang='grc' dir='ltr'>γόνυ</span> <span class='ocrx_word' id='word_1_145' title='bbox 3694 1035 3799 1088; x_wconf 84' lang='grc' dir='ltr'><strong>Το-</strong></span> 
     </span>
    </p>
   </div>
   <div class='ocr_carea' id='block_1_25' title="bbox 2228 1122 2734 1193">
    <p class='ocr_par' dir='ltr' id='par_1_25' title="bbox 2228 1122 2734 1193">
     <span class='ocr_line' id='line_1_25' title="bbox 2228 1122 2734 1193; baseline 0.006 -17"><span class='ocrx_word' id='word_1_146' title='bbox 2228 1122 2379 1187; x_wconf 80' lang='grc' dir='ltr'>ξότου</span> <span class='ocrx_word' id='word_1_147' title='bbox 2412 1124 2544 1193; x_wconf 86' lang='grc' dir='ltr'>ἑῷος</span> <span class='ocrx_word' id='word_1_148' title='bbox 2570 1124 2734 1179; x_wconf 80' lang='grc' dir='ltr'>δύνει.</span> 
     </span>
    </p>
   </div>
   <div class='ocr_carea' id='block_1_26' title="bbox 2295 1213 3789 1289">
    <p class='ocr_par' dir='ltr' id='par_1_26' title="bbox 2295 1213 3789 1289">
     <span class='ocr_line' id='line_1_26' title="bbox 2295 1213 3789 1289; baseline -0.001 -19"><span class='ocrx_word' id='word_1_149' title='bbox 2295 1213 2359 1280; x_wconf 80' lang='grc' dir='ltr'><strong>ζ’.</strong></span> <span class='ocrx_word' id='word_1_150' title='bbox 2397 1217 2539 1289; x_wconf 81' lang='grc' dir='ltr'><strong>’Ὡρᾳ</strong></span> <span class='ocrx_word' id='word_1_151' title='bbox 2577 1214 2703 1271; x_wconf 81' lang='lat' dir='ltr'><strong>t6’S&quot;</strong></span> <span class='ocrx_word' id='word_1_152' title='bbox 2736 1217 2764 1269; x_wconf 90' lang='lat'><strong>6</strong></span> <span class='ocrx_word' id='word_1_153' title='bbox 2799 1216 3049 1289; x_wconf 73' lang='grc' dir='ltr'>λαμπρὸς</span> <span class='ocrx_word' id='word_1_154' title='bbox 3098 1215 3206 1270; x_wconf 85' lang='grc' dir='ltr'>τῷν</span> <span class='ocrx_word' id='word_1_155' title='bbox 3249 1215 3455 1269; x_wconf 82' lang='grc' dir='ltr'>Ὑάδων</span> <span class='ocrx_word' id='word_1_156' title='bbox 3504 1215 3789 1269; x_wconf 79' lang='grc' dir='ltr'><strong>ἐπιτέλλει.</strong></span> 
     </span>
    </p>
   </div>
   <div class='ocr_carea' id='block_1_27' title="bbox 2239 1307 3792 1382">
    <p class='ocr_par' dir='ltr' id='par_1_27' title="bbox 2239 1307 3792 1382">
     <span class='ocr_line' id='line_1_27' title="bbox 2239 1307 3792 1382; baseline 0.001 -22"><span class='ocrx_word' id='word_1_157' title='bbox 2239 1307 2561 1381; x_wconf 83' lang='grc' dir='ltr'><strong>Ἀρκτοῦρος</strong></span> <span class='ocrx_word' id='word_1_158' title='bbox 2586 1309 2721 1381; x_wconf 86' lang='grc' dir='ltr'>ἑῷος</span> <span class='ocrx_word' id='word_1_159' title='bbox 2752 1309 2919 1364; x_wconf 90' lang='grc' dir='ltr'>δύνει.</span> <span class='ocrx_word' id='word_1_160' title='bbox 2950 1309 3267 1378; x_wconf 76' lang='grc' dir='ltr'><strong>Αἰγυπτίοις</strong></span> <span class='ocrx_word' id='word_1_161' title='bbox 3296 1308 3549 1381; x_wconf 78' lang='grc' dir='ltr'><strong>ζέφυρος.</strong></span> <span class='ocrx_word' id='word_1_162' title='bbox 3578 1308 3792 1382; x_wconf 74' lang='grc' dir='ltr'>Εὐδόξῳ</span> 
     </span>
    </p>
   </div>
   <div class='ocr_carea' id='block_1_28' title="bbox 2224 1402 2874 1456">
    <p class='ocr_par' dir='ltr' id='par_1_28' title="bbox 2224 1402 2874 1456">
     <span class='ocr_line' id='line_1_28' title="bbox 2224 1402 2874 1456; baseline 0.002 0"><span class='ocrx_word' id='word_1_163' title='bbox 2224 1402 2417 1456; x_wconf 88' lang='grc' dir='ltr'>νοτίαι.</span> <span class='ocrx_word' id='word_1_164' title='bbox 2868 1425 2874 1431; x_wconf 93' lang='grc'><strong>·</strong></span> 
     </span>
    </p>
   </div>
   <div class='ocr_carea' id='block_1_29' title="bbox 2294 1492 3732 1566">
    <p class='ocr_par' dir='ltr' id='par_1_29' title="bbox 2294 1492 3732 1566">
     <span class='ocr_line' id='line_1_29' title="bbox 2294 1492 3732 1566; baseline -0.001 -19"><span class='ocrx_word' id='word_1_165' title='bbox 2294 1499 2364 1565; x_wconf 88' lang='grc' dir='ltr'><strong>η’.</strong></span> <span class='ocrx_word' id='word_1_166' title='bbox 2396 1494 2537 1566; x_wconf 61' lang='lat' dir='ltr'><strong>&quot;Op;</strong></span> <span class='ocrx_word' id='word_1_167' title='bbox 2574 1492 2604 1547; x_wconf 85' lang='grc' dir='ltr'>ι’</span> <span class='ocrx_word' id='word_1_168' title='bbox 2629 1494 2942 1564; x_wconf 72' lang='grc' dir='ltr'><strong>Αἰγυπτίοις</strong></span> <span class='ocrx_word' id='word_1_169' title='bbox 2972 1493 3203 1566; x_wconf 78' lang='grc' dir='ltr'>ζέφυρος</span> <span class='ocrx_word' id='word_1_170' title='bbox 3233 1495 3356 1547; x_wconf 84' lang='grc' dir='ltr'>πνεῖ</span> <span class='ocrx_word' id='word_1_171' title='bbox 3381 1492 3413 1563; x_wconf 79' lang='grc' dir='ltr'><strong>ἡ</strong></span> <span class='ocrx_word' id='word_1_172' title='bbox 3443 1492 3732 1564; x_wconf 83' lang='grc' dir='ltr'>ἀργέστης.</span> 
     </span>
    </p>
   </div>
   <div class='ocr_carea' id='block_1_30' title="bbox 2297 1583 3791 1658">
    <p class='ocr_par' dir='ltr' id='par_1_30' title="bbox 2297 1583 3791 1658">
     <span class='ocr_line' id='line_1_30' title="bbox 2297 1583 3791 1658; baseline -0.001 -19"><span class='ocrx_word' id='word_1_173' title='bbox 2297 1585 2363 1639; x_wconf 83' lang='grc' dir='ltr'><strong>θ’.</strong></span> <span class='ocrx_word' id='word_1_174' title='bbox 2401 1585 2541 1658; x_wconf 68' lang='grc' dir='ltr'>Ὥρα</span> <span class='ocrx_word' id='word_1_175' title='bbox 2584 1586 2712 1642; x_wconf 84' lang='lat' dir='ltr'><strong>t6’S&quot;</strong></span> <span class='ocrx_word' id='word_1_176' title='bbox 2765 1588 2794 1641; x_wconf 94' lang='lat'><strong>6</strong></span> <span class='ocrx_word' id='word_1_177' title='bbox 2827 1586 2968 1641; x_wconf 84' lang='grc' dir='ltr'>κατὰ</span> <span class='ocrx_word' id='word_1_178' title='bbox 2998 1586 3059 1640; x_wconf 81' lang='grc' dir='ltr'><strong>τὸ</strong></span> <span class='ocrx_word' id='word_1_179' title='bbox 3099 1588 3229 1655; x_wconf 83' lang='grc' dir='ltr'><strong>γόνυ</strong></span> <span class='ocrx_word' id='word_1_180' title='bbox 3266 1585 3363 1638; x_wconf 90' lang='grc' dir='ltr'><strong>τοῦ</strong></span> <span class='ocrx_word' id='word_1_181' title='bbox 3388 1584 3616 1650; x_wconf 80' lang='grc' dir='ltr'>Τοξότου</span> <span class='ocrx_word' id='word_1_182' title='bbox 3661 1583 3791 1655; x_wconf 84' lang='grc' dir='ltr'>ἑῷος</span> 
     </span>
    </p>
   </div>
   <div class='ocr_carea' id='block_1_31' title="bbox 2221 1666 3787 1752">
    <p class='ocr_par' dir='ltr' id='par_1_31' title="bbox 2221 1666 3787 1752">
     <span class='ocr_line' id='line_1_31' title="bbox 2221 1666 3787 1752; baseline -0.001 -21"><span class='ocrx_word' id='word_1_183' title='bbox 2221 1678 2387 1733; x_wconf 88' lang='grc' dir='ltr'>δύνει.</span> <span class='ocrx_word' id='word_1_184' title='bbox 2420 1679 2559 1752; x_wconf 74' lang='grc' dir='ltr'>Ὦρα</span> <span class='ocrx_word' id='word_1_185' title='bbox 2587 1686 2645 1733; x_wconf 82' lang='grc' dir='ltr'><strong>ιε’</strong></span> <span class='ocrx_word' id='word_1_186' title='bbox 2677 1680 2706 1733; x_wconf 92' lang='lat'><strong>6</strong></span> <span class='ocrx_word' id='word_1_187' title='bbox 2729 1678 2981 1751; x_wconf 79' lang='grc' dir='ltr'>λαμπρὸς</span> <span class='ocrx_word' id='word_1_188' title='bbox 3012 1666 3106 1731; x_wconf 86' lang='grc' dir='ltr'><strong>τοῦ</strong></span> <span class='ocrx_word' id='word_1_189' title='bbox 3148 1676 3430 1749; x_wconf 82' lang='grc' dir='ltr'>Ὑδροχόου</span> <span class='ocrx_word' id='word_1_190' title='bbox 3466 1675 3787 1748; x_wconf 81' lang='grc' dir='ltr'>κρύπτεται.</span> 
     </span>
    </p>
   </div>
   <div class='ocr_carea' id='block_1_32' title="bbox 546 1767 2122 1849">
    <p class='ocr_par' dir='ltr' id='par_1_32' title="bbox 546 1769 2116 1849">
     <span class='ocr_line' id='line_1_32' title="bbox 546 1769 2116 1849; baseline 0.006 -27"><span class='ocrx_word' id='word_1_191' title='bbox 546 1769 676 1839; x_wconf 88' lang='lat' dir='ltr'><strong>ptiis</strong></span> <span class='ocrx_word' id='word_1_192' title='bbox 707 1785 911 1827; x_wconf 89' lang='lat' dir='ltr'><strong>caurus</strong></span> <span class='ocrx_word' id='word_1_193' title='bbox 956 1780 1011 1828; x_wconf 92' lang='lat' dir='ltr'><strong>et</strong></span> <span class='ocrx_word' id='word_1_194' title='bbox 1051 1773 1266 1831; x_wconf 86' lang='lat' dir='ltr'><strong>stillans</strong></span> <span class='ocrx_word' id='word_1_195' title='bbox 1298 1773 1491 1830; x_wconf 88' lang='lat' dir='ltr'><strong>imber.</strong></span> <span class='ocrx_word' id='word_1_196' title='bbox 1530 1773 1843 1833; x_wconf 85' lang='lat' dir='ltr'><strong>Democrito</strong></span> <span class='ocrx_word' id='word_1_197' title='bbox 1871 1777 2116 1849; x_wconf 83' lang='lat' dir='ltr'><strong>pluvium</strong></span> 
     </span>
    </p>
   </div>
   <div class='ocr_carea' id='block_1_33' title="bbox 2224 1767 3797 1849">
    <p class='ocr_par' dir='ltr' id='par_1_33' title="bbox 2224 1767 3797 1843">
     <span class='ocr_line' id='line_1_33' title="bbox 2224 1767 3797 1843; baseline 0 -22"><span class='ocrx_word' id='word_1_198' title='bbox 2224 1770 2540 1838; x_wconf 78' lang='grc' dir='ltr'><strong>Αἰγυπτίοις</strong></span> <span class='ocrx_word' id='word_1_199' title='bbox 2575 1770 2846 1843; x_wconf 89' lang='grc' dir='ltr'>ἀργέστης</span> <span class='ocrx_word' id='word_1_200' title='bbox 2878 1768 2973 1825; x_wconf 72' lang='grc' dir='ltr'><strong>καὶ</strong></span> <span class='ocrx_word' id='word_1_201' title='bbox 3022 1768 3223 1837; x_wconf 75' lang='grc' dir='ltr'>ψακάς.</span> <span class='ocrx_word' id='word_1_202' title='bbox 3272 1767 3602 1840; x_wconf 77' lang='grc' dir='ltr'><strong>Δημοκρίτῳ</strong></span> <span class='ocrx_word' id='word_1_203' title='bbox 3651 1767 3797 1839; x_wconf 79' lang='grc' dir='ltr'>ὕδωρ</span> 
     </span>
    </p>
   </div>
   <div class='ocr_carea' id='block_1_34' title="bbox 543 1862 770 1918">
    <p class='ocr_par' dir='ltr' id='par_1_34' title="bbox 543 1862 770 1918">
     <span class='ocr_line' id='line_1_34' title="bbox 543 1862 770 1918; baseline 0.013 -3"><span class='ocrx_word' id='word_1_204' title='bbox 543 1862 770 1918; x_wconf 69' lang='lat' dir='ltr'><strong>caelum.</strong></span> 
     </span>
    </p>
   </div>
   <div class='ocr_carea' id='block_1_35' title="bbox 613 1952 2122 2031">
    <p class='ocr_par' dir='ltr' id='par_1_35' title="bbox 613 1952 2122 2031">
     <span class='ocr_line' id='line_1_35' title="bbox 613 1952 2122 2031; baseline 0.008 -24"><span class='ocrx_word' id='word_1_205' title='bbox 613 1952 702 2008; x_wconf 87' lang='lat'><strong>10.</strong></span> <span class='ocrx_word' id='word_1_206' title='bbox 734 1953 880 2010; x_wconf 85' lang='lat' dir='ltr'><strong>Hora</strong></span> <span class='ocrx_word' id='word_1_207' title='bbox 919 1971 1018 2027; x_wconf 72' lang='lat' dir='ltr'><strong>xm</strong></span> <span class='ocrx_word' id='word_1_208' title='bbox 1043 1957 1148 2029; x_wconf 89' lang='grc' dir='ltr'><strong>1ίὲ</strong></span> <span class='ocrx_word' id='word_1_209' title='bbox 1179 1974 1300 2028; x_wconf 63' lang='lat' dir='ltr'><strong>qua:</strong></span> <span class='ocrx_word' id='word_1_210' title='bbox 1327 1959 1382 2014; x_wconf 92' lang='lat' dir='ltr'><strong>in</strong></span> <span class='ocrx_word' id='word_1_211' title='bbox 1410 1961 1589 2031; x_wconf 89' lang='lat' dir='ltr'><strong>capite</strong></span> <span class='ocrx_word' id='word_1_212' title='bbox 1614 1961 1989 2020; x_wconf 81' lang='lat' dir='ltr'><strong>antecedentis</strong></span> <span class='ocrx_word' id='word_1_213' title='bbox 2015 1960 2122 2019; x_wconf 87' lang='lat' dir='ltr'><strong>Ge-</strong></span> 
     </span>
    </p>
   </div>
   <div class='ocr_carea' id='block_1_36' title="bbox 540 2046 2121 2125">
    <p class='ocr_par' dir='ltr' id='par_1_36' title="bbox 540 2046 2121 2125">
     <span class='ocr_line' id='line_1_36' title="bbox 540 2046 2121 2125; baseline 0.008 -26"><span class='ocrx_word' id='word_1_214' title='bbox 540 2046 854 2115; x_wconf 85' lang='lat' dir='ltr'><strong>minorum,</strong></span> <span class='ocrx_word' id='word_1_215' title='bbox 887 2049 1267 2106; x_wconf 84' lang='lat' dir='ltr'><strong>absconditur.</strong></span> <span class='ocrx_word' id='word_1_216' title='bbox 1295 2051 1503 2110; x_wconf 61' lang='lat' dir='ltr'><strong>Caesari</strong></span> <span class='ocrx_word' id='word_1_217' title='bbox 1549 2052 1798 2108; x_wconf 86' lang='lat' dir='ltr'><strong>tonitrua</strong></span> <span class='ocrx_word' id='word_1_218' title='bbox 1832 2068 1960 2109; x_wconf 91' lang='lat' dir='ltr'><strong>cum</strong></span> <span class='ocrx_word' id='word_1_219' title='bbox 1997 2054 2121 2125; x_wconf 86' lang='lat' dir='ltr'><strong>plu-</strong></span> 
     </span>
    </p>
   </div>
   <div class='ocr_carea' id='block_1_37' title="bbox 545 2150 656 2193">
    <p class='ocr_par' dir='ltr' id='par_1_37' title="bbox 545 2150 656 2193">
     <span class='ocr_line' id='line_1_37' title="bbox 545 2150 656 2193; baseline 0.018 -2"><span class='ocrx_word' id='word_1_220' title='bbox 545 2150 656 2193; x_wconf 73' lang='lat' dir='ltr'><strong>V13.</strong></span> 
     </span>
    </p>
   </div>
   <div class='ocr_carea' id='block_1_38' title="bbox 610 2225 2122 2306">
    <p class='ocr_par' dir='ltr' id='par_1_38' title="bbox 610 2225 2122 2306">
     <span class='ocr_line' id='line_1_38' title="bbox 610 2225 2122 2306; baseline 0.009 -27"><span class='ocrx_word' id='word_1_221' title='bbox 610 2225 700 2279; x_wconf 87' lang='grc'><strong>11.</strong></span> <span class='ocrx_word' id='word_1_222' title='bbox 728 2228 876 2282; x_wconf 84' lang='lat' dir='ltr'><strong>Hora</strong></span> <span class='ocrx_word' id='word_1_223' title='bbox 908 2242 1005 2283; x_wconf 86' lang='lat' dir='ltr'><strong>xm</strong></span> <span class='ocrx_word' id='word_1_224' title='bbox 1024 2228 1129 2302; x_wconf 87' lang='lat'><strong>1/2</strong></span> <span class='ocrx_word' id='word_1_225' title='bbox 1143 2244 1266 2300; x_wconf 72' lang='lat' dir='ltr'><strong>quae</strong></span> <span class='ocrx_word' id='word_1_226' title='bbox 1292 2229 1348 2287; x_wconf 87' lang='lat' dir='ltr'><strong>in</strong></span> <span class='ocrx_word' id='word_1_227' title='bbox 1367 2231 1549 2304; x_wconf 87' lang='lat' dir='ltr'><strong>capite</strong></span> <span class='ocrx_word' id='word_1_228' title='bbox 1564 2233 1923 2306; x_wconf 69' lang='lat' dir='ltr'><strong>praecedentis</strong></span> <span class='ocrx_word' id='word_1_229' title='bbox 1938 2232 2122 2292; x_wconf 87' lang='lat' dir='ltr'><strong>Gemi-</strong></span> 
     </span>
    </p>
   </div>
   <div class='ocr_carea' id='block_1_39' title="bbox 540 2319 1170 2384">
    <p class='ocr_par' dir='ltr' id='par_1_39' title="bbox 540 2319 1170 2384">
     <span class='ocr_line' id='line_1_39' title="bbox 540 2319 1170 2384; baseline 0.008 -15"><span class='ocrx_word' id='word_1_230' title='bbox 540 2330 760 2384; x_wconf 89' lang='lat' dir='ltr'><strong>norum,</strong></span> <span class='ocrx_word' id='word_1_231' title='bbox 792 2319 1170 2374; x_wconf 85' lang='lat' dir='ltr'><strong>absconditur.</strong></span> 
     </span>
    </p>
   </div>
   <div class='ocr_carea' id='block_1_40' title="bbox 612 2405 2121 2487">
    <p class='ocr_par' dir='ltr' id='par_1_40' title="bbox 612 2405 2121 2487">
     <span class='ocr_line' id='line_1_40' title="bbox 612 2405 2121 2487; baseline 0.009 -27"><span class='ocrx_word' id='word_1_232' title='bbox 612 2405 700 2461; x_wconf 89' lang='lat'><strong>12.</strong></span> <span class='ocrx_word' id='word_1_233' title='bbox 738 2407 883 2464; x_wconf 80' lang='lat' dir='ltr'><strong>liora</strong></span> <span class='ocrx_word' id='word_1_234' title='bbox 904 2425 997 2465; x_wconf 75' lang='lat' dir='ltr'><strong>xlv</strong></span> <span class='ocrx_word' id='word_1_235' title='bbox 1021 2410 1125 2481; x_wconf 78' lang='lat'><strong>1/2</strong></span> <span class='ocrx_word' id='word_1_236' title='bbox 1139 2427 1260 2483; x_wconf 68' lang='lat' dir='ltr'><strong>quae</strong></span> <span class='ocrx_word' id='word_1_237' title='bbox 1285 2412 1355 2469; x_wconf 88' lang='lat' dir='ltr'><strong>ad</strong></span> <span class='ocrx_word' id='word_1_238' title='bbox 1382 2429 1523 2486; x_wconf 77' lang='lat' dir='ltr'><strong>genu</strong></span> <span class='ocrx_word' id='word_1_239' title='bbox 1547 2412 1830 2487; x_wconf 84' lang='lat' dir='ltr'><strong>Sagittarii</strong></span> <span class='ocrx_word' id='word_1_240' title='bbox 1846 2425 1933 2472; x_wconf 89' lang='lat' dir='ltr'><strong>est</strong></span> <span class='ocrx_word' id='word_1_241' title='bbox 1959 2431 2121 2474; x_wconf 84' lang='lat' dir='ltr'><strong>mane</strong></span> 
     </span>
    </p>
   </div>
   <div class='ocr_carea' id='block_1_41' title="bbox 536 2500 2122 2579">
    <p class='ocr_par' dir='ltr' id='par_1_41' title="bbox 536 2500 2122 2579">
     <span class='ocr_line' id='line_1_41' title="bbox 536 2500 2122 2579; baseline 0.007 -24"><span class='ocrx_word' id='word_1_242' title='bbox 536 2500 775 2569; x_wconf 89' lang='lat' dir='ltr'><strong>occidit;</strong></span> <span class='ocrx_word' id='word_1_243' title='bbox 809 2509 862 2557; x_wconf 92' lang='lat' dir='ltr'><strong>et</strong></span> <span class='ocrx_word' id='word_1_244' title='bbox 900 2519 1020 2573; x_wconf 84' lang='lat' dir='ltr'><strong>quae</strong></span> <span class='ocrx_word' id='word_1_245' title='bbox 1046 2506 1102 2559; x_wconf 90' lang='lat' dir='ltr'><strong>in</strong></span> <span class='ocrx_word' id='word_1_246' title='bbox 1143 2506 1322 2576; x_wconf 88' lang='lat' dir='ltr'><strong>capite</strong></span> <span class='ocrx_word' id='word_1_247' title='bbox 1343 2514 1429 2563; x_wconf 90' lang='lat' dir='ltr'><strong>est</strong></span> <span class='ocrx_word' id='word_1_248' title='bbox 1467 2508 1825 2579; x_wconf 63' lang='lat' dir='ltr'><strong>praecedentis</strong></span> <span class='ocrx_word' id='word_1_249' title='bbox 1862 2507 2122 2567; x_wconf 81' lang='lat' dir='ltr'><strong>Gemino-</strong></span> 
     </span>
    </p>
   </div>
   <div class='ocr_carea' id='block_1_42' title="bbox 539 2597 2114 2665">
    <p class='ocr_par' dir='ltr' id='par_1_42' title="bbox 539 2597 2114 2665">
     <span class='ocr_line' id='line_1_42' title="bbox 539 2597 2114 2665; baseline 0.008 -20"><span class='ocrx_word' id='word_1_250' title='bbox 539 2605 664 2646; x_wconf 86' lang='lat' dir='ltr'><strong>rum</strong></span> <span class='ocrx_word' id='word_1_251' title='bbox 691 2607 852 2648; x_wconf 88' lang='lat' dir='ltr'><strong>mane</strong></span> <span class='ocrx_word' id='word_1_252' title='bbox 868 2597 1206 2665; x_wconf 87' lang='lat' dir='ltr'><strong>occultatur;</strong></span> <span class='ocrx_word' id='word_1_253' title='bbox 1239 2606 1293 2653; x_wconf 90' lang='lat' dir='ltr'><strong>et</strong></span> <span class='ocrx_word' id='word_1_254' title='bbox 1338 2599 1521 2655; x_wconf 89' lang='lat' dir='ltr'><strong>lucida</strong></span> <span class='ocrx_word' id='word_1_255' title='bbox 1563 2598 1890 2656; x_wconf 90' lang='lat' dir='ltr'><strong>Sucularum</strong></span> <span class='ocrx_word' id='word_1_256' title='bbox 1919 2603 2114 2658; x_wconf 88' lang='lat' dir='ltr'><strong>oritur.</strong></span> 
     </span>
    </p>
   </div>
   <div class='ocr_carea' id='block_1_43' title="bbox 611 2682 2119 2761">
    <p class='ocr_par' dir='ltr' id='par_1_43' title="bbox 611 2682 2119 2761">
     <span class='ocr_line' id='line_1_43' title="bbox 611 2682 2119 2761; baseline 0.009 -24"><span class='ocrx_word' id='word_1_257' title='bbox 611 2682 698 2738; x_wconf 76' lang='lat'><strong>13.</strong></span> <span class='ocrx_word' id='word_1_258' title='bbox 726 2683 869 2739; x_wconf 86' lang='lat' dir='ltr'><strong>Hora</strong></span> <span class='ocrx_word' id='word_1_259' title='bbox 900 2702 968 2742; x_wconf 84' lang='lat' dir='ltr'><strong>xv</strong></span> <span class='ocrx_word' id='word_1_260' title='bbox 991 2687 1090 2758; x_wconf 90' lang='lat'><strong>1/2</strong></span> <span class='ocrx_word' id='word_1_261' title='bbox 1110 2704 1230 2758; x_wconf 74' lang='lat' dir='ltr'><strong>qua:</strong></span> <span class='ocrx_word' id='word_1_262' title='bbox 1245 2688 1301 2744; x_wconf 89' lang='lat' dir='ltr'><strong>in</strong></span> <span class='ocrx_word' id='word_1_263' title='bbox 1321 2690 1497 2761; x_wconf 88' lang='lat' dir='ltr'><strong>capite</strong></span> <span class='ocrx_word' id='word_1_264' title='bbox 1516 2698 1601 2747; x_wconf 89' lang='lat' dir='ltr'><strong>est</strong></span> <span class='ocrx_word' id='word_1_265' title='bbox 1624 2692 1996 2750; x_wconf 87' lang='lat' dir='ltr'><strong>antecedentis</strong></span> <span class='ocrx_word' id='word_1_266' title='bbox 2016 2692 2119 2751; x_wconf 83' lang='lat' dir='ltr'><strong>Ge-</strong></span> 
     </span>
    </p>
   </div>
   <div class='ocr_carea' id='block_1_44' title="bbox 544 2776 1233 2839">
    <p class='ocr_par' dir='ltr' id='par_1_44' title="bbox 544 2776 1233 2839">
     <span class='ocr_line' id='line_1_44' title="bbox 544 2776 1233 2839; baseline 0.01 -8"><span class='ocrx_word' id='word_1_267' title='bbox 544 2776 823 2831; x_wconf 88' lang='lat' dir='ltr'><strong>minorum</strong></span> <span class='ocrx_word' id='word_1_268' title='bbox 855 2779 1233 2839; x_wconf 83' lang='lat' dir='ltr'><strong>absconditur.</strong></span> 
     </span>
    </p>
   </div>
   <div class='ocr_carea' id='block_1_45' title="bbox 610 2868 2120 2949">
    <p class='ocr_par' dir='ltr' id='par_1_45' title="bbox 610 2868 2120 2949">
     <span class='ocr_line' id='line_1_45' title="bbox 610 2868 2120 2949; baseline 0.008 -26"><span class='ocrx_word' id='word_1_269' title='bbox 610 2868 697 2924; x_wconf 68' lang='grc'><strong>14.</strong></span> <span class='ocrx_word' id='word_1_270' title='bbox 726 2868 870 2925; x_wconf 82' lang='lat' dir='ltr'><strong>Hora</strong></span> <span class='ocrx_word' id='word_1_271' title='bbox 887 2886 986 2925; x_wconf 86' lang='lat' dir='ltr'><strong>xm</strong></span> <span class='ocrx_word' id='word_1_272' title='bbox 1007 2872 1108 2943; x_wconf 86' lang='lat'><strong>1/2</strong></span> <span class='ocrx_word' id='word_1_273' title='bbox 1124 2886 1245 2944; x_wconf 77' lang='lat' dir='ltr'><strong>quae</strong></span> <span class='ocrx_word' id='word_1_274' title='bbox 1266 2874 1320 2928; x_wconf 92' lang='lat' dir='ltr'><strong>in</strong></span> <span class='ocrx_word' id='word_1_275' title='bbox 1338 2888 1480 2945; x_wconf 79' lang='lat' dir='ltr'><strong>genu</strong></span> <span class='ocrx_word' id='word_1_276' title='bbox 1499 2884 1584 2931; x_wconf 89' lang='lat' dir='ltr'><strong>est</strong></span> <span class='ocrx_word' id='word_1_277' title='bbox 1599 2874 1876 2947; x_wconf 80' lang='lat' dir='ltr'><strong>Sagittarii</strong></span> <span class='ocrx_word' id='word_1_278' title='bbox 1894 2890 2120 2949; x_wconf 80' lang='lat' dir='ltr'><strong>vespere</strong></span> 
     </span>
    </p>
   </div>
   <div class='ocr_carea' id='block_1_46' title="bbox 535 2961 1778 3038">
    <p class='ocr_par' dir='ltr' id='par_1_46' title="bbox 535 2961 1778 3038">
     <span class='ocr_line' id='line_1_46' title="bbox 535 2961 1778 3038; baseline 0.005 -22"><span class='ocrx_word' id='word_1_279' title='bbox 535 2961 736 3017; x_wconf 88' lang='lat' dir='ltr'><strong>oritur.</strong></span> <span class='ocrx_word' id='word_1_280' title='bbox 768 2962 932 3019; x_wconf 87' lang='lat' dir='ltr'><strong>Clara</strong></span> <span class='ocrx_word' id='word_1_281' title='bbox 961 2965 1119 3020; x_wconf 85' lang='lat' dir='ltr'><strong>stella</strong></span> <span class='ocrx_word' id='word_1_282' title='bbox 1151 2966 1373 3038; x_wconf 85' lang='lat' dir='ltr'><strong>Aquarii</strong></span> <span class='ocrx_word' id='word_1_283' title='bbox 1397 2967 1778 3023; x_wconf 79' lang='lat' dir='ltr'><strong>absconditur.</strong></span> 
     </span>
    </p>
   </div>
   <div class='ocr_carea' id='block_1_47' title="bbox 616 3048 2055 3127">
    <p class='ocr_par' dir='ltr' id='par_1_47' title="bbox 616 3048 2055 3127">
     <span class='ocr_line' id='line_1_47' title="bbox 616 3048 2055 3127; baseline 0.004 -24"><span class='ocrx_word' id='word_1_284' title='bbox 616 3048 698 3104; x_wconf 80' lang='lat'><strong>15.</strong></span> <span class='ocrx_word' id='word_1_285' title='bbox 741 3048 885 3105; x_wconf 85' lang='lat' dir='ltr'><strong>Hora</strong></span> <span class='ocrx_word' id='word_1_286' title='bbox 918 3067 1013 3105; x_wconf 82' lang='lat' dir='ltr'><strong>xm</strong></span> <span class='ocrx_word' id='word_1_287' title='bbox 1044 3049 1146 3122; x_wconf 84' lang='lat'><strong>1/2</strong></span> <span class='ocrx_word' id='word_1_288' title='bbox 1170 3052 1350 3107; x_wconf 88' lang='lat' dir='ltr'><strong>lucida</strong></span> <span class='ocrx_word' id='word_1_289' title='bbox 1369 3052 1549 3127; x_wconf 64' lang='lat' dir='ltr'><strong>boreae</strong></span> <span class='ocrx_word' id='word_1_290' title='bbox 1578 3052 1808 3109; x_wconf 67' lang='lat' dir='ltr'><strong>Coronae</strong></span> <span class='ocrx_word' id='word_1_291' title='bbox 1832 3052 2055 3111; x_wconf 88' lang='lat' dir='ltr'><strong>occidit.</strong></span> 
     </span>
    </p>
   </div>
   <div class='ocr_carea' id='block_1_48' title="bbox 615 3224 2114 3305">
    <p class='ocr_par' dir='ltr' id='par_1_48' title="bbox 615 3224 2114 3305">
     <span class='ocr_line' id='line_1_48' title="bbox 615 3224 2114 3305; baseline 0.006 -27"><span class='ocrx_word' id='word_1_292' title='bbox 615 3224 701 3279; x_wconf 82' lang='lat'><strong>16.</strong></span> <span class='ocrx_word' id='word_1_293' title='bbox 724 3224 946 3282; x_wconf 84' lang='lat' dir='ltr'><strong>Lucida-</strong></span> <span class='ocrx_word' id='word_1_294' title='bbox 973 3226 1300 3283; x_wconf 84' lang='lat' dir='ltr'><strong>Sucularum</strong></span> <span class='ocrx_word' id='word_1_295' title='bbox 1323 3230 1596 3285; x_wconf 86' lang='lat' dir='ltr'><strong>matutino</strong></span> <span class='ocrx_word' id='word_1_296' title='bbox 1624 3229 1820 3286; x_wconf 88' lang='lat' dir='ltr'><strong>oritur.</strong></span> <span class='ocrx_word' id='word_1_297' title='bbox 1841 3229 2114 3305; x_wconf 70' lang='lat' dir='ltr'><strong>Egyptiis</strong></span> 
     </span>
    </p>
   </div>
   <div class='ocr_carea' id='block_1_49' title="bbox 537 3319 1234 3388">
    <p class='ocr_par' dir='ltr' id='par_1_49' title="bbox 537 3319 1234 3388">
     <span class='ocr_line' id='line_1_49' title="bbox 537 3319 1234 3388; baseline 0 -15"><span class='ocrx_word' id='word_1_298' title='bbox 537 3332 636 3388; x_wconf 87' lang='lat' dir='ltr'><strong>per</strong></span> <span class='ocrx_word' id='word_1_299' title='bbox 657 3319 802 3374; x_wconf 89' lang='lat' dir='ltr'><strong>diem</strong></span> <span class='ocrx_word' id='word_1_300' title='bbox 833 3320 1007 3376; x_wconf 83' lang='lat' dir='ltr'><strong>stillat</strong></span> <span class='ocrx_word' id='word_1_301' title='bbox 1038 3321 1234 3377; x_wconf 86' lang='lat' dir='ltr'><strong>imber.</strong></span> 
     </span>
    </p>
   </div>
   <div class='ocr_carea' id='block_1_50' title="bbox 612 3410 2117 3489">
    <p class='ocr_par' dir='ltr' id='par_1_50' title="bbox 612 3410 2117 3489">
     <span class='ocr_line' id='line_1_50' title="bbox 612 3410 2117 3489; baseline 0.006 -25"><span class='ocrx_word' id='word_1_302' title='bbox 612 3410 700 3465; x_wconf 87' lang='lat'><strong>17.</strong></span> <span class='ocrx_word' id='word_1_303' title='bbox 749 3411 896 3467; x_wconf 84' lang='lat' dir='ltr'><strong>Hora</strong></span> <span class='ocrx_word' id='word_1_304' title='bbox 925 3429 1017 3468; x_wconf 83' lang='lat' dir='ltr'><strong>xw</strong></span> <span class='ocrx_word' id='word_1_305' title='bbox 1040 3428 1162 3483; x_wconf 63' lang='lat' dir='ltr'><strong>quae</strong></span> <span class='ocrx_word' id='word_1_306' title='bbox 1205 3413 1262 3468; x_wconf 89' lang='lat' dir='ltr'><strong>in</strong></span> <span class='ocrx_word' id='word_1_307' title='bbox 1311 3430 1454 3487; x_wconf 75' lang='lat' dir='ltr'><strong>genu</strong></span> <span class='ocrx_word' id='word_1_308' title='bbox 1495 3422 1582 3472; x_wconf 83' lang='lat' dir='ltr'><strong>est</strong></span> <span class='ocrx_word' id='word_1_309' title='bbox 1616 3414 1899 3489; x_wconf 75' lang='lat' dir='ltr'><strong>Sagitta‘rii</strong></span> <span class='ocrx_word' id='word_1_310' title='bbox 1939 3416 2117 3474; x_wconf 87' lang='lat' dir='ltr'><strong>oritur</strong></span> 
     </span>
    </p>
   </div>
   <div class='ocr_carea' id='block_1_51' title="bbox 538 3502 1542 3571">
    <p class='ocr_par' dir='ltr' id='par_1_51' title="bbox 538 3502 1542 3571">
     <span class='ocr_line' id='line_1_51' title="bbox 538 3502 1542 3571; baseline 0.004 -14"><span class='ocrx_word' id='word_1_311' title='bbox 538 3517 788 3571; x_wconf 86' lang='lat' dir='ltr'><strong>vespere.</strong></span> <span class='ocrx_word' id='word_1_312' title='bbox 821 3502 1095 3559; x_wconf 80' lang='lat' dir='ltr'><strong>Arcturus</strong></span> <span class='ocrx_word' id='word_1_313' title='bbox 1128 3519 1291 3561; x_wconf 87' lang='lat' dir='ltr'><strong>mane</strong></span> <span class='ocrx_word' id='word_1_314' title='bbox 1319 3505 1542 3561; x_wconf 87' lang='lat' dir='ltr'><strong>occidit.</strong></span> 
     </span>
    </p>
   </div>
   <div class='ocr_carea' id='block_1_52' title="bbox 616 3580 2119 3680">
    <p class='ocr_par' dir='ltr' id='par_1_52' title="bbox 616 3580 2119 3680">
     <span class='ocr_line' id='line_1_52' title="bbox 616 3580 2119 3680; baseline 0.007 -26"><span class='ocrx_word' id='word_1_315' title='bbox 616 3600 703 3655; x_wconf 91' lang='lat'><strong>18.</strong></span> <span class='ocrx_word' id='word_1_316' title='bbox 736 3599 882 3657; x_wconf 73' lang='lat' dir='ltr'><strong>Hora</strong></span> <span class='ocrx_word' id='word_1_317' title='bbox 909 3616 1004 3657; x_wconf 75' lang='lat' dir='ltr'><strong>xw</strong></span> <span class='ocrx_word' id='word_1_318' title='bbox 1030 3580 1181 3657; x_wconf 64' lang='lat' dir='ltr'><strong>clara</strong></span> <span class='ocrx_word' id='word_1_319' title='bbox 1229 3602 1512 3676; x_wconf 75' lang='lat' dir='ltr'><strong>Sagittarii</strong></span> <span class='ocrx_word' id='word_1_320' title='bbox 1558 3606 1849 3675; x_wconf 82' lang='lat' dir='ltr'><strong>conditur;</strong></span> <span class='ocrx_word' id='word_1_321' title='bbox 1901 3622 2025 3680; x_wconf 65' lang='lat' dir='ltr'><strong>qua:</strong></span> <span class='ocrx_word' id='word_1_322' title='bbox 2060 3607 2119 3664; x_wconf 89' lang='lat' dir='ltr'><strong>in</strong></span> 
     </span>
    </p>
   </div>
   <div class='ocr_carea' id='block_1_53' title="bbox 541 3696 1182 3766">
    <p class='ocr_par' dir='ltr' id='par_1_53' title="bbox 541 3696 1182 3766">
     <span class='ocr_line' id='line_1_53' title="bbox 541 3696 1182 3766; baseline 0.008 -21"><span class='ocrx_word' id='word_1_323' title='bbox 541 3709 685 3765; x_wconf 73' lang='lat' dir='ltr'><strong>genu</strong></span> <span class='ocrx_word' id='word_1_324' title='bbox 719 3710 950 3766; x_wconf 83' lang='lat' dir='ltr'><strong>vespere</strong></span> <span class='ocrx_word' id='word_1_325' title='bbox 985 3696 1182 3751; x_wconf 89' lang='lat' dir='ltr'><strong>oritur.</strong></span> 
     </span>
    </p>
   </div>
   <div class='ocr_carea' id='block_1_54' title="bbox 612 3782 2120 3860">
    <p class='ocr_par' dir='ltr' id='par_1_54' title="bbox 612 3782 2120 3860">
     <span class='ocr_line' id='line_1_54' title="bbox 612 3782 2120 3860; baseline 0.006 -21"><span class='ocrx_word' id='word_1_326' title='bbox 612 3782 701 3841; x_wconf 87' lang='lat'><strong>19.</strong></span> <span class='ocrx_word' id='word_1_327' title='bbox 731 3785 874 3842; x_wconf 85' lang='lat' dir='ltr'><strong>Hora</strong></span> <span class='ocrx_word' id='word_1_328' title='bbox 901 3802 1004 3842; x_wconf 84' lang='lat' dir='ltr'><strong>xm</strong></span> <span class='ocrx_word' id='word_1_329' title='bbox 1037 3787 1142 3859; x_wconf 86' lang='lat'><strong>1/2</strong></span> <span class='ocrx_word' id='word_1_330' title='bbox 1169 3802 1292 3860; x_wconf 69' lang='lat' dir='ltr'><strong>quae</strong></span> <span class='ocrx_word' id='word_1_331' title='bbox 1315 3789 1371 3844; x_wconf 91' lang='lat' dir='ltr'><strong>in</strong></span> <span class='ocrx_word' id='word_1_332' title='bbox 1396 3791 1737 3860; x_wconf 66' lang='lat' dir='ltr'><strong>praecedente</strong></span> <span class='ocrx_word' id='word_1_333' title='bbox 1763 3791 1986 3849; x_wconf 89' lang='lat' dir='ltr'><strong>Orionis</strong></span> <span class='ocrx_word' id='word_1_334' title='bbox 2016 3793 2120 3848; x_wconf 86' lang='lat' dir='ltr'><strong>hu-</strong></span> 
     </span>
    </p>
   </div>
   <div class='ocr_carea' id='block_1_55' title="bbox 542 3880 2122 3958">
    <p class='ocr_par' dir='ltr' id='par_1_55' title="bbox 542 3880 2122 3958">
     <span class='ocr_line' id='line_1_55' title="bbox 542 3880 2122 3958; baseline 0.006 -27"><span class='ocrx_word' id='word_1_335' title='bbox 542 3893 719 3945; x_wconf 86' lang='lat' dir='ltr'><strong>mero,</strong></span> <span class='ocrx_word' id='word_1_336' title='bbox 747 3880 1061 3950; x_wconf 88' lang='lat' dir='ltr'><strong>vespertina</strong></span> <span class='ocrx_word' id='word_1_337' title='bbox 1086 3880 1296 3948; x_wconf 85' lang='lat' dir='ltr'><strong>oritur;</strong></span> <span class='ocrx_word' id='word_1_338' title='bbox 1323 3881 1516 3937; x_wconf 89' lang='lat' dir='ltr'><strong>ultima</strong></span> <span class='ocrx_word' id='word_1_339' title='bbox 1532 3880 1709 3938; x_wconf 88' lang='lat' dir='ltr'><strong>Fluvii</strong></span> <span class='ocrx_word' id='word_1_340' title='bbox 1731 3882 1927 3940; x_wconf 87' lang='lat' dir='ltr'><strong>oritur.</strong></span> <span class='ocrx_word' id='word_1_341' title='bbox 1952 3883 2122 3958; x_wconf 59' lang='lat' dir='ltr'><strong>Egy-</strong></span> 
     </span>
    </p>
   </div>
   <div class='ocr_carea' id='block_1_56' title="bbox 544 3968 1581 4043">
    <p class='ocr_par' dir='ltr' id='par_1_56' title="bbox 544 3968 1581 4043">
     <span class='ocr_line' id='line_1_56' title="bbox 544 3968 1581 4043; baseline 0.01 -22"><span class='ocrx_word' id='word_1_342' title='bbox 544 3968 677 4043; x_wconf 81' lang='lat' dir='ltr'><strong>ptiis</strong></span> <span class='ocrx_word' id='word_1_343' title='bbox 702 3969 881 4024; x_wconf 80' lang='lat' dir='ltr'><strong>imber</strong></span> <span class='ocrx_word' id='word_1_344' title='bbox 903 3971 1140 4027; x_wconf 89' lang='lat' dir='ltr'><strong>stillans.</strong></span> <span class='ocrx_word' id='word_1_345' title='bbox 1577 3975 1581 3980; x_wconf 83' lang='grc'><em>’</em></span> 
     </span>
    </p>
   </div>
   <div class='ocr_carea' id='block_1_57' title="bbox 612 4061 1910 4134">
    <p class='ocr_par' dir='ltr' id='par_1_57' title="bbox 612 4061 1910 4134">
     <span class='ocr_line' id='line_1_57' title="bbox 612 4061 1910 4134; baseline 0.006 -19"><span class='ocrx_word' id='word_1_346' title='bbox 612 4061 702 4116; x_wconf 85' lang='lat'><strong>20.</strong></span> <span class='ocrx_word' id='word_1_347' title='bbox 724 4061 885 4117; x_wconf 83' lang='lat' dir='ltr'><strong>.Hora</strong></span> <span class='ocrx_word' id='word_1_348' title='bbox 913 4078 984 4118; x_wconf 86' lang='lat' dir='ltr'><strong>xv</strong></span> <span class='ocrx_word' id='word_1_349' title='bbox 1012 4061 1116 4134; x_wconf 88' lang='lat'><strong>1/2</strong></span> <span class='ocrx_word' id='word_1_350' title='bbox 1142 4063 1327 4120; x_wconf 90' lang='lat' dir='ltr'><strong>lucida</strong></span> <span class='ocrx_word' id='word_1_351' title='bbox 1354 4062 1680 4122; x_wconf 86' lang='lat' dir='ltr'><strong>Sucularum</strong></span> <span class='ocrx_word' id='word_1_352' title='bbox 1709 4066 1910 4123; x_wconf 87' lang='lat' dir='ltr'><strong>oritur.</strong></span> 
     </span>
    </p>
   </div>
   <div class='ocr_carea' id='block_1_58' title="bbox 615 4150 1326 4224">
    <p class='ocr_par' dir='ltr' id='par_1_58' title="bbox 615 4150 1326 4224">
     <span class='ocr_line' id='line_1_58' title="bbox 615 4150 1326 4224; baseline 0.007 -18"><span class='ocrx_word' id='word_1_353' title='bbox 615 4150 706 4208; x_wconf 84' lang='lat'><strong>21.</strong></span> <span class='ocrx_word' id='word_1_354' title='bbox 737 4152 917 4224; x_wconf 86' lang='lat' dir='ltr'><strong>Capra</strong></span> <span class='ocrx_word' id='word_1_355' title='bbox 938 4168 1100 4211; x_wconf 87' lang='lat' dir='ltr'><strong>mane</strong></span> <span class='ocrx_word' id='word_1_356' title='bbox 1123 4155 1326 4212; x_wconf 90' lang='lat' dir='ltr'><strong>oritur.</strong></span> 
     </span>
    </p>
   </div>
   <div class='ocr_carea' id='block_1_59' title="bbox 618 4379 2123 4458">
    <p class='ocr_par' dir='ltr' id='par_1_59' title="bbox 618 4379 2123 4458">
     <span class='ocr_line' id='line_1_59' title="bbox 618 4379 2123 4458; baseline 0.004 -23"><span class='ocrx_word' id='word_1_357' title='bbox 618 4379 707 4436; x_wconf 79' lang='lat'><strong>25.</strong></span> <span class='ocrx_word' id='word_1_358' title='bbox 739 4379 887 4436; x_wconf 84' lang='lat' dir='ltr'><strong>Hora</strong></span> <span class='ocrx_word' id='word_1_359' title='bbox 918 4397 989 4437; x_wconf 87' lang='lat' dir='ltr'><strong>xv</strong></span> <span class='ocrx_word' id='word_1_360' title='bbox 1032 4396 1156 4454; x_wconf 63' lang='lat' dir='ltr'><strong>quae</strong></span> <span class='ocrx_word' id='word_1_361' title='bbox 1183 4389 1269 4439; x_wconf 89' lang='lat' dir='ltr'><strong>est</strong></span> <span class='ocrx_word' id='word_1_362' title='bbox 1317 4383 1376 4438; x_wconf 89' lang='lat' dir='ltr'><strong>in</strong></span> <span class='ocrx_word' id='word_1_363' title='bbox 1403 4397 1545 4454; x_wconf 79' lang='lat' dir='ltr'><strong>genu</strong></span> <span class='ocrx_word' id='word_1_364' title='bbox 1583 4381 1869 4456; x_wconf 81' lang='lat' dir='ltr'><strong>Sagittarii</strong></span> <span class='ocrx_word' id='word_1_365' title='bbox 1893 4399 2123 4458; x_wconf 87' lang='lat' dir='ltr'><strong>vespere</strong></span> 
     </span>
    </p>
   </div>
   <div class='ocr_carea' id='block_1_60' title="bbox 545 4470 1666 4544">
    <p class='ocr_par' dir='ltr' id='par_1_60' title="bbox 545 4470 1666 4544">
     <span class='ocr_line' id='line_1_60' title="bbox 545 4470 1666 4544; baseline 0.005 -19"><span class='ocrx_word' id='word_1_366' title='bbox 545 4471 739 4526; x_wconf 88' lang='lat' dir='ltr'><strong>oritur.</strong></span> <span class='ocrx_word' id='word_1_367' title='bbox 764 4470 1037 4544; x_wconf 67' lang='lat' dir='ltr'><strong>Egyptiis</strong></span> <span class='ocrx_word' id='word_1_368' title='bbox 1068 4470 1319 4529; x_wconf 87' lang='lat' dir='ltr'><strong>favonius</strong></span> <span class='ocrx_word' id='word_1_369' title='bbox 1344 4473 1426 4530; x_wconf 91' lang='lat' dir='ltr'><strong>vel</strong></span> <span class='ocrx_word' id='word_1_370' title='bbox 1460 4480 1666 4531; x_wconf 86' lang='lat' dir='ltr'><strong>auster.</strong></span> 
     </span>
    </p>
   </div>
   <div class='ocr_carea' id='block_1_61' title="bbox 619 4561 2119 4636">
    <p class='ocr_par' dir='ltr' id='par_1_61' title="bbox 619 4561 2119 4636">
     <span class='ocr_line' id='line_1_61' title="bbox 619 4561 2119 4636; baseline 0.003 -19"><span class='ocrx_word' id='word_1_371' title='bbox 619 4562 710 4617; x_wconf 69' lang='lat'><strong>21.</strong></span> <span class='ocrx_word' id='word_1_372' title='bbox 730 4561 875 4618; x_wconf 84' lang='lat' dir='ltr'><strong>Hora</strong></span> <span class='ocrx_word' id='word_1_373' title='bbox 898 4579 990 4619; x_wconf 79' lang='lat' dir='ltr'><strong>xlv</strong></span> <span class='ocrx_word' id='word_1_374' title='bbox 1018 4562 1123 4636; x_wconf 91' lang='lat'><strong>1/2</strong></span> <span class='ocrx_word' id='word_1_375' title='bbox 1140 4578 1261 4635; x_wconf 67' lang='lat' dir='ltr'><strong>quae</strong></span> <span class='ocrx_word' id='word_1_376' title='bbox 1293 4566 1347 4618; x_wconf 92' lang='lat' dir='ltr'><strong>in</strong></span> <span class='ocrx_word' id='word_1_377' title='bbox 1386 4565 1746 4622; x_wconf 83' lang='lat' dir='ltr'><strong>antecedente</strong></span> <span class='ocrx_word' id='word_1_378' title='bbox 1773 4563 1994 4623; x_wconf 89' lang='lat' dir='ltr'><strong>Orionis</strong></span> <span class='ocrx_word' id='word_1_379' title='bbox 2013 4565 2119 4622; x_wconf 86' lang='lat' dir='ltr'><strong>bu-</strong></span> 
     </span>
    </p>
   </div>
   <div class='ocr_carea' id='block_1_62' title="bbox 548 4656 2118 4728">
    <p class='ocr_par' dir='ltr' id='par_1_62' title="bbox 548 4656 2118 4728">
     <span class='ocr_line' id='line_1_62' title="bbox 548 4656 2118 4728; baseline 0.005 -19"><span class='ocrx_word' id='word_1_380' title='bbox 548 4671 702 4711; x_wconf 88' lang='lat' dir='ltr'><strong>mero</strong></span> <span class='ocrx_word' id='word_1_381' title='bbox 741 4663 826 4712; x_wconf 89' lang='lat' dir='ltr'><strong>est</strong></span> <span class='ocrx_word' id='word_1_382' title='bbox 864 4656 1073 4724; x_wconf 86' lang='lat' dir='ltr'><strong>oritur;</strong></span> <span class='ocrx_word' id='word_1_383' title='bbox 1116 4663 1173 4712; x_wconf 87' lang='lat' dir='ltr'><strong>et</strong></span> <span class='ocrx_word' id='word_1_384' title='bbox 1222 4656 1408 4712; x_wconf 90' lang='lat' dir='ltr'><strong>lucida</strong></span> <span class='ocrx_word' id='word_1_385' title='bbox 1458 4657 1686 4728; x_wconf 84' lang='lat' dir='ltr'><strong>Aquarii</strong></span> <span class='ocrx_word' id='word_1_386' title='bbox 1734 4657 2118 4717; x_wconf 87' lang='lat' dir='ltr'><strong>absconditur.</strong></span> 
     </span>
    </p>
   </div>
   <div class='ocr_carea' id='block_1_63' title="bbox 551 4746 2029 4821">
    <p class='ocr_par' dir='ltr' id='par_1_63' title="bbox 551 4746 2029 4821">
     <span class='ocr_line' id='line_1_63' title="bbox 551 4746 2029 4821; baseline 0.001 -17"><span class='ocrx_word' id='word_1_387' title='bbox 551 4747 827 4820; x_wconf 60' lang='lat' dir='ltr'><strong>IEgyptiis</strong></span> <span class='ocrx_word' id='word_1_388' title='bbox 848 4750 1055 4821; x_wconf 89' lang='lat' dir='ltr'><strong>pluvia.</strong></span> <span class='ocrx_word' id='word_1_389' title='bbox 2023 4746 2029 4751; x_wconf 75' lang='grc'><strong>’</strong></span> 
     </span>
    </p>
   </div>
   <div class='ocr_carea' id='block_1_64' title="bbox 619 4839 2124 4914">
    <p class='ocr_par' dir='ltr' id='par_1_64' title="bbox 619 4839 2124 4914">
     <span class='ocr_line' id='line_1_64' title="bbox 619 4839 2124 4914; baseline 0.004 -20"><span class='ocrx_word' id='word_1_390' title='bbox 619 4840 710 4896; x_wconf 82' lang='lat'><strong>25.</strong></span> <span class='ocrx_word' id='word_1_391' title='bbox 732 4839 878 4896; x_wconf 86' lang='lat' dir='ltr'><strong>Hora</strong></span> <span class='ocrx_word' id='word_1_392' title='bbox 910 4857 1009 4896; x_wconf 87' lang='lat' dir='ltr'><strong>xm</strong></span> <span class='ocrx_word' id='word_1_393' title='bbox 1041 4840 1146 4914; x_wconf 87' lang='lat'><strong>1/2</strong></span> <span class='ocrx_word' id='word_1_394' title='bbox 1173 4856 1297 4914; x_wconf 76' lang='lat' dir='ltr'><strong>qua:</strong></span> <span class='ocrx_word' id='word_1_395' title='bbox 1338 4843 1396 4898; x_wconf 90' lang='lat' dir='ltr'><strong>in</strong></span> <span class='ocrx_word' id='word_1_396' title='bbox 1419 4843 1777 4902; x_wconf 86' lang='lat' dir='ltr'><strong>antecedente</strong></span> <span class='ocrx_word' id='word_1_397' title='bbox 1804 4851 1891 4902; x_wconf 89' lang='lat' dir='ltr'><strong>est</strong></span> <span class='ocrx_word' id='word_1_398' title='bbox 1904 4842 2124 4902; x_wconf 88' lang='lat' dir='ltr'><strong>Orionis</strong></span> 
     </span>
    </p>
   </div>
   <div class='ocr_carea' id='block_1_65' title="bbox 548 4934 992 4993">
    <p class='ocr_par' dir='ltr' id='par_1_65' title="bbox 548 4934 992 4993">
     <span class='ocr_line' id='line_1_65' title="bbox 548 4934 992 4993; baseline 0.007 -3"><span class='ocrx_word' id='word_1_399' title='bbox 548 4934 778 4992; x_wconf 84' lang='lat' dir='ltr'><strong>humero</strong></span> <span class='ocrx_word' id='word_1_400' title='bbox 799 4937 992 4993; x_wconf 90' lang='lat' dir='ltr'><strong>oritur.</strong></span> 
     </span>
    </p>
   </div>
   <div class='ocr_carea' id='block_1_66' title="bbox 619 5025 2123 5103">
    <p class='ocr_par' dir='ltr' id='par_1_66' title="bbox 619 5025 2123 5103">
     <span class='ocr_line' id='line_1_66' title="bbox 619 5025 2123 5103; baseline 0.005 -23"><span class='ocrx_word' id='word_1_401' title='bbox 619 5025 883 5103; x_wconf 62' lang='lat' dir='ltr'><strong>26.110ra</strong></span> <span class='ocrx_word' id='word_1_402' title='bbox 912 5043 1003 5083; x_wconf 80' lang='lat' dir='ltr'><strong>xw</strong></span> <span class='ocrx_word' id='word_1_403' title='bbox 1025 5028 1207 5084; x_wconf 87' lang='lat' dir='ltr'><strong>lucida</strong></span> <span class='ocrx_word' id='word_1_404' title='bbox 1221 5028 1403 5084; x_wconf 72' lang='lat' dir='ltr'><strong>boreae</strong></span> <span class='ocrx_word' id='word_1_405' title='bbox 1435 5028 1665 5086; x_wconf 86' lang='lat' dir='ltr'><strong>Coronae</strong></span> <span class='ocrx_word' id='word_1_406' title='bbox 1705 5046 1867 5088; x_wconf 87' lang='lat' dir='ltr'><strong>mane</strong></span> <span class='ocrx_word' id='word_1_407' title='bbox 1886 5029 2123 5101; x_wconf 90' lang='lat' dir='ltr'><strong>occidit;</strong></span> 
     </span>
    </p>
   </div>
   <div class='ocr_carea' id='block_1_67' title="bbox 551 5119 1778 5190">
    <p class='ocr_par' dir='ltr' id='par_1_67' title="bbox 551 5119 1778 5190">
     <span class='ocr_line' id='line_1_67' title="bbox 551 5119 1778 5190; baseline 0.005 -19"><span class='ocrx_word' id='word_1_408' title='bbox 551 5134 675 5189; x_wconf 70' lang='lat' dir='ltr'><strong>qua!</strong></span> <span class='ocrx_word' id='word_1_409' title='bbox 707 5119 761 5173; x_wconf 90' lang='lat' dir='ltr'><strong>in</strong></span> <span class='ocrx_word' id='word_1_410' title='bbox 785 5119 1156 5190; x_wconf 90' lang='lat' dir='ltr'><strong>subsequente</strong></span> <span class='ocrx_word' id='word_1_411' title='bbox 1177 5119 1427 5175; x_wconf 90' lang='lat' dir='ltr'><strong>musculo</strong></span> <span class='ocrx_word' id='word_1_412' title='bbox 1449 5119 1778 5177; x_wconf 89' lang='lat' dir='ltr'><strong>Centauri...</strong></span> 
     </span>
    </p>
   </div>
   <div class='ocr_carea' id='block_1_68' title="bbox 623 5211 2126 5289">
    <p class='ocr_par' dir='ltr' id='par_1_68' title="bbox 623 5211 2126 5289">
     <span class='ocr_line' id='line_1_68' title="bbox 623 5211 2126 5289; baseline 0.005 -24"><span class='ocrx_word' id='word_1_413' title='bbox 623 5211 726 5283; x_wconf 77' lang='lat'><strong>51</strong></span> <span class='ocrx_word' id='word_1_414' title='bbox 757 5212 848 5267; x_wconf 88' lang='lat'><strong>27.</strong></span> <span class='ocrx_word' id='word_1_415' title='bbox 886 5211 1030 5268; x_wconf 83' lang='lat' dir='ltr'><strong>Hora</strong></span> <span class='ocrx_word' id='word_1_416' title='bbox 1062 5229 1161 5288; x_wconf 71' lang='grc' dir='ltr'><strong>χιιι</strong></span> <span class='ocrx_word' id='word_1_417' title='bbox 1203 5211 1307 5284; x_wconf 88' lang='grc' dir='ltr'><strong>1ίὲ</strong></span> <span class='ocrx_word' id='word_1_418' title='bbox 1336 5214 1647 5271; x_wconf 89' lang='lat' dir='ltr'><strong>communis</strong></span> <span class='ocrx_word' id='word_1_419' title='bbox 1689 5213 1866 5272; x_wconf 84' lang='lat' dir='ltr'><strong>Fluvii</strong></span> <span class='ocrx_word' id='word_1_420' title='bbox 1897 5224 1949 5274; x_wconf 91' lang='lat' dir='ltr'><strong>et</strong></span> <span class='ocrx_word' id='word_1_421' title='bbox 1970 5214 2126 5289; x_wconf 78' lang='lat' dir='ltr'><strong>pedis</strong></span> 
     </span>
    </p>
   </div>
   <div class='ocr_carea' id='block_1_69' title="bbox 550 5303 1677 5377">
    <p class='ocr_par' dir='ltr' id='par_1_69' title="bbox 550 5303 1677 5377">
     <span class='ocr_line' id='line_1_69' title="bbox 550 5303 1677 5377; baseline 0.002 -17"><span class='ocrx_word' id='word_1_422' title='bbox 550 5304 776 5361; x_wconf 75' lang='lat' dir='ltr'><strong>Orionis</strong></span> <span class='ocrx_word' id='word_1_423' title='bbox 802 5304 997 5361; x_wconf 90' lang='lat' dir='ltr'><strong>oritur.</strong></span> <span class='ocrx_word' id='word_1_424' title='bbox 1033 5303 1346 5361; x_wconf 90' lang='lat' dir='ltr'><strong>Democrito</strong></span> <span class='ocrx_word' id='word_1_425' title='bbox 1383 5305 1677 5377; x_wconf 78' lang='lat' dir='ltr'><strong>signiﬁcat.</strong></span> 
     </span>
    </p>
   </div>
   <div class='ocr_carea' id='block_1_70' title="bbox 627 5394 2130 5471">
    <p class='ocr_par' dir='ltr' id='par_1_70' title="bbox 627 5394 2130 5471">
     <span class='ocr_line' id='line_1_70' title="bbox 627 5394 2130 5471; baseline 0.004 -22"><span class='ocrx_word' id='word_1_426' title='bbox 627 5395 718 5451; x_wconf 87' lang='lat'><strong>28.</strong></span> <span class='ocrx_word' id='word_1_427' title='bbox 755 5394 903 5452; x_wconf 82' lang='lat' dir='ltr'><strong>Hora</strong></span> <span class='ocrx_word' id='word_1_428' title='bbox 943 5414 1015 5452; x_wconf 84' lang='lat' dir='ltr'><strong>xv</strong></span> <span class='ocrx_word' id='word_1_429' title='bbox 1044 5398 1150 5471; x_wconf 80' lang='lat'><strong>1/2</strong></span> <span class='ocrx_word' id='word_1_430' title='bbox 1175 5414 1299 5471; x_wconf 82' lang='lat' dir='ltr'><strong>quae</strong></span> <span class='ocrx_word' id='word_1_431' title='bbox 1345 5399 1402 5455; x_wconf 89' lang='lat' dir='ltr'><strong>in</strong></span> <span class='ocrx_word' id='word_1_432' title='bbox 1445 5414 1591 5471; x_wconf 77' lang='lat' dir='ltr'><strong>genu</strong></span> <span class='ocrx_word' id='word_1_433' title='bbox 1628 5398 1910 5471; x_wconf 84' lang='lat' dir='ltr'><strong>Sagittarii</strong></span> <span class='ocrx_word' id='word_1_434' title='bbox 1932 5405 2018 5455; x_wconf 90' lang='lat' dir='ltr'><strong>est</strong></span> <span class='ocrx_word' id='word_1_435' title='bbox 2035 5413 2130 5455; x_wconf 87' lang='lat' dir='ltr'><strong>ve-</strong></span> 
     </span>
    </p>
   </div>
   <div class='ocr_carea' id='block_1_71' title="bbox 554 5487 2075 5561">
    <p class='ocr_par' dir='ltr' id='par_1_71' title="bbox 554 5487 2075 5561">
     <span class='ocr_line' id='line_1_71' title="bbox 554 5487 2075 5561; baseline 0.001 -19"><span class='ocrx_word' id='word_1_436' title='bbox 554 5501 714 5557; x_wconf 81' lang='lat' dir='ltr'><strong>spere</strong></span> <span class='ocrx_word' id='word_1_437' title='bbox 741 5488 940 5544; x_wconf 90' lang='lat' dir='ltr'><strong>oritur.</strong></span> <span class='ocrx_word' id='word_1_438' title='bbox 968 5487 1283 5561; x_wconf 83' lang='lat' dir='ltr'><strong>Hipparcho</strong></span> <span class='ocrx_word' id='word_1_439' title='bbox 1313 5489 1586 5556; x_wconf 85' lang='lat' dir='ltr'><strong>favonius,</strong></span> <span class='ocrx_word' id='word_1_440' title='bbox 1614 5490 1702 5546; x_wconf 86' lang='lat' dir='ltr'><strong>vel</strong></span> <span class='ocrx_word' id='word_1_441' title='bbox 1735 5500 1926 5547; x_wconf 86' lang='lat' dir='ltr'><strong>auster</strong></span> <span class='ocrx_word' id='word_1_442' title='bbox 1960 5488 2075 5544; x_wconf 84' lang='lat' dir='ltr'><strong>ﬂat.</strong></span> 
     </span>
    </p>
   </div>
   <div class='ocr_carea' id='block_1_72' title="bbox 626 5595 2131 5675">
    <p class='ocr_par' dir='ltr' id='par_1_72' title="bbox 626 5595 2131 5675">
     <span class='ocr_line' id='line_1_72' title="bbox 626 5595 2131 5675; baseline 0.006 -25"><span class='ocrx_word' id='word_1_443' title='bbox 626 5595 719 5653; x_wconf 90' lang='lat'><strong>29.</strong></span> <span class='ocrx_word' id='word_1_444' title='bbox 749 5595 898 5655; x_wconf 78' lang='lat' dir='ltr'><strong>Hora</strong></span> <span class='ocrx_word' id='word_1_445' title='bbox 928 5638 944 5655; x_wconf 94' lang='lat'><strong>.</strong></span> <span class='ocrx_word' id='word_1_446' title='bbox 976 5639 993 5655; x_wconf 92' lang='lat'><strong>.</strong></span> <span class='ocrx_word' id='word_1_447' title='bbox 1028 5641 1043 5657; x_wconf 93' lang='lat'><strong>.</strong></span> <span class='ocrx_word' id='word_1_448' title='bbox 1076 5600 1260 5657; x_wconf 87' lang='lat' dir='ltr'><strong>lucida</strong></span> <span class='ocrx_word' id='word_1_449' title='bbox 1304 5601 1533 5674; x_wconf 85' lang='lat' dir='ltr'><strong>Aquarii</strong></span> <span class='ocrx_word' id='word_1_450' title='bbox 1580 5601 1873 5672; x_wconf 79' lang='lat' dir='ltr'><strong>conditur;</strong></span> <span class='ocrx_word' id='word_1_451' title='bbox 1915 5609 1971 5660; x_wconf 89' lang='lat' dir='ltr'><strong>et</strong></span> <span class='ocrx_word' id='word_1_452' title='bbox 2009 5616 2131 5675; x_wconf 66' lang='lat' dir='ltr'><strong>quae</strong></span> 
     </span>
    </p>
   </div>
   <div class='ocr_carea' id='block_1_73' title="bbox 2149 1831 2465 1931">
    <p class='ocr_par' dir='ltr' id='par_1_73' title="bbox 2149 1831 2465 1931">
     <span class='ocr_line' id='line_1_73' title="bbox 2149 1831 2465 1931; baseline 0 -16"><span class='ocrx_word' id='word_1_453' title='bbox 2149 1831 2194 1888; x_wconf 78' lang='grc' dir='ltr'><strong>Β</strong></span> <span class='ocrx_word' id='word_1_454' title='bbox 2221 1831 2315 1916; x_wconf 59' lang='grc' dir='ltr'><strong>ἐπί</strong></span> <span class='ocrx_word' id='word_1_455' title='bbox 2340 1862 2465 1931; x_wconf 82' lang='grc' dir='ltr'><strong>γῆν.</strong></span> 
     </span>
    </p>
   </div>
   <div class='ocr_carea' id='block_1_74' title="bbox 2292 1951 3799 2030">
    <p class='ocr_par' dir='ltr' id='par_1_74' title="bbox 2292 1951 3799 2030">
     <span class='ocr_line' id='line_1_74' title="bbox 2292 1951 3799 2030; baseline -0.003 -21"><span class='ocrx_word' id='word_1_456' title='bbox 2292 1956 2344 2011; x_wconf 87' lang='grc' dir='ltr'><strong>ι’.</strong></span> <span class='ocrx_word' id='word_1_457' title='bbox 2379 1957 2521 2030; x_wconf 73' lang='grc' dir='ltr'><strong>Ὦρα</strong></span> <span class='ocrx_word' id='word_1_458' title='bbox 2561 1954 2697 2026; x_wconf 71' lang='grc' dir='ltr'><strong>ιγ’ὃη</strong></span> <span class='ocrx_word' id='word_1_459' title='bbox 2740 1956 2769 2009; x_wconf 92' lang='lat'><strong>6</strong></span> <span class='ocrx_word' id='word_1_460' title='bbox 2800 1954 2894 2009; x_wconf 79' lang='grc' dir='ltr'>ἐπὶ</span> <span class='ocrx_word' id='word_1_461' title='bbox 2937 1957 3036 2026; x_wconf 79' lang='grc' dir='ltr'>τῆς</span> <span class='ocrx_word' id='word_1_462' title='bbox 3077 1953 3315 2025; x_wconf 79' lang='grc' dir='ltr'><strong>κεφαλῆς</strong></span> <span class='ocrx_word' id='word_1_463' title='bbox 3356 1951 3451 2005; x_wconf 82' lang='grc' dir='ltr'><strong>τοῦ</strong></span> <span class='ocrx_word' id='word_1_464' title='bbox 3488 1952 3799 2023; x_wconf 78' lang='grc' dir='ltr'>ἡγουμένου</span> 
     </span>
    </p>
   </div>
   <div class='ocr_carea' id='block_1_75' title="bbox 2219 2040 3649 2119">
    <p class='ocr_par' dir='ltr' id='par_1_75' title="bbox 2219 2040 3649 2119">
     <span class='ocr_line' id='line_1_75' title="bbox 2219 2040 3649 2119; baseline -0.004 -18"><span class='ocrx_word' id='word_1_465' title='bbox 2219 2046 2453 2119; x_wconf 83' lang='grc' dir='ltr'>Διδύμου</span> <span class='ocrx_word' id='word_1_466' title='bbox 2487 2046 2808 2118; x_wconf 83' lang='grc' dir='ltr'>κρύπτεται.</span> <span class='ocrx_word' id='word_1_467' title='bbox 2842 2046 3082 2118; x_wconf 84' lang='grc' dir='ltr'>Καίσαρι</span> <span class='ocrx_word' id='word_1_468' title='bbox 3111 2044 3330 2116; x_wconf 85' lang='grc' dir='ltr'>βρονταί</span> <span class='ocrx_word' id='word_1_469' title='bbox 3350 2043 3445 2098; x_wconf 78' lang='grc' dir='ltr'>καὶ</span> <span class='ocrx_word' id='word_1_470' title='bbox 3473 2040 3649 2105; x_wconf 84' lang='grc' dir='ltr'>ὑετός.</span> 
     </span>
    </p>
   </div>
   <div class='ocr_carea' id='block_1_76' title="bbox 2289 2218 3793 2298">
    <p class='ocr_par' dir='ltr' id='par_1_76' title="bbox 2289 2218 3793 2298">
     <span class='ocr_line' id='line_1_76' title="bbox 2289 2218 3793 2298; baseline -0.006 -16"><span class='ocrx_word' id='word_1_471' title='bbox 2289 2233 2381 2282; x_wconf 86' lang='grc' dir='ltr'>ια’.</span> <span class='ocrx_word' id='word_1_472' title='bbox 2418 2227 2559 2298; x_wconf 74' lang='grc' dir='ltr'><strong>Ὦρα</strong></span> <span class='ocrx_word' id='word_1_473' title='bbox 2599 2224 2737 2295; x_wconf 65' lang='grc' dir='ltr'>ιγεν</span> <span class='ocrx_word' id='word_1_474' title='bbox 2763 2226 2793 2278; x_wconf 97' lang='lat'><strong>6</strong></span> <span class='ocrx_word' id='word_1_475' title='bbox 2824 2226 2917 2279; x_wconf 79' lang='grc' dir='ltr'>ἐπὶ</span> <span class='ocrx_word' id='word_1_476' title='bbox 2960 2223 3059 2296; x_wconf 85' lang='grc' dir='ltr'>τῆς</span> <span class='ocrx_word' id='word_1_477' title='bbox 3090 2220 3335 2293; x_wconf 79' lang='grc' dir='ltr'><strong>κεφαλῆς</strong></span> <span class='ocrx_word' id='word_1_478' title='bbox 3366 2219 3463 2274; x_wconf 81' lang='grc' dir='ltr'><strong>τοῦ</strong></span> <span class='ocrx_word' id='word_1_479' title='bbox 3490 2218 3793 2290; x_wconf 71' lang='grc' dir='ltr'>ἡγουμένου</span> 
     </span>
    </p>
   </div>
   <div class='ocr_carea' id='block_1_77' title="bbox 2219 2317 2803 2389">
    <p class='ocr_par' dir='ltr' id='par_1_77' title="bbox 2219 2317 2803 2389">
     <span class='ocr_line' id='line_1_77' title="bbox 2219 2317 2803 2389; baseline -0.005 -17"><span class='ocrx_word' id='word_1_480' title='bbox 2219 2318 2340 2372; x_wconf 82' lang='grc' dir='ltr'>Διδύ</span> <span class='ocrx_word' id='word_1_481' title='bbox 2350 2335 2449 2389; x_wconf 89' lang='grc' dir='ltr'>μου</span> <span class='ocrx_word' id='word_1_482' title='bbox 2482 2317 2803 2388; x_wconf 82' lang='grc' dir='ltr'>κρύπτεται.</span> 
     </span>
    </p>
   </div>
   <div class='ocr_carea' id='block_1_78' title="bbox 2293 2401 3791 2483">
    <p class='ocr_par' dir='ltr' id='par_1_78' title="bbox 2293 2401 3791 2483">
     <span class='ocr_line' id='line_1_78' title="bbox 2293 2401 3791 2483; baseline -0.006 -20"><span class='ocrx_word' id='word_1_483' title='bbox 2293 2411 2377 2482; x_wconf 88' lang='grc' dir='ltr'><strong>ιβ’.</strong></span> <span class='ocrx_word' id='word_1_484' title='bbox 2415 2411 2557 2483; x_wconf 81' lang='grc' dir='ltr'><strong>Ἥρᾳ</strong></span> <span class='ocrx_word' id='word_1_485' title='bbox 2593 2408 2722 2463; x_wconf 79' lang='lat' dir='ltr'><strong>t6’S&quot;</strong></span> <span class='ocrx_word' id='word_1_486' title='bbox 2744 2410 2774 2461; x_wconf 89' lang='lat'><strong>6</strong></span> <span class='ocrx_word' id='word_1_487' title='bbox 2795 2406 2936 2461; x_wconf 85' lang='grc' dir='ltr'><strong>κατά</strong></span> <span class='ocrx_word' id='word_1_488' title='bbox 2956 2405 3083 2475; x_wconf 82' lang='grc' dir='ltr'>γόνυ</span> <span class='ocrx_word' id='word_1_489' title='bbox 3103 2403 3197 2458; x_wconf 86' lang='grc' dir='ltr'><strong>τοῦ</strong></span> <span class='ocrx_word' id='word_1_490' title='bbox 3217 2403 3446 2470; x_wconf 82' lang='grc' dir='ltr'>Τοξότου</span> <span class='ocrx_word' id='word_1_491' title='bbox 3466 2401 3598 2474; x_wconf 89' lang='grc' dir='ltr'>ἑῷος</span> <span class='ocrx_word' id='word_1_492' title='bbox 3625 2401 3791 2455; x_wconf 78' lang='grc' dir='ltr'>δόνει·</span> 
     </span>
    </p>
   </div>
   <div class='ocr_carea' id='block_1_79' title="bbox 2218 2491 3793 2571">
    <p class='ocr_par' dir='ltr' id='par_1_79' title="bbox 2218 2491 3793 2571">
     <span class='ocr_line' id='line_1_79' title="bbox 2218 2491 3793 2571; baseline -0.007 -15"><span class='ocrx_word' id='word_1_493' title='bbox 2218 2504 2313 2555; x_wconf 77' lang='grc' dir='ltr'>καὶ</span> <span class='ocrx_word' id='word_1_494' title='bbox 2336 2505 2365 2556; x_wconf 90' lang='lat'><strong>6</strong></span> <span class='ocrx_word' id='word_1_495' title='bbox 2392 2502 2485 2555; x_wconf 78' lang='grc' dir='ltr'>ἐπὶ</span> <span class='ocrx_word' id='word_1_496' title='bbox 2522 2502 2617 2571; x_wconf 86' lang='grc' dir='ltr'><strong>τῆς</strong></span> <span class='ocrx_word' id='word_1_497' title='bbox 2649 2498 2896 2569; x_wconf 78' lang='grc' dir='ltr'><strong>κεφαλῆς</strong></span> <span class='ocrx_word' id='word_1_498' title='bbox 2928 2497 3024 2551; x_wconf 86' lang='grc' dir='ltr'><strong>τοῦ</strong></span> <span class='ocrx_word' id='word_1_499' title='bbox 3053 2495 3360 2568; x_wconf 78' lang='grc' dir='ltr'>ἡγουμένου</span> <span class='ocrx_word' id='word_1_500' title='bbox 3397 2494 3626 2565; x_wconf 86' lang='grc' dir='ltr'>Διδύμου</span> <span class='ocrx_word' id='word_1_501' title='bbox 3661 2491 3793 2564; x_wconf 77' lang='grc' dir='ltr'>ἑῷος</span> 
     </span>
    </p>
   </div>
   <div class='ocr_carea' id='block_1_80' title="bbox 2218 2582 3701 2669">
    <p class='ocr_par' dir='ltr' id='par_1_80' title="bbox 2218 2582 3701 2669">
     <span class='ocr_line' id='line_1_80' title="bbox 2218 2582 3701 2669; baseline -0.007 -19"><span class='ocrx_word' id='word_1_502' title='bbox 2218 2595 2540 2669; x_wconf 79' lang='grc' dir='ltr'>κρύπτεται·</span> <span class='ocrx_word' id='word_1_503' title='bbox 2577 2594 2671 2646; x_wconf 75' lang='grc' dir='ltr'><strong>καὶ</strong></span> <span class='ocrx_word' id='word_1_504' title='bbox 2696 2582 2725 2645; x_wconf 83' lang='lat'><strong>6</strong></span> <span class='ocrx_word' id='word_1_505' title='bbox 2751 2590 3001 2663; x_wconf 68' lang='grc' dir='ltr'>λαμπρὸς</span> <span class='ocrx_word' id='word_1_506' title='bbox 3029 2591 3139 2645; x_wconf 84' lang='grc' dir='ltr'>τῷν</span> <span class='ocrx_word' id='word_1_507' title='bbox 3177 2589 3383 2643; x_wconf 80' lang='grc' dir='ltr'>Ὑάδων</span> <span class='ocrx_word' id='word_1_508' title='bbox 3404 2587 3701 2642; x_wconf 79' lang='grc' dir='ltr'><strong>ἀνατέλλει.</strong></span> 
     </span>
    </p>
   </div>
   <div class='ocr_carea' id='block_1_81' title="bbox 2291 2679 3795 2757">
    <p class='ocr_par' dir='ltr' id='par_1_81' title="bbox 2291 2679 3795 2757">
     <span class='ocr_line' id='line_1_81' title="bbox 2291 2679 3795 2757; baseline -0.006 -15"><span class='ocrx_word' id='word_1_509' title='bbox 2291 2693 2379 2757; x_wconf 73' lang='grc' dir='ltr'><strong>ιγ’.</strong></span> <span class='ocrx_word' id='word_1_510' title='bbox 2414 2686 2557 2757; x_wconf 80' lang='grc' dir='ltr'><strong>’Ὢρᾳ</strong></span> <span class='ocrx_word' id='word_1_511' title='bbox 2598 2682 2730 2739; x_wconf 78' lang='grc' dir='ltr'><strong>ιε’8’¹</strong></span> <span class='ocrx_word' id='word_1_512' title='bbox 2761 2685 2791 2737; x_wconf 93' lang='lat'><strong>6</strong></span> <span class='ocrx_word' id='word_1_513' title='bbox 2831 2683 2925 2737; x_wconf 70' lang='grc' dir='ltr'>ἐπὶ</span> <span class='ocrx_word' id='word_1_514' title='bbox 2965 2682 3063 2754; x_wconf 84' lang='grc' dir='ltr'>τῆς</span> <span class='ocrx_word' id='word_1_515' title='bbox 3087 2681 3330 2753; x_wconf 75' lang='grc' dir='ltr'>κεφαλῆς</span> <span class='ocrx_word' id='word_1_516' title='bbox 3362 2680 3456 2735; x_wconf 84' lang='grc' dir='ltr'><strong>τοῦ</strong></span> <span class='ocrx_word' id='word_1_517' title='bbox 3488 2679 3795 2752; x_wconf 81' lang='grc' dir='ltr'>ἡγουμένου</span> 
     </span>
    </p>
   </div>
   <div class='ocr_carea' id='block_1_82' title="bbox 2217 2774 3279 2848">
    <p class='ocr_par' dir='ltr' id='par_1_82' title="bbox 2217 2774 3279 2848">
     <span class='ocr_line' id='line_1_82' title="bbox 2217 2774 3279 2848; baseline -0.006 -16"><span class='ocrx_word' id='word_1_518' title='bbox 2217 2777 2339 2832; x_wconf 82' lang='grc' dir='ltr'>Διδύ</span> <span class='ocrx_word' id='word_1_519' title='bbox 2348 2794 2448 2848; x_wconf 92' lang='grc' dir='ltr'>μου</span> <span class='ocrx_word' id='word_1_520' title='bbox 2478 2774 2799 2848; x_wconf 86' lang='grc' dir='ltr'>κρύπτεται.</span> <span class='ocrx_word' id='word_1_521' title='bbox 3276 2776 3279 2779; x_wconf 70' lang='grc'><strong><em>⁷</em></strong></span> 
     </span>
    </p>
   </div>
   <div class='ocr_carea' id='block_1_83' title="bbox 2295 2864 3794 2941">
    <p class='ocr_par' dir='ltr' id='par_1_83' title="bbox 2295 2864 3794 2941">
     <span class='ocr_line' id='line_1_83' title="bbox 2295 2864 3794 2941; baseline -0.005 -16"><span class='ocrx_word' id='word_1_522' title='bbox 2295 2870 2377 2926; x_wconf 88' lang='grc' dir='ltr'>ιδ’.</span> <span class='ocrx_word' id='word_1_523' title='bbox 2410 2869 2554 2941; x_wconf 73' lang='grc' dir='ltr'>Ὥρα</span> <span class='ocrx_word' id='word_1_524' title='bbox 2576 2865 2715 2937; x_wconf 76' lang='grc' dir='ltr'><strong>ιγ’8”</strong></span> <span class='ocrx_word' id='word_1_525' title='bbox 2745 2869 2774 2920; x_wconf 93' lang='lat'><strong>6</strong></span> <span class='ocrx_word' id='word_1_526' title='bbox 2816 2866 2956 2921; x_wconf 82' lang='grc' dir='ltr'>κατὰ</span> <span class='ocrx_word' id='word_1_527' title='bbox 2980 2866 3041 2921; x_wconf 76' lang='grc' dir='ltr'><strong>τὸ</strong></span> <span class='ocrx_word' id='word_1_528' title='bbox 3065 2866 3194 2937; x_wconf 89' lang='grc' dir='ltr'>γόνυ</span> <span class='ocrx_word' id='word_1_529' title='bbox 3224 2865 3318 2921; x_wconf 88' lang='grc' dir='ltr'><strong>τοῦ</strong></span> <span class='ocrx_word' id='word_1_530' title='bbox 3348 2864 3577 2931; x_wconf 82' lang='grc' dir='ltr'>Τοξότου</span> <span class='ocrx_word' id='word_1_531' title='bbox 3634 2866 3794 2919; x_wconf 83' lang='grc' dir='ltr'>ἐσπέ-</span> 
     </span>
    </p>
   </div>
   <div class='ocr_carea' id='block_1_84' title="bbox 2219 2956 3789 3035">
    <p class='ocr_par' dir='ltr' id='par_1_84' title="bbox 2219 2956 3789 3035">
     <span class='ocr_line' id='line_1_84' title="bbox 2219 2956 3789 3035; baseline -0.003 -18"><span class='ocrx_word' id='word_1_532' title='bbox 2219 2980 2336 3035; x_wconf 89' lang='grc' dir='ltr'>ριος</span> <span class='ocrx_word' id='word_1_533' title='bbox 2366 2960 2664 3015; x_wconf 78' lang='grc' dir='ltr'>ἀνατέλλει·</span> <span class='ocrx_word' id='word_1_534' title='bbox 2694 2959 2724 3012; x_wconf 93' lang='lat'><strong>6</strong></span> <span class='ocrx_word' id='word_1_535' title='bbox 2746 2959 2999 3032; x_wconf 83' lang='grc' dir='ltr'>λαμπρὸς</span> <span class='ocrx_word' id='word_1_536' title='bbox 3028 2958 3120 3011; x_wconf 86' lang='grc' dir='ltr'><strong>τοῦ</strong></span> <span class='ocrx_word' id='word_1_537' title='bbox 3155 2957 3438 3029; x_wconf 85' lang='grc' dir='ltr'>Ὑδροχόου</span> <span class='ocrx_word' id='word_1_538' title='bbox 3471 2956 3789 3027; x_wconf 83' lang='grc' dir='ltr'>κρύπτεται.</span> 
     </span>
    </p>
   </div>
   <div class='ocr_carea' id='block_1_85' title="bbox 2290 3046 3793 3127">
    <p class='ocr_par' dir='ltr' id='par_1_85' title="bbox 2290 3046 3793 3127">
     <span class='ocr_line' id='line_1_85' title="bbox 2290 3046 3793 3127; baseline -0.005 -17"><span class='ocrx_word' id='word_1_539' title='bbox 2290 3052 2371 3110; x_wconf 89' lang='grc' dir='ltr'>ιε’.</span> <span class='ocrx_word' id='word_1_540' title='bbox 2404 3054 2546 3127; x_wconf 79' lang='grc' dir='ltr'>’Ὠρᾳ</span> <span class='ocrx_word' id='word_1_541' title='bbox 2588 3051 2726 3122; x_wconf 81' lang='grc' dir='ltr'><strong>ιγ’5”</strong></span> <span class='ocrx_word' id='word_1_542' title='bbox 2770 3053 2801 3107; x_wconf 94' lang='lat'><strong>6</strong></span> <span class='ocrx_word' id='word_1_543' title='bbox 2836 3049 3091 3124; x_wconf 83' lang='grc' dir='ltr'>λαμπρὸς</span> <span class='ocrx_word' id='word_1_544' title='bbox 3132 3048 3227 3104; x_wconf 87' lang='grc' dir='ltr'><strong>τοῦ</strong></span> <span class='ocrx_word' id='word_1_545' title='bbox 3260 3049 3472 3122; x_wconf 86' lang='grc' dir='ltr'>βορείου</span> <span class='ocrx_word' id='word_1_546' title='bbox 3521 3046 3793 3118; x_wconf 81' lang='grc' dir='ltr'>Στεφάνου</span> 
     </span>
    </p>
   </div>
   <div class='ocr_carea' id='block_1_86' title="bbox 2144 3145 2384 3227">
    <p class='ocr_par' dir='ltr' id='par_1_86' title="bbox 2144 3145 2384 3227">
     <span class='ocr_line' id='line_1_86' title="bbox 2144 3145 2384 3227; baseline -0.008 -26"><span class='ocrx_word' id='word_1_547' title='bbox 2144 3169 2187 3227; x_wconf 76' lang='lat' dir='ltr'>c</span> <span class='ocrx_word' id='word_1_548' title='bbox 2219 3145 2384 3201; x_wconf 84' lang='grc' dir='ltr'>δύνει.</span> 
     </span>
    </p>
   </div>
   <div class='ocr_carea' id='block_1_87' title="bbox 2290 3229 3796 3307">
    <p class='ocr_par' dir='ltr' id='par_1_87' title="bbox 2290 3229 3796 3307">
     <span class='ocr_line' id='line_1_87' title="bbox 2290 3229 3796 3307; baseline -0.005 -15"><span class='ocrx_word' id='word_1_549' title='bbox 2290 3244 2386 3304; x_wconf 86' lang='grc' dir='ltr'>ις’.</span> <span class='ocrx_word' id='word_1_550' title='bbox 2435 3235 2493 3290; x_wconf 88' lang='lat'><strong>&#39;0</strong></span> <span class='ocrx_word' id='word_1_551' title='bbox 2524 3234 2775 3307; x_wconf 79' lang='grc' dir='ltr'>λαμπρὸς</span> <span class='ocrx_word' id='word_1_552' title='bbox 2794 3233 2903 3287; x_wconf 83' lang='grc' dir='ltr'><strong>τῶν</strong></span> <span class='ocrx_word' id='word_1_553' title='bbox 2944 3232 3151 3288; x_wconf 85' lang='grc' dir='ltr'>Ὑάδων</span> <span class='ocrx_word' id='word_1_554' title='bbox 3191 3230 3326 3303; x_wconf 84' lang='grc' dir='ltr'>ἑῷος</span> <span class='ocrx_word' id='word_1_555' title='bbox 3367 3229 3670 3287; x_wconf 81' lang='grc' dir='ltr'>ἀνατέλλει.</span> <span class='ocrx_word' id='word_1_556' title='bbox 3702 3233 3796 3286; x_wconf 76' lang='grc' dir='ltr'><strong>Αι-</strong></span> 
     </span>
    </p>
   </div>
   <div class='ocr_carea' id='block_1_88' title="bbox 2215 3324 3093 3402">
    <p class='ocr_par' dir='ltr' id='par_1_88' title="bbox 2215 3324 3093 3402">
     <span class='ocr_line' id='line_1_88' title="bbox 2215 3324 3093 3402; baseline -0.009 -16"><span class='ocrx_word' id='word_1_557' title='bbox 2215 3330 2469 3402; x_wconf 88' lang='grc' dir='ltr'>γυπτίοις</span> <span class='ocrx_word' id='word_1_558' title='bbox 2495 3328 2563 3383; x_wconf 87' lang='grc' dir='ltr'><strong>δι’</strong></span> <span class='ocrx_word' id='word_1_559' title='bbox 2593 3326 2808 3399; x_wconf 83' lang='grc' dir='ltr'>ἡμέρας</span> <span class='ocrx_word' id='word_1_560' title='bbox 2834 3324 3093 3396; x_wconf 73' lang='grc' dir='ltr'>ψακάζει.</span> 
     </span>
    </p>
   </div>
   <div class='ocr_carea' id='block_1_89' title="bbox 2290 3416 3798 3494">
    <p class='ocr_par' dir='ltr' id='par_1_89' title="bbox 2290 3416 3798 3494">
     <span class='ocr_line' id='line_1_89' title="bbox 2290 3416 3798 3494; baseline -0.002 -18"><span class='ocrx_word' id='word_1_561' title='bbox 2290 3421 2375 3488; x_wconf 75' lang='grc' dir='ltr'><strong>ιζ’.</strong></span> <span class='ocrx_word' id='word_1_562' title='bbox 2412 3422 2554 3494; x_wconf 80' lang='grc' dir='ltr'><strong>Ἥρᾳ</strong></span> <span class='ocrx_word' id='word_1_563' title='bbox 2589 3420 2649 3474; x_wconf 84' lang='grc' dir='ltr'><strong>ιδ’</strong></span> <span class='ocrx_word' id='word_1_564' title='bbox 2681 3417 2871 3473; x_wconf 89' lang='grc' dir='ltr'>όκατά</span> <span class='ocrx_word' id='word_1_565' title='bbox 2895 3417 2957 3472; x_wconf 77' lang='grc' dir='ltr'><strong>τὸ</strong></span> <span class='ocrx_word' id='word_1_566' title='bbox 2992 3417 3123 3487; x_wconf 85' lang='grc' dir='ltr'>γόνυ</span> <span class='ocrx_word' id='word_1_567' title='bbox 3160 3416 3255 3472; x_wconf 90' lang='grc' dir='ltr'><strong>τοῦ</strong></span> <span class='ocrx_word' id='word_1_568' title='bbox 3283 3416 3514 3485; x_wconf 81' lang='grc' dir='ltr'>Τοξότου</span> <span class='ocrx_word' id='word_1_569' title='bbox 3543 3419 3798 3489; x_wconf 80' lang='grc' dir='ltr'>ἑσπέριος</span> 
     </span>
    </p>
   </div>
   <div class='ocr_carea' id='block_1_90' title="bbox 2215 3506 3245 3582">
    <p class='ocr_par' dir='ltr' id='par_1_90' title="bbox 2215 3506 3245 3582">
     <span class='ocr_line' id='line_1_90' title="bbox 2215 3506 3245 3582; baseline -0.005 -14"><span class='ocrx_word' id='word_1_570' title='bbox 2215 3511 2515 3570; x_wconf 77' lang='grc' dir='ltr'>ἀνατέλλει·</span> <span class='ocrx_word' id='word_1_571' title='bbox 2561 3508 2888 3582; x_wconf 71' lang='grc' dir='ltr'>Ἀρκτοῦρος</span> <span class='ocrx_word' id='word_1_572' title='bbox 2919 3506 3053 3579; x_wconf 85' lang='grc' dir='ltr'>ἑῷος</span> <span class='ocrx_word' id='word_1_573' title='bbox 3077 3507 3245 3563; x_wconf 85' lang='grc' dir='ltr'>δύνει.</span> 
     </span>
    </p>
   </div>
   <div class='ocr_carea' id='block_1_91' title="bbox 2286 3599 3800 3679">
    <p class='ocr_par' dir='ltr' id='par_1_91' title="bbox 2286 3599 3800 3679">
     <span class='ocr_line' id='line_1_91' title="bbox 2286 3599 3800 3679; baseline -0.004 -18"><span class='ocrx_word' id='word_1_574' title='bbox 2286 3612 2375 3679; x_wconf 81' lang='grc' dir='ltr'><strong>ιη’.</strong></span> <span class='ocrx_word' id='word_1_575' title='bbox 2406 3606 2547 3676; x_wconf 73' lang='grc' dir='ltr'>Ὦρα</span> <span class='ocrx_word' id='word_1_576' title='bbox 2589 3600 2647 3656; x_wconf 89' lang='grc' dir='ltr'><strong>ιδ’</strong></span> <span class='ocrx_word' id='word_1_577' title='bbox 2687 3602 2717 3656; x_wconf 88' lang='lat'><strong>6</strong></span> <span class='ocrx_word' id='word_1_578' title='bbox 2754 3600 3008 3673; x_wconf 81' lang='grc' dir='ltr'>λαμπρὸς</span> <span class='ocrx_word' id='word_1_579' title='bbox 3036 3599 3130 3654; x_wconf 86' lang='grc' dir='ltr'><strong>τοῦ</strong></span> <span class='ocrx_word' id='word_1_580' title='bbox 3152 3600 3385 3672; x_wconf 88' lang='grc' dir='ltr'>Διδύμου</span> <span class='ocrx_word' id='word_1_581' title='bbox 3417 3599 3735 3673; x_wconf 75' lang='grc' dir='ltr'>κρύπτεται·</span> <span class='ocrx_word' id='word_1_582' title='bbox 3770 3603 3800 3656; x_wconf 93' lang='lat'><strong>6</strong></span> 
     </span>
    </p>
   </div>
   <div class='ocr_carea' id='block_1_92' title="bbox 2218 3693 3238 3767">
    <p class='ocr_par' dir='ltr' id='par_1_92' title="bbox 2218 3693 3238 3767">
     <span class='ocr_line' id='line_1_92' title="bbox 2218 3693 3238 3767; baseline -0.005 -13"><span class='ocrx_word' id='word_1_583' title='bbox 2218 3699 2359 3753; x_wconf 88' lang='grc' dir='ltr'><strong>κατά</strong></span> <span class='ocrx_word' id='word_1_584' title='bbox 2396 3697 2457 3751; x_wconf 80' lang='grc' dir='ltr'>τὸ</span> <span class='ocrx_word' id='word_1_585' title='bbox 2488 3695 2617 3767; x_wconf 85' lang='grc' dir='ltr'>γόνυ</span> <span class='ocrx_word' id='word_1_586' title='bbox 2653 3693 2906 3766; x_wconf 79' lang='grc' dir='ltr'>ἑσπέριος</span> <span class='ocrx_word' id='word_1_587' title='bbox 2936 3693 3238 3749; x_wconf 78' lang='grc' dir='ltr'>ἀνατέλλει.</span> 
     </span>
    </p>
   </div>
   <div class='ocr_carea' id='block_1_93' title="bbox 2290 3782 3797 3859">
    <p class='ocr_par' dir='ltr' id='par_1_93' title="bbox 2290 3782 3797 3859">
     <span class='ocr_line' id='line_1_93' title="bbox 2290 3782 3797 3859; baseline -0.004 -17"><span class='ocrx_word' id='word_1_588' title='bbox 2290 3788 2377 3844; x_wconf 69' lang='grc' dir='ltr'>ιδ’.</span> <span class='ocrx_word' id='word_1_589' title='bbox 2395 3788 2536 3859; x_wconf 77' lang='grc' dir='ltr'><strong>Ὥρα</strong></span> <span class='ocrx_word' id='word_1_590' title='bbox 2559 3790 2626 3855; x_wconf 85' lang='grc' dir='ltr'><strong>ιγ’</strong></span> <span class='ocrx_word' id='word_1_591' title='bbox 2633 3783 2694 3838; x_wconf 86' lang='lat' dir='ltr'><strong>S&quot;</strong></span> <span class='ocrx_word' id='word_1_592' title='bbox 2714 3786 2743 3838; x_wconf 85' lang='grc' dir='ltr'>ὁ</span> <span class='ocrx_word' id='word_1_593' title='bbox 2764 3785 2820 3838; x_wconf 86' lang='grc' dir='ltr'><strong>ἑν</strong></span> <span class='ocrx_word' id='word_1_594' title='bbox 2852 3782 2931 3856; x_wconf 87' lang='grc' dir='ltr'>τῷ</span> <span class='ocrx_word' id='word_1_595' title='bbox 2950 3784 3237 3856; x_wconf 76' lang='grc' dir='ltr'><strong>ἡγουμένῳ</strong></span> <span class='ocrx_word' id='word_1_596' title='bbox 3265 3782 3401 3855; x_wconf 79' lang='grc' dir='ltr'>ὤμῳ</span> <span class='ocrx_word' id='word_1_597' title='bbox 3425 3782 3521 3839; x_wconf 83' lang='grc' dir='ltr'><strong>τοῦ</strong></span> <span class='ocrx_word' id='word_1_598' title='bbox 3549 3784 3797 3857; x_wconf 69' lang='grc' dir='ltr'><strong>Ὠρίωνος,</strong></span> 
     </span>
    </p>
   </div>
   <div class='ocr_carea' id='block_1_94' title="bbox 2220 3874 3798 3952">
    <p class='ocr_par' dir='ltr' id='par_1_94' title="bbox 2220 3874 3798 3952">
     <span class='ocr_line' id='line_1_94' title="bbox 2220 3874 3798 3952; baseline -0.004 -17"><span class='ocrx_word' id='word_1_599' title='bbox 2220 3880 2473 3952; x_wconf 85' lang='grc' dir='ltr'>ἑσπέριος</span> <span class='ocrx_word' id='word_1_600' title='bbox 2505 3876 2804 3932; x_wconf 86' lang='grc' dir='ltr'>ἀνατέλλει·</span> <span class='ocrx_word' id='word_1_601' title='bbox 2826 3876 2924 3931; x_wconf 74' lang='grc' dir='ltr'>καὶ</span> <span class='ocrx_word' id='word_1_602' title='bbox 2948 3879 2977 3931; x_wconf 92' lang='lat'><strong>6</strong></span> <span class='ocrx_word' id='word_1_603' title='bbox 3002 3875 3230 3948; x_wconf 78' lang='grc' dir='ltr'>ἔσχατος</span> <span class='ocrx_word' id='word_1_604' title='bbox 3258 3874 3356 3929; x_wconf 86' lang='grc' dir='ltr'><strong>τοῦ</strong></span> <span class='ocrx_word' id='word_1_605' title='bbox 3385 3876 3640 3949; x_wconf 89' lang='grc' dir='ltr'>Ποταμοῦ</span> <span class='ocrx_word' id='word_1_606' title='bbox 3676 3877 3798 3930; x_wconf 86' lang='grc' dir='ltr'>ἐπι-</span> 
     </span>
    </p>
   </div>
   <div class='ocr_carea' id='block_1_95' title="bbox 2218 3966 2985 4040">
    <p class='ocr_par' dir='ltr' id='par_1_95' title="bbox 2218 3966 2985 4040">
     <span class='ocr_line' id='line_1_95' title="bbox 2218 3966 2985 4040; baseline -0.005 -13"><span class='ocrx_word' id='word_1_607' title='bbox 2218 3972 2412 4027; x_wconf 84' lang='grc' dir='ltr'>τέλλει.</span> <span class='ocrx_word' id='word_1_608' title='bbox 2441 3968 2760 4040; x_wconf 81' lang='grc' dir='ltr'>Αἰγυπτίοις</span> <span class='ocrx_word' id='word_1_609' title='bbox 2783 3966 2985 4038; x_wconf 76' lang='grc' dir='ltr'>ψακὰς.</span> 
     </span>
    </p>
   </div>
   <div class='ocr_carea' id='block_1_96' title="bbox 2291 4062 3748 4139">
    <p class='ocr_par' dir='ltr' id='par_1_96' title="bbox 2291 4062 3748 4139">
     <span class='ocr_line' id='line_1_96' title="bbox 2291 4062 3748 4139; baseline -0.001 -17"><span class='ocrx_word' id='word_1_610' title='bbox 2291 4073 2361 4122; x_wconf 90' lang='grc' dir='ltr'><strong>κ’.</strong></span> <span class='ocrx_word' id='word_1_611' title='bbox 2400 4067 2543 4139; x_wconf 78' lang='grc' dir='ltr'><strong>Ἤρᾳ</strong></span> <span class='ocrx_word' id='word_1_612' title='bbox 2591 4063 2721 4120; x_wconf 78' lang='grc' dir='ltr'><strong>ιε⁹8”</strong></span> <span class='ocrx_word' id='word_1_613' title='bbox 2767 4065 2795 4117; x_wconf 92' lang='lat'><strong>6</strong></span> <span class='ocrx_word' id='word_1_614' title='bbox 2823 4063 3074 4136; x_wconf 76' lang='grc' dir='ltr'>λαμπρὸς</span> <span class='ocrx_word' id='word_1_615' title='bbox 3102 4062 3432 4120; x_wconf 81' lang='grc' dir='ltr'>τῶνὙάδων</span> <span class='ocrx_word' id='word_1_616' title='bbox 3458 4064 3748 4121; x_wconf 75' lang='grc' dir='ltr'>ἐπιτέλλει.</span> 
     </span>
    </p>
   </div>
   <div class='ocr_carea' id='block_1_97' title="bbox 2292 4157 3013 4230">
    <p class='ocr_par' dir='ltr' id='par_1_97' title="bbox 2292 4157 3013 4230">
     <span class='ocr_line' id='line_1_97' title="bbox 2292 4157 3013 4230; baseline -0.006 -16"><span class='ocrx_word' id='word_1_617' title='bbox 2292 4164 2399 4214; x_wconf 83' lang='grc' dir='ltr'>κα’.</span> <span class='ocrx_word' id='word_1_618' title='bbox 2432 4158 2533 4224; x_wconf 81' lang='grc' dir='ltr'><strong>Αἴξ</strong></span> <span class='ocrx_word' id='word_1_619' title='bbox 2561 4157 2695 4230; x_wconf 89' lang='grc' dir='ltr'>ἑῷος</span> <span class='ocrx_word' id='word_1_620' title='bbox 2727 4157 3013 4212; x_wconf 84' lang='grc' dir='ltr'>ἐπιτέλλει.</span> 
     </span>
    </p>
   </div>
   <div class='ocr_carea' id='block_1_98' title="bbox 2294 4378 3801 4457">
    <p class='ocr_par' dir='ltr' id='par_1_98' title="bbox 2294 4378 3801 4457">
     <span class='ocr_line' id='line_1_98' title="bbox 2294 4378 3801 4457; baseline -0.003 -18"><span class='ocrx_word' id='word_1_621' title='bbox 2294 4389 2399 4452; x_wconf 86' lang='grc' dir='ltr'>κγ’.</span> <span class='ocrx_word' id='word_1_622' title='bbox 2444 4383 2587 4457; x_wconf 75' lang='grc' dir='ltr'><strong>Ὥρα</strong></span> <span class='ocrx_word' id='word_1_623' title='bbox 2613 4389 2672 4438; x_wconf 83' lang='grc' dir='ltr'>ιε’</span> <span class='ocrx_word' id='word_1_624' title='bbox 2693 4383 2723 4438; x_wconf 92' lang='lat'><strong>6</strong></span> <span class='ocrx_word' id='word_1_625' title='bbox 2749 4380 2893 4437; x_wconf 84' lang='grc' dir='ltr'><strong>κατά</strong></span> <span class='ocrx_word' id='word_1_626' title='bbox 2918 4381 2980 4435; x_wconf 86' lang='grc' dir='ltr'><strong>τδ</strong></span> <span class='ocrx_word' id='word_1_627' title='bbox 3013 4379 3143 4451; x_wconf 86' lang='grc' dir='ltr'>γόνυ</span> <span class='ocrx_word' id='word_1_628' title='bbox 3163 4378 3258 4435; x_wconf 84' lang='grc' dir='ltr'><strong>τοῦ</strong></span> <span class='ocrx_word' id='word_1_629' title='bbox 3285 4379 3517 4449; x_wconf 82' lang='grc' dir='ltr'>Τοξότου</span> <span class='ocrx_word' id='word_1_630' title='bbox 3549 4380 3801 4454; x_wconf 78' lang='grc' dir='ltr'>ἑσπέριος</span> 
     </span>
    </p>
   </div>
   <div class='ocr_carea' id='block_1_99' title="bbox 2224 4474 3397 4548">
    <p class='ocr_par' dir='ltr' id='par_1_99' title="bbox 2224 4474 3397 4548">
     <span class='ocr_line' id='line_1_99' title="bbox 2224 4474 3397 4548; baseline -0.004 -15"><span class='ocrx_word' id='word_1_631' title='bbox 2224 4477 2525 4537; x_wconf 85' lang='grc' dir='ltr'>ἀνατέλλει,</span> <span class='ocrx_word' id='word_1_632' title='bbox 2552 4477 2871 4547; x_wconf 75' lang='grc' dir='ltr'>Αἰγυπτίοις</span> <span class='ocrx_word' id='word_1_633' title='bbox 2903 4475 3138 4548; x_wconf 77' lang='grc' dir='ltr'>ζέφυρος</span> <span class='ocrx_word' id='word_1_634' title='bbox 3168 4474 3202 4547; x_wconf 77' lang='grc' dir='ltr'>ἢ</span> <span class='ocrx_word' id='word_1_635' title='bbox 3227 4474 3397 4539; x_wconf 89' lang='grc' dir='ltr'>νότος.</span> 
     </span>
    </p>
   </div>
   <div class='ocr_carea' id='block_1_100' title="bbox 2294 4564 3799 4641">
    <p class='ocr_par' dir='ltr' id='par_1_100' title="bbox 2294 4564 3799 4641">
     <span class='ocr_line' id='line_1_100' title="bbox 2294 4564 3799 4641; baseline -0.001 -19"><span class='ocrx_word' id='word_1_636' title='bbox 2294 4568 2393 4622; x_wconf 77' lang='grc' dir='ltr'>κδ’.</span> <span class='ocrx_word' id='word_1_637' title='bbox 2423 4568 2566 4641; x_wconf 72' lang='grc' dir='ltr'>Ὦρα</span> <span class='ocrx_word' id='word_1_638' title='bbox 2592 4566 2721 4624; x_wconf 79' lang='lat' dir='ltr'><strong>t6&#39;S&quot;</strong></span> <span class='ocrx_word' id='word_1_639' title='bbox 2746 4570 2776 4622; x_wconf 98' lang='lat'><strong>6</strong></span> <span class='ocrx_word' id='word_1_640' title='bbox 2801 4568 2861 4622; x_wconf 91' lang='grc' dir='ltr'><strong>ἐν</strong></span> <span class='ocrx_word' id='word_1_641' title='bbox 2886 4565 2964 4638; x_wconf 87' lang='grc' dir='ltr'>τῷ</span> <span class='ocrx_word' id='word_1_642' title='bbox 2995 4565 3282 4638; x_wconf 80' lang='grc' dir='ltr'>ἡγουμένῳ</span> <span class='ocrx_word' id='word_1_643' title='bbox 3322 4564 3459 4638; x_wconf 81' lang='grc' dir='ltr'>ὤμῳ</span> <span class='ocrx_word' id='word_1_644' title='bbox 3484 4566 3579 4621; x_wconf 85' lang='grc' dir='ltr'><strong>τοῦ</strong></span> <span class='ocrx_word' id='word_1_645' title='bbox 3609 4567 3799 4639; x_wconf 84' lang='grc' dir='ltr'><strong>Ὠρίω-</strong></span> 
     </span>
    </p>
   </div>
   <div class='ocr_carea' id='block_1_101' title="bbox 2222 4656 3803 4732">
    <p class='ocr_par' dir='ltr' id='par_1_101' title="bbox 2222 4656 3803 4732">
     <span class='ocr_line' id='line_1_101' title="bbox 2222 4656 3803 4732; baseline -0.002 -17"><span class='ocrx_word' id='word_1_646' title='bbox 2222 4678 2311 4725; x_wconf 90' lang='grc' dir='ltr'>νος</span> <span class='ocrx_word' id='word_1_647' title='bbox 2334 4660 2619 4715; x_wconf 90' lang='grc' dir='ltr'>ἑπιτέλλει·</span> <span class='ocrx_word' id='word_1_648' title='bbox 2654 4660 2750 4714; x_wconf 73' lang='grc' dir='ltr'><strong>καὶ</strong></span> <span class='ocrx_word' id='word_1_649' title='bbox 2778 4663 2808 4714; x_wconf 91' lang='lat'><strong>6</strong></span> <span class='ocrx_word' id='word_1_650' title='bbox 2838 4658 3089 4731; x_wconf 76' lang='grc' dir='ltr'>λαμπρὸς</span> <span class='ocrx_word' id='word_1_651' title='bbox 3116 4656 3212 4712; x_wconf 82' lang='grc' dir='ltr'><strong>τοῦ</strong></span> <span class='ocrx_word' id='word_1_652' title='bbox 3255 4658 3541 4731; x_wconf 80' lang='grc' dir='ltr'>’Υδροχόου</span> <span class='ocrx_word' id='word_1_653' title='bbox 3565 4657 3803 4732; x_wconf 87' lang='grc' dir='ltr'>κρύπτε-</span> 
     </span>
    </p>
   </div>
   <div class='ocr_carea' id='block_1_102' title="bbox 2221 4750 2887 4822">
    <p class='ocr_par' dir='ltr' id='par_1_102' title="bbox 2221 4750 2887 4822">
     <span class='ocr_line' id='line_1_102' title="bbox 2221 4750 2887 4822; baseline -0.005 -16"><span class='ocrx_word' id='word_1_654' title='bbox 2221 4770 2334 4808; x_wconf 87' lang='grc' dir='ltr'>ται.</span> <span class='ocrx_word' id='word_1_655' title='bbox 2360 4753 2679 4822; x_wconf 79' lang='grc' dir='ltr'>Αἰγυπτίοις</span> <span class='ocrx_word' id='word_1_656' title='bbox 2712 4750 2887 4815; x_wconf 83' lang='grc' dir='ltr'>ὑετός.</span> 
     </span>
    </p>
   </div>
   <div class='ocr_carea' id='block_1_103' title="bbox 2292 4839 3803 4917">
    <p class='ocr_par' dir='ltr' id='par_1_103' title="bbox 2292 4839 3803 4917">
     <span class='ocr_line' id='line_1_103' title="bbox 2292 4839 3803 4917; baseline -0.004 -17"><span class='ocrx_word' id='word_1_657' title='bbox 2292 4851 2392 4901; x_wconf 84' lang='grc' dir='ltr'>κε’.</span> <span class='ocrx_word' id='word_1_658' title='bbox 2424 4846 2566 4917; x_wconf 79' lang='grc' dir='ltr'><strong>Ἥρᾳ</strong></span> <span class='ocrx_word' id='word_1_659' title='bbox 2598 4844 2735 4915; x_wconf 75' lang='grc' dir='ltr'>ιγ’5”</span> <span class='ocrx_word' id='word_1_660' title='bbox 2776 4844 2805 4898; x_wconf 88' lang='lat'><strong>6</strong></span> <span class='ocrx_word' id='word_1_661' title='bbox 2833 4844 2892 4898; x_wconf 81' lang='grc' dir='ltr'><strong>ἐν</strong></span> <span class='ocrx_word' id='word_1_662' title='bbox 2923 4841 3004 4916; x_wconf 89' lang='grc' dir='ltr'>τῷ</span> <span class='ocrx_word' id='word_1_663' title='bbox 3021 4841 3311 4916; x_wconf 81' lang='grc' dir='ltr'><strong>ἡγουμένῳ</strong></span> <span class='ocrx_word' id='word_1_664' title='bbox 3338 4839 3476 4913; x_wconf 78' lang='grc' dir='ltr'>ὤμῳ</span> <span class='ocrx_word' id='word_1_665' title='bbox 3504 4840 3597 4896; x_wconf 86' lang='grc' dir='ltr'><strong>τοῦ</strong></span> <span class='ocrx_word' id='word_1_666' title='bbox 3615 4840 3803 4911; x_wconf 81' lang='grc' dir='ltr'><strong>Ὠρίω-</strong></span> 
     </span>
    </p>
   </div>
   <div class='ocr_carea' id='block_1_104' title="bbox 2223 4938 2631 5005">
    <p class='ocr_par' dir='ltr' id='par_1_104' title="bbox 2223 4938 2631 5005">
     <span class='ocr_line' id='line_1_104' title="bbox 2223 4938 2631 5005; baseline -0.007 -10"><span class='ocrx_word' id='word_1_667' title='bbox 2223 4957 2314 5005; x_wconf 89' lang='grc' dir='ltr'>νος</span> <span class='ocrx_word' id='word_1_668' title='bbox 2341 4938 2631 4995; x_wconf 87' lang='grc' dir='ltr'>ἐπιτέλλει.</span> 
     </span>
    </p>
   </div>
   <div class='ocr_carea' id='block_1_105' title="bbox 2299 5023 3803 5106">
    <p class='ocr_par' dir='ltr' id='par_1_105' title="bbox 2299 5023 3803 5106">
     <span class='ocr_line' id='line_1_105' title="bbox 2299 5023 3803 5106; baseline -0.007 -19"><span class='ocrx_word' id='word_1_669' title='bbox 2299 5039 2411 5097; x_wconf 63' lang='grc' dir='ltr'><strong>κς.</strong></span> <span class='ocrx_word' id='word_1_670' title='bbox 2443 5032 2585 5106; x_wconf 72' lang='grc' dir='ltr'><strong>Ὦρα</strong></span> <span class='ocrx_word' id='word_1_671' title='bbox 2608 5030 2669 5085; x_wconf 86' lang='grc' dir='ltr'>ιδ’</span> <span class='ocrx_word' id='word_1_672' title='bbox 2697 5032 2727 5086; x_wconf 91' lang='lat'><strong>6</strong></span> <span class='ocrx_word' id='word_1_673' title='bbox 2746 5029 2997 5103; x_wconf 81' lang='grc' dir='ltr'>λαμπρὸς</span> <span class='ocrx_word' id='word_1_674' title='bbox 3023 5027 3117 5083; x_wconf 87' lang='grc' dir='ltr'><strong>τοῦ</strong></span> <span class='ocrx_word' id='word_1_675' title='bbox 3135 5027 3345 5100; x_wconf 78' lang='grc' dir='ltr'>βορείου</span> <span class='ocrx_word' id='word_1_676' title='bbox 3372 5026 3644 5097; x_wconf 82' lang='grc' dir='ltr'><strong>Στεφάνου</strong></span> <span class='ocrx_word' id='word_1_677' title='bbox 3669 5023 3803 5095; x_wconf 86' lang='grc' dir='ltr'>ἑῷος</span> 
     </span>
    </p>
   </div>
   <div class='ocr_carea' id='block_1_106' title="bbox 2225 5118 3764 5195">
    <p class='ocr_par' dir='ltr' id='par_1_106' title="bbox 2225 5118 3764 5195">
     <span class='ocr_line' id='line_1_106' title="bbox 2225 5118 3764 5195; baseline -0.005 -16"><span class='ocrx_word' id='word_1_678' title='bbox 2225 5123 2387 5179; x_wconf 86' lang='grc' dir='ltr'>δύνει·</span> <span class='ocrx_word' id='word_1_679' title='bbox 2411 5125 2441 5178; x_wconf 94' lang='lat'><strong>6</strong></span> <span class='ocrx_word' id='word_1_680' title='bbox 2467 5125 2525 5179; x_wconf 92' lang='grc' dir='ltr'><strong>ἑν</strong></span> <span class='ocrx_word' id='word_1_681' title='bbox 2550 5122 2631 5195; x_wconf 85' lang='grc' dir='ltr'>τῷ</span> <span class='ocrx_word' id='word_1_682' title='bbox 2656 5122 2906 5195; x_wconf 87' lang='grc' dir='ltr'>ἑπομένῳ</span> <span class='ocrx_word' id='word_1_683' title='bbox 2934 5120 3211 5193; x_wconf 85' lang='grc' dir='ltr'>βατραχίῳ</span> <span class='ocrx_word' id='word_1_684' title='bbox 3234 5118 3327 5174; x_wconf 87' lang='grc' dir='ltr'><strong>τοῦ</strong></span> <span class='ocrx_word' id='word_1_685' title='bbox 3356 5120 3764 5193; x_wconf 85' lang='grc' dir='ltr'>Κενταύρου....</span> 
     </span>
    </p>
   </div>
   <div class='ocr_carea' id='block_1_107' title="bbox 2297 5197 3805 5287">
    <p class='ocr_par' dir='ltr' id='par_1_107' title="bbox 2297 5197 3805 5287">
     <span class='ocr_line' id='line_1_107' title="bbox 2297 5197 3805 5287; baseline -0.005 -19"><span class='ocrx_word' id='word_1_686' title='bbox 2297 5197 2398 5281; x_wconf 82' lang='grc' dir='ltr'><strong>κζ’.</strong></span> <span class='ocrx_word' id='word_1_687' title='bbox 2434 5215 2576 5287; x_wconf 72' lang='grc' dir='ltr'>Ὥρα</span> <span class='ocrx_word' id='word_1_688' title='bbox 2606 5214 2740 5286; x_wconf 75' lang='grc' dir='ltr'>ιγ’δη</span> <span class='ocrx_word' id='word_1_689' title='bbox 2780 5215 2808 5268; x_wconf 93' lang='lat'><strong>6</strong></span> <span class='ocrx_word' id='word_1_690' title='bbox 2830 5213 3007 5279; x_wconf 82' lang='grc' dir='ltr'>κοινὸς</span> <span class='ocrx_word' id='word_1_691' title='bbox 3028 5209 3283 5284; x_wconf 87' lang='grc' dir='ltr'>Ποταμοῦ</span> <span class='ocrx_word' id='word_1_692' title='bbox 3305 5211 3398 5266; x_wconf 77' lang='grc' dir='ltr'>καὶ</span> <span class='ocrx_word' id='word_1_693' title='bbox 3417 5210 3576 5275; x_wconf 78' lang='grc' dir='ltr'>ποδὸς</span> <span class='ocrx_word' id='word_1_694' title='bbox 3616 5208 3805 5282; x_wconf 83' lang='grc' dir='ltr'>Ὠρίω-</span> 
     </span>
    </p>
   </div>
   <div class='ocr_carea' id='block_1_108' title="bbox 2227 5302 3393 5377">
    <p class='ocr_par' dir='ltr' id='par_1_108' title="bbox 2227 5302 3393 5377">
     <span class='ocr_line' id='line_1_108' title="bbox 2227 5302 3393 5377; baseline -0.003 -16"><span class='ocrx_word' id='word_1_695' title='bbox 2227 5324 2317 5372; x_wconf 90' lang='grc' dir='ltr'>νος</span> <span class='ocrx_word' id='word_1_696' title='bbox 2348 5307 2637 5361; x_wconf 89' lang='grc' dir='ltr'>ἐπιτέλλει.</span> <span class='ocrx_word' id='word_1_697' title='bbox 2672 5304 2995 5377; x_wconf 85' lang='grc' dir='ltr'>Δημοκρίτῳ</span> <span class='ocrx_word' id='word_1_698' title='bbox 3022 5302 3393 5375; x_wconf 85' lang='grc' dir='ltr'>ἐπισημαίνει.</span> 
     </span>
    </p>
   </div>
   <div class='ocr_carea' id='block_1_109' title="bbox 2299 5391 3807 5473">
    <p class='ocr_par' dir='ltr' id='par_1_109' title="bbox 2299 5391 3807 5473">
     <span class='ocr_line' id='line_1_109' title="bbox 2299 5391 3807 5473; baseline -0.007 -17"><span class='ocrx_word' id='word_1_699' title='bbox 2299 5406 2406 5472; x_wconf 88' lang='grc' dir='ltr'><strong>κη’.</strong></span> <span class='ocrx_word' id='word_1_700' title='bbox 2443 5401 2586 5473; x_wconf 72' lang='grc' dir='ltr'>Ὥρα</span> <span class='ocrx_word' id='word_1_701' title='bbox 2624 5397 2755 5455; x_wconf 79' lang='lat' dir='ltr'><strong>te&#39;S&quot;</strong></span> <span class='ocrx_word' id='word_1_702' title='bbox 2785 5401 2815 5454; x_wconf 87' lang='lat'><strong>6</strong></span> <span class='ocrx_word' id='word_1_703' title='bbox 2843 5398 2984 5453; x_wconf 84' lang='grc' dir='ltr'>κατὰ</span> <span class='ocrx_word' id='word_1_704' title='bbox 3015 5397 3078 5452; x_wconf 80' lang='grc' dir='ltr'><strong>τὸ</strong></span> <span class='ocrx_word' id='word_1_705' title='bbox 3120 5398 3250 5467; x_wconf 84' lang='grc' dir='ltr'>γόνυ</span> <span class='ocrx_word' id='word_1_706' title='bbox 3265 5395 3358 5450; x_wconf 89' lang='grc' dir='ltr'><strong>τοῦ</strong></span> <span class='ocrx_word' id='word_1_707' title='bbox 3390 5394 3619 5462; x_wconf 81' lang='grc' dir='ltr'>Τοξότου</span> <span class='ocrx_word' id='word_1_708' title='bbox 3651 5391 3807 5446; x_wconf 83' lang='grc' dir='ltr'>ἑσπέ-</span> 
     </span>
    </p>
   </div>
   <div class='ocr_carea' id='block_1_110' title="bbox 2234 5486 3681 5563">
    <p class='ocr_par' dir='ltr' id='par_1_110' title="bbox 2234 5486 3681 5563">
     <span class='ocr_line' id='line_1_110' title="bbox 2234 5486 3681 5563; baseline -0.001 -20"><span class='ocrx_word' id='word_1_709' title='bbox 2234 5507 2345 5563; x_wconf 90' lang='grc' dir='ltr'>ριος</span> <span class='ocrx_word' id='word_1_710' title='bbox 2373 5490 2671 5546; x_wconf 86' lang='grc' dir='ltr'>ἀνατέλλει.</span> <span class='ocrx_word' id='word_1_711' title='bbox 2718 5488 3005 5563; x_wconf 80' lang='grc' dir='ltr'>Ἱππάρχῳ</span> <span class='ocrx_word' id='word_1_712' title='bbox 3034 5488 3264 5561; x_wconf 79' lang='grc' dir='ltr'>ζέφυρος</span> <span class='ocrx_word' id='word_1_713' title='bbox 3292 5487 3325 5559; x_wconf 81' lang='grc' dir='ltr'>ἢ</span> <span class='ocrx_word' id='word_1_714' title='bbox 3355 5487 3507 5550; x_wconf 91' lang='grc' dir='ltr'>νότος</span> <span class='ocrx_word' id='word_1_715' title='bbox 3538 5486 3681 5541; x_wconf 85' lang='grc' dir='ltr'>πνεῖ.</span> 
     </span>
    </p>
   </div>
   <div class='ocr_carea' id='block_1_111' title="bbox 2300 5599 3801 5676">
    <p class='ocr_par' dir='ltr' id='par_1_111' title="bbox 2300 5599 3801 5676">
     <span class='ocr_line' id='line_1_111' title="bbox 2300 5599 3801 5676; baseline -0.006 -18"><span class='ocrx_word' id='word_1_716' title='bbox 2300 5603 2400 5659; x_wconf 83' lang='grc' dir='ltr'>κθ’.</span> <span class='ocrx_word' id='word_1_717' title='bbox 2438 5604 2582 5676; x_wconf 73' lang='grc' dir='ltr'>Ὦρα</span> <span class='ocrx_word' id='word_1_718' title='bbox 2706 5603 2735 5657; x_wconf 90' lang='lat'><strong>6</strong></span> <span class='ocrx_word' id='word_1_719' title='bbox 2756 5600 3008 5675; x_wconf 77' lang='grc' dir='ltr'>λαμπρὸς</span> <span class='ocrx_word' id='word_1_720' title='bbox 3037 5600 3131 5657; x_wconf 88' lang='grc' dir='ltr'><strong>τοῦ</strong></span> <span class='ocrx_word' id='word_1_721' title='bbox 3156 5599 3436 5674; x_wconf 82' lang='grc' dir='ltr'>Ὑδροχόου</span> <span class='ocrx_word' id='word_1_722' title='bbox 3464 5599 3801 5668; x_wconf 85' lang='grc' dir='ltr'>κρύπτεται·</span> 
     </span>
    </p>
   </div>
   <div class='ocr_carea' id='block_1_112' title="bbox 561 5685 2122 5767">
    <p class='ocr_par' dir='ltr' id='par_1_112' title="bbox 561 5685 2122 5757">
     <span class='ocr_line' id='line_1_112' title="bbox 561 5685 2122 5757; baseline 0.006 -15"><span class='ocrx_word' id='word_1_723' title='bbox 561 5685 619 5742; x_wconf 87' lang='lat' dir='ltr'><strong>in</strong></span> <span class='ocrx_word' id='word_1_724' title='bbox 661 5688 1003 5757; x_wconf 70' lang='lat' dir='ltr'><strong>praecedente</strong></span> <span class='ocrx_word' id='word_1_725' title='bbox 1050 5688 1271 5753; x_wconf 86' lang='lat' dir='ltr'><strong>Orionis</strong></span> <span class='ocrx_word' id='word_1_726' title='bbox 1323 5694 1555 5754; x_wconf 84' lang='lat' dir='ltr'><strong>humero</strong></span> <span class='ocrx_word' id='word_1_727' title='bbox 1610 5693 1810 5752; x_wconf 86' lang='lat' dir='ltr'><strong>oritur.</strong></span> <span class='ocrx_word' id='word_1_728' title='bbox 1858 5695 2122 5753; x_wconf 77' lang='lat' dir='ltr'><strong>Arcturus</strong></span> 
     </span>
    </p>
   </div>
   <div class='ocr_carea' id='block_1_113' title="bbox 2224 5685 3805 5767">
    <p class='ocr_par' dir='ltr' id='par_1_113' title="bbox 2232 5688 3805 5767">
     <span class='ocr_line' id='line_1_113' title="bbox 2232 5688 3805 5767; baseline -0.004 -15"><span class='ocrx_word' id='word_1_729' title='bbox 2232 5694 2326 5752; x_wconf 71' lang='grc' dir='ltr'><strong>καὶ</strong></span> <span class='ocrx_word' id='word_1_730' title='bbox 2352 5697 2381 5748; x_wconf 92' lang='lat'><strong>6</strong></span> <span class='ocrx_word' id='word_1_731' title='bbox 2408 5696 2467 5749; x_wconf 91' lang='grc' dir='ltr'><strong>ἐν</strong></span> <span class='ocrx_word' id='word_1_732' title='bbox 2493 5692 2572 5766; x_wconf 87' lang='grc' dir='ltr'>τῷ</span> <span class='ocrx_word' id='word_1_733' title='bbox 2607 5692 2893 5765; x_wconf 86' lang='grc' dir='ltr'>ἡγουμένῳ</span> <span class='ocrx_word' id='word_1_734' title='bbox 2924 5691 3060 5767; x_wconf 78' lang='grc' dir='ltr'>ὤμῳ</span> <span class='ocrx_word' id='word_1_735' title='bbox 3094 5692 3189 5749; x_wconf 90' lang='grc' dir='ltr'><strong>τοῦ</strong></span> <span class='ocrx_word' id='word_1_736' title='bbox 3228 5691 3483 5766; x_wconf 65' lang='grc' dir='ltr'>Ὠρίωνος</span> <span class='ocrx_word' id='word_1_737' title='bbox 3508 5688 3805 5753; x_wconf 80' lang='grc' dir='ltr'>ἐπιτέλλει.</span> 
     </span>
    </p>
   </div>
   <div class='ocr_carea' id='block_1_114' title="bbox 563 5778 1111 5841">
    <p class='ocr_par' dir='ltr' id='par_1_114' title="bbox 563 5778 1111 5841">
     <span class='ocr_line' id='line_1_114' title="bbox 563 5778 1111 5841; baseline 0.005 -4"><span class='ocrx_word' id='word_1_738' title='bbox 563 5778 866 5838; x_wconf 78' lang='lat' dir='ltr'><strong>matutinus</strong></span> <span class='ocrx_word' id='word_1_739' title='bbox 897 5781 1111 5841; x_wconf 85' lang='lat' dir='ltr'><strong>occidit.</strong></span> 
     </span>
    </p>
   </div>
   <div class='ocr_carea' id='block_1_115' title="bbox 2244 5783 2928 5861">
    <p class='ocr_par' dir='ltr' id='par_1_115' title="bbox 2244 5783 2928 5861">
     <span class='ocr_line' id='line_1_115' title="bbox 2244 5783 2928 5861; baseline -0.001 -18"><span class='ocrx_word' id='word_1_740' title='bbox 2244 5785 2571 5861; x_wconf 83' lang='grc' dir='ltr'>Ἀρκτοῦρος</span> <span class='ocrx_word' id='word_1_741' title='bbox 2600 5784 2734 5860; x_wconf 86' lang='grc' dir='ltr'>ἑῷος</span> <span class='ocrx_word' id='word_1_742' title='bbox 2761 5783 2928 5842; x_wconf 86' lang='grc' dir='ltr'>δύνει.</span> 
     </span>
    </p>
   </div>
  </div>
