4146 6434
457 398 563 458 897

913 513 1049 584 Μὴν
1078 513 1340 581 Ἰούλιος,
1359 515 1576 585 Ἐπιφί.

527 639 599 687 α’.
637 631 780 702 Ὦρα
824 629 883 683 ιδ’
918 634 945 684 6
980 631 1144 702 μέσος
1168 631 1266 701 τῆς
1300 629 1474 700 ζώνης
1497 629 1590 682 τοῦ
1634 629 1882 701 Ὠρίωνος
1911 631 2032 681 ἐπι-

454 722 657 776 τέλλει.
689 721 1004 790 Αἰγυπτίοις
1035 721 1266 792 ζέφυρος
1289 722 1382 774 καὶ
1404 721 1611 792 καῦμα.

526 813 591 884 β’.
631 815 769 884 ’Ὠρᾳ
808 813 938 867 ιε’5”
981 815 1010 867 6
1049 813 1299 884 λαμπρὸς
1343 812 1437 865 τοῦ
1482 813 1738 884 Περσέως
1778 812 2033 884 ἑσπέριος

453 904 761 960 ἀνατέλλει.

413 1045 417 1068 ε
527 1002 592 1064 γ’.
627 996 945 1064 Αἰγυπτίοις
971 995 1200 1066 ζέφυρος
1227 996 1374 1048 πνεῖ.

414 1085 421 1118 δ
521 1088 587 1144 δ’.
632 1087 870 1157 Δοσιθέῳ
909 1086 1277 1157 ἐπισημαίνει.
1315 1085 1641 1157 Δημοκρίτῳ
1663 1085 1894 1158 ζέφυρος
1937 1087 2031 1140 καὶ

450 1177 593 1250 ὕδωρ
627 1178 780 1249 ἐῷον.
812 1173 945 1230 Εἶτα
981 1177 1166 1248 βορέαι
1197 1176 1290 1230 ἐπὶ
1311 1176 1522 1247 ἡμέρας
1551 1176 1711 1230 ἐπτά.

515 1276 577 1322 ε’.
614 1269 754 1340 ’Ὠρςι
783 1265 912 1322 t5'S”
935 1270 964 1321 6
998 1267 1173 1330 κοινὸς
1193 1266 1445 1338 Ποταμοῢ
1473 1269 1567 1320 καί
1597 1267 1755 1329 ποδὸς
1779 1267 2028 1337 Ὠρίωνος

447 1359 734 1429 ἐπιτέλλει.
768 1360 880 1413 Καὶ
903 1361 932 1412 6
959 1359 1050 1412 ἐπὶ
1083 1357 1174 1412 τοῦ
1205 1359 1507 1430 ἡγουμένου
1530 1358 1681 1429 ὤμου
1712 1358 1804 1412 τοῦ
1844 1357 2029 1429 Ὠρίωο

446 1468 535 1515 νος
563 1451 852 1504 ἐπιτέλλει.
889 1449 1103 1521 Εὐδόξῳ
1127 1449 1497 1521 ἐπισημαίνει.

519 1550 590 1609 ς’.
629 1543 770 1616 Ὥρα
807 1542 945 1612 ιγ’8”
989 1543 1018 1594 6
1049 1543 1142 1595 ἐπὶ
1179 1543 1275 1612 τῆς
1304 1541 1546 1612 κεφαλῆς
1591 1538 1685 1594 τοῦ
1723 1532 2022 1611 ἡγουμένου

444 1635 677 1706 Διδύμου
701 1653 715 1666 '
754 1636 848 1689 καὶ
879 1636 907 1687 6
943 1634 1106 1706 μέσος
1133 1635 1234 1705 τῆς
1272 1632 1450 1704 ζώνης
1484 1632 1578 1686 τοῦ
1619 1633 1868 1704 Ὠρίωνος
1900 1636 2020 1685 ἐπι-

442 1727 649 1780 τέλλειο
682 1727 776 1780 καὶ
812 1725 1040 1795 ἔσχατος
1086 1723 1339 1795 Ποταμοῦ
1378 1723 1666 1778 ἐπιτέλλει.
1705 1725 2022 1793 Αἰγυπτίοις

441 1817 728 1889 ἀνεμώδης
751 1818 846 1871 καὶ
885 1817 1047 1887 ἀέρος
1069 1815 1332 1887 ἀκρασία.

1294 393 1668 454 ΡΤΟΕΕΜΛΕΙ
1701 393 1790 448 DE
1829 390 2293 450 APPARENTIIS
2331 390 2836 448 INERRANTIUM.

2054 527 2101 582 Α

3601 395 3708 455 898

2685 507 2888 573 Julius,
2923 505 3137 578 Ερίριίιὶ.

2211 625 2261 679 1.
2281 622 2424 678 liora
2453 639 2544 678 xiv
2578 624 2758 678 media
2785 638 2938 678 zonae
2965 621 3187 680 Orionis
3211 621 3408 677 oritur.
3436 621 3707 694 Egyptiis

2136 716 2386 770 favonius
2420 724 2476 770 et
2503 723 2693 770 aestus.

2199 806 2253 859 ἓ.
2291 804 2436 860 Hora
2465 820 2534 858 xv
2565 804 2665 874 l/2
2689 803 2841 858 clara
2858 802 3046 858 Persei
3065 803 3224 858 stella
3255 817 3480 873 vespere
3507 803 3704 858 oritur.

2202 981 2256 1036 5.
2290 979 2564 1051 Egyptiis
2591 978 2844 1034 favonius
2873 979 3048 1049 spirat

2201 1073 2257 1128 4.
2311 1072 2569 1128 Dositheo
2621 1071 2918 1142 signiﬁcat.
2964 1069 3274 1126 Democrito
3321 1070 3599 1138 favonius,
3655 1080 3708 1125 et

2131 1163 2313 1234 pluvia
2352 1164 2641 1218 matutina.
2673 1162 2811 1216 Tum
2844 1161 3131 1231 aquilones
3161 1162 3228 1215 ad
3265 1162 3384 1217 dies
3414 1178 3510 1216 vn.

2200 1254 2254 1309 5.
2275 1252 2419 1308 liora
2447 1270 2536 1307 xlv
2558 1254 2657 1325 l/2
2673 1256 2980 1308 communis
3009 1253 3184 1308 Fluvii
3211 1267 3274 1307 ac
3305 1252 3460 1322 pedis
3489 1250 3706 1309 Orionis

2127 1345 2339 1411 oritur;
2367 1361 2487 1413 quae
2514 1345 2569 1398 in
2598 1345 2952 1402 antecedente
2975 1345 3205 1399 humero
3232 1354 3317 1399 est
3343 1343 3566 1400 Orionis
3594 1345 3705 1399 ori-

2127 1441 2238 1488 tur.
2271 1433 2500 1488 Eudoxo
2532 1434 2991 1503 signiﬁcationem
3024 1433 3210 1488 habet.

2197 1525 2250 1580 6.
2295 1525 2438 1579 llora
2477 1541 2573 1579 xm
2606 1525 2710 1595 1ίὲ
2732 1542 2852 1596 qua:
2876 1527 2932 1580 in
2975 1526 3154 1595 capite
3205 1533 3287 1580 est
3341 1523 3704 1593 praecedentis

2124 1615 2476 1671 Geminorum
2511 1633 2524 1670 :
2554 1632 2655 1671 nec
2705 1631 2815 1670 non
2852 1617 3030 1671 media
3073 1615 3276 1685 cinguli
3329 1613 3552 1669 Orionis
3591 1617 3705 1667 ori-

2124 1715 2247 1774 tur;
2294 1707 2486 1760 ultima
2512 1706 2691 1762 Fluvii
2733 1708 2934 1764 oritur.
2965 1705 3242 1778 Egyptiis
3279 1704 3429 1761 venti
3464 1711 3520 1760 et
3560 1706 3704 1762 aeris

2124 1799 2495 1867 intemperies.

880 1863 1215 1976 ξ’λῖᾆτξρἷξ
1351 1903 1560 1976 βορείου
1597 1906 1868 1976 Στεφάνου
1887 1906 2016 1976 ἑῷος

2191 1890 2247 1944 7.
2279 1889 2423 1944 llora
2453 1905 2545 1944 xtv
2576 1889 2723 1943 clara
2765 1890 2945 1944 boreae
2970 1888 3201 1944 Corona:
3244 1889 3516 1944 matutino
3560 1889 3702 1944 occi-

437 1995 582 2050 δύνει
607 2012 619 2025 ’
650 1995 742 2048 καὶ
771 1996 798 2047 6
823 1995 916 2048 ἐπὶ
943 1994 1044 2064 τῆς
1070 1994 1314 2064 κεφαλῆς
1336 1995 1430 2048 τοῦ
1454 1997 1755 2066 ἡγουμένου
1785 1996 2017 2068 Διδύμου

438 2085 744 2140 ἐπιτέλλει·
772 2087 866 2140 καὶ
891 2089 919 2140 6
959 2087 1136 2152 κοινὸς
1173 2087 1268 2140 τοῦ
1298 2088 1494 2142 Ἵππου
1525 2090 1620 2141 καὶ
1664 2088 2019 2156 Ἀνδοομέδας

435 2179 690 2250 ἑσπέριος
724 2178 1024 2233 ἀνατέλλει.

507 2277 600 2343 η’.,
632 2271 697 2325 θ’.
732 2270 873 2342 Ὥρα
915 2272 973 2325 ιδ’
1002 2273 1030 2324 6
1062 2270 1153 2325 ἐπὶ
1179 2274 1278 2342 τῆς
1318 2272 1558 2342 κεφαλῆς
1585 2271 1679 2325 τοῦ
1714 2271 2017 2343 ἡγουμένου

434 2363 667 2435 Διδὸμου
718 2363 1006 2418 ἐπιτέλλει.
1051 2365 1408 2433 Αἰγυπτίοις,
1455 2365 1696 2436 Καίσαρι
1735 2365 1885 2430 νότος
1922 2365 2018 2420 καὶ

433 2469 540 2506 καυ
551 2472 648 2525 μα.

506 2551 557 2600 ι’.
596 2546 739 2618 ’Ὢρᾳ
793 2546 925 2602 ιδ’δη
958 2548 986 2602 6
1018 2548 1076 2601 ἐν
1105 2547 1184 2618 τῷ
1215 2547 1464 2620 ἑπομένῳ
1491 2547 1628 2621 ὤμῳ
1654 2548 1748 2603 τοῦ
1766 2549 2015 2621 Ὠρίωνος

430 2633 701 2690 ἐπιτέλλει
729 2654 743 2668 ο
774 2639 870 2692 καὶ
894 2641 922 2692 6
955 2639 1046 2692 ἐπὶ
1076 2639 1176 2709 τῆς
1217 2640 1443 2714 καρδίας
1480 2641 1574 2694 τοῦ
1617 2641 1847 2706 Λέοντος
1881 2641 2017 2714 κρύ-

430 2740 648 2780 πτεται.
677 2728 997 2797 Αἰγυπτίοις
1029 2731 1304 2804 ἀργέστης
1332 2732 1428 2785 καὶ
1463 2732 1636 2785 ὑετία.

502 2824 592 2872 ια’.
649 2819 786 2892 "Op;
836 2818 966 2875 t6’S"
1008 2823 1036 2875 6
1074 2823 1236 2894 μέσος
1272 2823 1372 2894 τῆς
1408 2821 1585 2895 ζώνης
1631 2823 1725 2878 τοῦ
1763 2826 2015 2897 Ὠρίωνος

429 2908 716 2964 ἐπιτέλλει.
746 2913 886 2984 Ὥρα
915 2919 973 2964 ιε’
994 2913 1022 2966 6
1050 2913 1108 2966 ἐν
1133 2913 1209 2984 τῷ
1233 2913 1520 2986 ἡγουμένῳ
1547 2912 1682 2986 ὤμῳ
1706 2915 1800 2968 τοῦ
1835 2917 2016 2988 Ὠρίω-

426 3017 518 3066 νος
558 3002 845 3058 ἐπιτέλλει.
895 3004 1216 3073 Αἰγυπτίοις
1255 3005 1520 3077 ζέφυρος,
1550 3006 1860 3079 ἀργέστης,
1917 3009 2013 3064 καὶ

431 3091 671 3164 βρονταί.
707 3092 1060 3166 Μητροδώρῳ
1091 3094 1186 3146 καὶ
1215 3094 1492 3165 Καλίππῳ
1518 3094 1690 3158 νότος.

504 3180 594 3254 ἰβ’.
628 3185 769 3257 Ὧρᾳ
804 3191 879 3249 ις’
911 3187 938 3237 ὁ
982 3186 1076 3238 ἐπὶ
1104 3186 1202 3258 τῆς
1231 3185 1456 3257 καρδίας
1473 3186 1566 3240 τοῦ
1604 3187 1832 3252 Λέοντος
1871 3186 2008 3261 κρύ-
2036 3209 2080 3269 c

2119 1981 2236 2047 dit;
2283 1998 2404 2052 qua:
2447 1981 2503 2034 in
2551 1982 2733 2052 capite
2787 1981 3163 2037 antecedentis
3207 1989 3293 2038 est
3343 1981 3697 2036 Geminorum

2118 2071 2332 2140 oritur;
2393 2073 2702 2127 communis
2761 2071 2900 2142 Equi
2953 2078 3008 2125 et
3061 2070 3421 2127 Andromedae
3473 2087 3700 2141 vespere

2117 2163 2317 2218 oritur.

2185 2255 2241 2322 8,
2274 2254 2328 2311 9.
2363 2253 2508 2310 Hora
2535 2271 2628 2310 xrv
2653 2269 2774 2325 quae
2803 2262 2890 2310 est
2918 2254 2973 2308 in
3000 2253 3181 2324 capite
3215 2252 3572 2323 prmccdentis
3594 2253 3696 2311 Gc-

2117 2345 2393 2402 minorum
2433 2350 2630 2402 oritur.
2661 2346 2934 2418 Egyptiis
2979 2361 3043 2400 ac
3084 2347 3289 2401 Caesari
3339 2355 3526 2402 auster
3570 2364 3693 2402 cum

2116 2445 2275 2493 testu.

2187 2529 2275 2586 10.
2295 2527 2440 2584 liora
2470 2547 2562 2584 xiv
2581 2529 2684 2603 1/“2
2701 2545 2822 2601 quae
2853 2530 2908 2583 in
2942 2530 3315 2600 subsequente
3336 2529 3555 2585 Orionis
3592 2530 3695 2583 hu-

2115 2637 2266 2676 mero
2298 2630 2384 2677 est
2415 2623 2610 2676 oritur.
2654 2622 2763 2678 Cor
2805 2621 3007 2678 Leonis
3048 2623 3381 2679 occultatur.
3419 2621 3693 2694 Egyptiis

2115 2726 2318 2766 caurus
2341 2720 2393 2766 et
2418 2711 2621 2781 pluvia.

2187 2806 2274 2860 11.
2308 2804 2454 2861 Hora
2489 2821 2581 2861 xiv
2599 2805 2703 2878 1/2
2720 2804 2897 2860 media
2921 2819 3072 2860 zonae
3089 2803 3308 2862 Orionis
3325 2806 3520 2862 oritur.
3544 2805 3691 2862 Hora

2114 2912 2182 2950 xv
2216 2913 2337 2967 qua:
2365 2897 2418 2950 in
2447 2897 2784 2966 praecedente
2814 2897 3044 2951 humero
3098 2896 3318 2952 Orionis
3358 2905 3443 2952 est
3490 2899 3684 2952 oritur.

2113 2989 2384 3061 [Egyptiis
2417 2990 2667 3044 favonius
2706 2997 2759 3044 et
2791 3005 2996 3044 caurus
3027 3005 3151 3045 cum
3182 2991 3459 3046 tonitruis.
3497 2989 3692 3046 Metro-

2112 3080 2248 3134 doro
2281 3087 2333 3135 et
2365 3079 2594 3150 Calippo
2625 3087 2833 3135 auster.

2184 3171 2271 3225 12.
2330 3171 2475 3226 Hora
2518 3187 2609 3226 ιιι
2641 3188 2739 3226 cor
2783 3171 2984 3227 Leonis
3034 3173 3364 3229 occultatur.
3415 3171 3690 3244 [Egyptiis

427 3293 641 3334 πτεται.
678 3279 994 3349 Αἰγυπτίοις
1047 3279 1417 3352 ἐπισημαίνει.
1460 3279 1740 3352 Ἱππάρχῳ
1777 3283 2006 3354 πρόδρο-
2043 3261 2080 3269 ψ
2112 3262 2404 3335 εῑςηίῦοδι·
2436 3261 2748 3335 ῙῙῘΡΡ³Γ⁰Ῐ¹⁰
2783 3265 3114 3335 Ρτοδτοωυε
3146 3264 3334 3321 Canis-

426 3385 532 3434 uo;
569 3369 763 3436 Κυνός.

499 3469 585 3530 ιγ’.
625 3463 764 3534 Ὤρᾳ
797 3462 858 3515 ιε’
886 3465 915 3517 6
946 3463 1040 3516 ἐπὶ
1081 3463 1180 3536 τῆς
1200 3463 1444 3534 κεφαλῆς
1483 3481 1576 3518 του
1611 3463 1878 3537 ἑπομένου
1917 3466 2008 3519 Διο

435 3551 595 3624 δύμου
629 3553 920 3610 ἐπιτέλλει.
951 3555 1170 3609 Μέτωνι
1198 3553 1391 3608 νοτίαι.

494 3643 577 3697 ἰδ’.
616 3643 758 3716 ’Ὠρᾳ
798 3644 854 3698 ιδ’
885 3646 914 3698 6
941 3646 1034 3698 ἐστὶ
1062 3644 1156 3698 τοῦ
1186 3645 1452 3716 ἑπομένου
1475 3645 1624 3716 ὤμου
1646 3645 1739 3700 τοῦ
1757 3646 2006 3718 Ὠρίωνος

432 3735 714 3791 επιτέλλει.
746 3737 1066 3807 Αἰγυπτίοις
1111 3738 1405 3810 ἀργέστης.
1443 3739 1754 3810 Εὐκτήμονι
1783 3740 1878 3793 καὶ
1915 3741 2006 3794 Φι-

430 3821 609 3894 Αίππῳ
638 3825 808 3880 νοτία.

495 3921 574 3968 ιε’.
615 3915 755 3987 "Op;
784 3919 886 3970 :e'6
913 3917 1004 3970 ἐπὶ
1034 3917 1132 3988 τῆς
1161 3918 1386 3989 καρδίας
1406 3916 1500 3970 τοῦ
1524 3917 1749 3984 Λέοντος
1769 3918 2006 3991 κρύπτε-

431 4023 532 4062 ται.
559 4008 880 4076 Αἰγυπτίοις
903 4009 1224 4082 δυσκρασία.

495 4104 590 4162 ις’.
629 4099 768 4171 "Op;
804 4101 909 4154 :6'6
932 4101 1106 4164 κοινὸς
1135 4100 1230 4154 τοῦ
1269 4101 1467 4155 Ἵππου
1500 4100 1606 4154 ’καὶ
1649 4101 2004 4174 Ἀνδρομέδας

427 4192 673 4263 ισπέριος
727 4192 1040 4246 ἀνατέλλει·
1099 4194 1194 4248 καὶ
1239 4195 1268 4247 6
1313 4193 1476 4264 μέσος
1522 4197 1621 4266 τῆς
1685 4194 1862 4266 ζώνης
1907 4196 2003 4251 τοῦ

433 4281 687 4353 Ὠρίωνος
717 4283 1013 4338 ἐπιτέλλει.
1069 4312 1082 4328 ι

495 4373 580 4438 ιζ’.
617 4375 756 4446 Ὥρα
771 4373 831 4428 ιε’
853 4377 881 4428 6
911 4375 1001 4429 ἐπὶ
1025 4375 1124 4448 τῆς
1145 4376 1374 4449 καρδίας
1396 4375 1491 4431 τοῦ
1513 4377 1740 4442 Λέοντος
1766 4377 2003 4448 κρύπτε-

422 4481 514 4520 ται
542 4480 557 4496 ο
590 4467 618 4519 6
647 4466 902 4538 λαμπρὸς
945 4468 1039 4522 τοῦ
1086 4469 1298 4541 βορείου
1327 4469 1598 4538 Στεφάνου
1633 4471 1767 4540 ἐῴος
1809 4469 1954 4522 δύνει
1983 4485 1998 4502 ⁸

422 4557 565 4610 καὶὸ
599 4558 776 4622 κοινὸς
818 4559 1066 4630 Ποτειμοῦ
1103 4560 1197 4613 καὶ
1226 4560 1384 4624 ποδὸς
1421 4561 1674 4632 Ὠρίωνος

419 4646 737 4715 Αἰγυπτίοις
760 4648 1073 4720 πρόδρομοι.
1104 4649 1455 4721 Μητροδώρῳ
1483 4650 1736 4721 ζέφυρος.

493 4744 582 4808 ιη’.
617 4738 757 4810 ’Ὠρᾳ
785 4739 843 4793 ιδ’
872 4740 1132 4811 Προκύων
1169 4741 1456 4797 ἐπιτέλλει.
1473 4743 1753 4814 Ἱππάρχῳ
1776 4741 1994 4814 ἀνέμων

418 4829 683 4902 ἀκρασία.
1087 4885 1099 4891 -

490 4920 576 4975 ιϐ’.
611 4922 929 4991 Αἰγυπτίοις
952 4925 1159 4996 καῦμα.
1177 4925 1418 4998 Καίσαρι
1433 4925 1632 4998 ἄνεμος
1655 4926 1822 4991 πολὺς
1845 4928 1988 4980 πνεῖ.

427 5010 708 5084 Ἱππάρχῳ
739 5013 922 5086 βορέαι
958 5016 1234 5088 ἄρχονται.

487 5109 553 5156 κ’.
593 5105 731 5176 Ὦρα
773 5105 908 5174 ιγ’δη
939 5109 966 5160 6
997 5107 1088 5160 ἐπὶ
1113 5109 1213 5179 τῆς
1237 5109 1463 5180 καρδίας
1491 5107 1583 5163 τοῦ
1608 5109 1832 5172 Λέοντος
1859 5107 1991 5179 κρύ-

416 5210 635 5250 πτεται.

486 5291 590 5340 κα’.
627 5287 768 5359 ’Ὥρα
805 5286 944 5358 ιγέιπ
987 5288 1148 5344 Κύων
1175 5329 1192 5355 ,
1235 5290 1328 5344 καὶ
1369 5290 1630 5362 Προκυων
1676 5291 1943 5346 επιτέλλει
1971 5308 1987 5324 ο

416 5372 511 5425 καὶ
545 5375 574 5427 6
606 5373 829 5446 ἔσχατος
864 5378 1120 5450 Ποταμοῦ
1154 5378 1443 5434 ἐπιτέλλει.
1493 5378 1811 5450 Αἰγυπτίοις
1860 5379 1988 5434 ἀνε-

418 5481 518 5536 μος
542 5467 636 5521 καὶ
655 5468 831 5525 ὑετία.

485 5559 589 5631 κβ’.
631 5563 770 5635 ’Ὠρᾳ
817 5566 928 5618 ιε’ὁ
973 5566 1224 5638 λαμπρὸς
1270 5564 1365 5620 τοῦ
1416 5563 1672 5637 Περσέως
1732 5564 1992 5637 ἑσπέριος

415 5650 694 5727 ἀνατέλλει
725 5670 738 5682 ⁸
772 5655 799 5706 6
829 5653 992 5724 μέσος
1021 5657 1119 5726 τῆς
1143 5656 1319 5728 ζώνης
1356 5653 1448 5708 τοῦ
1490 5653 1740 5726 Ὠρίωνος
1773 5652 1987 5706 ἐπιτέλκ

415 5739 519 5796 λει.
552 5744 866 5813 Αἰγυπτίοις
899 5748 992 5800 καὶ
1017 5749 1249 5818 Δοσιθέῳ
1276 5749 1423 5812 νότος
1452 5748 1548 5801 καὶ
1577 5745 1783 5817 καῦμα.

490 5835 592 5906 “fc
634 5840 770 5909 ’Ὥρᾳ
818 5839 878 5892 ιδ’
917 5841 1176 5914 Προκυων
1222 5843 1486 5916 ἐπιτέλλει
1513 5860 1526 5874 ·
1575 5841 1750 5912 κοινὸς
1789 5840 1984 5893 Ἵππου

2180 3438 2268 3494 15.
2305 3437 2452 3494 liora
2497 3455 2569 3494 xv
2598 3439 2798 3509 quaein
2838 3439 3020 3509 capite
3072 3438 3457 3510 subsequentis
3501 3438 3686 3494 Gemi-

2107 3547 2326 3599 norum,
2355 3531 2550 3587 oritur.
2576 3531 2775 3586 Mctoni
2812 3533 3026 3602 pluvia}.

2179 3626 2268 3680 14.
2304 3625 2450 3680 llora
2487 3640 2579 3680 xlv
2608 3641 2729 3695 quae
2757 3625 2810 3678 in
2840 3625 3170 3680 succedente
3199 3623 3420 3680 Orionis
3451 3624 3683 3679 humero

2107 3728 2191 3774 est
2214 3718 2410 3776 oritur.
2445 3717 2719 3790 Egyptiis
2742 3733 2964 3775 caurus.
2995 3716 3316 3773 Euctemoni
3351 3713 3683 3788 etPhilippo

2106 3812 2446 3958 Ριιίέῗίίοιό
2483 3917 2554 3959 xv
2593 3916 2692 3958 cor
2732 3901 2934 3959 Leonis
2977 3900 3360 3957 absconditur.
3405 3898 3683 3972 Egyptiis

2105 3992 2476 4064 intemperies.

2175 4083 2264 4139 16.
2297 4083 2442 4139 Hora
2471 4101 2562 4139 xlv
2595 4084 2902 4140 communis
2934 4083 3074 4154 Equi
3109 4092 3164 4140 et
3187 4083 3552 4140 Andromeda
3587 4099 3683 4139 ve-

2105 4190 2264 4245 spere
2294 4175 2506 4244 oritur;
2535 4175 2714 4231 media
2736 4191 2887 4230 zonae
2915 4173 3137 4231 Orionis
3177 4175 3355 4230 oritur

2173 4349 2261 4403 17.
2297 4347 2443 4404 Hora
2462 4365 2532 4404 xv
2546 4364 2643 4405 cor
2661 4348 2862 4406 Leonis
2884 4347 3275 4413 absconditur;
3299 4343 3482 4402 lucida
3497 4345 3680 4401 boreae

2101 4437 2330 4494 Coronae
2376 4455 2538 4496 mane
2582 4440 2823 4508 occidit;
2875 4437 3185 4494 communis
3220 4435 3398 4490 Fluvii
3436 4442 3491 4490 et
3524 4437 3680 4504 pedis

1703 4524 1993 4617 ἐπιτέλλει.

2113 4526 2324 4583 Orionis
2365 4529 2562 4583 oritur.
2594 4527 2872 4600 Egyptiis
2901 4525 3204 4598 prodromi.
3237 4524 3548 4581 Metrodoro
3586 4541 3679 4580 ze-

2101 4620 2452 4766 phzgtlsllora
2481 4726 2572 4765 xlv
2595 4707 2846 4782 Procyon
2887 4708 3086 4764 oritur.
3131 4706 3446 4778 Hipparcho
3483 4714 3676 4762 vento-

2099 4816 2220 4855 rum
2251 4799 2621 4870 intemperies.

2170 4891 2258 4946 l9.
2297 4891 2570 4962 Egyptiis
2613 4901 2800 4948 aestus.
2844 4891 3046 4947 Caesari
3074 4899 3272 4947 ventus
3298 4890 3676 4949 vehementior

2098 4982 2210 5038 ﬂat.
2243 4981 2556 5053 Hipparcho
2580 4985 2868 5054 aquilones
2893 4981 3180 5053 incipiunt.

2140 5075 2258 5130 '20.
2289 5073 2436 5129 Hora
2465 5091 2565 5129 xm
2597 5075 2702 5146 1/2
2728 5090 2824 5131 cor
2849 5072 3048 5130 Leonis
3073 5073 3449 5130 absconditur.

2166 5271 2257 5328 2|.
2311 5269 2456 5326 Hora
2482 5287 2580 5327 xm
2614 5271 2717 5342 1ίὲ
2740 5273 2902 5328 Canis
2932 5279 2988 5329 et
3042 5271 3340 5329 Antecanis
3381 5273 3668 5342 oriuntur;

2098 5363 2288 5416 ultima
2315 5361 2492 5417 Fluvii
2525 5364 2719 5419 oritur.
2753 5363 3023 5436 :Egyptiis
3050 5371 3247 5420 ventus
3275 5372 3327 5419 et
3357 5365 3560 5435 pluvia.

2167 5561 2258 5615 22.
2302 5556 2449 5616 Ilora
2474 5577 2542 5616 xv
2567 5560 2752 5615 lucida
2784 5559 2968 5616 Persei
2998 5575 3226 5630 vespere
3266 5561 3461 5615 oritur.
3492 5559 3669 5616 Media

2097 5670 2248 5709 zonae
2276 5652 2497 5708 Orionis
2540 5652 2737 5708 oritur.
2775 5651 3047 5724 {Egyptiis
3095 5663 3150 5708 et
3177 5651 3436 5708 Dositheo
3483 5661 3674 5709 auster

2097 5761 2217 5800 cum
2247 5752 2405 5802 testu.

2164 5837 2254 5890 9.5.
2300 5835 2445 5891 Hora
2489 5851 2579 5919 x_tv
2617 5835 2867 5910 Procyon
2911 5835 3126 5912 oritur;
3177 5835 3485 5892 communis
3525 5833 3666 5906 Eqai
