4132 6410
486 360 601 423 903

493 566 746 624 musculo
772 564 1054 621 Centauri.

443 758 465 851 Ἰ
563 767 829 826 Secundae
857 766 1248 839 magnitudinis
1277 779 1366 821 xv.

559 878 768 937 Lucida
806 879 1035 947 Persei;
1075 893 1196 949 quae
1235 877 1292 932 in
1330 876 1661 933 succedente
1700 876 1930 933 humero
1973 888 2061 934 est

490 975 707 1047 Aurigae
730 991 745 1041 ;
766 973 956 1028 lucida
986 971 1222 1027 borcalis
1248 969 1477 1026 Coronae
1503 987 1520 1037 ;
1547 984 1669 1040 quae
1691 968 1748 1024 in
1780 970 1959 1041 capite
1984 978 2071 1027 est

486 1065 848 1137 praecedentis
897 1062 1154 1125 Gemini;
1204 1061 1514 1118 communis
1556 1059 1699 1132 Equi
1756 1066 1811 1116 et
1850 1060 2070 1116 Andro-

490 1158 660 1214 medae
685 1175 699 1224 ;
724 1155 905 1212 lucida
932 1155 1179 1226 Aquilae;
1215 1169 1337 1225 quae
1364 1155 1426 1209 in
1465 1153 1810 1225 praecedente
1840 1152 2070 1207 humero

487 1256 573 1306 est
607 1246 863 1317 Orionis;
900 1247 1082 1303 lucida
1115 1246 1325 1320 Hydri;
1356 1247 1539 1302 lucida
1579 1246 1817 1302 borealis
1846 1245 2065 1312 Chelaa;

489 1341 669 1396 media
697 1340 862 1397 baltei
896 1338 1153 1409 Orionis;
1193 1338 1375 1394 lucida
1418 1338 1681 1395 australis
1703 1337 1885 1394 Chelas
1910 1354 1924 1406 ;
1954 1344 2069 1393 An-

484 1440 634 1490 tares
660 1451 677 1503 ;
710 1447 832 1505 quae
864 1438 952 1489 est
983 1431 1051 1487 ad
1078 1446 1222 1503 genu
1254 1429 1554 1502 Sagittarii.

554 1630 695 1687 Cum
721 1630 917 1686 harum
947 1630 1203 1702 quaelibet
1230 1630 1281 1685 in
1303 1644 1632 1701 unoquoque
1650 1630 2031 1701 parallelorum
2049 1672 2067 1699 ,

487 1740 544 1779 tn
596 1723 799 1794 quibus
855 1725 1110 1779 oriuntur
1159 1731 1215 1778 et
1275 1722 1575 1788 occidunt,
1624 1730 1861 1794 quatuor
1908 1732 2069 1794 quot-

482 1816 647 1872 annis
679 1817 1027 1887 apparentias
1057 1816 1217 1871 obeat
1243 1833 1259 1882 ;
1290 1815 1490 1871 accidit
1518 1823 1701 1873 tamen
1721 1855 1735 1879 ,
1773 1823 1830 1870 ut
1859 1816 2067 1873 Canobi

486 1908 683 1973 stella,
728 1921 945 1963 necnon
988 1921 1111 1977 quae
1145 1905 1250 1961 sub
1288 1907 1638 1976 praecedente
1680 1912 1767 1961 est
1802 1906 2064 1965 Centauri

485 1998 771 2067 musculo,
825 1998 881 2053 in
937 1998 1073 2055 solis
1130 1998 1308 2055 tribus
1364 2014 1431 2055 ex
1476 2000 1721 2071 quinque
1770 2001 2070 2072 pr0positis

490 2090 802 2160 parallelis,
851 2097 1007 2145 ortus
1042 2104 1385 2160 occasusque
1412 2089 1613 2146 faciat:
1642 2098 1697 2146 at
1725 2108 1847 2163 quae
1879 2092 2071 2148 ultima

489 2189 581 2239 est
610 2179 790 2237 Fluvii
821 2182 1002 2253 lucida
1021 2189 1256 2252 quatuor
1270 2180 1537 2237 duntaxat
1566 2183 1624 2237 in
1649 2182 1844 2253 primis
1871 2182 2069 2246 tribus,

487 2283 700 2332 cteterze
735 2290 885 2331 xxvu
919 2276 1091 2331 stellae
1137 2274 1192 2329 in
1224 2274 1471 2345 quinque
1510 2276 1793 2347 parallclis
1842 2274 2068 2331 faciant.

489 2369 565 2423 Ita
598 2369 935 2439 colliguntur
983 2369 1040 2423 in
1072 2376 1247 2422 totum
1284 2367 1621 2438 apparentiae
1651 2366 1776 2423 580.
1825 2367 2071 2435 Quarum

488 2459 925 2531 significationes
951 2459 1275 2531 descripsit,
1303 2473 1368 2513 ac
1394 2458 1679 2515 mandavit
1705 2459 1830 2514 huic
1861 2460 2068 2525 libello,

488 2550 795 2607 secundum
838 2549 1166 2622 Egyptios,
1211 2559 1267 2607 et
1311 2548 1670 2617 Dositbeum,
1716 2549 2067 2628 Philippum,

488 2646 777 2716 Calippum
799 2684 814 2713 ,
836 2643 1228 2700 Euctemoncm
1253 2683 1269 2709 ,
1294 2642 1562 2699 Melonem
1580 2683 1596 2709 ,
1619 2643 1896 2700 Cononem
1917 2681 1934 2708 ,
1960 2642 2072 2701 Mc-

488 2737 772 2793 trodorum
793 2777 809 2802 ,
835 2736 1117 2793 Eudoxum
1139 2776 1155 2801 ,
1179 2735 1453 2793 Caesarem
1473 2777 1488 2802 ,
1508 2735 1880 2793 Democritum
1896 2778 1912 2804 ,
1938 2734 2071 2811 Hip-

489 2829 775 2900 parchum.
810 2829 891 2882 Ex
923 2828 1124 2899 quibus
1156 2827 1399 2899 Egyptii
1429 2827 1520 2882 hic
1553 2827 1698 2898 apud
1734 2843 1835 2883 nos
1873 2828 2067 2883 obser-

488 2927 689 2976 varunt
722 2938 736 2974 :
785 2918 1076 2975 Dosithcus
1107 2917 1381 2985 Coloniae;
1408 2915 1693 2989 Philippus
1717 2917 1771 2973 in
1796 2915 2069 2989 Pelopon-

491 3028 626 3069 neso
673 3018 728 3068 et
760 3009 1032 3075 Locride;
1066 3008 1324 3081 Calippus
1357 3009 1416 3064 in
1454 3007 1847 3083 Hellesponto;
1888 3008 2069 3064 Meton

487 3104 719 3161 Athenis
756 3092 821 3159 ct
844 3118 941 3171 per
976 3102 1266 3174 Cycladas,
1291 3101 1346 3156 in
1378 3099 1694 3157 Macedonia
1711 3108 1765 3156 et
1792 3099 2064 3166 Thracia;

1036 417 1043 427 ν
1516 354 1605 411 ΑΒ
1635 354 1908 414 EUSEBII
1938 354 2334 416 CHRONICON
2374 357 2733 419 APPENDIX.

495 476 602 549 53
631 482 872 529 extrema
902 466 1106 539 Fluvii;
1134 466 1428 538 Canobus;
1463 482 1583 540 quae
1612 470 1718 527 sub
1741 471 2077 541 pmcedente

2192 473 2446 545 Ὠρίωνος
2473 491 2487 505 ·
2536 473 2698 530 Κύων
2717 493 2730 507 ·
2760 478 2789 531 6
2818 473 3068 551 λαμπρὸς
3104 474 3198 533 τοῦ
3237 480 3413 535 νοτίου
3453 481 3653 556 Ἰχθύος
3674 506 3691 524 ·
3722 492 3754 544 6

3645 373 3752 433 ὕοι

2171 562 2397 638 ἔσχατος
2438 566 2694 637 Ποταμοῦ
2721 584 2736 598 ·
2764 569 2794 621 6
2831 568 3165 638 καλούμενος
3199 571 3488 639 Κάνωϐος·
3517 579 3546 630 6
3585 581 3644 634 ἐν
3672 580 3753 639 τῷ

2169 657 2491 731 ἐμπροσθίῳ
2527 659 2804 731 βατραχίῳ
2826 660 2920 714 τοῦ
2945 637 3158 719 Κενταύ
3169 679 3283 734 ρου.
3441 637 3450 639 ἡ
3722 637 3735 653 ⁸

2240 769 2505 842 Δευτέρου
2538 772 2801 843 μεγέθους
2827 772 2976 827 ἄλλοι
3002 781 3084 828 ιε’.

2250 878 2309 935 ’0
2344 879 2597 954 λαμπρὸς
2633 883 2729 937 τοῦ
2758 884 3012 956 Περσέως
3034 901 3049 916 ⁶
3077 890 3106 941 6
3142 888 3201 941 ἐν
3227 888 3306 960 τῷ
3335 888 3584 965 ἑπομένῳ
3615 888 3752 969 ὤμῳ

2166 970 2260 1025 τοῦ
2305 973 2550 1044 Ἦνιόχου
2576 991 2591 1005 ο
2623 977 2652 1029 6
2686 975 2939 1049 λαμπρὸς
2977 979 3073 1032 τοῦ
3125 979 3340 1052 βορείου
3382 983 3688 1055 Στεφάνου·
3721 991 3751 1042 6

2166 1065 2260 1119 ἐπὶ
2290 1066 2393 1137 τῆς
2434 1068 2677 1139 κεφαλῆς
2718 1069 2813 1123 τοῦ
2859 1072 3164 1142 ἡγουμένου
3210 1073 3442 1146 Διδύμου
3464 1090 3478 1108 ο
3512 1079 3541 1131 6
3573 1081 3751 1145 κοινὸς

2170 1158 2366 1211 Ἵππου
2414 1159 2510 1213 καὶ
2551 1160 2941 1232 Ἀνδρομέδας·
2974 1165 3003 1217 6
3042 1162 3297 1236 λαμπρὸς
3326 1168 3422 1220 τοῦ
3468 1170 3653 1224 Ἀετοῦ
3676 1189 3689 1201 ·
3720 1175 3750 1225 6

2167 1247 2227 1301 ὲν
2270 1248 2348 1321 τῷ
2386 1251 2673 1324 ἡγουμένῳ
2704 1251 2840 1324 ὤμῳ
2868 1253 2962 1307 τοῦ
3010 1255 3291 1327 Ὠρίωνος’
3319 1260 3349 1312 6
3372 1258 3621 1333 λαμπρὸς
3651 1263 3748 1317 τοῦ

2172 1338 2372 1410 Ὕδρου
2391 1357 2404 1370 ι
2441 1343 2469 1394 6
2496 1340 2747 1413 λαμπρὸς
2773 1343 2874 1414 τῆς
2904 1343 3116 1416 βορείου
3151 1347 3337 1420 Χηλῆς
3364 1367 3378 1379 ’
3404 1352 3434 1403 6
3467 1352 3630 1424 μέσος
3648 1355 3751 1425 τῆς

2169 1430 2346 1503 ζώνης
2370 1432 2464 1485 τοῦ
2515 1434 2769 1505 Ὠρίωνος
2791 1451 2805 1466 ο
2843 1437 2873 1489 ὁ
2903 1435 3155 1508 λαμπρὸς
3185 1440 3284 1510 τῆς
3315 1442 3489 1496 νοτίου
3525 1444 3710 1519 χηλῆς
3731 1461 3746 1478 .

2183 1522 2445 1594 Ἀντάρης
2463 1539 2476 1554 ·
2507 1524 2537 1577 6
2559 1524 2701 1579 κατὰ
2722 1524 2783 1578 τὸ
2819 1525 2948 1595 γόνυ
2973 1526 3068 1581 τοῦ
3097 1527 3348 1599 Τοξότου.

2239 1635 2457 1691 Τούτων
2494 1636 2553 1689 δέ
2588 1637 2817 1703 ἕκαστος
2848 1640 2895 1673 ⁸⁸
2933 1641 3058 1695 καθ’
3086 1641 3184 1697 ἕνα
3220 1643 3328 1697 τῶν
3370 1645 3748 1720 παραλλήλων.

2169 1729 2227 1783 ἐν
2253 1723 2335 1794 οἷς
2358 1730 2709 1785 ἀνατέλλουσι
2738 1732 2834 1786 καὶ
2854 1730 3091 1797 δύνουσι,
3125 1735 3400 1809 τέσσαρας
3430 1738 3624 1808 φάσεις
3652 1738 3748 1795 τοῦ

2100 1864 2142 1920 Β
2171 1820 2323 1920 ἔτους
2354 1837 2505 1920 ποιου
2514 1822 2672 1893 μένου
2693 1839 2726 1920 ’Δ
2742 1823 2834 1878 τὸν
2866 1825 2965 1896 μέν
2989 1826 3322 1898 καλούμενον
3351 1830 3632 1896 Κάνωϐον,
3653 1832 3749 1886 καὶ

2169 1910 2262 1964 τὸν
2295 1912 2352 1964 ἐν
2380 1909 2460 1982 τῷ
2485 1911 2803 1985 ἐμπροσθίῳ
2832 1912 3107 1986 βατραχίῳ
3136 1916 3230 1969 τοῦ
3263 1918 3573 1992 Κενταύρου
3608 1937 3748 1992 συμο

2170 2000 2403 2074 ϐέϐηκεν
2428 2001 2485 2055 ἐν
2510 2001 2690 2074 μόνοις
2710 2009 2758 2072 γ’
2785 2007 2898 2070 τοῖς
2930 2004 3168 2077 πρώτοις
3197 2008 3305 2061 ἀπὸ
3321 2010 3482 2081 A"/M
3518 2011 3628 2065 τῶν
3654 2012 3748 2066 ἐκ-

2170 2091 2438 2165 κειμένων
2470 2099 2513 2146 ε’
2554 2094 2916 2167 παραλλήλων
2955 2097 3214 2170 ἑκάτερον
3262 2101 3529 2156 ποιεῖσθαι
3569 2103 3748 2168 δύσεις

2168 2200 2229 2239 τε
2258 2183 2356 2238 καὶ
2392 2183 2659 2250 ἀνατολάς
2681 2203 2695 2217 ·
2725 2186 2817 2242 τὸν
2850 2187 2907 2241 δέ
2940 2188 3167 2260 ἔσχατον
3198 2191 3290 2244 τοῦ
3323 2193 3578 2265 Ποταμοῦ
3606 2195 3747 2267 λαμ-

2171 2273 2308 2345 πρδν
2330 2275 2387 2328 ἐν
2408 2275 2632 2348 τέτρασι
2655 2278 2836 2349 μόνοις
2856 2282 2967 2345 τοῖς
2988 2281 3224 2353 πρώτοις
3251 2283 3331 2349 κζ’
3362 2284 3460 2350 τὰς
3482 2288 3540 2339 ἐν
3570 2289 3682 2351 τοῖς
3702 2289 3745 2318 ⁸¹

2168 2371 2210 2419 ε’
2240 2367 2605 2439 παραλλήλοις
2633 2386 2647 2401 ·
2684 2370 2760 2434 ὡς
2793 2372 3118 2441 συνάγεσθαι
3146 2375 3348 2447 πλῆθος
3385 2378 3599 2446 φάσεων
3630 2386 3745 2450 φτέ.

2169 2459 2281 2512 Καὶ
2308 2458 2510 2515 τούτων
2553 2463 2829 2535 ἀνέγραψε
2885 2466 2985 2530 τὰς
3028 2468 3433 2538 ἐπισημασίας,
3469 2472 3563 2524 καὶ
3611 2489 3746 2525 κατα

2170 2548 2328 2617 έταξε
2368 2551 2514 2605 κατά
2553 2569 2613 2605 τε
2654 2554 2983 2622 Αἰγυπτίους
3006 2597 3021 2623 ,
3057 2556 3150 2611 καὶ
3173 2559 3439 2625 Δοσίθεον,
3464 2559 3744 2627 Φίλιππον,

2169 2641 2477 2709 Κάλιππον,
2504 2643 2849 2716 Εὐκτήμονα,
2883 2647 3113 2702 Μέτωνα
3133 2688 3149 2716 ,
3180 2650 3421 2717 Κόνωνα,
3451 2653 3745 2723 Μητρόδωέ

2174 2751 2284 2807 ρον,
2314 2733 2561 2803 Εὔδοξον,
2586 2737 2860 2810 Καίσαρα,
2883 2739 3242 2813 Δημόκριτον,
3269 2741 3587 2814 Ἵππαρχον.
3615 2743 3747 2796 Τού-

2167 2842 2277 2879 των
2309 2826 2367 2881 δέ
2394 2826 2685 2897 Αἰγύπτιοι
2723 2829 2995 2901 ἐτήρησαν
3039 2833 3168 2901 παρ’
3202 2832 3334 2903 ἡμῖν
3355 2849 3371 2864 ο
3401 2833 3649 2898 Δοσίθεος
3689 2834 3749 2887 δὲ

2169 2916 2229 2971 ἐν
2258 2916 2538 2991 Κολωνεία
2555 2934 2570 2948 ο
2591 2918 2854 2983 Φίλιππος
2882 2920 2940 2973 ἐν
2966 2920 3357 2993 Πελοποννήσῳ
3386 2922 3480 2977 καὶ
3503 2914 3744 2996 Λοκρίδιὶ

2169 3007 2458 3073 Κάλιππος
2489 3008 2958 3082 ἐνἙλλησπὸντῳο
2986 3012 3181 3068 Μέτων
3216 3012 3484 3085 Ἀθήνῃσι,
3506 3015 3600 3067 καὶ
3625 3017 3747 3079 ταῖς

2171 3099 2439 3167 Κυκλάσι,
2466 3103 2561 3155 καὶ
2591 3102 2921 3175 Μακεδονίᾳ,
2955 3104 3051 3158 καὶ
3080 3104 3268 3177 Θρᾴκῃ
3293 3121 3306 3135 ·
3342 3105 3529 3159 Κόνων
3568 3105 3624 3159 δὲ
3654 3108 3749 3162 καὶ

490 3200 683 3254 Conon
723 3204 779 3252 et
812 3195 1155 3252 Metrodorus
1202 3194 1257 3249 in
1291 3191 1482 3256 Italia;
1515 3191 1779 3249 Eudoxus
1810 3191 1867 3248 in
1900 3192 2066 3258 Asia,

2170 3192 2532 3266 Μητρόδωρος
2562 3194 2621 3247 ἐν
2661 3193 2859 3267 Ἰταλίᾳ
2882 3211 2896 3225 °
2931 3196 3158 3261 Εὔδοξος
3188 3198 3246 3250 ἐν
3286 3195 3460 3267 Ἀσία,
3479 3198 3573 3252 καὶ
3595 3199 3750 3252 Σικε-

491 3289 715 3355 Sicilia,
747 3295 802 3345 et
844 3288 1036 3352 italia;
1071 3285 1421 3357 Ilipparchus
1449 3284 1506 3340 in
1529 3284 1821 3358 Bithynia;
1866 3283 2067 3341 Metro-

492 3380 665 3437 dorus
698 3381 755 3435 in
797 3380 1115 3435 Macedonia
1154 3388 1206 3435 et
1246 3378 1504 3433 Thracia.
1551 3376 1680 3434 Ideo
1721 3378 2067 3449 potissimum

488 3473 914 3529 accommodare
955 3479 1164 3542 oportet
1216 3470 1601 3543 Egyptiorum
1638 3470 2007 3542 signiﬁcation
2043 3485 2071 3526 s

493 3566 561 3623 ad
590 3582 687 3624 eos
713 3573 926 3622 tractus
947 3607 962 3629 ,
994 3566 1088 3637 qui
1126 3563 1255 3620 huic
1284 3563 1551 3634 parallelo
1580 3571 1894 3635 congruunt
1919 3582 1932 3618 :
1964 3561 2072 3617 hoc

490 3664 578 3714 est
604 3658 698 3713 ubi
728 3656 1085 3727 longissimus
1128 3654 1245 3710 dies
1286 3660 1370 3709 cst
1413 3653 1677 3707 horarum
1718 3652 2073 3723 aequinoctia-

494 3748 628 3804 lium
660 3764 781 3814 xw;
818 3746 1059 3803 Dosithei
1089 3761 1219 3801 vero
1241 3752 1295 3800 et
1319 3744 1550 3816 Philippi
1581 3745 1649 3800 ad
1671 3759 1765 3801 eas
1787 3743 2036 3815 regiones
2053 3782 2070 3809 ,

492 3856 731 3914 quarum
776 3840 894 3895 dies
942 3839 1213 3895 maximus
1245 3846 1330 3894 est
1356 3838 1615 3892 horarum
1648 3853 1744 3892 xw
1785 3835 1923 3907 i/2;
1951 3837 2073 3893 illas

496 3945 630 3991 Vero
660 3932 986 3996 Democriti,
1017 3931 1285 3995 Caesaris,
1327 3927 1663 4001 Hipparchi,
1696 3927 1766 3983 ad
1810 3942 1874 3983 ea
1912 3928 2068 3993 loca,

450 4034 473 4047 '
498 4026 593 4081 ubi
625 4024 899 4079 maximus
927 4023 1045 4078 dies
1074 4029 1158 4079 est
1192 4022 1451 4076 horarum
1474 4019 1939 4091 aequinoctialium
1969 4034 2070 4085 xv;

496 4117 709 4188 Calippi
731 4122 911 4170 autem
934 4155 949 4179 ,
973 4112 1185 4167 Eudoxi
1208 4152 1224 4176 ,
1245 4110 1481 4166 Metonis
1499 4153 1513 4177 ,
1540 4107 1891 4165 Euctemonis
1914 4148 1929 4173 ,
1960 4107 2075 4163 Mc-

498 4204 707 4262 trodori
728 4244 744 4268 ,
771 4202 1014 4258 Cononis
1034 4243 1048 4265 ,
1076 4200 1440 4257 communiter
1468 4199 1534 4254 iis
1562 4198 1906 4271 regionibus,
1930 4213 2073 4267 qua-

497 4313 622 4353 rum
675 4296 795 4353 dies
842 4293 1194 4366 longissimus
1242 4292 1387 4349 inter
1440 4290 1603 4348 horas
1656 4290 2068 4347 mauinoctialcs

498 4403 591 4444 :m'
622 4386 727 4459 ιβ
751 4398 805 4444 et
836 4403 903 4443 xv
931 4384 1260 4443 continetur.

2167 3282 2278 3355 λίᾳ,
2304 3283 2399 3339 καὶ
2431 3284 2630 3357 Ἰταλίᾳ
2653 3301 2667 3314 ·
2690 3286 2993 3358 Ἵππαρχος
3017 3288 3074 3341 ἐν
3105 3286 3326 3359 Βιθυνίᾳ
3342 3303 3357 3317 ⁸
3387 3287 3749 3361 Μητρόδωρος

2169 3377 2227 3430 ἐν
2250 3376 2559 3449 Μακεδονίᾳ
2598 3376 2691 3433 καὶ
2708 3378 2916 3452 Θρᾴκῃ.
2933 3380 3023 3434 Διὸ
3037 3378 3101 3451 δὴ
3123 3379 3355 3451 μάλιστα
3378 3380 3678 3453 ἐφαρμόζει
3701 3382 3747 3414 ⁸⁸

2169 3467 2269 3533 τὰς
2296 3470 2393 3541 μὲν
2423 3469 2535 3524 τῶν
2563 3471 2875 3541 Αἰγυπτίων
2920 3472 3289 3543 ἐπισημασίας
3328 3476 3445 3537 ταῖς
3472 3474 3601 3545 περὶ
3627 3474 3749 3527 τοῦ-

2170 3578 2260 3614 τον
2287 3561 2379 3616 τὸν
2406 3561 2749 3633 παράλληλον
2793 3561 2999 3635 χώραις
3020 3579 3034 3594 ·
3074 3562 3317 3617 τουτέστι
3348 3562 3467 3617 καθ’
3497 3564 3555 3618 ὃν
3583 3564 3616 3635 ἡ
3649 3581 3747 3635 με·-

2171 3650 2337 3722 γίστη
2357 3651 2468 3705 τῶν
2494 3652 2717 3723 ἡμερῶν
2741 3652 2900 3724 ὡρῶν
2930 3653 3046 3706 ἐστι
3080 3653 3140 3707 ιδ’
3172 3652 3530 3727 ίσημερινῶν·
3558 3653 3656 3717 τὰς
3692 3654 3748 3709 δέ

2171 3743 2420 3797 Δοσιθέου
2454 3741 2548 3797 καὶ
2572 3743 2861 3810 Φιλίππου,
2894 3742 3013 3797 καθ’
3038 3743 3097 3797 ὃν
3136 3746 3282 3797 ἐστιν
3312 3746 3346 3817 ἡ
3382 3744 3611 3816 μεγίστη
3640 3742 3749 3800 τῦν

2173 3835 2394 3907 ἡμερῶν
2425 3835 2585 3908 ὡρῶν
2639 3836 2765 3892 t6'S"
2787 3853 2803 3866 ·
2838 3835 2937 3900 τὰς
2964 3836 3022 3899 δὲ
3048 3836 3385 3909 Δημοκρίτου
3413 3837 3508 3891 καὶ
3541 3835 3750 3892 Καίσα-

2176 3942 2299 3998 ρος,
2347 3928 2442 3981 καὶ
2487 3928 2781 3999 Ἱππάρχου
2802 3968 2817 3992 ,
2859 3927 2980 3982 καθ’
3029 3927 3090 3981 ὃν
3134 3928 3227 3981 καὶ
3275 3929 3309 3998 ἡ
3364 3928 3594 3998 μεγίστη
3640 3928 3749 3982 τῶν

2170 4013 2394 4086 ἡμερῶν
2431 4013 2589 4086 ὡρῶν
2625 4016 2774 4069 ἐστιν
2822 4016 3150 4088 ἰπμερινῶν
3190 4022 3250 4070 ιε’
3273 4033 3286 4046 ·
3324 4015 3422 4080 τὰς
3447 4017 3504 4071 δέ
3542 4017 3748 4071 Καλίπ-

2172 4119 2277 4157 που
2302 4145 2317 4169 ,
2348 4105 2444 4159 καὶ
2478 4104 2707 4173 Εὐδόξου
2731 4145 2747 4171 ,
2781 4106 2875 4159 καὶ
2904 4107 3156 4170 Μέτωνος
3178 4144 3195 4171 ,
3228 4107 3323 4160 καὶ
3360 4107 3707 4178 Εὐκτήμονος
3729 4150 3746 4171 ,

2173 4195 2268 4253 καὶ
2291 4192 2679 4271 Μητροδώρου,
2712 4196 2806 4250 καὶ
2830 4197 3078 4260 Κόνωνος
3110 4197 3334 4263 κοινῶς,
3367 4197 3488 4253 καθ’
3518 4198 3612 4263 οὓς
3642 4198 3751 4255 ἀπὸ

2177 4284 2307 4339 ιδ¹8’¹
2362 4286 2691 4360 ἰσημερινῶν
2731 4288 2837 4351 ἓως
2883 4296 2942 4341 ιε’
2970 4289 3222 4345 διατείνει
3267 4291 3329 4344 τὸ
3376 4291 3603 4363 μέγεθος
3638 4292 3748 4349 τῶν

2176 4378 2446 4450 μεγίστων
2488 4379 2727 4455 ἡμερῶν.

565 4587 613 4623 ⁸⁸
640 4586 686 4657 [ε
714 4587 969 4648 ἑκάστου.
1057 4588 1100 4624 θ’
1134 4584 1174 4659 f.
1205 4587 1330 4653 τοὺς
1363 4585 1420 4642 δὲ
1445 4584 1526 4652 κζ’
1547 4587 1604 4642 ἐν
1630 4586 1759 4650 τοῖς.
1836 4584 1884 4617 ⁸³
1923 4583 1966 4654 Ῑ.
1995 4582 2095 4650 δεῖ,
2124 4591 2181 4638 et
2211 4581 2570 4655 ἐφαρμόζειν.
