4132 6418
1518 358 1891 416 ΡΤοιΕΜΑΞι
1934 358 1970 412 D

2074 357 2538 416 \PPARENTIIS.
3551 361 3655 422 900

1331 725 1468 850 C.
1573 725 1718 845 L.
1851 723 2708 847 PTOLEMXEI

1101 981 1659 1044 INEBRANTIUM
1723 979 2206 1041 STELLARUM
2267 979 2988 1056 SlGNlFICATlONES,

1233 1177 1351 1236 Per
1380 1167 1710 1232 Nicolaum
1742 1167 2092 1231 Leonicum
2124 1186 2158 1229 e
2191 1169 2410 1229 Greece
2441 1167 2782 1229 translata).

2299 1534 2562 1591 Austrum
2605 1536 2812 1592 clarum
2850 1540 2902 1594 in
2931 1550 3147 1610 pectore
3181 1543 3377 1602 Leonis
3407 1549 3656 1608 occidere

2366 1629 2588 1699 incipit,
2617 1629 2859 1685 Fidicula
2882 1637 3094 1704 vesperi
3119 1638 3356 1704 occidit,
3383 1641 3474 1695 ﬂat
3495 1643 3658 1712 Aqui-

2360 1722 2448 1786 lo,
2481 1729 2536 1775 et
2567 1721 2837 1776 interdum
2871 1727 3030 1794 pluit.

2077 1829 2132 1869 v.
2302 1811 2603 1868 Ventorum
2637 1829 2942 1872 concursus
2975 1834 3098 1873 cum
3130 1821 3368 1878 nivibus.

2078 1905 2151 1958 iv.
2301 1903 2602 1974 Delphinus
2637 1907 2888 1962 occidere
2921 1909 3136 1982 incipit.

2078 1993 2156 2049 iii.
2295 1992 2543 2048 Fidicula
2585 1997 2732 2049 circa
2777 1999 3007 2067 primam
3051 2003 3221 2057 facem
3257 2015 3412 2076 parte
3445 2007 3528 2062 sui
3560 2023 3654 2062 oc-

2359 2084 2540 2139 cidere
2583 2083 2807 2158 incipit,
2837 2093 3129 2150 vehemens
3159 2095 3251 2150 ﬂat
3294 2099 3490 2168 Aquilo
3529 2114 3654 2152 cum

891 1541 997 1616 54
1027 1541 1433 1602 JANUARlUS.
2005 1545 2051 1600 Α
2079 1536 2153 1591 vi.

399 1679 471 1734 K.
613 1678 705 1734 Sol
741 1679 942 1734 elevari
979 1679 1217 1752 incipit,
1244 1676 1579 1747 iongiusculi
1630 1675 1768 1731 ﬁunt
1811 1676 1930 1730 dies
1956 1715 1971 1740 ,

685 1772 879 1842 Aquila
911 1781 964 1826 et
995 1771 1174 1826 Coron
1239 1769 1496 1824 Occidunt
1519 1809 1533 1834 ,
1563 1774 1978 1838 tempestatem-

683 1879 788 1934 que
816 1862 1073 1917 eﬂiciunt.

401 1957 473 2011 iv.
612 1952 706 2007 Sol
738 1953 913 2023 magis
939 1952 1220 2016 ascendit,
1245 1949 1444 2005 Cancri
1475 1950 1713 2006 medium
1735 1950 1936 2006 occidit
1959 1990 1974 2016 ,

679 2047 933 2113 ventique
964 2052 1193 2113 ponunt.

400 2136 478 2192 iii.
610 2134 898 2204 Reliquum
927 2135 1122 2189 Cancri
1155 2134 1386 2200 occidit,
1421 2141 1476 2189 et
1506 2133 1693 2187 varius
1730 2130 1880 2186 aeris
1917 2129 1973 2184 ﬁt

2359 2177 2550 2232 imbre.

684 2227 866 2282 ﬂatus.
2359 2227 2549 2232 mm"
2726 2275 2738 2288 .
2784 2276 2794 2288 .
3095 2279 3106 2290 .
3168 2278 3180 2290 .

400 2335 484 2374 η.
615 2318 802 2375 Hiems
836 2317 1120 2372 dimidiata
1145 2357 1158 2381 ,
1194 2315 1494 2386 Aquilones
1528 2313 1813 2378 continui,
1847 2312 1976 2366 Dcl-
2075 2287 2162 2326 η’
2292 2271 2502 2326 Imbres
2527 2287 2653 2328 cum
2683 2276 2905 2331 nmbus
2937 2286 3184 2347 Demus“
3211 2279 3417 2334 cadum
3439 2313 3453 2323 ’

679 2412 879 2480 phinus
914 2423 1037 2463 cum
1076 2407 1225 2461 Cane
1253 2407 1428 2460 oritur
1460 2405 1756 2459 matutino.
2633 2386 2956 2480 ήηΧξζΧΙ.

2631 2478 3095 2536 FEBRUABIUS.

398 2501 556 2557 NON.
609 2501 855 2557 Fidicula
885 2501 1158 2563 exoritur,
1186 2497 1377 2568 Aquila
1406 2497 1640 2560 occidit,
1670 2494 1973 2564 Delphinus

681 2601 826 2648 totus
851 2591 1114 2661 emergit,
1138 2597 1534 2658 ventorumque
1562 2586 1619 2640 ﬁt
1645 2601 1968 2642 concursus.
2075 2589 2145 2641 K.

398 2685 508 2740 viii.
620 2683 815 2754 Aquila
842 2666 1065 2752 vesperi.
1085 2681 1285 2737 occidit
1305 2721 1319 2745 ,
1352 2679 1444 2732 ﬂat
1475 2680 1696 2734 Auster.

397 2775 490 2829 vii.
601 2773 1018 2843 Septentriones
1070 2778 1125 2826 et
1155 2770 1354 2841 Aquilo
1381 2769 1736 2824 vehementer
1777 2765 1971 2821 ﬂantes
2073 2769 2146 2821 iv.

679 2871 1040 2920 concurrunt.
2004 2891 2044 2946 Β
2076 2861 2152 2913 iii.

395 2952 470 3009 vi.
614 2953 803 3010 Martis
831 2953 1165 3008 domicilium
1189 2992 1204 3018 ,
1237 2953 1437 3008 Auster
1479 2961 1536 3005 et
1577 2948 1854 3003 Favonius
1898 2946 1974 3000 si-

676 3046 790 3099 mul
820 3044 987 3110 ﬂant,
1019 3044 1389 3115 Capricornus
1420 3057 1698 3111 emergere
1740 3039 1969 3110 incipit,
2073 3057 2158 3096 ra.

676 3137 859 3208 pluvia
885 3138 1048 3192 simul
1077 3146 1132 3192 et
1162 3137 1337 3207 caligo
1365 3134 1703 3206 vespertino.

395 3230 496 3283 νβ’·
620 3228 818 3285 Auster
845 3229 941 3284 ﬂat
973 3246 1096 3285 cum
1126 3231 1330 3300 pluvia.

397 3323 466 3379 iv.
607 3320 832 3376 Pluvius
864 3321 956 3376 ﬂat
984 3323 1183 3377 Auster
1211 3321 1524 3376 violentior.

2296 2587 2603 2645 Obscurum
2646 2600 2857 2646 astrum
2903 2605 3163 2664 apparet,
3201 2597 3400 2653 Auster
3432 2607 3486 2654 et
3518 2598 3652 2655 Vul-

2356 2688 2555 2736 turnus
2587 2681 2739 2738 ﬂant.
2778 2683 3024 2740 Fidicula
3054 2689 3305 2744 occidere
3336 2691 3545 2761 incipit.

2294 2768 2404 2825 Aer
2432 2786 2657 2828 crassus
2686 2784 2800 2836 est,
2833 2774 3110 2833 Favonius
3137 2777 3267 2834 ﬂare
3300 2781 3508 2852 incipit.

2300 2860 2535 2916 Medium
2580 2863 2780 2920 Leonis
2829 2881 2953 2921 cum
3006 2868 3251 2926 Fidicula
3287 2875 3519 2941 occidit,
3555 2877 3653 2932 Se-

2357 2956 2697 3025 ptentriones
2731 2967 2784 3014 et
2811 2960 3011 3030 Aquilo
3042 2961 3198 3017 ﬂant.

2287 3044 2588 3115 Delphinus
2615 3050 2850 3117 occidit,
2880 3052 3082 3107 Auster
3109 3058 3322 3126 vesperi
3359 3058 3650 3115 violentior

2355 3141 2442 3204 lit,
2476 3148 2529 3195 et
2559 3142 2715 3210 pluit.

2071 3226 2230 3282 NON.
2285 3229 2434 3285 Zona
2470 3230 2693 3288 Orionis
2724 3239 2980 3308 emergit,
3012 3237 3266 3296 turbidus
3299 3249 3382 3296 est
3415 3258 3511 3298 aer
3541 3242 3646 3297 Fa-

2353 3322 2498 3376 vonii
2531 3321 2682 3380 ﬂatu.

395 3413 474 3469 iii.
617 3412 928 3484 Septentrio
973 3415 1145 3468 multo
1189 3413 1364 3468 imbre
1409 3421 1464 3467 et
1508 3425 1705 3481 aspera
1755 3417 1968 3480 tempe-
2070 3409 2188 3466 viii.
2288 3409 2532 3466 Fidicula
2562 3415 2790 3480 occidit,
2823 3428 2876 3473 et
2905 3417 3178 3476 Favonius
3208 3423 3275 3477 ab
3307 3440 3504 3481 occasu
3533 3427 3647 3483 ﬂat.

676 3513 818 3560 state
844 3505 954 3559 ﬂat.
2070 3500 2165 3554 vii.
2285 3501 2443 3558 Veris
2476 3504 2690 3560 initium
2717 3548 2730 3573 ,
2770 3507 3045 3567 Favonius
3078 3515 3271 3582 spirat.

393 3613 481 3653 ra.
609 3596 811 3653 Auster
843 3598 1033 3668 spirat.
2071 3592 2142 3645 vi.
2296 3592 2570 3650 Favonius
2599 3605 2651 3650 et
2681 3597 2877 3667 Aquilo
2911 3603 3136 3671 spirant.

393 3685 481 3742 lD.
598 3685 820 3742 Astrum
853 3689 1180 3751 obscurum,
1212 3687 1388 3757 prima
1423 3685 1544 3739 Mali
1578 3700 1704 3756 pars
1733 3684 1964 3751 occidit,
2070 3700 2124 3737 v.
2289 3682 2602 3740 Obscurum
2631 3699 2880 3755 astrum,
2914 3697 3143 3763 emergit
3171 3694 3467 3765 Aquarius.

676 3789 839 3835 noctu
870 3781 1032 3835 etiam
1065 3781 1220 3850 pluit.
2069 3779 2141 3832 iv.
2291 3780 2600 3854 Septentrio
2625 3801 2749 3840 cum
2778 3787 3019 3842 Favonio
3045 3787 3157 3852 ﬂat,
3185 3790 3456 3845 interdum
3484 3793 3648 3848 etiam

394 3870 504 3924 xix.
605 3871 827 3927 Astrum
869 3873 1165 3928 obscurum
1195 3915 1210 3938 ,
1269 3872 1414 3925 varia
1457 3870 1744 3940 Aquilonis
1774 3875 1828 3924 et
1867 3869 1968 3922 Se-
2354 3875 2513 3942 pluit.

673 3965 1000 4035 ptentrionis
1053 3966 1458 4031 inconstantia;
1519 3963 1630 4018 Leo
1690 3962 1958 4017 occultari
2071 3962 2151 4014 iii.

673 4057 861 4126 incipit
885 4075 899 4123 ;
934 4057 1127 4126 pluvia:
1161 4056 1315 4110 ﬁunt.
2069 4070 2154 4107 pa.

391 4146 545 4202 xviii.
601 4147 908 4217 Septentrio
936 4157 989 4202 et
1021 4147 1218 4217 Aquilo
1253 4147 1604 4202 vehementes
1631 4144 1789 4199 ﬂant.
2070 4142 2156 4195 ll).

391 4238 524 4292 xvii.
602 4236 696 4291 Sol
727 4238 783 4291 in
816 4238 1090 4308 Aquario,
1124 4237 1426 4292 Vulturnus
1457 4253 1580 4290 cum
1614 4237 1820 4305 pluvia.
1992 4233 2034 4288 C
2069 4235 2178 4287 xvi.

390 4332 501 4386 xvi.
599 4331 842 4388 Fidicula
867 4333 1118 4387 occidere
1144 4332 1332 4400 incipit
1362 4332 1648 4392 matutino,
1671 4336 1964 4384 ventorum

677 4442 979 4481 concursus
1010 4424 1160 4479 ﬁunt.
2072 4434 2162 4470 xv.

391 4536 482 4575 xv.
608 4517 716 4573 Leo
738 4525 792 4573 et
816 4517 1113 4588 Delphinus
1133 4515 1400 4569 matutino
1425 4513 1682 4568 occidunt
1705 4534 1717 4569 :
1744 4513 1963 4583 Aquilo,
2072 4509 2181 4562 xiv.

677 4607 988 4679 Septentrio
1025 4615 1079 4662 et
1117 4607 1318 4664 Auster
1343 4614 1713 4672 concurrunt,
1745 4605 1971 4675 pluvize—
2075 4599 2190 4654 xiii.

672 4714 778 4768 que
810 4698 962 4754 ﬁunt.

2288 3963 2627 4024 Subsolanus
2657 3969 2826 4039 Spirat
2849 4009 2862 4033 ,
2893 3978 2947 4024 et
2977 3972 3246 4028 Arcturus
3274 3973 3471 4028 oritur.

2280 4055 2580 4112 Ventorum
2615 4076 2920 4117 concursus
2950 4069 3003 4116 et
3039 4079 3242 4134 pugna.

2271 4143 2595 4215 Sagittarius
2618 4151 2827 4219 vesperi
2854 4150 3083 4215 occidit,
3114 4159 3412 4221 tempestas
3435 4168 3650 4223 aspera.

2273 4237 2466 4291 Crater
2507 4241 2722 4309 vesperi
2767 4243 2942 4296 oritur
2967 4249 3041 4306 et,
3075 4246 3423 4299 commutatis
3452 4250 3650 4313 ventis,

2355 4340 2573 4399 superat
2603 4331 2821 4386 Auster.

2290 4418 2381 4473 Sol
2418 4423 2469 4474 in
2506 4424 2782 4492 piscibus,
2816 4424 3019 4480 hiemat
3054 4440 3168 4480 aer.

2286 4508 2594 4580 Septentrio
2624 4513 2717 4567 ﬂat
2747 4530 2871 4568 cum
2903 4515 3126 4569 Austro.
3162 4514 3252 4570 Sol
3281 4531 3478 4572 novus.

2275 4598 2442 4671 Virgo
2464 4603 2666 4658 occidit
2690 4605 2844 4672 juxta
2873 4603 3150 4660 Geminos.
3178 4606 3378 4664 AuSter
3403 4606 3493 4662 ﬂat
3521 4623 3647 4666 cum

2353 4693 2595 4748 Favonio
2622 4704 2676 4748 et
2705 4695 2994 4763 Aquilone.

390 4790 502 4844 xiv.
609 4787 908 4844 conversio
950 4795 1004 4843 et
1039 4789 1235 4844 hiemis
1265 4789 1527 4844 medium.
2072 4782 2168 4838 xii.
2282 4783 2387 4854 55
2416 4784 2588 4841 Malus
2634 4787 2847 4855 vesperi
2879 4786 3101 4844 occidit.
3132 4787 3408 4846 Favonius
3449 4792 3644 4862 spirat,

391 4880 508 4934 xiii.
609 4879 806 4950 Aquilo
837 4879 929 4934 ﬂat
960 4891 1012 4936 et
1041 4881 1259 4943 Auster,
1295 4881 1535 4935 medium
1573 4879 1777 4934 Cancri
1807 4879 1967 4935 occi-
2355 4884 2407 4930 et
2438 4871 2605 4947 Virgo
2633 4877 2884 4932 occidere
2923 4878 3136 4950 incipit.

673 4973 782 5037 dit,
815 4972 1088 5042 Aquarius
1120 4987 1397 5043 emergere
1426 4972 1644 5042 incipit.
2072 4964 2146 5018 xi.
2265 4964 2574 5038 Septentrio
2602 4979 2654 5024 et
2677 4969 2877 5027 Auster
2897 4971 3028 5026 ﬂant
3065 4992 3077 5026 :
3116 4973 3290 5030 Malus
3314 4975 3643 5031 occultatur.

394 5063 489 5117 xii.
599 5063 875 5133 Aquarius
919 5071 1066 5119 totus
1110 5064 1375 5134 emergit,
1405 5063 1625 5119 Africus
1667 5063 1878 5133 spirat,
1912 5070 1966 5117 et
2071 5073 2126 5110 ι.
2271 5060 2470 5130 Aquilo
2505 5062 2788 5130 pluviosus
2823 5065 3016 5135 Spirat.
3053 5064 3164 5121 Leo
3209 5067 3432 5122 occidit.
3470 5067 3643 5137 Aqui-

673 5155 832 5226 pluit.
2354 5151 2506 5206 lenes
2539 5151 2850 5209 Chelidonii
2873 5155 3128 5225 appellati
3150 5156 3441 5226 incipiunt,
3474 5165 3528 5211 et
3549 5172 3645 5226 per

392 5246 468 5303 xi.
611 5246 857 5301 Fidicula
873 5261 996 5303 cum
1011 5246 1224 5302 Cancro
1238 5245 1468 5313 occidit,
1489 5255 1544 5301 et
1565 5246 1776 5317 vesperi
1795 5244 1958 5315 pluit.
2353 5243 2707 5308 quatriduum
2741 5245 2890 5299 ﬂant.
2921 5245 3257 5302 Hirundines
3285 5259 3570 5317 apparent.

390 5354 446 5392 x.
605 5337 802 5408 Aquilo
832 5338 926 5394 ﬂat
958 5355 1082 5396 cum
1115 5341 1323 5412 pluvia.
2069 5331 2143 5386 ix.
2284 5334 2550 5391 Arcturus
2578 5336 2724 5390 circa
2750 5337 2980 5405 prlmam
3003 5338 3241 5408 vigiliam
3284 5337 3534 5393 occidere
3561 5355 3648 5392 tn-

391 5430 466 5482 ix.
606 5427 820 5485 Hiemat
859 5431 1016 5498 dies,
1060 5432 1430 5489 vehementius
1478 5429 1610 5484 ﬂant
1652 5427 1858 5500 Aquilo
1907 5436 1962 5484 et
2349 5426 2500 5496 cipit,
2561 5425 2834 5482 Favonius
2893 5429 3084 5499 spirat,
3180 5445 3399 5500 noxque
3455 5431 3643 5485 nubila

672 5519 997 5578 Vulturnus.
1992 5575 2042 5631 Β
2343 5518 2556 5574 exsistit
2573 5545 2590 5559 ο

703 5630 706 5631 ,
846 5625 856 5631 .
955 5623 968 5631 .
1043 5615 1180 5631 noun,
1275 5615 1347 5631 -σι
1419 5630 1428 5631 ,
1465 5613 1522 5631 η-
1576 5620 1588 5631 ι
1707 5613 1766 5631 ,.°
2074 5607 2162 5631 -.222
2277 5606 2558 5631 Il-l----_::

2074 5607 2188 5664 viii.
2277 5606 2560 5679 Halcyonii
2589 5610 2838 5679 appellati
2867 5611 3004 5668 dies.

389 5611 504 5666 viii.
606 5613 926 5684 Tempestas
952 5615 1242 5680 turbidior,
1274 5615 1438 5670 iidem
1465 5613 1596 5668 ﬂant
1622 5613 1790 5670 venti.

395 5700 485 5754 vii.
611 5703 828 5758 Hiemat
855 5704 1004 5767 dies,
1033 5705 1198 5760 iidem
1228 5705 1359 5759 ﬂant
1384 5704 1562 5770 venti,
1587 5703 1830 5760 Fidicula
1863 5718 1962 5760 occ

675 5792 856 5847 cidere
889 5793 1097 5864 incipit.

708 5886 979 5946 Pnuon.
1021 5886 1138 5945 Gn.
1177 5886 1349 5948 XIX.

2070 5699 2166 5752 vii.
2278 5699 2455 5755 Corus
2491 5709 2544 5756 et
2573 5701 2770 5772 Aquilo
2800 5702 2961 5757 simul
2993 5703 3146 5780 ﬂant.

2071 5793 2143 5849 vi.
2277 5793 2552 5862 Aquarius
2579 5793 2711 5852 oriri
2742 5796 2952 5867 incipit,
2984 5805 3038 5853 et
3065 5797 3222 5869 pluit.

3289 5889 3369 5949 29
