4132 6468
447 367 556 426 907

448 503 504 541 v.
653 485 923 540 Arcturus
960 485 1191 556 emergit
1230 493 1284 540 et
1311 485 1469 556 pluit.
2069 499 2117 553 Α

450 580 528 634 iv.
649 579 919 635 Arcturus
940 581 1120 634 oritur
1143 581 1435 634 matutino.

453 673 532 728 iii.
660 670 836 728 Malus
877 673 1094 744 vesperi
1127 672 1350 728 occidit.
2141 645 2210 700 Κέ

452 781 540 820 ra.
657 763 934 821 Favonius
957 766 1064 822 late
1086 765 1278 835 Spirat.
1309 763 1528 820 Vernus
1557 773 1640 820 est
1672 765 1810 819 dies.

1129 877 1368 932 XXVIII.
1939 965 1942 968 .
2143 944 2215 981 w-

1079 990 1410 1050 MARTIUS.
2145 1017 2226 1072 ίίί,

453 1107 524 1166 K.
667 1109 872 1165 Auster
901 1116 956 1166 et
990 1109 1216 1164 Africus
1247 1109 1414 1164 simul
1445 1109 1682 1179 spirant.
2145 1124 2232 1162 pa.

453 1201 530 1256 vi.
667 1199 1047 1256 Vindemiator
1070 1217 1336 1272 apparere
1359 1202 1574 1272 incipit.
1603 1202 1804 1272 Aquilo
1831 1203 2044 1274 gelidus

737 1291 849 1347 ﬂat.
884 1292 1154 1349 Arcturus
1196 1293 1398 1350 occidit
1429 1296 1727 1350 matutino.

454 1403 510 1441 v.
666 1383 777 1440 Aer
807 1385 1115 1453 nimbosus,
1175 1395 1229 1443 et
1289 1387 1450 1458 pluit.
1497 1387 1765 1446 Arcturus
1815 1389 2044 1462 emergit

739 1477 950 1533 elevato
977 1475 1122 1542 Sole,
1151 1487 1202 1534 et
1228 1477 1323 1532 ﬂat
1348 1479 1568 1550 Aquilo.
2143 1477 2239 1530 vii.

455 1569 528 1624 iv.
663 1568 935 1624 Arcturus
974 1569 1230 1626 similiter
1256 1574 1503 1641 emergit.
2145 1572 2220 1624 vi.

458 1660 538 1714 iii.
661 1659 931 1717 Arcturus
961 1661 1200 1716 interdiu
1231 1663 1488 1732 emergit.

457 1767 545 1806 ra.
654 1751 854 1822 Aquilo
875 1751 989 1812 ﬂat,
1021 1753 1338 1809 nubilosum
1373 1755 1602 1808 coelum.
2146 1771 2201 1808 v.

457 1842 618 1898 NON.
659 1845 849 1914 Equus
871 1845 1074 1900 occidit
1105 1847 1394 1910 matutino,
1427 1854 1480 1902 ct
1503 1845 1596 1900 ﬂat
1619 1847 1838 1917 Aquilo.
1870 1849 2044 1904 Coro-
2073 1843 2115 1897 B
2147 1847 2220 1900 iv.

739 1951 812 1991 na
843 1937 1112 1990 matutino
1150 1937 1485 2002 occultatur,
1514 1953 1780 2008 aquarum
1805 1941 1872 1995 de
1905 1943 2046 1996 coelo
2149 1938 2230 1993 iii.

741 2027 972 2097 pluvies.
2149 2046 2234 2084 ra.

672 2117 897 2174 Marinaa
942 2134 1070 2174 aves
1116 2134 1382 2190 apparere
1423 2121 1720 2191 incipiunt.
1763 2123 1962 2192 Aquilo
1997 2133 2050 2179 et
2149 2121 2237 2178 lD.

745 2211 1159 2280 Septentriones
1189 2213 1342 2266 ﬂant.
1379 2211 1720 2282 Principium
1752 2211 1910 2270 Veris
1939 2225 2048 2273 est.

747 2300 842 2356 Sol
873 2301 1116 2358 Piscium
1139 2303 1428 2358 dimidium
1463 2304 1698 2359 obtinet.
1731 2304 1920 2376 Equus
1951 2324 2047 2364 oc—

747 2395 900 2450 cidit.

459 2117 575 2172 viii.

462 2485 558 2538 vii.
673 2483 870 2541 Milvus
911 2501 1176 2558 apparere
1221 2486 1434 2558 incipit,
1461 2487 1554 2543 ﬂat
1581 2487 1804 2556 Auster,
1840 2489 2048 2546 Piscis—
2150 2491 2262 2546 xvi.

743 2593 851 2650 que
881 2578 935 2633 in
977 2590 1192 2651 tergore
1239 2581 1510 2634 matutino
1537 2581 1804 2636 occultari
1835 2579 2045 2652 incipit.
2150 2601 2240 2638 xv.

461 2670 540 2727 vi.
683 2669 874 2741 Equus
925 2673 1128 2726 occidit
1161 2673 1452 2728 matutino.
1505 2673 1700 2729 Milvus
1753 2689 1782 2726 a
1829 2675 2050 2729 sublimi
2149 2677 2262 2731 xiv.

746 2764 1006 2820 deorsum
1041 2767 1237 2837 vergit.
1271 2764 1648 2822 Vindemiator
1685 2767 1906 2822 occidit.
1943 2766 2050 2819 Ar-
2151 2767 2268 2822 xiii.

748 2865 940 2913 cturus
957 2865 1134 2912 autem
1159 2859 1408 2929 emergit,
1428 2865 1480 2912 et
1497 2859 1706 2928 gelidus
1721 2857 1814 2912 ﬂat
1828 2859 2045 2928 Aquilo.
2151 2858 2246 2912 xii.

463 2965 520 3004 v.
677 2947 886 3006 Hiemis
930 2952 1230 3018 abscessio,
1282 2957 1336 3006 et
1383 2950 1670 3020 Aquilonis
1719 2951 1784 3006 ad
1818 2949 2051 3021 Septen—
2153 2948 2227 3002 xi.

746 3042 957 3098 triones
982 3044 1359 3098 commutatio.
2152 3057 2206 3096 x.

465 3133 538 3188 iv.
683 3130 898 3188 Desinit
929 3131 1102 3188 Piscis
1130 3147 1161 3184 a
1193 3139 1410 3203 tergore
1443 3131 1667 3186 elevari.
1720 3127 2034 3200 Septentrio
2079 3179 2123 3203 η
2155 3133 2232 3190 ix.

747 3225 832 3279 vel
867 3225 1069 3280 Auster
1095 3222 1209 3277 ﬂat.
1279 3179 1308 3203 ο
1407 3239 1412 3244 ·
1791 3179 1821 3200 Γ
2077 3179 2124 3242 c

464 3317 548 3372 iii.
673 3315 822 3388 Argo
854 3317 1012 3371 navis
1038 3315 1264 3388 emergit
1295 3316 1530 3386 vesperi.
1557 3313 1832 3372 Favonius
1861 3323 1914 3370 et
1939 3315 2051 3370 Au-
2151 3316 2245 3370 vii.

749 3416 862 3464 ster
885 3407 1040 3470 llant,
1069 3415 1122 3462 et
1151 3408 1208 3462 in
1243 3407 1442 3463 Leonis
1468 3407 1644 3463 cauda
1671 3407 1876 3463 hiemat
1907 3408 2046 3463 dies.
2151 3407 2224 3462 vi.

464 3515 550 3556 ra.
663 3498 862 3570 Aquilo
891 3516 989 3571 per
1016 3507 1192 3554 totum
1221 3499 1314 3552 ﬂat
1339 3501 1503 3553 diem.
2151 3515 2208 3553 v.

463 3591 552 3647 1D.
665 3591 852 3662 Equus
885 3593 1107 3658 occidit,
1139 3599 1193 3646 et
1221 3591 1416 3662 Aquilo
1449 3591 1543 3644 ﬂat
1567 3589 1799 3662 gelidus.
2155 3591 2226 3644 iv.

465 3686 597 3740 xvii.
661 3684 755 3741 Sol
787 3685 844 3739 in
879 3684 1086 3740 Arietc.
1125 3683 1404 3739 Favonius
1443 3684 1553 3739 late
1582 3685 1780 3754 Spirat.
1825 3681 2052 3736 Ciconia
2155 3683 2232 3736 iii.

749 3786 994 3848 apparet,
1029 3784 1083 3831 et
1111 3791 1262 3830 mare
1295 3777 1641 3832 transmittit.
2155 3791 2240 3830 PR.

467 3871 577 3925 xvi.
675 3867 1058 3924 Inconstantes
1089 3868 1262 3923 venti.
1305 3869 1508 3938 Aquilo
1539 3870 1732 3938 spirat.

465 3979 558 4018 xv.
669 3961 870 4016 Auster
894 3959 1008 4015 ﬂat.
1039 3959 1234 4016 Milvus
1263 3961 1504 4016 diluculo
1527 3969 1767 4030 apparet.

469 4055 580 4108 xiv.
671 4051 870 4122 Aquilo
899 4066 1127 4106 serenus
1159 4051 1363 4122 spirat.

467 4145 586 4199 xiii.
663 4143 852 4214 Equus
884 4142 1085 4198 occidit
1125 4143 1412 4197 matutino.
1446 4141 1648 4214 Aquilo
1679 4142 1764 4198 vel
1817 4141 2050 4214 Septen-

753 4236 859 4291 trio
889 4235 1002 4290 ﬂat.

467 4327 564 4382 xii.
657 4325 816 4382 Aries
845 4327 900 4380 in
931 4326 1073 4382 Ialus
1094 4327 1345 4396 emergit.
1379 4325 1524 4380 Pluit
1553 4333 1648 4380 aut
1687 4327 1886 4398 ningit.
2155 4322 2219 4378 Κ.

467 4422 543 4477 xi.
659 4421 867 4490 Cancer
897 4429 1111 4492 tergore
1137 4422 1336 4477 oritur.
1371 4421 1574 4476 Auster
1601 4420 1714 4475 ﬂat.
2157 4418 2232 4472 vi.

467 4531 526 4570 x.
654 4515 1093 4586 Equinoctium,
1126 4517 1284 4588 pluit,
1310 4515 1585 4570 interdum
1619 4523 1792 4569 tonat.
2085 4527 2128 4583 ι)
2157 4525 2210 4564 v.

469 4605 544 4660 ix.
655 4607 1064 4677 Septentriones
1106 4617 1160 4664 et
1190 4607 1387 4679 Aquilo
1408 4605 1559 4660 ﬂant.
1603 4604 1796 4676 Equus
1855 4605 2057 4660 occidit
2161 4600 2230 4652 iV-

751 4702 1040 4757 matutino.

673 4789 864 4850 Pisces
899 4803 1112 4864 tergore
1151 4798 1464 4862 emergunt,
1513 4793 1608 4846 nix
1669 4791 1844 4846 imbre
1891 4790 2056 4844 mista
2159 4781 2242 4837 iii.

755 4883 920 4938 cadit.
953 4883 1110 4938 Aries
1140 4882 1408 4936 matutino
1445 4883 1675 4952 emergit
1705 4896 1833 4937 cum
1889 4881 2050 4946 mari,
2159 4889 2246 4928 ra.

763 4973 996 5029 turbatio
1026 4975 1192 5030 aeris.

467 5069 564 5123 vii.
655 5067 1068 5138 Equinoctium
1127 5079 1379 5130 vernum,
1443 5065 1604 5134 pluit,
1653 5063 1934 5120 interdum
1997 5069 2052 5116 et

753 5169 927 5216 tonat.

469 5257 546 5314 vi.
687 5256 813 5312 Nox
845 5265 900 5310 et
927 5255 1044 5310 dies
1071 5253 1309 5324 aequales
1339 5251 1631 5308 exsistunt.
2157 5241 2254 5295 vii.

469 5366 526 5406 v.
671 5345 936 5418 Scorpius
979 5347 1182 5403 occidit
1209 5365 1222 5399 :
1245 5343 1540 5400 vehemens
1572 5341 1665 5396 ﬂat
1690 5347 1911 5407 ventus,
1939 5339 2059 5408 plu—
2161 5333 2234 5388 vi.

753 5438 983 5508 viasque
1011 5451 1132 5492 cum
1169 5435 1470 5492 tonitribus
1493 5433 1838 5488 commiscet.

467 4791 582 4848 viii.

471 5526 546 5582 iv.
693 5507 955 5596 Scorpius
983 5524 1204 5580 occidit.
1253 5523 1564 5593 Septentrio
1603 5519 1696 5573 ﬂat
1738 5519 1981 5592 pluvius.
2159 5507 2212 5574 v.

473 5617 556 5674 iii.
685 5617 887 5672 Auster
907 5614 1001 5670 ﬂat
1033 5623 1087 5670 et
1117 5614 1276 5684 pluit.
2161 5616 2233 5668 iv.

471 5721 562 5765 η.
671 5706 970 5764 Ventorum
1001 5708 1285 5778 procellae;
1319 5714 1372 5762 et
1405 5721 1546 5778 saepe
1577 5705 1734 5778 pluit.
2161 5705 2240 5760 iii.

1183 5797 1368 5854 XXXI.
2163 5810 2248 5850 PB.

1479 363 1573 420 AD
1611 363 1882 422 EUSEBII
1913 363 2316 424 CHRONICON
2351 367 2735 426 APPENDIX.

2155 3225 2268 3278 viii.

2157 5146 2272 5200 viii.

3625 369 3736 429 908

2787 509 3080 566 APRlLlS.

2359 649 2622 720 Scorpius
2645 647 2849 703 occidit
2877 667 2886 702 :
2929 645 3022 702 Sol
3054 646 3160 702 diei
3197 653 3406 717 partem
3439 661 3606 700 unam
3637 645 3736 701 ad-

2433 741 2534 796 dit.
2561 741 2846 810 Aquilonis
2876 738 3006 793 ﬂatu
3027 739 3352 794 nebulosum
3385 745 3468 792 est
3497 737 3733 792 ctelum:

2427 831 2682 900 Vergiliae
2712 829 2848 883 oriri
2889 835 2944 884 et
2985 827 3402 898 prtesigniticari
3437 827 3732 897 incipiunt.

2356 923 2670 978 Nebulostrs
2703 936 2798 977 aer
2825 935 2924 991 per
2957 934 3148 974 omnes
3179 926 3376 975 terras.

2351 1013 2602 1084 Vergiliae
2631 1012 2892 1068 occidunt
2938 1011 3272 1081 vespertino.

2343 1105 2466 1160 Flat
2501 1105 2748 1160 Africus.

2143 1198 2306 1254 NON.
2355 1199 2632 1255 Favonius
2659 1197 2856 1268 spirat.

2143 1311 2236 1350 γιιι
2249 1340 2259 1350 .

2353 1293 2572 1349 Sucula:
2597 1299 2886 1365 emergunt
2919 1311 2932 1347 :
2967 1291 3274 1364 pluviaeque
3305 1289 3372 1344 ab
3399 1289 3604 1345 Austro
3638 1290 3735 1344 de-

2427 1383 2743 1440 volvuntur.

2351 1477 2550 1548 Auster
2587 1476 2702 1541 ﬂat,
2733 1484 2788 1530 et
2807 1475 3176 1546 Vergiliarum
3207 1473 3478 1542 reliquum
3511 1473 3732 1530 occidit.

2359 1568 2637 1622 Favonius
2679 1567 2812 1623 ﬂare
2863 1568 3056 1638 incipit
3120 1565 3389 1619 matutino
3435 1563 3736 1636 :Vergilias

2429 1662 2706 1716 occidunt.

2345 1751 2628 1808 Australes
2659 1751 2932 1822 procellae.

2358 1845 2556 1915 Aquilo
2587 1845 2879 1898 vehemens
2915 1842 3026 1910 ﬂat,
3061 1841 3264 1914 vesper
3287 1850 3374 1900 est
3418 1840 3730 1914 pluviosas.

2359 1933 2566 2006 Frigidi
2595 1935 2728 1988 ﬂant
2759 1935 2928 2000 venti,
2961 1943 3016 1989 et
3047 1934 3204 2004 pluit.

2358 2028 2575 2084 Suculaa
2598 2029 2974 2082 occultantur.

2349 2122 2550 2192 Aquilo
2579 2120 2694 2186 ﬂat,
2727 2135 2962 2192 parvum
2993 2135 3239 2191 praesepe
3265 2121 3532 2176 exoritur.

2151 2214 2301 2272 xviii.
2351 2215 2666 2270 Obscurum
2696 2221 2929 2280 astrum,
2963 2223 3018 2268 et
3046 2215 3217 2278 venti,
3255 2222 3308 2269 et
3340 2215 3564 2272 imbres.

2149 2309 2279 2365 xvii.
2361 2307 2577 2362 Suculaa
2604 2306 2864 2362 occidunt
2895 2325 2910 2362 :
2935 2305 3118 2378 frigidi
3139 2306 3352 2376 spirant
3381 2308 3530 2364 venti
3557 2327 3570 2364 :
3603 2307 3739 2366 Per-

2430 2415 2560 2454 seus
2580 2399 2777 2454 oritur.

2368 2489 2585 2546 Suculte
2613 2490 2876 2546 occidunt
2911 2507 2926 2544 :
2958 2489 3132 2560 spirat
3159 2489 3456 2548 Favonius.

2367 2585 2462 2639 Sol
2495 2584 2547 2638 in
2578 2583 2764 2638 Tauro
2797 2622 2814 2650 ,
2851 2583 3070 2638 Sticula:
3090 2585 3466 2642 occultantur.

2359 2676 2581 2731 Africus
2603 2675 2718 2732 ﬂat.

2349 2765 2566 2822 Suculae
2591 2766 2812 2836 penitus
2837 2763 3118 2822 occidunt.
3133 2763 3356 2824 Africus
3377 2765 3474 2824 ﬂat
3497 2766 3736 2839 vesperi.

2362 2857 2638 2914 Favonius
2673 2859 2864 2930 spirat.

2363 2947 2530 3002 Tauri
2565 2957 2732 3019 caput
2759 2950 2964 3004 occidit
2993 2959 3048 3007 et
3073 2949 3230 3018 pluit.

2364 3039 2616 3110 Vergiliae
2648 3042 2976 3096 exoriuntur
3013 3063 3024 3098 :
3061 3041 3340 3096 Favonius
3367 3041 3558 3111 spirat.

2370 3131 2620 3188 Fidicula
2649 3135 2796 3188 circa
2827 3134 3057 3203 primam
3083 3133 3257 3188 facem
3286 3143 3530 3204 apparet.

2363 3221 2609 3278 Fidicula
2639 3226 2904 3290 cernitur,
2939 3231 2994 3280 et
3027 3225 3186 3295 pluit.

2367 3315 2622 3387 Prmsepe
2651 3319 2880 3390 emergit
2910 3336 2926 3373 :
2955 3317 3158 3373 desinit
3189 3315 3315 3372 Ver.

2369 3407 2585 3462 Suculzu
2611 3409 2828 3478 penitus
2851 3408 3130 3474 occidunt,
3157 3417 3212 3466 et
3241 3407 3401 3464 Veris
3427 3408 3734 3468 conversio.

2367 3499 2474 3570 56
2512 3499 2710 3554 Auster
2740 3500 2853 3554 ﬂat.

2363 3591 2624 3646 Austrina
2655 3591 2794 3656 dies,
2829 3599 2882 3646 et
2911 3591 3114 3662 pluvia.

2371 3681 2529 3738 Haedi
2557 3683 2812 3738 oriuntur
2847 3701 2860 3738 :
2891 3684 3092 3740 Auster
3121 3683 3214 3736 ﬂat
3245 3682 3538 3738 matutino.

2361 3775 2528 3830 Canis
2574 3777 2888 3830 occultatur
2923 3775 3143 3845 vesperi
3183 3791 3197 3828 :
3250 3791 3344 3830 aer
3381 3763 3742 3833 conturbatur

2443 3868 2512 3923 ab
2543 3867 2768 3936 Austro,
2804 3875 2859 3923 et
2899 3865 3100 3937 Aquilo
3134 3881 3192 3922 se
3225 3865 3388 3924 simul
3421 3865 3740 3937 permiscet.

2867 4001 3034 4056 XXX.

2833 4160 3066 4217 MAIUS.

2368 4320 2534 4377 Canis
2562 4320 2892 4384 occultatur,
2925 4331 3080 4372 rores
3107 4315 3468 4371 descendunt.

2371 4413 2586 4468 Suculae
2612 4427 2734 4468 cum
2769 4409 2895 4465 Sole
2924 4409 3198 4465 oriuntur.

2372 4505 2682 4562 Centaurus
2727 4511 2954 4574 apparet
2995 4509 3142 4556 totus
3181 4519 3196 4554 :
3233 4499 3509 4554 Favonius
3547 4499 3741 4570 spirat.

2375 4595 2639 4664 Scorpius
2681 4609 2902 4648 sursum
2945 4592 3170 4662 emergit
3213 4589 3458 4660 :Aquilo
3499 4587 3592 4643 ﬂat
3637 4608 3648 4641 :
3689 4595 3744 4643 et

2441 4701 2594 4741 rores
2621 4685 2846 4740 cadunt.

2371 4777 2618 4833 Fidicula
2647 4777 2824 4832 oritur
2853 4775 3142 4830 matutino.

2374 4869 2670 4924 Dimidium
2706 4867 3027 4938 Scorpionis
3059 4864 3279 4920 occidit.

2157 4959 2319 5016 NON.
2375 4959 2630 5029 Vergiliae
2670 4959 2926 5013 oriuntur
2953 4955 3244 5020 matutino,
3273 4963 3330 5010 et
3363 4954 3535 5026 spirat
3569 4951 3722 5008 Favs

2443 5067 2592 5107 lllllS.

2365 5143 2702 5214 Principium
2729 5143 2938 5199 aestatis
2971 5161 2986 5198 :
3017 5141 3294 5197 Favonius
3323 5139 3602 5211 praevalet.

2375 5237 2574 5294 Eodem
2609 5237 2703 5290 ﬂat
2732 5235 2895 5290 modo
2925 5233 3220 5290 Favonius.

2378 5329 2619 5384 Fidicula
2654 5331 2852 5385 oritur.
2885 5329 3104 5382 Suculre
3132 5323 3410 5380 occidunt.
3447 5321 3614 5378 Tauri
3649 5337 3731 5376 cr-

2441 5435 2538 5494 put
2565 5430 2809 5493 apparet.

2371 5517 2618 5587 Vergiliae
2650 5521 2934 5584 apparent.

2371 5610 2624 5680 Vergiliae
2655 5611 2924 5664 oriuntur.
2964 5605 3164 5660 Auster
3202 5603 3313 5658 ﬂat.

2377 5701 2592 5757 Suculae
2622 5699 2902 5755 occidunt.
2937 5698 3180 5772 Austrini
3213 5703 3342 5751 sunt
3366 5694 3548 5750 ﬂatus.

2383 5791 2641 5862 Scorpius
2665 5787 2886 5855 occidit,
2918 5796 2970 5843 et
2989 5785 3236 5842 Fidicula
3255 5785 3433 5842 oritur
3455 5779 3750 5840 matutino.
