4132 6446
438 372 545 427 909

439 486 530 545 ID.
653 486 863 542 Cancer
886 485 1131 541 exoritur
1166 500 1179 536 :
1210 492 1263 539 et
1290 482 1385 538 ﬂat
1407 482 1630 539 Auster.

441 579 575 634 xvii.
650 577 867 633 Initium
898 580 1124 634 aestatis.

440 672 552 727 xvi.
650 670 918 743 Procyon,
963 684 1124 741 quam
1166 668 1388 741 quidam
1426 666 1736 722 caniculam
1786 671 2008 728 vocant,

725 762 946 818 occidit.

438 868 531 909 xv.
655 852 747 909 Sol
778 855 831 908 in
859 852 1120 908 Geminis.

440 946 552 1001 xiv.
659 944 856 1000 Auster
882 944 975 998 ﬂat
1005 943 1236 1014 veSperi.

439 1035 554 1090 xiii.
647 1033 863 1089 Suculas
884 1035 1153 1100 oriuntur,
1178 1042 1230 1089 et
1261 1032 1353 1087 ﬂat
1386 1032 1611 1103 Aquilo.

436 1128 536 1181 xii.
656 1127 921 1181 Arcturus
946 1126 1165 1189 occidit,
1194 1140 1394 1194 aerque
1421 1122 1811 1180 conturbatur.

436 1217 514 1272 xi.
662 1216 987 1289 Sagittarius
1015 1217 1236 1283 occidit,
1266 1226 1322 1272 et
1347 1216 1441 1270 ﬂat
1462 1217 1682 1271 Auster.

436 1322 494 1362 x.
646 1306 858 1363 Gemini
887 1309 1230 1375 exoriuntur,
1263 1316 1319 1364 et
1346 1308 1563 1378 Aquila.

435 1399 512 1455 ix.
649 1398 862 1454 Suculas
893 1400 1025 1455 oriri
1058 1400 1345 1470 incipiunt,
1377 1408 1433 1456 et
1465 1398 1624 1469 pluit.

433 1491 553 1545 viii.
642 1490 863 1561 Capella
892 1492 1067 1545 oritur
1098 1492 1386 1554 matutino,
1429 1505 1480 1545 et
1509 1489 1605 1543 ﬂat
1628 1488 1853 1559 Aquilo.

432 1579 529 1634 vii.
653 1579 866 1637 Taurus
885 1581 1105 1635 occidit.
1127 1581 1328 1636 Auster
1340 1588 1393 1635 et
1407 1579 1606 1649 Aquilo
1632 1578 1783 1633 ﬂant.

433 1672 508 1727 vi.
646 1671 845 1727 Auster
871 1673 1063 1742 spirat.

432 1780 487 1819 v.
650 1763 894 1818 Fidicula
927 1763 1104 1817 oritur
1130 1761 1401 1815 matutino
1434 1777 1449 1816 ;
1478 1773 1532 1816 et
1554 1760 1755 1817 Auster
1782 1760 1898 1817 ﬂat.

433 1852 508 1907 iv.
644 1852 844 1907 Auster
879 1853 1170 1907 vehemens
1203 1851 1317 1905 ﬂat.

433 1948 513 2003 iii.
643 1945 896 2017 Vergiliae
919 1944 1261 2009 exoriuntur,
1302 1943 1510 1999 imbres
1551 1958 1675 2000 cum
1716 1945 2009 2003 tonitribus

716 2039 874 2094 ﬁunt.

433 2145 522 2188 rs.
644 2129 964 2201 Tempestas
1028 2145 1254 2201 aspera,
1298 2132 1502 2187 hiemat
1550 2147 1644 2187 aer
1694 2148 1709 2186 :
1770 2130 2008 2202 ingentia

722 2223 935 2292 veSperi
960 2223 1203 2278 tonitrua
1232 2231 1666 2278 commoventur.

1108 2334 1302 2390 XXXI.

1082 2444 1350 2502 JUNIUS.

430 2555 495 2615 Κ.
646 2554 860 2612 Suculae
889 2564 1016 2613 totae
1050 2568 1336 2632 emergunt
1368 2579 1381 2614 :
1418 2558 1619 2616 Auster
1652 2561 1766 2615 ﬂat.

430 2650 503 2704 iv.
642 2651 839 2720 Aquilo
884 2652 1130 2707 exoritur
1175 2671 1189 2707 :
1244 2655 1389 2710 aeris
1445 2662 1767 2725 tempestas,
1810 2663 1866 2710 et
1914 2654 2008 2710 ﬂat

712 2740 1007 2799 Favonius.

429 2834 511 2892 iii.
646 2834 931 2893 Australes
961 2837 1211 2909 procellas
1239 2853 1364 2894 cum
1394 2836 1672 2893 tonitruis.

430 2946 518 2987 ra.
642 2930 844 2986 Auster
874 2931 997 2996 ﬂat,
1032 2940 1085 2987 et
1113 2934 1271 3003 pluit.

429 3018 594 3079 NON.
648 3021 844 3093 Aquilo
877 3024 1129 3079 exoritur
1161 3042 1176 3091 ;
1214 3024 1314 3077 ﬂat
1347 3031 1554 3089 auster,
1589 3029 1643 3079 et
1671 3021 1830 3084 pluit.

430 3116 548 3168 viii.
640 3115 837 3185 Aquilo
868 3115 980 3182 ﬂat,
1010 3123 1063 3171 et
1094 3116 1254 3187 pluit.

430 3207 529 3261 vii.
636 3207 904 3263 Arcturus
933 3210 1132 3264 occidit
1158 3208 1426 3264 matutino
1457 3227 1469 3262 :
1501 3205 1776 3263 Frronius
1806 3204 2002 3277 spirat.

430 3300 505 3353 vi.
651 3299 951 3371 Delphinus
983 3316 1259 3371 emergere
1306 3301 1497 3372 incipit
1534 3321 1547 3354 :
1590 3301 1860 3356 Arcturus
1911 3313 2009 3354 oc-

715 3392 869 3447 cidit.

430 3497 486 3537 v.
648 3480 845 3552 Aquilo
881 3481 995 3548 ﬂat,
1028 3489 1084 3538 et
1116 3483 1328 3539 modice
1356 3484 1517 3556 pluit.

431 3574 507 3630 iv.
633 3573 924 3632 Pluviosus
974 3592 1066 3634 aer
1105 3592 1230 3631 cum
1277 3577 1553 3645 tonitruis,
1611 3582 1667 3632 et
1732 3574 2008 3631 Australis

713 3669 854 3725 dies.

431 3762 514 3819 iii.
644 3760 1039 3819 Turbulentum
1070 3762 1268 3819 coelum
1296 3777 1422 3817 cum
1454 3761 1736 3818 tonitruis.

431 3872 520 3912 ra.
650 3853 924 3910 Favonius
950 3855 1035 3910 vel
1064 3855 1239 3909 Corus
1261 3852 1374 3917 ﬂat,
1400 3859 1456 3908 et
1485 3860 1656 3906 tonat.

431 3948 522 4004 Π).
648 3948 948 4020 Delphinus
985 3947 1214 4019 emergit
1242 3965 1257 4001 :
1291 3945 1490 4000 Auster
1518 3944 1632 4000 ﬂat.

432 4043 597 4111 xviii.
641 4040 862 4099 Orionis
927 4040 1140 4096 humeri
1220 4040 1557 4109 elevantur,
1609 4044 1665 4093 et
1735 4035 2009 4109 principia

712 4135 942 4191 aestatis.

644 4224 953 4282 Obscurum
973 4229 1202 4280 astrum.
1232 4221 1511 4278 Favonius
1538 4226 1592 4276 et
1616 4219 1818 4277 Auster
1846 4218 2003 4276 ﬂant.

644 4319 802 4376 Aeris
837 4326 1131 4389 tempestas
1159 4324 1217 4373 et
1247 4314 1525 4388 Aquilonii
1558 4313 1740 4370 ﬂatus.

430 4225 563 4285 xvii.

430 4322 545 4377 xvi.

431 4427 521 4468 xv.
643 4408 918 4467 Favonius
942 4425 1065 4467 cum
1099 4410 1303 4465 Austro
1333 4409 1526 4479 spirat.
1555 4405 1775 4463 Orionis
1791 4401 2006 4461 humeri

712 4510 997 4575 apparent.

431 4598 542 4653 xiv.
652 4593 747 4652 Sol
778 4598 836 4650 in
864 4596 1097 4651 Cancro.
1126 4592 1295 4650 Orion
1322 4590 1569 4649 exoritur
1592 4589 1880 4645 matutino.

430 4690 549 4747 xiii.
643 4686 843 4742 Auster
878 4693 932 4742 et
952 4685 1224 4743 Favonius
1255 4685 1408 4750 ﬂant,
1436 4683 1574 4755 pluit
1597 4689 1653 4739 et
1682 4688 1859 4738 tonat.

430 4783 530 4839 xii.
640 4779 1021 4852 Serpentarius
1052 4778 1254 4835 occidit
1281 4778 1580 4834 matutino.

431 4877 507 4930 xi.
645 4874 846 4930 Auster
867 4887 992 4928 cum
1016 4871 1286 4942 Aquilone
1311 4870 1506 4941 spirat.

424 4982 488 5024 at.
641 4966 878 5023 Exortus
907 4963 1148 5020 Orionis.

431 5059 507 5113 ix.
642 5056 874 5112 Obscuri
905 5055 1038 5110 astri
1076 5061 1320 5120 exortus,
1359 5059 1415 5110 et
1449 5053 1693 5110 calorum
1738 5052 1999 5109 intentio.

428 5152 526 5205 viii
647 5148 895 5205 Estivus
930 5145 1119 5213 cardo,
1158 5153 1214 5201 et
1260 5153 1641 5202 momentanea
1684 5146 1828 5202 aeris
1876 5158 2008 5215 per-

715 5242 976 5297 turbatio.

430 5333 527 5387 vii.
636 5331 856 5389 Africus
891 5340 946 5389 et
971 5330 1247 5389 Favonius
1273 5331 1438 5387 simul
1464 5331 1700 5402 spirant.

428 5426 506 5479 vi.
648 5422 972 5479 Brevissima
995 5439 1124 5480 nox.
1152 5424 1320 5479 Orion
1342 5427 1607 5479 exoritur.

429 5530 485 5570 v.
654 5514 800 5571 Pluit
828 5515 1058 5586 vesperi.
1088 5514 1257 5571 Canis
1283 5528 1543 5586 apparere
1566 5514 1774 5587 incipit.

431 5604 507 5660 iv.
647 5604 946 5664 Ventorum
974 5604 1284 5664 conﬂictus.

430 5697 514 5755 iii.
654 5699 822 5756 Canis
859 5700 1103 5758 exoritur
1131 5701 1421 5759 matutino.
1463 5698 1613 5759 Zona
1637 5698 1857 5759 Orionis
1896 5714 1995 5772 ap-

719 5798 874 5863 paret
892 5840 896 5844 _

1513 360 1889 420 PTOLEMASI
1904 359 2015 433 ’ΒΕ
2051 358 2536 419 APPARENTIIS.

2036 485 2081 541 Α
2111 495 2196 535 nn.

2112 1005 2188 1061 vi.

2110 1113 2165 1152 ν.

2110 1189 2187 1245 iv.

2112 1374 2191 1429 iii.

2114 1482 2200 1523 PII.

3582 346 3690 406 om

2312 482 2579 536 Arcturus
2625 479 2829 535 occidit
2872 476 3163 540 matutino,
3198 481 3255 529 et
3299 467 3442 526 aeris
3486 467 3687 522 intem-

2393 589 2590 643 penes.

2811 682 2954 739 XXX
2969 725 2982 737 .

2765 793 3025 852 IULIUS.

2327 912 2434 983 57
2465 911 2571 968 Aer
2609 911 2678 967 ab
2708 910 2978 982 Aquilone
3005 907 3383 963 conturbatur.

2327 1006 2634 1060 Obscurum
2662 1013 2868 1059 astrum
2891 1021 2903 1056 :
2925 1002 3124 1056 Auster
3150 998 3262 1060 ﬂat,
3282 996 3368 1052 vel
3384 992 3681 1066 Favonius.

2328 1095 2591 1151 Austrina
2626 1095 2767 1158 dies,
2801 1102 2856 1150 et
2883 1091 3229 1148 conturbatio
3256 1088 3419 1142 aeris.

2332 1187 2499 1243 Orion
2545 1190 2829 1256 exoritur,
2870 1185 3095 1241 Ciconia
3135 1182 3372 1246 occidit,
3418 1187 3472 1236 et
3507 1179 3684 1235 Favo-

2392 1282 2518 1337 nius
2547 1283 2723 1352 spirat

2329 1373 2563 1429 Medium
2589 1375 2786 1430 Cancri
2814 1379 3079 1430 exoritur.

2313 1467 2512 1523 Etesiae
2546 1467 2702 1531 ﬂant,
2736 1474 2938 1522 etcum
2966 1464 3168 1519 Austro
3201 1459 3522 1532 Aquilones.

2111 1555 2272 1612 NON.
2319 1556 2535 1613 Corona
2573 1557 2776 1613 occidit
2805 1555 3074 1611 matutino
3110 1570 3123 1604 :
3156 1550 3250 1605 ﬂat
3280 1555 3498 1603 Auster.

2111 1648 2228 1702 viii.

2041 1829 2086 1885 Β
2113 1828 2203 1882 vii.

2111 1919 2186 1974 vi.

2108 2028 2165 2076 Vg

2111 2120 2187 2159 IV.

2111 2394 2194 2431 PR.

2109 2468 2198 2524 ID.

2330 1648 2578 1718 Cepheus
2619 1648 2886 1711 exoritur,
2915 1654 2969 1701 et
2997 1643 3256 1699 Austrina
3290 1640 3434 1694 aeris
3467 1641 3683 1708 pertur-

2392 1741 2560 1797 batio.

2323 1829 2492 1886 Orion
2525 1838 2674 1888 totus
2701 1830 2947 1902 emergit.
2976 1831 3175 1886 Auster
3202 1828 3313 1881 ﬂat.

2310 1920 2626 1977 Etesiarum
2658 1924 2934 1994 prodromi
2964 1923 3124 1977 ﬂatus
3148 1923 3378 1992 spirant.

2326 2014 2530 2071 Imbres
2559 2030 2683 2070 cum
2714 2016 3030 2082 tonitribus,
3061 2013 3155 2069 ﬂat
3183 2014 3402 2085 Aquilo.

2298 2105 2467 2161 Orion
2500 2115 2651 2164 totus
2675 2109 2852 2163 oritur
2881 2109 3171 2172 matutino,
3196 2117 3248 2162 et
3278 2106 3558 2177 prodromi
3588 2105 3678 2162 in-

2390 2200 2673 2256 valescunt
2698 2200 2883 2258 ﬂatus.

2324 2288 2543 2345 Africus
2572 2291 2665 2345 ﬂat
2698 2292 3066 2348 turbulentus.

2320 2381 2517 2451 Aquilo
2544 2381 2658 2436 ﬂat.

2324 2471 2583 2529 Canicula
2618 2476 2880 2532 exoritur.
2916 2475 3113 2532 Etesia:
3142 2475 3505 2531 invalescunt.

2109 2562 2258 2617 xviii.
2325 2562 2492 2620 Orion
2530 2568 2793 2635 exoritur,
2821 2575 2877 2623 et
2907 2569 3179 2624 violentus
3204 2568 3296 2622 ﬂat
3319 2567 3539 2638 Aquilo.

2107 2659 2218 2713 xvi.

2107 2855 2197 2895 XV.

2109 3116 2219 3172 xiv.

2033 3165 2079 3224 C

2110 3299 2229 3357 xiii.

2111 3391 2206 3447 xii.

2107 3575 2184 3630 xi.

2108 3851 2184 3909 ix.

2106 4036 2219 4092 viii.

2106 4221 2199 4277 vii.

2107 4411 2181 4469 vi.

2029 4512 2164 4577 ην.

2106 4616 2182 4656 ιν.

2105 4982 2192 5022 PR.

2106 5516 2180 5572 iv.

2106 5608 2189 5663 iii.

2104 5716 2170 5759 PR
2179 5743 2191 5757 .

2315 2657 2550 2715 IEstatis
2579 2660 2890 2724 dimidium,
2918 2670 2973 2716 et
2993 2661 3109 2716 dies
3134 2659 3420 2730 Aquilonis
3449 2658 3577 2712 ﬂatu
3609 2657 3686 2712 al-

2388 2753 2620 2822 gentior.

2322 2833 2600 2896 Favonius
2629 2849 2683 2897 et
2713 2840 2985 2896 interdum
3019 2839 3218 2898 Auster
3252 2842 3485 2914 spirant.
3515 2842 3683 2900 Canis

2386 2935 2561 2989 oritur
2591 2937 2881 2998 matutino.
2934 2942 2989 2988 et
3032 2937 3218 2990 etesia;
3265 2938 3501 3005 amplius
3529 2937 3683 2992 inva-

2385 3027 2618 3083 lescunt.

2327 3116 2498 3173 Orion
2529 3119 2794 3174 exoritur.
2824 3117 2999 3176 Corus
3030 3118 3144 3186 ﬂat,
3175 3126 3434 3192 totusque
3459 3130 3683 3193 apparet

2391 3211 2582 3268 Orion.
2743 3229 2755 3241 ο
3272 3284 3275 3287 b
3616 3264 3617 3267 η

2326 3299 2417 3356 Sol
2442 3302 2495 3356 in
2524 3301 2726 3359 Leone.
2742 3301 2920 3359 Corus
2941 3304 3132 3374 spirat,
3156 3311 3210 3358 et
3224 3302 3391 3361 Canis
3416 3306 3681 3364 exoritur.

2323 3390 2519 3450 Etesiae
2548 3407 2673 3449 cum
2717 3392 2839 3449 aliis
2866 3394 3045 3449 ventis
3076 3407 3172 3462 per
3202 3408 3373 3449 unum
3401 3402 3457 3451 et
3489 3395 3682 3467 viginti

2388 3484 2521 3540 ﬂant
2543 3488 2680 3542 dies.

2313 3576 2596 3635 Prodromi
2628 3581 2789 3639 ﬂatus
2820 3584 2928 3639 late
2956 3586 3189 3657 spirant.

2309 3667 2518 3725 Cancer
2551 3680 2700 3729 totus
2732 3690 2857 3730 cum
2878 3658 3068 3733 Leone
3099 3678 3368 3744 exoritur,
3398 3684 3454 3734 et
3483 3676 3681 3749 Aquila

2390 3762 2614 3820 occidit.

2320 3852 2430 3912 Leo
2465 3874 2588 3913 cum
2619 3856 2746 3917 Sole
2775 3862 3022 3918 exoritur
3055 3871 3110 3920 et
3139 3862 3305 3921 Cane.
3339 3864 3551 3920 Cancer
3580 3862 3677 3918 de-

2389 3950 2625 4009 scendit.

2324 4039 2536 4098 Gemini
2587 4045 2836 4102 occidere
2884 4047 3177 4118 incipiunt.
3220 4049 3387 4107 Canis
3428 4056 3678 4126 emergit,

2390 4141 2443 4189 et
2471 4133 2718 4191 Austrini
2750 4144 2879 4193 sunt
2906 4139 3089 4195 ﬂatus.

2309 4224 2497 4296 Caligo
2523 4242 2776 4287 arenosa.
2803 4230 2999 4301 Aquila
3029 4232 3250 4299 occidit,
3276 4232 3387 4291 Leo
3408 4238 3675 4301 exoritur,

2387 4318 2481 4373 ﬂat
2510 4321 2732 4378 Auster.

2317 4413 2656 4472 Canicularis
2687 4423 2874 4473 aestus.

2322 4503 2683 4562 Vehementes
2702 4508 2933 4563 calores.
2957 4506 3153 4565 Etesize
3174 4509 3420 4566 valenter
3444 4511 3676 4584 spirant.

2319 4599 2526 4656 Lucida
2583 4600 2739 4656 stella
2795 4601 2848 4655 in
2890 4599 3089 4658 Leonis
3144 4609 3367 4673 pectore
3409 4606 3672 4667 exoritur.

2383 4693 2584 4763 Aquilo
2614 4692 2825 4764 gelidus
2852 4700 3080 4764 propter
3106 4701 3322 4751 estum.

2309 4784 2667 4841 Autumnales
2685 4784 2897 4841 fructus
2915 4800 3179 4858 apparere
3201 4789 3486 4860 incipiunt.
3504 4790 3676 4865 Aqui-

2386 4874 2436 4928 la
2461 4874 2664 4929 occidit
2694 4876 2981 4942 matutino,
3012 4891 3214 4949 aerque
3242 4878 3496 4938 turbidus
3523 4879 3605 4938 ﬁt.

2276 4964 2281 4969 ’
2315 4965 2519 5023 Auster
2548 4981 2674 5022 cum
2707 4966 2897 5023 Africo
2928 4969 3092 5026 simul
3121 4971 3351 5042 spirant.

2792 5100 2987 5157 XXXI.

2688 5214 3083 5273 AUGUSTUS.

2320 5332 2518 5405 Aquila
2553 5330 2754 5389 occidit
2782 5332 3072 5396 matutino,
3109 5329 3203 5387 ﬂat
3242 5329 3484 5401 Μήδας,
3514 5346 3678 5391 aren-

2387 5433 2470 5481 tes
2504 5432 2632 5480 sunt
2649 5434 2838 5479 aestus.

2325 5515 2522 5585 Aquila
2550 5516 2775 5578 occidit.
2807 5530 2901 5571 aer
2927 5514 3240 5572 Austrinus.

2317 5608 2578 5664 Austrina
2606 5607 2746 5664 dies.

2313 5700 2514 5757 Leonis
2536 5699 2777 5755 medium
2806 5700 3072 5757 exoritur.
3092 5698 3268 5756 Arbor
3296 5698 3353 5754 in
3376 5699 3481 5755 hoc
3506 5698 3679 5756 biduo

2388 5801 2630 5865 apparet.
2654 5794 2854 5851 Auster
2880 5793 3166 5851 nimbosus
3186 5793 3535 5851 vehementer
3559 5790 3675 5851 ﬂat.
