4132 6446
448 350 554 411 ενι
1445 352 1539 406 AD
1574 350 1850 408 EUSEBII
1882 349 2276 407 CHRONICON
2316 351 2676 409 APPENDIX.
3619 359 3725 416 9η

448 467 610 528 NON.
657 469 875 524 Corona
930 468 1155 526 occidit.
1213 467 1414 525 Leonis
1464 471 1704 526 medium
1766 472 2029 534 exoritur,
2060 476 2109 532 Α
2138 472 2210 525 iv.
2342 473 2610 527 Arcturus
2636 458 2906 529 exoritur.

730 563 1022 618 vehemens
1049 561 1143 616 ﬁat
1193 562 1414 629 Auster,
1438 570 1493 617 et
1523 561 1697 619 Grues
1740 570 2027 636 apparent.
2136 561 2217 617 iii.
2341 563 2575 619 Arcturo
2603 565 2884 620 exoriente
2909 560 3114 616 imbres
3135 560 3360 619 cadunt.

448 653 567 709 viii.
663 650 916 715 Fidicula
944 652 1309 708 contrahitur.
1341 650 1602 708 Austrina
1633 654 1749 708 dies
1771 662 2030 709 aestuosa.
2136 668 2220 709 es.
2352 653 2603 725 Vergilize
2631 671 2755 709 cum
2783 655 2937 725 Equo
2960 654 3309 710 exoriuntur.

447 746 544 801 vii.
654 743 876 801 Orionis
900 745 1139 801 medium
1161 746 1493 811 occultatur,
1515 754 1570 801 et
1588 746 1707 802 dies
1739 748 1807 801 ab
1832 748 2033 803 Austro
2135 744 2222 799 ID.
2350 745 2685 803 Hirundines
2708 763 2819 803 non
2839 746 3098 803 videntur
3134 764 3149 800 :
3195 745 3426 817 Capella
3449 748 3721 820 exoritur,

731 837 1085 907 caliginosus,
1116 844 1169 891 et
1194 844 1490 892 aestuosus.
2415 847 2470 894 et
2494 842 2652 911 pluit.

449 927 524 983 vi.
667 925 779 983 Leo
813 929 1078 993 exoritur,
1106 938 1272 984 aestus
1306 928 1688 991 intolerabilis,
1732 928 2032 984 nebulosus
2135 929 2245 983 xvi.
2347 928 2903 997 Duodecatemorion,
2940 932 2994 988 id
3025 940 3131 999 est,
3161 948 3239 988 xn
3267 932 3448 1004 portio
3472 936 3723 991 autumni

732 1034 827 1074 aer
853 1038 867 1074 :
899 1018 1118 1074 Orionis
1146 1020 1393 1074 exoritur
1416 1020 1678 1075 medium.
2419 1023 2630 1093 incipit.

454 1125 504 1164 ν.
662 1107 966 1165 Obscurum
1015 1120 1244 1166 astrum.
1297 1109 1611 1180 Septentrio
1658 1112 1795 1168 lenis
1838 1112 2030 1183 spirat,
2136 1132 2224 1171 xv.
2341 1113 2619 1171 Favonius
2641 1115 2748 1171 late
2773 1116 2944 1187 spirat
2966 1131 3092 1171 cum
3121 1115 3328 1171 Africo.

729 1209 896 1255 aestus
935 1201 1254 1258 mediocris.
2136 1210 2245 1263 xiv.
2342 1207 2522 1264 Piscis
2554 1210 2823 1274 exoritur,
2847 1218 2902 1263 et
2929 1208 3244 1279 Septentrio
3270 1209 3442 1279 ponit.

450 1292 523 1348 iv.
668 1290 905 1350 Lunaris
930 1294 1178 1351 defectus
1201 1296 1257 1348 in
1294 1295 1433 1350 hanc
1466 1295 1608 1351 diem
1634 1296 1918 1353 incurrere
1942 1312 2033 1353 so-
2133 1301 2251 1356 xiii.
2348 1298 2443 1355 Sol
2486 1302 2541 1355 in
2572 1299 2736 1356 Libra
2766 1320 2779 1355 :
2811 1301 3006 1356 Crater
3032 1309 3257 1371 apparet
3302 1320 3316 1355 :
3352 1302 3574 1358 Arcturi
3612 1316 3725 1360 me-

730 1384 825 1440 Iet.
869 1385 1072 1441 Auster
1111 1392 1168 1441 et
1205 1386 1404 1456 Aquilo
1444 1386 1680 1457 spirant,
1730 1395 1785 1443 et
1818 1389 2033 1444 calores
2414 1390 2565 1445 dium
2596 1391 2843 1445 cernitur
2874 1392 3167 1447 matutino.

728 1486 859 1533 sunt
884 1476 1163 1548 ingentes.
2132 1481 2232 1537 xii.
2341 1481 2578 1536 Arcturo
2608 1484 2895 1538 exoriente
2919 1483 3122 1537 imbres
3147 1483 3356 1553 copiosi
3385 1485 3612 1540 cadunt.

449 1567 530 1622 iii.
675 1565 923 1624 Fidicula
977 1569 1180 1623 occidit
1240 1569 1534 1626 matutino.
1583 1568 1893 1626 Autumnus
1940 1571 2029 1625 in-
2132 1574 2208 1629 xi.
2343 1573 2755 1645 Equinoctium
2779 1576 3116 1637 autumnale,
3141 1584 3194 1630 et
3223 1575 3409 1631 Pisces
3438 1578 3717 1633 occidunt.

727 1661 913 1716 choat.
942 1660 1243 1717 Ventorum
1266 1677 1572 1717 concursus
1603 1660 1683 1716 ﬁt.
2131 1682 2189 1720 x.
2349 1667 2494 1739 Argo
2524 1667 2812 1723 descendit
2846 1687 2858 1722 :
2899 1668 3131 1738 pluviosi
3163 1668 3308 1721 aeris
3345 1670 3713 1725 conturbatio.

448 1768 533 1808 en.
664 1749 967 1810 Ventorum
995 1752 1288 1809 conﬂictus
1317 1761 1371 1809 et
1401 1769 1606 1825 pugna.
2058 1816 2100 1828 _
2132 1761 2208 1812 ix.
2348 1755 2537 1814 Pisces
2584 1758 2849 1813 occidunt
2900 1776 2915 1813 :
2964 1758 3241 1813 Austrina:
3303 1756 3439 1812 ﬁunt
3486 1759 3719 1828 pluviae:

448 1843 537 1900 ID.
672 1843 976 1916 Delphinus
1006 1860 1132 1900 cum
1165 1845 1376 1915 Lepore
1414 1845 1638 1899 occidit.
2058 1816 2102 1871 Β
2406 1851 2549 1906 aeris
2588 1858 2991 1922 ventorumque
3034 1851 3485 1907 conturbationes
3510 1859 3566 1907 et
3595 1868 3715 1907 ma-

446 1937 560 1992 xix.
667 1934 917 1992 Estuosi
951 1944 1006 1992 et
1037 1937 1353 2006 squalentes
1381 1936 1615 1991 calores.
2408 1940 2488 1994 ris
2520 1947 2899 2010 tempestates.

446 2027 603 2085 xviii.
665 2027 975 2085 Obscurum
1007 2037 1250 2093 astrum,
1289 2034 1345 2083 et
1370 2025 1650 2083 Favonius
1680 2041 1806 2083 cum
1829 2033 2029 2083 austro
2128 2029 2247 2085 viii.
2340 2029 2579 2085 Lunaris
2601 2030 2852 2086 defectus
2887 2032 2942 2085 in
2971 2029 3113 2085 hanc
3138 2030 3554 2087 ineurritdiem.
3578 2030 3722 2087 Cen-

730 2122 928 2192 spirat.
2409 2129 2604 2178 taurus
2633 2123 2899 2178 exoritur.

446 2213 584 2269 xvii.
671 2212 974 2284 Delphinus
995 2212 1198 2269 occidit
1220 2211 1511 2267 matutino.
2129 2213 2226 2269 vii.
2333 2211 2643 2268 Nebulosus
2672 2228 2765 2269 aer
2784 2220 2839 2268 et
2863 2212 3215 2268 turbulentus
3243 2213 3481 2269 exsistit.

446 2306 566 2364 xvi.
668 2306 934 2361 Autumni
960 2307 1201 2361 initium.
2128 2304 2206 2360 vi.
2347 2302 2501 2359 Haedi
2541 2305 2915 2360 exoriuntur:
2950 2312 3005 2359 et
3034 2304 3235 2359 Auster
3275 2305 3567 2359 vehemens
3602 2303 3717 2359 ﬁat.

452 2413 544 2453 xv.
671 2395 919 2454 Fidicula
950 2397 1174 2463 occidit,
1201 2405 1258 2453 et
1286 2396 1381 2452 ﬁat
1414 2396 1634 2468 Aquilo.
2129 2413 2184 2454 v.
2350 2395 2518 2468 Virgo
2547 2397 2764 2452 desistit
2807 2411 3104 2467 emergere.
3143 2394 3394 2467 Vergiliae
3448 2397 3718 2449 matutino
3762 2460 3771 2467 Ι

450 2489 563 2544 xiv.
663 2487 964 2559 Delphinus
999 2489 1329 2555 occultatur,
1371 2488 1666 2545 mediocris
1698 2493 1886 2544 aestus.
2411 2497 2467 2544 et
2498 2488 2714 2558 vesperi
2747 2496 3010 2558 apparent
3038 2506 3050 2541 :
3087 2486 3233 2540 Haedi
3267 2502 3389 2541 cum
3434 2484 3559 2541 Sole
3588 2501 3719 2541 exo-

448 2580 570 2635 xiii.
669 2576 920 2634 Fidicula
967 2570 1169 2635 occidit
1215 2580 1501 2634 matutino.
1557 2577 1652 2633 Sol
1696 2578 1755 2633 in
1786 2575 2029 2649 Virgine.
2409 2579 2631 2633 riuntur
2666 2596 2681 2633 :
2713 2585 3001 2633 ventorum
3044 2585 3097 2631 et
3132 2578 3301 2633 maris
3334 2577 3585 2647 procellae
3623 2593 3720 2632 va-

728 2671 931 2728 Auster
958 2670 1075 2736 ﬁat,
1114 2672 1277 2742 pluit,
1311 2677 1368 2726 et
1401 2677 1577 2726 tonat.
2411 2668 2536 2723 lidie
2564 2667 2722 2723 ﬁunt.

447 2760 547 2817 xii.
666 2759 760 2817 Sol
789 2763 847 2817 in
874 2769 989 2818 tota
1015 2760 1256 2834 Virgine.
2131 2762 2205 2817 iv.
2350 2760 2555 2817 Auster
2577 2761 2871 2817 vehemens
2901 2759 2995 2815 ﬁat
3028 2780 3041 2815 :
3083 2767 3432 2831 tempestates
3458 2760 3717 2816 horridae.

447 2854 531 2907 xi.
671 2852 841 2924 Virgo
864 2854 1129 2910 exoritur.
2131 2853 2212 2909 iii.
2348 2851 2595 2924 Vergiliae
2649 2853 2921 2907 matutino
2972 2861 3314 2920 cernuntur,
3378 2859 3435 2907 et
3496 2851 3719 2921 pluvius

446 2957 507 2998 x.
674 2941 984 3015 Septentrio
1015 2944 1154 3001 lenis
1188 2945 1385 3015 spirat,
1418 2952 1531 3000 tota
1568 2945 1816 3001 exoritur
1839 2943 2027 3017 Virgo,
2410 2943 2504 2998 ﬁat
2533 2943 2752 3000 Auster.

732 3035 878 3091 aeris
910 3049 996 3092 est
1026 3036 1318 3093 serenitas.
2131 3049 2219 3093 ea.
2343 3034 2562 3105 Capella
2608 3035 2839 3107 emergit
2883 3050 3055 3108 usque
3083 3036 3152 3093 ad
3175 3035 3548 3108 vespertinum
3579 3033 3714 3090 Ver-

451 3124 528 3180 ix.
664 3119 830 3198 Virgo
858 3126 1124 3182 exoritur.
1154 3128 1355 3199 Aquilo
1383 3127 1498 3184 ﬁat.
2055 3158 2100 3217 ο
2413 3128 2667 3200 giliarum
2701 3144 2997 3207 occasum.

448 3215 566 3272 viii.
672 3215 873 3273 Etesiae
893 3224 1125 3288 ponunt.
1148 3219 1349 3290 Aquilo
1372 3219 1623 3292 frigidior
1646 3220 1780 3278 ﬂare
1808 3222 2023 3294 incipit.
2069 3215 2098 3217 ’⁷
2825 3218 2995 3298 xxx,

448 3309 542 3363 vii.
664 3307 965 3381 Delphinus
1004 3312 1269 3378 exoritur,
1297 3320 1352 3369 et
1374 3313 1576 3370 Auster
1607 3314 1719 3370 ﬁat.

447 3400 522 3455 vi.
670 3376 1046 3459 Vindemiator
1072 3376 1323 3475 emergit.
1346 3404 1546 3460 Auster
1568 3413 1623 3461 et
1655 3403 1928 3463 Favonius
1954 3406 2030 3462 si-
2743 3376 3087 3433 OCTOBER-

733 3494 858 3548 mul'
874 3493 1028 3550 ﬁant.
2129 3487 2195 3543 K.
2349 3487 2597 3562 Vergilite
2626 3491 2683 3545 in
2713 3492 2926 3547 oriente
2956 3506 3220 3562 apparere
3249 3489 3519 3562 incipiunt
3556 3507 3568 3543 :
3598 3490 3716 3543 Au.

449 3598 505 3637 v.
683 3580 851 3655 Virgo
877 3600 1146 3657 apparere
1175 3588 1386 3660 incipit.
2418 3595 2536 3639 stet
2568 3582 2663 3639 ﬁat
2695 3585 2984 3639 matutino.

451 3673 525 3727 iv.
668 3670 947 3731 Favonius
976 3678 1115 3734 lenis
1147 3680 1342 3749 spirat.
2132 3670 2206 3727 iv.
2336 3672 2502 3728 Iidem
2521 3672 2768 3729 Austrini
2786 3672 2978 3729 ﬂatus:
3002 3681 3056 3729 et
3076 3672 3438 3746 Vergiliarum
3464 3681 3711 3729 exortus.

449 3764 531 3817 iii.
670 3762 841 3835 Virgo
872 3769 1139 3833 exoritur,
1161 3769 1437 3829 Favonius
1459 3771 1694 3828 molliter
1727 3769 1851 3828 ﬂat.
2132 3760 2212 3817 iii.
2341 3762 2689 3830 Heniochus,
2753 3764 2809 3818 id
2855 3772 2942 3820 est
2997 3765 3202 3837 Auriga
3255 3766 3487 3832 occidit.
3535 3773 3589 3819 et
3643 3764 3719 3819 ab

451 3869 541 3909 ea.
676 3854 1023 3914 Andromeda
1055 3861 1322 3918 exoritur.

1248 3877 1322 3918 tr.
2410 3853 2679 3924 Aquilone
2708 3862 2880 3910 tonat.

1145 3970 1339 4029 χχχι,
2129 3957 2217 3997 ea.
2350 3941 2507 3999 Haedi
2528 3945 2876 4013 exoriuntur,
2908 3953 2963 4003 et
2988 3948 3146 4017 pluit.

2127 4035 2290 4093 NON.
2331 4036 2548 4093 Corona
2571 4041 2821 4111 emergit,
2854 4048 2909 4096 et
2935 4041 3224 4097 conversio
3248 4027 3333 4096 est
3361 4042 3596 4096 aestatis.

1016 4107 1463 4180 .SEPTEMBER~
2127 4129 2243 4183 viii.
2338 4129 2540 4185 Arietis
2580 4107 2821 4186 medium
2856 4133 3058 4188 occidit
3088 4149 3211 4187 cum
3246 4132 3568 4205 Scorpioue.

450 4220 519 4278 Κ.
670 4220 1018 4279 Andromeda
1060 4223 1325 4285 exoritur.
1366 4223 1570 4279 imbres
1603 4236 1731 4278 cum
1766 4220 2026 4278 tonitruis
2126 4219 2222 4273 vii.
2339 4219 2565 4287 Eadem,
2600 4238 2722 4291 qua:
2750 4223 2928 4294 prior,
2967 4225 3321 4294 signiﬁcatio.

733 4313 892 4381 ﬁunt,
928 4313 1022 4371 ua;
1059 4315 1366 4374 vuum-nus
1422 4334 1434 4370 ε
1478 4318 1851 4374 inconstantes
1899 4325 2030 4372 sum,
2126 4309 2200 4363 vi.
2333 4311 2547 4366 Corona
2565 4327 2690 4367 cum
2714 4312 2900 4368 Haedis
2921 4317 3708 4371 exoriturzaerconturbatur.

729 4408 898 4463 venti.
1884 4408 1891 4416 '
2126 4420 2181 4459 v.
2340 4403 2491 4460 Haedi
2516 4421 2641 4461 cum
2667 4405 2923 4476 Vergiliis
2949 4416 3256 4478 emergunt,
3279 4418 3333 4463 et
3353 4410 3444 4463 ﬂat
3470 4409 3707 4466 Africus.

448 4495 526 4553 vi.
664 4499 936 4556 Australis
965 4498 1141 4556 Piscis
1168 4515 1280 4556 non
1302 4498 1536 4571 amplius
1561 4499 1889 4557 occultatur.
2058 4519 2101 4575 ι)
2128 4496 2202 4550 iv.
2347 4495 2508 4552 Libra
2540 4498 2675 4553 oriri
2710 4498 2922 4567 incipit,
2953 4496 3227 4554 Favonius
3255 4501 3443 4569 spirat.

447 4603 506 4647 v.
668 4589 846 4647 Tonat
877 4601 932 4647 et
963 4594 1122 4663 pluit.
2129 4589 2207 4643 iii.
2354 4589 2571 4645 Corona
2597 4591 2844 4645 exoritur
2870 4593 3336 4647 matutino:venti
3367 4602 3712 4650 commutan-

449 4681 526 4737 iv.
667 4682 938 4740 Arcturus
980 4699 1106 4739 cum
1147 4681 1551 4740 Vindemialore
1584 4685 1830 4740 exoritur
1859 4700 1874 4738 :
1910 4682 2028 4737 Ma-
2427 4692 2541 4747 tur,
2577 4698 2883 4753 asperaque
2915 4683 2970 4738 in
3001 4686 3139 4739 mari
3168 4684 3224 4738 ﬁt
3252 4686 3451 4741 hiems.

732 4774 819 4829 lus
847 4776 1175 4831 occultatur.
2128 4788 2213 4827 pa.
2348 4770 2599 4843 Vergiliae
2623 4773 2967 4835 exoriuntur,
2999 4782 3052 4827 et
3074 4773 3166 4827 ﬁat
3187 4776 3405 4829 Auster.

450 4862 532 4921 iii.
661 4864 914 4921 Mercurii
936 4867 1293 4923 domicilium.
1318 4865 1590 4923 Favonius
1615 4869 1791 4938 Spirat
1827 4888 1839 4922 :
1873 4876 1929 4923 et
1960 4882 2024 4923 ex
2127 4863 2214 4917 ID.
2342 4863 2560 4919 Corona
2605 4864 2835 4933 emergit
2876 4882 2891 4920 :
2941 4865 3085 4921 acris
3126 4866 3502 4931 commutatio,
3542 4874 3597 4921 et
3632 4875 3711 4921 tu-

732 4965 1020 5010 venturum
1050 4957 1415 5011 inconstantia
1447 4956 1649 5013 imbres
1676 4957 1894 5011 cadunt.
2412 4954 2620 5010 multus
2640 4953 2717 5007 ﬁt.
3737 4962 3743 4969 ί

451 5059 538 5099 en.
659 5044 846 5116 Equus
879 5047 1146 5103 exoritur.
2127 5044 2241 5100 xix.
2341 5042 2539 5114 Aquilo
2569 5045 2870 5102 immensus
2900 5045 3012 5100 ﬁat.

450 5135 611 5193 NON.
645 5136 758 5209 58
796 5136 1018 5209 Capella
1064 5137 1291 5209 emergit
1334 5155 1347 5190 :
1379 5137 1597 5196 Africus
1639 5137 1732 5192 ﬁat
1767 5138 2024 5209 vesperi,
2129 5136 2283 5190 xviii.
2345 5138 2607 5191 Autumni
2637 5138 2901 5204 medium,
2935 5148 2987 5194 et
3016 5137 3218 5194 Auster
3240 5138 3353 5194 ﬁat.

730 5235 785 5284 et
816 5217 993 5299 pluitf
2128 5229 2260 5283 xvii.
2336 5227 2500 5283 Orion
2528 5230 2777 5300 emergit,
2802 5240 2857 5285 et
2881 5231 3194 5285 rorulentus
3224 5239 3309 5285 est
3343 5247 3456 5287 aer.

450 5319 567 5376 viii.
674 5319 945 5376 Arcturus
986 5328 1209 5391 apparet
1240 5336 1254 5372 :
1290 5319 1384 5376 ﬁat
1410 5322 1629 5393 Aquilo,
1662 5330 1718 5377 et
1750 5320 2027 5382 interdum
2129 5321 2240 5375 xvi.
2342 5321 2564 5386 Eadem,
2598 5337 2720 5392 qua:
2745 5323 2918 5393 prior,
2951 5323 3301 5394 signiﬁcatio.

733 5422 905 5468 tonat.
2129 5429 2220 5468 xv.
2344 5412 2544 5468 Tristis
2562 5421 2616 5468 et
2639 5414 2861 5469 nubilus
2896 5414 3035 5469 dies.

450 5501 548 5557 vii.
670 5503 913 5575 Virginis
950 5503 1191 5561 medium
1231 5504 1493 5563 exoritur.
1536 5503 1811 5564 Favonius
1855 5505 2029 5578 spirat
2128 5507 2240 5560 xiv.
2342 5502 2438 5560 Sol
2464 5507 2521 5559 in
2555 5502 2886 5577 Scorpione.
2917 5513 2971 5561 et
2996 5503 3273 5563 Favonius
3299 5507 3491 5578 spirat.

735 5608 863 5649 cum
888 5593 1096 5650 Africo.
2130 5598 2247 5652 xiii.
2347 5594 2600 5668 Vergiliae
2630 5598 2891 5653 occidunt
2915 5617 2926 5652 :
2953 5599 3204 5668 aerisque
3231 5608 3317 5655 est
3336 5596 3714 5660 conturbatio.

453 5682 530 5738 vi.
665 5683 811 5741 Idem
832 5687 975 5742 aeris
995 5694 1195 5744 status.
1866 5730 1875 5741 .
2131 5688 2228 5747 xii.
2341 5688 2573 5755 Eadem,
2600 5705 2725 5764 qua:
2769 5690 2947 5762 prior,
2991 5691 3356 5764 signiﬁcatio,
3406 5691 3503 5749 sed
3538 5693 3712 5748 etiam

456 5790 508 5831 v.
663 5776 813 5833 Idem
832 5782 979 5838 aeris
1003 5786 1200 5836 status.
1741 5812 1764 5824 ··
1784 5809 1830 5861 ⁴,

934 5782 979 5835 is
1003 5786 1200 5836 status.
1741 5812 1764 5824 --
1784 5809 1830 5861 ο.
2411 5782 2566 5851 pluit.
