4132 6408
365 389 468 446 93⁸1

1086 383 1402 444 ACHILLIS
1438 383 1621 439 TATII
1661 381 1956 438 ISAGOGE
1991 379 2084 434 AD
2119 379 2332 436 ARATI
2371 377 2840 439 ΡΠΑΞΝΟΜΕΝᾹ.

3477 391 3582 447 958

359 483 576 552 ἔσπειρε
622 481 678 534 δέ
726 498 778 534 τι
824 480 919 536 καὶ
965 479 1090 549 scapi
1114 477 1221 531 τῶν
1262 477 1431 538 ὅλων,
1497 477 1588 528 καὶ
1638 477 1764 546 περὶ
1814 473 1923 527 τῶν

2028 472 2346 527 tumultibus
2383 473 2600 529 assidue
2623 475 2993 544 jactabantur,
3041 476 3109 532 ad
3140 476 3243 533 hoc
3277 485 3583 550 argumenti

361 575 574 645 ἄστρων
606 572 746 638 τινὰ,
774 572 975 641 λέγων·
1026 570 1154 641 περὶ
1196 569 1294 640 μὲν
1325 568 1432 620 τῶν
1463 567 1617 631 ὅλων,
1669 568 1743 630 ὡς
1790 567 1916 620 ὅταν

362 665 492 735 λέγῃ
510 682 523 694 ’
950 661 956 665 ’

377 865 654 918 Ὠκεανόν
685 881 749 918 τε
778 863 926 918 θεῶν
957 864 1214 933 γένεσιν,
1247 863 1344 933 καὶ
1375 862 1601 931 μητέρα
1637 865 1845 933 Τηθύν.

375 935 477 988 Ἐν
517 934 634 1004 μὲν
667 934 842 1004 γαῖαν
871 932 1097 1000 ἔτευξε,
1135 934 1204 987 ἐν
1230 932 1280 986 δ’
1309 933 1605 1074 οὐρανὸῖἆ
1618 934 1688 984 ἐν
1719 932 1784 984 δὲ
1818 932 1921 987 θά-

1611 1018 1844 1057 ιισσιινο

365 1095 459 1149 καὶ
492 1094 653 1149 πάλιν
675 1111 691 1125 ο

378 1207 538 1261 Ἀλλ’
572 1207 740 1277 ὑμεῖς
757 1207 875 1276 μὲν
900 1206 1119 1273 πάντες
1139 1205 1292 1274 ὕδωρ
1315 1206 1412 1260 καὶ
1452 1206 1589 1276 γαῖα
1615 1207 1885 1275 γένοισθε
1904 1223 1920 1236 ο

341 1348 344 1352 ’
366 1321 493 1394 περὶ
515 1322 572 1375 δὲ
593 1323 810 1393 ἄστρων
831 1339 844 1352 ’

365 1435 667 1502 Πληϊάδας
694 1439 742 1490 τ’
766 1436 1069 1505 ἐσορῶντι,
1103 1436 1203 1491 καὶ
1233 1435 1347 1504 ὀψέ
1377 1435 1597 1489 δύοντα
1629 1434 1886 1502 Βοώτην,

369 1507 612 1574 Ἄρκτον
635 1507 704 1568 θ’,
725 1506 804 1574 ἣν
824 1507 921 1560 καὶ
934 1506 1204 1576 ’Ἄμαξαν
1233 1507 1556 1572 ἐπίκλησιν
1575 1505 1920 1570 καλέουσιν,

376 1576 602 1646 Ἠέλιόν
625 1581 674 1629 τ’
696 1578 1022 1646 ἀκάμαντα,
1053 1576 1325 1644 σελήνην
1347 1593 1407 1629 τε
1434 1576 1814 1644 πλήθουσαν,

379 1646 472 1699 Ἐν
493 1645 559 1699 δέ
603 1663 668 1700 τε
699 1644 887 1716 teipse:
922 1648 1142 1710 πάντα,
1181 1646 1254 1699 τά
1293 1646 1341 1699 τ’
1382 1647 1638 1716 οὐρανός,
1669 1644 1923 1713 ἐστεφά-

362 1785 666 1853 Πληϊὰδας
691 1790 739 1841 θ’
771 1787 975 1853 Ὑάδας
1007 1805 1090 1852 τε,
1117 1787 1186 1839 τό
1212 1804 1276 1839 τε
1306 1784 1521 1851 σθένος

2021 579 2190 633 genus
2212 563 2410 633 adjecit
2436 565 2697 619 animum.
2721 566 3038 637 Quanquam
3069 570 3328 624 nonnulla
3351 573 3584 640 sparsim

2023 654 2091 710 de
2117 655 2221 709 hac
2253 671 2435 710 rerum
2475 657 2848 725 universitate,
2879 659 3056 729 deque
3083 660 3356 717 sideribus
3387 661 3588 719 identi-

2021 747 2144 802 dem
2177 747 2388 818 injecit;
2422 749 2489 804 de
2517 750 2776 805 universo
2803 751 3045 820 quidem,
3082 767 3206 807 cum
3239 754 3313 807 ita
3342 754 3542 810 cecinit
3569 774 3584 813 ς

2025 859 2399 938 ροραηιιηιιμιο
2415 862 2632 938 deorum
2674 881 2855 938 genus,
2897 873 2947 938 et
2975 876 3194 921 matrem
3227 867 3424 938 Tethyn
3445 869 3549 928 δν.

2024 929 2108 984 Ibi
2138 929 2334 986 terram
2362 934 2538 1002 ﬁnxit,
2573 943 2621 988 et
2654 929 2841 989 c'aalum
2865 949 2887 989 :‘
2911 936 2982 990 ibi
3014 955 3157 993 mare
3181 939 3225 970 ⁸³

2095 1083 2159 1136 Ει
2189 1099 2400 1148 rursus,

2025 1195 2093 1248 Αι
2119 1211 2205 1249 vos
2236 1212 2409 1250 omnes
2438 1212 2576 1266 aqua
2603 1205 2652 1250 et
2683 1207 2822 1252 terra
2850 1198 2966 1251 sitis
2987 1198 3128 1248 “3‘”.

2095 1308 2170 1364 De
2201 1309 2365 1364 astris
2389 1324 2625 1380 quoque,

2023 1421 2169 1453 “3””
2188 1419 2438 1474 Pleiadas
2468 1421 2710 1484 intuenti,
2743 1431 2793 1474 et
2825 1421 2973 1473 tarde
3002 1420 3318 1474 occidentem
3345 1419 3586 1488 Baetem,

2031 1489 2344 1563 Unumque,
2371 1506 2526 1563 quam
2555 1500 2604 1543 et
2632 1493 2928 1558 plaustrum
2967 1492 3266 1561 cognomine
3297 1492 3585 1563 appellant,

2025 1559 2297 1630 Solemque
2327 1559 2666 1628 indefessum,
2699 1565 2979 1630 lunamque
3000 1559 3228 1629 plenam.

2027 1631 2230 1685 Ibidem
2258 1639 2307 1684 et
2331 1639 2481 1684 astra
2515 1632 2715 1698 omnia,
2746 1632 2933 1701 quibus
2965 1633 3149 1686 caelum
3186 1648 3392 1686 coronae
3414 1633 3591 1689 instar

3116 1701 3369 1773 [cinctum
3399 1713 3477 1758 est
3495 1719 3516 1766 ;

2028 1771 2380 1852 fleiadasque
2415 1769 2752 1852 Hyadesque,
2786 1781 2834 1825 et
2860 1771 3021 1824 robur
3044 1769 3274 1852 Orionis.

368 1837 710 1924 agnas;
732 1837 807 1927 δὴ
828 1837 1174 1926 ’ἑρὅσέἐῆσὶέ
1191 1837 1590 1925 Ianum}...
1614 1837 1923 1944 signa.”

2028 1843 2072 1875 ⁸⁸
2124 1837 2304 1897 Αδινιί
2333 1837 2483 1896 vero_
2491 1842 2606 1911 jam
2631 1837 3025 1944 processerurntl;
3067 1860 3129 1895 ac
3177 1844 3246 1944 de
3273 1851 3419 1897 nocte
3467 1861 3587 1898 am-

2951 1929 2982 1944 η
3011 1929 3090 1944 ...ρ
3122 1929 3212 1944 η-..
3245 1924 3411 1944 μου...
3445 1924 3520 1944 η..

1736 1943 1809 1979 νυ

368 1995 489 2050 Τῶν
511 1997 619 2051 δύο
639 1995 917 2065 μοιράων,
947 1995 1181 2066 τριτάτη
1208 1995 1259 2049 δ’
1282 1996 1370 2050 ἔτι
1387 1995 1565 2065 μοῖρα
1589 1925 1918 2051 λέλὲἴέἔαι.

445 2113 544 2166 Ἐκ
565 2110 674 2184 γὰρ
712 2110 912 2164 τούτων
947 2111 1048 2175 τὰς
1077 2112 1376 2184 προφάσεις
1405 2112 1592 2166 ἔλαϐον
1625 2115 1672 2166 οἱ
1703 2112 1924 2184 ὕστερον

361 2203 490 2274 περὶ
513 2202 715 2256 τούτων
750 2203 1321 2272 πραγματευσάμενοι.
1363 2202 1449 2266 Ὠς
1492 2202 1596 2275 γὰρ
1643 2206 1754 2266 τοῖς
1790 2220 1923 2274 τρα-

359 2297 534 2364 γικοῖς
574 2294 844 2367 παρέσχεν
898 2293 1146 2366 ἱστοριῶν
1189 2295 1444 2366 ἀφορμὰς
1468 2337 1482 2361 ,
1520 2294 1661 2348 οὕτω
1701 2295 1795 2349 καὶ
1839 2294 1928 2349 διὰ

359 2385 562 2440 τούτων
597 2387 880 2450 ὑποθέσεις
925 2389 1036 2451 τοῖς
1083 2387 1210 2456 περὶ¹
1259 2387 1613 2458 ἀστρολογίας
1660 2388 1923 2460 γράψασι.

359 2477 713 2550 Μαρτυροῦσι
732 2478 788 2530 δὲ
816 2477 1040 2548 Κράτης
1072 2478 1166 2530 καὶ
1197 2479 1398 2532 Ἀπίων
1420 2479 1844 2552 ὁΠλειστονίκης
1856 2481 1926 2545 ⁸⁸,

360 2570 440 2624 ὅτι
464 2571 796 2642 ἀστρονόμος
820 2572 964 2642 Ὂμη
973 2587 1088 2642 ρος.
1113 2571 1276 2625 Οὐδὲν
1303 2571 1358 2624 δὲ
1384 2572 1686 2643 παράδοξον
1710 2573 1800 2625 ὑπ’
1830 2574 1924 2626 ἀν-

359 2661 595 2734 θρώπων
642 2664 908 2735 τοσαύτην
967 2662 1251 2736 εὑρεθῆναι
1311 2665 1572 2737 θεωρίαν·
1634 2665 1778 2738 ψυχὴ
1817 2665 1924 2738 γὰρ

361 2756 510 2808 πᾶσα
541 2756 823 2823 ἀθάνατος,
854 2755 1188 2810 κατελθοῦσα
1218 2757 1276 2824 ὲξ
1306 2756 1556 2829 οὐρανοῦ,
1591 2757 1926 2813 ἀνανεύουσα

359 2845 418 2914 ἐς
453 2848 687 2917 συγγενῆ
735 2847 826 2900 τὸν
856 2846 1104 2919 οὐρανὸν,
1139 2847 1318 2900 πάντα
1354 2846 1422 2899 τὰ
1461 2845 1662 2918 συνήθη
1699 2846 1922 2919 θεωρεῖ·

359 2933 456 2986 καὶ
480 2935 776 2988 ἐπισπᾶται
804 2934 938 3006 πρὸς
975 2935 1034 2989 ὃν
1062 2935 1156 2988 καὶ
1179 2934 1481 3007 ἀναχθῆναι
1517 2935 1820 3005 ἐπείγεται.

504 3303 626 3358 Τίνι
654 3301 914 3373 διαφέρει
951 3303 1333 3373 μαθηματικὴ
1361 3303 1778 3374 φυσιολογίας.

430 3417 492 3489 β’.
531 3415 776 3490 Εὔδωρος
807 3418 836 3471 ὁ
873 3417 1158 3488 φιλόσοφός
1189 3433 1321 3488 φησι
1353 3416 1614 3488 Διόδωρον
1651 3415 1744 3469 τὸν
1779 3415 1926 3469 Ἀλε-

361 3510 590 3582 ξανδρέα
647 3508 1022 3580 μαθηματικὸν
1064 3507 1239 3578 τούτῳ
1281 3506 1557 3578 διαφέρειν
1604 3508 1777 3559 εἰπεῖν
1827 3507 1924 3578 τὴν

362 3600 748 3672 μαθηματικὴν
776 3600 875 3670 τῆς
919 3598 1288 3669 φυσιολογίας,
1329 3599 1411 3651 ὅτι
1454 3599 1487 3669 ἡ
1522 3597 1622 3668 μὲν
1665 3597 1924 3668 μαθημα.

356 3694 482 3764 τικὴ
509 3693 576 3746 τὰ
606 3692 958 3764 παρεπόμενα
980 3694 1045 3763 τῇ
1073 3691 1232 3762 οὐσίᾳ
1265 3691 1437 3761 ζητεῖ,
1468 3690 1650 3754 πόθεν,
1679 3689 1774 3743 καὶ
1809 3688 1925 3753 πῶς

357 3785 626 3855 ἐκλείψεις
647 3787 882 3854 γίνονται
905 3802 918 3814 ·
950 3786 988 3855 ἡ
1005 3784 1062 3836 δὲ
1084 3783 1401 3854 φυσιολογία
1429 3785 1556 3856 περὶ
1575 3783 1675 3852 τῆς
1703 3781 1889 3845 οὐσίας
1907 3799 1922 3814 ·

355 3877 438 3940 τίς
464 3878 619 3949 ήλίου
648 3877 844 3947 φύσιςο
873 3877 1101 3948 πότερον
1137 3875 1332 3947 μύδρος
1374 3877 1490 3929 ἐστὶ
1528 3875 1669 3930 κατὰ
1699 3873 1925 3938 Ἀναξα-

357 3968 545 4040 γόραν,
587 3969 622 4039 ἢ
668 3968 786 4040 πῦρ
810 3965 952 4021 κατὰ
977 3968 1104 4029 τοὺς
1136 3965 1442 4030 Στωϊκοὺς,
1479 3965 1536 4036 ἢ,
1587 3963 1728 4019 κατὰ
1780 3964 1929 4035 Ἀρι-

360 4062 640 4134 στοτέλην,
693 4062 919 4132 πέμπτη
981 4060 1172 4125 οὐσία,
1237 4058 1435 4131 μηδενὶ
1483 4057 1593 4111 τῶν
1644 4057 1932 4127 τεσσάρων

361 4154 636 4224 στοιχείων
672 4151 1127 4207 ὲπικοινωνοῦσα·
1149 4149 1444 4222 ἀγέννητός
1488 4166 1549 4202 τε
1591 4149 1685 4202 καὶ
1711 4146 1928 4220 ἄφθαρ-

357 4259 466 4307 τος,
497 4245 587 4298 καὶ
629 4243 986 4316 ἁμετάϐολος.
1020 4243 1395 4314 Διαφερούσας
1435 4241 1565 4310 γοῦν
1615 4241 1820 4303 ταύτας
1869 4240 1926 4293 ὲν

359 4338 477 4398 ταῖς
517 4337 806 4409 ζητήσεσιν
840 4336 1264 4422 ὲπιπεπλέχθαι,
1305 4335 1404 4404 τὴν
1438 4333 1631 4405 ἑτέραν
1666 4332 1930 4403 δεομένην

358 4424 458 4495 τῆς
479 4425 564 4478 ἑτέ
573 4447 687 4496 ρας,

640 4649 778 4717 Περὶ
805 4647 913 4716 τῆς
942 4647 1053 4700 τῶν
1076 4650 1232 4704 ὅλων
1251 4647 1462 4719 ἀρχῆς.

429 4749 476 4814 γ’
486 4786 498 4799 .
517 4741 700 4812 Ζήνων
715 4742 744 4792 ὁ
759 4739 992 4800 Κυτιεὺς
1008 4736 1180 4807 ἀρχὴν
1193 4737 1329 4791 εῖναι
1344 4740 1492 4808 λέγει
1514 4738 1622 4792 τῶν
1635 4737 1770 4791 ὅλων
1791 4736 1926 4790 Θεὸν

362 4833 456 4889 καὶ
482 4832 630 4904 ὓλην·
654 4829 785 4884 Θεὸν
815 4829 910 4899 μὲν
936 4827 996 4879 τὸ
1020 4825 1226 4891 ποιοῦν,
1257 4826 1387 4898 ὓλην
1407 4826 1463 4878 δὲ
1487 4830 1547 4878 τὸ
1570 4827 1889 4898 ποιούμενον
1910 4844 1923 4857 ·

362 4929 451 4997 ἀφ’
487 4922 562 4979 ὧν
597 4923 664 4977 τὰ
700 4922 940 4991 τέσσαρα
986 4921 1221 4988 στοιχεῖα
1263 4917 1563 4987 γεγονέναι.
1610 4911 1929 4990 Ἐπίκουρος

361 5018 416 5070 δὲ
441 5019 470 5071 ὁ
504 5015 781 5085 Ἀθηναῖος
807 5013 869 5066 ὲκ
904 5009 1168 5080 σωμάτων
1197 5007 1400 5080 νοητῶν
1431 5007 1806 5079 σμικροτάτων
1829 5007 1929 5069 τὰς

360 5107 536 5180 ἀρχὰς
564 5107 672 5159 τῶν
703 5106 840 5158 ὅλων
861 5099 998 5156 εἷναί
1022 5117 1175 5174 φησι.
1198 5100 1370 5154 Καλεῖ
1385 5101 1442 5154 δὲ
1471 5100 1637 5165 αὑτὰς
1663 5100 1922 5171 ἀτόμους,

360 5197 394 5268 ἢ
429 5194 515 5247 διὰ
555 5193 891 5264 σμικρότητα
941 5190 1232 5262 ἀκαριαίας
1269 5190 1423 5252 τινὰς
1454 5188 1703 5260 οὖσας,ἧ
1743 5189 1829 5242 διὰ
1867 5188 1930 5242 τὸ

361 5288 664 5360 ἀφθάρτους
697 5286 864 5348 αὐτὰς
885 5281 1046 5349 εἶναι,
1077 5283 1172 5336 καὶ
1209 5281 1284 5353 μὴ
1323 5280 1637 5352 τέμνεσθαι.
1690 5281 1930 5351 Ἀριστο-

359 5379 521 5450 τέλης
545 5379 599 5432 δὲ
631 5380 659 5430 ὁ
696 5375 1046 5447 Σταγειρίτης
1068 5373 1240 5446 ἀρχὰς
1269 5373 1420 5442 λέγει
1465 5371 1574 5425 τῶν
1606 5373 1741 5426 ὅλων
1766 5369 1926 5439 εἶδος,

362 5472 455 5525 καὶ
482 5468 634 5539 ὓλην,
664 5468 760 5522 καὶ
790 5467 1072 5537 στέρησιν’
1121 5468 1186 5520 ἐκ
1224 5465 1281 5520 δὲ
1329 5465 1534 5518 τούτων
1580 5464 1648 5517 τὰ
1687 5463 1927 5535 τέσσαρα

363 5565 596 5633 στοιχεῖα
618 5577 632 5591 '
669 5561 761 5614 καὶ
796 5559 1044 5630 πέμπτον
1087 5558 1245 5630 σῶμα.
1295 5557 1660 5630 ἀδιάφθαρτον
1704 5557 1798 5610 καὶ
1825 5574 1926 5610 κα-

362 5655 526 5726 θαρόν
550 5671 562 5684 ·
595 5654 624 5707 ὃ
648 5655 713 5725 δὴ
734 5652 925 5722 αίθὲρα
955 5651 1190 5719 λέγουσι.
1235 5648 1530 5723 Σωκράτης
1563 5649 1620 5703 δὲ
1648 5649 1742 5703 καὶ
1779 5647 1926 5702 Πλά-

2928 1911 3090 1983 [plius
3120 1916 3411 1983 confectum
3441 1924 3520 1969 est

2022 1981 2244 2036 Duabus
2264 1980 2529 2051 partibus,
2553 1982 2709 2036 tertia
2734 1997 2849 2036 vero
2877 1980 3001 2051 pars
3033 1980 3287 2052 superest.

2095 2093 2232 2149 Hinc
2259 2093 2404 2149 enim
2433 2095 2776 2151 occasionem
2818 2094 2966 2150 nacti
2999 2103 3126 2151 sunt
3151 2097 3246 2168 qui
3287 2097 3374 2154 his
3403 2097 3471 2156 de
3502 2114 3593 2154 re-

2023 2187 2128 2242 bus
2157 2194 2346 2257 postea
2371 2186 2725 2241 commentati
2759 2191 2910 2242 sunt.
2950 2185 3127 2258 Atque
3156 2198 3214 2243 ut
3247 2189 3338 2245 ille
3366 2188 3590 2261 tragicis

2023 2278 2204 2351 poetis
2228 2277 2578 2334 historiarum
2607 2285 2922 2350 argumenta
2946 2281 3345 2351 suppeditavit:
3391 2282 3470 2338 sic
3495 2281 3593 2338 iis-

2024 2373 2146 2426 dem
2167 2370 2415 2427 versibus
2450 2370 2517 2425 iis
2550 2369 2687 2440 ipsis
2715 2370 3073 2441 scriptoribus
3099 2371 3311 2443 copiam
3333 2373 3587 2443 praebuit,

2025 2463 2118 2532 qui
2170 2463 2238 2518 de
2285 2462 2579 2532 astrologia
2629 2463 2986 2533 scripserunt.
3040 2463 3174 2518 Nam
3237 2472 3404 2522 testes
3462 2475 3591 2521 sunt

2025 2554 2239 2616 Crates,
2271 2560 2326 2608 et
2349 2552 2484 2623 Apio
2512 2551 2822 2608 Plistonicaa
2845 2553 2986 2609 ﬁlius
3017 2553 3310 2610 Homerum
3339 2563 3592 2612 astrono-

2026 2657 2175 2697 mum
2209 2642 2395 2698 fuisse.
2442 2641 2628 2713 Neque
2679 2658 2806 2699 vero
2849 2644 3170 2701 incredibile
3211 2647 3361 2702 dictu
3393 2655 3479 2704 est
3521 2648 3593 2705 ab

2027 2732 2286 2789 humanis
2326 2733 2564 2805 ingeniis
2599 2741 2808 2788 tantam
2837 2737 2946 2790 vim
2988 2738 3471 2808 contemplationis
3497 2755 3590 2796 or-

2026 2832 2142 2879 tum
2174 2823 2451 2880 habuisse.
2495 2823 2709 2880 Etenim
2755 2841 2880 2880 cum
2928 2835 3014 2883 est
3059 2829 3240 2884 anima
3275 2832 3453 2888 omnis
3489 2834 3591 2888 im-

2028 2913 2294 2978 mortalis,
2327 2929 2358 2969 e
2383 2915 2631 2985 cceloque
2660 2915 2912 2986 delapsa;
2945 2926 3058 2971 tum
3082 2917 3150 2973 ad
3175 2930 3463 2991 cognatum
3485 2921 3591 2979 sibi

2029 3003 2225 3057 cmlum
2253 3005 2504 3075 aspirans
2532 3007 2744 3071 eadem,
2786 3008 2965 3062 omnia
3003 3009 3107 3064 sibi
3139 3008 3431 3068 familiaria
3459 3028 3592 3084 pro-

2029 3093 2217 3164 spicit;
2250 3103 2306 3151 et
2332 3095 2398 3150 ad
2434 3097 2567 3152 illud
2598 3098 2859 3165 allicitur,
2907 3100 2974 3155 ad
3000 3101 3144 3172 quod
3182 3102 3361 3159 efferri
3391 3112 3593 3161 natura

1953 3191 1995 3249 C
2029 3201 2128 3242 sua
2159 3186 2398 3244 festinat.

2027 3302 2167 3370 Quid
2209 3305 2416 3360 intersit
2458 3307 2593 3360 inter
2632 3306 3060 3362 mathematicam
3098 3319 3148 3364 et
3181 3311 3589 3383 physiologiam.

2093 3417 2148 3473 2.
2190 3417 2441 3474 Eudoru-s
2466 3415 2822 3490 philosophus
2852 3421 3020 3477 refert
3047 3438 3076 3477 a
3098 3422 3336 3480 Diodoro
3361 3425 3595 3484 Alexan-

2025 3511 2186 3568 drino
2214 3513 2602 3570 mathematico
2641 3515 3081 3572 mathematicam
3111 3519 3253 3575 inter
3285 3528 3339 3576 et
3364 3520 3590 3592 physio-

2026 3605 2223 3674 logiam
2257 3606 2360 3660 hoc
2399 3607 2758 3662 constitutum
2788 3623 2910 3665 esse
2937 3608 3256 3674 discrimen,
3289 3612 3435 3682 quod
3475 3629 3594 3670 ma-

2027 3695 2342 3762 thematica,
2369 3711 2432 3752 ea
2463 3712 2582 3768 quae
2604 3706 3300 3771 naturamconsequuntur
3332 3703 3593 3775 inquirit;

2027 3787 2192 3855 unde,
2225 3795 2281 3843 et
2309 3789 2584 3859 quomodo
2613 3788 2748 3845 ﬁant
2779 3791 3030 3863 eclipses.
3076 3791 3424 3866 Physiologia
3460 3811 3596 3853 vero

2027 3878 2095 3935 de
2147 3889 2342 3935 natura
2385 3883 2503 3952 ipsa
2555 3882 2986 3956 disputatzquae
3039 3885 3112 3941 sit
3161 3896 3355 3942 natura
3407 3887 3593 3944 solis:

2030 3977 2211 4024 utrum
2259 3986 2447 4028 massa
2496 3973 2587 4038 sit,
2619 3983 2680 4028 ut
2709 3975 2880 4030 sensit
2911 3974 3263 4054 Anaxagoras
3293 3993 3401 4034 :au
3428 3978 3594 4052 ignis,

2030 4071 2088 4116 ut
2118 4061 2320 4119 Stoicis
2348 4066 2548 4134 placet,
2579 4081 2672 4130 an,
2699 4074 2760 4121 ut
2788 4067 3091 4135 Aristoteli,
3121 4071 3312 4142 quinta
3336 4072 3598 4130 substan-

2029 4155 2128 4220 tia,
2160 4156 2298 4210 nihil
2329 4157 2539 4214 habens
2566 4173 2857 4216 commune
2876 4176 3000 4216 cum
3029 4163 3316 4227 elementis
3337 4173 3595 4235 quatuor,

2031 4247 2296 4318 ingenita,
2329 4250 2784 4321 incorruptibilis,
2829 4259 2884 4308 et
2915 4252 3293 4312 immutabilis.
3325 4256 3463 4312 Cum
3490 4257 3598 4330 igi-

2031 4346 2119 4394 tur
2147 4355 2177 4393 a
2222 4355 2282 4396 se
2322 4341 2554 4398 invicem
2599 4344 2932 4415 discrepent,
2978 4347 3196 4402 misceri
3228 4355 3411 4403 tamen
3452 4349 3598 4404 inter

2030 4429 2442 4500 disputandum,
2476 4449 2543 4490 eo
2581 4435 2729 4506 quod
2773 4437 3001 4493 alterius
3046 4452 3202 4508 opem
3248 4439 3419 4495 altera
3451 4438 3597 4498 desi-

1957 4539 2001 4592 D
2029 4522 2200 4578 deret.

2451 4636 2557 4708 75
2586 4636 2663 4692 De
2698 4655 2872 4693 rerum
2894 4639 3171 4708 principio.

2103 4727 2156 4782 3.
2197 4729 2342 4784 Zeno
2369 4727 2646 4800 Cyticnsis
2677 4731 3005 4801 principium
3033 4747 3214 4787 rerum
3245 4733 3486 4788 omnium
3510 4733 3597 4788 di-

2033 4819 2108 4873 cit
2164 4834 2288 4875 esse
2340 4819 2530 4885 Deum,
2581 4830 2635 4875 et
2682 4823 2966 4878 materiam
2998 4841 3010 4876 :
3044 4821 3212 4878 Deum
3271 4822 3493 4891 quidem
3542 4823 3598 4878 id

2034 4912 2180 4981 quod
2211 4913 2360 4982 agit;
2389 4913 2677 4967 materiam
2710 4912 2766 4968 id
2789 4915 2936 4969 circa
2959 4914 3106 4985 quod
3140 4923 3392 4970 versatur
3421 4915 3594 4971 actio:

2035 5004 2180 5059 unde
2221 5011 2458 5075 quatuor
2503 5005 2772 5061 elementa
2811 5007 3076 5078 producta
3129 5017 3276 5062 sunt.
3331 5005 3601 5079 Epicurus

2035 5102 2215 5151 autem
2247 5095 2598 5154 Atheniensis
2625 5100 2851 5154 minima
2878 5100 3146 5170 quaedam,
3187 5108 3242 5154 et
3281 5099 3602 5170 intelligibl-

2035 5191 2107 5244 lia
2142 5204 2372 5260 corpora
2411 5190 2682 5261 principia
2715 5207 2900 5247 rerum
2947 5191 3190 5246 omnium
3234 5206 3354 5248 esse
3385 5191 3596 5247 statuit.

2035 5279 2183 5347 Quas
2213 5282 2304 5338 ille
2349 5290 2562 5339 atomos
2593 5290 2776 5349 vocat,
2818 5283 2933 5339 sive
2975 5283 3046 5338 ob
3079 5283 3422 5352 parvitatem,
3453 5283 3602 5353 quod

2036 5380 2238 5444 puncta
2291 5373 2540 5444 quaedam
2575 5361 2705 5441 sint,
2743 5377 2856 5431 sive
2889 5375 3035 5444 quod
3076 5377 3356 5445 corrumpi
3399 5375 3602 5430 secari-

2034 5481 2141 5536 que
2177 5473 2472 5536 nequeant.
2507 5467 2828 5523 Aristoteles
2875 5467 3164 5538 Stagirites
3195 5467 3464 5538 principia
3513 5481 3600 5522 re-

2035 5573 2156 5612 rum
2192 5557 2320 5614 facit
2349 5560 2474 5622 tria,
2500 5559 2752 5622 formam,
2788 5561 3074 5613 materiam
3108 5569 3162 5614 et
3192 5559 3551 5630 privationem
3583 5579 3595 5614 :

2034 5663 2101 5704 ex
2142 5650 2344 5720 quibus
2387 5651 2655 5707 elementa
2696 5659 2931 5722 quatuor
2980 5653 3267 5721 oriuntur;
3315 5651 3464 5708 addit
3510 5651 3600 5709 his

463 5831 810 5888 “'Iliad.E.
886 5833 975 5865 εν·
1011 5832 1175 5891 Iliad.
1203 5837 1262 5888 Σ.
1338 5836 1449 5869 ειη·
1490 5835 1651 5892 Iliad.
1698 5839 1764 5891 ιι.
1841 5838 1925 5871 ον·

2028 5837 2180 5910 Ἰάμε.
2222 5839 2284 5892 Ε.
2365 5840 2410 5871 ³³
2439 5837 2606 5896 Iliad.
2641 5840 2711 5894 K.
2796 5840 2839 5874 ⁸⁸
2864 5838 2904 5907 Ῑ.
2936 5835 3338 5892 Πλειστονίκου.

657 5931 922 5992 Parnm"
956 5931 1074 5992 Gn.
1112 5933 1199 5993 XI
1214 5935 1268 5994 Χ

3202 5933 3280 5992 30
