4132 6452
459 381 557 440 9M

1195 384 1510 442 ACHILLIS
1548 385 1730 442 TA—Tll
1767 383 2060 442 lSAGOGE
2098 386 2187 440 AD
2229 385 2444 443 ARATI
2481 370 2950 444 ΡΗΙΕΝΟΜΕΝΑ.

3583 377 3698 446 ste‘

459 497 526 550 τὰ
551 498 877 568 κουφότατα,
905 493 1014 553 οἷον
1039 500 1248 569 φελλὸν,
1276 503 1368 556 καὶ
1398 502 1487 578 ἴσα
1515 503 1760 573 ἀλλήλοις
1788 505 2021 575 στήσειε,

2131 519 2228 558 nec
2274 519 2382 559 non
2430 505 2533 559 alia
2595 506 2895 569 levissima,
2943 503 3091 560 velut
3138 503 3324 572 suber,
3368 505 3434 559 ad
3478 506 3702 576 pondus

460 591 552 642 καὶ
583 591 880 662 ίσόσταθμα
911 594 1174 663 ποιήσειε,
1204 596 1298 648 καὶ
1334 596 1610 666 συνδήσειε
1635 613 1648 626 ·
1688 596 2025 666 συμϐήσεται

464 681 752 752 μηδέτερον
774 683 878 736 ὑπὸ
900 683 994 736 τοῦ
1017 684 1199 756 ἐτέρου
1227 687 1476 740 ἕλκεσθαι
1498 705 1510 717 ·
1539 682 1669 753 οἷον,
1697 687 1750 739 εἰ
1769 706 1850 748 τις
1878 687 2024 756 βάλοι

458 772 629 825 ταῦτα
652 775 732 838 είς
759 774 1053 840 θάλασσαν,
1085 778 1420 850 συμϐήσεται
1462 781 1600 850 μήτε
1647 781 1796 834 κάτω
1838 783 1915 843 εἰς
1938 782 2025 834 τὸν

461 864 619 935 βυθὸν
673 868 1030 923 καθέλκεσθαι
1072 871 1161 924 τὸν
1209 871 1398 939 φελλὸν
1455 873 1558 925 ὑπὸ
1601 873 1696 926 τοῦ
1756 873 2024 944 μολίϐδου,

462 959 597 1029 μήτε
625 959 715 1013 τὸν
759 960 1005 1030 μόλιϐδον
1048 963 1152 1015 ὑπὸ
1195 962 1302 1018 τῶν
1351 963 1557 1032 φελλῶν
1595 965 1916 1019 ἀνέλκεσθαι
1950 967 2026 1028 εἰς

457 1051 556 1122 τὴν
580 1052 896 1122 ἐπιφάνειαν
933 1053 1026 1106 τοῦ
1071 1054 1286 1120 ὓδατος·
1316 1056 1428 1109 ἀλλ’
1459 1057 1652 1127 ἐπίσης
1673 1058 1763 1110 ὑπ’
1784 1056 2026 1127 ἀλλήλων

457 1143 824 1215 ἀνθελκόμενα
855 1145 1056 1215 μεταξὺ
1080 1146 1179 1215 τῆς
1223 1147 1540 1216 ἐπιφανείας
1587 1148 1681 1202 τοῦ
1723 1149 1912 1212 ὓδατος
1937 1149 2028 1201 καὶ

457 1234 550 1288 τοῦ
579 1234 738 1305 βυθοῦ
767 1230 904 1290 εἶναι
936 1238 1026 1290 τὸν
1055 1237 1301 1308 μόλιϐδον
1335 1239 1430 1293 καὶ
1465 1240 1556 1293 τὸν
1587 1239 1794 1308 φελλόν.
1823 1240 2028 1292 Τεσσά-

463 1343 568 1395 ρων
599 1322 691 1379 οὖν
721 1326 888 1381 ὄντων
921 1329 1026 1382 τῶν
1051 1330 1349 1399 στοιχείων,
1374 1330 1687 1401 συμϐέϐηκε
1712 1330 1772 1383 τὸ
1799 1330 1910 1400 πῦρ
1933 1329 2027 1383 καὶ

457 1417 549 1471 τὸν
575 1418 732 1490 ἀέρα,
769 1419 1076 1488 κουφότατα
1104 1421 1250 1486 ὄντα,
1285 1422 1378 1474 ἐπὶ
1415 1422 1514 1493 τὴν
1543 1422 1654 1476 ἄνω
1685 1420 1856 1493 φορὰν
1885 1421 2028 1491 ἔχειν

459 1509 557 1580 τὴν
587 1510 784 1582 ὁρμὴν,
823 1513 916 1565 καὶ
957 1513 1363 1584 περιδινεῖσθαι.
1396 1515 1518 1567 Ὅτι
1557 1513 1613 1565 δὲ
1644 1512 1754 1584 πῦρ
1788 1513 1883 1566 καὶ
1921 1513 2027 1585 ἀὴρ

459 1603 761 1671 κουφότατα
788 1604 880 1656 καὶ
910 1605 1187 1677 ἀνωφερῆ,
1205 1604 1360 1675 δῆλον
1379 1604 1478 1675 μὲν
1503 1604 1596 1658 καὶ
1624 1605 1688 1656 ἐκ
1711 1604 1810 1673 τῆς
1832 1603 2024 1673 ὅψεως·

457 1694 592 1748 ἀλλὰ
630 1696 737 1765 μὴν
766 1696 861 1750 καὶ
899 1697 963 1750 ἐκ
1000 1696 1108 1751 τῶν
1149 1697 1297 1769 παρὰ
1336 1699 1448 1760 τοῖς
1489 1699 1692 1768 ἰατροῖς
1722 1699 1944 1764 σικυῶν,
1971 1701 2028 1752 ὲν

457 1783 545 1849 αἷς
583 1788 796 1859 ὁρῶμεν
841 1789 1353 1860 ἀπολαμϐανόμενον
1384 1789 1444 1842 τὸ
1496 1790 1607 1861 πῦρ
1638 1790 1753 1860 ἅμα
1795 1790 1870 1860 τῷ
1902 1791 2026 1862 ἀέρι

2127 595 2334 664 aequale
2378 595 2579 665 capiat,
2635 607 2686 650 et
2739 596 2970 651 invicem
3013 595 3234 665 alliget;
3281 596 3413 650 illud
3464 595 3693 665 accidet,

2128 698 2378 740 neutrum
2427 694 2487 740 ut
2527 687 2596 742 ab
2642 687 2815 742 altero
2865 688 3008 742 trahi
3041 687 3256 758 possit:
3287 698 3349 742 ut
3393 689 3440 745 si
3479 689 3605 759 quis
3637 689 3701 743 in

2128 796 2278 837 mare
2306 781 2410 836 ista
2439 781 2715 852 projiciat,
2750 797 2928 853 neque
2957 783 3124 839 suber
3155 785 3212 839 in
3240 782 3573 855 profundum
3600 781 3696 838 de-

2127 873 2394 940 primatur
2441 888 2473 930 a
2501 874 2746 943 plumbo,
2792 890 2970 946 neque
3000 876 3281 945 plumbum
3323 875 3391 929 ad
3424 884 3702 932 summanr

2129 975 2326 1031 aquam
2365 976 2396 1015 a
2418 963 2617 1019 subere
2645 965 2821 1034 possit
2850 965 3026 1019 attolli
3051 985 3068 1021 ;
3092 965 3185 1021 sed
3223 981 3290 1021 ex
3323 980 3479 1036 aequo
3512 964 3694 1019 utrin‘

2128 1069 2234 1123 que
2259 1060 2434 1110 tracta
2453 1055 2618 1110 suber
2648 1064 2702 1110 et
2725 1056 3009 1127 plumbum
3041 1072 3309 1113 summam
3333 1057 3475 1112 inter
3496 1070 3697 1126 aquam

2131 1144 2468 1216 fundumque
2497 1161 2768 1216 suspensa
2806 1153 3118 1202 teneantur.
3167 1145 3532 1213 Quamobrem
3569 1162 3701 1202 cum

2132 1237 2243 1291 sint
2268 1237 2534 1292 elementa
2558 1236 2816 1312 quatuor',
2850 1237 3050 1292 accidit
3088 1244 3149 1290 ut
3172 1237 3316 1308 ignis
3343 1245 3400 1292 et
3430 1251 3544 1302 aer,
3575 1245 3707 1307 quaa'

2131 1339 2261 1386 sunt
2291 1329 2594 1395 levissima,
2629 1345 2851 1387 sursum
2887 1338 3082 1400 suapte
3125 1335 3322 1400 sponte
3380 1335 3699 1398 naturaeque

2132 1423 2333 1492 impetu
2364 1422 2632 1487 ferantur,
2661 1431 2715 1479 et
2752 1424 2808 1477 in
2839 1423 3027 1478 orbem
3052 1421 3356 1492 agitentur.
3379 1417 3516 1474 Nam
3549 1420 3704 1489 quod

2132 1515 2270 1583 ignis
2295 1525 2349 1569 et
2379 1529 2472 1571 aer
2503 1516 2784 1571 levissima
2815 1529 3050 1586 corpora
3085 1515 3218 1580 sint,
3242 1520 3298 1568 et
3326 1527 3547 1570 sursum
3579 1520 3700 1566 ten-

2129 1605 2335 1669 dentia,
2393 1621 2516 1660 cum
2568 1607 2852 1661 oculorum
2905 1621 3071 1661 sensu
3131 1605 3532 1670 discernimus,
3581 1611 3701 1656 tum

2130 1698 2466 1753 medicorum
2493 1699 2794 1754 cucurbitae
2813 1698 3233 1764 demonstrant;
3258 1695 3458 1766 quibus
3486 1694 3703 1749 inclusa

2131 1789 2378 1845 videmus
2425 1790 2586 1845 a‘mbo
2637 1805 2703 1844 ex
2733 1789 2842 1860 76
2863 1789 2974 1843 alto
3026 1786 3349 1858 sanguinem
3389 1783 3697 1839 extrahere.

456 1879 549 1931 τοῦ
606 1848 746 1932 κατά
795 1880 955 1950 βάθος
1006 1848 1233 1948 αἵματος
1285 1881 1384 1952 τὴν
1433 1848 1720 1954 ἀναγωγήν
1775 1848 2028 1955 ποίουμέ-

2132 1882 2279 1937 ldem
2317 1891 2379 1937 et
2423 1883 2774 1937 lucernarum
2822 1881 2966 1952 ignis
3013 1881 3280 1935 ostendit.
3327 1877 3430 1946 Qui
3479 1890 3700 1935 sursum

458 1989 568 2034 νοις
597 1971 688 2025 ⁸⁵⁸.
725 1971 884 2024 Ἀλλά
918 1973 1012 2025 καὶ
1053 1972 1272 2027 ἀπὸτοῦ
1317 1975 1375 2027 ἐν
1422 1977 1534 2038 τοῖς
1575 1974 1787 2044 λύχνοις
1834 1976 2023 2047 πυρὸς,

458 2060 592 2130 ὅπερ
621 2062 732 2116 ἄνω
763 2061 1056 2132 φερόμενον
1105 2062 1164 2115 τὸ
1198 2064 1254 2116 ἐν
1295 2065 1358 2132 τῇ
1398 2064 1667 2136 κοιλότητι
1705 2064 1797 2118 τοῦ
1832 2065 2026 2136 λύχνου

457 2149 632 2204 ἔλαιον
659 2152 936 2222 ἀνιμᾶται.
974 2152 1130 2205 Ἀλλὰ
1166 2154 1272 2224 μὴν
1318 2155 1413 2206 καὶ
1452 2154 1607 2208 δαλὸν
1633 2157 1792 2220 εἴτις
1824 2154 2028 2226 ἐξάψας

459 2242 726 2312 στρέψειε,
767 2245 916 2298 κάτω
960 2244 1219 2315 φέρεσθαι
1245 2244 1306 2297 τὸ
1340 2245 1449 2316 πῦρ
1497 2248 1597 2299 οὐκ
1633 2246 1698 2300 ἂν
1735 2247 1988 2318 δυνηθείη
2011 2264 2024 2276 °

456 2334 708 2406 ἀνωφερῆ
741 2336 848 2407 γὰρ
883 2340 1018 2408 ἴσχει
1049 2339 1148 2411 τὴν
1169 2341 1362 2412 ὁρμήν.
1395 2339 1564 2394 Πάλιν
1591 2339 1647 2392 δὲ
1672 2337 1726 2392 εἷ
1747 2357 1831 2403 τις
1863 2339 2029 2394 ἀσκὸν

457 2419 680 2491 πλήσειε
705 2422 1013 2494 πνεύματος
1033 2431 1126 2479 καὶ
1145 2426 1493 2496 ἁποσφίγξει,
1513 2427 1658 2498 ῥίψει
1682 2427 1738 2480 δὲ
1756 2429 1836 2492 είς
1864 2427 2025 2500 ὕδωρ

454 2513 606 2566 οὐδὲν
629 2509 790 2585 ἦττον
817 2517 1135 2581 ἐπιπολάζει
1175 2521 1203 2572 ὁ
1240 2519 1425 2583 ἀσκός.
1458 2520 1663 2573 "enat
1694 2521 1726 2591 ἡ
1753 2521 1822 2591 γῆ
1853 2520 2033 2574 καὶτὸ

455 2604 601 2676 ὕδωρ
628 2606 799 2679 βαρέα
824 2610 918 2662 καὶ
946 2611 1260 2682 κατωφερῆ,
1289 2611 1348 2664 ού
1376 2611 1457 2664 δεῖ
1482 2610 1665 2680 λόγου,
1705 2612 1804 2682 τῆς
1834 2611 2029 2681 πείρας

453 2697 808 2769 διδασκούσης
833 2741 846 2754 .
885 2699 995 2770 Τὴν
1024 2700 1079 2754 δὲ
1111 2702 1282 2768 τάξιν,
1327 2703 1393 2772 ἢν
1433 2701 1740 2773 δεδώκαμεν
1770 2701 1848 2773 τῷ
1874 2720 2031 2772 σφαι-

456 2787 690 2861 ρώματι,
721 2793 770 2845 oi
807 2793 1053 2863 Ὀρφικοί¹
1086 2793 1302 2864 λέγουσι
1329 2793 1716 2866 παραπλησίαν
1749 2790 1886 2848 εἷναι
1918 2796 2030 2856 τοῖς

453 2882 597 2947 ὠοῖς.
632 2885 728 2938 Ὃν
758 2883 865 2956 γὰρ
895 2884 1006 2955 ἔχει
1035 2885 1191 2953 λόγον
1229 2887 1288 2940 τὸ
1315 2886 1548 2958 λέπυρον
1573 2889 1632 2940 ἐν
1669 2885 1746 2959 τῷ
1771 2886 1886 2957 ὼῷ,
1908 2886 2031 2939 τοῦ-

451 2992 544 3028 τον
576 2975 718 3046 ἔχειν
750 2979 806 3029 ἐν
837 2977 914 3047 τῷ
938 2978 1096 3031 παντὶ
1121 2978 1210 3030 τὸν
1235 2979 1493 3049 ούρανόνν·
1521 2979 1616 3032 καὶ
1638 2979 1714 3042 ὡς
1737 2978 1830 3050 egi;
1841 2995 2030 3049 ρτηται

452 3067 546 3122 τοῦ
573 3069 803 3140 ούρανοῦ
838 3070 1177 3140 κυκλοτερῶς
1207 3073 1235 3124 ό
1277 3071 1460 3143 αἰθὴρ,
1495 3070 1637 3125 οὕτω
1670 3071 1763 3124 τοῦ
1791 3070 2029 3142 λεπύρου

2129 1973 2340 2029 enitens
2385 1974 2565 2030 oleum
2610 1974 2674 2028 ad
2711 1987 2771 2028 se
2811 1972 3001 2038 trahit,
3030 1971 3176 2043 quod
3207 1971 3449 2026 lucerna:
3489 1968 3715 2025 alveolo‘

2129 2065 2460 2121 continetur.
2497 2066 2641 2132 Quin
2674 2066 2840 2120 etiam
2889 2071 3093 2120 torrem
3154 2077 3446 2120 accensum
3484 2063 3530 2119 si
3573 2061 3700 2132 quis

2132 2157 2390 2222 invert'at,
2423 2173 2702 2228 nunquam
2730 2157 2988 2214 deorsum
3031 2150 3258 2213 omnino
3289 2155 3477 2210 tendet
3506 2154 3650 2225 ignis
3682 2174 3696 2207 .

2089 2255 2094 2260 ‘
2132 2245 2333 2316 quippe
2364 2262 2522 2315 quem
2555 2246 2611 2300 in
2644 2247 2813 2300 altum
2844 2246 3031 2300 nativa
3052 2245 3298 2316 quaedam
3327 2243 3411 2301 vis
3449 2243 3702 2314 impellit.

2131 2336 2348 2392 Rursus
2387 2338 2434 2392 si
2468 2337 2594 2408 quis
2628 2345 2794 2392 vento
2839 2336 3138 2393 distentum
3185 2345 3362 2391 utrem
3400 2343 3456 2391 et
3496 2334 3705 2404 obliga-

2134 2439 2250 2483 tum
2306 2430 2360 2483 in
2413 2444 2608 2499 aquam
2653 2429 2948 2499 projiciat,
3003 2429 3362 2483 nihilominus
3409 2427 3709 2483 innatabi‘t;

2133 2522 2288 2589 Quod
2325 2531 2504 2577 autem
2531 2529 2677 2576 terra
2709 2533 2763 2577 et
2790 2537 2932 2592 aqua
2966 2522 3152 2590 gravia
3180 2523 3312 2587 sint,
3349 2536 3414 2577 ac
3445 2521 3702 2578 deorsum

2136 2613 2406 2678 ferantur,
2435 2613 2652 2669 ratione
2681 2613 2830 2668 nulla
2852 2615 3072 2684 probari
3103 2629 3332 2671 necesse
3353 2623 3462 2683 est,
3489 2628 3616 2669 cum
3647 2604 3710 2667 id

2134 2705 2270 2759 satis
2299 2695 2636 2775 experientia
2660 2710 2912 2760 testetur.
2942 2704 3212 2760 Caeterum
3243 2704 3378 2760 ordo
3401 2705 3512 2771 ille,
3536 2719 3707 2776 quem

2134 2796 2189 2850 in
2215 2795 2404 2850 mundi
2433 2796 2644 2866 sphaera
2681 2796 3094 2861 constituimus,
3123 2812 3349 2852 ovorum
3367 2796 3564 2853 similis
3593 2792 3702 2863 est,

2134 2893 2194 2942 ut
2214 2885 2416 2958 Orphei
2448 2893 2753 2945 sectatores
2778 2888 2995 2944 docent.
3042 2887 3215 2954 Quam
3250 2889 3396 2945 enim
3431 2889 3708 2944 rationem

2133 2979 2297 3034 habet
2335 2980 2398 3035 in
2440 2993 2544 3034 ovo
2582 2987 2868 3051 putamen,
2913 2979 3162 3036 eamdem
3195 2980 3252 3035 in
3299 2987 3414 3036 toto
3444 2980 3716 3038 universo‘

2135 3071 2335 3126 coelum
2369 3071 2612 3138 obtinet;
2661 3077 2825 3142 atque
2851 3079 2908 3126 ut
2942 3071 2996 3126 in
3023 3072 3207 3128 orbem
3239 3087 3270 3128 e
3298 3073 3440 3128 coelo
3466 3088 3709 3144 suspen~

451 3161 672 3247 duuilv.
713 3162 870 3215 Κατά
901 3162 956 3214 δέ
989 3181 1158 3228 τινας,
1200 3164 1384 3235 ἐπειδὴ
1425 3164 1452 3214 ὁ
1485 3164 1712 3234 ούρανὸς
1749 3165 1844 3217 καὶ
1867 3163 2028 3234 αἰθὴρ

2136 3177 2232 3217 sus
2262 3164 2347 3216 est
2373 3160 2566 3228 azther',
2612 3161 2692 3216 sic
2731 3177 2763 3216 e
2794 3161 3073 3232 putamine
3105 3151 3376 3230 pellicula.
3409 3157 3530 3226 Vel,
3557 3155 3714 3232 quod’

454 3244 534 3314 εἷς
573 3251 709 3316 ἐστι,
742 3251 880 3321 μετά
907 3251 963 3304 δὲ
994 3251 1181 3305 τοῦτον
1203 3255 1230 3306 ὁ
1254 3254 1360 3325 ἀήρ
1382 3271 1394 3283 ·
1432 3251 1586 3307 ἔσται
1620 3254 1679 3306 ἐν
1703 3255 1816 3317 τοῖς
1843 3253 1969 3318 ὠοῖς
2005 3257 2032 3307 ό

454 3341 596 3415 ὑμὴν
630 3343 722 3396 τοῦ
746 3345 904 3415 ἀέρος
933 3344 1086 3408 τάξιν
1122 3345 1337 3417 ἐπέχων
1364 3349 1432 3418 ’ἡ
1464 3345 1519 3398 δὲ
1553 3345 1719 3417 λευκὴ
1747 3344 1883 3418 σὰρξ
1909 3349 1942 3418 ἡ
1975 3349 2032 3400 ἐν

452 3433 532 3503 τῷ
555 3433 665 3505 ᾠῷ,
706 3436 755 3488 εί
787 3435 884 3508 τὴν
927 3436 1020 3488 τοῦ
1068 3437 1228 3508 ἀέρος
1269 3437 1421 3503 τάξιν
1469 3437 1674 3508 ἐπέχει,
1707 3435 1857 3490 ἔσται
1896 3434 2032 3508 ήλέέ

455 3528 603 3591 κιθος
632 3526 726 3581 τοῦ
753 3527 860 3582 ὠοῦ
899 3528 997 3600 τήν
1027 3527 1122 3581 τοῦ
1154 3528 1344 3592 ὓδατος
1373 3528 1526 3593 τάξιν
1563 3529 1834 3600 ἐπέχουσα
1854 3547 1866 3560 ·
1893 3529 1954 3582 τὸ
1978 3529 2029 3582 δὲ

454 3620 733 3674 ἐνδότατον
759 3619 854 3674 καὶ
888 3620 1210 3690 μεσαίτατον
1242 3621 1339 3690 τῆς
1363 3620 1577 3673 λεκίθου
1609 3620 1706 3692 τὴν
1731 3618 1884 3685 τάξιν
1911 3620 2030 3691 ἕχον

451 3711 552 3780 τῆς
583 3714 700 3782 γῆς.
725 3714 786 3765 Ei
811 3711 867 3766 δὲ
896 3713 1070 3783 ύμένα
1093 3712 1185 3766 τὸν
1215 3714 1274 3764 ἐν
1308 3713 1386 3781 τῷ
1414 3712 1507 3783 ὠῷ
1536 3713 1656 3766 ἀντὶ
1683 3712 1776 3766 τοῦ
1817 3713 2030 3784 αἰθέρος

451 3804 724 3875 λάϐωμεν,
748 3805 810 3858 τὸ
834 3805 940 3859 τῶν
969 3805 1194 3877 ὀρνίθων
1223 3806 1364 3874 γάλα
1400 3806 1514 3860 ἀντ’
1541 3807 1703 3875 ἀέρος
1732 3804 1904 3870 ἔσται,
1939 3806 2031 3858 καὶ

450 3898 486 3968 ἡ
527 3895 723 3960 ἔξωθεν
754 3897 1027 3968 περιφορὰ
1064 3897 1164 3967 τῆς
1211 3897 1426 3951 λεκίθου
1462 3900 1582 3952 ἀντὶ
1626 3899 1813 3962 ὓδατος
1835 3915 1847 3927 ”
1882 3898 1943 3951 τὸ
1974 3897 2030 3950 δὲ

451 3987 735 4040 ἐνδότατον
764 3988 860 4040 καὶ
897 3988 1220 4058 μεσαίτατον
1255 3989 1376 4042 ἀντὶ
1423 3989 1523 4059 τῆς
1551 3990 1672 4060 γῆς.
1706 3986 1948 4043 Καθόλου
1973 3986 2030 4040 δὲ

452 4079 550 4132 ἐὰν
578 4078 738 4132 πέντε
769 4078 1004 4150 σφαίρας
1043 4078 1288 4150 εἴπωμεν
1325 4079 1466 4134 κατά
1508 4080 1599 4157 τὸν
1630 4079 2027 4149 Ἀριστοτέλην,

452 4168 512 4223 τὸ
536 4169 814 4224 ἐνδότατον
840 4171 937 4242 τῆς
976 4169 1190 4224 λεκίθου
1233 4171 1352 4224 ἀντὶ
1383 4170 1484 4240 τῆς
1525 4172 1630 4242 γῆς
1668 4169 2031 4242 παραληφθή-

455 4275 606 4314 σεται
624 4278 638 4291 ο
671 4260 766 4314 ἐὰν
796 4260 854 4313 δὲ
882 4260 1150 4332 τέσσαρας
1177 4263 1321 4314 κατά
1347 4261 1476 4324 τοὺς
1507 4260 1722 4326 ἄλλους,
1751 4260 1846 4333 ὅλη
1878 4263 1910 4332 ή
1940 4260 2027 4315 λέ-

452 4351 601 4415 κιθος
629 4352 750 4406 ἀντὶ
785 4352 884 4422 τῆς
911 4353 1015 4424 γῆς
1041 4352 1214 4417 ἔσται,
1242 4353 1303 4405 οὐ
1331 4352 1474 4407 κατά
1516 4357 1585 4407 τὸ
1611 4352 1859 4423 μέγεθος,
1893 4351 2038 4406 ἀλλά

454 4445 593 4496 κατὰ
615 4447 717 4518 τὴν
746 4445 918 4510 τάξιν.
1725 4443 1727 4445 ’

526 4622 652 4678 Ὅτι
678 4623 736 4676 δὲ
762 4623 857 4676 καὶ
877 4626 1105 4696 ἔστηκεν
1134 4627 1167 4696 ἡ
1217 4627 1311 4697 γῆ,
1356 4626 1762 4698 παραδείγματι
1789 4626 2026 4697 χρῶνται

453 4715 646 4786 τούτῳ.
675 4710 744 4767 Εἴ
762 4731 866 4776 τις,
905 4713 1089 4782 φασὶν,
1139 4719 1218 4779 είς
1259 4716 1472 4786 φύσκαν
1503 4717 1735 4789 κέγχρον
1785 4717 1956 4787 βάλοι,
1993 4718 2026 4788 ἢ

455 4808 654 4862 κόκκον
675 4804 875 4876 φακοῦ,
911 4806 1006 4860 καὶ
1039 4805 1320 4876 φυσήσειε,
1359 4811 1454 4863 καὶ
1489 4810 1824 4880 ἐμπλήσειεν
1858 4810 2030 4880 αὐτὴν

456 4900 644 4970 ἀέρος’
678 4899 1014 4970 συμϐήσεται
1055 4900 1491 4972 μετεωρισθέντα·
1509 4901 1600 4954 τὸν
1624 4903 1820 4955 κόκκον
1846 4903 1904 4954 ἐν
1934 4901 2029 4972 μέ-

457 5007 537 5061 σῳ
572 4991 668 5062 τῆς
693 4991 934 5054 κύστεως
959 4991 1168 5062 στῆναι.
1200 4993 1310 5046 Καὶ
1331 4991 1430 5064 τὴν
1465 4994 1571 5064 γῆν
1602 4993 1659 5048 δὲ
1689 4993 2029 5063 πανταχόθεν

455 5082 560 5135 ὑπὸ
596 5083 689 5136 τοῦ
726 5082 889 5152 ἀέρος
929 5081 1264 5154 ὠθουμένην,
1308 5084 1612 5155 ἰσορρόπως
1657 5087 1716 5141 ἐν
1757 5085 1836 5157 τῷ
1878 5086 2029 5157 μέσῳ

453 5168 591 5226 εἶναι
630 5173 727 5226 καὶ
770 5172 1009 5226 ἐστάναι.
1052 5172 1124 5224 Ἢ
1177 5173 1341 5226 πάλιν
1384 5171 1572 5243 ὥσπερ
1619 5173 1674 5226 εἴ
1712 5192 1796 5238 τις
1849 5173 2028 5226 λαϐὼν

455 5260 617 5331 σῶμα
655 5260 834 5330 δήσειε
883 5258 1215 5330 πανταχόθεν
1260 5259 1511 5329 σχοινίοις
1532 5300 1547 5324 ,
1596 5262 1690 5315 καὶ
1738 5261 1854 5332 δοίη
1885 5262 2028 5315 τισὶν

455 5353 758 5425 ἰσορρόπως
806 5351 982 5406 ἕλκειν
1031 5353 1118 5404 ἐπ’
1172 5350 1487 5421 ἀκριϐείαςο
1537 5352 1872 5423 συμϐήσεται
1918 5354 2040 5424 γὰρ’

453 5442 786 5514 πανταχόθεν
803 5443 998 5513 ἐπίσης
1032 5443 1461 5514 περιελκόμενον
1485 5443 1672 5514 στῆναι
1718 5446 1812 5498 καὶ
1861 5446 2026 5518 ἀτρε-

456 5537 652 5607 μῆσαι.
688 5535 990 5606 Ξενοφάνης
1017 5536 1074 5589 δὲ
1103 5537 1203 5590 οὐκ
1239 5535 1407 5590 οἴεται
1455 5537 1724 5608 μετέωρον
1751 5533 1892 5591 εἶναι
1927 5539 2034 5610 τὴν

453 5630 578 5701 γῆν,
609 5627 743 5683 ἀλλά
773 5627 923 5680 κάτω
954 5630 1031 5692 είς
1055 5627 1280 5699 ἄπειρον
1312 5629 1572 5700 καθήκειν
1597 5646 1609 5659 ο
1647 5628 1781 5698 φησὶ
1806 5627 1915 5697 γάρ
1939 5646 1954 5662 ο
2024 5659 2029 5668 ,

559 5807 628 5840 ⁸⁸·
743 5808 1057 5878 ποιούμενα.

2135 3252 2258 3308 aliis
2286 3253 2484 3323 placet,
2526 3252 2784 3324 quoniam
2815 3252 2988 3307 aether
3015 3252 3158 3306 idem
3181 3259 3266 3308 est
3303 3266 3368 3306 ac
3403 3252 3602 3307 coelum
3627 3270 3642 3319 ;
3672 3255 3713 3305 a‘

2133 3359 2242 3413 quo
2264 3343 2545 3414 proximus
2577 3351 2659 3398 est
2687 3357 2802 3409 aer,
2833 3342 2936 3397 erit
2965 3343 3018 3396 in
3044 3357 3146 3397 ovo
3179 3342 3493 3397 membrana
3528 3341 3717 3397 instar’

2133 3436 2276 3490 aeris
2305 3454 2317 3490 :
2351 3439 2488 3490 caro‘
2515 3442 2695 3489 autem
2751 3432 2955 3498 albida,
2989 3439 3111 3504 qua:
3158 3433 3212 3487 in
3264 3432 3451 3488 eodem
3500 3440 3605 3498 est,
3655 3433 3714 3489 si

2131 3527 2348 3598 quidem
2383 3528 2495 3583 aeri
2532 3527 2847 3597 respondet,
2880 3541 3034 3596 aqua:
3062 3525 3242 3581 locum
3266 3524 3482 3580 vitellus
3503 3524 3711 3580 habere

2132 3625 2338 3690 potest;
2369 3625 2485 3673 tum
2520 3618 2664 3688 quod
2691 3618 2923 3674 interius
2955 3625 3040 3674 est
3069 3617 3124 3672 in
3147 3616 3328 3673 medio
3358 3616 3564 3678 vitello,
3593 3607 3744 3672 t‘er-"

2132 3726 2246 3765 ram
2297 3711 2583 3781 exprimet.
2653 3709 2748 3766 Sin
2799 3717 2884 3766 est
2946 3715 3008 3763 ut
3071 3707 3447 3764 membranam
3502 3707 3588 3762 ov‘i
3635 3692 3712 3762 ad;

2131 3802 2335 3858 aethera
2379 3801 2684 3858 transferre
2733 3800 3010 3865 malimus,
3067 3813 3166 3870 pro
3213 3812 3341 3854 aere
3373 3797 3710 3876 g’alIin'a’rpnr

2132 3896 2217 3949 lae
2249 3893 2604 3961 habebimus;
2636 3899 2691 3948 et
2723 3891 2892 3948 vitelli
2917 3899 3197 3947 extremus
3239 3889 3480 3945 ambitus
3506 3903 3707 3960 aquam

2132 3984 2429 4040 exhibebit.
2466 3982 2622 4050 Quod
2675 3984 2909 4040 interius
2957 3991 3062 4047 est,
3113 3989 3172 4036 et
3198 3982 3253 4036 in
3295 3980 3511 4048 medio,
3543 3987 3716 4036 terra!

2133 4078 2306 4131 instar
2333 4076 2455 4132 erit.
2487 4075 2568 4130 Ad
2596 4088 2890 4139 summam,
2924 4075 2971 4130 si
2999 4060 3122 4129 cum
3146 4073 3438 4130 Aristotele
3460 4072 3715 4143 quinque

2131 4167 2373 4238 sphatras
2405 4181 2529 4224 esse
2572 4166 2900 4234 dixerimus,
2942 4165 3090 4237 quod
3122 4166 3376 4220 intimum
3411 4170 3496 4221 est
3520 4165 3576 4218 in
3621 4165 3720 4218 vio'

2131 4260 2282 4325 tello,
2326 4267 2498 4314 terra):
2532 4259 2656 4314 loco
2705 4267 2972 4314 sumetur.
3029 4256 3123 4311 Sin
3171 4263 3408 4327 quatuor
3448 4265 3716 4325 putemus

2131 4364 2286 4416 esse,
2321 4349 2468 4420 quod
2513 4349 2608 4402 alii
2641 4355 2898 4416 censent;
2931 4362 3032 4418 pro
3085 4353 3233 4401 terra
3269 4344 3512 4400 vitellum
3561 4344 3716 4399 inte—'

2131 4457 2323 4512 grum,
2373 4455 2483 4495 non
2534 4439 2966 4512 magnitudinis,
3017 4438 3111 4494 sed
3167 4439 3308 4493 situs
3353 4438 3564 4493 ratione
3603 4451 3715 4491 ωι-

2055 4535 2100 4590 D
2128 4533 2362 4604 piemus.

2200 4623 2322 4680 Jam
2354 4623 2498 4694 quod
2535 4622 2831 4678 immobilis
2874 4630 3022 4678 terra
3067 4622 3350 4686 consistat,
3383 4622 3494 4677 hoc
3518 4634 3717 4676 σχοίη-ν

2129 4715 2222 4784 plo
2253 4714 2540 4785 colligunt.
2571 4711 2787 4766 Etenim
2814 4712 2861 4767 si
2906 4711 3056 4782 quis,
3099 4710 3276 4774 aiunt,
3308 4711 3366 4765 in
3397 4709 3711 4766 folliculum

2130 4805 2287 4870 milii,
2323 4819 2423 4860 seu
2470 4802 2746 4859 lenticulae
2788 4815 3020 4871 granum
3058 4799 3304 4870 injiciat,
3354 4807 3415 4855 et
3458 4797 3712 4854 inﬂando

2129 4896 2388 4965 deinceps
2421 4908 2548 4950 aere
2576 4893 2870 4963 compleat,
2899 4892 3101 4947 elatum
3135 4892 3192 4946 in
3214 4891 3445 4947 sublime
3470 4903 3700 4962 granum

2130 4989 2186 5042 in
2241 4987 2433 5042 vesicae
2486 4984 2666 5041 medio
2717 4984 2980 5040 manebit.
3041 4984 3122 5036 Ad
3168 4982 3420 5039 eumdem
3477 4980 3713 5036 modum-
3789 4983 3800 4995 '

2130 5088 2277 5135 terra
2311 5078 2678 5147 undecunque
2726 5077 2796 5131 ab
2844 5091 2973 5131 aere
3004 5076 3184 5146 pulsa,
3235 5083 3298 5128 et
3322 5074 3378 5128 in
3424 5071 3604 5128 medio
3643 5070 3706 5124 li-

2129 5173 2284 5227 brata
2313 5169 2688 5240 suspenditur.
2723 5168 2833 5223 Aut
2861 5166 3320 5238 quemadmodum
3353 5164 3402 5221 si
3425 5163 3547 5236 quis
3579 5176 3716 5217 cor»-

2129 5279 2235 5335 pus
2271 5260 2492 5333 aliquod
2527 5259 2769 5330 undique
2815 5259 3044 5315 funibus
3089 5257 3369 5328 alligatum
3417 5253 3716 5326 aequaliter

2132 5355 2202 5410 ab
2223 5353 2372 5408 omni
2407 5360 2561 5423 parte
2581 5352 2772 5422 jubeat
2797 5348 3018 5414 attrahi,
3051 5345 3443 5416 cumundique
3472 5343 3716 5415 paribus

2130 5445 2422 5502 momentis
2470 5444 2814 5515 impellatur,
2861 5441 3028 5497 stabit
3070 5447 3124 5496 et
3170 5439 3436 5510 quiescet.
3483 5437 3554 5490 At
3600 5433 3708 5491 Xe-

2130 5540 2416 5610 nophanes
2442 5543 2605 5608 negat
2624 5537 2682 5590 in
2703 5524 2878 5591 vacuo
2904 5547 3229 5603 suspensam
3259 5531 3432 5587 teneri
3459 5535 3662 5585 terram
3681 5544 3714 5596 ς.

2132 5631 2227 5689 sed
2246 5632 2302 5688 in
2329 5630 2662 5686 immensum
2689 5626 2841 5684 infra
2852 5627 3162 5698 pertinere;
3195 5623 3275 5680 sic
3294 5622 3439 5680 enim
3464 5619 3712 5682 cecinit:
