4132 6436
378 422 482 480 9ιό

1403 407 1491 462 Αἰ)
1529 407 1798 465 EUSEBII
1827 409 2226 468 CHRONICON
2269 401 2632 465 APPENDIX.

3517 395 3622 452 9η

381 543 560 596 Terra:
581 533 789 607 quidem
813 533 894 588 hic
915 531 1173 607 terminus
1195 537 1500 607 supra_ante
1516 528 1670 598 pedes
1693 531 1944 607 cernitur,

2077 525 2370 607 ἀζηςμρν
2398 524 2532 578 τόδε
2558 519 2764 607 πεῖρας
2797 519 2919 607 ἄνευ
2941 517 3101 606 παρὰ
3144 515 3368 607 πεσςὶν
3387 513 3620 607 lomitas,

388 611 452 664 Et
467 601 852 679 ﬂuit'oberrans
871 620 888 658 :
905 604 1149 674 inﬁmum
1165 611 1338 655 autem
1359 601 1666 654 immensum
1683 601 1947 670 pertingit.

456 781 854 854 Aristophanes
879 789 1061 834 autem
1093 778 1148 832 in
1181 775 1426 832 Nubibus
1455 790 1780 847 suspensam
1807 775 1949 834 illam

407 873 520 926 acit
548 873 636 926 his
667 871 850 926 verbis
883 887 897 924 :

389 981 434 1039 0
467 979 676 1036 domine
703 995 816 1048 rex,
847 979 1094 1032 immense
1125 991 1237 1042 aer,
1270 977 1358 1047 qui
1388 975 1586 1030 obtines
1603 983 1806 1118 [terram
1837 991 1954 1030 sus-

1625 1061 1838 1116 pensam
1865 1062 1884 1098 :

1625 1061 1838 1116 pensum
1865 1062 1884 1098 :

389 1163 484 1220 sed
516 1169 748 1219 stantem
779 1159 1136 1216 nihilominus
1162 1169 1216 1215 et
1239 1159 1542 1234 immotam.
1569 1155 1710 1212 Hinc
1731 1159 1956 1224 Aratus,

599 1378 612 1390 .
659 1377 673 1391 .
721 1376 737 1391 .
783 1335 956 1402 habet,
987 1335 1184 1405 inquit,
1217 1334 1468 1389 libratam
1491 1331 1722 1404 undique

598 1405 666 1461 In
700 1407 872 1462 medio
903 1415 1122 1474 terram,

389 1533 512 1590 quae
537 1525 792 1574 neutram
825 1527 1011 1591 vergat
1041 1519 1100 1573 in
1123 1525 1355 1590 partem.
1377 1516 1582 1574 Verum
1605 1517 1961 1590 Empedocles

388 1619 540 1666 certa
571 1610 860 1667 elementis
887 1611 1008 1666 loca
1047 1625 1158 1667 non
1189 1610 1475 1681 attribuit;
1507 1611 1606 1666 sed
1642 1611 1736 1666 illa
1766 1609 1960 1666 cedere

389 1700 620 1758 invicem
644 1701 878 1768 asserit;
913 1701 1050 1758 adeo
1076 1707 1136 1756 ut
1163 1711 1276 1756 tam
1307 1701 1560 1760 sublimis
1593 1712 1762 1770 terra,
1795 1716 1960 1773 quam

389 1791 710 1865 depressum
739 1794 942 1850 caelum
969 1793 1238 1865 rapiatur.

873 1906 1006 1974 Quae
1030 1907 1099 1962 sit
1125 1917 1323 1964 natura
1351 1909 1490 1967 caeli.

455 1999 510 2055 5.
546 1997 759 2056 leum
797 1999 890 2055 alii
929 1999 1150 2072 igneum
1197 2007 1252 2056 et
1286 2001 1522 2058 solidum
1561 2015 1686 2058 esse
1717 2000 1910 2057 dicunt
1941 2016 1954 2052 :

391 2093 534 2148 intra
555 2091 704 2164 quod
733 2091 981 2163 proxima
1010 2094 1081 2149 sit
1103 2093 1246 2165 ignis
1279 2094 1512 2166 sphaera,
1545 2094 1784 2166 lampadi
1805 2095 1962 2151 simi-

389 2185 461 2241 lis
496 2203 510 2240 :
541 2185 647 2240 nisi
684 2184 831 2256 quod
877 2183 932 2238 in
981 2184 1230 2255 lampade
1279 2201 1500 2242 sursum
1553 2185 1726 2242 tendit
1775 2185 1958 2257 ignis:

390 2277 558 2332 aether
601 2290 734 2332 vero
778 2275 1056 2332 deorsum.
1101 2275 1240 2331 Tum
1277 2278 1520 2332 divinum
1564 2277 1824 2348 quiddam
1865 2294 1964 2349 pu-

393 2385 516 2425 rum
563 2377 618 2425 et
651 2369 921 2425 illibatum
966 2377 1050 2426 est
1087 2369 1286 2438 azther;
1322 2369 1464 2441 ignis
1503 2385 1636 2426 vero
1681 2371 1962 2442 corrumpi

393 2469 593 2534 potest.
625 2460 981 2532 Empedocles
1027 2462 1272 2533 crystalli
1313 2461 1493 2517 simile
1525 2461 1675 2528 facit,
1719 2464 1867 2519 velut
1896 2479 1962 2519 ex

393 2553 566 2624 glacie
592 2560 962 2625 compactum.
987 2553 1394 2610 Anaximander
1423 2555 1648 2610 volucre
1674 2555 1816 2626 ignis
1839 2571 1964 2627 par-

393 2647 589 2716 ticeps.
637 2643 962 2701 Aristoteles
1007 2659 1209 2716 corpus
1257 2661 1324 2701 ex
1360 2645 1558 2718 frigido
1601 2643 1864 2703 constans
1910 2655 1964 2702 et

395 2735 597 2792 calido.
618 2733 729 2792 Nec
753 2736 1006 2792 dubitant
1026 2737 1158 2808 quin
1187 2737 1259 2794 sit
1275 2738 1479 2792 animal
1506 2739 1728 2794 caelum.
1755 2737 1966 2811 Quippe

397 2843 522 2882 cum
545 2835 598 2884 et
618 2843 717 2900 per
750 2843 872 2884 sese
902 2836 1202 2896 moveatur,
1239 2837 1293 2886 et
1325 2830 1516 2886 eodem
1561 2830 1724 2886 modo
1752 2847 1967 2902 semper

397 2919 456 2974 in
489 2920 676 2976 orbem
705 2920 946 2989 cieatur,
978 2927 1142 2992 atque
1181 2921 1250 2976 ab
1299 2921 1491 2977 iisdem
1521 2923 1741 2993 punctis
1775 2923 1843 2977 ad
1873 2935 1967 2978 ea-

397 3011 522 3069 dem
561 3011 942 3068 vicissitudine
973 3020 1232 3085 perpetua
1279 3025 1599 3082 revocetur;
1633 3015 1738 3070 hoc
1785 3016 1966 3088 ipsum

397 3108 578 3158 mente
609 3101 822 3172 pratditi
847 3117 968 3159 esse
983 3102 1274 3159 conﬁrmat
1300 3103 1476 3162 Plato.
1507 3105 1647 3171 Quin
1679 3105 1844 3163 etiam
1876 3121 1968 3162 so-

398 3194 467 3250 lis
494 3209 720 3251 cursum
763 3209 827 3250 ac
871 3195 1014 3251 luna:
1051 3195 1318 3254 circuitus
1363 3198 1662 3264 intuemur,
1697 3209 1750 3256 et
1779 3215 1968 3256 erran-

399 3287 535 3341 tium
587 3295 911 3344 caeterorum
951 3289 1476 3348 circumvolutiones
1521 3298 1576 3364 et
1621 3307 1968 3364 progressus.
1999 3271 2042 3329 (ἶ

399 3377 497 3435 Est
531 3386 712 3435 autem
753 3380 1047 3438 animantis
1085 3381 1190 3436 hoc
1217 3384 1521 3454 proprium,
1563 3397 1597 3438 a
1641 3383 1824 3455 seipso
1855 3399 1974 3440 mo-

399 3471 538 3526 veri.
572 3469 708 3526 Nam
728 3480 784 3528 et
805 3472 860 3527 in
890 3481 1054 3539 terra,
1086 3481 1139 3529 et
1169 3473 1226 3528 in
1248 3489 1392 3544 aere,
1424 3483 1480 3531 et
1517 3475 1575 3530 in
1609 3489 1750 3547 aqua
1770 3477 1974 3549 degunt

403 3563 683 3618 animalia.
719 3561 876 3620 Unde
904 3573 1335 3622 consentaneum
1373 3575 1458 3624 est
1489 3567 1658 3624 etiam
1697 3571 1840 3626 coelo
1892 3577 1976 3625 at-

408 3669 517 3724 que
549 3653 754 3710 aethere
781 3654 1072 3711 contineri.
1103 3655 1182 3712 Ac
1223 3657 1412 3712 nescio
1456 3673 1526 3712 an
1561 3672 1672 3714 non
1703 3656 1975 3716 Homerus

406 3741 525 3814 ipse
551 3743 621 3800 de
647 3744 764 3812 illo,
794 3745 876 3800 sic
908 3753 1168 3818 tanquam
1198 3747 1476 3804 animante
1509 3749 1612 3804 ista
1633 3748 1868 3806 dixerit:

411 3935 478 3991 Et
507 3938 610 4004 sol,
635 3938 727 4008 qui
750 3938 806 3993 in
834 3941 1014 3996 omnia
1043 3941 1320 4012 prospicit,
1349 3950 1404 3998 et
1436 3943 1588 4000 audit
1617 3946 1818 4001 omnia.

407 4049 602 4107 Musici
644 4067 812 4122 porro
853 4055 1226 4112 harmonicam
1261 4057 1382 4113 ειεὶὶ
1423 4073 1548 4116 esse
1595 4059 1976 4118 circuitionem

407 4149 682 4200 asserunt.

479 4230 744 4290 Caeterum
773 4235 868 4290 alii
911 4235 1092 4307 ipsum
1131 4254 1197 4294 ex
1226 4254 1348 4297 sese
1382 4241 1605 4312 quidam
1635 4241 1976 4308 existimant,

409 4323 503 4378 alii
559 4325 903 4385 exhalatione
929 4330 1034 4402 77
1053 4332 1226 4402 pasci,
1277 4349 1400 4406 qum
1446 4335 1598 4390 circa
1651 4335 1830 4407 ipsum
1872 4345 1978 4406 est,

407 4416 658 4472 nonnulli
687 4431 846 4489 aquas
873 4420 1143 4490 sphaeram
1172 4424 1358 4495 pabuli
1389 4439 1513 4482 esse
1541 4425 1664 4481 loco
1711 4427 1978 4484 sentiunt.

411 4505 737 4568 Aristoteles
768 4513 1029 4570 alimento
1057 4527 1222 4587 negat
1251 4533 1390 4590 Opus
1413 4518 1654 4588 habere;
1684 4533 1812 4577 nam
1833 4521 1980 4591 quod

1991 1901 2040 1961 Β

2054 599 2162 652 Καὶ
2183 587 2311 666 ’βὲῖ
2355 587 2742 664 προσπλάζον
2764 609 2778 622 ⁸
2831 591 2898 644 τὸ
2959 589 3116 644 κάτω
3167 587 3219 640 δ’
3262 588 3335 729 ὗς
3379 587 3626 666 ἄπειρον

3307 674 3550 713 teretem.

3307 674 3550 713 κνειται,

2137 781 2522 854 ’Δριστοφάνης
2543 779 2586 834 δ’
2612 781 2671 833 ὲν
2691 773 2987 845 Νεφέλαις
3009 773 3282 845 μετέωρον
3295 771 3462 844 αὐτὴν
3483 768 3622 825 εἴπερ

2054 877 2200 946 λέγει
2217 876 2328 948 γάρ
2342 893 2355 905 ·

2055 991 2130 1048 Ὦ
2158 991 2400 1048 δέσποτ’
2425 989 2579 1055 ἅναξ
2607 987 2879 1059 ἀμέτρητ’
2919 985 3070 1054 Ἆὴρ,
3093 983 3160 1050 ὃς
3187 984 3346 1059 ἔχεις
3373 981 3487 1059 τὴν
3513 979 3630 1051 γῆν

3251 1053 3572 1126 [μετέωρον
3579 1071 3590 1082 ·

2059 1178 2304 1234 ἑστῶσαν
2350 1175 2533 1248 μέντοι
2582 1173 2676 1227 καὶ
2715 1171 2988 1244 ἀκίνητον.
3039 1169 3200 1224 Ὅθεν
3253 1169 3349 1222 καὶ
3397 1166 3628 1238 ’Ἄρατός

2061 1287 2224 1340 φησιν
2247 1285 2259 1298 ·

2275 1397 2340 1416 ...
2373 1356 2494 1426 ἔχει
2518 1356 2580 1410 δ’
2613 1354 2952 1410 ἀτάλαντον·
2985 1351 3220 1420 ἁπάντη

2271 1429 2606 1497 Μεσσηγὺς
2629 1426 2824 1498 γαῖαν·

2065 1520 2314 1595 μηδαμοῦ
2341 1519 2830 1590 ταλαντευομένην.
2879 1517 2936 1570 '0
2978 1515 3036 1570 δὲ
3073 1512 3444 1586 Ἐμπεδοκλῆς
3473 1512 3534 1566 οὐ
3557 1511 3634 1564 δί-

2061 1615 2191 1669 δωσι
2233 1615 2346 1677 τοῖς
2389 1611 2670 1682 στοιχείοις
2703 1609 3056 1681 ’ὡρισμένους
3088 1609 3306 1672 τόπους,
3351 1607 3464 1662 ἀλλ’
3496 1608 3638 1662 ἀντι-

2063 1706 2411 1777 παραχωρείν
2439 1703 2690 1774 ἀλλήλοις
2717 1687 2906 1772 φησιν·
2935 1699 3076 1754 ὥστε
3115 1701 3208 1754 καὶ
3241 1699 3338 1770 τὴν
3367 1699 3472 1768 γῆν
3511 1715 3638 1768 μετ-

2063 1795 2234 1868 έωρον
2257 1793 2535 1867 φέρεσθαι,
2569 1793 2664 1847 καὶ
2697 1793 2759 1846 τὸ
2789 1791 2898 1862 πῦρ
2923 1791 3321 1862 ταπεινότερον.

2549 1903 2646 1970 Τίς
2684 1902 2866 1958 οὐσία
2887 1899 3166 1970 οὐρανοῦ.

2137 2003 2204 2050 ε’.
2224 1993 2327 2050 Τὸν
2353 1995 2410 2048 δὲ
2431 1993 2658 2065 οὐρανὸν
2687 1993 2737 2046 οἱ
2773 1993 2870 2063 μὲν
2905 1989 3123 2064 πυρώδη
3151 1985 3290 2044 εἶναι
3325 1989 3422 2043 καὶ
3454 1990 3640 2062 στερέ-

2071 2105 2249 2161 μνιον·
2279 2087 2428 2150 ἐντὸς
2451 2086 2508 2140 δὲ
2537 2084 2702 2139 αὐτοῦ
2743 2083 2840 2137 τοῦ
2875 2083 3086 2156 αἰθέρος
3115 2081 3216 2154 τὴν
3251 2085 3486 2153 σφαῖραν
3516 2085 3636 2152 ἑχο-

2072 2180 2238 2251 μένην
2271 2178 2458 2250 ὥσπερ
2489 2175 2676 2230 δαλόν·
2718 2174 2991 2246 διαφέρειν
3031 2173 3086 2226 δὲ
3140 2172 3364 2244 ταύτην,
3403 2167 3438 2246 ᾗ
3471 2174 3501 2226 ὁ
3538 2172 3638 2244 μὲν

2068 2271 2224 2333 δαλὸς
2247 2267 2524 2339 ἀνωφερὲς
2551 2265 2663 2336 ἔχει
2701 2265 2762 2318 τὺ
2787 2264 2918 2336 πῦρ,
2945 2266 2973 2318 ὁ
3007 2261 3065 2316 δὲ
3096 2263 3260 2334 αἰθὴρ
3289 2261 3602 2333 κατωφερὲς
3619 2276 3635 2292 ·

2071 2363 2165 2417 καὶ
2194 2361 2273 2433 τῷ
2314 2361 2374 2415 τὺ
2428 2360 2525 2432 μὲν
2561 2359 2702 2412 θεῖον
2743 2353 2898 2422 εἶναι,
2953 2358 3048 2410 καὶ
3094 2355 3332 2427 καθαρὸν
3375 2355 3466 2410 καὶ
3499 2356 3634 2426 ἁμε-

2071 2456 2344 2528 τάληπτον
2376 2453 2438 2508 τὸ
2487 2452 2582 2506 τοῦ
2621 2451 2857 2522 αἰθέρος,
2895 2449 2956 2503 τὸ
2991 2449 3047 2502 δὲ
3085 2447 3339 2521 φθαρτόν.
3383 2445 3644 2517 Ἐμπεδο-

2071 2549 2205 2620 κλῆς
2255 2548 2311 2601 δὲ
2359 2544 2740 2620 κρυσταλλώδη
2792 2544 2978 2597 τοῦτον
3025 2537 3163 2596 εἷναί
3211 2557 3396 2612 φησιν,
3445 2541 3509 2592 ὲκ
3549 2535 3642 2592 τοῦ

2073 2643 2418 2714 παγετώδους
2463 2641 2810 2709 συλλεγέντα·
2861 2636 3277 2708 ’Δναξίμανδρος
3330 2635 3388 2688 δὲ
3441 2633 3646 2704 πτηνὸν

2073 2735 2243 2808 πυρὸς
2274 2733 2592 2806 μετέχοντα·
2640 2727 3014 2802 Ἀριστοτέλης
3046 2727 3102 2780 δὲ
3144 2725 3302 2796 σῶμα
3339 2727 3404 2778 ὲκ
3433 2723 3644 2796 ψυχροῦ

2073 2829 2168 2883 καὶ
2189 2826 2414 2899 θερμοῦ.
2439 2825 2584 2878 Ζῶον
2604 2823 2660 2876 δέ
2689 2837 2853 2892 φασιν
2878 2815 3017 2874 εἶναι
3049 2820 3140 2872 τὸν
3169 2817 3400 2888 κόσμοψ
3431 2817 3508 2887 τῷ
3536 2815 3645 2887 γὰρ

2073 2923 2424 2992 αὐτοκίνητον
2449 2915 2585 2972 εἶναι
2613 2917 2796 2977 αὑτὸν,
2822 2916 2916 2970 καὶ
2943 2913 3085 2968 κατὰ
3105 2912 3172 2966 τὰ
3213 2911 3351 2966 αὐτὰ
3373 2911 3472 2983 τήν
3495 2926 3646 2980 περι-

2075 3013 2246 3086 φορὰν
2271 3013 2357 3066 ἀεὶ
2386 3009 2674 3074 ποιεῖσθαι,
2701 3009 2796 3062 καὶ
2819 3008 2927 3062 ἀπὸ
2947 3006 3058 3060 τῶν
3085 3004 3264 3059 αὐτῶν
3287 3003 3528 3076 σημείων
3553 3001 3649 3054 ἐπὶ

2073 3106 2146 3160 τὰ
2183 3105 2320 3160 αὐτὰ
2352 3101 2758 3176 περιδινεῖσθαι,
2799 3099 2924 3155 νοῦν
2971 3097 3184 3170 ἔχοντός
3227 3097 3375 3162 ἐστι,
3428 3095 3590 3166 φησὶν
3619 3094 3650 3147 ὁ

2075 3201 2322 3256 Πλάτων.
2365 3197 2524 3252 Ἀλλὰ
2551 3197 2647 3251 καὶ
2683 3196 2758 3260 ὡς
2785 3195 2922 3260 ζῶον
2955 3193 3224 3262 ζωογονεῖ·
3255 3191 3380 3254 τοὺς
3407 3189 3466 3243 δὲ
3492 3187 3652 3243 ecce-

2079 3313 2179 3369 ρας
2203 3293 2517 3364 γεννήματα
2546 3287 2711 3370 αὑτοῦ
2741 3283 2879 3342 εἶναι
2909 3302 3110 3356 φαμεν.
3137 3281 3246 3338 Καὶ
3271 3283 3424 3354 ἡλίου
3446 3280 3504 3334 δὲ
3531 3277 3654 3351 δρό-

2083 3406 2184 3462 μον
2204 3387 2437 3460 ὀρῶμεν,
2461 3383 2557 3438 καὶ
2598 3383 2826 3456 σελήνης
2865 3378 3186 3454 περιφορὰς,
3228 3375 3322 3430 καὶ
3345 3374 3453 3429 τῶν
3479 3371 3654 3427 ἄλλων

2080 3481 2365 3552 πλανήτων
2393 3477 2672 3550 περιόδους
2712 3476 2808 3529 καὶ
2841 3475 3102 3545 κινήσεις.
3137 3470 3295 3524 Ἴδιον
3325 3467 3384 3521 δὲ
3419 3465 3558 3530 ζώου
3589 3464 3653 3517 τὸ

2080 3571 2169 3641 ὑφ’
2203 3569 2369 3624 αὑτοῦ
2409 3567 2696 3622 κινεῖσθαι.
2734 3566 2845 3619 Καὶ
2885 3563 2992 3635 γὰρ
3041 3565 3100 3616 ἐν
3143 3563 3213 3632 γῇ
3247 3559 3341 3613 καὶ
3385 3557 3528 3629 ἀέρι,
3559 3554 3653 3609 καὶ

2082 3663 2236 3718 ὕδατι
2267 3661 2384 3728 ζῶά
2419 3662 2556 3714 ὲστι.
2603 3659 2695 3712 Διὸ
2743 3655 3032 3712 ἀκόλουθον
3071 3655 3164 3708 καὶ
3207 3655 3264 3706 ὲν
3296 3649 3528 3723 οὐρανῷ,
3558 3647 3656 3702 καὶ

2081 3755 2258 3828 αἰθέρι
2301 3750 2460 3808 εἶναι.
2507 3753 2730 3824 Μήποτε
2779 3750 2963 3822 μέντοι
2998 3747 3094 3802 καὶ
3120 3747 3366 3818 Ὅμηρος
3403 3743 3480 3807 ὡς
3517 3741 3658 3814 πρὸς

2082 3845 2220 3911 ζῶόν
2247 3861 2410 3915 φησιν
2431 3858 2447 3873 ⁸

2096 3955 2323 4020 Ἠέλιός
2355 3955 2426 4020 θ’,
2454 3953 2522 4020 ὃς
2553 3951 2726 4007 πάντ’
2769 3951 2976 4022 ἐφορᾷ,
3020 3951 3118 4005 καὶ
3155 3947 3328 4004 πάντ’
3352 3945 3654 4002 ἐπακούει.

2083 4072 2146 4124 Οἱ
2171 4070 2229 4124 δὲ
2278 4071 2524 4140 μουσικοὶ
2573 4066 2876 4138 ἁρμονικὴν
2925 4063 3018 4118 τοῦ
3068 4061 3298 4135 οὐρανοῦ
3347 4058 3512 4115 αὐτοῦ
3557 4058 3657 4128 τὴν

2083 4159 2386 4235 περιφορὰν
2411 4141 2662 4228 λέγουσιν
2683 4154 2854 4211 εἷναι.“

2153 4255 2340 4324 Τροφῇ
2369 4251 2428 4306 δὲ
2449 4251 2674 4322 χρῆται,
2697 4249 2774 4313 ὡς
2802 4249 2900 4320 μέν
2925 4264 3089 4314 τινες,
3109 4246 3238 4317 παρ’
3267 4242 3480 4298 ἑαυτοῦ·
3509 4241 3658 4296 ἄλλοι

2083 4347 2140 4401 δὲ
2171 4344 2531 4415 ἀναθυμιάσει
2551 4345 2618 4413 τῇ
2645 4345 2773 4414 περὶ
2795 4339 2955 4396 αὐτόν
2971 4340 3142 4404 ’τινὲς
3175 4337 3232 4392 δὲ
3257 4339 3324 4408 τῇ
3355 4335 3449 4390 τοῦ
3469 4333 3658 4397 ὓδατος

2088 4437 2310 4508 σφαίρᾳ.
2328 4437 2384 4489 Ἀ
2393 4433 2704 4507 ριστοτέλης
2717 4433 2774 4486 δὲ
2799 4434 2872 4504 μὴ
2884 4430 3089 4486 δεῖσθαι
3100 4431 3306 4502 τροφῆς
3317 4429 3478 4482 αὐτὸν
3487 4428 3654 4492 λέγει’

2085 4533 2146 4586 τὸ
2177 4531 2284 4604 γὰρ
2309 4531 2558 4603 δεόμενον
2579 4527 2816 4600 φθαρτόν
2835 4543 2850 4558 ·
2873 4529 2904 4581 ὁ
2925 4527 2982 4580 δὲ
3000 4525 3168 4589 atate;
3189 4527 3306 4578 ἐστι
3329 4526 3450 4577 κατ’
3471 4517 3654 4572 αὐτόν.

407 4615 476 4657 eo
503 4601 732 4676 indiget,
761 4607 1122 4678 corruptibile
1147 4619 1234 4666 est
1261 4628 1276 4666 :
1309 4610 1512 4666 cmlum
1545 4619 1729 4667 autem
1775 4613 1973 4682 sempi-

2099 4619 2158 4670 '0
2191 4601 2265 4671 at
2289 4601 2516 4672 Πλάτων
2561 4616 2652 4670 τὸν
2703 4615 2800 4688 μὲν
2861 4615 3048 4687 νοητὸν
3097 4613 3304 4686 ,κόσμον
3359 4607 3526 4662 ἀΐδιον
3565 4608 3658 4660 καὶ

409 4699 623 4748 ternum
655 4695 725 4751 ab
764 4697 958 4754 eodem
999 4701 1242 4770 ponitur.
1275 4701 1478 4758 Verum
1511 4700 1670 4758 Plato
1717 4703 1982 4760 mundum

407 4787 802 4857 intelligibilem
845 4802 1114 4850 aeternum
1159 4803 1218 4852 et
1267 4798 1648 4870 incorruptum
1701 4813 1827 4856 esse
1869 4807 1985 4856 sta-

405 4881 533 4948 tuit,
569 4881 890 4938 sensibilem
917 4901 1050 4942 vero
1077 4901 1243 4957 posse
1283 4893 1588 4962 corrumpi,
1627 4893 1890 4965 quoniam
1933 4893 1982 4948 si

339 4969 348 4978 '
407 4971 692 5028 sensibilis
729 4981 838 5041 est,
891 4976 1072 5034 iactus
1129 4980 1202 5036 sit
1243 4990 1460 5052 oportet
1501 4985 1986 5057 corruptionisque

406 5078 605 5134 capax.
651 5063 922 5125 Prmterea
957 5071 1154 5127 scribit
1192 5073 1248 5128 in
1287 5073 1540 5142 Politico,
1577 5093 1677 5134 seu
1713 5077 1984 5143 fabulose,

408 5169 506 5209 seu
528 5169 744 5223 revera,
771 5159 978 5231 duplici
1003 5175 1155 5219 metu
1177 5165 1330 5221 illum
1355 5181 1479 5224 esse
1506 5169 1831 5239 praeditum;
1853 5185 1990 5242 quo-

407 5261 532 5304 rum
565 5249 702 5307 alter
726 5259 924 5308 natura
951 5255 1030 5311 illi
1057 5266 1178 5324 sua,
1204 5261 1346 5316 alter
1373 5275 1406 5316 a
1431 5261 1544 5320 Deo
1569 5264 1874 5335 impressus
1897 5279 1990 5318 ac-

411 5337 562 5394 cidit.
596 5343 676 5399 Ac
703 5359 828 5400 cum
865 5355 1115 5406 movetur
1140 5367 1172 5406 a
1215 5353 1348 5422 Deo,
1386 5355 1640 5414 ordinate
1664 5358 1864 5422 cietur,
1897 5357 1986 5412 in-

411 5427 550 5496 quit,
593 5439 650 5486 et
688 5445 1037 5508 constanter;
1065 5457 1192 5498 cum
1231 5459 1264 5498 a
1299 5445 1481 5516 seipso
1509 5463 1661 5515 vero,
1705 5448 1982 5504 contrario

413 5528 564 5576 motu
587 5525 797 5596 rapitur
825 5537 880 5585 et
907 5537 1302 5607 corrumpitur,
1333 5539 1509 5596 donec
1539 5555 1734 5597 rursus
1759 5542 1984 5596 accedat

413 5611 580 5678 Deus,
619 5625 674 5670 et
696 5620 900 5686 aurigae
925 5624 1102 5682 instar
1129 5630 1422 5688 moderans
1453 5633 1747 5704 priStinum
1772 5633 1828 5688 in
1857 5649 1984 5690 cur-

2087 4707 2362 4780 ᾰφθαρτον
2397 4707 2569 4777 λέγει,
2613 4706 2706 4762 τὸν
2749 4706 2808 4760 δὲ
2853 4703 3108 4774 αἰσθητὸν
3141 4699 3397 4771 φθαρτόν.
3443 4700 3508 4753 Ei
3550 4699 3660 4772 γὰρ

2087 4800 2342 4872 αἰσθητός
2375 4802 2512 4864 ἐστι,
2557 4799 2652 4854 καὶ
2687 4797 2910 4868 γενητὸς
2961 4793 3202 4867 δηλονότι
3257 4793 3352 4846 καὶ
3397 4790 3658 4864 φθαρτός.

2092 4893 2233 4958 Ἔτι,
2271 4893 2404 4963 φησὶ
2425 4892 2474 4924 ⁸⁸
2497 4889 2578 4962 τῷ
2607 4886 2918 4954 Πολιτικῷ,
2955 4888 3066 4942 εἴτε
3099 4885 3342 4957 μυθικῶς
3365 4885 3478 4939 εἴτε
3505 4901 3662 4955 φυσι-

2089 4985 2222 5050 κῶς,
2261 4983 2470 5055 κίνησιν
2495 4981 2637 5053 ἔχειν
2658 4979 2840 5052 διττήν
2861 4995 2876 5010 ο
2913 4978 3014 5052 τὴν
3051 4979 3148 5050 μὲν
3175 4977 3265 5047 ὑφ’
3299 4976 3526 5044 ἑαυτοῦ,
3561 4975 3664 5046 τὴν

2089 5078 2146 5132 δὲ
2177 5077 2281 5130 ὑπὸ
2311 5075 2407 5130 τοῦ
2437 5073 2596 5128 Θεοῦ.
2628 5073 2742 5128 Καὶ
2767 5073 2856 5126 ὅτε
2885 5071 2984 5143 μὲν
3005 5070 3112 5126 ὑπὸ
3135 5069 3229 5124 τοῦ
3249 5069 3386 5124 Θεοῦ
3405 5071 3660 5131 κινεῖται,

2085 5170 2358 5233 εὐτακτεῖ,
2408 5167 2506 5221 καὶ
2557 5165 2698 5221 κατὰ
2755 5165 2822 5220 τὰ
2873 5165 3011 5220 αὐτὰ
3053 5165 3278 5236 φέρεται
3292 5183 3320 5216 ·.
3347 5165 3434 5218 ὅτε
3475 5163 3531 5217 δὲ
3569 5161 3660 5230 ὑφ’

2084 5261 2310 5330 ἑαυτοῦ,
2345 5261 2442 5332 τήν
2481 5260 2730 5314 ἐναντίαν
2775 5257 2950 5329 φορὰν
2999 5259 3248 5322 κινεῖται,
3283 5255 3379 5310 καὶ
3415 5255 3662 5325 διαφθεί-

2086 5371 2269 5426 ρεται,
2309 5352 2417 5405 ἐστ’
2458 5353 2524 5406 ἂν
2565 5353 2758 5421 ἐπιστῇ
2791 5349 2954 5404 πάλιν
2985 5350 3014 5402 ὁ
3049 5347 3204 5412 Θεὸς,
3233 5349 3329 5402 καὶ
3367 5347 3662 5420 ἡνιοχήσας

2085 5445 2511 5516 ἀποκαταστήσῃ
2543 5445 2620 5507 εἰς
2647 5443 2748 5514 τὴν
2773 5441 3004 5514 ἀρχαίαν
3033 5441 3266 5512 κίνησιν,
3295 5438 3662 5509 ἀνακύκλησιν

2089 5537 2471 5608 ποιησάμενος.
2519 5533 2838 5605 Ὠνόμασται
2883 5533 2940 5586 δὲ
2983 5533 3186 5604 κόσμος
3233 5531 3384 5602 παρὰ
3413 5531 3512 5602 τὴν
3553 5528 3662 5582 τῶν

2093 5629 2421 5700 συμπάντων
2450 5625 2828 5696 διακόσμησιν.

415 5707 650 5766 riculum
699 5717 958 5774 restituat
1009 5737 1071 5778 ac
1123 5727 1385 5783 revolvat.
1450 5729 1671 5802 Κόσμος
1719 5728 1862 5786 idem
1912 5728 1985 5785 ob
2017 5724 2434 5798 dispositionem
2497 5719 2741 5776 omnium
2785 5719 2840 5773 in
2869 5734 2936 5775 eo
2966 5733 3148 5775 rerum
3179 5719 3400 5774 dicitur.

503 5817 552 5852 ⁸⁸
575 5818 616 5886 f.
645 5820 772 5875 add.
802 5823 882 5877 ἐν.
