4132 6416
435 413 544 473 ειε

1173 400 1494 461 ACHILLIS
1525 398 1712 458 TATll
1749 391 2044 454 ISAGOGE
2081 391 2173 446 AD
2208 390 2421 448 ARATl
2453 388 2926 449 ΡΗᾸῦΝΟΜΕΝᾹ.

3562 388 3670 447 946

503 525 768 598 Διόδωρος
797 524 855 578 δὲ
881 521 1087 594 έξαχῶς
1107 521 1197 576 τὸν
1221 521 1424 592 κόσμον
1457 521 1590 592 φησὶ
1620 518 1878 582 νοεῖσθαι,
1911 513 1996 586 ἐφ’

2167 509 2439 568 Diodorus
2469 527 2565 570 sex
2599 513 2774 571 modis
2813 510 3042 583 intelligi
3077 524 3240 581 posse
3270 508 3533 566 mundum
3584 525 3672 566 as-

435 621 663 676 ἑκάστου
699 618 905 672 ἔννοιαν
937 615 1110 680 διδοὺς
1139 613 1328 679 οὕτως.
1358 614 1578 684 Κόσμος
1609 615 1727 667 ἐστὶ
1751 613 2004 684 σύστημα

433 712 494 778 ἐξ
519 711 747 783 οὐρανοῦ
773 710 867 764 καὶ
898 709 1023 780 γῆς,
1058 707 1281 762 καὶτῶν
1317 707 1519 778 μεταξὺ
1547 706 1780 775 φύσεων.
1813 706 2002 770 Πάλιν,

431 805 635 877 κόσμος
658 805 803 858 ἐστὶν
831 802 1140 874 οἰκητήριον
1176 800 1332 856 θεῶν.
1377 799 1492 854 Νῦν
1524 795 1617 854 οῦν
1646 799 1707 853 τὸ
1735 798 2006 870 πλήρωμα

432 901 579 970 λέγει
604 897 762 961 ὲκτδς
789 895 898 950 τῶν
925 897 983 949 ὲν
1015 893 1180 965 αὐτῷ.
1205 883 1439 966 ῘΤρετον,
1473 892 1502 946 6
1534 892 1738 963 κόσμος
1763 892 1880 945 ἐστὶ
1909 891 2004 944 σύ-

434 1007 615 1063 στημα
646 989 712 1042 ὲκ
757 987 895 1042 θεῶν
939 987 1032 1040 καὶ
1078 984 1495 1057 ἀνθρώπωνηη.
1533 983 1688 1037 τοῦτο
1738 983 1897 1054 μόνον
1926 981 2004 1052 τῷ

433 1081 534 1153 βίῳ
558 1098 572 1112 ’
602 1081 679 1144 ὡς
702 1080 757 1133 εῐ
785 1097 869 1142 τις
909 1077 1056 1148 λέγει
1080 1094 1094 1108 ’
1126 1077 1284 1140 Πόλις
1317 1076 1466 1129 ἐστὶν
1503 1075 1564 1141 ἐξ
1604 1075 1880 1147 ἀρχόντων
1910 1074 2005 1128 καὶ

431 1172 1072 1246 ἀρχομένων.’Τέταρτον
1100 1173 1305 1242 κόσμος
1351 1171 1496 1224 ἐστὶν
1538 1170 1734 1241 αἰθήρο
1777 1164 2005 1233 οὗτοςδὲ

433 1264 544 1338 πῦρ
582 1265 868 1337 εἰλικρινὲς
915 1265 991 1318 ὢν
1035 1262 1343 1334 κατώτερὸς
1383 1264 1427 1296 ⁸⁷
1466 1264 1582 1316 ἐστι
1628 1259 1727 1316 τοῦ
1775 1262 2004 1332 φυσικοῦ

431 1359 657 1429 κόσμου.
712 1358 999 1429 Πέμπτον,
1053 1356 1254 1428 κόσμος
1305 1356 1451 1410 ἐστὶν
1497 1359 1530 1427 ή
1587 1355 1695 1409 τῶν
1750 1354 2004 1410 ἀπλανῶν

434 1454 657 1523 σφαῖρα.
705 1451 908 1505 Τούτου
954 1452 1048 1505 καὶ
1099 1451 1323 1506 Πλάτων
1363 1453 1420 1506 ὲν
1469 1451 1679 1521 Τιμαίῳ
1714 1449 2000 1521 μέμνηται.

433 1541 652 1606 Ἕκτον,
719 1542 923 1613 κόσμος
977 1543 1124 1596 ἐστὶν
1173 1543 1202 1596 6
1255 1543 1626 1613 διακοσμήσας
1679 1541 1748 1595 τὰ
1804 1541 2000 1596 πάντα.

434 1631 619 1684 Ἐοικε
647 1630 703 1684 δὲ
731 1629 880 1702 νῦνή
912 1631 1146 1702 Πρόνοια
1189 1629 1460 1698 λέγεσθαι.
1483 1629 1556 1682 Τὸ
1583 1629 1637 1681 δὲ
1661 1629 1769 1682 πᾶν
1801 1627 2004 1700 κόσμον

429 1723 748 1795 Πυθαγόρας
769 1721 1025 1776 ἐκάλεσεν
1057 1723 1121 1778 ὲκ
1148 1722 1248 1791 τῆς
1270 1721 1681 1792 διακοσμήσεως
1703 1734 1718 1749 '
1745 1719 1916 1783 οὐδεὶς
1948 1718 2004 1772 δὲ

431 1813 537 1885 πρὸ
562 1812 747 1866 αὑτοῦ.
787 1811 860 1867 Τὸ
896 1813 954 1865 δὲ
986 1814 1094 1867 πᾶν
1125 1812 1219 1866 τοῦ
1251 1810 1562 1882 ὅλου-παρὰ
1599 1813 1710 1874 τοῖς
1746 1812 2004 1872 Στωϊκοῖς

429 1905 695 1979 διαφέρει.
744 1907 904 1962 Ὀλον
959 1905 1057 1977 μὲν
1106 1906 1214 1978 γὰρ
1263 1906 1477 1974 λέγουσι
1507 1905 1598 1959 τὸν
1638 1905 1861 1976 κόσμον,
1897 1905 2004 1958 πᾶν

431 1998 487 2052 δὲ
528 1998 668 2070 μετὰ
686 1997 780 2051 τοῦ
811 1997 989 2055 κενοῦ.
1023 1998 1298 2070 Τηρητέον
1320 1999 1387 2063 ⁸³,
1411 2000 1492 2052 ὅτι
1523 1997 1758 2069 οὐδαμοῦ
1783 1998 1850 2051 δι’
1882 1998 2002 2051 ὅλου

431 2090 636 2162 κόσμος
667 2089 839 2154 οὕτως
875 2090 1201 2162 ὠνόμασται.
1237 2091 1479 2164 Οὐρανὸς
1500 2091 1556 2145 δὲ
1581 2091 2001 2164 ήτυμολόγηται,

431 2181 548 2251 ἤτοι
579 2182 700 2235 ἐπεὶ
729 2182 854 2252 ὅρος
879 2181 1104 2246 παλαιός
1129 2183 1274 2237 ἐστιν
1293 2199 1306 2214 ’
1342 2182 1374 2254 ἦ
1399 2184 1520 2237 ἐπεὶ
1541 2184 1882 2258 σφαιροειδὴς
1905 2184 2000 2251 ὢν,

430 2270 640 2325 ἔνδοθεν
669 2272 832 2326 αὐτοῦ
871 2275 1019 2344 ήμᾶς
1063 2275 1203 2345 ἀρεῖ,
1234 2275 1263 2328 ὃ
1305 2275 1420 2330 ἐστι
1466 2275 1726 2344 φυλάσσει
1753 2295 1767 2309 ο
1808 2277 1842 2348 ἦ
1881 2278 2004 2332 ἐπεὶ

429 2361 702 2428 ἀνώτατός
727 2365 862 2419 ἐστι.
894 2366 966 2419 Τὸ
999 2365 1056 2419 δὲ
1083 2366 1210 2438 ὅρου
1255 2366 1319 2420 τὺ
1375 2367 1486 2422 ἄνω
1536 2367 1730 2440 δηλοῦν
1777 2368 2004 2440 Φρυγῶν

431 2453 582 2522 ῐδιον,
620 2455 696 2520 ὡς
716 2456 1093 2527 Νεοπτόλεμος
1122 2458 1182 2512 ὲν
1219 2461 1340 2523 ταῖς
1367 2461 1647 2529 Φρυγίαις
1681 2463 1901 2530 φωναῖς
1926 2478 1942 2493 ⁹
1967 2461 2001 2535 ἢ

427 2547 538 2602 ἀπὸ
569 2549 660 2603 τοῦ
689 2550 916 2622 δρᾶσθαι
940 2567 952 2581 ·
989 2551 1021 2622 ἢ
1057 2551 1166 2606 ἀπὸ
1192 2551 1286 2606 τοῦ
1326 2552 1535 2626 ὀρούειν
1555 2569 1568 2583 ·
1601 2555 1829 2608 κινεῖται
1866 2554 1999 2624 γάρ·

332 2641 337 2647 ’
427 2639 462 2711 ἢ
491 2639 598 2694 ἀπὸ
621 2641 716 2695 τοῦ
747 2636 904 2716 οὖρος
937 2641 1094 2709 εἶναι,
1132 2645 1226 2698 καὶ⁵
1262 2644 1488 2715 ἔσχατος
1509 2645 1652 2717 ὄρος.
1688 2645 1917 2714 Λέγεται
1946 2645 2004 2698 δὲ

428 2730 713 2803 πολλαχῶς
740 2734 966 2806 οὐρανὸς
1010 2737 1043 2806 ή
1093 2734 1202 2790 τῶν
1240 2735 1493 2790 ἀπλανῶν
1540 2739 1766 2809 σφαῖρα.
1822 2737 2005 2808 Ζήνων

425 2824 560 2892 γοῦν
591 2827 621 2880 ὁ
651 2827 886 2892 Κυτιεὺς
913 2826 1086 2893 οὕτως
1115 2830 1276 2884 αὐτὸν
1301 2829 1564 2902 ὡρίσατο·
1604 2829 1832 2902 οὐρανός
1859 2831 2004 2886 ἐστιν

427 2915 645 2989 αἰθέρος
692 2918 753 2972 τὸ
807 2918 1053 2990 ἔσχατον,
1097 2921 1155 2988 ὲξ
1209 2915 1289 2987 οὗ,
1339 2923 1433 2975 καὶ⁵
1479 2923 1537 2976 ὲν
1575 2916 1620 2990 ᾧ
1676 2925 1789 2976 ἐστι
1829 2923 2005 2976 πάντα

428 3009 721 3080 ἐμφανῶς·
766 3011 1010 3084 περιέχει
1050 3012 1159 3084 γὰρ
1201 3014 1378 3067 πάντα
1422 3013 1560 3086 πλὴν
1611 3015 1792 3069 αὐτοῦ.
1840 3015 2005 3069 Οὐδὲν

428 3099 540 3171 γὰρ
573 3102 735 3156 ἑαυτὸ
775 3103 1051 3175 περιέχειο
1097 3104 1210 3158 ἀλλ’
1253 3105 1440 3177 ἑτέρου
1483 3107 1600 3159 ἐστὶ
1637 3107 2000 3178 περιεκτικόν.

2033 1873 2077 1930 Β

429 3193 538 3247 Τοῦ
559 3195 616 3247 δὲ
647 3194 818 3259 οὕτως
843 3195 1150 3267 ὡρισμένου
1192 3196 1421 3269 ούρανοῦ
1451 3197 1725 3271 μέμνηται
1750 3201 1843 3254 καὶ
1868 3199 2004 3253 Πλά·
2027 3226 2072 3288 c

428 3301 557 3350 των,
591 3286 686 3339 καὶ
717 3286 1096 3359 Ἀριστοτέλης
1141 3288 1200 3342 ὲν
1248 3289 1485 3362 δευτέρῳ
1531 3291 1672 3360 Περί
1719 3293 2002 3360 οὐρανοῦ.

429 3374 663 3444 Λέγεται
694 3376 752 3429 δὲ
796 3376 1023 3447 οὐρανὸς
1065 3380 1157 3433 καὶ
1210 3381 1244 3452 ή
1292 3380 1521 3435 ἑκάστου
1573 3382 1684 3437 τῶν
1719 3383 2004 3455 πλανήτων

432 3467 670 3538 σφαῖρα·
704 3467 825 3521 καθ’
860 3467 918 3521 ὃν
959 3469 1116 3539 λόγον
1147 3471 1206 3523 ὲν
1237 3472 1450 3544 οὐρανῷ
1489 3491 1667 3545 φαμεν
1700 3468 1859 3531 εἶναι.
1895 3465 2022 3531 Kal.

430 3560 512 3614 ἔτι
541 3560 764 3632 οὐρανὸς
789 3563 897 3626 πᾶς
921 3563 950 3615 6
975 3563 1112 3634 μετὰ
1137 3564 1227 3619 τὸν
1249 3565 1385 3638 ἀέρα
1410 3567 1594 3633 τόπος,
1627 3567 1686 3632 ὃς
1713 3569 2024 3643 εἰλικρινής·

429 3654 580 3707 ἐστιν
611 3653 796 3726 αἰθήρ.
825 3655 935 3709 Καὶ
976 3654 1057 3709 ἔτι
1099 3657 1325 3727 οὐρανός
1372 3657 1487 3713 ἐστι
1518 3661 1626 3714 πᾶν
1663 3659 1724 3713 τὺ
1751 3661 2006 3732 ὑπεράνω

431 3746 763 3818 βλεπόμενον
793 3751 859 3820 τῇ
898 3748 1039 3818 ὄψει,
1075 3749 1212 3803 καθὸ
1239 3751 1435 3824 ὁρατόν
1468 3754 1604 3816 ἐστι,
1639 3753 1732 3806 καὶ
1763 3751 1910 3818 ὅπως
1939 3752 2004 3808 ἂν

428 3837 660 3902 ἕκαστος
685 3838 942 3911 ὀξύτητος
983 3839 1096 3911 ἔχοι
1131 3841 1366 3911 βλέπειν,
1399 3843 1507 3896 Καὶ
1534 3842 1614 3897 ἔτι
1655 3842 1880 3914 οὐρανὸς
1915 3842 2003 3895 λέ-

429 3946 585 3999 γεται
613 3932 642 3984 6
680 3931 904 4003 κόσμος,
935 3925 1022 4006 ,οὗ
1065 3935 1160 3989 καὶ
1211 3935 1436 3990 Πλάτων
1489 3935 1758 4007 μέμνηται
1789 3935 1891 3990 ἐπὶ·
1911 3935 2002 3988 τοῦ

430 4018 605 4091 ἡλίου,
641 4039 659 4072 ι
703 4019 764 4076 ’0
797 4022 895 4092 μὲν
922 4021 985 4095 δὴ
1017 4022 1192 4094 μέγας
1220 4025 1278 4078 ὲν
1321 4023 1533 4096 οὐρανῷ
1565 4025 1719 4092 Ζεὺς,
1757 4044 1776 4077 ι
1813 4023 2000 4078 εἰπών.

430 4111 751 4186 Ἐπίκουρος
781 4113 837 4169 δὲ
871 4113 1096 4180 πολλοὺς
1125 4117 1359 4188 κόσμους
1389 4116 1721 4184 ὑποτίθεται,
1749 4116 1844 4173 καὶ⁵
1874 4119 1902 4171 6
1926 4117 2003 4170 die

432 4203 696 4272 δάσκαλος
725 4207 890 4262 αὑτοῦ
929 4209 1308 4283 Μητρόδωρος.
1641 4226 1646 4232 ’
1971 4202 1976 4206 ἰ

841 4499 981 4568 Περὶ
1011 4499 1319 4569 σχήματος
1345 4501 1596 4567 κόσμου.

506 4609 580 4674 ς’.
605 4611 798 4681 Σχῆμα
824 4613 881 4667 δὲ
909 4615 1115 4684 κόσμου
1135 4617 1184 4668 οἱ
1221 4615 1320 4686 μὲν
1347 4614 1628 4676 κωνοειδὲς
1664 4611 1838 4676 εἷπον,
1864 4614 1914 4667 οἱ
1944 4613 2002 4668 δὲ
2032 4572 2079 4628 Β

437 4703 790 4775 σφαιροειδὲς,
820 4707 868 4758 οἱ
907 4705 964 4758 δὲ
1005 4705 1258 4770 ὠοειδές·
1292 4702 1361 4778 ἧς
1405 4707 1564 4776 δόξης
1606 4706 1818 4777 ἔχονται
1859 4706 1909 4759 οἱ
1936 4704 2005 4759 τὰ

447 4793 680 4866 Ὀρφικὰ
719 4795 988 4866 μυστήρια
1044 4795 1339 4878 τελοῦντες.
1389 4797 1694 4867 Σαφηνείας
1740 4797 1798 4850 δὲ
1841 4795 2004 4850 ἓνεκα

437 4885 669 4958 πιθανῆς
707 4886 1027 4958 παρελήφθη
1067 4885 1161 4942 τοῦ
1204 4887 1312 4942 ὠοῦ
1349 4890 1383 4959 ἡ
1425 4888 1608 4942 εἰκών.
1656 4891 1910 4961 Ἄμεινον
1947 4887 2005 4942 δὲ

438 4975 675 5048 σφαίρας
719 4977 1034 5048 ἐκδέχεσθαι
1087 4981 1273 5052 σχῆμα
1321 4980 1467 5052 ἔχειν
1509 4983 1600 5036 τὸν
1643 4981 1870 5055 οὐρανὸν
1911 4981 2004 5035 καὶ

436 5067 505 5122 τὰ
536 5069 594 5122 ὲν
621 5068 790 5141 αὐτῷ,
817 5070 958 5125 κατὰ
986 5070 1078 5125 τὸν
1122 5073 1504 5144 Ἐμπεδοκλέα,
1532 5074 1591 5139 ὃς
1610 5074 1712 5146 ἔφη
1739 5073 1932 5138 οὕτως’

511 5269 786 5339 Σφαῖρος,
822 5273 1213 5343 κυκλοτερὴς,
1224 5275 1420 5345 μούνῃ
1437 5278 1702 5347 περιηγέτ
1724 5280 1967 5349 χαίρων.

509 5382 676 5455 Δῆλον
705 5383 760 5438 δὲ
789 5386 882 5439 καὶ
913 5387 978 5440 ἐκ
1004 5387 1098 5441 τοῦ
1132 5381 1272 5442 εἶναι
1306 5388 1365 5454 ἓξ
1393 5389 1556 5454 (eam
1582 5391 1687 5444 ὑπὸ
1709 5393 1830 5463 γῆν,
1865 5392 1926 5458 ἓξ
1950 5392 2007 5446 δὲ

440 5476 581 5548 ὑπὲρ
609 5477 732 5550 γῆν.
773 5479 888 5532 Ἐπ’
918 5481 1129 5544 οὐδενὸς
1149 5482 1205 5535 δὲ
1226 5483 1386 5538 ἄλλου
1419 5485 1694 5555 σχήματος
1725 5485 1758 5556 ή
1786 5484 2005 5556 τοιαύτη

441 5569 662 5634 εὐταξία
690 5571 783 5624 καὶ
825 5575 1098 5645 περιφορὰ
1147 5575 1353 5643 γίνεται
1391 5576 1422 5648 ἢ
1459 5578 1550 5630 ἐπὶ
1577 5575 1668 5630 τοῦ
1700 5576 2003 5648 σφαιρικοῦ.

380 5665 386 5674 ’
440 5661 515 5716 Τὸ
545 5662 601 5716 δὲ
636 5664 968 5734 σφαιροειδὲς
1002 5667 1184 5738 σχῆμα
1215 5667 1413 5723 διδόασι
1443 5670 1520 5742 τῷ
1557 5669 1761 5742 κόσμῳ.
1801 5671 2008 5744 Σφαῖρα

530 5841 573 5874 ⁸⁷
601 5840 716 5898 Ima
747 5844 1030 5919 ἀνώτερος.
1145 5848 1187 5881 ⁸⁸
1213 5847 1372 5905 Deest
1415 5850 1489 5904 δέ.

2105 605 2262 667 serit,
2290 612 2345 662 et
2404 607 2701 677 unicuique
2761 623 2922 664 suum
2984 613 3208 661 salsum
3261 603 3342 659 sic
3399 602 3668 658 attribuit.

2105 694 2336 751 Mundus
2364 703 2448 752 est
2474 697 2764 753 collectum
2794 695 3058 768 quiddam
3097 711 3128 752 e
3159 696 3300 750 cmlo
3338 702 3503 767 atque
3523 702 3673 751 terra

2101 793 2156 842 et
2187 787 2398 846 naturis
2431 794 2664 858 utroque
2703 788 3138 858 comprehensis.
3174 785 3404 852 Rursus,
3433 787 3672 842 mundus

2103 886 2189 935 est
2232 878 2461 935 deorum
2497 878 2854 934 domicilium.
2894 877 3000 935 Ubi
3037 880 3472 951 supplementum
3524 878 3672 954 illius

2102 971 2258 1028 ali‘ert
2287 978 2442 1029 extra
2474 971 2530 1029 id
2545 971 2690 1043 quod
2719 972 2774 1026 in
2802 971 2897 1027 illo
2923 971 3258 1029 continetur.
3285 971 3490 1038 Tertio,
3506 988 3671 1028 mun-

2102 1062 2208 1118 dus
2240 1069 2326 1119 est
2370 1069 2612 1134 systema
2650 1062 2877 1118 deorum
2925 1069 2981 1117 et
3019 1061 3391 1117 hominumn"
3435 1061 3584 1119 velut
3624 1061 3671 1118 si

2103 1155 2227 1226 quis
2247 1153 2395 1209 dicat
2421 1172 2436 1209 ι
2469 1153 2680 1210 Civitas
2699 1169 2767 1209 ex
2782 1153 3194 1225 magistratibus
3215 1160 3270 1209 et
3289 1153 3504 1211 civibus
3520 1168 3674 1211 com-

2103 1245 2345 1315 ponitur.
2375 1245 2607 1312 Quarto,
2644 1243 2883 1300 mundus
2920 1249 3005 1299 est
3034 1242 3234 1312 aether;
3267 1242 3359 1298 hic
3394 1258 3526 1299 vero
3545 1259 3669 1299 cum

2103 1339 2175 1394 sit
2201 1353 2395 1408 purus,
2440 1351 2507 1393 ac
2531 1337 2784 1393 sincerus
2809 1335 2974 1407 ignis,
3016 1335 3256 1391 naturali
3293 1335 3500 1391 mundo
3541 1334 3674 1391 inle-

2102 1431 2214 1486 rior
2240 1439 2343 1487 εει.
2365 1429 2588 1497 Quinto,
2612 1432 2851 1486 mundus
2877 1439 2962 1487 est
2988 1429 3220 1486 lixarum
3244 1429 3478 1501 sphaera.
3496 1427 3672 1502 Hujus

2101 1518 2486 1590 descriptionis
2508 1520 2755 1577 meminit
2782 1523 2838 1576 in
2868 1521 3066 1578 Timavo
3087 1520 3264 1578 Plato.
3293 1519 3482 1589 Sexto,
3509 1537 3674 1577 mun-

2101 1610 2204 1667 dus
2228 1620 2312 1667 est
2351 1613 2445 1683 qui
2487 1613 2765 1669 ordinavit
2809 1614 3014 1669 omnia.
3061 1611 3272 1680 Quibus
3306 1611 3493 1670 verbis
3529 1613 3671 1669 indi-

2102 1705 2214 1759 cari
2247 1704 2602 1761 Providentia
2625 1706 2862 1762 videtur.
2891 1705 3234 1778 Pythagoras
3253 1704 3456 1777 κόσμον
3488 1705 3673 1777 appel-

2101 1795 2234 1864 lavit
2277 1797 2617 1864 universum,
2663 1808 2888 1869 prepter
2929 1797 3257 1868 dispositum
3291 1795 3476 1868 :quod
3512 1810 3676 1853 nemo

2105 1896 2230 1946 ante
2262 1887 2444 1959 ipsum
2480 1889 2716 1945 dixerat.
2747 1886 2937 1944 Diﬂ‘ert
2967 1895 3149 1945 autem
3189 1887 3494 1944 secundum
3525 1885 3672 1942 Stoi-

2103 1998 2199 2040 cos
2233 1983 2550 2040 universum
2580 1997 2610 2038 a
2637 1989 2771 2039 toto.
2811 1981 2946 2038 Nam
2971 1989 3146 2038 totum
3171 1991 3370 2041 vocant
3399 1981 3478 2038 illi
3513 1997 3674 2038 mun-

2103 2081 2232 2136 dum
2250 2120 2267 2145 ,
2295 2081 2614 2137 universum
2640 2093 2770 2136 vero
2795 2093 2920 2134 cum
2948 2092 3194 2136 vacuo...
3216 2075 3361 2148 quod
3391 2091 3673 2148 nunquam

2103 2172 2183 2227 sic
2215 2170 2450 2226 mundus
2481 2169 2786 2241 appellatus
2812 2175 2916 2226 est.
2948 2167 3067 2223 Jam
3096 2165 3324 2240 οὐρανὸς
3343 2165 3415 2221 ab
3439 2179 3506 2222 eo
3539 2164 3675 2221 dici-

2106 2272 2215 2329 tur,
2246 2261 2392 2333 quod
2418 2261 2490 2318 sit
2521 2262 2668 2318 velut
2711 2263 2858 2331 ὅρος,
2885 2259 2940 2315 id
2969 2267 3054 2316 est
3083 2258 3350 2314 terminus
3372 2257 3632 2329 antiquus
3656 2275 3672 2325 ;

2104 2355 2186 2410 vel
2217 2355 2367 2426 quia,
2398 2368 2522 2409 cum
2553 2353 2626 2409 sit
2652 2352 2980 2424 sphaericus,
3009 2351 3156 2408 intra
3182 2367 3242 2409 se
3263 2366 3363 2408 nos
3377 2352 3519 2422 ἀρεῖ,
3566 2350 3674 2407 hoc

2103 2446 2458 2515 estcustodit,
2476 2446 2590 2503 sive
2620 2446 2744 2516 quia
2763 2444 3056 2528 ἀνώτατος,
3072 2443 3130 2500 id
3153 2450 3238 2500 est
3260 2457 3546 2515 supremus
3566 2450 3670 2499 est.

2102 2541 2238 2596 Nam
2271 2542 2393 2612 ὅρου
2423 2539 2563 2610 apud
2587 2538 2830 2611 Phrygas
2848 2552 2970 2595 esse
2990 2539 3124 2604 ἄνω,
3152 2553 3334 2607 supra,
3357 2536 3518 2593 docet
3534 2535 3676 2593 Neo-

2103 2638 2372 2708 ptolemus
2403 2637 2460 2692 in
2487 2635 2756 2708 Phrygum
2784 2634 3070 2692 uocabulis.
3104 2633 3291 2690 Potest
3330 2639 3386 2690 et
3425 2631 3495 2688 ab
3539 2632 3674 2704 ὁρᾶ-

2106 2729 2252 2796 σθαι,
2291 2729 2435 2801 quod
2475 2737 2562 2786 est
2589 2728 2786 2794 videri,
2829 2728 2916 2784 vel
2945 2727 3016 2783 ab
3041 2726 3253 2798 ὀρούειν
3276 2723 3494 2792 deduci,
3537 2738 3678 2796 quo-

2103 2822 2250 2878 niam
2282 2821 2476 2878 cietur.
2515 2820 2606 2878 Vel
2630 2820 2759 2892 quia
2787 2812 2946 2892 οὖρος
2989 2827 3093 2884 εει,
3127 2826 3514 2888 extremusque
3563 2823 3677 2872 ter-

2105 2913 2306 2970 minus.
2339 2911 2492 2982 Saepe
2520 2911 2649 2969 item
2677 2925 2778 2983 pro
2807 2912 3038 2966 lixarum
3066 2910 3276 2981 sphaera
3301 2907 3558 2978 usurpari
3583 2921 3676 2964 so-

2105 3006 2198 3061 let.
2237 3004 2382 3062 Sane
2413 3005 2561 3062 Zeno
2592 3005 2866 3077 Cytiensis
2893 3004 2974 3060 sic
3001 3003 3156 3058 illum
3183 3000 3477 3072 descripsit
3507 2998 3672 3056 :Cte-

2105 3100 2217 3154 lum
2249 3107 2333 3155 est
2357 3099 2577 3154 aetheris
2616 3104 2943 3162 extremum,
2979 3112 3044 3153 ex
3070 3109 3179 3167 quo
3208 3103 3264 3151 et
3289 3095 3346 3150 in
3387 3108 3500 3166 quo
3544 3099 3676 3149 sunt

2105 3192 2287 3247 omnia
2316 3189 2606 3247 manifeste
2641 3209 2654 3244 :
2687 3189 2889 3260 quippe
2908 3187 3092 3244 omnia
3125 3197 3325 3258 praeter
3353 3200 3414 3243 se
3427 3183 3673 3255 comple-

2104 3283 2291 3339 ctitur.
2331 3280 2467 3338 Nam
2500 3280 2640 3336 nihil
2686 3280 2926 3350 seipsum
2972 3279 3260 3334 continet:
3296 3275 3394 3333 sed
3437 3275 3675 3330 alterum

2103 3371 2294 3427 ambit.
2325 3369 2463 3426 (Σιειί
2505 3369 2610 3426 hoc
2628 3368 2790 3426 modo
2821 3367 3082 3439 descripti
3114 3367 3484 3425 meminerunt
3496 3363 3672 3430 Plato,

2104 3472 2157 3521 et
2179 3463 2504 3521 Aristoteles
2534 3463 2676 3519 libro
2705 3461 2948 3519 secundo
2977 3459 3056 3516 De
3101 3460 3252 3516 caelo.
3295 3459 3439 3526 Quin
3468 3465 3525 3516 et
3565 3457 3679 3528 pla-

2106 3565 2355 3614 netarum
2378 3555 2604 3628 sphaerae
2632 3555 2862 3627 singulae
2888 3554 3015 3610 εαξιὶ
3043 3552 3404 3625 appellatione
3441 3565 3672 3607 censeas

2104 3661 2196 3706 tur
2220 3668 2233 3705 :
2256 3656 2317 3706 ut
2347 3665 2472 3706 cum
2499 3664 2597 3706 eos
2626 3649 2682 3704 in
2710 3649 2852 3706 coelo
2869 3662 2992 3706 esse
3024 3647 3280 3703 dicimus.
3311 3645 3440 3702 Item
3474 3643 3674 3700 malum

2103 3743 2158 3798 id
2189 3758 2350 3800 omne
2375 3743 2614 3814 spatium
2657 3748 2909 3809 vocatur,
2955 3739 3102 3811 quod
3129 3752 3297 3811 supra
3331 3753 3510 3795 aerem
3547 3745 3672 3804 est;

2105 3836 2198 3910 qui
2227 3843 2312 3892 est
2339 3832 2762 3906 limpidissimus
2807 3831 2997 3888 aether.
3035 3830 3168 3887 Item
3211 3829 3412 3888 omium
3447 3838 3677 3886 vocatur

2103 3928 2369 4002 quidquid
2427 3942 2647 3985 sursum
2697 3926 2966 3992 cernitur,
3009 3931 3282 3996 quatenus
3342 3922 3680 3996 aspectabile

2102 4030 2208 4088 est,
2241 4032 2296 4079 et
2318 4028 2378 4077 ut
2403 4021 2639 4092 quisque
2668 4019 2785 4073 acri
2818 4026 2903 4075 est
2933 4017 3222 4074 oculorum
3258 4016 3376 4073 acie
3416 4015 3676 4088 praeditus

2105 4115 2174 4170 ad
2228 4112 2547 4170 videndum.
2613 4109 2697 4165 Ad
2740 4110 2860 4166 haec
2897 4109 3100 4166 ctelum
3153 4109 3394 4166 mundus
3447 4108 3672 4173 dicitur,

2102 4207 2250 4279 quod
2283 4213 2514 4277 usurpat
2543 4207 2600 4262 in
2627 4205 2745 4262 sole
2775 4205 2930 4261 Plato
2954 4204 3038 4262 sic
3059 4204 3310 4262 scribens
3341 4221 3353 4258 :
3391 4221 3412 4255 ι
3447 4201 3674 4273 Magnus

2103 4299 2268 4371 igitur
2285 4298 2338 4353 in
2354 4298 2494 4354 coelo
2510 4297 2599 4354 ille
2619 4295 2853 4367 Jupiter.
2867 4316 2886 4348 ι
2901 4295 3172 4367 Epicurus
3191 4308 3317 4349 cum
3339 4299 3678 4364 praeceptore

2104 4406 2206 4447 suo
2238 4389 2549 4446 Metrodoro
2572 4389 2760 4461 plures
2789 4404 2912 4446 esse
2945 4386 3180 4442 mundos
3206 4384 3500 4439 arbitratus
3525 4391 3626 4440 est.

2629 4501 2706 4558 De
2742 4503 2914 4573 ﬁgura
2951 4477 3170 4556 mundi.-

2173 4617 2228 4673 6.
2249 4617 2432 4674 Mundi
2447 4617 2671 4689 ﬁguram
2698 4615 3083 4681 aliiconicam;
3117 4613 3208 4669 alii
3225 4611 3504 4685 sphzericae
3523 4610 3678 4667 simi-

2105 4713 2246 4778 lem;
2275 4711 2485 4767 ovalem
2532 4709 2625 4763 alii
2671 4722 2796 4765 esse
2840 4704 3292 4778 sentiuntzquod
3335 4711 3674 4777 postremum

2104 4811 2328 4860 tuentur
2351 4804 2411 4871 ii,
2446 4802 2538 4872 qui
2568 4800 2823 4873 Orphicis
2859 4802 3035 4856 sacris
3069 4798 3310 4854 initiant.
3343 4797 3421 4854 Ac
3455 4796 3676 4853 videtur

2105 4897 2196 4952 ovi
2225 4897 2330 4954 ista
2355 4895 2656 4953 similitudo
2677 4894 2962 4951 facilitatis
2985 4906 3154 4949 causa
3183 4899 3238 4949 et
3261 4889 3675 4963 perspicuitatis

2105 4998 2403 5059 assumpta.
2436 4986 2668 5044 Przestat
2709 4994 2892 5044 tamen
2937 4984 3257 5056 sphiericam
3297 4983 3524 5056 ﬁguram
3579 4994 3675 5036 ac-

2105 5080 2451 5136 commodare
2475 5079 2618 5135 cmlo
2662 5086 2718 5136 et
2759 5079 2828 5136 iis
2861 5093 2984 5151 quae
3025 5077 3083 5133 in
3113 5091 3179 5134 eo
3199 5085 3348 5144 sunt,
3384 5079 3448 5130 ut
3479 5072 3679 5144 Empe-

2105 5173 2289 5230 docles
2318 5173 2530 5246 putavit
2558 5173 2647 5230 his
2689 5172 2870 5229 verbis
2897 5191 2909 5226 :

2247 5282 2501 5353 Sphwrus
2538 5281 2819 5348 rotundus,
2850 5282 2967 5338 sola
3003 5281 3256 5336 circulari
3283 5279 3537 5354 gaudens.

2177 5395 2332 5464 Quod
2369 5413 2433 5453 ex
2465 5411 2532 5453 eo
2583 5396 2776 5467 liquet,
2830 5395 3090 5466 quoniam
3136 5410 3232 5452 sex
3280 5409 3443 5467 supra
3475 5401 3677 5448 terram

2107 5491 2281 5562 signa,
2311 5489 2535 5546 totidem
2568 5487 2712 5544 infra
2747 5495 3008 5559 perpetua
3041 5495 3190 5546 sunt.
3210 5485 3528 5559 Cujusmodi
3543 5483 3681 5540 nulli

2108 5584 2284 5648 alteri,
2305 5598 2467 5655 quam
2494 5581 2774 5653 sphrericae
2796 5581 3001 5652 ligurm,
3027 5579 3316 5652 dispositio
3343 5594 3407 5636 ac
3430 5575 3680 5634 circuitio

2109 5677 2384 5750 congruit.
2401 5676 2571 5734 Porro
2593 5674 2815 5746 sphaera:
2837 5674 3068 5731 similem
3105 5673 3308 5730 mundo
3333 5673 3568 5745 speciem
3591 5683 3689 5731 ah
3771 5702 3781 5723 .
