4132 6420
435 409 542 466 947
1465 408 1557 463 AD
1603 406 1874 464 EUSEBII
1912 404 2310 462 CHRONICON
2356 405 2711 463 API’ENDIX.
3573 391 3678 446 948

437 521 678 594 signant.
713 521 938 594 Spbaara
965 523 1166 594 quippe
1192 523 1391 578 ecelum
1412 531 1496 578 est
1526 541 1540 578 :
1566 522 1790 594 sphaerae
1811 520 2005 577 similis
2035 523 2069 579 Α

2047 523 2082 579 Α
2112 521 2210 592 μὲν
2241 521 2346 594 γάρ
2389 524 2416 576 6
2447 521 2706 594 οὐρανός·
2742 513 3082 589 σφαιροειδὴς
3121 512 3177 565 δὲ
3293 510 3385 582 γῆν
3419 507 3679 612 ,διαφέρει

436 623 606 670 terra.
643 612 740 670 Est
776 622 957 670 autem
987 616 1274 688 utriusque
1307 615 1622 672 discrimen.
1653 613 1789 668 Nam
1835 614 2008 684 spine-

2107 614 2164 668 δὲ
2205 613 2438 686 ἑκατέρα
2465 631 2478 644 -
2528 613 2562 683 ἦ
2607 612 2652 643 ⁸³
2705 609 2766 664 τὸ
2822 609 2921 680 μὲν
2971 602 3308 678 σφαιροειδὲς
3353 600 3536 671 σχῆμα
3585 598 3682 655 καὶ

437 708 564 760 rica:
602 699 798 762 similis
832 705 1004 778 ﬁgura
1031 715 1214 778 partes
1254 705 1520 777 quasdam
1553 705 1857 761 eminentes
1909 703 2007 756 ha-

2109 704 2300 774 ὲξοχὰς
2335 705 2565 775 ἔχεικαὶ
2603 703 2938 773 κοιλότητας,
2969 699 3031 751 τὸ
3067 697 3125 750 δὲ
3151 695 3252 765 τῆς
3284 693 3518 764 σφαίρας
3543 707 3679 745 παν-

432 799 547 862 bet,
579 798 715 854 alias
742 813 1046 866 concavas;
1071 801 1288 870 sphaera
1314 798 1678 868 undequaque
1703 804 1790 852 est
1820 809 2004 868 requa-

2107 798 2334 870 ταχόθεν
2363 799 2496 861 ἴσον,
2524 797 2617 850 καὶ
2646 795 2754 849 ἀπὸ
2781 793 2873 846 τοῦ
2902 791 3065 863 μέσου
3094 789 3317 861 κέντρου
3354 783 3679 854 ἐκϐαλλομέ-

435 889 601 956 iti-lis.,
637 899 690 946 et
723 897 854 946 sunt
897 891 968 945 ab
1003 893 1124 960 ejus
1162 901 1350 946 centro
1379 891 1448 945 ad
1491 899 1792 945 extremum
1833 889 2008 943 ambi-

2107 909 2204 954 νας
2235 891 2448 954 εὐθείας
2488 891 2568 954 είς
2607 889 2708 946 τὴν
2763 885 3082 953 ἐπιφάνειαν
3131 881 3254 941 ἴσας
3305 877 3448 948 ἔχον.
3493 875 3678 928 Ἔστιν

437 986 551 1032 tum
576 980 756 1034 ductae
781 979 1017 1050 req-uales
1067 981 1212 1034 inter
1240 995 1300 1036 se
1333 979 1506 1034 lineae.
1544 977 1755 1032 Caelum
1796 983 1881 1031 est
1907 977 2010 1030 ita-

2106 980 2197 1038 οὖν
2235 986 2262 1036 6
2298 985 2526 1055 οὐρανὸς
2575 983 2810 1052 σφαίρα·
2851 978 2972 1031 ὅθεν
3015 975 3112 1030 καί
3149 971 3246 1044 τὴν
3289 969 3474 1064 κύκλῳ
3497 967 3681 1064 ιρορᾶω

435 1084 543 1139 que
589 1070 827 1140 sphaera,
893 1071 1038 1127 unde
1079 1081 1134 1126 et
1177 1072 1239 1125 in
1283 1071 1470 1127 orbem
1515 1079 1809 1124 movetur:
1847 1083 2005 1138 quem

2107 1077 2371 1130 ποιεῖται·
2409 1075 2536 1146 περὶ
2561 1073 2618 1126 ὃν
2653 1073 2747 1126 καὶ
2781 1071 2929 1142 ἣλιος
2953 1067 3050 1138 τὴν
3081 1061 3384 1135 περιφορὰν
3409 1061 3642 1114 ποιεῖται
3661 1074 3675 1086 ·

435 1161 642 1218 circum
666 1163 747 1219 soi
773 1162 1062 1218 circuitum
1093 1162 1262 1218 facit:

638 1274 733 1338 Sol
751 1277 1048 1344 pernicibus
1079 1278 1224 1348 equis
1249 1294 1460 1332 versans
1493 1277 1787 1346 ﬂammam.

2285 1269 2458 1324 ’Ἥλιε
2489 1267 2654 1335 θοαῖς
2679 1267 2954 1320 ἵπποισιν
2975 1263 3264 1317 εἱλίσσων
3284 1261 3501 1330 φλόγα.

505 1365 715 1422 Etenim
750 1367 819 1423 ab
845 1366 1062 1425 Oceano
1090 1377 1405 1440 surgentem
1437 1369 1589 1423 illum
1616 1367 2000 1438 prospicimus:
2104 1360 2137 1413 Β

1970 1383 2000 1423 i:
2104 1359 2216 1413 Καὶ
2243 1357 2352 1431 γὰρ
2380 1359 2440 1426 ἐξ
2479 1357 2732 1413 Ὠκεανοῦ
2763 1355 3116 1411 ἀνατέλλοντα
3149 1351 3312 1406 αὑτὸν
3351 1349 3567 1422 ὁρῶμεν
3591 1363 3602 1376 ·

435 1479 528 1537 Sol
556 1492 725 1538 autem
755 1483 958 1538 exciuit
984 1485 1279 1556 relinquens
1299 1484 1618 1555 praeclarum
1645 1483 1820 1536 lacum
1842 1497 1863 1546 ;

2121 1473 2342 1543 Ἠέλιος
2366 1473 2419 1526 δ’
2441 1474 2756 1542 ἀνόρουσε,
2778 1469 2970 1525 λιπὼν
2989 1468 3352 1538 περικαλλέα
3376 1465 3596 1534 λίμνην
3609 1461 3673 1495 ⁸ο·

435 1592 545 1676 78
577 1607 638 1648 ac
663 1608 861 1652 rursus
879 1595 940 1651 in
965 1593 1240 1652 Oceanum
1267 1596 1574 1653 cadentem:

2107 1592 2197 1644 καὶ
2226 1589 2388 1645 πάλιν
2419 1589 2477 1652 ἐς
2521 1585 2768 1642 Ὠκεανὸν
2791 1583 3188 1666 καταδυόμενον
3207 1597 3219 1612 ·

533 1704 732 1762 Incidit
761 1719 938 1764 autem
960 1711 1016 1764 in
1039 1709 1306 1766 Oceanum
1338 1712 1613 1774 splendida
1650 1715 1743 1770 tua:
1761 1715 1912 1770 satis.

2191 1703 2292 1757 Ἐν
2315 1701 2368 1755 δ’
2399 1702 2567 1756 Meo"
2608 1697 2864 1764 Ὠκεανῷ
2883 1695 3162 1768 λαμπρὸν
3191 1693 3343 1763 φάος
3361 1691 3632 1794 ἠελίοιο..

433 1795 593 1862 Quod
633 1813 746 1854 non
791 1799 963 1862 ﬁeret,
999 1802 1105 1858 nisi
1131 1802 1187 1856 in
1227 1803 1414 1859 orbem
1445 1804 1705 1859 cieretur.
1737 1803 2006 1875 Pythago-
2034 1871 2065 1884 _

2049 1871 2076 1884 κ
2108 1796 2221 1848 οὐκ
2249 1793 2316 1848 ἂν
2335 1793 2391 1847 δὲ
2424 1794 2582 1847 τοῦτο
2603 1793 2829 1862 ἐγίνετο,
2859 1791 2909 1843 εί
2945 1789 3020 1860 μὴ
3045 1788 3146 1857 τὴν
3165 1785 3348 1854 κύκλῳ
3379 1785 3681 1884 ἶτεριιροράν

434 1887 534 1942 ι·ἰοὶ
559 1897 765 1954 tamen,
794 1893 890 1962 qui
919 1907 988 1948 ex
1017 1893 1263 1950 numeris
1287 1909 1354 1948 ac
1381 1893 1572 1966 ﬁguris
1601 1871 1858 1950 constare
1873 1907 2006 1949 cen-
2034 1871 2066 1928 Ε

2048 1871 2078 1927 Β
2109 1889 2362 1941 ἐποιεῖτο.
2397 1889 2460 1941 Οἱ
2491 1887 2547 1940 δὲ
2569 1887 2946 1958 Πυθαγόρειοι,
2979 1883 3102 1938 ἐπεὶ
3137 1881 3316 1934 πάντα
3347 1875 3406 1942 ἐξ
3431 1873 3680 1948 ἀριθμῶν

435 1987 556 2036 sent
583 1981 789 2051 omnia,
821 1990 984 2040 terra:
1013 1985 1266 2042 cubicam
1297 1985 1527 2056 ﬁguram
1569 1987 1842 2052 tribuunt,
1889 1985 2003 2057 igni

2111 1979 2202 2032 καὶ
2227 1979 2500 2050 γραμμῶν
2536 1979 2852 2034 συνεστάναι
2875 1977 3107 2040 θέλουσι,
3135 1973 3234 2044 τὴν
3271 1972 3367 2043 μὲν
3386 1971 3488 2041 γῆν
3515 1983 3679 2038 φασιν

435 2073 733 2145 pyramidis
757 2077 990 2133 similem
1019 2117 1034 2144 ,
1068 2079 1180 2133 aeri
1221 2078 1556 2144 octaedrum,
1608 2095 1762 2151 aquae
1791 2080 2002 2136 icosae-

2111 2071 2252 2141 ἔχειν
2273 2071 2460 2142 σχῆμα
2481 2071 2722 2136 κυϐικδν,
2750 2071 2810 2124 τὺ
2857 2070 2914 2124 δὲ
2953 2070 3063 2140 πῦρ
3095 2063 3474 2138 πυραμοειδὲς,
3503 2061 3596 2114 τὸν
3631 2059 3677 2151 δ’

434 2161 618 2230 drum,
634 2165 740 2220 toti
769 2167 1110 2223 universitati
1131 2167 1554 2225 dodecaedrum.
1661 2150 1674 2151 ί

2112 2165 2249 2234 ἀέρα
2271 2164 2558 2235 ὀκτάεδρον
2577 2203 2594 2228 ,
2627 2163 2688 2217 τὺ
2711 2163 2771 2218 δὲ
2803 2162 2946 2234 ὕδωρ
2975 2159 3340 2228 εἰκοσάεδρον,
3379 2155 3478 2226 τὴν
3497 2153 3554 2206 δὲ
3571 2150 3678 2204 τῶν

2111 2257 2244 2311 ὅλων
2271 2256 2526 2311 σύστασιν
2549 2255 2932 2327 δωδεκάεδρον.

923 2343 1002 2400 De
1025 2347 1513 2404 circumvolutione.

1506 2387 1513 2402 '
1891 2437 1906 2438 ί
1984 2436 1991 2438 _
2633 2369 2772 2438 Περὶ
2799 2363 3138 2438 περιφορᾶς.

501 2431 560 2486 η.
597 2429 799 2490 Stoicis
840 2435 1020 2506 placet
1065 2454 1098 2494 e
1135 2445 1282 2496 terra
1321 2441 1558 2511 primum
1586 2438 1846 2495 extimum
1881 2436 1997 2491 ﬁeri

2183 2463 2250 2528 ς’.
2287 2463 2351 2516 Ui
2377 2461 2604 2515 Στωϊκοί
2632 2429 2795 2530 φασιν
2817 2429 2886 2514 ιέ
2911 2429 3136 2528 τῆς-γῆς
3171 2454 3269 2526 τὴν
3303 2450 3502 2516 ἔξωθεν
3531 2447 3679 2516 γίνε-

434 2521 998 2582 circumvolutionem.
1021 2525 1156 2582 Cum
1177 2529 1322 2584 enim
1358 2537 1606 2585 centrum
1629 2529 1720 2582 illa
1739 2528 1832 2594 sit,
1856 2527 2001 2582 velut

2089 2521 2234 2609 ’σθαι
2284 2553 2498 2626 πρῶτον
2542 2521 2861 2627 περιφοράν.
2903 2521 3058 2604 Ἐιιεί
3095 2521 3288 2619 ζγὰρ-ὴ
3328 2545 3400 2614 γῆ
3453 2541 3679 2610 κέντρου

434 2626 467 2665 a
493 2620 690 2672 centro
715 2613 987 2683 circulus;
1019 2617 1099 2672 sic
1131 2631 1163 2672 a
1195 2625 1340 2673 terra
1361 2619 1441 2682 ﬁt,
1476 2624 1538 2673 ut
1569 2624 2000 2672 consentaneum

2108 2646 2260 2713 τάξιν
2293 2613 2500 2717 ὲῖπέχει,
2535 2613 2724 2716 timere-9
2743 2613 2754 2627 .
2777 2643 2886 2699 ἀπὸ
2925 2613 3151 2714 κέντρου
3175 2613 3397 2698 κύκλοςί
3433 2633 3642 2702 γίνεται
3663 2645 3675 2658 ·

433 2712 540 2769 est,
575 2704 667 2762 ille
725 2706 966 2763 ambitus
1003 2711 1263 2766 exterior.
1299 2709 1649 2766 Aliisursum
1691 2720 1883 2764 natura
1902 2723 2002 2764 sua

2108 2704 2248 2792 οὕτω
2273 2741 2366 2792 καὶ
2385 2704 2612 2809 ἀπδιτῆς
2635 2704 2740 2809 γῖίς
2767 2735 2913 2799 εἰκὸς
2945 2704 3438 2806 ἔξάσωριφέρειαν
3467 2720 3681 2795 γεγονέ-

435 2794 557 2850 ﬁeri
587 2795 770 2869 ignem
818 2807 1094 2864 asserunt,
1127 2808 1182 2856 et
1209 2801 1266 2855 in
1305 2801 1572 2856 circulum
1618 2814 1744 2859 esse
1786 2798 2000 2854 volubi-

2110 2851 2216 2887 ναι.
2250 2835 2314 2886 0i
2333 2832 2390 2885 δέ
2415 2849 2545 2900 φασι
2778 2832 2820 2864 ⁹¹
2857 2794 3136 2898 ἀνωιρερὲς
3155 2794 3312 2877 etv-at.-
3337 2821 3430 2874 καὶ
3453 2794 3554 2888 τὴν
3581 2813 3680 2868 κύ-

434 2887 541 2942 lem
561 2927 578 2954 ,
633 2889 870 2962 indeque
924 2892 1094 2948 totius
1146 2893 1390 2950 universi
1431 2892 1810 2949 circuitionem
1857 2891 1998 2948 exsi-

2111 2923 2222 2993 κλῳ
2257 2887 2438 2995 φορὰν.
2463 2921 2652 2984 εἰωθὸς
2685 2887 2996 2982 anteidea“.
3017 2887 3128 2988 τὴν
3141 2914 3398 2968 σύστασιν
3443 2910 3541 2995 τῆς
3573 2906 3681 2960 τῶν

435 2985 605 3036 εῑθτθ·
2109 2985 2245 3070 ὅλῳν
2269 2985 2582 3086 ’περιφορᾶς
2613 3013 2860 3066 ποιεῖται.

767 3095 852 3150 An
871 3098 940 3152 sit
971 3097 1173 3168 aliquid
1198 3107 1352 3154 extra
1381 3099 1655 3156 mundum.
2151 3140 2162 3150 ι

1536 3099 1655 3156 Γωη⁸
2151 3140 2162 3150 ·
2638 3127 2706 3180 El
2737 3126 2868 3179 ἐστι
2897 3141 2952 3178 τι
2981 3122 3168 3188 ἐκτός.

499 3181 558 3287 θ.
579 3181 1016 3292 Nonnulliestra
1037 3191 1302 3246 mundum
1324 3207 1450 3248 esse
1479 3191 1684 3264 aliquid
1706 3199 1920 3264 putant,
1943 3201 2002 3248 ut
2031 3229 2076 3292 C

2049 3229 2076 3292 Ῐ,
2179 3227 2249 3292 η’.
2284 3221 2348 3274 Οἱ
2383 3221 2480 3292 μὲν
2521 3213 2662 3271 εἷναί
2702 3233 2755 3269 τι
2785 3215 2940 3279 ἐκτός
2977 3181 3161 3285 φασιν,
3190 3211 3378 3282 ὥσπερ
3405 3207 3499 3262 καὶ
3530 3205 3681 3258 Ἐπί-

435 3272 731 3346 Epicurus;
760 3279 856 3349 qui
909 3279 966 3335 in
1014 3282 1227 3337 inﬁnito
1269 3298 1445 3340 vacuo
1489 3285 1733 3342 inﬁnitos
1769 3285 2005 3341 mundos
2032 3272 2067 3292 ’³

2049 3272 2076 3292 Α
2109 3272 2340 3386 κου.ρος-⁶
2369 3272 2428 3376 ές
2459 3272 2552 3364 καὶ
2571 3307 2832 3380 ἀπείρους
2851 3272 3087 3377 κόσμους
3112 3272 3422 3358 ὑποτίθεται
3444 3302 3501 3353 ὲν
3526 3297 3681 3352 ἀπεί-

434 3368 688 3430 collocat.
721 3370 913 3443 Stoici,
939 3375 1034 3445 qui
1065 3376 1549 3433 certisintervallis
1573 3385 1880 3450 temporum
1913 3377 2008 3432 de-

2113 3423 2187 3476 ρῳ
2212 3368 2313 3476 ιτέρ
2363 3368 2536 3473 κένῷ·
2589 3401 2640 3454 οἱ
2690 3368 2747 3453 δὲ
2793 3368 3041 3462 έτωῖκοὶ,
3084 3395 3394 3468 ἐκπύρωσιν
3439 3392 3685 3460 λέγοντες

433 3461 812 3534 ﬂagrationem
845 3466 1037 3522 mundi
1059 3469 1278 3524 evenire
1295 3470 1562 3534 sentiunt,
1577 3463 1812 3525 vacuum
1833 3469 2008 3541 quod-

2110 3457 2314 3566 κύσμου
2343 3457 2486 3548 κατά
2521 3509 2673 3556 τινας
2711 3457 3050 3564 ὡρισμένουξ
3085 3457 3309 3558 χρόνους
3341 3480 3498 3546 εἶναι,
3529 3479 3685 3532 κενὸν

435 3551 562 3608 dam
601 3555 838 3626 spatium
889 3559 1274 3626 constituunt,-
1321 3574 1432 3615 non
1480 3569 1662 3616 tamen
1701 3560 2004 3626 inﬁnitum;

2113 3551 2230 3658 tibi,
2257 3587 2315 3640 ού
2353 3585 2458 3657 μὴν
2483 3551 2709 3654 ἇπειρύν
2739 3551 2900 3650 ςέασιν
2919 3598 2931 3611 ·
2969 3551 3395 3632 ἀλλά-’τοσοῦτον
3428 3573 3550 3626 ὅσον
3581 3589 3685 3641 χω-

433 3644 532 3700 sed
575 3652 788 3701 tantum
809 3685 824 3712 ,
857 3655 918 3702 ut
957 3647 1284 3704 dissolutum
1323 3650 1428 3706 hoc
1471 3651 1785 3708 universum
1811 3665 2009 3721 capere

2111 3644 2275 3746 ρῆσαι
2301 3644 2460 3727 λύθέν
2481 3675 2542 3726 τὺ
2571 3644 2697 3727 πάν.
2725 3644 2787 3727 (ii
2815 3671 2872 3725 δὲ
2899 3669 3062 3742 μηδὲν
3083 3665 3218 3722 εἶναι
3241 3665 3488 3736 λέγοντες
3507 3662 3684 3734 χρῶν-

434 3735 632 3805 possit.
675 3737 782 3794 Sed
813 3739 918 3826 qui
951 3741 1090 3796 nihil
1122 3750 1274 3796 extra
1326 3743 1590 3798 mundum
1625 3757 1750 3799 esse
1794 3743 2006 3806 volunt,

2109 3785 2196 3821 ται
2226 3766 2369 3838 λόγῳ
2397 3765 2624 3836 τοιούτῳ
2649 3782 2663 3796 ο
2697 3763 2802 3818 Τοῦ
2835 3763 3064 3835 ούρανοῦ
3105 3757 3408 3831 σφαιρικῶς
3431 3753 3683 3826 κινουμέ-

433 3827 513 3881 ita
543 3824 982 3886 ratiocinantur:
1015 3831 1152 3887 Cum
1185 3834 1380 3888 coelum
1435 3844 1717 3890 moveatur
1743 3835 1801 3889 in
1830 3835 2008 3890 circu-

2110 3877 2222 3926 νου,
2249 3824 2442 3912 είέστι
2472 3875 2523 3912 τι
2564 3824 2720 3921 ἐκτὸς
2749 3824 2923 3918 κενὸν,
2960 3853 3296 3924 συμϐήσεται
3319 3855 3416 3920 τὴν
3451 3847 3685 3916 σφαῖραν

435 3915 570 3981 lum,
597 3917 646 3972 si
674 3917 808 3987 quid
833 3929 986 3974 extra
1019 3920 1152 3976 illud
1183 3923 1341 3978 vacui
1385 3931 1491 3988 est.
1522 3924 1733 3994 sphrera
1773 3925 1890 3996 ipsa
1913 3925 2008 3982 de-

2109 3915 2494 4024 παρὲγκλίσεις
2533 3949 2684 4012 τινὰς
2699 3915 3043 4019 ’ὑπομένεινξ
3065 3915 3530 4008 ἐξολισθαίνουσαν
3559 3915 3686 4008 τῇδε

435 4007 765 4066 clinationcs
797 4012 1063 4082 quasdam
1095 4012 1277 4080 faciet,
1309 4015 1365 4069 in
1405 4015 1548 4070 hanc
1573 4017 1658 4072 vel
1694 4017 1844 4072 illam
1875 4019 2006 4074 sub-

2111 4045 2333 4098 κὰκείσε
2357 4059 2372 4074 ·
2403 4043 2560 4099 τοῦτο
2595 4041 2654 4096 δὲ
2692 4042 2753 4094 οὐ
2787 4039 3021 4110 γίνεται·
3065 4037 3164 4090 οὐκ
3199 4036 3308 4106 ἄρα
3351 4031 3466 4086 ἐστι
3507 4029 3681 4084 κενόν.

435 4099 588 4168 lapsa
639 4107 886 4172 partem;
918 4101 1022 4158 hoc
1061 4118 1192 4160 vero
1247 4121 1594 4177 nequaquam
1629 4108 1848 4164 accidit.
1897 4109 2006 4163 Va-

2121 4135 2232 4188 Ἀεὶ
2269 4134 2378 4207 γὰρ
2401 4135 2524 4189 κατ’
2553 4132 2690 4187 αὐτά
2723 4099 2820 4186 xui.
2858 4130 2966 4184 ἀπὸ
2998 4128 3105 4182 τῶν
3147 4099 3326 4181 αὐτῶν
3353 4122 3568 4196 ὁρῶμεν
3585 4120 3685 4182 τὰς

436 4207 600 4246 cuum
640 4208 770 4264 ergo
801 4197 1011 4250 nullum
1045 4207 1148 4252 est.
1175 4195 1308 4252 Nam
1336 4201 1523 4255 eodem
1543 4201 1705 4256 modo
1737 4211 1792 4258 et
1812 4203 1881 4260 ab
1911 4203 2007 4259 iis—

435 4284 558 4341 dem
584 4287 832 4366 partibus
851 4296 1008 4345 ortus
1035 4298 1088 4344 et
1110 4304 1340 4346 occasus
1375 4289 1488 4346 ﬁeri
1512 4293 1806 4351 cernimus.

950 4409 1032 4472 An
1067 4417 1166 4460 siet
1197 4407 1444 4462 mundus.
2557 4423 2582 4473 ε

2557 4423 2626 4474 El
2645 4421 2902 4486 ἕστηκεν
2924 4423 2956 4474 ὁ
2979 4420 3226 4487 κόσμος.

503 4496 558 4551 9.
597 4495 908 4553 Stoicorum
955 4497 1234 4553 decretum
1285 4498 1419 4554 illud
1449 4508 1553 4566 est,
1588 4517 1809 4558 manere
1851 4518 2008 4558 mun—
2041 4574 2077 4584 ’ἱ

2055 4575 2077 4584 _
2184 4515 2247 4567 θ’.
2274 4515 2458 4584 Δόγμα
2485 4513 2602 4565 ἐστὶ
2634 4513 2740 4566 τῶν
2771 4511 3021 4565 Στωϊκῶν
3033 4511 3126 4563 καὶ
3147 4503 3564 4580 μαθηματικῶν,
3593 4501 3687 4572 μέσι

433 4589 564 4654 dum
595 4605 610 4642 :
641 4591 788 4660 quod
831 4605 896 4646 ex
935 4607 1002 4647 eo
1027 4591 1260 4662 probant
1289 4610 1302 4646 :
1334 4591 1546 4648 Etenim
1597 4595 1644 4660 si
1675 4594 1914 4652 mundus
1950 4595 2006 4649 in
2041 4574 2065 4627 Ῑ

2053 4574 2084 4627 D
2114 4621 2223 4659 νειν
2253 4604 2344 4657 τὸν
2355 4574 2586 4674 κόσμον.
2618 4605 2691 4656 Τὸ
2721 4603 2902 4674 μέντοι
2925 4603 3099 4672 δόγμα
3117 4574 3207 4654 διὰ
3235 4574 3492 4652 τοιούτων
3518 4609 3685 4646 κατα-

433 4683 699 4748 immenso
747 4684 842 4738 illo
873 4700 1046 4741 vacuo
1089 4687 1398 4744 consistens
1440 4689 1696 4744 deorsum
1734 4686 2002 4752 tenderet,

2117 4697 2438 4760 σκευάζεται
2457 4713 2472 4725 ·
2525 4697 2588 4748 ΕΞ
2631 4698 2660 4748 6
2705 4696 2906 4766 κόσμος
2935 4693 3076 4764 κενῷ
3107 4696 3166 4746 ὲν
3195 4690 3408 4759 ἀπείρῳ
3427 4687 3687 4758 ὑπάρχων

429 4781 638 4830 terram
687 4776 892 4834 imbres
943 4780 1210 4850 attingere
1265 4781 1488 4837 minime
1537 4787 1762 4850 possent
1801 4797 1814 4832 :
1855 4781 2006 4850 atqui

2115 4791 2266 4844 κάτω
2301 4789 2544 4859 ἐφέρετο,
2571 4787 2672 4840 οὐκ
2699 4787 2766 4840 ἂν
2793 4787 2989 4857 ὄμϐροι
3009 4783 3418 4854 κατελάμϐανον
3435 4779 3532 4851 τὴν
3561 4777 3683 4846 γῆν·

429 4879 552 4922 eam
587 4865 878 4936 attingunt.
919 4866 1038 4930 Non
1069 4869 1234 4939 igitur
1269 4879 1539 4936 movetur,
1571 4872 1667 4926 sed
1705 4872 1875 4926 haeret
1905 4870 2007 4924 im-

2116 4878 2592 4947 καταλαμὸάνουσι
2615 4876 2692 4929 δέ’
2721 4877 2821 4929 οὐκ
2851 4879 2960 4948 ἀρα
2995 4877 3216 4948 φέρεται
3243 4877 3272 4927 ὁ
3303 4873 3529 4943 κόσμος,
3553 4869 3691 4922 ἀλλὰ

429 4957 650 5018 mobilis
693 4958 955 5014 mundus.
985 4961 1068 5014 Ad
1105 4962 1223 5016 haec
1253 4969 1542 5017 ventorum
1563 4963 1656 5017 alii
1683 4962 1750 5018 de
1779 4969 1921 5018 terra
1951 4963 2006 5016 in

2115 4969 2332 5038 ἔστηκε,
2369 4967 2478 5020 Καὶ
2511 4966 2674 5022 πάλιν
2708 4969 2758 5019 οἱ
2787 4967 2978 5037 ἄνεμοι
3009 4966 3156 5020 ἄλλοι
3187 4964 3284 5034 μὲν
3323 4959 3432 5016 ἀπὸ
3457 4961 3558 5029 τῆς
3587 4959 3691 5030 γῆς

431 5064 612 5112 aerem
638 5059 937 5121 assurgunt
973 5071 986 5105 :
1013 5051 1104 5106 alii
1135 5053 1191 5107 in
1217 5061 1420 5120 terram
1454 5053 1834 5110 descendunt:
1859 5055 2007 5126 quod

2117 5062 2196 5123 εἰς
2223 5059 2380 5130 ἀέρα,
2413 5058 2559 5113 ἄλλοι
2587 5059 2644 5112 δὲ
2669 5059 2762 5112 ἐπὶ
2797 5059 2867 5112 τὰ
2893 5060 3042 5128 κάτω
3067 5058 3176 5110 εἰσὶ
3207 5053 3689 5122 καταϐαλλόμενοι.

430 5145 476 5198 si
497 5158 699 5198 non....
725 5141 846 5198 Non
875 5159 1006 5215 ergo
1039 5145 1276 5201 mundus
1313 5154 1585 5206 movetur.
1611 5148 1779 5212 Aiunt
1826 5157 2008 5204 autem

2117 5155 2181 5208 Ei
2206 5155 2262 5206 δὲ
2285 5152 2368 5216 οὓ,
2406 5153 2504 5204 οὐκ
2533 5155 2642 5224 ἄρα
2669 5153 2896 5224 φέρεται
2937 5155 2966 5204 6
2995 5151 3218 5218 κόσμος.
3247 5145 3384 5200 Φασὶ
3419 5145 3478 5198 δὲ
3509 5143 3693 5214 μένειν

429 5235 490 5288 in
517 5235 734 5304 inﬁnito
767 5251 940 5292 vacuo
973 5251 1192 5292 manere
1219 5239 1484 5306 mundum
1527 5247 1748 5310 prepter
1798 5248 2010 5302 motum

2117 5251 2207 5304 τὸν
2235 5252 2438 5320 κόσμον
2489 5251 2549 5302 ὲν
2590 5249 2802 5320 ἀπείρῳ
2849 5247 2992 5318 κενῷ
3021 5245 3112 5302 διὰ
3155 5243 3252 5314 τὴν
3285 5241 3380 5295 ἐπὶ
3423 5239 3487 5292 τὸ
3530 5238 3693 5308 μέσον

431 5327 587 5400 illum
609 5327 679 5402 ad
699 5336 970 5403 centrum.
1003 5327 1284 5400 Siquidem
1317 5337 1503 5400 partes
1529 5331 1677 5388 illius
1721 5348 1910 5398 omnes
1943 5331 2010 5385 ad

2117 5345 2318 5416 φοράν·
2352 5343 2473 5396 ἐπεὶ
2501 5351 2680 5398 πάντα
2699 5341 2864 5395 αὐτοῦ
2907 5339 2974 5392 τὰ
3023 5339 3163 5408 μέρη
3197 5336 3290 5388 ἐπὶ
3330 5334 3392 5387 τὸ
3422 5333 3586 5404 μέσον
3613 5329 3693 5382 νέ-

430 5427 682 5486 centrum
713 5429 944 5492 vergunt
974 5439 987 5475 :
1019 5437 1140 5492 qum
1161 5430 1290 5476 sunt
1313 5431 1479 5488 terra,
1507 5437 1666 5493 aqua,
1702 5441 1817 5490 aer,
1843 5425 2006 5496 ignis.

2120 5455 2298 5492 νευκε.
2327 5439 2487 5509 Μέρη
2513 5438 2570 5491 δέ
2595 5440 2743 5490 ἐστιν
2769 5433 2935 5488 αὐτοῦ
2968 5433 3068 5502 γῆ,
3105 5429 3271 5500 ὕδωρ,
3313 5427 3446 5496 ἀὴρ,
3479 5423 3592 5494 πῦρ
3619 5440 3632 5452 '
3659 5421 3695 5476 ἃ

431 5511 564 5594 Quae
586 5525 778 5568 omnes
805 5513 872 5568 ad
901 5500 1150 5580 centrum
1179 5531 1467 5584 propensa:
1500 5525 1648 5572 sunt.
1683 5517 1764 5574 0b
1791 5519 1842 5572 id
1877 5535 2010 5573 nus-

2123 5528 2300 5581 πάντα
2334 5529 2478 5581 νεύει
2529 5527 2622 5580 ἐπὶ
2653 5525 2714 5579 τὸ
2755 5526 2935 5595 μέσον.
2983 5521 3080 5574 Διὰ
3124 5519 3284 5584 τοῦτο
3324 5514 3417 5570 οὖν
3457 5511 3693 5582 οὐδαμοῦ

433 5587 597 5672 quam
616 5605 855 5662 mundus
873 5607 1119 5662 inclinat.
1153 5611 1220 5662 At
1251 5610 1500 5680 Epicurei
1527 5605 1860 5667 immobilem
1890 5629 2010 5668 esse

2121 5621 2274 5690 ῥέπει
2303 5623 2330 5672 ὁ
2359 5621 2578 5688 κόσμος.
2617 5617 2678 5672 Oi
2720 5618 2774 5670 δὲ
2821 5613 3180 5686 Ἐπικούρειοί
3232 5628 3364 5680 φασι
3401 5608 3580 5680 μένειν
3607 5603 3695 5658 τὸν

433 5695 694 5752 mundum
721 5698 927 5754 idcirco
955 5703 1332 5771 putant,quod
1357 5703 1428 5757 ab
1457 5719 1602 5770 aere,
1636 5703 1726 5773 qui
1751 5705 1804 5759 in
1841 5705 2012 5760 inter-

2121 5710 2320 5780 κόσμον
2345 5708 2776 5778 ἁνατ-εοπτὸε.ι.ενον
2807 5704 2906 5760 ὑπὸ
2929 5705 3018 5758 τοῦ
3049 5707 3226 5773 ἀέρος,
3257 5699 3348 5753 τοῦ
3385 5697 3570 5758 ἐντοῖς
3599 5709 3695 5764 με-

2025 5809 2048 5840 ρ

2111 4224 2370 4289 ἀνατολὰς
2396 4226 2490 4279 καὶ
2513 4224 2612 4288 τὰς
2638 4223 2836 4286 δύσεις.

503 5855 550 5904 β’
806 5857 848 5888 ⁹⁰
885 5855 1048 5924 Odys.
1079 5859 1142 5910 Γ.
1247 5863 1286 5894 ⁹¹
1397 5861 1483 5915 διὰ
1511 5863 1586 5916 τό.
