4132 6430
411 394 514 448 943

1151 384 1487 446 ᾹΟΗΠᾹΛΒ
1512 387 1698 445 ΤΑΤΙΙ
1739 386 2038 450 ISAGOGE
2073 393 2166 447 AD
2201 393 2417 450 ARATI
2457 386 2928 452 PHENOMENA.

3569 403 3673 460 950

412 509 744 579 τακοσμίοις.
779 507 1137 578 Μετακόσμια
1173 507 1226 560 δέ
1263 508 1378 560 ἐστι
1424 507 1492 560 τὰ
1533 507 1736 578 μεταξύ
1763 508 1871 560 τῶν
1898 508 1986 561 κό-
2015 561 2018 569 ε

2121 508 2328 564 nundiis
2361 517 2464 574 est,
2497 509 2828 564 inhibeatur.
2866 490 3232 566 lntermundia
3273 521 3470 568 vocant
3494 517 3670 587 spatia

418 619 568 673 σμων
595 603 784 672 διαστὴ
795 618 956 672 ματα.

984 711 1121 779 Περὶ
1153 711 1424 778 ἀστέρος.

495 814 546 862 ι’.
568 808 735 877 Ἀστή
745 823 776 877 ρ
800 806 916 857 ἐστι
942 804 1082 858 κατά
1103 803 1363 875 Διόδωρον
1391 801 1702 874 σῶμαθεῖον
1719 801 1987 873 οὐράνιον,

419 890 518 972 τῆς
541 901 707 971 αὐτῆς
733 896 1070 969 μετειληφὼς
1096 897 1282 959 οὐσίας
1303 895 1381 966 τῷ
1398 896 1454 947 ἐν
1483 889 1527 962 ᾧ
1546 897 1660 948 ἐστι
1689 894 1859 964 τόπῳ,
1885 894 1992 945 σῶ-

425 1011 502 1064 μα
530 992 800 1064 λαμπρὸν,
827 991 928 1045 καὶ·
947 990 1202 1044 οὐδέποτε
1237 988 1426 1040 στάσιν
1460 986 1602 1056 ἕχον,
1639 985 1755 1038 ἀλλ’
1786 985 1874 1039 ἀεὶ
1902 1002 1996 1053 φε-

426 1081 651 1153 ρόμενον
682 1078 973 1142 κυκλικῶς.
1017 1076 1290 1140 Ὡσαύτως
1319 1076 1378 1129 δὲ
1409 1075 1645 1146 ὡρίσατο
1691 1076 1786 1129 καὶ
1818 1077 1998 1128 Ποσει-

423 1169 610 1232 δώνιος
631 1169 736 1240 πρὸ
762 1167 924 1222 αὐτοῦ
953 1169 981 1218 ὁ
1002 1165 1253 1228 Στωϊκός.
1288 1165 1360 1217 To
1386 1165 1444 1218 δέ
1481 1183 1500 1216 ‹
1528 1164 1779 1218 οὐδέποτε
1813 1164 2000 1219 στάσιν

427 1260 550 1330 ἔχον
583 1279 601 1312 ι
641 1262 732 1314 ἐπὶ
780 1260 878 1331 μὲν
905 1258 1012 1312 τῶν
1039 1259 1320 1330 πλανήτων
1351 1258 1524 1321 οὕτως
1541 1257 1792 1328 εἰρῆσθαι
1814 1256 1960 1309 δοκεῖ
1983 1271 1994 1284 ·

429 1355 569 1426 πλὴν
610 1354 744 1408 κάπὶ
777 1353 884 1406 τῶν
929 1352 1182 1406 ἀπλανῶν
1225 1352 1282 1404 δὲ
1330 1351 1464 1422 πρὸς
1509 1352 1633 1414 τοὺς
1690 1351 1764 1414 ὼς
1813 1349 2000 1418 ἔτυχεν

429 1447 784 1516 αἰτιωμένους
812 1445 872 1498 οὐ
909 1444 1090 1507 καλῶς
1128 1443 1270 1514 ἔχειν
1309 1443 1406 1513 τῆς
1438 1442 1605 1511 αὐτῆς
1644 1442 1850 1503 ἐννοίας
1881 1440 2000 1510 ἔχε-

428 1557 539 1594 ται.
572 1538 835 1593 Οὐδέποτε
861 1537 968 1609 γάρ
1010 1537 1196 1590 στάσιν
1222 1535 1422 1606 έχουσι,
1453 1533 1530 1605 τῷ
1557 1535 1660 1587 ὐπὸ
1682 1534 1773 1586 τοῦ
1798 1533 2000 1604 κόσμου

432 1631 829 1705 περιάγεσθαι,
878 1630 981 1685 κᾶν
1032 1631 1118 1683 ἐπ’
1164 1631 1326 1683 αὐτὸν
1369 1631 1416 1660 θ’
1465 1629 1686 1699 μένωσι.
1732 1628 1850 1680 Τῶν
1895 1627 2002 1698 γὰρ

2094 602 2237 656 inter
2269 601 2499 658 mundos
2522 601 2828 670 interiecta.

2749 712 2820 768 De
2848 715 3022 770 stella.

2170 805 2258 859 10.
2294 803 2564 859 Diodorus
2582 804 2796 860 stellam
2821 803 3010 861 deﬁnit
3036 821 3236 878 corpus
3264 807 3531 875 divinum,
3562 822 3675 864 cce-

2101 898 2253 963 leste,
2284 897 2639 968 ejusdemque
2672 908 2798 952 cum
2835 913 2921 965 eo,
2945 899 3000 953 in
3034 914 3143 970 quo
3179 907 3265 956 est
3296 900 3438 966 loco,
3465 909 3675 956 natura:

2103 988 2410 1060 particeps,
2451 987 2795 1059 splendidum
2848 1003 3083 1059 corpus,
3126 1005 3304 1059 neque
3363 990 3676 1047 consistens

2103 1095 2364 1154 unquam,
2410 1081 2505 1136 sed
2545 1081 2601 1135 in
2642 1082 2832 1136 orbem
2881 1097 2940 1138 se
2985 1089 3248 1152 perpetuo
3283 1097 3530 1138 versans.
3582 1080 3677 1138 Sic

2102 1173 2269 1226 etiam
2306 1171 2636 1229 Posidonius
2679 1173 2898 1230 Stoicus
2939 1182 3067 1230 ante
3107 1174 3406 1229 Diodorum
3443 1174 3671 1231 deliniit.

2104 1263 2260 1328 Quod
2300 1272 2478 1317 autem
2519 1264 2575 1318 in
2617 1263 2931 1320 deﬁnitione
2989 1265 3229 1334 positum
3282 1273 3388 1327 est,
3434 1283 3454 1316 c
3491 1278 3674 1335 neque

2103 1353 2412 1408 consistens
2441 1369 2705 1424 unquam,
2753 1373 2772 1406 ι
2799 1355 3011 1410 videtur
3043 1355 3112 1408 ad
3149 1353 3298 1409 solos
3320 1361 3567 1410 errantes
3591 1369 3680 1410 re-

2106 1446 2256 1502 ferri.
2291 1444 2492 1501 Verum
2540 1447 2608 1503 de
2659 1447 2782 1503 ﬁxis
2817 1462 3035 1519 quoque
3071 1447 3245 1504 stellis
3283 1447 3474 1503 eodem
3513 1461 3678 1503 sensu

2108 1538 2271 1594 debet
2307 1539 2505 1610 accipi,
2547 1547 2741 1594 contra
2785 1555 2948 1611 quam
2999 1539 3078 1594 illi
3133 1539 3368 1595 fortasse
3410 1538 3678 1608 judicant,

2107 1634 2201 1706 qui
2231 1635 2436 1692 dictum
2495 1634 2629 1690 illud
2679 1641 2884 1689 temere
2930 1633 3353 1705 reprehendunt.
3400 1632 3680 1703 Siquidem

433 1725 679 1798 ἀστέρων
718 1726 767 1777 οἰ
817 1723 914 1794 μὲν
952 1722 1335 1793 ἐμπεπηγότες
1380 1720 1457 1792 τῷ
1496 1719 1710 1791 οὐρανῷ
1750 1719 2004 1782 ἀπλανεῖς

2121 1730 2420 1783 inerrantes
2445 1726 2617 1785 stella:
2637 1741 2920 1796 nunquam
2950 1726 3176 1782 omnino
3198 1726 3524 1797 quiescunt;
3555 1741 3680 1781 cum

432 1818 701 1886 λέγονται,
743 1819 792 1869 οἰ
845 1816 904 1868 δὲ
950 1814 1048 1885 τὴν
1093 1813 1340 1868 ἐναντίαν
1382 1813 1670 1884 φερόμενοι
1719 1813 2004 1883 πλάνητες.

2113 1819 2332 1876 assidua
2359 1818 2546 1875 mundi
2573 1819 2869 1890 agitatione
2893 1818 3209 1888 rapiantur,
3235 1817 3340 1874 etsi
3373 1817 3431 1870 in
3468 1832 3533 1872 co
3561 1831 3686 1887 per-

433 1875 598 1962 Αὐτοὶ
635 1875 698 1960 δέ⁷
730 1907 869 1960 ἑπτὰ
896 1875 1068 1971 ὄντες,
1099 1875 1892 1977 κατωτέρωντοῦρύρανοῦ-καί
1914 1901 2006 1955 τοῦ

2121 1920 2387 1968 maneant.
2443 1875 2654 1966 Etenim
2705 1875 2986 1966 stellarum
3037 1910 3156 1965 aliae
3209 1910 3266 1964 ln
3311 1909 3451 1965 cmlo
3497 1875 3685 1964 dclixae

434 2001 651 2070 αἰθέρος
691 1996 1118 2067 περιδινούμενοι
1147 1996 1236 2049 τὸν
1287 1995 1526 2050 ἐναντίον
1562 1998 1629 2066 τῇ
1668 1993 1762 2049 τοῦ
1805 1995 2008 2065 κόσμου

2121 2005 2418 2061 inerrantes
2456 2011 2722 2060 vocantur
2741 2044 2757 2070 ,
2782 2004 2901 2059 aliae
2947 2019 2978 2060 e
3005 2003 3284 2060 contrario
3319 2010 3601 2059 moventes
3628 2017 3686 2059 se

437 2091 645 2160 στροφῇ
677 2088 875 2159 δρόμον
899 2085 1183 2157 τρέχουσιν
1203 2105 1216 2118 ο
1248 2085 1436 2157 ὥσπερ
1456 2088 1524 2151 εἰ,
1557 2085 1689 2149 νεὼς
1711 2087 1788 2149 εἰς
1819 2084 2011 2156 βορέαν

2121 2099 2344 2169 planetae
2373 2098 2751 2153 nominantur.
2787 2096 2855 2153 Hi
2884 2105 3012 2154 sunt
3041 2111 3271 2152 numero
3311 2102 3542 2166 septem,
3591 2094 3688 2164 qui

437 2181 635 2249 ἄνεμον
667 2179 993 2251 φερομένης,
1032 2177 1296 2250 ἐπιϐάτης
1341 2180 1420 2242 εἰς
1451 2178 1600 2232 νότον
1629 2179 1756 2250 παρ’
1779 2179 1916 2249 αὐτῇ
1946 2181 2012 2249 τῇ

2121 2190 2257 2245 infra
2304 2191 2528 2255 cmlum,
2561 2196 2725 2261 atque
2750 2189 2952 2245 aethera
2988 2187 3308 2244 circumacti
3351 2183 3690 2242 contrarium

437 2270 528 2343 νηῒ
561 2271 767 2343 τρέχει.
812 2270 932 2324 Εἰσὶ
964 2269 1022 2323 δὲ
1059 2269 1237 2324 αὐτῶν
1292 2271 1347 2324 αἰ
1389 2271 1628 2340 κινήσεις
1669 2270 1862 2334 διτταὶ,
1893 2271 1927 2339 ἥ
1953 2287 2013 2322 τε

2121 2281 2304 2338 mundi
2331 2281 2814 2338 circumvolutioni
2860 2281 2964 2336 iter
2992 2279 3253 2337 insistunt
3281 2294 3296 2332 :
3334 2276 3689 2349 quemadmo-

439 2364 677 2436 κοσμικὴ
722 2364 883 2434 καὶὴ
934 2361 1061 2419 ἰδία.
1107 2362 1200 2416 Διὸ
1252 2363 1345 2416 καὶ
1388 2364 1521 2434 πρὸς
1575 2361 1857 2435 σύγκρισιν
1908 2363 2016 2417 τῶν

439 2458 694 2512 ἀπλανῶν
736 2456 879 2510 οὕτω
921 2455 1190 2528 πλάνητες
1225 2456 1560 2528 ἐκλήθησαν·
1611 2457 1728 2528 ἦτοι
1775 2457 1882 2512 ἀπὸ
1921 2457 2014 2512 τοῦ

428 2550 651 2622 ,πλανᾷν
674 2549 830 2620 ἡμῶν
861 2547 960 2613 τὰς
993 2548 1143 2618 ὄψεις
1169 2565 1182 2577 ·
1218 2549 1310 2602 καί
1353 2547 1459 2620 γὰρ
1490 2548 1707 2618 πλάγιοι
1740 2549 2015 2621 φέρονται,

441 2643 537 2695 καὶ
565 2639 979 2705 ἀναποδίζουσιν
1003 2640 1174 2695 ἐνίοτε
1191 2658 1204 2672 ’
1233 2640 1345 2695 ἔσθ’
1366 2643 1455 2696 ὅτε
1485 2641 1541 2695 δὲ
1566 2641 1660 2695 καὶ
1689 2643 2018 2714 προσωτέρω

441 2730 711 2805 χωροῦσιν
731 2749 744 2762 ·
776 2731 809 2801 ἢ
849 2731 956 2785 ἀπὸ
992 2730 1087 2786 τοῦ
1122 2733 1318 2797 αὐτοὺς
1353 2733 1674 2798 πλανᾶσθαι,
1707 2735 1897 2808 καὶμὴ
1921 2736 2018 2807 τὴν

441 2825 614 2897 αὐτὴν
662 2824 886 2898 πορείαν
925 2825 1197 2880 ποιεῖσθαι
1230 2829 1344 2890 τοῖς
1376 2827 1688 2880 ἀπλανέσιν.
1727 2827 1885 2882 Ὅθεν
1925 2830 2020 2883 καὶ

432 2915 684 2988 έΑρατος
715 2916 814 2988 τὴν
847 2917 1093 2988 πορείαν,
1117 2917 1184 2970 δι’
1211 2911 1280 2990 ἧς
1313 2917 1532 2990 φέρεται
1560 2920 1589 2972 ὁ
1618 2920 1787 2990 ἥλιος,
1815 2921 2022 2992 πλάνην

445 3006 600 3063 εἶπεν
637 3008 804 3063 αὐτοῦ
829 3009 924 3063 καὶ
949 3009 1161 3082 ἄλησιν.

593 3293 753 3350 Κατὰ
776 3293 888 3364 μὲν
907 3294 1102 3364 βορέω
1129 3295 1226 3351 καί
1253 3294 1512 3363 ἀλήσιος
1542 3297 1790 3364 ἠελίοιο.

447 3388 516 3440 Ol.
543 3386 600 3440 δὲ
626 3385 984 3457 Πυθαγόρειοι
1030 3385 1091 3439 οὐ
1125 3385 1284 3456 μόνον
1321 3387 1444 3450 τοὺς
1490 3386 1764 3457 πλάνητας
1792 3389 2024 3460 ἀστέρας

452 3479 729 3549 βούλονται
766 3479 900 3533 ἰδίαν
945 3479 1158 3551 κίνησιν
1204 3478 1367 3549 ἔχειν,
1410 3479 1546 3532 ἀλλὰ
1571 3483 1664 3534 καὶ
1701 3482 1826 3544 τοὺς
1854 3481 2026 3534 ἀπλα-

450 3575 593 3635 νεῖς”
622 3571 766 3626 οὕτω
813 3571 994 3642 μέντοι
1031 3569 1318 3634 κινεῖσθαι,
1361 3571 1455 3624 καὶ
1494 3571 1622 3642 περί
1646 3572 1736 3625 τὸν
1773 3571 1903 3626 ίδιον
1932 3591 2026 3628 κυ-

452 3663 696 3718 κλεῖσθαι
755 3663 951 3717 κύκλον
975 3677 991 3694 ⁸
1022 3662 1210 3734 ὥσπερ
1263 3662 1356 3716 τοῦ
1408 3663 1608 3726 παντὸς
1649 3663 1722 3735 μὴ
1772 3664 2027 3734 μεταϐαί-

451 3775 634 3823 νοντος
671 3756 931 3830 ἑτέρωθι,
970 3755 1106 3811 ἀλλὰ
1149 3757 1276 3828 περὶ
1322 3757 1413 3811 τὸν
1452 3757 1614 3812 αὐτὸν
1645 3757 1807 3813 τόπον
1855 3758 2024 3813 εἰλου-

449 3850 639 3923 μένου.
1656 3870 1664 3878 -

917 3944 1013 4011 Τίς
1053 3944 1234 3998 οὐσία
1284 3943 1573 4013 ἀστέρων.

526 4046 615 4092 ια’.
654 4038 834 4108 Θαλῆς
892 4037 993 4108 μὲν
1024 4039 1088 4107 δὴ
1119 4039 1313 4108 γηῖνην
1361 4037 1604 4108 ἔμπυρον
1639 4033 1756 4090 εἶπε
1790 4038 1888 4109 τὴν
1922 4038 2028 4092 τῶν

453 4134 702 4204 ἀστέρων
748 4131 936 4184 οὐσίαν
964 4148 977 4161 ο
1023 4131 1391 4202 Ἐμπεδοκλῆς
1435 4130 1492 4182 δὲ
1541 4131 1799 4201 πυρίνους
1833 4133 2028 4196 αὐτοὺς

458 4223 598 4280 εἰπε.
629 4225 785 4288 Τινὲς
813 4224 870 4277 δὲ
903 4222 1125 4292 γεώδεις
1155 4225 1326 4276 εἰπεῖν
1352 4224 1548 4286 αὐτοὺς
1586 4224 1918 4296 ἐτόλμησαν·
1954 4220 2030 4280 ὧν

458 4321 574 4372 ἐστι
603 4319 696 4372 καί
728 4316 1113 4387 Ἀναξαγόρας.
1146 4314 1300 4369 Μετά
1327 4315 1434 4386 γὰρ
1457 4316 1554 4387 τὴν
1599 4317 1841 4388 πρώτην,
1875 4320 2027 4389 φησὶ,

455 4411 725 4483 διάκρισιν
756 4410 863 4462 τῶν
892 4408 1167 4479 στοιχείων
1189 4407 1251 4461 τὸ
1279 4409 1388 4479 πῦρ
1423 4405 1784 4479 χωριζόμενον
1819 4409 2030 4481 ὲπὶ,τὴν

461 4501 596 4554 ἰδίαν
631 4501 790 4569 φύσιν
822 4500 1152 4562 ἀνασπάσαι,
1185 4499 1278 4552 καὶ
1302 4497 1541 4570 διάπυρα
1570 4499 1910 4572 ποιῆσαικαὶ
1931 4501 2029 4570 τῆς

457 4595 561 4663 γῆς
619 4593 784 4662 μόριά
833 4609 970 4646 τινα.
1009 4591 1170 4645 Ὅθεν
1230 4593 1324 4644 καὶ
1353 4592 1437 4645 τδν
1480 4591 1630 4662 ἣλιον
1674 4591 1859 4660 ἔλεγεν
1889 4588 2028 4647 εἶναι

461 4683 680 4755 μύδρον,
712 4682 786 4746 ὡς
821 4682 946 4751 ἑξῆς
975 4681 1224 4753 ἐροῦμεν.
1259 4683 1478 4754 Ἕτεροι
1515 4681 1572 4735 δὲ
1607 4682 1856 4756 κίσσηριν
1896 4683 2034 4737 πλα-

460 4776 582 4845 γίαν
614 4769 800 4835 οὖσαν,
830 4773 936 4824 ύπὺ
963 4773 1060 4842 τῆς
1083 4772 1412 4844 θερμότητος
1437 4773 1528 4826 τοῦ
1557 4774 1770 4845 αἰθέρος
1794 4775 2029 4830 ἀναπτο-

463 4869 630 4940 μένην
650 4885 663 4897 ·
695 4865 790 4920 καὶ
818 4865 923 4918 ὑπὸ
943 4865 1052 4918 τῶν
1074 4864 1385 4935 τρυμαλιῶν
1401 4867 1525 4929 τοὺς
1544 4866 1778 4938 ἀστέρας
1800 4867 2026 4938 φαίνειν.

461 4961 685 5015 Πλάτων
713 4960 769 5013 δὲ
802 4961 865 5012 ἐκ
911 4958 1018 5010 τῶν
1057 4959 1338 5029 τεσσάρων
1367 4959 1662 5028 στοιχείων,
1703 4959 1954 5013 πλείστου
1975 4962 2031 5015 δὲ

464 5053 654 5124 πυρός.
707 5050 1015 5120 Ξενοφάνης
1068 5049 1124 5101 δὲ
1159 5049 1305 5118 λέγει
1333 5051 1458 5114 τοὺς
1487 5052 1726 5124 ἀστέρας
1762 5054 1827 5107 ἐκ
1853 5054 2032 5124 νεφῶν

463 5145 779 5198 συνεστάναι
837 5143 1121 5216 ἐμπύρων,
1178 5144 1272 5196 καὶ
1300 5143 1640 5210 σϐέννυσθαι,
1670 5147 1764 5198 καὶ
1805 5146 2033 5200 ἀνάπτε-

460 5235 584 5289 σθαι
612 5235 811 5290 ὼσανεί
830 5233 1130 5306 ἄνθρακας.
1166 5233 1274 5285 Καὶ
1312 5233 1401 5285 ὅτε
1449 5232 1548 5302 μὲν
1580 5233 1860 5299 ἅπτονται,
1896 5254 2030 5304 φαν-

459 5329 652 5382 τασίαν
679 5329 823 5400 ἡμᾶς
849 5327 992 5396 ἐχειν
1034 5323 1298 5394 ἀνατολῆς
1316 5341 1330 5354 ο
1359 5325 1447 5376 ὅτε
1488 5323 1544 5376 δὲ
1573 5323 1906 5390 σϐέννυνται,
1940 5327 2030 5379 δύ-

463 5437 618 5483 σεως.
672 5421 735 5472 Οἱ
793 5418 1020 5470 Στωϊκοὶ
1067 5415 1123 5469 δὲ
1169 5419 1232 5468 ἐκ
1284 5414 1454 5485 πυρὸς
1502 5412 1748 5482 λέγουσιν
1798 5417 2026 5479 αὐτούς·

462 5512 630 5584 πυρὸς
656 5511 712 5564 δὲ
743 5509 836 5563 τοῦ
871 5509 1039 5573 θείου,
1069 5508 1164 5562 καί⁸
1213 5507 1406 5566 ἀϊδίου,
1431 5506 1524 5558 καὶ
1559 5504 1618 5556 οὐ
1649 5506 2030 5578 παραπλησίου

459 5604 536 5674 τῷ
569 5607 696 5676 παρ’
735 5605 864 5674 ἡμῖν
888 5619 900 5632 ο
957 5601 1111 5655 τοῦτο
1166 5599 1272 5672 γὰρ
1315 5596 1630 5668 φθαρτικὸν,
1667 5597 1758 5650 καὶ
1793 5599 1851 5651 οὐ
1881 5617 2031 5668 παμ-

459 5698 614 5769 φαές.

534 5857 578 5894 θ’
611 5857 650 5913 f.
687 5856 769 5910 ἐπ’
806 5855 990 5910 αὐτοῦ.

2060 4557 2105 4612 D

2117 2373 2242 2428 dum
2260 2372 2306 2428 si
2323 2373 2448 2428 navi
2469 2373 2535 2428 ad
2565 2373 2874 2443 aquilonem
2889 2372 3075 2436 citata,
3091 2377 3278 2426 vector
3293 2375 3542 2423 austrum
3557 2381 3682 2423 ver-

2118 2481 2212 2522 sus
2241 2465 2297 2519 in
2330 2464 2522 2520 eadem
2554 2479 2676 2521 sese
2714 2471 2948 2520 moveat.
2982 2461 3195 2517 Habent
3233 2467 3413 2514 autem
3459 2458 3692 2529 planetae

2118 2567 2300 2614 motus
2331 2557 2596 2628 duplices,
2633 2555 2968 2612 mundanum
2995 2563 3050 2612 et
3074 2556 3376 2627 proprium.
3404 2552 3531 2609 Ideo
3563 2567 3692 2607 cum

2121 2652 2243 2706 lixis
2266 2656 2594 2720 comparatae
2625 2649 2796 2704 stellae
2823 2648 2943 2703 istae
2970 2647 3229 2719 planetae,
3262 2647 3367 2702 hoc
3395 2652 3480 2702 est
3503 2656 3692 2700 erran—

2120 2751 2203 2797 tes
2233 2741 2513 2812 appellatae
2541 2748 2702 2806 sunt;
2729 2738 2814 2794 vel
2845 2737 2991 2809 quod
3017 2753 3260 2794 errorem
3277 2735 3454 2792 oculis
3486 2733 3691 2790 nostris

2119 2832 2405 2902 objiciunt.
2440 2829 2577 2885 Nam
2603 2839 2658 2888 et
2678 2829 2913 2901 obliquae
2940 2828 3192 2885 feruntur
3212 2868 3228 2894 ,
3254 2836 3309 2884 et
3340 2834 3489 2882 retro
3520 2839 3696 2897 agun—

2123 2933 2211 2979 tur
2233 2924 2531 2980 interdum.
2562 2924 2712 2979 Alias
2750 2921 3176 2994 progrediuntur
3214 2921 3463 2977 ulterius.
3496 2918 3594 2975 Vel
3624 2931 3695 2974 ao

2121 3029 2187 3069 eo
2207 3013 2353 3085 quod
2391 3022 2577 3069 errent
2621 3015 2774 3084 ipsae,
2818 3028 2921 3068 nec
2956 3011 3211 3069 eumdem
3251 3025 3373 3068 cum
3417 3010 3542 3067 tixis
3567 3025 3697 3066 cur-

2123 3120 2246 3161 sum
2274 3112 2517 3160 teneant.
2540 3104 2678 3159 Hinc
2695 3104 2897 3160 Aratus
2929 3104 3034 3160 iter
3053 3104 3208 3169 solis,
3240 3119 3334 3174 per
3355 3103 3501 3174 quod
3528 3112 3694 3168 meat,

2047 3215 2088 3272 ο
2121 3209 2363 3252 errorem
2401 3202 2455 3250 et
2483 3195 2826 3266 vagationem
2855 3195 3102 3248 nominat
3135 3212 3148 3248 :

2317 3306 2422 3361 Per
2453 3306 2663 3360 boream
2695 3314 2745 3360 et
2771 3306 2899 3361 solis
2926 3307 3306 3377 evagationem.
3484 3378 3488 3382 _

2128 3399 2194 3451 At
2242 3396 2566 3468 Pythagorei
2612 3411 2723 3449 non
2781 3396 2958 3452 solum
3017 3397 3251 3467 planetis
3303 3405 3510 3451 motum
3565 3412 3695 3468 pro—

2127 3489 2308 3559 prium
2342 3489 2644 3552 ascribunt,
2680 3487 2776 3543 sed
2817 3489 2982 3543 etiam
3013 3490 3406 3546 inerrantibus.
3439 3488 3586 3556 Quas
3623 3491 3698 3544 ita

2127 3581 2262 3636 cieri
2302 3580 2522 3646 volunt,
2547 3587 2600 3635 et
2626 3593 2834 3634 circum
2865 3580 3052 3635 orbem
3089 3596 3246 3636 suum
3277 3582 3494 3652 agitari,
3537 3588 3598 3636 ut
3631 3597 3700 3638 ne

2129 3676 2238 3747 79
2267 3675 2373 3731 alio
2402 3674 2641 3730 mundus
2675 3675 2914 3744 recedat,
2931 3675 3026 3731 sed
3053 3676 3260 3731 circum
3294 3675 3433 3731 idem
3464 3677 3699 3749 spatium

2131 3768 2352 3826 assidue
2377 3777 2680 3825 moveatur.

2507 3947 2639 4015 Quae
2670 3948 2738 4001 sit
2772 3955 2964 4001 natura
3001 3947 3293 4002 stellarum.

2200 4041 2288 4095 ll.
2325 4039 2565 4096 Thaletis
2599 4040 2786 4112 Opinio
2831 4047 2915 4097 est
2961 4048 3214 4094 naturam
3261 4041 3540 4096 stellarum
3579 4053 3704 4095 esse

2129 4140 2441 4188 terrestrem
2487 4141 2542 4187 et
2582 4133 2834 4203 igneam;
2884 4129 3236 4202 Empedocles
3267 4130 3486 4188 easdem
3517 4130 3703 4200 igneas

2130 4241 2252 4281 esse
2278 4225 2430 4280 dicit.
2459 4222 2689 4290 Quidam
2725 4230 2971 4280 terrenas
3015 4215 3139 4278 illas
3193 4223 3308 4276 ausi
3345 4229 3474 4277 sunt
3499 4220 3699 4285 facere,

2130 4326 2190 4372 ut
2215 4310 2586 4388 AnaxagOras.
2626 4314 2725 4370 Hic
2753 4316 2898 4370 enim
2929 4314 3023 4380 ait,
3055 4323 3178 4384 post
3206 4314 3436 4384 primam
3461 4312 3703 4367 elemen-

2132 4418 2309 4467 torum
2339 4410 2718 4474 secretionem,
2755 4408 2934 4479 ignem
2969 4414 3310 4477 separantem
3344 4419 3424 4469 se,
3467 4405 3704 4458 nonnul-

2132 4503 2214 4558 las
2272 4510 2431 4558 terrae
2481 4508 2663 4572 partes
2718 4500 2786 4554 ad
2835 4512 2990 4554 suam
3044 4498 3277 4552 traxisse
3324 4503 3600 4559 naturam,
3651 4505 3707 4548 et

2132 4597 2319 4668 igneas
2363 4593 2686 4650 reddidisse.
2736 4589 2894 4646 Unde
2938 4600 2992 4646 et
3041 4590 3210 4645 solem
3260 4600 3508 4643 massam
3535 4586 3706 4642 veluti

2113 4687 2260 4758 .ferri
2296 4702 2418 4742 esse
2443 4685 2678 4748 volebat,
2703 4692 2763 4737 ut
2784 4683 2948 4753 paulo
2974 4689 3098 4752 post
3132 4678 3498 4736 dicetur.'Alii
3525 4677 3705 4749 pumi-

2132 4795 2247 4836 cem
2278 4778 2550 4849 obliquam
2585 4791 2708 4832 esse
2736 4774 3062 4842 docuerunt,
3101 4787 3267 4844 quam
3294 4771 3512 4827 aetheris
3540 4769 3707 4826 ardor

2133 4871 2430 4928 accendat:
2465 4884 2528 4923 ac
2562 4883 2658 4938 per
2701 4867 2848 4923 illius
2898 4865 3166 4920 foramina
3200 4863 3463 4934 transpici
3494 4863 3702 4921 stellas.

2133 4964 2286 5018 Plato
2316 4979 2380 5020 ex
2426 4961 2711 5018 elementis
2763 4970 3018 5016 constare
3047 4965 3302 5029 quatuor,
3353 4955 3449 5012 sed
3498 4953 3707 5024 majore

2133 5070 2315 5113 tamen
2356 5056 2498 5127 ignis
2530 5063 2704 5127 parte.
2745 5054 3108 5125 Xenophanes
3148 5069 3214 5108 ex
3250 5052 3490 5108 nubibus
3519 5051 3705 5121 ignitis

2135 5150 2248 5205 ﬁeri
2283 5150 2492 5215 stellas,
2523 5164 2728 5219 easque
2759 5149 3057 5204 carbonum
3093 5148 3266 5201 instar
3292 5142 3564 5214 exstingui
3609 5157 3705 5198 ao-

2133 5244 2402 5314 cendique
2451 5241 2679 5313 judicat.
2707 5240 2846 5296 Cum
2895 5248 3074 5294 autem
3123 5238 3515 5301 accenduntur,
3548 5242 3706 5290 ortus

2132 5335 2424 5406 quamdam
2481 5333 2720 5404 praebere
2774 5332 3051 5402 speciem:
3085 5346 3208 5384 cum
3257 5329 3701 5398 exstinguuntur,

2134 5445 2384 5486 occasus.
2422 5427 2595 5482 Stoici
2624 5439 2690 5481 ea
2732 5425 2854 5496 igne
2879 5423 3130 5494 componi
3155 5431 3366 5492 putant,
3399 5419 3494 5476 sed
3519 5433 3584 5475 eo
3615 5419 3705 5472 di-

2135 5524 2262 5578 vino
2317 5530 2370 5578 et
2409 5533 2633 5585 aeterno,
2685 5535 2861 5590 neque
2887 5517 3052 5586 hujus
3111 5517 3285 5572 nostri
3327 5515 3514 5571 simili.
3548 5513 3705 5572 Hune

2137 5617 2282 5672 enim
2313 5614 2612 5684 corrumpi,
2650 5628 2824 5684 neque
2848 5613 3030 5670 lucere
3061 5610 3303 5683 penitus.
