4132 6462
455 357 560 416 951

951 474 1026 530 De
1049 475 1325 531 stellarum
1347 476 1520 547 ﬁgura

526 589 615 645 12.
664 585 958 645 Cleanthes
1003 591 1251 645 conicam
1293 589 1363 644 iis
1409 589 1640 660 ﬁguram
1685 589 1875 646 tribuit
1922 587 2025 646 Alii

453 685 798 741 bractearum
827 682 1036 739 similes
1075 682 1282 738 faciunt
1312 698 1378 739 ex
1411 683 1547 755 igni,
1591 691 1673 740 Sic
1713 693 1775 738 ut
1803 683 2028 754 profun-

454 777 624 831 ditate
648 781 900 831 carentes
933 775 1064 840 sint,
1087 773 1372 844 instarque
1393 773 1642 844 picturze.
1669 773 1903 841 Quidam
1932 791 2028 846 py-

455 867 696 924 ramidas
726 883 849 925 esse
885 867 1090 924 volunt.
1133 867 1305 923 Stoici
1332 867 1598 939 sphaerica
1631 869 1802 940 ﬁgura
1831 870 2028 942 praedi-
2061 933 2068 940 ﬁ

455 970 562 1026 tas,
597 969 656 1016 ut
680 968 737 1018 et
763 962 932 1017 solem
954 969 1008 1016 et
1038 959 1284 1016 ambiens
1310 960 1531 1016 coelum.

841 1079 924 1134 An
957 1086 1077 1134 sunt
1115 1080 1410 1134 animantes
1452 1079 1640 1136 stellis.

525 1192 614 1247 15.
634 1191 852 1248 Animal
875 1200 980 1258 est,
1013 1201 1074 1248 ut
1101 1191 1354 1249 Eudorus
1371 1193 1580 1257 deﬁnit,
1600 1195 1779 1249 anima
1803 1195 2026 1266 praedita

453 1285 872 1342 natura.Stellas
885 1301 1014 1342 vero
1031 1285 1336 1341 animantes
1350 1301 1472 1341 esse
1487 1301 1662 1356 neque
1671 1287 2024 1359 Anaxagorae,

452 1391 632 1449 neque
649 1376 958 1434 Democrito
983 1377 1216 1443 videtur,
1255 1393 1434 1450 neque
1461 1377 1694 1448 Epicuro
1723 1380 1778 1434 in
1807 1379 2027 1436 Brevia-

451 1469 536 1524 ι·ἰο
569 1467 639 1524 ad
673 1467 1122 1525 Herodotum.At
1150 1469 1366 1528 Platoni
1391 1471 1606 1526 videtur
1633 1471 1692 1526 in
1731 1471 1952 1537 Timaeo,
1973 1482 2027 1529 et

449 1561 734 1619 Aristoteli
756 1563 812 1618 in
831 1563 1075 1620 secundo
1103 1564 1176 1619 De
1196 1563 1358 1628 caelo;
1391 1573 1444 1621 et
1456 1565 1764 1637 Chrysippo
1779 1565 1922 1624 libro
1951 1566 2026 1622 De

451 1655 781 1726 providentia
807 1666 858 1712 et
895 1657 1022 1712 diis.
1050 1657 1304 1728 Epicurei
1329 1675 1496 1731 porro
1521 1674 1643 1716 esse
1671 1667 1870 1732 negant
1908 1661 2026 1716 ani-

448 1748 614 1804 malia
636 1789 654 1814 ,
702 1749 848 1820 quod
906 1751 1232 1821 corporibus
1288 1753 1698 1808 contineantur.
1761 1751 1931 1808 Stoici
1995 1769 2026 1808 e

1475 360 1562 416 AD
1595 359 1866 416 EUSEBII
1901 355 2302 416 CHRONICON
2339 361 2696 422 APPENDIX.

2051 475 2104 534 Α

3589 367 3695 426 952

2505 481 2645 548 Περί
2679 485 2988 552 σχήματος
3033 481 3320 552 ἀστέρων.

2200 594 2290 665 ιβ’.
2323 597 2603 668 Κλεάνθης
2627 598 2824 662 αὐτοὺς
2862 599 3141 662 κωνοειδὲς
3158 597 3302 670 ἔχειν
3329 597 3516 670 σχῆμά
3537 615 3693 668 φησι.

2127 689 2283 753 Τινὲς
2309 689 2368 742 δὲ
2397 689 2646 754 πετάλοις
2667 689 2900 744 ἐοικέναι
2921 692 2988 744 ὲκ
3019 689 3212 762 πυρὸς,
3244 689 3406 760 βάθος
3421 691 3520 744 οὐκ
3544 689 3696 761 έχον-

2127 799 2245 846 τας,
2277 781 2390 834 ἀλλ’
2412 781 2601 854 ὥσπερ
2636 781 2854 851 γραφὰς
2889 777 3046 836 εἶναι.
3083 781 3238 844 Τινὲς
3263 780 3321 832 δὲ
3361 782 3692 852 πυραμίδας.

2125 875 2190 929 Ol
2215 874 2272 927 δὲ
2300 875 2527 928 Στωϊκοὶ
2558 874 2841 947 σφαιρικὸν
2877 875 3022 946 ἔχειν
3049 873 3234 944 σχῆμα
3268 873 3504 944 λέγουσι,
3523 873 3696 928 καθά-

2127 983 2232 1037 περ
2250 965 2340 1020 τὸν
2369 966 2520 1038 ἥλιον
2533 967 2626 1022 καὶ
2650 965 2740 1020 τὸν
2761 966 3082 1038 περιέχοντα.
3102 964 3350 1036 οὐρανόν.

2617 1079 2832 1152 Εὶιζῶα
2853 1083 2909 1134 ol
2927 1079 3198 1149 ἀστέρες.

2197 1197 2288 1261 ιγ’.
2309 1193 2456 1245 Ζῶόν
2474 1194 2638 1256 ἐστιν,
2658 1191 2731 1255 ὡς
2755 1191 3002 1264 Εὖδωρός
3039 1209 3223 1263 φησιν,
3249 1190 3490 1264 ἔμψυχος
3519 1191 3692 1245 οὐσία.

2126 1285 2266 1349 Τοὺς
2311 1285 2549 1357 ἀστέρας
2571 1285 2627 1338 δὲ
2679 1285 2794 1348 ζῶα
2829 1279 2965 1338 εἶναι
3008 1283 3130 1336 οὔτε
3181 1283 3548 1355 Ἀναξαγόρᾳ,
3573 1281 3696 1335 οὔτε

2125 1379 2446 1451 Δημοκρίτῳ
2467 1379 2630 1440 δοκεῖ,
2675 1377 2798 1430 οὔτε
2840 1376 3146 1447 Ἐπικούρῳ
3180 1378 3238 1428 ὲν
3270 1379 3335 1446 τῇ
3363 1375 3498 1446 πρὸς
3543 1371 3698 1444 Ἠρό-

2121 1469 2271 1523 δοτον
2321 1469 2606 1540 Ἐπιτομῇ.
2657 1466 2902 1522 Πλάτωνι
2951 1465 3006 1519 δὲ
3043 1465 3192 1519 δοκεῖ
3221 1466 3278 1518 ὲν
3341 1469 3569 1533 Τιμαίῳ,
3603 1465 3698 1518 καὶ

2138 1563 2498 1636 Ἀριστοτέλει
2549 1565 2606 1617 ὲν
2643 1562 2878 1634 δευτέρῳ
2925 1561 3062 1628 Περί
3093 1559 3376 1628 οἰιρανοῦ·
3431 1559 3524 1613 καὶ
3553 1555 3700 1629 Χρυ-

2128 1659 2312 1728 σίππῳ
2354 1657 2412 1708 ὲν
2459 1656 2537 1727 τῷ
2607 1655 2744 1724 Περὶ
2799 1654 3084 1722 προνοίας
3153 1653 3253 1705 καὶ
3299 1649 3466 1706 θεῶν.
3523 1651 3584 1702 Ol
3641 1647 3698 1702 δὲ

2139 1745 2499 1820 Ἐ’πικούρειοί
2532 1765 2666 1817 φασι
2711 1747 2783 1818 μὴ
2817 1741 2953 1800 εἰναι
2985 1744 3147 1810 ζῴδια
3169 1761 3182 1775 ·
3213 1744 3334 1796 ἐπεὶ
3369 1742 3473 1796 ὑπὸ
3516 1741 3700 1812 σωμά-

448 1842 732 1899 contrario
761 1843 1066 1914 disputant.
1109 1843 1440 1902 Posidonius
1479 1846 1802 1916 ignorantiae
1843 1847 2026 1918 arguit

2129 1859 2236 1894 των
2272 1841 2570 1910 συνέχεται.
2607 1839 2668 1891 Ui
2693 1837 2750 1890 δὲ
2783 1836 3010 1890 Στωϊκοὶ
3064 1835 3125 1887 τὸ
3175 1833 3463 1888 ἀνάπαλιν.
3509 1833 3700 1884 Ποσει-

450 1931 781 2003 Epicureos,
829 1933 972 2003 quod
1023 1933 1236 1989 animas
1291 1949 1522 2004 corpora
1565 1934 1792 1992 minime
1847 1936 2026 1992 conti-

449 2033 656 2092 neant;
686 2025 781 2084 sed
821 2029 1017 2082 animae
1047 2041 1300 2098 corpora,
1333 2035 1394 2084 ut
1424 2029 1611 2100 gluten
1639 2035 1750 2084 tam
1774 2043 1834 2086 se
1864 2043 2024 2100 quam

447 2120 797 2180 extrinsecus
844 2121 1112 2192 applicata
1159 2122 1424 2178 continet.
1479 2121 1615 2179 Nam
1663 2121 1808 2192 quod
1858 2123 2026 2178 stellae

448 2211 562 2268 sint
587 2213 869 2279 animalia,
897 2231 962 2271 ex
999 2231 1066 2272 eo
1105 2215 1278 2271 Stoici
1323 2215 1738 2283 demonstrant,
1767 2215 2022 2286 quoniam

447 2307 634 2362 omnia
659 2323 781 2377 quae
809 2297 939 2364 sunt
968 2311 1025 2364 in
1051 2311 1214 2373 cmlo,
1250 2309 1408 2382 ignea
1435 2317 1585 2372 sunt,
1615 2315 1690 2374 et,
1730 2315 1790 2364 ut
1817 2315 2025 2363 natura

447 2410 564 2452 suae
591 2397 865 2468 congruit,
892 2411 956 2452 ac
993 2397 1109 2460 diu,
1137 2405 1192 2454 et
1235 2398 1292 2452 in
1319 2397 1506 2454 orbem
1535 2403 1842 2454 moventur.
1871 2395 2027 2450 ludi-

447 2487 538 2543 cio
561 2487 746 2559 itaque
776 2487 1002 2560 praedita
1029 2496 1180 2546 sunt.
1211 2489 1368 2556 Quod
1411 2489 1460 2544 si
1501 2503 1690 2544 verum
1728 2496 1834 2552 est,
1859 2487 2021 2543 etiam

450 2581 707 2636 animalia
741 2589 891 2646 sunt,
919 2589 973 2637 et
1000 2582 1319 2638 varietatem
1355 2581 1556 2638 habent
1603 2581 1659 2635 in
1709 2589 1877 2634 motu.
1910 2577 2024 2634 Hoc

449 2681 631 2730 autem
678 2674 1004 2730 animalibus
1057 2681 1426 2730 consentanee
1479 2672 1699 2728 accidit.
1755 2671 2021 2728 Praeterea

451 2783 552 2822 sua
582 2777 711 2824 sunt
734 2767 1020 2824 elementis
1061 2767 1316 2824 omnibus
1352 2766 1671 2823 animantia.
1712 2765 2021 2822 Absurdum

449 2869 536 2916 est
577 2867 778 2925 autem,
815 2862 961 2932 quod
1006 2861 1294 2918 elementis
1342 2860 1618 2918 antecellit
1662 2859 1918 2916 omnibus
1969 2859 2022 2915 id

453 2950 810 3007 animantium
847 2969 1042 3036 expers
1077 2967 1200 3009 esse
1226 2953 1430 3008 dicere.

787 3065 928 3133 Quid
964 3066 1027 3120 ab
1057 3077 1202 3122 astro
1231 3069 1386 3122 stella
1422 3069 1696 3137 discrepet.

522 3179 610 3232 14.
653 3176 819 3233 Stella
847 3185 946 3232 est
977 3175 1269 3246 ejusmodi,
1302 3185 1364 3232 ut
1409 3175 1632 3232 Saturni
1666 3183 1721 3232 et
1745 3173 2020 3241 Mercurii,
2051 3183 2096 3241 ο

453 3285 560 3326 una
619 3285 884 3335 numero;
930 3277 1138 3326 astrum
1192 3284 1322 3326 vero
1371 3276 1610 3342 systema
1663 3268 1920 3339 plurium,
1969 3275 2028 3322 ut

451 3362 820 3426 Andromeda,
851 3361 1161 3418 Centaurus
1187 3379 1203 3429 ;
1234 3360 1383 3432 quod
1409 3361 1704 3418 discrimen
1729 3375 1838 3418 non
1875 3359 2030 3431 igno—

449 3457 592 3513 ravit
627 3457 848 3524 Aratus,
873 3469 999 3511 cum
1028 3455 1109 3512 sic
1129 3455 1373 3526 loquitur
1397 3474 1410 3508 :

591 3571 756 3696 gstlrla
781 3569 1082 3626 discernens
1107 3586 1124 3624 :
1153 3568 1380 3637 prouidit
1411 3585 1529 3623 vero
1561 3569 1614 3622 in
1643 3583 1838 3622 annum

639 3651 685 3695 te
732 3657 813 3695 as.

639 3651 813 3695 tellus.

523 3753 796 3810 Diodorus
828 3759 884 3808 et
924 3753 1014 3808 alii
1056 3751 1423 3808 mathematici
1455 3758 1567 3806 tam
1608 3749 1828 3822 proprie
1863 3764 2026 3820 quam

453 3845 816 3900 communiter
828 3844 1146 3900 asterismos
1158 3851 1212 3899 et
1227 3843 1414 3899 stellas
1430 3851 1578 3899 astra
1596 3841 1898 3903 nominant,
1914 3841 2032 3896 Pla-

454 3937 602 3993 tonis
623 3935 940 3992 testimonio
961 3935 1108 4003 freti,
1132 3936 1224 4006 qui
1253 3942 1458 4007 septem
1481 3935 1727 4005 planetas
1749 3934 1804 3988 in
1831 3933 2028 3988 Timeo

453 4037 615 4086 vocat
657 4035 826 4084 astra.
873 4027 1039 4085 Canis
1073 4044 1205 4085 vero
1243 4030 1452 4085 stellam
1500 4027 1772 4098 pmcipue
1819 4035 2026 4082 astrum

455 4119 797 4175 consuetudo
830 4119 1109 4191 popularis
1143 4120 1394 4191 appellat.
1424 4117 1691 4175 Caeterum
1726 4117 1880 4174 stella
1907 4131 2029 4172 om-

454 4212 543 4269 nis
587 4223 793 4269 astrum
845 4222 973 4278 est;
1029 4229 1134 4268 non
1187 4221 1380 4268 contra
1435 4220 1644 4270 astrum
1697 4219 1782 4268 est
1827 4209 2024 4278 stella;

453 4321 780 4380 quamquam
797 4307 1162 4362 Callimachus
1193 4307 1267 4361 ita
1297 4306 1488 4362 scribit
1521 4325 1534 4360 :

929 4459 944 4474 .
1047 4417 1208 4472 Prius
1236 4418 1402 4474 stella!
1433 4417 1728 4482 Berenices,

2130 1933 2315 1997 δὼνιος
2335 1933 2392 1987 δὲ
2424 1934 2636 2002 ἀγνοεῖν
2685 1932 2811 1995 τοὺς
2855 1929 3258 2001 ’Ἐπικουρείους
3304 1925 3406 1998 ἔφη
3429 1967 3445 1989 ,
3479 1927 3554 1989 ὡς
3578 1925 3699 1978 οὔτε

2133 2025 2358 2096 σώματα
2369 2023 2468 2089 τὰς
2491 2023 2668 2095 ψυχὰς
2689 2023 2918 2094 συνέχει,
2941 2021 3055 2075 ἀλλ’
3078 2021 3136 2072 αἰ
3155 2018 3321 2089 ψυχαὶ
3346 2017 3413 2070 τά
3441 2015 3666 2088 σώματα
3681 2033 3696 2046 ο

2131 2119 2318 2190 ῶσπερ
2351 2119 2496 2189 καὶὴ
2529 2117 2691 2172 κόλλα
2713 2117 2808 2172 καὶ
2839 2115 3055 2186 ἑαυτὴν,
3081 2115 3176 2168 καὶ
3201 2113 3270 2165 τὰ
3303 2111 3458 2173 ἐκτὸς
3487 2111 3696 2181 κρατεῖ.

2133 2213 2328 2266 Ὀτιδὲ
2377 2211 2428 2265 οἰ
2483 2211 2708 2282 ἀστέρες
2737 2209 2873 2274 ζῶα,
2902 2207 3140 2280 χρῶνται
3187 2205 3322 2278 πρὸς
3359 2201 3630 2266 ἀπόδειξιν
3649 2201 3700 2253 οἱ

2131 2305 2357 2358 Στωϊκοὶ
2379 2303 2588 2367 τούτοις
2602 2319 2617 2334 ·
2647 2303 2832 2356 Πάντα
2847 2301 2914 2356 τὰ
2942 2304 2997 2354 ὲν
3019 2299 3096 2370 τῷ
3111 2297 3322 2369 οὐρανῷ
3341 2295 3586 2369 πυρώδη,
3607 2294 3702 2347 καὶ

2133 2397 2272 2452 κατά
2296 2398 2587 2466 φύσιν,κα³ι
2615 2396 2979 2467 πολυχρονίως
3009 2395 3258 2454 κινεῖται,
3277 2391 3373 2444 καὶ
3405 2386 3698 2450 κυκλικῶς.

2131 2491 2336 2547 Οὐκοῦν
2353 2491 2445 2544 καὶ
2461 2491 2640 2562 κρίσιν
2657 2489 2784 2559 ἔχει.
2801 2489 2862 2542 Εἰ
2888 2487 2944 2540 δὲ
2966 2486 3144 2560 κρίσιν
3163 2485 3295 2556 ἔχει,
3316 2483 3408 2537 καί
3426 2481 3540 2546 ζῶά
3564 2483 3698 2546 ἐστι,

2133 2585 2226 2638 καὶ
2273 2583 2518 2646 ποικίλας
2541 2583 2720 2653 ἔχουσι
2749 2583 3005 2652 κινήσεις.
3057 2579 3228 2632 Τοῦτο
3291 2577 3346 2630 δὲ
3384 2577 3498 2640 τοῖς
3542 2574 3698 2639 ζώοις

2127 2680 2337 2733 ἕπεται.
2353 2677 2462 2731 Καὶ
2475 2677 2648 2730 πάντα
2671 2674 2741 2728 τὰ
2765 2677 3002 2745 στοιχεῖα
3027 2671 3138 2738 ζῶα
3168 2671 3540 2742 ἔχει.Ἀτοπον
3567 2664 3700 2720 δὲτὸ

2131 2773 2373 2843 κρεῖττον
2389 2769 2608 2822 πάντων
2629 2767 2737 2822 τῶν
2765 2766 3041 2837 στοιχείων
3070 2763 3222 2828 ζώων
3253 2764 3478 2836 ἄμοιρον
3505 2761 3696 2814 εἰπεῖν.

2475 3072 2536 3125 Τί
2557 3069 2674 3142 μὲν
2698 3067 2892 3138 ἀστήρ
2910 3087 2921 3100 ·
2954 3067 3094 3123 τίδὲ
3121 3067 3368 3136 ἄστρον.

2201 3185 2280 3238 ιδ’.
2333 3183 2534 3255 Ἀστὴρ
2567 3183 2664 3253 μέν
2717 3184 2868 3235 ἔστιν
2907 3181 2982 3245 ῶς
3017 3181 3080 3234 ἂν
3113 3182 3142 3234 ὁ
3163 3178 3258 3232 τοῦ
3281 3177 3568 3249 Κρόνου,ἦ
3599 3173 3696 3228 τοῦ

2142 3277 2364 3351 Ἑρμοῦ,
2399 3273 2481 3340 εἷς
2519 3275 2736 3346 ἀριθμῷ
2757 3293 2770 3306 '
2815 3273 3011 3346 ἄστρον
3044 3274 3100 3326 δὲ
3125 3273 3182 3326 τὸ
3221 3273 3286 3326 ὲκ
3314 3269 3524 3324 πολλῶν
3547 3265 3702 3322 ἀστε-

2130 3389 2238 3442 ρων
2291 3370 2578 3440 σύστημα·
2631 3367 2708 3430 ὡς
2765 3367 2798 3437 ἡ
2868 3362 3323 3435 Ἀνδρομέδα,ἢὸ
3369 3359 3697 3428 Κένταυρος.

2129 3459 2251 3518 Οἵδε
2283 3463 2340 3515 δὲ
2373 3462 2472 3534 τὴν
2491 3460 2752 3532 διαφορὰν
2784 3459 2880 3513 καί
2909 3459 3144 3529 Ἀρατος
3167 3495 3182 3520 ,

2132 3577 2348 3639 Ἄστρα
2386 3572 2694 3641 διακρίνας
2715 3589 2728 3602 ·
2761 3571 3064 3640 ἐσκέψατο
3089 3569 3140 3622 δ’
3169 3571 3256 3635 εἰς
3296 3565 3570 3622 ἐνιαυτὸν

2132 3645 2444 3714 Ἀστέρας,

2127 3761 2322 3831 λέγων.
2359 3760 2624 3828 Διόδωρος
2655 3759 2712 3812 δὲ
2751 3759 2846 3812 καὶ
2884 3758 2934 3812 οἱ
2967 3755 3118 3812 ἄλλοι
3166 3753 3539 3826 μαθηματικοὶ
3561 3752 3705 3815 ἰδίως

2129 3855 2222 3907 καὶ
2255 3853 2448 3916 κοινῶς
2500 3851 2568 3905 τὰ
2599 3850 2762 3916 ζὼδια
2810 3851 2984 3922 ἄστρα
3035 3847 3255 3902 καλοῦσι
3308 3847 3400 3900 καὶ
3446 3846 3702 3916 ἀστέρας,

2129 3945 2554 4018 παρατιθέμενοι
2595 3945 2858 3998 Πλάτωνα
2891 3945 3165 4015 μάρτυρα,
3201 3943 3375 4012 ἄστρα
3403 3943 3528 4003 τοὺς
3563 3939 3702 3993 ἑπτὰ

2129 4037 2406 4106 πλάνητας
2454 4037 2512 4090 ὲν
2531 4036 2611 4107 τῷ
2661 4037 2872 4106 Τιμαίῳ
2901 4035 3178 4107 εἰρηκότα.
3228 4034 3332 4086 Τὸν
3391 4033 3544 4087 Κύνα
3575 4030 3702 4101 μέν-

2128 4146 2211 4183 τοι
2251 4129 2456 4200 ἀστέρα
2501 4128 2651 4190 ὅντα,
2696 4129 2756 4180 ὲν
2795 4127 2873 4197 τῷ
2907 4125 3007 4197 βίῳ
3037 4127 3234 4198 ἄστρον
3266 4123 3515 4194 λέγομεν.
3563 4121 3702 4174 Ἀλλ’

2127 4224 2156 4276 ὁ
2209 4222 2308 4292 μὲν
2367 4223 2540 4293 ἀστὴρ
2595 4221 2690 4274 καί
2739 4219 2968 4292 ἄστρον·
3003 4218 3187 4272 οὐκέτι
3231 4216 3371 4270 δὲτὸ
3413 4214 3700 4270 ἀνάπαλιν.

2117 4313 2300 4370 ..Ὅταν
2335 4314 2516 4386 μέντοι
2543 4313 2912 4384 Καλλίμαχος.

2339 4425 2488 4495 Πρὶν
2517 4423 2722 4493 ἀστέρι
2753 4423 2833 4489 τῷ
2869 4423 3208 4491 Βερενίκης.

453 4527 523 4584 de
575 4541 732 4583 coma
783 4529 1036 4599 loquens,
1087 4543 1208 4598 quae
1262 4543 1328 4582 ex
1383 4537 1588 4598 septem
1641 4529 1840 4584 lucidis
1887 4543 2022 4582 con-

2128 4539 2220 4592 ὲπὶ
2243 4537 2336 4592 τοῦ
2359 4537 2640 4608 πλοκάμου
2663 4537 2846 4608 φησὶν,
2873 4537 2932 4599 ὃς
2957 4537 3015 4601 ἐξ
3044 4537 3184 4588 ἑπτὰ
3219 4537 3544 4606 καταφανῶν
3573 4537 3703 4606 σύγ-

453 4627 583 4691 stat.
613 4620 789 4694 Hujus
817 4621 1092 4678 asterismi
1139 4635 1248 4675 non
1287 4621 1535 4676 meminit
1581 4621 1820 4675 Aratus:
1863 4635 2022 4690 quem

451 4713 665 4789 primus
703 4714 1018 4771 observavit
1067 4714 1282 4770 Conon.
1349 4707 1592 4786 Corpora
1649 4721 1917 4770 vocantur
1959 4729 2024 4769 ea

451 4821 575 4878 quae
619 4821 728 4864 uno
767 4805 960 4862 habitu
1003 4806 1194 4876 juncta
1240 4807 1612 4872 continentur,
1658 4813 1720 4860 ut
1783 4806 1920 4876 lapis
1971 4813 2025 4862 et

447 4896 678 4969 lignum.
707 4896 960 4954 Habitum
995 4913 1132 4954 voco
1167 4899 1442 4970 spiritum,
1469 4898 1566 4969 qui
1605 4897 1853 4970 corporis
1889 4913 2024 4952 con-

449 4991 658 5048 tinendi
683 4990 796 5046 vim
824 4991 1010 5046 habet.
1035 4989 1426 5062 Coagmentata
1457 4991 1735 5058 dicuntur,
1761 5007 1884 5061 quae
1915 5006 2024 5046 non

447 5099 560 5140 uno
598 5083 787 5140 habitu
816 5082 1072 5153 colligata
1095 5089 1246 5149 sunt,
1275 5089 1336 5137 ut
1361 5084 1518 5140 navis
1545 5091 1601 5140 et
1627 5085 1844 5148 domus,
1888 5099 2026 5153 qua-

445 5194 569 5235 rum
601 5178 692 5234 illa
715 5176 968 5248 pluribus
991 5191 1058 5230 ex
1091 5175 1318 5244 tabulis,
1345 5177 1461 5231 bmc
1493 5177 1682 5232 multis
1713 5193 1780 5234 ex
1826 5177 2024 5246 lapidi-

445 5269 552 5326 bus
583 5267 950 5339 componitur.
979 5265 1262 5335 Disjuncta
1297 5275 1446 5330 sunt,
1469 5275 1530 5322 ut
1559 5267 1782 5324 chorus.
1815 5265 2022 5321 Horum

445 5361 648 5432 duplex
675 5369 762 5417 est
805 5359 1132 5416 diﬂ‘erentia.
1164 5355 1422 5424 Quaedam
1471 5360 1614 5414 enim
1667 5375 1733 5416 ex
1787 5359 2024 5415 deﬁnitis

447 5453 774 5524 corporibus
801 5461 1078 5520 constant,
1117 5469 1182 5510 ae
1221 5461 1378 5510 certo
1419 5467 1647 5508 numero
1667 5453 2026 5522 comprehen-

449 5546 546 5608 sis,
589 5553 651 5599 ut
701 5552 789 5602 est
813 5545 1041 5612 chorus,
1087 5546 1194 5602 alia
1223 5547 1376 5600 nullo
1401 5561 1630 5601 numero
1671 5543 2024 5600 circumscri-

449 5633 576 5702 ptis,
606 5641 668 5690 ut
707 5634 890 5714 turba.
919 5635 1286 5702 Quamobrem
1308 5635 1464 5691 stella
1489 5649 1690 5706 corpus
1717 5641 1802 5692 est
1832 5649 2020 5702 unum,

521 5807 584 5838 ⁹²“
689 5807 922 5876 λέγεται.

1467 5893 1496 5930 ἦ.

2129 4647 2326 4684 κειται.
2365 4628 2564 4684 Τοῦτον
2615 4629 2672 4681 δὲ
2722 4629 2812 4683 τὸν
2843 4629 3122 4700 πλόκαμον
3157 4631 3256 4683 οὐκ
3283 4627 3422 4684 οἶδεν
3446 4633 3699 4702 Ἀρατος.

2127 4723 2481 4794 Παρετήρησε
2507 4721 2564 4774 δὲ
2585 4722 2772 4776 Κόνων
2810 4723 2838 4775 ὁ
2867 4723 3265 4794 μαθηματικός.
3291 4723 3522 4795 Σὼματα
3551 4725 3702 4796 λέγε-

2129 4814 2250 4868 σθαι
2274 4817 2342 4848 "'
2371 4815 2473 4867 ὅσα
2499 4813 2602 4867 ὑπὸ
2637 4815 2766 4884 μιᾶς
2795 4813 2962 4880 ἕξεως
2979 4817 3234 4886 ἡνωμένα
3265 4821 3563 4890 κρατεῖται,
3590 4813 3702 4872 οἷον

2126 4907 2292 4971 λίθος,
2324 4905 2480 4973 ξύλον
2499 4921 2514 4934 ·
2547 4903 2661 4958 ἔστι
2689 4905 2746 4957 δὲ
2777 4905 2890 4970 ἕξις
2910 4905 3128 4976 πνεῦμα
3163 4905 3414 4978 σώματος
3453 4925 3700 4962 συνεκτι-

2127 5001 2241 5054 κόν.
2271 4998 2600 5070 Συνημμένα
2637 4997 2695 5051 δὲ
2735 4999 2836 5052 ὅσα
2859 4999 2956 5072 οὐχ
2982 4999 3087 5052 ὑπὸ
3116 5001 3244 5070 μιᾶς
3271 5001 3438 5068 ἕξεως
3457 5001 3698 5067 δέδεται,

2124 5092 2199 5157 ὡς
2217 5093 2398 5146 πλοῖον
2421 5093 2514 5144 καὶ
2535 5092 2682 5146 οἰκία
2709 5108 2722 5122 ·
2747 5091 2806 5145 τὸ
2835 5091 2932 5162 μὲν
2960 5093 3067 5164 γὰρ
3106 5094 3170 5146 ἐκ
3193 5091 3400 5148 πολλῶν
3435 5093 3662 5148 σανίδων
3679 5135 3696 5161 ,

2123 5185 2158 5254 ἡ
2193 5182 2342 5236 δὲέκ
2399 5181 2607 5236 πολλῶν
2653 5181 2816 5236 λίθων
2849 5181 3148 5251 σύγκειται.
3193 5183 3465 5238 Διεστῶτα
3509 5185 3586 5248 δὲ,
3621 5185 3699 5249 ὡς

2127 5276 2304 5346 χορός.
2349 5273 2468 5328 Τῶν
2495 5275 2551 5328 δὲ
2598 5275 2862 5329 τοιούτων
2895 5275 3069 5331 διτταὶ
3103 5277 3156 5330 αἱ
3184 5277 3455 5348 διαφοραί.
3487 5277 3569 5331 Τά
3598 5277 3698 5348 μὲν

2126 5367 2236 5438 γὰρ
2260 5365 2320 5432 ἐξ
2341 5367 2659 5439 ὡρισμένων
2691 5367 2958 5439 σωμάτων
2990 5369 3084 5424 καί
3106 5368 3322 5440 ἀριθμῷ
3341 5369 3580 5440 ληπτῶν,
3619 5369 3698 5435 ὡς

2127 5461 2319 5534 χορός*
2357 5459 2425 5514 τὰ
2469 5461 2526 5514 δὲ
2565 5459 2624 5526 ἐξ
2661 5459 2946 5530 ἀορίστων,
2985 5460 3062 5523 ὡς
3081 5460 3254 5530 ὄχλος.
3297 5461 3395 5532 Εῐη
3429 5456 3568 5514 οὖνὸ
3597 5461 3696 5532 μὲν

2125 5553 2303 5624 ἀστὴρ
2352 5552 2509 5622 σῶμα
2562 5551 2858 5622 ἡνωμένον,
2880 5553 2941 5605 τὸ
2973 5552 3028 5604 δὲ
3060 5552 3257 5624 ἄστρον
3298 5555 3362 5606 ἐκ
3393 5553 3696 5606 διεστώτων

2127 5645 2220 5700 καί
2248 5645 2596 5718 ὡρισμένων·
2631 5644 2860 5716 ἀριθμὸς
2911 5643 3017 5714 γὰρ
3049 5643 3293 5716 ἀστέρων
3335 5647 3420 5715 ἐφ’
3464 5645 3694 5700 ἑκάστου
