4132 6412
388 388 494 446 955

1123 368 1446 430 ACHILLIS
1482 363 1670 424 TATll
1704 353 2006 418 ISAGOGE
2041 353 2133 408 AD
2165 353 2375 410 ARATI
2415 347 2884 409 ΡΗΔΕΝΟΜΕΝᾹ.

3517 337 3622 392 95‘

387 508 679 562 δείκνυται.
706 501 968 572 Πίνδαρος
994 499 1051 552 δὲ
1095 497 1187 552 τὸν
1217 494 1422 566 ἀστέρα
1449 492 1646 562 ἄστρον
1681 479 1956 556 ὀνομάζει,

2060 488 2269 534 astrum
2300 492 2367 532 ex
2390 475 2678 546 disjunctis
2719 488 2783 527 ac
2825 469 3060 526 deﬁnitis
3087 463 3451 536 componitur.
3487 460 3621 515 Nam

389 600 560 670 λέγων
580 616 594 628 ·

601 793 818 863 Μηκέθ⁹
850 794 1028 847 ἁλίου
1039 790 1267 863 σκόπει

605 862 791 920 Ἄλλο
815 862 1218 929 θαλπνότερον

609 937 712 990 Ἐν
738 933 922 1005 ἁμέρᾳ
957 928 1219 1003 φαεννὸν
1238 928 1462 997 ἄστρον
1481 942 1496 955 ’

393 1051 532 1108 κατὰ
560 1050 657 1122 τὴν
689 1049 998 1121 συνήθειαν.

902 1156 1045 1226 Περὶ
1092 1151 1434 1218 πλανήτων.

462 1263 547 1310 ιε’.
573 1256 827 1327 Ἀρατος,
853 1254 918 1323 τῇ
933 1251 1040 1304 τῶν
1070 1247 1278 1303 πολλῶν
1305 1244 1432 1317 δόξῃ
1458 1237 1952 1306 κατακολουθήσας,

387 1348 513 1411 τοὺς
535 1346 788 1408 ἀπλανεῖς
808 1341 1131 1415 ἐναρηρέναι
1166 1337 1300 1409 φησὶ
1328 1334 1404 1406 τῷ
1426 1329 1639 1403 οὐρανῷ
1657 1347 1671 1361 ·

387 1457 578 1522 Αὐτὸς
599 1457 709 1526 γὰρ
738 1453 880 1508 τάδε
899 1451 1116 1522 σήματ’
1150 1451 1221 1504 ἐν
1246 1445 1478 1516 οὐρανῷ
1515 1438 1812 1509 ἐστήριξεο

387 1566 540 1638 παρὰ
573 1565 632 1618 τὸ
665 1563 944 1636 ἐστήριξεν
979 1561 1216 1632 ἀστέρας
1256 1558 1452 1620 αὐτοὺς
1478 1547 1951 1626 παρετυμολογῶν.

385 1658 490 1711 Τὸν
521 1657 579 1711 δὲ
631 1655 742 1710 τῶν
776 1655 1062 1726 πλανήτων
1083 1653 1240 1722 λόγον
1278 1650 1628 1722 παρῃτήσατο
1651 1647 1680 1698 ὁ
1701 1644 1953 1715 Ἀρατος,

384 1748 512 1802 ὅταν
532 1747 666 1822 λέγῃ
684 1765 699 1778 ·

390 1863 455 1914 Οἱ
479 1860 530 1913 δ’
549 1859 750 1930 ἐπιμὶξ
769 1858 946 1930 dum
972 1855 1137 1930 πέντ’
1169 1852 1421 1930 ἀστέρες
1439 1850 1620 1930 οᾳύδὲν
1639 1846 1846 1916 ὁμοῖοι,

391 1920 692 1999 Ἔμπαλίν
715 1920 760 1963 ’⁷³
791 1927 1050 1999 εἰδώλων
1079 1920 1435 1999 δυοκαίδεκα
1454 1920 1808 1999 δινεύονςαι.

391 1988 478 2054 Οὔ
501 2000 553 2052 δ’
579 2001 665 2053 ἐτι
694 1996 1037 2065 θαρσαλέως
1064 1996 1278 2049 κείνων
1302 1993 1416 2062 ἐγὼ
1440 1991 1656 2065 ᾄρκιος
1671 1988 1804 2065 εἴην

401 2067 744 2124 Ἀπλανέων
760 2058 833 2122 τά
857 2084 919 2120 τε
950 2058 1162 2130 κύκλα,
1191 2065 1265 2119 τά
1291 2058 1537 2130 τ”αὶθέρι
1564 2060 1610 2093 ⁸⁸
1626 2058 1951 2113 δινεύουσι.

463 2243 811 2314 Παραιτεῖται
833 2243 889 2296 δέ
914 2241 1003 2295 διά
1029 2241 1229 2304 πολλὰς
1255 2239 1451 2303 αἰτίας.
1482 2237 1702 2309 Πρῶτον
1728 2237 1811 2290 ὅτι
1833 2253 1957 2305 φαι-

390 2336 589 2407 νόμενα
647 2335 900 2407 ἠθέλησε,
962 2335 1056 2388 καὶ
1095 2335 1227 2386 πᾶσι
1261 2333 1524 2403 σύμφωνα
1557 2329 1724 2394 δεῖξαι
1745 2330 1918 2401 ἄστρα
1938 2345 1952 2359 ο

390 2421 536 2482 οὗτοι
565 2427 621 2481 δέ
672 2427 872 2498 πολλὴν
919 2425 1214 2495 διαφωνίαν
1262 2423 1444 2494 ἔχουσι
1472 2464 1486 2488 ,
1513 2423 1607 2479 καὶ
1638 2421 1758 2476 οὐδὲ
1793 2419 1957 2475 πᾶσίν

374 2512 496 2571 ἐἰσι
528 2517 765 2589 φανεροί.
802 2519 887 2571 Ἐν
915 2517 972 2570 δὲ
1014 2516 1092 2588 τῷ
1141 2516 1566 2587 ἐπιγραφομένῳ
1617 2512 1779 2568 αὐτοῦ
1840 2517 1956 2567 Κα-

391 2609 556 2673 νόνι,
609 2610 700 2663 τὸν
743 2609 873 2680 περὶ
919 2608 1098 2662 αὐτῶν
1145 2607 1462 2679 ποιούμενος
1507 2606 1684 2674 λόγον,
1725 2601 1960 2676 ἁρμονίᾳ

390 2702 498 2756 τινὶ
525 2702 617 2757 καὶ
646 2701 932 2772 συμφωνίᾳ
957 2703 1186 2772 μουσικῇ
1221 2699 1319 2763 τὰς
1352 2699 1588 2770 κινήσεις
1615 2695 1791 2755 αὐτῶν
1815 2694 1960 2764 λέγει

393 2794 693 2864 γεγονέναι.
716 2793 947 2849 Λεκτέον
995 2793 1050 2846 δὲ
1077 2793 1205 2864 περὶ
1237 2792 1440 2846 αὐτῶν.

816 2988 989 3056 Τάξις
1014 2990 1133 3043 τῶν
1159 2986 1204 3050 ζ’
1237 2987 1526 3059 σφαιρῶν.

464 3085 560 3145 ις’.
597 3079 658 3133 Ol
691 3078 819 3149 περὶ
857 3077 929 3133 τὰ
957 3078 1207 3150 μετέωρα
1237 3077 1398 3131 δεινοί
1435 3093 1566 3145 φασι
1607 3074 1782 3140 ζώνας
1810 3074 1962 3140 τινὰς

2061 578 2245 624 certus
2269 568 2325 621 in
2355 579 2688 636 unoquoque
2721 575 2981 616 numerus
3006 555 3334 614 ostenditur.
3360 552 3632 606 Pindarus

2061 667 2270 714 astrum
2296 673 2396 728 pro
2425 656 2604 712 sidere
2635 661 2860 722 usurpat
2893 670 2908 707 :

2277 771 2390 840 80
2415 766 2675 840 Nonqu
2705 763 2814 819 sole
2843 761 3118 819 considera

2270 837 2430 894 Aliud
2469 837 2690 891 calidius

2275 908 2513 964 Interdiu
2540 907 2810 962 solenaens
2837 901 3015 966 sidus;

2061 1023 2115 1079 in
2143 1038 2252 1094 quo
2275 1019 2653 1078 consuetudini
2691 1018 2874 1074 servit.

2656 1131 2732 1186 De
2782 1128 3028 1198 planetis.

2128 1229 2216 1284 i5.
2265 1229 2465 1281 Aratus
2519 1225 2665 1294 vulgi
2723 1220 2965 1292 opinioni
3021 1217 3264 1273 serviens
3321 1215 3626 1268 inerrantes

2058 1322 2245 1379 stellas
2274 1319 2414 1374 caelo
2443 1318 2638 1372 inﬁxas
2665 1331 2789 1372 esse
2814 1313 2948 1369 dicit
2975 1333 2986 1366 :

2200 1433 2320 1503 Ipse
2345 1432 2482 1486 enim
2508 1429 2618 1483 haec
2643 1429 2796 1498 signa
2822 1428 2877 1480 in
2908 1442 3037 1480 casto
3067 1422 3221 1493 fixit;

2060 1565 2092 1604 a
2142 1547 2408 1603 vocabulo
2452 1542 2756 1615 ἐστήριξεν,
2801 1541 3111 1596 nominatos
3165 1534 3398 1604 ἀστέρας
3451 1530 3626 1585 obiter

2060 1641 2327 1696 indicans.
2356 1639 2429 1694 De
2462 1635 2692 1708 planetis
2730 1641 2907 1688 autem
2934 1631 3173 1686 scribere
3204 1625 3377 1681 noluit
3407 1624 3624 1688 Aratus,
3650 1615 3653 1617 ’

2060 1735 2153 1790 ubi
2193 1735 2268 1788 ita
2296 1731 2494 1812 cecinit
2523 1747 2538 1784 :

1981 1839 2026 1897 Β
2055 1848 2359 1903 Promiscue
2390 1860 2506 1898 vero
2533 1841 2652 1896 alia:
2680 1839 2900 1909 quinque
2919 1833 3098 1909 stellae
3116 1874 3130 1894 ,
3156 1831 3288 1885 nihil
3319 1829 3537 1892 similes,

2057 1918 2255 1973 Contra
2285 1931 2441 1986 quam
2472 1906 2768 1986 simulacra.
2787 1906 3060 1961 duodecim
3094 1911 3387 1986 versentur.

2057 1971 2238 2058 Neque
2271 1971 2387 2041 n'ero
2415 1983 2679 2058 conﬁdens
2706 1980 2919 2033 illorum
2945 1992 3036 2046 ego
3062 1991 3179 2056 sum
3206 1971 3445 2058 idoneus,

2057 2040 2545 2126 Ine'rrrantiumqu'e
2594 2050 2764 2114 orbes,
2822 2040 3036 2120 quaeque
3092 2046 3148 2098 in
3198 2043 3382 2126 (elicere
3428 2040 3628 2120 cientur

3299 2110 3528 2184 [exsequi
3538 2151 3551 2163 .

2126 2240 2302 2310 Atque
2339 2236 2446 2292 hoc
2479 2232 2730 2305 pluribus
2775 2231 2844 2287 de
2892 2229 3076 2285 causis
3118 2231 3352 2281 recusat.
3387 2222 3626 2277 Primum

2055 2330 2201 2403 quod
2253 2334 2580 2399 apparentes
2639 2323 2848 2387 stellas,
2889 2320 2957 2376 de
3003 2317 3202 2389 quibus
3257 2315 3397 2369 inter
3439 2325 3630 2366 onmes

2057 2422 2331 2487 convenit,
2367 2419 2680 2476 describere
2711 2423 2827 2472 erat
2851 2427 3175 2486 aggressus;
3207 2415 3260 2462 at
3289 2408 3406 2461 istae
3435 2419 3629 2475 magno

2059 2516 2114 2570 in
2145 2512 2466 2586 Opinionum
2492 2509 2698 2564 ambitu
2735 2512 2885 2570 sunt,
2916 2518 3018 2559 nec
3059 2499 3314 2556 omnibus
3346 2501 3627 2566 apparent.

2057 2609 2121 2662 in
2166 2607 2308 2662 libro
2356 2617 2506 2668 vero,
2550 2616 2713 2672 quem
2764 2598 3030 2653 Cononem
3082 2589 3406 2662 inscripsit,
3445 2588 3512 2642 de
3560 2584 3629 2639 iis

2059 2715 2244 2771 agens,
2280 2703 2550 2752 concentu
2595 2690 2830 2763 quodam
2879 2699 2932 2745 et
2971 2684 3257 2741 harmonia
3305 2684 3630 2748 temperatos

2059 2806 2181 2846 esse
2212 2795 2394 2844 motus
2420 2787 2634 2842 illarum
2667 2781 2882 2838 asserit.
2910 2777 3080 2835 Nobis
3118 2790 3248 2831 vero
3285 2773 3353 2828 de
3384 2771 3453 2827 iis
3493 2767 3629 2840 ipsis

2060 2881 2323 2938 nonnulla
2349 2879 2577 2935 dicenda
2612 2882 2760 2932 sunt.

2405 2989 2483 3044 De
2515 2988 2694 3043 ordine
2721 2986 3047 3056 sphaerarum
3081 2989 3291 3050 septem.

2134 3081 2221 3136 16.
2245 3079 2561 3136 Coalestium
2589 3092 2771 3133 rerum
2798 3073 2991 3146 peritis
3032 3073 3210 3142 placet
3249 3083 3415 3123 zonas
3460 3080 3630 3136 quas-

392 3165 530 3226 εῐναι
557 3170 717 3234 ἑπτὰ,
739 3170 805 3222 δι’
833 3163 908 3224 ὧν
959 3171 1212 3242 φέρονται
1247 3171 1297 3224 οἱ
1335 3169 1474 3226 ἐπτά
1497 3169 1724 3240 ἀστέρες
1745 3187 1762 3203 ο
1784 3170 1878 3223 καὶ
1903 3169 1959 3223 ἐν

2063 3171 2187 3226 dam
2215 3186 2339 3226 esse
2378 3179 2603 3240 septem,
2631 3182 2727 3239 per
2759 3181 2896 3236 quas
2924 3163 3147 3218 totidem
3181 3162 3412 3231 planetae
3446 3157 3630 3213 ferun-

396 3262 494 3333 μὲν
530 3264 596 3331 τῇ
652 3260 959 3333 ὑψηλοτάτη
994 3261 1254 3333 φέρεσθαι
1307 3263 1398 3315 τὸν
1432 3261 1526 3316 τοῦ
1565 3261 1796 3332 Κρόνου,
1821 3263 1877 3314 ἐν
1902 3261 1959 3315 δὲ

390 3354 458 3423 τῇ
488 3352 603 3423 μετ’
627 3351 796 3422 αὐτὴν
824 3350 914 3404 τὸν
945 3351 1038 3404 τοῦ
1060 3351 1181 3415 Διός
1203 3368 1217 3382 ·
1253 3351 1347 3405 καὶ
1377 3352 1434 3405 ἐν
1467 3354 1533 3423 τῇ
1561 3351 1720 3424 τρίτῃ
1749 3360 1842 3405 τον
1865 3350 1957 3405 τοῦ

395 3446 635 3518 Ἄρεως·
699 3444 756 3496 ἐν
801 3445 867 3514 τῇ
915 3443 1153 3515 τετάρτῃ
1211 3442 1301 3496 τὸν
1345 3443 1438 3496 τοῦ
1500 3441 1700 3514 Ἑρμοῦ
1725 3459 1740 3474 ο
1786 3444 1844 3496 ἐν
1891 3445 1957 3514 τῇ

393 3537 617 3609 πέμπτῃ
647 3537 738 3589 τὸν
787 3536 887 3606 τῆς
919 3535 1236 3607 Ἀφροδίτης
1255 3551 1268 3566 ·
1314 3536 1373 3588 ἐν
1408 3535 1464 3596 δὲ
1489 3538 1554 3607 τῇ
1587 3535 1720 3607 ἕκτῃ
1748 3536 1838 3589 τὸν
1863 3535 1959 3588 τοῦ

390 3631 541 3703 ήλίου
560 3647 574 3660 ·
613 3631 670 3683 ἐν
693 3630 750 3683 δὲ
771 3632 837 3701 τῇ
866 3629 1064 3700 ἐϐδόμῃ
1099 3629 1190 3683 τὸν
1211 3630 1309 3700 τῆς
1348 3628 1594 3701 σελήνης.
1631 3628 1786 3691 Τινὲς
1813 3628 1872 3681 δὲ
1901 3629 1960 3682 ἐν

389 3725 458 3795 τῇ
487 3721 724 3793 τετάρτῃ
745 3721 844 3791 τὴν
895 3720 1210 3791 Ἀφροδίτην
1232 3719 1478 3790 λέγουσιν
1503 3738 1516 3752 ’
1553 3722 1612 3774 ἐν
1634 3723 1700 3792 τῇ
1733 3720 1958 3793 πέμπτῃ

389 3812 447 3865 δὲ
479 3813 569 3866 τὸν
603 3812 839 3883 Ἐρμῆνο
879 3812 938 3863 ἐν
966 3810 1023 3863 δὲ
1045 3812 1112 3881 τῇ
1166 3809 1300 3882 ἐκτῃ
1344 3808 1432 3862 τὸν
1479 3809 1649 3879 ἥλιον.
1687 3808 1873 3862 ’Ἄλλοι
1903 3807 1960 3862 δὲ

389 3906 654 3976 τέταρτον
673 3904 764 3958 τὸν
801 3903 1007 3975 Ἑρμῆν
1028 3919 1044 3933 ο
1075 3903 1240 3972 ἕκτην
1263 3901 1318 3954 δέ
1345 3902 1442 3974 τὴν
1476 3901 1792 3972 Ἀφροδίτην
1813 3917 1826 3930 ·
1862 3899 1960 3971 μέ·-

396 4013 486 4050 σον
506 3996 564 4050 δὲ
583 3995 678 4050 τὸν
716 3996 886 4068 ἥλιον.
915 3993 1038 4048 Elei.
1067 3994 1123 4047 δέ
1164 3995 1212 4046 οἱ
1249 3993 1462 4065 πρῶτον
1493 3992 1582 4050 τὸν
1609 3991 1756 4063 ἥλιον
1790 3991 1965 4061 λέγον-

391 4105 482 4152 τες
502 4105 518 4119 °
548 4088 802 4160 δευτέραν
823 4087 878 4141 δὲ
905 4087 1002 4159 τὴν
1031 4087 1258 4158 σελήνην
1283 4103 1296 4116 ·
1330 4085 1513 4158 τρίτον
1536 4085 1593 4138 δὲ
1622 4085 1712 4138 τὸν
1733 4084 1960 4158 Κρόνον.

405 4179 470 4234 Ἠ
494 4180 550 4234 δὲ
582 4180 781 4252 πλείων
815 4180 941 4247 δόξα
969 4179 1192 4253 πρώτην
1219 4179 1318 4251 τὴν
1355 4179 1582 4249 σελήνην
1621 4176 1769 4246 λέγει
1791 4192 1805 4206 ·
1842 4176 1964 4230 ἐπεὶ

393 4274 488 4327 καὶ
524 4275 862 4345 ἀπόσπασμα
910 4273 1001 4328 τοῦ
1041 4274 1190 4346 ήλίου
1225 4273 1473 4342 λέγουσιν
1527 4273 1724 4344 αὑτήν·
1756 4271 1830 4336 ὼς
1873 4271 1964 4325 καὶ

406 4363 772 4440 Ἐμπεδοκλῆς
791 4383 807 4400 ο

2060 3270 2169 3317 tur.
2204 3261 2262 3316 ln
2293 3275 2546 3331 suprema
2571 3273 2734 3329 porro
2765 3255 2986 3311 Saturni
3020 3253 3229 3308 stellam
3257 3251 3373 3321 rapi
3402 3266 3418 3316 ;
3457 3249 3511 3302 in
3541 3263 3631 3302 se-

2059 3353 2235 3408 cunda
2265 3351 2414 3407 Jovis
2438 3368 2452 3418 ;
2508 3351 2563 3404 in
2592 3348 2750 3405 tertia
2777 3347 3005 3412 Martis;
3030 3345 3085 3398 in
3113 3349 3306 3414 quarta
3339 3337 3628 3405 lllerrurii;

2061 3445 2114 3499 in
2149 3443 2338 3514 quinta
2363 3441 2630 3506 Veneris;
2672 3438 2728 3492 in
2751 3445 2902 3492 sexta
2936 3433 3100 3498 solis;
3125 3433 3180 3486 in
3207 3431 3435 3500 septima
3466 3429 3629 3481 lunae.

2060 3537 2290 3605 Quidam
2325 3536 2378 3590 in
2415 3541 2611 3605 quarta
2644 3530 2909 3612 Venerem
2941 3529 3144 3590 locant,
3185 3526 3240 3579 in
3269 3523 3458 3593 quinta
3489 3519 3633 3574 Mer-

2061 3630 2296 3694 curium,
2321 3629 2377 3682 in
2411 3634 2563 3682 sexta
2597 3625 2788 3680 solem.
2833 3622 2936 3675 Alii
2979 3627 3232 3691 quartum
3278 3612 3633 3680 Mercurium,

2061 3729 2268 3778 sextam
2311 3718 2600 3781 Venerem,
2634 3713 2874 3770 medium
2904 3725 3034 3767 vero
3063 3708 3232 3766 solem
3267 3704 3632 3760 constituunt.

2064 3813 2204 3869 Sunt
2243 3811 2335 3882 qui
2378 3811 2614 3882 primum
2654 3821 2777 3862 esse
2824 3804 2992 3860 solem
3037 3809 3304 3858 asserant,
3339 3793 3634 3852 secundam

2063 3908 2268 3969 lunam,
2315 3903 2535 3959 tertium
2577 3899 2891 3954 Saturnum.
2931 3895 3122 3950 Plures
3172 3893 3352 3946 lunam
3403 3887 3634 3958 primam

2065 3998 2308 4061 faciunt;
2353 3993 2796 4064 quandoquidem
2849 4004 2975 4060 pars
3021 3986 3288 4057 quaedam,
3342 3989 3402 4036 ut
3458 3980 3632 4042 aiunt,

2063 4091 2253 4145 avulsa
2303 4095 2386 4144 est
2437 4101 2468 4138 a
2512 4085 2626 4140 sole
2668 4085 2836 4150 luna;
2891 4081 3035 4152 quod
3094 4074 3408 4149 Empedocli
3457 4072 3634 4129 visum

2062 4194 2146 4239 est
2183 4201 2197 4237 :

391 4478 764 4547 Κυκλοτερὲς
784 4480 916 4548 περὶ
937 4480 1110 4551 γαῖαν
1135 4481 1445 4535 ἑλίσσεται
1474 4480 1796 4547 ἀλλότριον
1815 4477 1958 4547 φῶς.

2137 4487 2408 4544 Circulare
2436 4486 2632 4539 circum
2664 4491 2858 4536 terram
2889 4478 3110 4533 volvitur
3135 4474 3363 4528 alienum
3388 4469 3580 4523 lumen.

462 4592 600 4662 Περὶ
649 4591 707 4644 δὲ
760 4592 860 4661 τῆς
903 4593 1224 4664 ἐναρμονίου
1268 4593 1532 4662 κινήσεως
1571 4589 1750 4644 αὐτῶν
1787 4584 1960 4653 εἶπεν,

393 4685 471 4750 ὡς
507 4680 662 4757 ἔφην,
720 4686 954 4756 ’Ἄρατος
987 4687 1044 4739 ἐν
1069 4686 1149 4756 τῷ
1222 4687 1468 4748 Κανόνι,
1522 4683 1616 4737 καὶ
1644 4681 1962 4754 Ἐρατοσθέ-

392 4794 493 4848 νης
546 4777 604 4830 ἐν
659 4775 735 4848 τῷ
797 4775 1011 4846 Ἑρμῇ,
1047 4778 1140 4830 καὶ
1193 4777 1474 4847 Ὑψικλῆς,
1506 4775 1596 4828 καὶ
1635 4773 1962 4845 Θράσυλλος,

394 4869 488 4921 καὶ
519 4867 818 4939 ’Ἄδραστος
857 4867 1245 4939 Ἀφροδισιεύς.
1285 4868 1556 4940 Ἤρξαντο
1583 4868 1640 4920 δὲ
1678 4865 1772 4920 τοῦ
1804 4866 1962 4935 λόγου

393 4957 583 5012 τούτου
633 4960 682 5012 oi
749 4959 1139 5030 Πυθαγόρειον
1198 4960 1374 5014 πάντα
1429 4960 1533 5032 γὰρ
1595 4958 1829 5031 ἁρμονίᾳ
1870 4957 1964 5011 καὶ

393 5053 546 5120 τάξει
577 5053 790 5122 λέγουσι
837 5051 1128 5105 κινεῖσθαι’
1169 5051 1310 5105 καθὰ
1349 5051 1442 5105 καὶ
1480 5052 1652 5122 ἰατροὶ
1676 5052 1801 5114 τοὺς
1831 5067 1966 5120 σφυ-

393 5145 609 5217 γμούς⁹
659 5145 754 5199 καὶ
805 5144 1069 5214 ὑγιαίνειν
1103 5143 1224 5215 μὲν,
1263 5144 1390 5198 ὅταν
1425 5143 1750 5209 εὐτακτῶσι,
1789 5143 1964 5198 νοσεῖν

391 5237 472 5304 δὲ,
504 5237 596 5291 ὅτε
628 5237 878 5300 ἀτάκτως
898 5235 1190 5290 κινοῦνται.

607 5347 749 5416 Περὶ
773 5347 892 5402 τῶν
915 5345 1222 5417 ὀνομάτων
1253 5345 1372 5401 τῶν
1409 5347 1752 5415 πλανήτων.

471 5439 535 5505 ιζ’
542 5439 644 5494 ,Τὰ
660 5439 897 5510 ὀνόματα
921 5439 1026 5493 τῶν
1045 5439 1328 5510 πλανήτων
1357 5439 1624 5511 διαφόρως
1638 5439 1962 5512 ἐκλήθησαν,

398 5535 493 5589 καὶ⁵
533 5535 662 5606 περὶ
707 5533 801 5588 τοῦ
831 5534 1023 5607 χρόνου
1056 5534 1287 5588 ἑκάστου
1326 5533 1591 5604 διαφωνία
1651 5535 1817 5606 πολλὴ
1869 5536 1963 5604 γέ-

396 5645 520 5698 γονε
552 5629 782 5694 πολλοῖς.
801 5627 1118 5699 Αἰγυπτίοις
1148 5627 1256 5699 γὰρ
1277 5629 1367 5682 καὶ
1390 5629 1611 5700 Ἕλλησι
1643 5630 1735 5684 τοῦ
1754 5632 1962 5703 Κρόνου

470 5782 517 5814 ’⁸
544 5800 634 5853 γρ.
666 5781 948 5836 πάντοθεν.
1025 5780 1069 5814 ³⁸
1102 5799 1192 5851 γρ.
1224 5779 1428 5853 σώματ’
1479 5781 1736 5836 ἐνισπεῖν.

2134 4599 2210 4656 De
2243 4597 2564 4656 barmonico
2597 4608 2727 4649 vero
2758 4599 2907 4646 motu
2933 4589 3150 4643 illorum
3180 4584 3292 4654 agit
3322 4583 3374 4636 in
3401 4580 3634 4645 Canone,

2064 4692 2143 4745 uti
2169 4690 2374 4746 dictum
2404 4694 2509 4751 est,
2541 4685 2765 4746 Aratus,
2795 4691 2849 4737 et
2882 4679 3271 4734 Eratosthenes
3322 4676 3376 4728 in
3425 4672 3635 4726 Mercu-

2063 4783 2180 4846 rio,
2243 4781 2480 4848 itemque
2533 4775 2848 4846 Hypsicles,
2888 4770 3210 4841 Thrasyllus
3258 4777 3313 4821 et
3371 4765 3636 4819 Adrastus

2063 4873 2525 4946 Aphrodisiensis.
2555 4868 2727 4938 Cujus
2751 4863 3019 4936 dogmatis
3053 4869 3306 4916 auctores
3344 4859 3492 4912 luere
3527 4853 3637 4927 Py-

2065 4965 2307 5038 thagorei
2331 5005 2347 5030 ,
2380 4963 2474 5034 qui
2509 4961 2764 5016 universa
2795 4961 3065 5011 concentu
3095 4960 3257 5021 atque
3297 4947 3490 5004 ordine
3517 4961 3636 4999 mo-

2062 5061 2176 5116 veri
2208 5064 2399 5129 putant
2434 5076 2447 5111 :
2479 5055 2560 5110 uti
2611 5049 2806 5108 medici
2856 5049 3069 5119 pulsus,
3115 5059 3256 5116 quos
3305 5051 3419 5096 tum
3469 5053 3635 5095 sanos

2063 5168 2188 5209 esse
2220 5150 2496 5211 dictitant,
2524 5161 2650 5201 cum
2698 5144 2945 5199 ordinem
2972 5145 3211 5200 servant,
3245 5136 3385 5190 male
3411 5133 3633 5196 habere,

2063 5259 2189 5299 cum
2218 5242 2598 5297 inconstanter
2623 5244 2929 5292 moventur.

2453 5352 2531 5406 De
2567 5351 2898 5421 planetarum
2928 5343 3247 5401 nominibus.

2137 5448 2223 5501 17.
2255 5447 2385 5500 Tam
2412 5445 2479 5500 de
2510 5445 2854 5514 planetarum
2904 5437 3184 5494 vocabulis
3212 5447 3375 5504 quam
3420 5429 3489 5485 de
3523 5426 3639 5483 sin-

2064 5543 2314 5611 gulorum
2351 5537 2688 5606 temporibus
2722 5547 2935 5590 summa
2987 5537 3071 5587 est
3111 5526 3428 5598 Opinionum
3459 5521 3634 5576 varie-

2067 5642 2172 5688 tas.
2212 5629 2450 5703 Egyptii
2499 5636 2553 5684 et
2602 5627 2774 5683 Graeci
2824 5623 3045 5698 Saturni
3097 5620 3346 5683 stellam,
3388 5615 3639 5689 quamvis

3515 5877 3606 5892 .A..-
