4132 6434
534 359 643 452 935

1587 399 1678 454 AD
1719 397 1986 454 EUSEBII
2023 395 2417 454 CHRONICON
2453 395 2812 454 APPENDIX.

3675 401 3782 461 956

529 511 882 568 hebetissima
927 513 1018 576 sit,
1051 529 1330 583 φαινοντα,
1366 515 1419 570 id
1467 524 1551 572 est
1599 517 1858 583 lucidam,
1893 526 2076 574 vocant

2182 519 2241 580 ,ὁ
2288 515 2482 589 ἀστὴρ,
2517 519 2692 572 καίτοι
2741 517 3116 590 ἀμαυρότατος
3146 519 3242 586 ὣν,
3291 521 3494 590 φαίνων
3540 523 3776 594 λέγεται.

528 603 703 659 ϐιτεεί
749 605 966 674 quidem
1016 605 1089 659 ita
1139 607 1270 662 boni
1313 609 1513 663 ominis
1553 623 1718 663 causa
1749 622 2098 682 nuncupant.

527 693 768 768 Egyptii
825 711 956 752 vero
1011 697 1258 756 Nemesis
1327 701 1556 756 stellam.
1637 701 1886 757 Secunda
1950 703 2101 760 Jovis

526 785 772 842 Phaeton
837 804 870 842 a
919 787 1141 855 Graecis,
1203 790 1271 844 ab
1325 789 1597 861 {Egyptiis
1653 791 1886 849 Osiridis
1943 795 2098 850 stella

525 879 861 934 nominatur.
899 878 1078 934 Tertia
1104 887 1189 936 est
1221 880 1432 946 Martis,
1470 898 1592 952 qua;
1631 882 1832 939 Graecis
1869 891 1952 940 est
1985 885 2096 936 Πυ-

526 970 690 1039 ρόεις,
722 967 992 1042 Egyptiis
1039 972 1293 1028 Herculis
1341 974 1520 1029 stella.
1573 975 1778 1040 Quarta
1817 975 2094 1030 Mercurii.

521 1061 870 1118 Concedatur
897 1064 1042 1119 enim
1089 1065 1192 1120 hoc
1223 1067 1280 1121 in
1314 1082 1577 1136 praesens,
1622 1083 1740 1123 eam
1779 1084 1901 1124 esse
1932 1085 2098 1139 quar-

521 1160 653 1208 tam.
686 1153 821 1208 Nam
853 1156 920 1210 dc
959 1156 1231 1214 sideribus
1277 1158 1423 1224 istis,
1465 1159 1757 1225 Mercurio,
1793 1160 2004 1216 Venere
2031 1177 2095 1216 ac

520 1245 638 1300 sole
701 1259 812 1300 non
847 1247 1019 1302 levem
1081 1265 1206 1305 esse
1253 1251 1679 1306 controversiam
1731 1254 2090 1310 ostendimus.

517 1336 688 1408 Igitur
745 1339 999 1394 Mercurii
1055 1342 1212 1397 stella
1254 1341 1457 1398 Graecis
1517 1343 1775 1406 Στίλϐων,
1821 1343 2092 1416 Egyptiis

515 1429 782 1498 Apollinis
808 1433 963 1486 stclla
993 1431 1217 1488 dicitur.
1251 1433 1454 1500 Quinta
1485 1441 1570 1489 est
1597 1433 1845 1499 Veneris,
1886 1435 2091 1492 Graecis

515 1516 756 1574 Lucifer.
811 1519 1029 1577 Primus
1080 1523 1275 1594 Ibycus
1325 1523 1382 1575 in
1441 1539 1606 1576 unum
1673 1525 2088 1594 appellationem

514 1612 808 1664 contraxit.
847 1613 1087 1678 Quartus
1134 1621 1220 1669 est
1259 1613 1342 1668 sol
1386 1613 1680 1686 Egyptiis,
1728 1631 1887 1684 quem
1917 1615 2089 1670 Graeci

512 1711 728 1758 sextum
775 1717 1082 1762 numerant.
1137 1705 1380 1778 Septima
1423 1717 1507 1764 est
1555 1709 1702 1762 luna.
1739 1709 1932 1766 Musici
1959 1727 2088 1764 vero

511 1795 796 1850 zodiacum
839 1798 1128 1864 circulum,
1171 1807 1232 1853 ut
1281 1799 1336 1854 in
1395 1799 1698 1866 harmonia,
1751 1801 1963 1871 tingunt
1999 1817 2088 1856 ra-

2219 607 2377 664 Ἀλλὰ
2397 625 2474 662 πα
2483 609 2529 680 ρ’
2541 609 2766 680 Ἕλλησι
2787 609 2884 680 μὲν
2904 609 3044 664 κατὰ
3055 611 3116 664 τὸ
3130 611 3266 681 εὔφη
3277 629 3374 682 μον
3385 613 3598 683 λέγεται
3611 614 3774 686 οὕτω,

2205 701 2356 772 παρὰ
2387 701 2444 755 δὲ
2495 701 2812 770 Αἰγυπτίοις
2867 703 3157 773 Νεμέσεως
3208 705 3404 777 ἀστήρ.
3449 707 3710 780 Δεύτερος
3745 712 3776 763 6

2203 791 2324 856 Διὸς
2337 792 2746 864 καθ”Ἔλληνας
2765 794 2982 848 Φαέθων
3001 811 3015 824 ·
3045 793 3187 848 κατὰ
3205 795 3262 850 δὲ
3285 797 3612 866 Αἰγυπτίους
3640 802 3776 856 Ὀσί-

2205 884 2348 954 ριδος
2366 886 2560 957 ἀστήρ.
2591 886 2782 958 Τρίτος
2807 888 2838 940 6
2866 885 2959 941 τοῦ
2989 889 3198 960 Ἀρεως
3228 889 3377 960 παρά
3404 890 3506 960 μὲν
3543 892 3774 964 Ἕλλησι

2203 979 2464 1048 Πυρόεις·
2517 979 2668 1052 παρὰ
2717 981 2775 1035 δὲ
2823 982 3142 1050 Αἰγυπτίοις
3197 983 3528 1054 Ἡρακλέους
3571 986 3768 1059 ἀστήρ.

2203 1069 2469 1142 Τέταρτος
2504 1075 2532 1126 6
2563 1071 2656 1126 τοῦ
2691 1073 2928 1146 Ἑρμοῦ·
2957 1075 3188 1128 δεδόσθω
3233 1077 3342 1148 γὰρ
3386 1077 3482 1131 νῦν
3509 1079 3770 1152 τέταρτον

2199 1163 2362 1217 αὐτὸν
2393 1163 2553 1220 εἶναι.
2587 1167 2816 1238 Εἴρηται
2858 1168 2986 1238 γὰρ,
3033 1169 3116 1222 ὅτι
3147 1169 3410 1238 διαφωνία
3447 1172 3616 1246 πολλή
3641 1177 3770 1246 περὶ

2197 1253 2305 1306 τῶν
2330 1257 2576 1328 ἀστέρων
2617 1258 2820 1312 τούτων
2837 1260 3004 1322 ἐστὶν,
3043 1261 3265 1332 Ἑρμοῦ,
3291 1263 3384 1316 καὶ
3427 1263 3765 1337 Ἀφροδίτης,

2197 1345 2292 1398 καὶ
2341 1345 2512 1416 ήλίου.
2561 1349 2618 1401 '0
2661 1349 2840 1404 τοίνυν
2879 1351 3082 1422 Ἑρμοῦ
3123 1353 3298 1425 ἀστὴρ
3325 1355 3570 1410 καλεῖται
3617 1359 3768 1428 παρὰ

2197 1437 2295 1506 μὲν
2326 1438 2552 1510 Ἕλλησι
2583 1441 2841 1506 Στίλϐων,
2881 1443 3032 1514 παρά
3057 1443 3118 1497 δὲ
3145 1445 3464 1514 Αἰγυπτίοις
3504 1449 3768 1506 Ἀπόλλω-

2194 1545 2282 1591 νος
2320 1530 2512 1603 ἀστήρ.
2568 1533 2823 1604 Πέμπτος
2867 1537 2896 1588 6
2945 1535 3044 1604 τῆς
3099 1537 3419 1610 Ἀφροδίτης
3465 1541 3612 1614 παρὰ
3669 1545 3768 1615 μὲν

2195 1621 2448 1692 Ἕλλησιν
2522 1624 2859 1696 Ἑωσφόρος..
2906 1626 3130 1698 Πρῶτος
3186 1629 3244 1683 δὲ
3291 1631 3504 1696 Ἴϐυκος
3547 1635 3628 1699 εἰς
3671 1637 3768 1709 ἕνα

2196 1715 2498 1769 συνέστειλε
2535 1715 2634 1779 τὰς
2686 1721 3079 1791 προσηγορίας.
3135 1722 3408 1794 Τέταρτος
3459 1727 3516 1780 δὲ
3555 1730 3584 1781 6
3616 1729 3768 1799 ἣλιος

2193 1805 2309 1856 κατ’
2343 1805 2692 1873 Αἰγυπτίους,
2731 1807 2887 1871 ἕκτος
2915 1808 2972 1862 δὲ
3013 1809 3134 1862 καθ’
3169 1811 3454 1883 Ἕλληνας.
3498 1817 3766 1890 Ἕϐδομος

509 1887 718 1941 tionem
765 1886 965 1944 habere
1024 1889 1290 1962 phthongi
1339 1891 1660 1946 chromatici
1707 1893 1924 1963 generis
1975 1893 2076 1948 dis-

2188 1894 2244 1948 δὲ
2298 1899 2325 1950 6
2372 1897 2470 1968 τῆς
2517 1899 2764 1970 σελήνης.
2805 1903 2868 1954 Οἱ
2906 1901 2964 1954 δὲ
3001 1905 3252 1972 μουσικοὶ
3291 1873 3636 1964 ὑποτίθενται

506 1977 705 2047 juncti,
739 1977 962 2035 Saturni
1007 1981 1219 2037 stellam
1269 1983 1538 2038 rationem
1586 1985 1834 2040 obtinere
1863 1985 2083 2043 harmo-

505 2070 645 2124 nicae
683 2070 1039 2142 disjunctam,
1066 2071 1188 2130 Jovi
1219 2073 1470 2130 ordinem
1496 2076 1747 2131 tribuunt
1774 2077 1830 2131 in
1855 2079 2084 2134 musicis

505 2163 790 2234 plithongi,
816 2177 980 2235 quem
1007 2164 1291 2220 diatonum
1314 2164 1648 2234 disiunctum
1671 2173 1892 2230 vocant,
1926 2166 2084 2221 Marti

503 2269 656 2316 vero,
687 2254 830 2324 ejus,
861 2269 1022 2325 quem
1055 2269 1380 2326 parameson
1411 2256 1714 2312 nominant.
1744 2257 1836 2312 Sic
1871 2256 2084 2312 Mercu-

503 2345 620 2400 rius
671 2345 728 2400 in
773 2346 966 2402 eadem
1021 2347 1233 2402 musica
1279 2348 1616 2419 phthongum
1661 2347 1764 2403 sibi
1819 2347 2079 2412 vindicat,

504 2437 597 2507 qui
656 2453 835 2494 meses
883 2449 1132 2495 vocatur.
1183 2439 1318 2493 Nam
1352 2439 1579 2496 Veneris
1639 2441 1794 2496 stella
1840 2439 2078 2495 medium

501 2529 764 2585 diatonon
794 2537 964 2587 tenet.
1007 2530 1102 2588 Sol
1145 2533 1252 2588 nisi
1282 2539 1512 2602 quartus
1549 2539 1655 2597 est,
1707 2533 1803 2588 sed
1849 2539 2076 2600 sextus;

499 2622 666 2677 medii
707 2623 912 2678 lichani
963 2625 1140 2681 instar
1177 2627 1300 2682 erit.
1333 2623 1508 2691 Luna,
1543 2641 1666 2697 quae
1709 2625 1940 2695 septima
1967 2631 2071 2690 est,

500 2713 764 2784 phthongi
791 2715 938 2770 illius
963 2715 1213 2771 ordinem
1247 2724 1415 2782 tenet,
1444 2717 1538 2787 qui
1583 2724 1666 2772 est
1707 2717 1932 2788 bypates
1963 2731 2078 2770 me-

499 2806 1022 2874 diaeJntervallum,
1055 2808 1202 2879 quod
1251 2808 1319 2863 ad
1357 2823 1533 2879 usque
1585 2809 1769 2863 lunam
1817 2809 2074 2879 pertinet,

495 2901 717 2970 quidam
759 2903 1065 2957 attribuunt
1107 2901 1159 2957 ei
1192 2901 1491 2974 phthongo,
1537 2917 1700 2972 quem
1745 2901 1804 2954 in
1849 2897 2076 2954 musicis

495 2991 734 3062 hypaton
763 2994 1046 3050 diatonum
1075 2995 1370 3066 appellant.

2191 1987 2451 2051 ζωδιακὸν
2483 1989 2679 2044 κύκλον
2709 1991 2783 2055 ὡς
2817 1995 2874 2046 ὲν
2905 1994 3140 2066 ἁρμονίᾳ
3167 1997 3320 2064 τάξιν
3347 1999 3490 2070 ἔχειν
3524 2003 3762 2072 φθόγγου

2189 2078 2282 2132 τοῦ
2315 2079 2413 2150 τῆς
2441 2083 2797 2154 χρωματικῆς
2832 2085 3242 2158 διεζευγμένου·
3279 2091 3370 2146 τὸν
3416 2093 3472 2146 δὲ
3503 2096 3597 2149 τοῦ
3627 2099 3764 2168 Κρό-

2189 2187 2278 2222 νου
2304 2171 2520 2242 ἐπέχειν
2544 2173 2700 2242 λόγον
2735 2176 2832 2246 τῆς
2867 2177 3187 2248 ἐναρμονίου
3227 2181 3317 2235 τὸν
3363 2181 3756 2258 διεζευγμένων

2186 2263 2214 2316 6
2255 2262 2312 2315 δὲ
2363 2263 2458 2316 τοῦ
2504 2265 2624 2328 Διὸς
2683 2265 2834 2331 τάξιν
2874 2267 3017 2339 ἔχειν
3067 2272 3112 2303 ³⁵
3140 2273 3199 2325 ὲν
3228 2277 3460 2347 μουσικῇ
3523 2278 3757 2348 φθόγγου

2185 2353 2278 2406 τοῦ
2333 2355 2666 2426 καλουμένου
2715 2358 2956 2413 διατόνου
3008 2362 3412 2436 διεζευγμένου.
3481 2368 3539 2422 Ὁ
3576 2371 3634 2422 δὲ
3663 2373 3754 2426 τοῦ

2187 2448 2397 2518 ’Λρεως
2437 2449 2591 2513 τάξιν
2628 2449 2739 2521 ἔχει
2788 2453 3024 2523 φθόγγου
3066 2455 3160 2508 τοῦ
3207 2458 3538 2530 καλουμένου
3585 2481 3759 2534 παρα-

2187 2540 2369 2610 μέσου.
2417 2541 2472 2594 Ὀ
2495 2542 2551 2596 δὲ
2587 2543 2681 2596 τοῦ
2715 2545 2914 2616 Ἑρμοῦ
2946 2547 3098 2614 τάξιν
3121 2549 3305 2621 ἐπέχει
3331 2551 3570 2624 φθόγγου
3609 2559 3758 2628 παρὰ

2185 2631 2462 2695 μουσικοῖς
2504 2631 2602 2701 τῆς
2640 2632 2832 2702 μέσης.
2897 2635 2954 2687 Ὀ
2997 2636 3054 2690 δὲ
3098 2639 3198 2709 τῆς
3247 2641 3566 2716 Ἀφροδίτης
3607 2647 3756 2710 τάξιν

2184 2717 2295 2787 ἔχει
2329 2717 2568 2789 φθόγγου
2609 2721 2900 2794 λεγομένου
2925 2727 3088 2797 μέσου
3111 2731 3374 2789 διατόνου.
3413 2735 3471 2788 Ὀ
3497 2735 3554 2788 δὲ
3585 2739 3754 2808 ἣλιος,

2181 2811 2278 2864 ἐὰν
2313 2811 2386 2882 μὴ
2411 2811 2688 2884 τέταρτος,
2714 2815 2851 2870 ἀλλὰ
2895 2817 3054 2882 ἕκτος
3083 2821 3234 2894 δοθῇ,
3270 2823 3422 2879 ἔσται
3473 2827 3629 2894 τάξιν
3659 2833 3758 2886 ἐπ-

2181 2899 2320 2970 έχων
2343 2903 2508 2974 μέσου
2533 2903 2772 2975 λιχανοῦ.
2811 2909 2875 2962 Ἦ
2893 2911 2950 2964 δὲ
2974 2911 3191 2984 σελήνη,
3217 2915 3417 2989 ἑϐδόμη
3431 2915 3756 2986 οὖσα,τάξιν

2179 2989 2367 3080 έπέχει
2407 2991 2646 3062 φθόγγου
2703 2997 2800 3051 τοῦ
2832 2998 3122 3071 λεγομένου
3166 3004 3380 3077 ὑπάτης
3431 3009 3618 3080 μέσης.
3682 3013 3756 3067 Τὸ

492 3084 549 3136 δὲ
573 3085 680 3137 ἀπὸ
729 3087 832 3155 γῆς
871 3087 1148 3158 διάστημα
1207 3087 1370 3158 μέχρι
1429 3087 1528 3157 τῆς
1587 3087 1833 3158 σελήνης,
1869 3084 2115 3137 θέλουσιν
2153 3076 2294 3134 εἷναί
2345 3099 2492 3148 τινες
2533 3087 2642 3140 ἀπὸ
2667 3089 2906 3160 φθόγγου
2955 3092 3048 3146 τοῦ
3097 3093 3248 3166 παρὰ
3303 3076 3442 3163 τοῖς-
3467 3076 3744 3171 μουσικοτι⁵

493 3179 715 3236 ὑπάτων
741 3181 1004 3236 διατόνου.

489 3293 598 3364 81
643 3291 720 3346 De
751 3309 809 3374 eo
835 3311 992 3375 qnno,
1029 3296 1118 3375 qui
1148 3312 1366 3364 magnus
1397 3295 1617 3375 dicitur,
1659 3305 1705 3349 et
1754 3301 1877 3375 quot
1917 3293 2068 3348 armis

2182 3289 2272 3354 Τίς
2305 3291 2736 3375 δικαλούίιενος
2763 3293 3404 3375 μέῃςηένιαυζὸςηκαὶ
3439 3303 3508 3356 ἐν
3539 3305 3753 3375 πόσους

685 3364 962 3433 cujuslibet
991 3364 1326 3434 planetarum
1361 3367 1616 3421 revolutio
1653 3373 1876 3419 constet.

564 3537 650 3592 18.
673 3539 884 3596 Rursus
907 3543 1078 3611 prima
1093 3545 1338 3598 omnium
1362 3544 1582 3602 Saturni
1605 3547 1760 3601 stella
1789 3549 1854 3603 ab
1871 3565 1981 3603 uno
1995 3549 2074 3603 si-

489 3645 600 3700 gno
628 3631 695 3684 ad
730 3631 894 3697 idem,
927 3643 985 3688 ut
1016 3635 1200 3690 minus
1236 3647 1488 3693 accurate
1515 3637 1718 3702 dicam,
1749 3649 1803 3694 et
1848 3640 2068 3709 platice,

487 3721 546 3775 in
579 3721 736 3776 annis
771 3723 993 3792 triginta
1020 3725 1346 3790 revertitur;
1375 3727 1442 3781 ab
1479 3727 1670 3783 eodem
1701 3743 1830 3784 vero
1865 3737 2070 3798 puncto

489 3814 560 3868 ad
607 3813 749 3868 idem
799 3823 1080 3882 punctum,
1121 3818 1177 3870 in
1222 3818 1380 3872 annis
1416 3817 1646 3874 550655.
1687 3819 1863 3890 Atque
1895 3822 1943 3876 is
1986 3829 2072 3877 est

493 3905 589 3974 qui
623 3921 852 3975 magnus
887 3923 1062 3964 annus
1101 3909 1426 3978 appellatur.
1461 3909 1612 3966 Jovis
1643 3914 1799 3968 stella
1829 3915 2068 3970 secunda

494 3997 602 4050 situ
632 3996 699 4050 ad
729 3998 870 4053 idem
903 4000 1116 4068 signum
1141 4001 1339 4069 platice
1371 4003 1426 4056 in
1459 4004 1618 4059 annis
1641 4003 1710 4057 12
1733 4007 2065 4076 regreditur;

492 4087 562 4141 ad
613 4087 756 4143 idem
810 4099 1070 4160 punctum
1119 4093 1176 4146 in
1219 4094 1378 4150 annis
1415 4095 1648 4152 170620.
1691 4095 1879 4155 Martis
1909 4101 2066 4155 stella

488 4181 782 4238 circuitum
811 4185 1060 4240 absolvit.
1081 4201 1112 4240 a
1143 4186 1301 4256 signo
1324 4189 1390 4242 ad
1413 4188 1628 4260 signum
1661 4192 1878 4248 rediens
1907 4195 2066 4249 annis

485 4270 734 4342 duobus;
774 4275 841 4330 ad
869 4276 1008 4331 idem
1031 4293 1163 4334 vero
1185 4289 1450 4349 punctum
1475 4283 1635 4338 annis
1659 4283 1886 4340 120000.
1912 4285 2066 4341 Luna

486 4365 728 4432 quolibet
762 4382 952 4423 mense
997 4383 1028 4422 a
1076 4371 1234 4440 signo
1263 4372 1331 4426 ad
1363 4373 1504 4429 idem
1562 4375 1780 4448 signum
1839 4379 2067 4434 reverti-

485 4464 606 4522 tnr;
637 4457 720 4512 sol
751 4473 878 4513 vero
907 4460 1101 4517 diebus
1148 4462 1254 4518 365
1295 4475 1348 4519 et
1386 4467 1598 4522 minuto
1631 4487 1644 4522 :
1676 4469 1822 4539 quod
1852 4477 2065 4540 tempus

485 4547 683 4604 solaris
733 4553 1037 4622 appellatur
1085 4571 1284 4612 annus.
1340 4557 1604 4614 Similiter
1643 4569 1700 4615 et
1739 4561 1968 4619 Veneris
2001 4579 2065 4618 ac

2244 3360 2488 3436 χρόνοις
2549 3360 2808 3430 ἕκαστος
2849 3360 2860 3364 ⁷
2897 3365 3016 3420 τῶν
3092 3360 3416 3436 πλαδὶῆξτων
3489 3360 3747 3432 ἀποκαθῖ

2243 3431 2266 3482 ί
2268 3443 2502 3484 σταται.

2245 3551 2335 3615 ιη’.
2369 3544 2538 3599 Πάλιν
2574 3547 2602 3600 6
2633 3545 2868 3618 πρῶτος,
2897 3549 2926 3601 6
2953 3545 3048 3602 τοῦ
3077 3535 3284 3623 κρόνου
3305 3553 3501 3626 αστὴρ,
3555 3573 3739 3628 παρα-

2177 3635 2389 3703 γίνεται
2433 3635 2541 3689 ἀπὸ
2585 3634 2779 3700 ζωδίου
2815 3637 2909 3690 ἐπὶ
2938 3636 3126 3701 ζὼδιον
3155 3643 3490 3713 παχυμερῶς
3521 3645 3618 3716 μὲν
3651 3647 3747 3698 καὶ

2181 3727 2492 3791 πλατυκῶς,
2513 3726 2656 3780 ἔτεσι
2683 3729 2997 3798 τριάκοντα,
3029 3731 3138 3784 ἀπὸ
3169 3731 3226 3786 δὲ
3259 3735 3486 3804 σημείου
3509 3737 3749 3790 ἀποκαθ-

2183 3819 2392 3872 ίσταται
2419 3819 2478 3872 ὲν
2515 3816 2650 3872 ἑτῶν
2694 3819 2919 3890 μυριάσι
2973 3825 3428 3892 τριακονταπέντε
3455 3826 3549 3881 καὶ
3573 3827 3750 3883 ἔτεσιν

2171 3912 2472 3977 ἑξακοσίοις
2508 3912 2988 3981 τριακονταπέντε.
3026 3906 3196 3979 Οὗτος
3227 3915 3286 3969 δέ
3316 3917 3463 3971 ἐστιν
3495 3921 3524 3971 6
3551 3921 3717 3974 καλού

2171 4021 2329 4076 μενος
2358 4003 2532 4075 μέγας
2559 4003 2820 4067 ἐνιαυτός.
2862 4005 2922 4058 '0
2951 4005 3008 4058 δὲ
3037 4007 3129 4060 τοῦ
3159 4008 3278 4072 Διὸς
3309 4010 3484 4082 ἀστὴρ
3509 4013 3538 4064 6
3565 4011 3750 4068 δεύτε-

2173 4113 2266 4169 ρος
2313 4095 2672 4167 παραγίνεται
2721 4095 2829 4148 ἀπὸ
2868 4095 3058 4158 ζωδίου
3095 4096 3190 4149 ἐπὶ
3231 4097 3418 4161 ζώδιον
3459 4099 3748 4166 πλατυκῶς

2169 4189 2262 4243 καὶ
2287 4187 2620 4259 παχυμερῶς
2641 4186 2814 4240 ἐτεσιν
2839 4186 2924 4257 ιβ”
2943 4187 3050 4242 ἀπὸ
3070 4187 3126 4240 δὲ
3151 4189 3374 4259 σημείου
3401 4191 3495 4242 ἐπὶ
3523 4195 3748 4263 σημεῖον

2165 4281 2594 4336 ἀποκαθίσταται
2627 4282 2686 4332 ὲν
2717 4281 2975 4351 μυριάσιν
2999 4279 3136 4334 ἐτῶν
3163 4281 3228 4345 ιζ’
3259 4283 3352 4335 καὶ
3375 4283 3518 4337 έτεσι
3547 4293 3650 4355 χκ’.
3687 4287 3744 4339 '0

2165 4373 2224 4446 δέ
2251 4373 2342 4427 τοῦ
2383 4374 2578 4444 "Apso;
2610 4373 2958 4444 περιέρχεται
2987 4372 3096 4426 ἀπὸ
3118 4371 3308 4435 ζωδίου
3342 4375 3434 4428 ἐπὶ
3461 4376 3649 4440 ζώδιον
3675 4378 3744 4430 δι’

2167 4464 2302 4518 ἑτῶν
2346 4464 2460 4530 δύο,
2492 4465 2585 4518 καὶ
2631 4464 2740 4516 ἀπὸ
2772 4463 2997 4534 σημείου
3029 4465 3121 4518 ἐπὶ
3145 4470 3366 4537 σημεῖον
3397 4469 3456 4522 ἐν
3487 4470 3746 4540 μυριάσιν

2169 4557 2304 4609 ἐτῶν
2341 4555 2428 4625 ιβ’.
2470 4555 2527 4608 Ὁ
2565 4555 2620 4606 δὲ
2659 4557 2755 4624 τῆς
2817 4555 3133 4625 Ἀφροδίτης
3155 4556 3201 4588 ’⁸
3251 4559 3600 4630 περιέρχεται
3635 4562 3745 4614 ἀπὸ

481 4639 736 4696 Mercurii
779 4645 972 4711 stellae,
1007 4647 1194 4703 itidem
1227 4659 1284 4702 ut
1325 4651 1429 4714 sol,
1459 4652 1527 4708 ad
1561 4653 1618 4707 id
1649 4637 1886 4724 signum,
1919 4657 2062 4712 unde

2182 4649 2354 4714 ζωδίου
2387 4647 2480 4700 ἐπὶ
2514 4645 2704 4710 ζώδιον
2735 4646 2876 4699 κατὰ
2915 4646 3062 4716 μῆνα
3091 4649 3382 4704 ἕκαστον-ὁ
3408 4651 3465 4704 δὲ
3492 4653 3640 4723 ἥλιος
3683 4655 3744 4706 ἐν

480 4727 741 4798 profectae
791 4743 938 4800 sunt,
979 4751 1164 4792 annuo
1215 4740 1502 4797 intervallo
1557 4743 1906 4814 referuntur;
1935 4763 2058 4802 nam

480 4833 620 4888 pene
649 4821 838 4876 eadem
871 4825 1154 4882 celeritate
1185 4830 1495 4900 rapiuntur.
1525 4832 1608 4890 Ol)
1637 4835 1692 4889 id
1728 4837 1795 4893 de
1844 4838 2061 4894 illarum

481 4911 592 4966 situ
623 4917 998 4971 controversia
1021 4919 1288 4976 nascitur.
1317 4921 1522 4980 Horum
1558 4927 1880 4998 spatiorum,
1914 4932 2062 4986 velut

481 4999 885 5072 phthongorum
918 5006 987 5060 ab
1017 5009 1222 5064 inlimis
1265 5012 1401 5068 locis
1431 5017 1500 5070 ad
1549 5017 1834 5074 zodiacum
1865 5037 2057 5091 usque,

481 5090 825 5147 intervallum
875 5096 1147 5166 ejusmodi
1185 5111 1268 5158 est
1305 5107 1450 5175 quod
1498 5125 1530 5162 a
1565 5112 1793 5170 musicis
1833 5090 2058 5171 vocatur

477 5183 762 5254 diapason.

551 5449 620 5502 At
667 5451 930 5521 Chaldaei,
959 5462 1271 5518 mortalium
1307 5470 1550 5525 omnium
1601 5473 1762 5545 longe
1791 5477 2055 5534 curiosis-

479 5545 623 5634 simi,
648 5549 768 5603 ausi
799 5560 1166 5611 suntcursum
1199 5560 1331 5617 solis
1355 5571 1519 5634 atque
1539 5565 1702 5626 hora’s
1717 5570 2047 5628 describere.

479 5631 690 5690 Etenim
721 5639 911 5696 horam
943 5645 1110 5713 illam,
1131 5663 1238 5718 qua
1263 5649 1318 5704 in
1349 5631 1693 5724 arquiuoctiis
1716 5660 2048 5716 constitutus

546 5815 590 5854 -"
618 5815 660 5884 f.
708 5815 838 5886 ἔχει.
916 5821 960 5852 ³⁸⁵
989 5822 1029 5888 Ι.
1059 5821 1304 5896 σελήνης.

2165 4740 2270 4806 τξε¹
2297 4739 2534 4810 ἡμέραις
2576 4737 2669 4791 καὶ
2711 4737 2912 4808 λεπτῷ·
2945 4737 3006 4802 ὃς
3034 4738 3096 4809 δὴ
3137 4742 3327 4811 χρόνος
3357 4743 3598 4798 καλεῖται
3635 4747 3742 4798 ὲνι-

2164 4833 2327 4895 αυτὸς
2351 4829 2594 4902 ήλιακός.
2643 4829 2871 4900 Ὁμοίως
2903 4829 2961 4883 δὲ
2994 4831 3134 4884 καὶό
3164 4833 3260 4902 τῆς
3301 4834 3614 4905 ⁹Ἀφροδίτης
3647 4839 3742 4890 καὶ

2162 4925 2257 4978 τοῦ
2294 4921 2498 4996 Ἑρμοῦ
2529 4922 2625 4976 σὺν
2652 4921 2727 4992 τῷ
2756 4922 2890 4994 ήλίῳ
2923 4924 2990 4976 δι’
3018 4925 3264 4977 ἐνιαυτοῦ
3293 4925 3401 4978 ἀπὸ
3433 4925 3622 4991 ζωδίου
3647 4929 3742 4982 ἐπὶ

2163 5017 2352 5084 ξὼδιον
2386 5015 2807 5087 παραγίνονται·
2840 5017 3026 5087 σχεδὸν
3049 5019 3158 5091 γὰρ
3188 5020 3454 5089 ἰσοταχεῖς
3493 5021 3617 5076 εἰσι,
3647 5022 3741 5074 Διὸ

2161 5111 2258 5165 καὶ
2287 5109 2551 5178 διάφωνος
2570 5109 2746 5164 αὐτῶν
2782 5111 2814 5180 ἡ
2851 5111 3020 5177 τάξις.
3053 5112 3270 5164 Τούτων
3297 5112 3362 5183 δὴ
3387 5112 3493 5166 τῶν
3515 5113 3736 5183 διαστη-

2165 5201 2351 5272 μάτων
2381 5199 2489 5254 τῶν
2516 5200 2767 5270 φθόγγων
2795 5201 2904 5254 ἀπὸ
2936 5202 3046 5257 τῶν
3085 5202 3380 5256 κατωτάτω
3407 5203 3586 5256 τόπων
3635 5205 3734 5274 μέ-

2161 5311 2254 5365 χρι
2294 5293 2388 5348 τοῦ
2435 5292 2697 5357 ζωδιακοῦ
2729 5295 2937 5362 γίνεται
2982 5295 3256 5365 διάστημα
3291 5297 3604 5365 συμφωνίας
3637 5301 3736 5367 τῆς

2162 5387 2314 5458 παρὰ
2350 5389 2462 5450 τοῖς
2492 5389 2768 5458 μουσικοῖς
2791 5387 3090 5458 λεγομένης
3127 5387 3426 5442 διαπασῶν.

2221 5479 2485 5533 ’Χαλδαῖοι
2528 5481 2604 5546 δὲ,
2638 5480 3049 5550 περιεργότατοι
3092 5481 3392 5552 γενόμενοι,
3432 5479 3734 5549 ἐτόλμησαν

2159 5570 2251 5624 τοῦ
2287 5571 2435 5642 ἡλίου
2469 5574 2557 5624 τὸν
2588 5571 2784 5642 δρόμον
2811 5573 2900 5624 καὶ
2932 5572 3030 5636 τὰς
3059 5572 3204 5644 ὥρας
3231 5569 3586 5643 διορίσασθαι.
3623 5571 3736 5641 Τὴν

2159 5662 2264 5734 γὰρ
2309 5665 2364 5716 ἐν
2411 5665 2528 5726 ταῖς
2573 5663 2878 5734 ἰσημερίαις
2927 5663 3072 5734 ὤραν
3117 5663 3305 5730 αὑτοῦ,
3345 5663 3466 5717 καθ’
3493 5663 3558 5734 ἢν
3603 5661 3734 5724 ἴσως
