  <div class='ocr_page' id='page_1' title='image "/cluster/home/n/w/nwhite01/storage/ocr_20150623/19:no.1/coo.31924054872993/500.png"; bbox 0 0 4132 6448; ppageno 0'>
   <div class='ocr_carea' id='block_1_1' title="bbox 357 419 459 476">
    <p class='ocr_par' dir='ltr' id='par_1_1' title="bbox 357 419 459 476">
     <span class='ocr_line' id='line_1_1' title="bbox 357 419 459 476; baseline -0.039 0"><span class='ocrx_word' id='word_1_1' title='bbox 357 419 459 476; x_wconf 73' lang='grc'><strong>957</strong></span> 
     </span>
    </p>
   </div>
   <div class='ocr_carea' id='block_1_2' title="bbox 1105 412 1929 479">
    <p class='ocr_par' dir='ltr' id='par_1_2' title="bbox 1105 413 1929 474">
     <span class='ocr_line' id='line_1_2' title="bbox 1105 413 1929 474; baseline 0 -2"><span class='ocrx_word' id='word_1_2' title='bbox 1105 416 1425 474; x_wconf 78' lang='lat' dir='ltr'><strong>ACHILLIS</strong></span> <span class='ocrx_word' id='word_1_3' title='bbox 1457 415 1641 472; x_wconf 85' lang='lat' dir='ltr'><strong>TATll</strong></span> <span class='ocrx_word' id='word_1_4' title='bbox 1682 413 1929 472; x_wconf 81' lang='lat' dir='ltr'><strong>lSAGOG</strong></span> 
     </span>
    </p>
   </div>
   <div class='ocr_carea' id='block_1_3' title="bbox 2028 412 3587 479">
    <p class='ocr_par' dir='ltr' id='par_1_3' title="bbox 2028 412 3587 479">
     <span class='ocr_line' id='line_1_3' title="bbox 2028 412 3587 479; baseline -0.001 -10"><span class='ocrx_word' id='word_1_5' title='bbox 2028 414 2109 469; x_wconf 70' lang='lat' dir='ltr'><strong>AD</strong></span> <span class='ocrx_word' id='word_1_6' title='bbox 2144 412 2355 469; x_wconf 83' lang='lat' dir='ltr'><strong>ARATI</strong></span> <span class='ocrx_word' id='word_1_7' title='bbox 2393 413 2861 472; x_wconf 74' lang='grc' dir='ltr'><strong>ΡΗᾹΞΝΟΜΕΝΑ.</strong></span> <span class='ocrx_word' id='word_1_8' title='bbox 3266 478 3269 479; x_wconf 21' lang='grc' dir='ltr'><em>ν</em></span> <span class='ocrx_word' id='word_1_9' title='bbox 3493 412 3587 468; x_wconf 69' lang='grc'><strong>158</strong></span> 
     </span>
    </p>
   </div>
   <div class='ocr_carea' id='block_1_4' title="bbox 356 531 1929 607">
    <p class='ocr_par' dir='ltr' id='par_1_4' title="bbox 356 534 1929 607">
     <span class='ocr_line' id='line_1_4' title="bbox 356 534 1929 607; baseline -0.001 -19"><span class='ocrx_word' id='word_1_10' title='bbox 356 534 624 605; x_wconf 77' lang='grc' dir='ltr'>διέρχεται</span> <span class='ocrx_word' id='word_1_11' title='bbox 654 534 744 589; x_wconf 75' lang='grc' dir='ltr'><strong>τὸν</strong></span> <span class='ocrx_word' id='word_1_12' title='bbox 767 535 948 599; x_wconf 83' lang='grc' dir='ltr'><strong>πόλον,</strong></span> <span class='ocrx_word' id='word_1_13' title='bbox 980 536 1058 599; x_wconf 77' lang='grc' dir='ltr'><strong>εἰς</strong></span> <span class='ocrx_word' id='word_1_14' title='bbox 1079 534 1123 586; x_wconf 72' lang='grc' dir='ltr'><strong>λ⁸</strong></span> <span class='ocrx_word' id='word_1_15' title='bbox 1155 536 1313 607; x_wconf 82' lang='grc' dir='ltr'>ὄρους</span> <span class='ocrx_word' id='word_1_16' title='bbox 1345 537 1672 607; x_wconf 82' lang='grc' dir='ltr'>μερίζουσιν·</span> <span class='ocrx_word' id='word_1_17' title='bbox 1701 535 1839 588; x_wconf 83' lang='grc' dir='ltr'>ὥστε</span> <span class='ocrx_word' id='word_1_18' title='bbox 1869 534 1929 587; x_wconf 85' lang='grc' dir='ltr'><strong>τὸ</strong></span> 
     </span>
    </p>
   </div>
   <div class='ocr_carea' id='block_1_5' title="bbox 2028 531 3592 607">
    <p class='ocr_par' dir='ltr' id='par_1_5' title="bbox 2033 531 3592 605">
     <span class='ocr_line' id='line_1_5' title="bbox 2033 531 3592 605; baseline -0.003 -16"><span class='ocrx_word' id='word_1_19' title='bbox 2033 534 2216 605; x_wconf 91' lang='lat' dir='ltr'><strong>polum</strong></span> <span class='ocrx_word' id='word_1_20' title='bbox 2248 549 2316 590; x_wconf 85' lang='lat' dir='ltr'><strong>ex</strong></span> <span class='ocrx_word' id='word_1_21' title='bbox 2345 549 2501 604; x_wconf 84' lang='lat' dir='ltr'><strong>aquo</strong></span> <span class='ocrx_word' id='word_1_22' title='bbox 2527 535 2862 591; x_wconf 85' lang='lat' dir='ltr'><strong>transeundo</strong></span> <span class='ocrx_word' id='word_1_23' title='bbox 2896 533 3108 601; x_wconf 77' lang='lat' dir='ltr'><strong>dividit,</strong></span> <span class='ocrx_word' id='word_1_24' title='bbox 3139 531 3196 588; x_wconf 92' lang='lat' dir='ltr'><strong>in</strong></span> <span class='ocrx_word' id='word_1_25' title='bbox 3215 532 3450 587; x_wconf 80' lang='lat' dir='ltr'><strong>tricenos</strong></span> <span class='ocrx_word' id='word_1_26' title='bbox 3481 541 3592 586; x_wconf 86' lang='lat' dir='ltr'><strong>ter-</strong></span> 
     </span>
    </p>
   </div>
   <div class='ocr_carea' id='block_1_6' title="bbox 359 625 1927 697">
    <p class='ocr_par' dir='ltr' id='par_1_6' title="bbox 359 625 1927 697">
     <span class='ocr_line' id='line_1_6' title="bbox 359 625 1927 697; baseline -0.001 -19"><span class='ocrx_word' id='word_1_27' title='bbox 359 625 402 678; x_wconf 77' lang='grc' dir='ltr'>λ’</span> <span class='ocrx_word' id='word_1_28' title='bbox 435 625 601 696; x_wconf 81' lang='grc' dir='ltr'><strong>μέρος</strong></span> <span class='ocrx_word' id='word_1_29' title='bbox 633 625 733 695; x_wconf 83' lang='grc' dir='ltr'><strong>τῆς</strong></span> <span class='ocrx_word' id='word_1_30' title='bbox 762 625 931 696; x_wconf 84' lang='grc' dir='ltr'>ὥρας,</span> <span class='ocrx_word' id='word_1_31' title='bbox 956 625 1056 695; x_wconf 80' lang='grc' dir='ltr'>τῆς</span> <span class='ocrx_word' id='word_1_32' title='bbox 1085 626 1142 679; x_wconf 84' lang='grc' dir='ltr'><strong>ἐν</strong></span> <span class='ocrx_word' id='word_1_33' title='bbox 1167 628 1230 696; x_wconf 83' lang='grc' dir='ltr'>τῇ</span> <span class='ocrx_word' id='word_1_34' title='bbox 1261 628 1546 697; x_wconf 71' lang='grc' dir='ltr'>ἰσημερινῇ</span> <span class='ocrx_word' id='word_1_35' title='bbox 1572 625 1774 696; x_wconf 77' lang='grc' dir='ltr'>ἡμέρᾳ,</span> <span class='ocrx_word' id='word_1_36' title='bbox 1803 625 1927 693; x_wconf 87' lang='grc' dir='ltr'>δρον</span> 
     </span>
    </p>
   </div>
   <div class='ocr_carea' id='block_1_7' title="bbox 359 715 1927 788">
    <p class='ocr_par' dir='ltr' id='par_1_7' title="bbox 359 715 1927 788">
     <span class='ocr_line' id='line_1_7' title="bbox 359 715 1927 788; baseline -0.003 -16"><span class='ocrx_word' id='word_1_37' title='bbox 359 715 611 785; x_wconf 83' lang='grc' dir='ltr'>λέγεσθαι</span> <span class='ocrx_word' id='word_1_38' title='bbox 665 718 758 769; x_wconf 82' lang='grc' dir='ltr'>τοῦ</span> <span class='ocrx_word' id='word_1_39' title='bbox 803 716 1002 788; x_wconf 85' lang='grc' dir='ltr'><strong>δρόμου</strong></span> <span class='ocrx_word' id='word_1_40' title='bbox 1050 716 1147 770; x_wconf 85' lang='grc' dir='ltr'>τοῦ</span> <span class='ocrx_word' id='word_1_41' title='bbox 1196 717 1366 786; x_wconf 90' lang='grc' dir='ltr'>ἡλίου.</span> <span class='ocrx_word' id='word_1_42' title='bbox 1411 717 1642 786; x_wconf 81' lang='grc' dir='ltr'><strong>Λέγουσι</strong></span> <span class='ocrx_word' id='word_1_43' title='bbox 1671 715 1729 769; x_wconf 88' lang='grc' dir='ltr'>δὲ</span> <span class='ocrx_word' id='word_1_44' title='bbox 1769 715 1927 768; x_wconf 81' lang='grc' dir='ltr'>πάλιν</span> 
     </span>
    </p>
   </div>
   <div class='ocr_carea' id='block_1_8' title="bbox 358 805 1924 879">
    <p class='ocr_par' dir='ltr' id='par_1_8' title="bbox 358 805 1924 879">
     <span class='ocr_line' id='line_1_8' title="bbox 358 805 1924 879; baseline -0.002 -19"><span class='ocrx_word' id='word_1_45' title='bbox 358 807 548 879; x_wconf 83' lang='grc' dir='ltr'>ἀνδρὸς</span> <span class='ocrx_word' id='word_1_46' title='bbox 598 808 840 877; x_wconf 84' lang='grc' dir='ltr'>πορείαν,</span> <span class='ocrx_word' id='word_1_47' title='bbox 880 807 1016 878; x_wconf 88' lang='grc' dir='ltr'>μήτε</span> <span class='ocrx_word' id='word_1_48' title='bbox 1055 807 1337 877; x_wconf 78' lang='grc' dir='ltr'>τρέχοντος</span> <span class='ocrx_word' id='word_1_49' title='bbox 1392 809 1526 878; x_wconf 85' lang='grc' dir='ltr'>μήτε</span> <span class='ocrx_word' id='word_1_50' title='bbox 1563 807 1745 879; x_wconf 82' lang='grc' dir='ltr'>ἡρέμα</span> <span class='ocrx_word' id='word_1_51' title='bbox 1781 805 1924 875; x_wconf 83' lang='grc' dir='ltr'>βαδί-</span> 
     </span>
    </p>
   </div>
   <div class='ocr_carea' id='block_1_9' title="bbox 358 893 1926 970">
    <p class='ocr_par' dir='ltr' id='par_1_9' title="bbox 358 893 1926 970">
     <span class='ocr_line' id='line_1_9' title="bbox 358 893 1926 970; baseline -0.003 -17"><span class='ocrx_word' id='word_1_52' title='bbox 358 897 560 962; x_wconf 67' lang='grc' dir='ltr'>ζοντος,</span> <span class='ocrx_word' id='word_1_53' title='bbox 582 899 716 970; x_wconf 86' lang='grc' dir='ltr'>μήτε</span> <span class='ocrx_word' id='word_1_54' title='bbox 749 897 1001 968; x_wconf 89' lang='grc' dir='ltr'>γέροντος</span> <span class='ocrx_word' id='word_1_55' title='bbox 1036 899 1169 970; x_wconf 89' lang='grc' dir='ltr'>μήτε</span> <span class='ocrx_word' id='word_1_56' title='bbox 1199 898 1409 962; x_wconf 87' lang='grc' dir='ltr'>παιδὸς,</span> <span class='ocrx_word' id='word_1_57' title='bbox 1426 897 1524 969; x_wconf 83' lang='grc' dir='ltr'>τὴν</span> <span class='ocrx_word' id='word_1_58' title='bbox 1545 897 1769 968; x_wconf 81' lang='grc' dir='ltr'>πορείαν</span> <span class='ocrx_word' id='word_1_59' title='bbox 1789 893 1926 950; x_wconf 74' lang='grc' dir='ltr'>εἶναι</span> 
     </span>
    </p>
   </div>
   <div class='ocr_carea' id='block_1_10' title="bbox 357 984 1578 1059">
    <p class='ocr_par' dir='ltr' id='par_1_10' title="bbox 357 984 1578 1059">
     <span class='ocr_line' id='line_1_10' title="bbox 357 984 1578 1059; baseline -0.001 -18"><span class='ocrx_word' id='word_1_60' title='bbox 357 987 453 1041; x_wconf 86' lang='lat'><strong>106</strong></span> <span class='ocrx_word' id='word_1_61' title='bbox 485 988 659 1058; x_wconf 80' lang='grc' dir='ltr'><strong>ἡλίου,</strong></span> <span class='ocrx_word' id='word_1_62' title='bbox 693 987 784 1040; x_wconf 80' lang='grc' dir='ltr'><strong>καὶ</strong></span> <span class='ocrx_word' id='word_1_63' title='bbox 812 988 855 1040; x_wconf 89' lang='grc' dir='ltr'>λ’</span> <span class='ocrx_word' id='word_1_64' title='bbox 888 988 1114 1042; x_wconf 84' lang='grc' dir='ltr'>σταδίων</span> <span class='ocrx_word' id='word_1_65' title='bbox 1136 988 1393 1059; x_wconf 81' lang='grc' dir='ltr'><strong>καθαρῶν</strong></span> <span class='ocrx_word' id='word_1_66' title='bbox 1419 984 1578 1041; x_wconf 88' lang='grc' dir='ltr'>εἷναι.</span> 
     </span>
    </p>
   </div>
   <div class='ocr_carea' id='block_1_11' title="bbox 439 1078 1928 1151">
    <p class='ocr_par' dir='ltr' id='par_1_11' title="bbox 439 1078 1928 1151">
     <span class='ocr_line' id='line_1_11' title="bbox 439 1078 1928 1151; baseline -0.001 -19"><span class='ocrx_word' id='word_1_67' title='bbox 439 1079 652 1150; x_wconf 84' lang='grc' dir='ltr'>Ἐπειδὴ</span> <span class='ocrx_word' id='word_1_68' title='bbox 679 1079 736 1132; x_wconf 85' lang='grc' dir='ltr'>δὲ</span> <span class='ocrx_word' id='word_1_69' title='bbox 765 1078 990 1150; x_wconf 81' lang='grc' dir='ltr'>εἴπομεν</span> <span class='ocrx_word' id='word_1_70' title='bbox 1012 1079 1517 1151; x_wconf 81' lang='grc' dir='ltr'>καθυποϐεϐηκέναι</span> <span class='ocrx_word' id='word_1_71' title='bbox 1543 1081 1667 1142; x_wconf 83' lang='grc' dir='ltr'>τοὺς</span> <span class='ocrx_word' id='word_1_72' title='bbox 1694 1079 1928 1150; x_wconf 79' lang='grc' dir='ltr'>ἀστέρας</span> 
     </span>
    </p>
   </div>
   <div class='ocr_carea' id='block_1_12' title="bbox 356 1169 1925 1243">
    <p class='ocr_par' dir='ltr' id='par_1_12' title="bbox 356 1169 1925 1243">
     <span class='ocr_line' id='line_1_12' title="bbox 356 1169 1925 1243; baseline 0.001 -20"><span class='ocrx_word' id='word_1_73' title='bbox 356 1171 482 1234; x_wconf 79' lang='grc' dir='ltr'>τοὺς</span> <span class='ocrx_word' id='word_1_74' title='bbox 527 1171 802 1242; x_wconf 89' lang='grc' dir='ltr'>πλάνητας</span> <span class='ocrx_word' id='word_1_75' title='bbox 839 1169 945 1226; x_wconf 90' lang='grc' dir='ltr'><strong>τῶν</strong></span> <span class='ocrx_word' id='word_1_76' title='bbox 987 1171 1191 1237; x_wconf 84' lang='grc' dir='ltr'>ὲπάνω,</span> <span class='ocrx_word' id='word_1_77' title='bbox 1217 1173 1311 1225; x_wconf 81' lang='grc' dir='ltr'><strong>καὶ</strong></span> <span class='ocrx_word' id='word_1_78' title='bbox 1337 1172 1434 1243; x_wconf 84' lang='grc' dir='ltr'><strong>τὴν</strong></span> <span class='ocrx_word' id='word_1_79' title='bbox 1466 1172 1726 1226; x_wconf 84' lang='grc' dir='ltr'><strong>ἀνωτάτω</strong></span> <span class='ocrx_word' id='word_1_80' title='bbox 1753 1171 1925 1242; x_wconf 81' lang='grc' dir='ltr'>ζώνην</span> 
     </span>
    </p>
   </div>
   <div class='ocr_carea' id='block_1_13' title="bbox 357 1262 1925 1337">
    <p class='ocr_par' dir='ltr' id='par_1_13' title="bbox 357 1262 1925 1337">
     <span class='ocr_line' id='line_1_13' title="bbox 357 1262 1925 1337; baseline 0.001 -23"><span class='ocrx_word' id='word_1_81' title='bbox 357 1262 502 1334; x_wconf 75' lang='grc' dir='ltr'>ἔχειν</span> <span class='ocrx_word' id='word_1_82' title='bbox 545 1263 638 1317; x_wconf 88' lang='grc' dir='ltr'><strong>τὸν</strong></span> <span class='ocrx_word' id='word_1_83' title='bbox 690 1263 784 1317; x_wconf 80' lang='grc' dir='ltr'>τοῦ</span> <span class='ocrx_word' id='word_1_84' title='bbox 828 1264 1059 1334; x_wconf 86' lang='grc' dir='ltr'>Κρόνου,</span> <span class='ocrx_word' id='word_1_85' title='bbox 1089 1265 1189 1336; x_wconf 84' lang='grc' dir='ltr'><strong>τὴν</strong></span> <span class='ocrx_word' id='word_1_86' title='bbox 1227 1265 1284 1318; x_wconf 83' lang='grc' dir='ltr'>δὲ</span> <span class='ocrx_word' id='word_1_87' title='bbox 1331 1265 1469 1337; x_wconf 86' lang='grc' dir='ltr'>μετὰ</span> <span class='ocrx_word' id='word_1_88' title='bbox 1499 1265 1700 1337; x_wconf 90' lang='grc' dir='ltr'>ταύτην</span> <span class='ocrx_word' id='word_1_89' title='bbox 1724 1265 1814 1317; x_wconf 86' lang='grc' dir='ltr'><strong>τὸν</strong></span> <span class='ocrx_word' id='word_1_90' title='bbox 1836 1263 1925 1316; x_wconf 83' lang='grc' dir='ltr'>τοῦ</span> 
     </span>
    </p>
   </div>
   <div class='ocr_carea' id='block_1_14' title="bbox 353 1355 1926 1428">
    <p class='ocr_par' dir='ltr' id='par_1_14' title="bbox 353 1355 1926 1428">
     <span class='ocr_line' id='line_1_14' title="bbox 353 1355 1926 1428; baseline 0.001 -20"><span class='ocrx_word' id='word_1_91' title='bbox 353 1356 499 1424; x_wconf 82' lang='grc' dir='ltr'>Διὸς,</span> <span class='ocrx_word' id='word_1_92' title='bbox 530 1356 630 1428; x_wconf 85' lang='grc' dir='ltr'>τὴν</span> <span class='ocrx_word' id='word_1_93' title='bbox 660 1355 716 1408; x_wconf 83' lang='grc' dir='ltr'>δὲ</span> <span class='ocrx_word' id='word_1_94' title='bbox 744 1359 932 1428; x_wconf 86' lang='grc' dir='ltr'>τρίτην</span> <span class='ocrx_word' id='word_1_95' title='bbox 956 1357 1046 1411; x_wconf 80' lang='grc' dir='ltr'><strong>τὸν</strong></span> <span class='ocrx_word' id='word_1_96' title='bbox 1067 1356 1162 1410; x_wconf 82' lang='grc' dir='ltr'>τοῦ</span> <span class='ocrx_word' id='word_1_97' title='bbox 1195 1359 1408 1428; x_wconf 80' lang='grc' dir='ltr'>Ἀρεος,</span> <span class='ocrx_word' id='word_1_98' title='bbox 1435 1359 1528 1412; x_wconf 77' lang='grc' dir='ltr'><strong>καὶ</strong></span> <span class='ocrx_word' id='word_1_99' title='bbox 1562 1356 1791 1427; x_wconf 85' lang='grc' dir='ltr'>καθεξῆς</span> <span class='ocrx_word' id='word_1_100' title='bbox 1820 1357 1926 1410; x_wconf 91' lang='grc' dir='ltr'><strong>τῶν</strong></span> 
     </span>
    </p>
   </div>
   <div class='ocr_carea' id='block_1_15' title="bbox 357 1445 1927 1522">
    <p class='ocr_par' dir='ltr' id='par_1_15' title="bbox 357 1445 1927 1522">
     <span class='ocr_line' id='line_1_15' title="bbox 357 1445 1927 1522; baseline 0 -22"><span class='ocrx_word' id='word_1_101' title='bbox 357 1445 532 1501; x_wconf 77' lang='grc' dir='ltr'>ἄλλων</span> <span class='ocrx_word' id='word_1_102' title='bbox 549 1463 564 1478; x_wconf 96' lang='grc'><strong>·</strong></span> <span class='ocrx_word' id='word_1_103' title='bbox 599 1446 727 1512; x_wconf 87' lang='grc' dir='ltr'>ῐσως</span> <span class='ocrx_word' id='word_1_104' title='bbox 751 1449 818 1502; x_wconf 85' lang='grc' dir='ltr'><strong>ἂν</strong></span> <span class='ocrx_word' id='word_1_105' title='bbox 849 1449 1103 1520; x_wconf 82' lang='grc' dir='ltr'>ζητήσειέ</span> <span class='ocrx_word' id='word_1_106' title='bbox 1129 1466 1212 1513; x_wconf 90' lang='grc' dir='ltr'><strong>τις</strong></span> <span class='ocrx_word' id='word_1_107' title='bbox 1234 1449 1350 1512; x_wconf 90' lang='grc' dir='ltr'><strong>πῶς</strong></span> <span class='ocrx_word' id='word_1_108' title='bbox 1378 1467 1578 1522; x_wconf 88' lang='grc' dir='ltr'>φαμεν,</span> <span class='ocrx_word' id='word_1_109' title='bbox 1603 1451 1650 1502; x_wconf 85' lang='grc' dir='ltr'><strong>εί</strong></span> <span class='ocrx_word' id='word_1_110' title='bbox 1674 1449 1815 1502; x_wconf 76' lang='grc' dir='ltr'>οὕτω</span> <span class='ocrx_word' id='word_1_111' title='bbox 1836 1449 1927 1500; x_wconf 87' lang='grc' dir='ltr'>τύ-</span> 
     </span>
    </p>
   </div>
   <div class='ocr_carea' id='block_1_16' title="bbox 353 1536 1928 1611">
    <p class='ocr_par' dir='ltr' id='par_1_16' title="bbox 353 1536 1928 1611">
     <span class='ocr_line' id='line_1_16' title="bbox 353 1536 1928 1611; baseline 0.003 -23"><span class='ocrx_word' id='word_1_112' title='bbox 353 1553 464 1605; x_wconf 84' lang='grc' dir='ltr'>χοι,</span> <span class='ocrx_word' id='word_1_113' title='bbox 494 1536 700 1608; x_wconf 83' lang='grc' dir='ltr'>Κρόνον</span> <span class='ocrx_word' id='word_1_114' title='bbox 727 1538 820 1591; x_wconf 75' lang='grc' dir='ltr'>καὶ</span> <span class='ocrx_word' id='word_1_115' title='bbox 849 1539 999 1608; x_wconf 82' lang='grc' dir='ltr'>ἡλιον</span> <span class='ocrx_word' id='word_1_116' title='bbox 1031 1542 1089 1593; x_wconf 83' lang='grc' dir='ltr'>ὲν</span> <span class='ocrx_word' id='word_1_117' title='bbox 1118 1539 1274 1611; x_wconf 85' lang='grc' dir='ltr'>Κριῷ</span> <span class='ocrx_word' id='word_1_118' title='bbox 1307 1537 1442 1593; x_wconf 76' lang='grc' dir='ltr'>εἶναι</span> <span class='ocrx_word' id='word_1_119' title='bbox 1465 1557 1478 1570; x_wconf 95' lang='grc'><strong>·</strong></span> <span class='ocrx_word' id='word_1_120' title='bbox 1503 1541 1536 1610; x_wconf 88' lang='grc' dir='ltr'>ἢ</span> <span class='ocrx_word' id='word_1_121' title='bbox 1579 1541 1805 1610; x_wconf 86' lang='grc' dir='ltr'>σελήνην</span> <span class='ocrx_word' id='word_1_122' title='bbox 1833 1540 1928 1592; x_wconf 77' lang='grc' dir='ltr'><strong>καὶ</strong></span> 
     </span>
    </p>
   </div>
   <div class='ocr_carea' id='block_1_17' title="bbox 351 1626 1923 1702">
    <p class='ocr_par' dir='ltr' id='par_1_17' title="bbox 351 1626 1923 1702">
     <span class='ocr_line' id='line_1_17' title="bbox 351 1626 1923 1702; baseline 0.003 -24"><span class='ocrx_word' id='word_1_123' title='bbox 351 1626 457 1680; x_wconf 87' lang='grc' dir='ltr'>Δία</span> <span class='ocrx_word' id='word_1_124' title='bbox 509 1628 566 1683; x_wconf 79' lang='grc' dir='ltr'>ἐν</span> <span class='ocrx_word' id='word_1_125' title='bbox 615 1629 838 1700; x_wconf 81' lang='grc' dir='ltr'>Ταύρῳ·</span> <span class='ocrx_word' id='word_1_126' title='bbox 867 1630 900 1700; x_wconf 78' lang='grc' dir='ltr'><strong>ἡ</strong></span> <span class='ocrx_word' id='word_1_127' title='bbox 930 1631 1122 1694; x_wconf 81' lang='grc' dir='ltr'>ἄλλους</span> <span class='ocrx_word' id='word_1_128' title='bbox 1177 1632 1330 1695; x_wconf 85' lang='grc' dir='ltr'>τινάς</span> <span class='ocrx_word' id='word_1_129' title='bbox 1363 1632 1597 1702; x_wconf 75' lang='grc' dir='ltr'>ἀστέρας</span> <span class='ocrx_word' id='word_1_130' title='bbox 1631 1631 1842 1683; x_wconf 85' lang='grc' dir='ltr'>σύνοδον</span> <span class='ocrx_word' id='word_1_131' title='bbox 1857 1633 1923 1696; x_wconf 70' lang='grc'><strong>³⁷,</strong></span> 
     </span>
    </p>
   </div>
   <div class='ocr_carea' id='block_1_18' title="bbox 351 1720 1924 1794">
    <p class='ocr_par' dir='ltr' id='par_1_18' title="bbox 351 1720 1924 1794">
     <span class='ocr_line' id='line_1_18' title="bbox 351 1720 1924 1794; baseline 0.002 -22"><span class='ocrx_word' id='word_1_132' title='bbox 351 1720 518 1773; x_wconf 82' lang='grc' dir='ltr'>ὁπότε</span> <span class='ocrx_word' id='word_1_133' title='bbox 544 1722 619 1792; x_wconf 90' lang='grc' dir='ltr'><strong>μή</strong></span> <span class='ocrx_word' id='word_1_134' title='bbox 657 1723 792 1776; x_wconf 91' lang='grc' dir='ltr'>εἰσιν</span> <span class='ocrx_word' id='word_1_135' title='bbox 824 1725 882 1776; x_wconf 86' lang='grc' dir='ltr'><strong>έν</strong></span> <span class='ocrx_word' id='word_1_136' title='bbox 911 1723 989 1793; x_wconf 82' lang='grc' dir='ltr'>τῷ</span> <span class='ocrx_word' id='word_1_137' title='bbox 1019 1723 1168 1794; x_wconf 83' lang='grc' dir='ltr'>αὐτῷ</span> <span class='ocrx_word' id='word_1_138' title='bbox 1202 1725 1324 1792; x_wconf 76' lang='grc' dir='ltr'>ὕψει</span> <span class='ocrx_word' id='word_1_139' title='bbox 1355 1726 1660 1794; x_wconf 86' lang='grc' dir='ltr'>φερόμενοι.</span> <span class='ocrx_word' id='word_1_140' title='bbox 1696 1723 1924 1776; x_wconf 80' lang='grc' dir='ltr'>Λεκτέον</span> 
     </span>
    </p>
   </div>
   <div class='ocr_carea' id='block_1_19' title="bbox 355 1809 1944 1883">
    <p class='ocr_par' dir='ltr' id='par_1_19' title="bbox 355 1809 1944 1883">
     <span class='ocr_line' id='line_1_19' title="bbox 355 1809 1944 1883; baseline 0.003 -21"><span class='ocrx_word' id='word_1_141' title='bbox 355 1809 436 1873; x_wconf 86' lang='grc' dir='ltr'><strong>δὲ,</strong></span> <span class='ocrx_word' id='word_1_142' title='bbox 451 1811 530 1864; x_wconf 80' lang='grc' dir='ltr'><strong>ὅτι</strong></span> <span class='ocrx_word' id='word_1_143' title='bbox 552 1811 642 1866; x_wconf 80' lang='grc' dir='ltr'>ὑπ’</span> <span class='ocrx_word' id='word_1_144' title='bbox 659 1811 918 1883; x_wconf 85' lang='grc' dir='ltr'>ἀλλήλους</span> <span class='ocrx_word' id='word_1_145' title='bbox 941 1814 1092 1877; x_wconf 73' lang='grc' dir='ltr'>ὄντες</span> <span class='ocrx_word' id='word_1_146' title='bbox 1113 1815 1231 1866; x_wconf 87' lang='grc' dir='ltr'>τότε</span> <span class='ocrx_word' id='word_1_147' title='bbox 1261 1814 1507 1877; x_wconf 90' lang='grc' dir='ltr'>συνόδους</span> <span class='ocrx_word' id='word_1_148' title='bbox 1527 1812 1944 1876; x_wconf 45' lang='grc' dir='ltr'>ποιοῦσινρταν,</span> 
     </span>
    </p>
   </div>
   <div class='ocr_carea' id='block_1_20' title="bbox 2029 617 3591 694">
    <p class='ocr_par' dir='ltr' id='par_1_20' title="bbox 2029 617 3591 694">
     <span class='ocr_line' id='line_1_20' title="bbox 2029 617 3591 694; baseline 0 -18"><span class='ocrx_word' id='word_1_149' title='bbox 2029 622 2208 681; x_wconf 88' lang='lat' dir='ltr'><strong>minos</strong></span> <span class='ocrx_word' id='word_1_150' title='bbox 2231 622 2480 678; x_wconf 90' lang='lat' dir='ltr'><strong>dividunt</strong></span> <span class='ocrx_word' id='word_1_151' title='bbox 2493 663 2508 688; x_wconf 97' lang='lat'><strong>,</strong></span> <span class='ocrx_word' id='word_1_152' title='bbox 2535 624 2671 678; x_wconf 91' lang='lat' dir='ltr'><strong>adeo</strong></span> <span class='ocrx_word' id='word_1_153' title='bbox 2690 632 2748 679; x_wconf 94' lang='lat' dir='ltr'><strong>ut</strong></span> <span class='ocrx_word' id='word_1_154' title='bbox 2773 624 3050 680; x_wconf 87' lang='lat' dir='ltr'><strong>tricesima</strong></span> <span class='ocrx_word' id='word_1_155' title='bbox 3068 638 3196 694; x_wconf 89' lang='lat' dir='ltr'><strong>pars</strong></span> <span class='ocrx_word' id='word_1_156' title='bbox 3213 617 3380 687; x_wconf 83' lang='lat' dir='ltr'><strong>hora,</strong></span> <span class='ocrx_word' id='word_1_157' title='bbox 3397 622 3591 692; x_wconf 84' lang='lat' dir='ltr'><strong>quain</strong></span> 
     </span>
    </p>
   </div>
   <div class='ocr_carea' id='block_1_21' title="bbox 2028 713 3593 785">
    <p class='ocr_par' dir='ltr' id='par_1_21' title="bbox 2028 713 3593 785">
     <span class='ocr_line' id='line_1_21' title="bbox 2028 713 3593 785; baseline -0.001 -16"><span class='ocrx_word' id='word_1_158' title='bbox 2028 714 2391 785; x_wconf 79' lang='lat' dir='ltr'><strong>aequinoctiali</strong></span> <span class='ocrx_word' id='word_1_159' title='bbox 2420 714 2508 771; x_wconf 91' lang='lat' dir='ltr'><strong>die</strong></span> <span class='ocrx_word' id='word_1_160' title='bbox 2539 715 2619 781; x_wconf 92' lang='lat' dir='ltr'><strong>ﬁt,</strong></span> <span class='ocrx_word' id='word_1_161' title='bbox 2645 718 2937 772; x_wconf 86' lang='lat' dir='ltr'><strong>terminum</strong></span> <span class='ocrx_word' id='word_1_162' title='bbox 2965 716 3161 773; x_wconf 86' lang='lat' dir='ltr'><strong>solaris</strong></span> <span class='ocrx_word' id='word_1_163' title='bbox 3184 729 3382 770; x_wconf 89' lang='lat' dir='ltr'><strong>cursus</strong></span> <span class='ocrx_word' id='word_1_164' title='bbox 3413 713 3593 768; x_wconf 90' lang='lat' dir='ltr'><strong>nomi-</strong></span> 
     </span>
    </p>
   </div>
   <div class='ocr_carea' id='block_1_22' title="bbox 2027 806 3595 878">
    <p class='ocr_par' dir='ltr' id='par_1_22' title="bbox 2027 806 3595 878">
     <span class='ocr_line' id='line_1_22' title="bbox 2027 806 3595 878; baseline -0.004 -15"><span class='ocrx_word' id='word_1_165' title='bbox 2027 814 2178 863; x_wconf 87' lang='lat' dir='ltr'><strong>nent.</strong></span> <span class='ocrx_word' id='word_1_166' title='bbox 2211 806 2479 864; x_wconf 84' lang='lat' dir='ltr'><strong>Asserunt</strong></span> <span class='ocrx_word' id='word_1_167' title='bbox 2506 815 2769 878; x_wconf 83' lang='lat' dir='ltr'><strong>praterea</strong></span> <span class='ocrx_word' id='word_1_168' title='bbox 2800 808 2905 864; x_wconf 91' lang='lat' dir='ltr'><strong>iter</strong></span> <span class='ocrx_word' id='word_1_169' title='bbox 2939 809 3062 873; x_wconf 90' lang='lat' dir='ltr'><strong>viri,</strong></span> <span class='ocrx_word' id='word_1_170' title='bbox 3094 807 3191 878; x_wconf 89' lang='lat' dir='ltr'><strong>qui</strong></span> <span class='ocrx_word' id='word_1_171' title='bbox 3219 820 3396 876; x_wconf 91' lang='lat' dir='ltr'><strong>neque</strong></span> <span class='ocrx_word' id='word_1_172' title='bbox 3426 819 3595 859; x_wconf 86' lang='lat' dir='ltr'><strong>cursu</strong></span> 
     </span>
    </p>
   </div>
   <div class='ocr_carea' id='block_1_23' title="bbox 2029 897 3595 972">
    <p class='ocr_par' dir='ltr' id='par_1_23' title="bbox 2029 897 3595 972">
     <span class='ocr_line' id='line_1_23' title="bbox 2029 897 3595 972; baseline -0.003 -19"><span class='ocrx_word' id='word_1_173' title='bbox 2029 899 2256 964; x_wconf 84' lang='lat' dir='ltr'><strong>feratur,</strong></span> <span class='ocrx_word' id='word_1_174' title='bbox 2290 915 2466 970; x_wconf 92' lang='lat' dir='ltr'><strong>neque</strong></span> <span class='ocrx_word' id='word_1_175' title='bbox 2509 901 2654 956; x_wconf 81' lang='lat' dir='ltr'><strong>lente</strong></span> <span class='ocrx_word' id='word_1_176' title='bbox 2684 901 2983 972; x_wconf 81' lang='lat' dir='ltr'><strong>gradiatur,</strong></span> <span class='ocrx_word' id='word_1_177' title='bbox 3011 915 3191 970; x_wconf 90' lang='lat' dir='ltr'><strong>neque</strong></span> <span class='ocrx_word' id='word_1_178' title='bbox 3213 913 3377 954; x_wconf 85' lang='lat' dir='ltr'><strong>senex</strong></span> <span class='ocrx_word' id='word_1_179' title='bbox 3402 897 3474 952; x_wconf 87' lang='lat' dir='ltr'><strong>sit</strong></span> <span class='ocrx_word' id='word_1_180' title='bbox 3499 901 3595 951; x_wconf 88' lang='lat' dir='ltr'><strong>aut</strong></span> 
     </span>
    </p>
   </div>
   <div class='ocr_carea' id='block_1_24' title="bbox 2029 986 3516 1063">
    <p class='ocr_par' dir='ltr' id='par_1_24' title="bbox 2029 986 3516 1063">
     <span class='ocr_line' id='line_1_24' title="bbox 2029 986 3516 1063; baseline -0.003 -15"><span class='ocrx_word' id='word_1_181' title='bbox 2029 1008 2186 1063; x_wconf 91' lang='lat' dir='ltr'><strong>puer,</strong></span> <span class='ocrx_word' id='word_1_182' title='bbox 2227 993 2360 1048; x_wconf 90' lang='lat' dir='ltr'><strong>solis</strong></span> <span class='ocrx_word' id='word_1_183' title='bbox 2385 992 2489 1048; x_wconf 83' lang='lat' dir='ltr'><strong>iter</strong></span> <span class='ocrx_word' id='word_1_184' title='bbox 2515 1008 2656 1058; x_wconf 88' lang='lat' dir='ltr'><strong>esse,</strong></span> <span class='ocrx_word' id='word_1_185' title='bbox 2680 1007 2744 1048; x_wconf 89' lang='lat' dir='ltr'><strong>ac</strong></span> <span class='ocrx_word' id='word_1_186' title='bbox 2767 992 2975 1047; x_wconf 86' lang='lat' dir='ltr'><strong>tricena</strong></span> <span class='ocrx_word' id='word_1_187' title='bbox 3003 1007 3126 1048; x_wconf 90' lang='lat' dir='ltr'><strong>esse</strong></span> <span class='ocrx_word' id='word_1_188' title='bbox 3145 1003 3295 1046; x_wconf 90' lang='lat' dir='ltr'><strong>mera</strong></span> <span class='ocrx_word' id='word_1_189' title='bbox 3323 986 3516 1044; x_wconf 90' lang='lat' dir='ltr'><strong>stadia.</strong></span> 
     </span>
    </p>
   </div>
   <div class='ocr_carea' id='block_1_25' title="bbox 2065 1073 3595 1152">
    <p class='ocr_par' dir='ltr' id='par_1_25' title="bbox 2065 1073 3595 1152">
     <span class='ocr_line' id='line_1_25' title="bbox 2065 1073 3595 1152; baseline -0.003 -18"><span class='ocrx_word' id='word_1_190' title='bbox 2065 1073 2073 1081; x_wconf 85' lang='grc'><strong>’</strong></span> <span class='ocrx_word' id='word_1_191' title='bbox 2097 1079 2232 1135; x_wconf 90' lang='lat' dir='ltr'><strong>Cum</strong></span> <span class='ocrx_word' id='word_1_192' title='bbox 2259 1089 2440 1136; x_wconf 89' lang='lat' dir='ltr'><strong>autem</strong></span> <span class='ocrx_word' id='word_1_193' title='bbox 2468 1081 2716 1152; x_wconf 84' lang='lat' dir='ltr'><strong>planetas</strong></span> <span class='ocrx_word' id='word_1_194' title='bbox 2737 1081 3037 1137; x_wconf 87' lang='lat' dir='ltr'><strong>dixerimus</strong></span> <span class='ocrx_word' id='word_1_195' title='bbox 3059 1078 3434 1149; x_wconf 88' lang='lat' dir='ltr'><strong>superioribus</strong></span> <span class='ocrx_word' id='word_1_196' title='bbox 3463 1076 3595 1132; x_wconf 87' lang='lat' dir='ltr'><strong>stel-</strong></span> 
     </span>
    </p>
   </div>
   <div class='ocr_carea' id='block_1_26' title="bbox 2028 1168 3596 1243">
    <p class='ocr_par' dir='ltr' id='par_1_26' title="bbox 2028 1168 3596 1243">
     <span class='ocr_line' id='line_1_26' title="bbox 2028 1168 3596 1243; baseline -0.001 -19"><span class='ocrx_word' id='word_1_197' title='bbox 2028 1170 2098 1226; x_wconf 93' lang='lat' dir='ltr'><strong>lis</strong></span> <span class='ocrx_word' id='word_1_198' title='bbox 2155 1172 2432 1242; x_wconf 83' lang='lat' dir='ltr'><strong>subjectos</strong></span> <span class='ocrx_word' id='word_1_199' title='bbox 2476 1187 2620 1237; x_wconf 89' lang='lat' dir='ltr'><strong>esse,</strong></span> <span class='ocrx_word' id='word_1_200' title='bbox 2657 1188 2722 1228; x_wconf 89' lang='lat' dir='ltr'><strong>ac</strong></span> <span class='ocrx_word' id='word_1_201' title='bbox 2761 1185 3073 1243; x_wconf 85' lang='lat' dir='ltr'><strong>supremam</strong></span> <span class='ocrx_word' id='word_1_202' title='bbox 3109 1184 3300 1225; x_wconf 89' lang='lat' dir='ltr'><strong>zonam</strong></span> <span class='ocrx_word' id='word_1_203' title='bbox 3349 1168 3596 1222; x_wconf 82' lang='lat' dir='ltr'><strong>obtinere</strong></span> 
     </span>
    </p>
   </div>
   <div class='ocr_carea' id='block_1_27' title="bbox 2028 1259 3596 1335">
    <p class='ocr_par' dir='ltr' id='par_1_27' title="bbox 2028 1259 3596 1335">
     <span class='ocr_line' id='line_1_27' title="bbox 2028 1259 3596 1335; baseline -0.001 -20"><span class='ocrx_word' id='word_1_204' title='bbox 2028 1261 2346 1328; x_wconf 86' lang='lat' dir='ltr'><strong>Saturnum,</strong></span> <span class='ocrx_word' id='word_1_205' title='bbox 2389 1265 2695 1335; x_wconf 79' lang='lat' dir='ltr'><strong>proximam</strong></span> <span class='ocrx_word' id='word_1_206' title='bbox 2745 1265 2813 1319; x_wconf 91' lang='lat' dir='ltr'><strong>ab</strong></span> <span class='ocrx_word' id='word_1_207' title='bbox 2864 1279 2950 1329; x_wconf 92' lang='lat' dir='ltr'><strong>eo,</strong></span> <span class='ocrx_word' id='word_1_208' title='bbox 2980 1261 3189 1327; x_wconf 84' lang='lat' dir='ltr'><strong>Jovem,</strong></span> <span class='ocrx_word' id='word_1_209' title='bbox 3218 1259 3434 1316; x_wconf 88' lang='lat' dir='ltr'><strong>tertiam</strong></span> <span class='ocrx_word' id='word_1_210' title='bbox 3470 1273 3596 1313; x_wconf 89' lang='lat' dir='ltr'><strong>esse</strong></span> 
     </span>
    </p>
   </div>
   <div class='ocr_carea' id='block_1_28' title="bbox 2030 1348 3590 1426">
    <p class='ocr_par' dir='ltr' id='par_1_28' title="bbox 2030 1348 3590 1426">
     <span class='ocr_line' id='line_1_28' title="bbox 2030 1348 3590 1426; baseline -0.004 -18"><span class='ocrx_word' id='word_1_211' title='bbox 2030 1353 2238 1422; x_wconf 89' lang='lat' dir='ltr'><strong>Martis,</strong></span> <span class='ocrx_word' id='word_1_212' title='bbox 2290 1371 2354 1411; x_wconf 90' lang='lat' dir='ltr'><strong>ac</strong></span> <span class='ocrx_word' id='word_1_213' title='bbox 2412 1355 2672 1426; x_wconf 90' lang='lat' dir='ltr'><strong>deinceps</strong></span> <span class='ocrx_word' id='word_1_214' title='bbox 2727 1360 2973 1419; x_wconf 84' lang='lat' dir='ltr'><strong>cateros,</strong></span> <span class='ocrx_word' id='word_1_215' title='bbox 3005 1360 3210 1424; x_wconf 88' lang='lat' dir='ltr'><strong>quaret</strong></span> <span class='ocrx_word' id='word_1_216' title='bbox 3245 1349 3444 1420; x_wconf 88' lang='lat' dir='ltr'><strong>aliquis</strong></span> <span class='ocrx_word' id='word_1_217' title='bbox 3476 1348 3590 1402; x_wconf 87' lang='lat' dir='ltr'><strong>for-</strong></span> 
     </span>
    </p>
   </div>
   <div class='ocr_carea' id='block_1_29' title="bbox 2027 1440 3592 1517">
    <p class='ocr_par' dir='ltr' id='par_1_29' title="bbox 2027 1440 3592 1517">
     <span class='ocr_line' id='line_1_29' title="bbox 2027 1440 3592 1517; baseline -0.005 -17"><span class='ocrx_word' id='word_1_218' title='bbox 2027 1455 2194 1513; x_wconf 90' lang='lat' dir='ltr'><strong>tasse,</strong></span> <span class='ocrx_word' id='word_1_219' title='bbox 2227 1447 2500 1517; x_wconf 91' lang='lat' dir='ltr'><strong>quomodo</strong></span> <span class='ocrx_word' id='word_1_220' title='bbox 2518 1447 2627 1502; x_wconf 88' lang='lat' dir='ltr'><strong>dici</strong></span> <span class='ocrx_word' id='word_1_221' title='bbox 2653 1447 2844 1511; x_wconf 89' lang='lat' dir='ltr'><strong>soleat,</strong></span> <span class='ocrx_word' id='word_1_222' title='bbox 2867 1444 3186 1509; x_wconf 87' lang='lat' dir='ltr'><strong>Saturnum,</strong></span> <span class='ocrx_word' id='word_1_223' title='bbox 3213 1440 3445 1511; x_wconf 80' lang='lat' dir='ltr'><strong>exempli</strong></span> <span class='ocrx_word' id='word_1_224' title='bbox 3473 1453 3592 1509; x_wconf 87' lang='lat' dir='ltr'><strong>gra-</strong></span> 
     </span>
    </p>
   </div>
   <div class='ocr_carea' id='block_1_30' title="bbox 2025 1532 3592 1604">
    <p class='ocr_par' dir='ltr' id='par_1_30' title="bbox 2025 1532 3592 1604">
     <span class='ocr_line' id='line_1_30' title="bbox 2025 1532 3592 1604; baseline -0.005 -11"><span class='ocrx_word' id='word_1_225' title='bbox 2025 1540 2120 1604; x_wconf 90' lang='lat' dir='ltr'><strong>tia,</strong></span> <span class='ocrx_word' id='word_1_226' title='bbox 2150 1540 2234 1595; x_wconf 94' lang='lat' dir='ltr'><strong>vel</strong></span> <span class='ocrx_word' id='word_1_227' title='bbox 2295 1540 2474 1595; x_wconf 88' lang='lat' dir='ltr'><strong>solem</strong></span> <span class='ocrx_word' id='word_1_228' title='bbox 2533 1541 2591 1594; x_wconf 91' lang='lat' dir='ltr'><strong>in</strong></span> <span class='ocrx_word' id='word_1_229' title='bbox 2632 1540 2817 1594; x_wconf 85' lang='lat' dir='ltr'><strong>Ariete</strong></span> <span class='ocrx_word' id='word_1_230' title='bbox 2865 1538 3108 1603; x_wconf 87' lang='lat' dir='ltr'><strong>versari;</strong></span> <span class='ocrx_word' id='word_1_231' title='bbox 3141 1544 3236 1590; x_wconf 90' lang='lat' dir='ltr'><strong>aut</strong></span> <span class='ocrx_word' id='word_1_232' title='bbox 3271 1535 3477 1599; x_wconf 89' lang='lat' dir='ltr'><strong>lunam,</strong></span> <span class='ocrx_word' id='word_1_233' title='bbox 3507 1532 3592 1587; x_wconf 85' lang='lat' dir='ltr'><strong>vel</strong></span> 
     </span>
    </p>
   </div>
   <div class='ocr_carea' id='block_1_31' title="bbox 2025 1618 3591 1692">
    <p class='ocr_par' dir='ltr' id='par_1_31' title="bbox 2025 1618 3591 1692">
     <span class='ocr_line' id='line_1_31' title="bbox 2025 1618 3591 1692; baseline -0.004 -14"><span class='ocrx_word' id='word_1_234' title='bbox 2025 1622 2212 1679; x_wconf 86' lang='lat' dir='ltr'><strong>Jovem</strong></span> <span class='ocrx_word' id='word_1_235' title='bbox 2242 1623 2298 1679; x_wconf 91' lang='lat' dir='ltr'><strong>in</strong></span> <span class='ocrx_word' id='word_1_236' title='bbox 2325 1623 2539 1692; x_wconf 89' lang='lat' dir='ltr'><strong>Tauro;</strong></span> <span class='ocrx_word' id='word_1_237' title='bbox 2565 1625 2650 1680; x_wconf 90' lang='lat' dir='ltr'><strong>vel</strong></span> <span class='ocrx_word' id='word_1_238' title='bbox 2676 1625 2814 1680; x_wconf 88' lang='lat' dir='ltr'><strong>alias</strong></span> <span class='ocrx_word' id='word_1_239' title='bbox 2834 1624 3018 1680; x_wconf 89' lang='lat' dir='ltr'><strong>stellas</strong></span> <span class='ocrx_word' id='word_1_240' title='bbox 3033 1622 3107 1677; x_wconf 91' lang='lat' dir='ltr'><strong>ibi</strong></span> <span class='ocrx_word' id='word_1_241' title='bbox 3129 1623 3186 1677; x_wconf 91' lang='lat' dir='ltr'><strong>in</strong></span> <span class='ocrx_word' id='word_1_242' title='bbox 3213 1618 3424 1691; x_wconf 83' lang='lat' dir='ltr'><strong>synodo</strong></span> <span class='ocrx_word' id='word_1_243' title='bbox 3449 1631 3591 1682; x_wconf 89' lang='lat' dir='ltr'><strong>esse,</strong></span> 
     </span>
    </p>
   </div>
   <div class='ocr_carea' id='block_1_32' title="bbox 2027 1711 3594 1786">
    <p class='ocr_par' dir='ltr' id='par_1_32' title="bbox 2027 1711 3594 1786">
     <span class='ocr_line' id='line_1_32' title="bbox 2027 1711 3594 1786; baseline -0.006 -13"><span class='ocrx_word' id='word_1_244' title='bbox 2027 1733 2151 1773; x_wconf 91' lang='lat' dir='ltr'><strong>cum</strong></span> <span class='ocrx_word' id='word_1_245' title='bbox 2200 1719 2257 1773; x_wconf 92' lang='lat' dir='ltr'><strong>in</strong></span> <span class='ocrx_word' id='word_1_246' title='bbox 2299 1717 2487 1775; x_wconf 91' lang='lat' dir='ltr'><strong>eadem</strong></span> <span class='ocrx_word' id='word_1_247' title='bbox 2521 1717 2826 1774; x_wconf 88' lang='lat' dir='ltr'><strong>altitudine</strong></span> <span class='ocrx_word' id='word_1_248' title='bbox 2853 1733 2976 1775; x_wconf 90' lang='lat' dir='ltr'><strong>esse</strong></span> <span class='ocrx_word' id='word_1_249' title='bbox 3020 1721 3313 1786; x_wconf 84' lang='lat' dir='ltr'><strong>nequeant.</strong></span> <span class='ocrx_word' id='word_1_250' title='bbox 3344 1711 3484 1766; x_wconf 82' lang='lat' dir='ltr'><strong>Huic</strong></span> <span class='ocrx_word' id='word_1_251' title='bbox 3520 1711 3594 1765; x_wconf 88' lang='lat' dir='ltr'><strong>ita</strong></span> 
     </span>
    </p>
   </div>
   <div class='ocr_carea' id='block_1_33' title="bbox 2027 1805 3595 1879">
    <p class='ocr_par' dir='ltr' id='par_1_33' title="bbox 2027 1805 3595 1879">
     <span class='ocr_line' id='line_1_33' title="bbox 2027 1805 3595 1879; baseline -0.008 -16"><span class='ocrx_word' id='word_1_252' title='bbox 2027 1809 2440 1879; x_wconf 87' lang='lat' dir='ltr'><strong>respondemus,</strong></span> <span class='ocrx_word' id='word_1_253' title='bbox 2496 1823 2620 1864; x_wconf 88' lang='lat' dir='ltr'><strong>cum</strong></span> <span class='ocrx_word' id='word_1_254' title='bbox 2670 1808 2775 1864; x_wconf 87' lang='lat' dir='ltr'><strong>sibi</strong></span> <span class='ocrx_word' id='word_1_255' title='bbox 2817 1807 3050 1864; x_wconf 88' lang='lat' dir='ltr'><strong>invicem</strong></span> <span class='ocrx_word' id='word_1_256' title='bbox 3090 1805 3337 1874; x_wconf 88' lang='lat' dir='ltr'><strong>subjecta</strong></span> <span class='ocrx_word' id='word_1_257' title='bbox 3370 1807 3499 1856; x_wconf 92' lang='lat' dir='ltr'><strong>sunt</strong></span> <span class='ocrx_word' id='word_1_258' title='bbox 3530 1815 3595 1854; x_wconf 88' lang='lat' dir='ltr'><strong>ea</strong></span> 
     </span>
    </p>
   </div>
   <div class='ocr_carea' id='block_1_34' title="bbox 357 1887 1929 1971">
    <p class='ocr_par' dir='ltr' id='par_1_34' title="bbox 357 1893 1929 1968">
     <span class='ocr_line' id='line_1_34' title="bbox 357 1893 1929 1968; baseline 0.003 -22"><span class='ocrx_word' id='word_1_259' title='bbox 357 1893 500 1946; x_wconf 87' lang='grc' dir='ltr'><strong>κατά</strong></span> <span class='ocrx_word' id='word_1_260' title='bbox 528 1894 752 1948; x_wconf 81' lang='grc' dir='ltr'>κάθετον</span> <span class='ocrx_word' id='word_1_261' title='bbox 780 1896 1022 1965; x_wconf 88' lang='grc' dir='ltr'>ἀλλήλων</span> <span class='ocrx_word' id='word_1_262' title='bbox 1076 1897 1358 1964; x_wconf 84' lang='grc' dir='ltr'>γένωνται.</span> <span class='ocrx_word' id='word_1_263' title='bbox 1394 1898 1600 1951; x_wconf 82' lang='grc' dir='ltr'>Εὶδέναι</span> <span class='ocrx_word' id='word_1_264' title='bbox 1630 1898 1686 1951; x_wconf 85' lang='grc' dir='ltr'>δὲ</span> <span class='ocrx_word' id='word_1_265' title='bbox 1707 1897 1831 1968; x_wconf 84' lang='grc' dir='ltr'>χρὴ,</span> <span class='ocrx_word' id='word_1_266' title='bbox 1855 1897 1929 1960; x_wconf 86' lang='grc' dir='ltr'>ὼς</span> 
     </span>
    </p>
   </div>
   <div class='ocr_carea' id='block_1_35' title="bbox 2028 1887 3591 1971">
    <p class='ocr_par' dir='ltr' id='par_1_35' title="bbox 2030 1890 3591 1971">
     <span class='ocr_line' id='line_1_35' title="bbox 2030 1890 3591 1971; baseline -0.01 -15"><span class='ocrx_word' id='word_1_267' title='bbox 2030 1901 2230 1966; x_wconf 88' lang='lat' dir='ltr'><strong>sidera,</strong></span> <span class='ocrx_word' id='word_1_268' title='bbox 2258 1899 2525 1971; x_wconf 85' lang='lat' dir='ltr'><strong>synodum</strong></span> <span class='ocrx_word' id='word_1_269' title='bbox 2553 1890 2733 1954; x_wconf 77' lang='lat' dir='ltr'><strong>facere</strong></span> <span class='ocrx_word' id='word_1_270' title='bbox 2751 1914 2766 1964; x_wconf 91' lang='lat'><strong>;</strong></span> <span class='ocrx_word' id='word_1_271' title='bbox 2783 1913 2909 1952; x_wconf 90' lang='lat' dir='ltr'><strong>cum</strong></span> <span class='ocrx_word' id='word_1_272' title='bbox 2936 1894 3190 1952; x_wconf 91' lang='lat' dir='ltr'><strong>videlicet</strong></span> <span class='ocrx_word' id='word_1_273' title='bbox 3204 1893 3410 1949; x_wconf 88' lang='lat' dir='ltr'><strong>directe</strong></span> <span class='ocrx_word' id='word_1_274' title='bbox 3425 1904 3591 1945; x_wconf 89' lang='lat' dir='ltr'><strong>unum</strong></span> 
     </span>
    </p>
   </div>
   <div class='ocr_carea' id='block_1_36' title="bbox 354 1984 1923 2059">
    <p class='ocr_par' dir='ltr' id='par_1_36' title="bbox 354 1984 1923 2059">
     <span class='ocr_line' id='line_1_36' title="bbox 354 1984 1923 2059; baseline 0.004 -23"><span class='ocrx_word' id='word_1_275' title='bbox 354 1985 407 2036; x_wconf 87' lang='grc' dir='ltr'>οἱ</span> <span class='ocrx_word' id='word_1_276' title='bbox 427 1985 746 2056; x_wconf 82' lang='grc' dir='ltr'>ἀστρονόμοι</span> <span class='ocrx_word' id='word_1_277' title='bbox 784 1987 987 2040; x_wconf 88' lang='grc' dir='ltr'>διδόασι</span> <span class='ocrx_word' id='word_1_278' title='bbox 1018 1984 1190 2051; x_wconf 81' lang='grc' dir='ltr'>ζώνας</span> <span class='ocrx_word' id='word_1_279' title='bbox 1215 1987 1322 2041; x_wconf 87' lang='grc' dir='ltr'><strong>τῶν</strong></span> <span class='ocrx_word' id='word_1_280' title='bbox 1357 1989 1640 2059; x_wconf 81' lang='grc' dir='ltr'>πλανήτων</span> <span class='ocrx_word' id='word_1_281' title='bbox 1663 1988 1923 2058; x_wconf 82' lang='grc' dir='ltr'>ἀστέρων.</span> 
     </span>
    </p>
   </div>
   <div class='ocr_carea' id='block_1_37' title="bbox 368 2076 1928 2150">
    <p class='ocr_par' dir='ltr' id='par_1_37' title="bbox 368 2076 1928 2150">
     <span class='ocr_line' id='line_1_37' title="bbox 368 2076 1928 2150; baseline 0.003 -23"><span class='ocrx_word' id='word_1_282' title='bbox 368 2077 429 2128; x_wconf 83' lang='lat'><strong>&#39;0</strong></span> <span class='ocrx_word' id='word_1_283' title='bbox 479 2077 536 2128; x_wconf 78' lang='grc' dir='ltr'>δὲ</span> <span class='ocrx_word' id='word_1_284' title='bbox 593 2077 814 2130; x_wconf 84' lang='grc' dir='ltr'>Πλάτων</span> <span class='ocrx_word' id='word_1_285' title='bbox 871 2078 1107 2150; x_wconf 86' lang='grc' dir='ltr'>σφαίρας</span> <span class='ocrx_word' id='word_1_286' title='bbox 1156 2076 1294 2132; x_wconf 79' lang='grc' dir='ltr'>εἶναι</span> <span class='ocrx_word' id='word_1_287' title='bbox 1320 2080 1466 2147; x_wconf 82' lang='grc' dir='ltr'>λέγει</span> <span class='ocrx_word' id='word_1_288' title='bbox 1503 2081 1628 2150; x_wconf 90' lang='grc' dir='ltr'>μίαν</span> <span class='ocrx_word' id='word_1_289' title='bbox 1662 2079 1765 2132; x_wconf 83' lang='grc' dir='ltr'>ὑπὸ</span> <span class='ocrx_word' id='word_1_290' title='bbox 1800 2080 1928 2149; x_wconf 90' lang='grc' dir='ltr'>μίαν</span> 
     </span>
    </p>
   </div>
   <div class='ocr_carea' id='block_1_38' title="bbox 357 2167 1928 2242">
    <p class='ocr_par' dir='ltr' id='par_1_38' title="bbox 357 2167 1928 2242">
     <span class='ocr_line' id='line_1_38' title="bbox 357 2167 1928 2242; baseline 0.003 -23"><span class='ocrx_word' id='word_1_291' title='bbox 357 2167 590 2238; x_wconf 79' lang='grc' dir='ltr'>ἑκάστῳ.</span> <span class='ocrx_word' id='word_1_292' title='bbox 633 2169 689 2222; x_wconf 90' lang='grc' dir='ltr'>Ὁ</span> <span class='ocrx_word' id='word_1_293' title='bbox 717 2170 773 2222; x_wconf 89' lang='grc' dir='ltr'><strong>δὲ</strong></span> <span class='ocrx_word' id='word_1_294' title='bbox 805 2171 1058 2241; x_wconf 75' lang='grc' dir='ltr'>Ἄρατος,</span> <span class='ocrx_word' id='word_1_295' title='bbox 1086 2171 1214 2242; x_wconf 77' lang='grc' dir='ltr'>περὶ</span> <span class='ocrx_word' id='word_1_296' title='bbox 1246 2171 1353 2225; x_wconf 91' lang='grc' dir='ltr'><strong>τῶν</strong></span> <span class='ocrx_word' id='word_1_297' title='bbox 1382 2171 1540 2225; x_wconf 85' lang='grc' dir='ltr'>πέντε</span> <span class='ocrx_word' id='word_1_298' title='bbox 1571 2171 1746 2239; x_wconf 89' lang='grc' dir='ltr'>λέγειν</span> <span class='ocrx_word' id='word_1_299' title='bbox 1790 2187 1928 2242; x_wconf 90' lang='grc' dir='ltr'>παρ-</span> 
     </span>
    </p>
   </div>
   <div class='ocr_carea' id='block_1_39' title="bbox 357 2260 1928 2335">
    <p class='ocr_par' dir='ltr' id='par_1_39' title="bbox 357 2260 1928 2335">
     <span class='ocr_line' id='line_1_39' title="bbox 357 2260 1928 2335; baseline 0.003 -24"><span class='ocrx_word' id='word_1_300' title='bbox 357 2260 739 2330; x_wconf 87' lang='grc' dir='ltr'>αιτησάμενος,</span> <span class='ocrx_word' id='word_1_301' title='bbox 775 2263 913 2333; x_wconf 87' lang='grc' dir='ltr'><strong>μετά</strong></span> <span class='ocrx_word' id='word_1_302' title='bbox 946 2264 1046 2335; x_wconf 83' lang='grc' dir='ltr'><strong>τὴν</strong></span> <span class='ocrx_word' id='word_1_303' title='bbox 1089 2263 1198 2316; x_wconf 91' lang='grc' dir='ltr'><strong>τῶν</strong></span> <span class='ocrx_word' id='word_1_304' title='bbox 1235 2263 1574 2332; x_wconf 82' lang='grc' dir='ltr'>φαινομένων</span> <span class='ocrx_word' id='word_1_305' title='bbox 1608 2262 1770 2328; x_wconf 84' lang='grc' dir='ltr'>δεῖξιν</span> <span class='ocrx_word' id='word_1_306' title='bbox 1800 2261 1928 2334; x_wconf 77' lang='grc' dir='ltr'>περὶ</span> 
     </span>
    </p>
   </div>
   <div class='ocr_carea' id='block_1_40' title="bbox 355 2350 1081 2425">
    <p class='ocr_par' dir='ltr' id='par_1_40' title="bbox 355 2350 1081 2425">
     <span class='ocr_line' id='line_1_40' title="bbox 355 2350 1081 2425; baseline 0.007 -22"><span class='ocrx_word' id='word_1_307' title='bbox 355 2350 508 2421; x_wconf 87' lang='grc' dir='ltr'>ἡλίου</span> <span class='ocrx_word' id='word_1_308' title='bbox 537 2352 630 2405; x_wconf 77' lang='grc' dir='ltr'><strong>καὶ</strong></span> <span class='ocrx_word' id='word_1_309' title='bbox 662 2353 890 2425; x_wconf 84' lang='grc' dir='ltr'>σελήνης</span> <span class='ocrx_word' id='word_1_310' title='bbox 915 2355 1081 2424; x_wconf 83' lang='grc' dir='ltr'>λέγει.</span> 
     </span>
    </p>
   </div>
   <div class='ocr_carea' id='block_1_41' title="bbox 423 2537 1926 2612">
    <p class='ocr_par' dir='ltr' id='par_1_41' title="bbox 423 2537 1926 2612">
     <span class='ocr_line' id='line_1_41' title="bbox 423 2537 1926 2612; baseline 0.003 -22"><span class='ocrx_word' id='word_1_311' title='bbox 423 2537 545 2591; x_wconf 85' lang='grc' dir='ltr'><strong>Τῶν</strong></span> <span class='ocrx_word' id='word_1_312' title='bbox 589 2538 646 2592; x_wconf 85' lang='grc' dir='ltr'>δὲ</span> <span class='ocrx_word' id='word_1_313' title='bbox 696 2539 940 2610; x_wconf 86' lang='grc' dir='ltr'>ἀστέρων</span> <span class='ocrx_word' id='word_1_314' title='bbox 983 2541 1033 2593; x_wconf 88' lang='grc' dir='ltr'>οἱ</span> <span class='ocrx_word' id='word_1_315' title='bbox 1071 2541 1172 2611; x_wconf 81' lang='grc' dir='ltr'>μὲν</span> <span class='ocrx_word' id='word_1_316' title='bbox 1221 2540 1477 2605; x_wconf 86' lang='grc' dir='ltr'>ἀπλανεῖς</span> <span class='ocrx_word' id='word_1_317' title='bbox 1515 2541 1813 2612; x_wconf 82' lang='grc' dir='ltr'>ἐναρήρασι</span> <span class='ocrx_word' id='word_1_318' title='bbox 1849 2541 1926 2612; x_wconf 86' lang='grc' dir='ltr'><strong>τῷ</strong></span> 
     </span>
    </p>
   </div>
   <div class='ocr_carea' id='block_1_42' title="bbox 351 2630 1921 2704">
    <p class='ocr_par' dir='ltr' id='par_1_42' title="bbox 351 2630 1921 2704">
     <span class='ocr_line' id='line_1_42' title="bbox 351 2630 1921 2704; baseline 0.002 -21"><span class='ocrx_word' id='word_1_319' title='bbox 351 2630 589 2702; x_wconf 82' lang='grc' dir='ltr'>οὐρανῷ,</span> <span class='ocrx_word' id='word_1_320' title='bbox 623 2633 716 2686; x_wconf 89' lang='grc' dir='ltr'><strong>καί</strong></span> <span class='ocrx_word' id='word_1_321' title='bbox 764 2635 901 2686; x_wconf 89' lang='grc' dir='ltr'>εἰσιν</span> <span class='ocrx_word' id='word_1_322' title='bbox 956 2632 1202 2704; x_wconf 81' lang='grc' dir='ltr'>ἀκίνητοι</span> <span class='ocrx_word' id='word_1_323' title='bbox 1263 2633 1401 2688; x_wconf 81' lang='grc' dir='ltr'>κατὰ</span> <span class='ocrx_word' id='word_1_324' title='bbox 1441 2633 1534 2688; x_wconf 84' lang='grc' dir='ltr'>τὸν</span> <span class='ocrx_word' id='word_1_325' title='bbox 1572 2633 1699 2687; x_wconf 77' lang='grc' dir='ltr'>ἴδιον</span> <span class='ocrx_word' id='word_1_326' title='bbox 1735 2633 1921 2702; x_wconf 82' lang='grc' dir='ltr'>λόγον’·</span> 
     </span>
    </p>
   </div>
   <div class='ocr_carea' id='block_1_43' title="bbox 355 2726 1926 2800">
    <p class='ocr_par' dir='ltr' id='par_1_43' title="bbox 355 2726 1926 2800">
     <span class='ocr_line' id='line_1_43' title="bbox 355 2726 1926 2800; baseline 0.002 -23"><span class='ocrx_word' id='word_1_327' title='bbox 355 2726 858 2797; x_wconf 88' lang='grc' dir='ltr'>συμπεριφέρονται</span> <span class='ocrx_word' id='word_1_328' title='bbox 892 2726 949 2780; x_wconf 84' lang='grc' dir='ltr'><strong>δὲ</strong></span> <span class='ocrx_word' id='word_1_329' title='bbox 992 2729 1055 2798; x_wconf 86' lang='grc' dir='ltr'>τῇ</span> <span class='ocrx_word' id='word_1_330' title='bbox 1094 2727 1241 2800; x_wconf 79' lang='grc' dir='ltr'>ῥύμῃ</span> <span class='ocrx_word' id='word_1_331' title='bbox 1271 2727 1366 2781; x_wconf 83' lang='grc' dir='ltr'><strong>τοῦ</strong></span> <span class='ocrx_word' id='word_1_332' title='bbox 1403 2727 1756 2799; x_wconf 75' lang='grc' dir='ltr'>οὐρανοῦ,ἀεὶ</span> <span class='ocrx_word' id='word_1_333' title='bbox 1790 2727 1926 2781; x_wconf 85' lang='grc' dir='ltr'><strong>κατά</strong></span> 
     </span>
    </p>
   </div>
   <div class='ocr_carea' id='block_1_44' title="bbox 354 2815 1921 2883">
    <p class='ocr_par' dir='ltr' id='par_1_44' title="bbox 354 2815 1921 2883">
     <span class='ocr_line' id='line_1_44' title="bbox 354 2815 1921 2883; baseline 0.001 -15"><span class='ocrx_word' id='word_1_334' title='bbox 354 2815 426 2869; x_wconf 77' lang='grc' dir='ltr'>τὰ</span> <span class='ocrx_word' id='word_1_335' title='bbox 479 2817 620 2872; x_wconf 80' lang='grc' dir='ltr'><strong>αύτά</strong></span> <span class='ocrx_word' id='word_1_336' title='bbox 664 2818 758 2870; x_wconf 77' lang='grc' dir='ltr'><strong>καὶ</strong></span> <span class='ocrx_word' id='word_1_337' title='bbox 800 2817 1061 2882; x_wconf 84' lang='grc' dir='ltr'>ὡσαύτως</span> <span class='ocrx_word' id='word_1_338' title='bbox 1102 2819 1348 2883; x_wconf 85' lang='grc' dir='ltr'>δύνοντες</span> <span class='ocrx_word' id='word_1_339' title='bbox 1393 2819 1486 2872; x_wconf 68' lang='grc' dir='ltr'><strong>καὶ¹</strong></span> <span class='ocrx_word' id='word_1_340' title='bbox 1517 2817 1921 2882; x_wconf 87' lang='grc' dir='ltr'>ἀνατέλλοντες·</span> 
     </span>
    </p>
   </div>
   <div class='ocr_carea' id='block_1_45' title="bbox 354 2908 1927 2982">
    <p class='ocr_par' dir='ltr' id='par_1_45' title="bbox 354 2908 1927 2982">
     <span class='ocr_line' id='line_1_45' title="bbox 354 2908 1927 2982; baseline 0.001 -21"><span class='ocrx_word' id='word_1_341' title='bbox 354 2908 436 2962; x_wconf 86' lang='grc' dir='ltr'><strong>διὸ</strong></span> <span class='ocrx_word' id='word_1_342' title='bbox 482 2909 576 2962; x_wconf 80' lang='grc' dir='ltr'><strong>καὶ</strong></span> <span class='ocrx_word' id='word_1_343' title='bbox 635 2909 893 2973; x_wconf 86' lang='grc' dir='ltr'>ἀπλανεῖς</span> <span class='ocrx_word' id='word_1_344' title='bbox 947 2910 1276 2982; x_wconf 81' lang='grc' dir='ltr'>ἐκλήθησαν.</span> <span class='ocrx_word' id='word_1_345' title='bbox 1303 2910 1484 2963; x_wconf 83' lang='grc' dir='ltr'>Ἀλλοι</span> <span class='ocrx_word' id='word_1_346' title='bbox 1519 2910 1577 2964; x_wconf 90' lang='grc' dir='ltr'><strong>δέ</strong></span> <span class='ocrx_word' id='word_1_347' title='bbox 1621 2911 1756 2963; x_wconf 88' lang='grc' dir='ltr'>εἰσιν</span> <span class='ocrx_word' id='word_1_348' title='bbox 1789 2909 1927 2963; x_wconf 84' lang='grc' dir='ltr'>ἑπτά</span> 
     </span>
    </p>
   </div>
   <div class='ocr_carea' id='block_1_46' title="bbox 354 3000 1929 3074">
    <p class='ocr_par' dir='ltr' id='par_1_46' title="bbox 354 3000 1929 3074">
     <span class='ocr_line' id='line_1_46' title="bbox 354 3000 1929 3074; baseline 0.001 -20"><span class='ocrx_word' id='word_1_349' title='bbox 354 3000 584 3073; x_wconf 88' lang='grc' dir='ltr'>ἀστέρες</span> <span class='ocrx_word' id='word_1_350' title='bbox 616 3001 911 3072; x_wconf 86' lang='grc' dir='ltr'>κατωτέρω</span> <span class='ocrx_word' id='word_1_351' title='bbox 962 3002 1054 3055; x_wconf 82' lang='grc' dir='ltr'>τοῦ</span> <span class='ocrx_word' id='word_1_352' title='bbox 1100 3003 1329 3074; x_wconf 78' lang='grc' dir='ltr'>ούρανοῦ</span> <span class='ocrx_word' id='word_1_353' title='bbox 1375 3004 1432 3055; x_wconf 80' lang='grc' dir='ltr'><strong>έν</strong></span> <span class='ocrx_word' id='word_1_354' title='bbox 1479 3001 1559 3072; x_wconf 80' lang='grc' dir='ltr'>τῷ</span> <span class='ocrx_word' id='word_1_355' title='bbox 1600 3002 1806 3074; x_wconf 73' lang='grc' dir='ltr'>ἀέριοθ,</span> <span class='ocrx_word' id='word_1_356' title='bbox 1835 3002 1929 3055; x_wconf 76' lang='grc' dir='ltr'><strong>καὶ</strong></span> 
     </span>
    </p>
   </div>
   <div class='ocr_carea' id='block_1_47' title="bbox 359 3091 1927 3164">
    <p class='ocr_par' dir='ltr' id='par_1_47' title="bbox 359 3091 1927 3164">
     <span class='ocr_line' id='line_1_47' title="bbox 359 3091 1927 3164; baseline 0 -19"><span class='ocrx_word' id='word_1_357' title='bbox 359 3091 502 3156; x_wconf 81' lang='grc' dir='ltr'>ἰδίως</span> <span class='ocrx_word' id='word_1_358' title='bbox 531 3093 624 3146; x_wconf 74' lang='grc' dir='ltr'>καὶ</span> <span class='ocrx_word' id='word_1_359' title='bbox 666 3094 804 3162; x_wconf 80' lang='grc' dir='ltr'>μετὰ</span> <span class='ocrx_word' id='word_1_360' title='bbox 845 3093 939 3146; x_wconf 81' lang='grc' dir='ltr'>τοῦ</span> <span class='ocrx_word' id='word_1_361' title='bbox 975 3093 1202 3162; x_wconf 81' lang='grc' dir='ltr'>οὐρανοῦ</span> <span class='ocrx_word' id='word_1_362' title='bbox 1234 3092 1569 3164; x_wconf 86' lang='grc' dir='ltr'>κινούμενοι·</span> <span class='ocrx_word' id='word_1_363' title='bbox 1605 3095 1800 3158; x_wconf 80' lang='grc' dir='ltr'>οἵτινες</span> <span class='ocrx_word' id='word_1_364' title='bbox 1849 3093 1927 3164; x_wconf 81' lang='grc' dir='ltr'>τῷ</span> 
     </span>
    </p>
   </div>
   <div class='ocr_carea' id='block_1_48' title="bbox 357 3183 1994 3275">
    <p class='ocr_par' dir='ltr' id='par_1_48' title="bbox 357 3183 1994 3275">
     <span class='ocr_line' id='line_1_48' title="bbox 357 3183 1994 3275; baseline 0.005 -39"><span class='ocrx_word' id='word_1_365' title='bbox 357 3184 495 3238; x_wconf 85' lang='grc' dir='ltr'>ἰδίαν</span> <span class='ocrx_word' id='word_1_366' title='bbox 548 3186 758 3254; x_wconf 84' lang='grc' dir='ltr'>κίνησιν</span> <span class='ocrx_word' id='word_1_367' title='bbox 822 3183 986 3255; x_wconf 78' lang='grc' dir='ltr'>ἔχειν,</span> <span class='ocrx_word' id='word_1_368' title='bbox 1026 3186 1118 3239; x_wconf 82' lang='grc' dir='ltr'>καὶ</span> <span class='ocrx_word' id='word_1_369' title='bbox 1181 3187 1256 3259; x_wconf 82' lang='grc' dir='ltr'>μὴ</span> <span class='ocrx_word' id='word_1_370' title='bbox 1305 3189 1567 3261; x_wconf 86' lang='grc' dir='ltr'>ἀρηρέναι</span> <span class='ocrx_word' id='word_1_371' title='bbox 1592 3188 1667 3258; x_wconf 85' lang='grc' dir='ltr'>τῷ</span> <span class='ocrx_word' id='word_1_372' title='bbox 1691 3188 1924 3260; x_wconf 83' lang='grc' dir='ltr'>οὐρανῷ,</span> <span class='ocrx_word' id='word_1_373' title='bbox 1953 3232 1994 3275; x_wconf 58' lang='grc' dir='ltr'><strong>η</strong></span> 
     </span>
    </p>
   </div>
   <div class='ocr_carea' id='block_1_49' title="bbox 357 3265 1996 3348">
    <p class='ocr_par' dir='ltr' id='par_1_49' title="bbox 357 3265 1996 3348">
     <span class='ocr_line' id='line_1_49' title="bbox 357 3265 1996 3348; baseline 0.002 -18"><span class='ocrx_word' id='word_1_374' title='bbox 357 3275 472 3330; x_wconf 81' lang='grc' dir='ltr'>ἀλλ’</span> <span class='ocrx_word' id='word_1_375' title='bbox 505 3277 564 3331; x_wconf 80' lang='grc' dir='ltr'><strong>ἐν</strong></span> <span class='ocrx_word' id='word_1_376' title='bbox 590 3276 668 3348; x_wconf 82' lang='grc' dir='ltr'>τῷ</span> <span class='ocrx_word' id='word_1_377' title='bbox 700 3275 874 3348; x_wconf 82' lang='grc' dir='ltr'>αἰθέρι</span> <span class='ocrx_word' id='word_1_378' title='bbox 909 3277 1186 3348; x_wconf 85' lang='grc' dir='ltr'>φέρεσθαι,</span> <span class='ocrx_word' id='word_1_379' title='bbox 1215 3277 1338 3332; x_wconf 79' lang='grc' dir='ltr'>οὕτε</span> <span class='ocrx_word' id='word_1_380' title='bbox 1367 3279 1510 3334; x_wconf 87' lang='grc' dir='ltr'>κατὰ</span> <span class='ocrx_word' id='word_1_381' title='bbox 1532 3281 1600 3333; x_wconf 84' lang='grc' dir='ltr'>τὰ</span> <span class='ocrx_word' id='word_1_382' title='bbox 1632 3280 1769 3334; x_wconf 84' lang='grc' dir='ltr'>αὐτὰ</span> <span class='ocrx_word' id='word_1_383' title='bbox 1805 3279 1926 3333; x_wconf 75' lang='grc' dir='ltr'>οὔτε</span> <span class='ocrx_word' id='word_1_384' title='bbox 1954 3265 1996 3288; x_wconf 61' lang='grc' dir='ltr'>υ</span> 
     </span>
    </p>
   </div>
   <div class='ocr_carea' id='block_1_50' title="bbox 353 3357 1929 3443">
    <p class='ocr_par' dir='ltr' id='par_1_50' title="bbox 353 3357 1929 3443">
     <span class='ocr_line' id='line_1_50' title="bbox 353 3357 1929 3443; baseline 0.004 -23"><span class='ocrx_word' id='word_1_385' title='bbox 353 3367 615 3432; x_wconf 84' lang='grc' dir='ltr'>ὡσαύτως</span> <span class='ocrx_word' id='word_1_386' title='bbox 639 3370 985 3423; x_wconf 82' lang='grc' dir='ltr'>ἀνατέλλουσι</span> <span class='ocrx_word' id='word_1_387' title='bbox 1006 3389 1019 3402; x_wconf 93' lang='grc'><strong>·</strong></span> <span class='ocrx_word' id='word_1_388' title='bbox 1047 3371 1126 3424; x_wconf 82' lang='grc' dir='ltr'><strong>διὸ</strong></span> <span class='ocrx_word' id='word_1_389' title='bbox 1155 3357 1292 3442; x_wconf 79' lang='grc' dir='ltr'>πρὸς</span> <span class='ocrx_word' id='word_1_390' title='bbox 1324 3371 1608 3443; x_wconf 88' lang='grc' dir='ltr'>σύγκρισιν</span> <span class='ocrx_word' id='word_1_391' title='bbox 1631 3372 1736 3426; x_wconf 89' lang='grc' dir='ltr'><strong>τῶν</strong></span> <span class='ocrx_word' id='word_1_392' title='bbox 1756 3372 1929 3427; x_wconf 81' lang='grc' dir='ltr'>ἀπλα-</span> 
     </span>
    </p>
   </div>
   <div class='ocr_carea' id='block_1_51' title="bbox 355 3457 1928 3536">
    <p class='ocr_par' dir='ltr' id='par_1_51' title="bbox 355 3457 1928 3536">
     <span class='ocr_line' id='line_1_51' title="bbox 355 3457 1928 3536; baseline 0.005 -26"><span class='ocrx_word' id='word_1_393' title='bbox 355 3457 462 3511; x_wconf 86' lang='grc' dir='ltr'>νῶν</span> <span class='ocrx_word' id='word_1_394' title='bbox 492 3459 760 3531; x_wconf 88' lang='grc' dir='ltr'>πλάνητες</span> <span class='ocrx_word' id='word_1_395' title='bbox 797 3460 1064 3530; x_wconf 88' lang='grc' dir='ltr'>λέγονται.</span> <span class='ocrx_word' id='word_1_396' title='bbox 1097 3463 1161 3515; x_wconf 82' lang='grc' dir='ltr'>Οἰ</span> <span class='ocrx_word' id='word_1_397' title='bbox 1188 3462 1248 3516; x_wconf 80' lang='grc' dir='ltr'>δὲ</span> <span class='ocrx_word' id='word_1_398' title='bbox 1288 3464 1644 3536; x_wconf 85' lang='grc' dir='ltr'>Πυθαγόρειοι</span> <span class='ocrx_word' id='word_1_399' title='bbox 1673 3465 1733 3517; x_wconf 86' lang='grc' dir='ltr'><strong>οὐ</strong></span> <span class='ocrx_word' id='word_1_400' title='bbox 1771 3465 1928 3536; x_wconf 90' lang='grc' dir='ltr'>μόνον</span> 
     </span>
    </p>
   </div>
   <div class='ocr_carea' id='block_1_52' title="bbox 351 3549 1929 3626">
    <p class='ocr_par' dir='ltr' id='par_1_52' title="bbox 351 3549 1929 3626">
     <span class='ocr_line' id='line_1_52' title="bbox 351 3549 1929 3626; baseline 0.004 -23"><span class='ocrx_word' id='word_1_401' title='bbox 351 3549 482 3614; x_wconf 79' lang='grc' dir='ltr'>τοὺς</span> <span class='ocrx_word' id='word_1_402' title='bbox 527 3550 804 3623; x_wconf 88' lang='grc' dir='ltr'>πλάνητας</span> <span class='ocrx_word' id='word_1_403' title='bbox 846 3553 981 3607; x_wconf 89' lang='grc' dir='ltr'>ἰδίαν</span> <span class='ocrx_word' id='word_1_404' title='bbox 1010 3554 1221 3625; x_wconf 87' lang='grc' dir='ltr'>κίνησιν</span> <span class='ocrx_word' id='word_1_405' title='bbox 1264 3553 1408 3626; x_wconf 75' lang='grc' dir='ltr'>ἔχειν</span> <span class='ocrx_word' id='word_1_406' title='bbox 1457 3558 1640 3626; x_wconf 75' lang='grc' dir='ltr'>φασὶν,</span> <span class='ocrx_word' id='word_1_407' title='bbox 1663 3555 1798 3610; x_wconf 87' lang='grc' dir='ltr'>ἀλλὰ</span> <span class='ocrx_word' id='word_1_408' title='bbox 1836 3558 1929 3610; x_wconf 81' lang='grc' dir='ltr'><strong>καὶ</strong></span> 
     </span>
    </p>
   </div>
   <div class='ocr_carea' id='block_1_53' title="bbox 353 3643 1928 3718">
    <p class='ocr_par' dir='ltr' id='par_1_53' title="bbox 353 3643 1928 3718">
     <span class='ocr_line' id='line_1_53' title="bbox 353 3643 1928 3718; baseline 0.005 -24"><span class='ocrx_word' id='word_1_409' title='bbox 353 3643 481 3706; x_wconf 78' lang='grc' dir='ltr'>τοὺς</span> <span class='ocrx_word' id='word_1_410' title='bbox 519 3643 809 3708; x_wconf 86' lang='grc' dir='ltr'>ἀπλανεῖς·</span> <span class='ocrx_word' id='word_1_411' title='bbox 843 3644 986 3699; x_wconf 78' lang='grc' dir='ltr'>οὕτω</span> <span class='ocrx_word' id='word_1_412' title='bbox 1041 3647 1221 3716; x_wconf 89' lang='grc' dir='ltr'>μέντοι</span> <span class='ocrx_word' id='word_1_413' title='bbox 1253 3647 1520 3702; x_wconf 90' lang='grc' dir='ltr'>κινεῖσθαι</span> <span class='ocrx_word' id='word_1_414' title='bbox 1553 3648 1629 3712; x_wconf 88' lang='grc' dir='ltr'>ὡς</span> <span class='ocrx_word' id='word_1_415' title='bbox 1658 3648 1928 3718; x_wconf 88' lang='grc' dir='ltr'>τρύπανον</span> 
     </span>
    </p>
   </div>
   <div class='ocr_carea' id='block_1_54' title="bbox 353 3728 1928 3803">
    <p class='ocr_par' dir='ltr' id='par_1_54' title="bbox 353 3728 1928 3803">
     <span class='ocr_line' id='line_1_54' title="bbox 353 3728 1928 3803; baseline 0.008 -24"><span class='ocrx_word' id='word_1_416' title='bbox 353 3728 794 3800; x_wconf 86' lang='grc' dir='ltr'>περιδινούμενον</span> <span class='ocrx_word' id='word_1_417' title='bbox 832 3735 961 3803; x_wconf 77' lang='grc' dir='ltr'>περὶ</span> <span class='ocrx_word' id='word_1_418' title='bbox 987 3733 1080 3786; x_wconf 80' lang='grc' dir='ltr'><strong>τὸν</strong></span> <span class='ocrx_word' id='word_1_419' title='bbox 1110 3734 1273 3788; x_wconf 83' lang='grc' dir='ltr'>αὑτὸν</span> <span class='ocrx_word' id='word_1_420' title='bbox 1309 3736 1492 3791; x_wconf 90' lang='grc' dir='ltr'>τόπον.</span> <span class='ocrx_word' id='word_1_421' title='bbox 1529 3737 1828 3790; x_wconf 86' lang='grc' dir='ltr'>Ἐκλείπειν</span> <span class='ocrx_word' id='word_1_422' title='bbox 1871 3738 1928 3791; x_wconf 80' lang='grc' dir='ltr'><strong>δὲ</strong></span> 
     </span>
    </p>
   </div>
   <div class='ocr_carea' id='block_1_55' title="bbox 353 3821 1926 3903">
    <p class='ocr_par' dir='ltr' id='par_1_55' title="bbox 353 3821 1926 3903">
     <span class='ocr_line' id='line_1_55' title="bbox 353 3821 1926 3903; baseline 0.007 -29"><span class='ocrx_word' id='word_1_423' title='bbox 353 3821 580 3885; x_wconf 77' lang='grc' dir='ltr'>ἕκαστος</span> <span class='ocrx_word' id='word_1_424' title='bbox 625 3824 746 3877; x_wconf 83' lang='grc' dir='ltr'>τότε</span> <span class='ocrx_word' id='word_1_425' title='bbox 778 3824 886 3879; x_wconf 91' lang='grc' dir='ltr'><strong>τῶν</strong></span> <span class='ocrx_word' id='word_1_426' title='bbox 921 3827 1167 3898; x_wconf 80' lang='grc' dir='ltr'>ἀστέρων</span> <span class='ocrx_word' id='word_1_427' title='bbox 1190 3828 1354 3893; x_wconf 90' lang='grc' dir='ltr'>δοκεῖ,</span> <span class='ocrx_word' id='word_1_428' title='bbox 1377 3831 1488 3893; x_wconf 84' lang='grc' dir='ltr'>ὅτε,</span> <span class='ocrx_word' id='word_1_429' title='bbox 1516 3831 1926 3903; x_wconf 80' lang='grc' dir='ltr'>προσγειότερος</span> 
     </span>
    </p>
   </div>
   <div class='ocr_carea' id='block_1_56' title="bbox 353 3913 1928 3996">
    <p class='ocr_par' dir='ltr' id='par_1_56' title="bbox 353 3913 1928 3996">
     <span class='ocr_line' id='line_1_56' title="bbox 353 3913 1928 3996; baseline 0.006 -29"><span class='ocrx_word' id='word_1_430' title='bbox 353 3913 520 3968; x_wconf 81' lang='grc' dir='ltr'>αὐτοῦ</span> <span class='ocrx_word' id='word_1_431' title='bbox 554 3917 694 3971; x_wconf 88' lang='grc' dir='ltr'><strong>κατά</strong></span> <span class='ocrx_word' id='word_1_432' title='bbox 725 3918 950 3972; x_wconf 87' lang='grc' dir='ltr'>κάθετον</span> <span class='ocrx_word' id='word_1_433' title='bbox 976 3921 1284 3991; x_wconf 84' lang='grc' dir='ltr'>γενόμενος,</span> <span class='ocrx_word' id='word_1_434' title='bbox 1312 3923 1614 3978; x_wconf 81' lang='grc' dir='ltr'>ὑπεισέλθοι</span> <span class='ocrx_word' id='word_1_435' title='bbox 1642 3923 1738 3996; x_wconf 85' lang='grc' dir='ltr'>τὴν</span> <span class='ocrx_word' id='word_1_436' title='bbox 1758 3925 1928 3996; x_wconf 83' lang='grc' dir='ltr'>αὐγὴν</span> 
     </span>
    </p>
   </div>
   <div class='ocr_carea' id='block_1_57' title="bbox 350 4005 654 4077">
    <p class='ocr_par' dir='ltr' id='par_1_57' title="bbox 350 4005 654 4077">
     <span class='ocr_line' id='line_1_57' title="bbox 350 4005 654 4077; baseline 0.02 -19"><span class='ocrx_word' id='word_1_437' title='bbox 350 4005 448 4059; x_wconf 86' lang='grc' dir='ltr'>τοῦ</span> <span class='ocrx_word' id='word_1_438' title='bbox 486 4007 654 4077; x_wconf 88' lang='grc' dir='ltr'>ἡλίου.</span> 
     </span>
    </p>
   </div>
   <div class='ocr_carea' id='block_1_58' title="bbox 951 4209 1328 4278">
    <p class='ocr_par' dir='ltr' id='par_1_58' title="bbox 951 4209 1328 4278">
     <span class='ocr_line' id='line_1_58' title="bbox 951 4209 1328 4278; baseline 0.008 -17"><span class='ocrx_word' id='word_1_439' title='bbox 951 4209 1091 4277; x_wconf 77' lang='grc' dir='ltr'>Περὶ</span> <span class='ocrx_word' id='word_1_440' title='bbox 1131 4210 1328 4278; x_wconf 80' lang='grc' dir='ltr'>ἡλίου.</span> 
     </span>
    </p>
   </div>
   <div class='ocr_carea' id='block_1_59' title="bbox 422 4293 1930 4374">
    <p class='ocr_par' dir='ltr' id='par_1_59' title="bbox 422 4293 1930 4374">
     <span class='ocr_line' id='line_1_59' title="bbox 422 4293 1930 4374; baseline 0.006 -27"><span class='ocrx_word' id='word_1_441' title='bbox 422 4293 511 4348; x_wconf 81' lang='grc' dir='ltr'>ιϐ’.</span> <span class='ocrx_word' id='word_1_442' title='bbox 557 4296 750 4349; x_wconf 73' lang='grc' dir='ltr'>Πολλοὶ</span> <span class='ocrx_word' id='word_1_443' title='bbox 804 4297 912 4351; x_wconf 90' lang='grc' dir='ltr'><strong>τῶν</strong></span> <span class='ocrx_word' id='word_1_444' title='bbox 967 4301 1406 4372; x_wconf 85' lang='grc' dir='ltr'>ὲπιφανεστέρων</span> <span class='ocrx_word' id='word_1_445' title='bbox 1433 4301 1560 4373; x_wconf 80' lang='grc' dir='ltr'>περὶ</span> <span class='ocrx_word' id='word_1_446' title='bbox 1582 4303 1626 4334; x_wconf 71' lang='grc' dir='ltr'>θ’</span> <span class='ocrx_word' id='word_1_447' title='bbox 1655 4300 1805 4374; x_wconf 85' lang='grc' dir='ltr'>ἡλίου</span> <span class='ocrx_word' id='word_1_448' title='bbox 1834 4300 1930 4356; x_wconf 71' lang='grc' dir='ltr'><strong>καὶ</strong></span> 
     </span>
    </p>
   </div>
   <div class='ocr_carea' id='block_1_60' title="bbox 353 4386 1928 4466">
    <p class='ocr_par' dir='ltr' id='par_1_60' title="bbox 353 4386 1928 4466">
     <span class='ocr_line' id='line_1_60' title="bbox 353 4386 1928 4466; baseline 0.005 -27"><span class='ocrx_word' id='word_1_449' title='bbox 353 4386 584 4459; x_wconf 84' lang='grc' dir='ltr'>σελήνης</span> <span class='ocrx_word' id='word_1_450' title='bbox 641 4390 1189 4461; x_wconf 77' lang='grc' dir='ltr'>ἐπραγματεύσαντο·</span> <span class='ocrx_word' id='word_1_451' title='bbox 1246 4393 1351 4463; x_wconf 74' lang='grc' dir='ltr'>ἰδίᾳ</span> <span class='ocrx_word' id='word_1_452' title='bbox 1402 4393 1459 4446; x_wconf 84' lang='grc' dir='ltr'>δὲ</span> <span class='ocrx_word' id='word_1_453' title='bbox 1503 4395 1595 4447; x_wconf 80' lang='grc' dir='ltr'><strong>καὶ</strong></span> <span class='ocrx_word' id='word_1_454' title='bbox 1649 4395 1779 4466; x_wconf 78' lang='grc' dir='ltr'>περὶ</span> <span class='ocrx_word' id='word_1_455' title='bbox 1822 4394 1928 4447; x_wconf 88' lang='grc' dir='ltr'><strong>τῶν</strong></span> 
     </span>
    </p>
   </div>
   <div class='ocr_carea' id='block_1_61' title="bbox 353 4479 1928 4556">
    <p class='ocr_par' dir='ltr' id='par_1_61' title="bbox 353 4479 1928 4556">
     <span class='ocr_line' id='line_1_61' title="bbox 353 4479 1928 4556; baseline 0.004 -24"><span class='ocrx_word' id='word_1_456' title='bbox 353 4479 534 4533; x_wconf 82' lang='grc' dir='ltr'>πέντε.</span> <span class='ocrx_word' id='word_1_457' title='bbox 587 4481 678 4533; x_wconf 77' lang='grc' dir='ltr'><strong>Διὸ</strong></span> <span class='ocrx_word' id='word_1_458' title='bbox 727 4483 822 4536; x_wconf 74' lang='grc' dir='ltr'><strong>καὶ</strong></span> <span class='ocrx_word' id='word_1_459' title='bbox 865 4483 1097 4554; x_wconf 82' lang='grc' dir='ltr'><strong>¹Ἀρατος</strong></span> <span class='ocrx_word' id='word_1_460' title='bbox 1141 4484 1284 4548; x_wconf 83' lang='grc' dir='ltr'>ἰδίως</span> <span class='ocrx_word' id='word_1_461' title='bbox 1334 4485 1434 4556; x_wconf 82' lang='grc' dir='ltr'><strong>μὲν</strong></span> <span class='ocrx_word' id='word_1_462' title='bbox 1478 4486 1604 4556; x_wconf 77' lang='grc' dir='ltr'>περὶ</span> <span class='ocrx_word' id='word_1_463' title='bbox 1651 4486 1799 4556; x_wconf 88' lang='grc' dir='ltr'>ήλίου</span> <span class='ocrx_word' id='word_1_464' title='bbox 1835 4487 1928 4538; x_wconf 60' lang='grc' dir='ltr'><strong>καὶ⁴</strong></span> 
     </span>
    </p>
   </div>
   <div class='ocr_carea' id='block_1_62' title="bbox 2029 1991 3595 2062">
    <p class='ocr_par' dir='ltr' id='par_1_62' title="bbox 2029 1991 3595 2062">
     <span class='ocr_line' id='line_1_62' title="bbox 2029 1991 3595 2062; baseline -0.008 -16"><span class='ocrx_word' id='word_1_465' title='bbox 2029 1991 2185 2047; x_wconf 88' lang='lat' dir='ltr'><strong>alteri</strong></span> <span class='ocrx_word' id='word_1_466' title='bbox 2236 1992 2546 2062; x_wconf 87' lang='lat' dir='ltr'><strong>subjicitur.</strong></span> <span class='ocrx_word' id='word_1_467' title='bbox 2581 1991 2878 2046; x_wconf 86' lang='lat' dir='ltr'><strong>Sciendum</strong></span> <span class='ocrx_word' id='word_1_468' title='bbox 2925 1996 3110 2043; x_wconf 87' lang='lat' dir='ltr'><strong>tamen</strong></span> <span class='ocrx_word' id='word_1_469' title='bbox 3140 1992 3225 2042; x_wconf 88' lang='lat' dir='ltr'><strong>est</strong></span> <span class='ocrx_word' id='word_1_470' title='bbox 3251 1991 3595 2040; x_wconf 83' lang='lat' dir='ltr'><strong>astronomos</strong></span> 
     </span>
    </p>
   </div>
   <div class='ocr_carea' id='block_1_63' title="bbox 2027 2073 3596 2153">
    <p class='ocr_par' dir='ltr' id='par_1_63' title="bbox 2027 2073 3596 2153">
     <span class='ocr_line' id='line_1_63' title="bbox 2027 2073 3596 2153; baseline -0.008 -17"><span class='ocrx_word' id='word_1_471' title='bbox 2027 2081 2264 2153; x_wconf 88' lang='lat' dir='ltr'><strong>planetis</strong></span> <span class='ocrx_word' id='word_1_472' title='bbox 2293 2082 2534 2138; x_wconf 88' lang='lat' dir='ltr'><strong>circulos</strong></span> <span class='ocrx_word' id='word_1_473' title='bbox 2565 2081 2866 2152; x_wconf 86' lang='lat' dir='ltr'><strong>assignare,</strong></span> <span class='ocrx_word' id='word_1_474' title='bbox 2896 2079 3178 2134; x_wconf 89' lang='lat' dir='ltr'><strong>Platonem</strong></span> <span class='ocrx_word' id='word_1_475' title='bbox 3197 2091 3327 2132; x_wconf 90' lang='lat' dir='ltr'><strong>vero</strong></span> <span class='ocrx_word' id='word_1_476' title='bbox 3354 2073 3596 2144; x_wconf 83' lang='lat' dir='ltr'><strong>spharas</strong></span> 
     </span>
    </p>
   </div>
   <div class='ocr_carea' id='block_1_64' title="bbox 2026 2165 3591 2246">
    <p class='ocr_par' dir='ltr' id='par_1_64' title="bbox 2026 2165 3591 2246">
     <span class='ocr_line' id='line_1_64' title="bbox 2026 2165 3591 2246; baseline -0.008 -14"><span class='ocrx_word' id='word_1_477' title='bbox 2026 2191 2150 2232; x_wconf 87' lang='lat' dir='ltr'><strong>esse</strong></span> <span class='ocrx_word' id='word_1_478' title='bbox 2199 2182 2411 2246; x_wconf 87' lang='lat' dir='ltr'><strong>putare,</strong></span> <span class='ocrx_word' id='word_1_479' title='bbox 2463 2189 2698 2246; x_wconf 88' lang='lat' dir='ltr'><strong>quarum</strong></span> <span class='ocrx_word' id='word_1_480' title='bbox 2733 2173 2892 2228; x_wconf 91' lang='lat' dir='ltr'><strong>alteri</strong></span> <span class='ocrx_word' id='word_1_481' title='bbox 2940 2173 3112 2228; x_wconf 90' lang='lat' dir='ltr'><strong>altera</strong></span> <span class='ocrx_word' id='word_1_482' title='bbox 3170 2168 3452 2240; x_wconf 89' lang='lat' dir='ltr'><strong>supposita</strong></span> <span class='ocrx_word' id='word_1_483' title='bbox 3499 2165 3591 2220; x_wconf 90' lang='lat' dir='ltr'><strong>sit.</strong></span> 
     </span>
    </p>
   </div>
   <div class='ocr_carea' id='block_1_65' title="bbox 2025 2258 3596 2340">
    <p class='ocr_par' dir='ltr' id='par_1_65' title="bbox 2025 2258 3596 2340">
     <span class='ocr_line' id='line_1_65' title="bbox 2025 2258 3596 2340; baseline -0.009 -16"><span class='ocrx_word' id='word_1_484' title='bbox 2025 2267 2228 2326; x_wconf 82' lang='lat' dir='ltr'><strong>Aratus</strong></span> <span class='ocrx_word' id='word_1_485' title='bbox 2275 2283 2440 2340; x_wconf 88' lang='lat' dir='ltr'><strong>porro</strong></span> <span class='ocrx_word' id='word_1_486' title='bbox 2494 2283 2621 2324; x_wconf 91' lang='lat' dir='ltr'><strong>cum</strong></span> <span class='ocrx_word' id='word_1_487' title='bbox 2666 2267 2735 2323; x_wconf 92' lang='lat' dir='ltr'><strong>de</strong></span> <span class='ocrx_word' id='word_1_488' title='bbox 2789 2266 3032 2338; x_wconf 85' lang='lat' dir='ltr'><strong>quinque</strong></span> <span class='ocrx_word' id='word_1_489' title='bbox 3079 2262 3314 2335; x_wconf 83' lang='lat' dir='ltr'><strong>planetis</strong></span> <span class='ocrx_word' id='word_1_490' title='bbox 3355 2258 3596 2316; x_wconf 85' lang='lat' dir='ltr'><strong>scribere</strong></span> 
     </span>
    </p>
   </div>
   <div class='ocr_carea' id='block_1_66' title="bbox 2027 2347 3597 2431">
    <p class='ocr_par' dir='ltr' id='par_1_66' title="bbox 2027 2347 3597 2431">
     <span class='ocr_line' id='line_1_66' title="bbox 2027 2347 3597 2431; baseline -0.009 -18"><span class='ocrx_word' id='word_1_491' title='bbox 2027 2361 2317 2426; x_wconf 89' lang='lat' dir='ltr'><strong>renuisset,</strong></span> <span class='ocrx_word' id='word_1_492' title='bbox 2336 2367 2626 2431; x_wconf 88' lang='lat' dir='ltr'><strong>postquam</strong></span> <span class='ocrx_word' id='word_1_493' title='bbox 2650 2358 2719 2414; x_wconf 91' lang='lat' dir='ltr'><strong>de</strong></span> <span class='ocrx_word' id='word_1_494' title='bbox 2745 2355 3136 2429; x_wconf 85' lang='lat' dir='ltr'><strong>apparentibus</strong></span> <span class='ocrx_word' id='word_1_495' title='bbox 3164 2366 3385 2409; x_wconf 88' lang='lat' dir='ltr'><strong>carmen</strong></span> <span class='ocrx_word' id='word_1_496' title='bbox 3415 2347 3597 2403; x_wconf 89' lang='lat' dir='ltr'><strong>absol-</strong></span> 
     </span>
    </p>
   </div>
   <div class='ocr_carea' id='block_1_67' title="bbox 2026 2451 2802 2523">
    <p class='ocr_par' dir='ltr' id='par_1_67' title="bbox 2026 2451 2802 2523">
     <span class='ocr_line' id='line_1_67' title="bbox 2026 2451 2802 2523; baseline -0.003 -18"><span class='ocrx_word' id='word_1_497' title='bbox 2026 2451 2130 2518; x_wconf 86' lang='lat' dir='ltr'><strong>vit,</strong></span> <span class='ocrx_word' id='word_1_498' title='bbox 2158 2452 2227 2508; x_wconf 90' lang='lat' dir='ltr'><strong>de</strong></span> <span class='ocrx_word' id='word_1_499' title='bbox 2255 2453 2369 2508; x_wconf 91' lang='lat' dir='ltr'><strong>sole</strong></span> <span class='ocrx_word' id='word_1_500' title='bbox 2397 2453 2509 2523; x_wconf 87' lang='lat' dir='ltr'><strong>agit</strong></span> <span class='ocrx_word' id='word_1_501' title='bbox 2555 2465 2619 2506; x_wconf 91' lang='lat' dir='ltr'><strong>ac</strong></span> <span class='ocrx_word' id='word_1_502' title='bbox 2650 2451 2802 2505; x_wconf 86' lang='lat' dir='ltr'><strong>luna.</strong></span> 
     </span>
    </p>
   </div>
   <div class='ocr_carea' id='block_1_68' title="bbox 2096 2529 3598 2616">
    <p class='ocr_par' dir='ltr' id='par_1_68' title="bbox 2096 2529 3598 2616">
     <span class='ocr_line' id='line_1_68' title="bbox 2096 2529 3598 2616; baseline -0.011 -18"><span class='ocrx_word' id='word_1_503' title='bbox 2096 2545 2266 2616; x_wconf 82' lang='lat' dir='ltr'><strong>igitur</strong></span> <span class='ocrx_word' id='word_1_504' title='bbox 2292 2545 2598 2608; x_wconf 89' lang='lat' dir='ltr'><strong>stellarum,</strong></span> <span class='ocrx_word' id='word_1_505' title='bbox 2625 2557 2748 2612; x_wconf 83' lang='lat' dir='ltr'><strong>qua</strong></span> <span class='ocrx_word' id='word_1_506' title='bbox 2779 2542 3085 2596; x_wconf 89' lang='lat' dir='ltr'><strong>inerrantes</strong></span> <span class='ocrx_word' id='word_1_507' title='bbox 3108 2534 3388 2598; x_wconf 90' lang='lat' dir='ltr'><strong>dicuntur,</strong></span> <span class='ocrx_word' id='word_1_508' title='bbox 3421 2529 3598 2585; x_wconf 82' lang='lat' dir='ltr'><strong>inﬁxa</strong></span> 
     </span>
    </p>
   </div>
   <div class='ocr_carea' id='block_1_69' title="bbox 2026 2623 3594 2706">
    <p class='ocr_par' dir='ltr' id='par_1_69' title="bbox 2026 2623 3594 2706">
     <span class='ocr_line' id='line_1_69' title="bbox 2026 2623 3594 2706; baseline -0.011 -12"><span class='ocrx_word' id='word_1_509' title='bbox 2026 2645 2154 2694; x_wconf 90' lang='lat' dir='ltr'><strong>sunt</strong></span> <span class='ocrx_word' id='word_1_510' title='bbox 2199 2636 2360 2700; x_wconf 73' lang='lat' dir='ltr'><strong>calo,</strong></span> <span class='ocrx_word' id='word_1_511' title='bbox 2393 2643 2448 2691; x_wconf 90' lang='lat' dir='ltr'><strong>et</strong></span> <span class='ocrx_word' id='word_1_512' title='bbox 2498 2632 2762 2706; x_wconf 90' lang='lat' dir='ltr'><strong>peculiari</strong></span> <span class='ocrx_word' id='word_1_513' title='bbox 2816 2632 3027 2685; x_wconf 88' lang='lat' dir='ltr'><strong>ratione</strong></span> <span class='ocrx_word' id='word_1_514' title='bbox 3070 2635 3198 2685; x_wconf 90' lang='lat' dir='ltr'><strong>sunt</strong></span> <span class='ocrx_word' id='word_1_515' title='bbox 3237 2623 3543 2680; x_wconf 88' lang='lat' dir='ltr'><strong>immobiles</strong></span> <span class='ocrx_word' id='word_1_516' title='bbox 3578 2639 3594 2677; x_wconf 88' lang='lat'><strong>:</strong></span> 
     </span>
    </p>
   </div>
   <div class='ocr_carea' id='block_1_70' title="bbox 2025 2715 3594 2791">
    <p class='ocr_par' dir='ltr' id='par_1_70' title="bbox 2025 2715 3594 2791">
     <span class='ocr_line' id='line_1_70' title="bbox 2025 2715 3594 2791; baseline -0.01 -9"><span class='ocrx_word' id='word_1_517' title='bbox 2025 2729 2247 2785; x_wconf 80' lang='lat' dir='ltr'><strong>tametsi</strong></span> <span class='ocrx_word' id='word_1_518' title='bbox 2304 2728 2426 2783; x_wconf 75' lang='lat' dir='ltr'><strong>cali</strong></span> <span class='ocrx_word' id='word_1_519' title='bbox 2491 2723 2986 2781; x_wconf 88' lang='lat' dir='ltr'><strong>circumvolutione</strong></span> <span class='ocrx_word' id='word_1_520' title='bbox 3038 2720 3344 2791; x_wconf 86' lang='lat' dir='ltr'><strong>rapiantur,</strong></span> <span class='ocrx_word' id='word_1_521' title='bbox 3403 2715 3594 2770; x_wconf 85' lang='lat' dir='ltr'><strong>iisdem</strong></span> 
     </span>
    </p>
   </div>
   <div class='ocr_carea' id='block_1_71' title="bbox 2026 2807 3596 2883">
    <p class='ocr_par' dir='ltr' id='par_1_71' title="bbox 2026 2807 3596 2883">
     <span class='ocr_line' id='line_1_71' title="bbox 2026 2807 3596 2883; baseline -0.012 -7"><span class='ocrx_word' id='word_1_522' title='bbox 2026 2822 2163 2878; x_wconf 89' lang='lat' dir='ltr'><strong>locis</strong></span> <span class='ocrx_word' id='word_1_523' title='bbox 2217 2837 2282 2877; x_wconf 89' lang='lat' dir='ltr'><strong>ac</strong></span> <span class='ocrx_word' id='word_1_524' title='bbox 2321 2820 2574 2876; x_wconf 89' lang='lat' dir='ltr'><strong>similiter</strong></span> <span class='ocrx_word' id='word_1_525' title='bbox 2608 2832 2841 2874; x_wconf 89' lang='lat' dir='ltr'><strong>occasus</strong></span> <span class='ocrx_word' id='word_1_526' title='bbox 2884 2821 3148 2883; x_wconf 89' lang='lat' dir='ltr'><strong>ortusque</strong></span> <span class='ocrx_word' id='word_1_527' title='bbox 3201 2810 3501 2866; x_wconf 81' lang='lat' dir='ltr'><strong>facientes:</strong></span> <span class='ocrx_word' id='word_1_528' title='bbox 3527 2807 3596 2861; x_wconf 88' lang='lat' dir='ltr'><strong>ob</strong></span> 
     </span>
    </p>
   </div>
   <div class='ocr_carea' id='block_1_72' title="bbox 2029 2893 3599 2971">
    <p class='ocr_par' dir='ltr' id='par_1_72' title="bbox 2029 2893 3599 2971">
     <span class='ocr_line' id='line_1_72' title="bbox 2029 2893 3599 2971; baseline -0.01 -3"><span class='ocrx_word' id='word_1_529' title='bbox 2029 2913 2083 2968; x_wconf 90' lang='lat' dir='ltr'><strong>id</strong></span> <span class='ocrx_word' id='word_1_530' title='bbox 2146 2915 2452 2971; x_wconf 88' lang='lat' dir='ltr'><strong>inerrantes</strong></span> <span class='ocrx_word' id='word_1_531' title='bbox 2503 2911 2664 2966; x_wconf 84' lang='lat' dir='ltr'><strong>dicta</strong></span> <span class='ocrx_word' id='word_1_532' title='bbox 2704 2917 2852 2966; x_wconf 92' lang='lat' dir='ltr'><strong>sunt.</strong></span> <span class='ocrx_word' id='word_1_533' title='bbox 2883 2905 3082 2961; x_wconf 87' lang='lat' dir='ltr'><strong>Prater</strong></span> <span class='ocrx_word' id='word_1_534' title='bbox 3103 2905 3204 2959; x_wconf 89' lang='lat' dir='ltr'><strong>has</strong></span> <span class='ocrx_word' id='word_1_535' title='bbox 3223 2903 3342 2957; x_wconf 85' lang='lat' dir='ltr'><strong>alia</strong></span> <span class='ocrx_word' id='word_1_536' title='bbox 3366 2893 3496 2958; x_wconf 83' lang='lat' dir='ltr'><strong>sunt</strong></span> <span class='ocrx_word' id='word_1_537' title='bbox 3519 2914 3599 2954; x_wconf 89' lang='lat' dir='ltr'><strong>se-</strong></span> 
     </span>
    </p>
   </div>
   <div class='ocr_carea' id='block_1_73' title="bbox 2027 2989 3598 3077">
    <p class='ocr_par' dir='ltr' id='par_1_73' title="bbox 2027 2989 3598 3077">
     <span class='ocr_line' id='line_1_73' title="bbox 2027 2989 3598 3077; baseline -0.012 -16"><span class='ocrx_word' id='word_1_538' title='bbox 2027 3016 2172 3077; x_wconf 90' lang='lat' dir='ltr'><strong>ptem</strong></span> <span class='ocrx_word' id='word_1_539' title='bbox 2222 3017 2452 3058; x_wconf 90' lang='lat' dir='ltr'><strong>numero</strong></span> <span class='ocrx_word' id='word_1_540' title='bbox 2511 3001 2682 3056; x_wconf 88' lang='lat' dir='ltr'><strong>stella</strong></span> <span class='ocrx_word' id='word_1_541' title='bbox 2737 2999 2881 3053; x_wconf 78' lang='lat' dir='ltr'><strong>intra</strong></span> <span class='ocrx_word' id='word_1_542' title='bbox 2923 2996 3122 3052; x_wconf 72' lang='lat' dir='ltr'><strong>calum</strong></span> <span class='ocrx_word' id='word_1_543' title='bbox 3152 3008 3274 3064; x_wconf 81' lang='lat' dir='ltr'><strong>qua</strong></span> <span class='ocrx_word' id='word_1_544' title='bbox 3315 2991 3372 3046; x_wconf 89' lang='lat' dir='ltr'><strong>in</strong></span> <span class='ocrx_word' id='word_1_545' title='bbox 3400 2989 3598 3045; x_wconf 86' lang='lat' dir='ltr'><strong>athere</strong></span> 
     </span>
    </p>
   </div>
   <div class='ocr_carea' id='block_1_74' title="bbox 2027 3083 3596 3167">
    <p class='ocr_par' dir='ltr' id='par_1_74' title="bbox 2027 3083 3596 3167">
     <span class='ocr_line' id='line_1_74' title="bbox 2027 3083 3596 3167; baseline -0.012 -16"><span class='ocrx_word' id='word_1_546' title='bbox 2027 3105 2136 3150; x_wconf 89' lang='lat' dir='ltr'><strong>tam</strong></span> <span class='ocrx_word' id='word_1_547' title='bbox 2165 3096 2390 3167; x_wconf 87' lang='lat' dir='ltr'><strong>proprio</strong></span> <span class='ocrx_word' id='word_1_548' title='bbox 2419 3102 2594 3159; x_wconf 90' lang='lat' dir='ltr'><strong>motu,</strong></span> <span class='ocrx_word' id='word_1_549' title='bbox 2627 3107 2790 3164; x_wconf 91' lang='lat' dir='ltr'><strong>quam</strong></span> <span class='ocrx_word' id='word_1_550' title='bbox 2830 3091 3099 3159; x_wconf 82' lang='lat' dir='ltr'><strong>impresso</strong></span> <span class='ocrx_word' id='word_1_551' title='bbox 3125 3087 3193 3141; x_wconf 91' lang='lat' dir='ltr'><strong>iis</strong></span> <span class='ocrx_word' id='word_1_552' title='bbox 3223 3087 3292 3140; x_wconf 87' lang='lat' dir='ltr'><strong>ab</strong></span> <span class='ocrx_word' id='word_1_553' title='bbox 3322 3083 3464 3139; x_wconf 75' lang='lat' dir='ltr'><strong>calo</strong></span> <span class='ocrx_word' id='word_1_554' title='bbox 3489 3096 3596 3135; x_wconf 81' lang='lat' dir='ltr'><strong>mo-</strong></span> 
     </span>
    </p>
   </div>
   <div class='ocr_carea' id='block_1_75' title="bbox 2027 3174 3597 3255">
    <p class='ocr_par' dir='ltr' id='par_1_75' title="bbox 2027 3174 3597 3255">
     <span class='ocr_line' id='line_1_75' title="bbox 2027 3174 3597 3255; baseline -0.012 -12"><span class='ocrx_word' id='word_1_555' title='bbox 2027 3196 2243 3244; x_wconf 89' lang='lat' dir='ltr'><strong>ventur.</strong></span> <span class='ocrx_word' id='word_1_556' title='bbox 2271 3187 2402 3254; x_wconf 86' lang='lat' dir='ltr'><strong>Qua</strong></span> <span class='ocrx_word' id='word_1_557' title='bbox 2435 3201 2559 3240; x_wconf 92' lang='lat' dir='ltr'><strong>cum</strong></span> <span class='ocrx_word' id='word_1_558' title='bbox 2587 3184 2858 3255; x_wconf 90' lang='lat' dir='ltr'><strong>proprios,</strong></span> <span class='ocrx_word' id='word_1_559' title='bbox 2891 3189 2952 3237; x_wconf 91' lang='lat' dir='ltr'><strong>ut</strong></span> <span class='ocrx_word' id='word_1_560' title='bbox 2977 3181 3112 3245; x_wconf 81' lang='lat' dir='ltr'><strong>dixi,</strong></span> <span class='ocrx_word' id='word_1_561' title='bbox 3133 3184 3314 3232; x_wconf 85' lang='lat' dir='ltr'><strong>motus</strong></span> <span class='ocrx_word' id='word_1_562' title='bbox 3337 3174 3597 3235; x_wconf 84' lang='lat' dir='ltr'><strong>habeant,</strong></span> 
     </span>
    </p>
   </div>
   <div class='ocr_carea' id='block_1_76' title="bbox 2028 3266 3594 3350">
    <p class='ocr_par' dir='ltr' id='par_1_76' title="bbox 2028 3266 3594 3350">
     <span class='ocr_line' id='line_1_76' title="bbox 2028 3266 3594 3350; baseline -0.011 -16"><span class='ocrx_word' id='word_1_563' title='bbox 2028 3295 2203 3350; x_wconf 91' lang='lat' dir='ltr'><strong>neque</strong></span> <span class='ocrx_word' id='word_1_564' title='bbox 2232 3281 2288 3335; x_wconf 91' lang='lat' dir='ltr'><strong>in</strong></span> <span class='ocrx_word' id='word_1_565' title='bbox 2312 3279 2452 3336; x_wconf 73' lang='lat' dir='ltr'><strong>calo</strong></span> <span class='ocrx_word' id='word_1_566' title='bbox 2479 3277 2668 3332; x_wconf 83' lang='lat' dir='ltr'><strong>deﬁxa</strong></span> <span class='ocrx_word' id='word_1_567' title='bbox 2701 3276 2832 3340; x_wconf 90' lang='lat' dir='ltr'><strong>sint,</strong></span> <span class='ocrx_word' id='word_1_568' title='bbox 2860 3273 2955 3330; x_wconf 91' lang='lat' dir='ltr'><strong>sed</strong></span> <span class='ocrx_word' id='word_1_569' title='bbox 2986 3274 3042 3328; x_wconf 91' lang='lat' dir='ltr'><strong>in</strong></span> <span class='ocrx_word' id='word_1_570' title='bbox 3067 3270 3267 3327; x_wconf 86' lang='lat' dir='ltr'><strong>athere</strong></span> <span class='ocrx_word' id='word_1_571' title='bbox 3317 3266 3594 3329; x_wconf 80' lang='lat' dir='ltr'><strong>ferantur;</strong></span> 
     </span>
    </p>
   </div>
   <div class='ocr_carea' id='block_1_77' title="bbox 2029 3359 3598 3443">
    <p class='ocr_par' dir='ltr' id='par_1_77' title="bbox 2029 3359 3598 3443">
     <span class='ocr_line' id='line_1_77' title="bbox 2029 3359 3598 3443; baseline -0.013 -16"><span class='ocrx_word' id='word_1_572' title='bbox 2029 3387 2206 3443; x_wconf 90' lang='lat' dir='ltr'><strong>neque</strong></span> <span class='ocrx_word' id='word_1_573' title='bbox 2263 3371 2398 3426; x_wconf 92' lang='lat' dir='ltr'><strong>locis</strong></span> <span class='ocrx_word' id='word_1_574' title='bbox 2450 3369 2666 3434; x_wconf 87' lang='lat' dir='ltr'><strong>iisdem,</strong></span> <span class='ocrx_word' id='word_1_575' title='bbox 2702 3381 2805 3421; x_wconf 90' lang='lat' dir='ltr'><strong>nec</strong></span> <span class='ocrx_word' id='word_1_576' title='bbox 2838 3364 3026 3421; x_wconf 91' lang='lat' dir='ltr'><strong>eodem</strong></span> <span class='ocrx_word' id='word_1_577' title='bbox 3055 3360 3216 3417; x_wconf 87' lang='lat' dir='ltr'><strong>modo</strong></span> <span class='ocrx_word' id='word_1_578' title='bbox 3253 3359 3505 3414; x_wconf 76' lang='lat' dir='ltr'><strong>oriuntur</strong></span> <span class='ocrx_word' id='word_1_579' title='bbox 3545 3362 3598 3408; x_wconf 88' lang='lat' dir='ltr'><strong>et</strong></span> 
     </span>
    </p>
   </div>
   <div class='ocr_carea' id='block_1_78' title="bbox 2028 3450 3598 3534">
    <p class='ocr_par' dir='ltr' id='par_1_78' title="bbox 2028 3450 3598 3534">
     <span class='ocr_line' id='line_1_78' title="bbox 2028 3450 3598 3534; baseline -0.014 -13"><span class='ocrx_word' id='word_1_580' title='bbox 2028 3465 2285 3521; x_wconf 88' lang='lat' dir='ltr'><strong>occidunt</strong></span> <span class='ocrx_word' id='word_1_581' title='bbox 2314 3483 2329 3519; x_wconf 88' lang='lat'><strong>:</strong></span> <span class='ocrx_word' id='word_1_582' title='bbox 2357 3473 2643 3534; x_wconf 87' lang='lat' dir='ltr'><strong>propterea</strong></span> <span class='ocrx_word' id='word_1_583' title='bbox 2673 3475 2800 3515; x_wconf 91' lang='lat' dir='ltr'><strong>cum</strong></span> <span class='ocrx_word' id='word_1_584' title='bbox 2841 3458 2962 3513; x_wconf 87' lang='lat' dir='ltr'><strong>ﬁxis</strong></span> <span class='ocrx_word' id='word_1_585' title='bbox 2996 3459 3323 3526; x_wconf 86' lang='lat' dir='ltr'><strong>comparata</strong></span> <span class='ocrx_word' id='word_1_586' title='bbox 3366 3450 3598 3520; x_wconf 81' lang='lat' dir='ltr'><strong>planetae</strong></span> 
     </span>
    </p>
   </div>
   <div class='ocr_carea' id='block_1_79' title="bbox 2028 3539 3596 3622">
    <p class='ocr_par' dir='ltr' id='par_1_79' title="bbox 2028 3539 3596 3622">
     <span class='ocr_line' id='line_1_79' title="bbox 2028 3539 3596 3622; baseline -0.011 -12"><span class='ocrx_word' id='word_1_587' title='bbox 2028 3564 2316 3611; x_wconf 88' lang='lat' dir='ltr'><strong>vocantur.</strong></span> <span class='ocrx_word' id='word_1_588' title='bbox 2360 3555 2430 3609; x_wconf 86' lang='lat' dir='ltr'><strong>At</strong></span> <span class='ocrx_word' id='word_1_589' title='bbox 2477 3569 2608 3608; x_wconf 81' lang='lat' dir='ltr'><strong>vero</strong></span> <span class='ocrx_word' id='word_1_590' title='bbox 2639 3549 2964 3622; x_wconf 78' lang='lat' dir='ltr'><strong>Pythagorei</strong></span> <span class='ocrx_word' id='word_1_591' title='bbox 2999 3563 3107 3602; x_wconf 89' lang='lat' dir='ltr'><strong>non</strong></span> <span class='ocrx_word' id='word_1_592' title='bbox 3134 3545 3311 3600; x_wconf 92' lang='lat' dir='ltr'><strong>solum</strong></span> <span class='ocrx_word' id='word_1_593' title='bbox 3341 3539 3596 3612; x_wconf 86' lang='lat' dir='ltr'><strong>planetis,</strong></span> 
     </span>
    </p>
   </div>
   <div class='ocr_carea' id='block_1_80' title="bbox 2029 3638 3599 3717">
    <p class='ocr_par' dir='ltr' id='par_1_80' title="bbox 2029 3638 3599 3717">
     <span class='ocr_line' id='line_1_80' title="bbox 2029 3638 3599 3717; baseline -0.011 -14"><span class='ocrx_word' id='word_1_594' title='bbox 2029 3648 2124 3703; x_wconf 90' lang='lat' dir='ltr'><strong>sed</strong></span> <span class='ocrx_word' id='word_1_595' title='bbox 2145 3647 2312 3702; x_wconf 88' lang='lat' dir='ltr'><strong>etiam</strong></span> <span class='ocrx_word' id='word_1_596' title='bbox 2333 3647 2456 3701; x_wconf 82' lang='lat' dir='ltr'><strong>lixis</strong></span> <span class='ocrx_word' id='word_1_597' title='bbox 2475 3645 2805 3717; x_wconf 89' lang='lat' dir='ltr'><strong>peculiarem</strong></span> <span class='ocrx_word' id='word_1_598' title='bbox 2833 3649 3036 3696; x_wconf 89' lang='lat' dir='ltr'><strong>motum</strong></span> <span class='ocrx_word' id='word_1_599' title='bbox 3063 3638 3368 3694; x_wconf 88' lang='lat' dir='ltr'><strong>attribuunt</strong></span> <span class='ocrx_word' id='word_1_600' title='bbox 3393 3653 3406 3688; x_wconf 90' lang='lat'><strong>:</strong></span> <span class='ocrx_word' id='word_1_601' title='bbox 3437 3647 3599 3703; x_wconf 88' lang='lat' dir='ltr'><strong>quem</strong></span> 
     </span>
    </p>
   </div>
   <div class='ocr_carea' id='block_1_81' title="bbox 2029 3725 3595 3810">
    <p class='ocr_par' dir='ltr' id='par_1_81' title="bbox 2029 3725 3595 3810">
     <span class='ocr_line' id='line_1_81' title="bbox 2029 3725 3595 3810; baseline -0.01 -16"><span class='ocrx_word' id='word_1_602' title='bbox 2029 3739 2262 3810; x_wconf 88' lang='lat' dir='ltr'><strong>quidem.</strong></span> <span class='ocrx_word' id='word_1_603' title='bbox 2295 3738 2569 3809; x_wconf 90' lang='lat' dir='ltr'><strong>ejusmodi</strong></span> <span class='ocrx_word' id='word_1_604' title='bbox 2607 3751 2731 3793; x_wconf 90' lang='lat' dir='ltr'><strong>esse</strong></span> <span class='ocrx_word' id='word_1_605' title='bbox 2759 3735 2967 3801; x_wconf 90' lang='lat' dir='ltr'><strong>volunt,</strong></span> <span class='ocrx_word' id='word_1_606' title='bbox 2993 3731 3173 3801; x_wconf 85' lang='lat' dir='ltr'><strong>qualis</strong></span> <span class='ocrx_word' id='word_1_607' title='bbox 3215 3738 3298 3784; x_wconf 90' lang='lat' dir='ltr'><strong>est</strong></span> <span class='ocrx_word' id='word_1_608' title='bbox 3331 3725 3561 3782; x_wconf 85' lang='lat' dir='ltr'><strong>terebra</strong></span> <span class='ocrx_word' id='word_1_609' title='bbox 3582 3765 3595 3787; x_wconf 88' lang='lat'><strong>,</strong></span> 
     </span>
    </p>
   </div>
   <div class='ocr_carea' id='block_1_82' title="bbox 1988 3820 3601 3903">
    <p class='ocr_par' dir='ltr' id='par_1_82' title="bbox 1988 3820 3601 3903">
     <span class='ocr_line' id='line_1_82' title="bbox 1988 3820 3601 3903; baseline -0.011 -15"><span class='ocrx_word' id='word_1_610' title='bbox 1988 3869 1992 3873; x_wconf 73' lang='lat'><strong>~</strong></span> <span class='ocrx_word' id='word_1_611' title='bbox 2029 3848 2150 3903; x_wconf 85' lang='lat' dir='ltr'><strong>qua</strong></span> <span class='ocrx_word' id='word_1_612' title='bbox 2185 3832 2392 3887; x_wconf 86' lang='lat' dir='ltr'><strong>circum</strong></span> <span class='ocrx_word' id='word_1_613' title='bbox 2433 3830 2684 3886; x_wconf 90' lang='lat' dir='ltr'><strong>eumdem</strong></span> <span class='ocrx_word' id='word_1_614' title='bbox 2709 3829 2885 3882; x_wconf 87' lang='lat' dir='ltr'><strong>locum</strong></span> <span class='ocrx_word' id='word_1_615' title='bbox 2908 3825 3162 3881; x_wconf 90' lang='lat' dir='ltr'><strong>volvitur.</strong></span> <span class='ocrx_word' id='word_1_616' title='bbox 3200 3820 3439 3890; x_wconf 89' lang='lat' dir='ltr'><strong>Denique</strong></span> <span class='ocrx_word' id='word_1_617' title='bbox 3470 3826 3601 3871; x_wconf 91' lang='lat' dir='ltr'><strong>tunc</strong></span> 
     </span>
    </p>
   </div>
   <div class='ocr_carea' id='block_1_83' title="bbox 2029 3910 3598 3994">
    <p class='ocr_par' dir='ltr' id='par_1_83' title="bbox 2029 3910 3598 3994">
     <span class='ocr_line' id='line_1_83' title="bbox 2029 3910 3598 3994; baseline -0.011 -14"><span class='ocrx_word' id='word_1_618' title='bbox 2029 3938 2371 3994; x_wconf 87' lang='lat' dir='ltr'><strong>unaquaque</strong></span> <span class='ocrx_word' id='word_1_619' title='bbox 2412 3923 2695 3979; x_wconf 88' lang='lat' dir='ltr'><strong>stellarum</strong></span> <span class='ocrx_word' id='word_1_620' title='bbox 2730 3919 2963 3975; x_wconf 89' lang='lat' dir='ltr'><strong>deﬁcere</strong></span> <span class='ocrx_word' id='word_1_621' title='bbox 2992 3915 3226 3982; x_wconf 88' lang='lat' dir='ltr'><strong>videtur,</strong></span> <span class='ocrx_word' id='word_1_622' title='bbox 3257 3927 3381 3969; x_wconf 90' lang='lat' dir='ltr'><strong>curn</strong></span> <span class='ocrx_word' id='word_1_623' title='bbox 3415 3910 3598 3965; x_wconf 90' lang='lat' dir='ltr'><strong>citima</strong></span> 
     </span>
    </p>
   </div>
   <div class='ocr_carea' id='block_1_84' title="bbox 2029 4003 3601 4086">
    <p class='ocr_par' dir='ltr' id='par_1_84' title="bbox 2029 4003 3601 4086">
     <span class='ocr_line' id='line_1_84' title="bbox 2029 4003 3601 4086; baseline -0.011 -11"><span class='ocrx_word' id='word_1_624' title='bbox 2029 4021 2214 4086; x_wconf 90' lang='lat' dir='ltr'><strong>terris,</strong></span> <span class='ocrx_word' id='word_1_625' title='bbox 2237 4034 2304 4074; x_wconf 91' lang='lat' dir='ltr'><strong>ac</strong></span> <span class='ocrx_word' id='word_1_626' title='bbox 2330 4018 2434 4074; x_wconf 87' lang='lat' dir='ltr'><strong>soli</strong></span> <span class='ocrx_word' id='word_1_627' title='bbox 2463 4032 2531 4073; x_wconf 85' lang='lat' dir='ltr'><strong>ex</strong></span> <span class='ocrx_word' id='word_1_628' title='bbox 2560 4015 2770 4070; x_wconf 88' lang='lat' dir='ltr'><strong>directo</strong></span> <span class='ocrx_word' id='word_1_629' title='bbox 2805 4011 2983 4082; x_wconf 81' lang='lat' dir='ltr'><strong>posita</strong></span> <span class='ocrx_word' id='word_1_630' title='bbox 3017 4008 3120 4064; x_wconf 92' lang='lat' dir='ltr'><strong>sub</strong></span> <span class='ocrx_word' id='word_1_631' title='bbox 3168 4005 3288 4076; x_wconf 86' lang='lat' dir='ltr'><strong>ejus</strong></span> <span class='ocrx_word' id='word_1_632' title='bbox 3343 4003 3601 4074; x_wconf 88' lang='lat' dir='ltr'><strong>splendo-</strong></span> 
     </span>
    </p>
   </div>
   <div class='ocr_carea' id='block_1_85' title="bbox 2029 4112 2338 4168">
    <p class='ocr_par' dir='ltr' id='par_1_85' title="bbox 2029 4112 2338 4168">
     <span class='ocr_line' id='line_1_85' title="bbox 2029 4112 2338 4168; baseline -0.006 -1"><span class='ocrx_word' id='word_1_633' title='bbox 2029 4128 2141 4168; x_wconf 90' lang='lat' dir='ltr'><strong>rem</strong></span> <span class='ocrx_word' id='word_1_634' title='bbox 2170 4112 2338 4168; x_wconf 83' lang='lat' dir='ltr'><strong>subit.</strong></span> 
     </span>
    </p>
   </div>
   <div class='ocr_carea' id='block_1_86' title="bbox 2271 4214 2940 4272">
    <p class='ocr_par' dir='ltr' id='par_1_86' title="bbox 2271 4214 2940 4272">
     <span class='ocr_line' id='line_1_86' title="bbox 2271 4214 2940 4272; baseline -0.001 -3"><span class='ocrx_word' id='word_1_635' title='bbox 2271 4266 2273 4269; x_wconf 89' lang='lat'><strong>.</strong></span> <span class='ocrx_word' id='word_1_636' title='bbox 2694 4216 2773 4272; x_wconf 87' lang='lat' dir='ltr'><strong>De</strong></span> <span class='ocrx_word' id='word_1_637' title='bbox 2811 4214 2940 4271; x_wconf 80' lang='lat' dir='ltr'><strong>sole.</strong></span> 
     </span>
    </p>
   </div>
   <div class='ocr_carea' id='block_1_87' title="bbox 2099 4298 3601 4386">
    <p class='ocr_par' dir='ltr' id='par_1_87' title="bbox 2099 4298 3601 4386">
     <span class='ocr_line' id='line_1_87' title="bbox 2099 4298 3601 4386; baseline -0.012 -18"><span class='ocrx_word' id='word_1_638' title='bbox 2099 4315 2175 4371; x_wconf 90' lang='lat' dir='ltr'><strong>De</strong></span> <span class='ocrx_word' id='word_1_639' title='bbox 2233 4313 2597 4386; x_wconf 86' lang='lat' dir='ltr'><strong>principatum</strong></span> <span class='ocrx_word' id='word_1_640' title='bbox 2651 4308 2964 4365; x_wconf 89' lang='lat' dir='ltr'><strong>tenentibus</strong></span> <span class='ocrx_word' id='word_1_641' title='bbox 3024 4303 3296 4360; x_wconf 90' lang='lat' dir='ltr'><strong>sideribus</strong></span> <span class='ocrx_word' id='word_1_642' title='bbox 3360 4298 3475 4354; x_wconf 90' lang='lat' dir='ltr'><strong>sole</strong></span> <span class='ocrx_word' id='word_1_643' title='bbox 3536 4311 3601 4351; x_wconf 86' lang='lat' dir='ltr'><strong>ac</strong></span> 
     </span>
    </p>
   </div>
   <div class='ocr_carea' id='block_1_88' title="bbox 2031 4387 3601 4476">
    <p class='ocr_par' dir='ltr' id='par_1_88' title="bbox 2031 4387 3601 4476">
     <span class='ocr_line' id='line_1_88' title="bbox 2031 4387 3601 4476; baseline -0.011 -14"><span class='ocrx_word' id='word_1_644' title='bbox 2031 4409 2160 4463; x_wconf 90' lang='lat' dir='ltr'><strong>luna</strong></span> <span class='ocrx_word' id='word_1_645' title='bbox 2216 4406 2526 4476; x_wconf 89' lang='lat' dir='ltr'><strong>complures</strong></span> <span class='ocrx_word' id='word_1_646' title='bbox 2583 4408 2811 4474; x_wconf 86' lang='lat' dir='ltr'><strong>egerunt</strong></span> <span class='ocrx_word' id='word_1_647' title='bbox 2868 4419 2882 4455; x_wconf 90' lang='lat'><strong>:</strong></span> <span class='ocrx_word' id='word_1_648' title='bbox 2935 4413 3000 4452; x_wconf 89' lang='lat' dir='ltr'><strong>ac</strong></span> <span class='ocrx_word' id='word_1_649' title='bbox 3048 4394 3300 4467; x_wconf 90' lang='lat' dir='ltr'><strong>privatim</strong></span> <span class='ocrx_word' id='word_1_650' title='bbox 3342 4390 3503 4444; x_wconf 89' lang='lat' dir='ltr'><strong>etiam</strong></span> <span class='ocrx_word' id='word_1_651' title='bbox 3533 4387 3601 4444; x_wconf 88' lang='lat' dir='ltr'><strong>de</strong></span> 
     </span>
    </p>
   </div>
   <div class='ocr_carea' id='block_1_89' title="bbox 2029 4479 3601 4568">
    <p class='ocr_par' dir='ltr' id='par_1_89' title="bbox 2029 4479 3601 4568">
     <span class='ocr_line' id='line_1_89' title="bbox 2029 4479 3601 4568; baseline -0.011 -17"><span class='ocrx_word' id='word_1_652' title='bbox 2029 4497 2289 4568; x_wconf 90' lang='lat' dir='ltr'><strong>quinque.</strong></span> <span class='ocrx_word' id='word_1_653' title='bbox 2320 4494 2458 4551; x_wconf 88' lang='lat' dir='ltr'><strong>Hinc</strong></span> <span class='ocrx_word' id='word_1_654' title='bbox 2476 4494 2675 4548; x_wconf 85' lang='lat' dir='ltr'><strong>Aratus</strong></span> <span class='ocrx_word' id='word_1_655' title='bbox 2697 4492 2764 4546; x_wconf 88' lang='lat' dir='ltr'><strong>de</strong></span> <span class='ocrx_word' id='word_1_656' title='bbox 2794 4489 2909 4544; x_wconf 90' lang='lat' dir='ltr'><strong>sole</strong></span> <span class='ocrx_word' id='word_1_657' title='bbox 2950 4503 3015 4541; x_wconf 90' lang='lat' dir='ltr'><strong>ac</strong></span> <span class='ocrx_word' id='word_1_658' title='bbox 3047 4487 3176 4540; x_wconf 89' lang='lat' dir='ltr'><strong>luna</strong></span> <span class='ocrx_word' id='word_1_659' title='bbox 3205 4481 3387 4552; x_wconf 88' lang='lat' dir='ltr'><strong>operis</strong></span> <span class='ocrx_word' id='word_1_660' title='bbox 3409 4481 3466 4534; x_wconf 91' lang='lat' dir='ltr'><strong>in</strong></span> <span class='ocrx_word' id='word_1_661' title='bbox 3495 4479 3601 4533; x_wconf 87' lang='lat' dir='ltr'><strong>ﬁne</strong></span> 
     </span>
    </p>
   </div>
   <div class='ocr_carea' id='block_1_90' title="bbox 354 4571 1929 4660">
    <p class='ocr_par' dir='ltr' id='par_1_90' title="bbox 354 4571 1929 4651">
     <span class='ocr_line' id='line_1_90' title="bbox 354 4571 1929 4651; baseline 0.006 -27"><span class='ocrx_word' id='word_1_662' title='bbox 354 4571 586 4643; x_wconf 81' lang='grc' dir='ltr'>σελήνης</span> <span class='ocrx_word' id='word_1_663' title='bbox 633 4574 769 4644; x_wconf 81' lang='grc' dir='ltr'>πρὸς</span> <span class='ocrx_word' id='word_1_664' title='bbox 797 4575 874 4645; x_wconf 82' lang='grc' dir='ltr'><strong>τῷ</strong></span> <span class='ocrx_word' id='word_1_665' title='bbox 900 4576 1044 4628; x_wconf 88' lang='grc' dir='ltr'>τέλει</span> <span class='ocrx_word' id='word_1_666' title='bbox 1073 4577 1172 4646; x_wconf 81' lang='grc' dir='ltr'><strong>τῆς</strong></span> <span class='ocrx_word' id='word_1_667' title='bbox 1216 4580 1488 4648; x_wconf 88' lang='grc' dir='ltr'>ποιήσεως</span> <span class='ocrx_word' id='word_1_668' title='bbox 1524 4575 1698 4643; x_wconf 76' lang='grc' dir='ltr'>εἶπεν,</span> <span class='ocrx_word' id='word_1_669' title='bbox 1737 4580 1842 4651; x_wconf 80' lang='grc' dir='ltr'>ἰδίᾳ</span> <span class='ocrx_word' id='word_1_670' title='bbox 1879 4580 1929 4632; x_wconf 82' lang='grc' dir='ltr'>δὲ</span> 
     </span>
    </p>
   </div>
   <div class='ocr_carea' id='block_1_91' title="bbox 2028 4571 3603 4660">
    <p class='ocr_par' dir='ltr' id='par_1_91' title="bbox 2038 4574 3603 4660">
     <span class='ocr_line' id='line_1_91' title="bbox 2038 4574 3603 4660; baseline -0.013 -14"><span class='ocrx_word' id='word_1_671' title='bbox 2038 4590 2260 4660; x_wconf 90' lang='lat' dir='ltr'><strong>scripsit</strong></span> <span class='ocrx_word' id='word_1_672' title='bbox 2292 4607 2305 4644; x_wconf 89' lang='lat'><strong>:</strong></span> <span class='ocrx_word' id='word_1_673' title='bbox 2340 4588 2409 4643; x_wconf 87' lang='lat' dir='ltr'><strong>de</strong></span> <span class='ocrx_word' id='word_1_674' title='bbox 2453 4585 2694 4656; x_wconf 90' lang='lat' dir='ltr'><strong>quinque</strong></span> <span class='ocrx_word' id='word_1_675' title='bbox 2729 4596 2860 4636; x_wconf 90' lang='lat' dir='ltr'><strong>vero</strong></span> <span class='ocrx_word' id='word_1_676' title='bbox 2888 4581 2942 4634; x_wconf 92' lang='lat' dir='ltr'><strong>in</strong></span> <span class='ocrx_word' id='word_1_677' title='bbox 2976 4594 3042 4634; x_wconf 91' lang='lat' dir='ltr'><strong>eo</strong></span> <span class='ocrx_word' id='word_1_678' title='bbox 3070 4576 3166 4647; x_wconf 90' lang='lat' dir='ltr'><strong>qui</strong></span> <span class='ocrx_word' id='word_1_679' title='bbox 3197 4574 3494 4641; x_wconf 88' lang='lat' dir='ltr'><strong>inscriptus</strong></span> <span class='ocrx_word' id='word_1_680' title='bbox 3519 4583 3603 4625; x_wconf 88' lang='lat' dir='ltr'><strong>est</strong></span> 
     </span>
    </p>
   </div>
   <div class='ocr_carea' id='block_1_92' title="bbox 351 4664 1927 4744">
    <p class='ocr_par' dir='ltr' id='par_1_92' title="bbox 351 4664 1927 4744">
     <span class='ocr_line' id='line_1_92' title="bbox 351 4664 1927 4744; baseline 0.008 -28"><span class='ocrx_word' id='word_1_681' title='bbox 351 4665 482 4736; x_wconf 75' lang='grc' dir='ltr'>περὶ</span> <span class='ocrx_word' id='word_1_682' title='bbox 509 4664 618 4718; x_wconf 91' lang='grc' dir='ltr'><strong>τῶν</strong></span> <span class='ocrx_word' id='word_1_683' title='bbox 647 4666 809 4718; x_wconf 84' lang='grc' dir='ltr'>πέντε</span> <span class='ocrx_word' id='word_1_684' title='bbox 838 4669 896 4720; x_wconf 82' lang='grc' dir='ltr'>ὲν</span> <span class='ocrx_word' id='word_1_685' title='bbox 911 4667 990 4738; x_wconf 84' lang='grc' dir='ltr'>τῷ</span> <span class='ocrx_word' id='word_1_686' title='bbox 1017 4669 1441 4741; x_wconf 77' lang='grc' dir='ltr'>ἐπιγραφομένῳ</span> <span class='ocrx_word' id='word_1_687' title='bbox 1461 4675 1700 4727; x_wconf 75' lang='grc' dir='ltr'>Κανόνι.</span> <span class='ocrx_word' id='word_1_688' title='bbox 1727 4675 1838 4744; x_wconf 82' lang='grc' dir='ltr'><strong>Τὴν</strong></span> <span class='ocrx_word' id='word_1_689' title='bbox 1870 4675 1927 4728; x_wconf 80' lang='grc' dir='ltr'>δὲ</span> 
     </span>
    </p>
   </div>
   <div class='ocr_carea' id='block_1_93' title="bbox 349 4756 1927 4859">
    <p class='ocr_par' dir='ltr' id='par_1_93' title="bbox 349 4756 1927 4859">
     <span class='ocr_line' id='line_1_93' title="bbox 349 4756 1927 4859; baseline 0.007 -51"><span class='ocrx_word' id='word_1_690' title='bbox 349 4757 542 4817; x_wconf 80' lang='grc' dir='ltr'>οὐσίαν</span> <span class='ocrx_word' id='word_1_691' title='bbox 574 4756 668 4809; x_wconf 82' lang='grc' dir='ltr'>τοῦ</span> <span class='ocrx_word' id='word_1_692' title='bbox 711 4757 861 4828; x_wconf 85' lang='grc' dir='ltr'>ἡλίου</span> <span class='ocrx_word' id='word_1_693' title='bbox 887 4759 1112 4814; x_wconf 87' lang='grc' dir='ltr'>Πλάτων</span> <span class='ocrx_word' id='word_1_694' title='bbox 1155 4763 1465 4833; x_wconf 80' lang='grc' dir='ltr'>περιέργως</span> <span class='ocrx_word' id='word_1_695' title='bbox 1496 4765 1560 4817; x_wconf 83' lang='grc' dir='ltr'>ὲκ</span> <span class='ocrx_word' id='word_1_696' title='bbox 1590 4766 1761 4859; x_wconf 65' lang='grc' dir='ltr'>πυρὸς</span> <span class='ocrx_word' id='word_1_697' title='bbox 1790 4762 1927 4819; x_wconf 77' lang='grc' dir='ltr'>εἷναί</span> 
     </span>
    </p>
   </div>
   <div class='ocr_carea' id='block_1_94' title="bbox 353 4849 1928 4927">
    <p class='ocr_par' dir='ltr' id='par_1_94' title="bbox 353 4849 1928 4927">
     <span class='ocr_line' id='line_1_94' title="bbox 353 4849 1928 4927; baseline 0.005 -26"><span class='ocrx_word' id='word_1_698' title='bbox 353 4865 487 4919; x_wconf 74' lang='grc' dir='ltr'>φησι</span> <span class='ocrx_word' id='word_1_699' title='bbox 505 4864 520 4879; x_wconf 92' lang='grc'><strong>·</strong></span> <span class='ocrx_word' id='word_1_700' title='bbox 551 4849 696 4914; x_wconf 83' lang='grc' dir='ltr'>τινὲς</span> <span class='ocrx_word' id='word_1_701' title='bbox 719 4849 775 4903; x_wconf 84' lang='grc' dir='ltr'><strong>δὲ</strong></span> <span class='ocrx_word' id='word_1_702' title='bbox 797 4850 906 4904; x_wconf 89' lang='grc' dir='ltr'><strong>τῶν</strong></span> <span class='ocrx_word' id='word_1_703' title='bbox 933 4853 1176 4921; x_wconf 89' lang='grc' dir='ltr'>φυσικῶν</span> <span class='ocrx_word' id='word_1_704' title='bbox 1197 4853 1256 4918; x_wconf 79' lang='grc' dir='ltr'>ἐξ</span> <span class='ocrx_word' id='word_1_705' title='bbox 1274 4849 1692 4926; x_wconf 82' lang='grc' dir='ltr'>ἀναθυμιάσεωξ</span> <span class='ocrx_word' id='word_1_706' title='bbox 1713 4857 1814 4927; x_wconf 85' lang='grc' dir='ltr'>γῆς</span> <span class='ocrx_word' id='word_1_707' title='bbox 1834 4857 1928 4910; x_wconf 80' lang='grc' dir='ltr'><strong>καὶ</strong></span> 
     </span>
    </p>
   </div>
   <div class='ocr_carea' id='block_1_95' title="bbox 349 4936 1919 5019">
    <p class='ocr_par' dir='ltr' id='par_1_95' title="bbox 349 4936 1919 5019">
     <span class='ocr_line' id='line_1_95' title="bbox 349 4936 1919 5019; baseline 0.005 -25"><span class='ocrx_word' id='word_1_708' title='bbox 349 4940 530 5009; x_wconf 80' lang='grc' dir='ltr'>νεφῶν</span> <span class='ocrx_word' id='word_1_709' title='bbox 561 4941 722 4996; x_wconf 84' lang='grc' dir='ltr'>αὑτὸν</span> <span class='ocrx_word' id='word_1_710' title='bbox 751 4936 911 4997; x_wconf 74' lang='grc' dir='ltr'>εἶναι.</span> <span class='ocrx_word' id='word_1_711' title='bbox 955 4945 1322 5017; x_wconf 83' lang='grc' dir='ltr'>Ἀναξαγόρας</span> <span class='ocrx_word' id='word_1_712' title='bbox 1349 4948 1548 5019; x_wconf 88' lang='grc' dir='ltr'>μύδρον</span> <span class='ocrx_word' id='word_1_713' title='bbox 1580 4950 1739 5003; x_wconf 80' lang='grc' dir='ltr'>αὐτὸν</span> <span class='ocrx_word' id='word_1_714' title='bbox 1767 4946 1883 5004; x_wconf 80' lang='grc' dir='ltr'>εἷπε</span> <span class='ocrx_word' id='word_1_715' title='bbox 1906 4965 1919 4980; x_wconf 93' lang='grc'><strong>·</strong></span> 
     </span>
    </p>
   </div>
   <div class='ocr_carea' id='block_1_96' title="bbox 347 5035 1926 5114">
    <p class='ocr_par' dir='ltr' id='par_1_96' title="bbox 347 5035 1926 5114">
     <span class='ocr_line' id='line_1_96' title="bbox 347 5035 1926 5114; baseline 0.006 -26"><span class='ocrx_word' id='word_1_716' title='bbox 347 5035 602 5100; x_wconf 79' lang='grc' dir='ltr'>Φιλόλαος</span> <span class='ocrx_word' id='word_1_717' title='bbox 653 5037 742 5104; x_wconf 84' lang='grc' dir='ltr'><strong>δὲ,</strong></span> <span class='ocrx_word' id='word_1_718' title='bbox 780 5037 840 5090; x_wconf 86' lang='grc' dir='ltr'><strong>τὸ</strong></span> <span class='ocrx_word' id='word_1_719' title='bbox 891 5039 1139 5111; x_wconf 89' lang='grc' dir='ltr'>πυρῶδες</span> <span class='ocrx_word' id='word_1_720' title='bbox 1177 5042 1268 5094; x_wconf 72' lang='grc' dir='ltr'><strong>καὶ</strong></span> <span class='ocrx_word' id='word_1_721' title='bbox 1306 5042 1523 5110; x_wconf 83' lang='grc' dir='ltr'>διαυγὲς</span> <span class='ocrx_word' id='word_1_722' title='bbox 1582 5043 1926 5114; x_wconf 80' lang='grc' dir='ltr'>λαμόάνοντα</span> 
     </span>
    </p>
   </div>
   <div class='ocr_carea' id='block_1_97' title="bbox 347 5125 1926 5208">
    <p class='ocr_par' dir='ltr' id='par_1_97' title="bbox 347 5125 1926 5208">
     <span class='ocr_line' id='line_1_97' title="bbox 347 5125 1926 5208; baseline 0.006 -28"><span class='ocrx_word' id='word_1_723' title='bbox 347 5125 557 5180; x_wconf 86' lang='grc' dir='ltr'>ἄνωθεν</span> <span class='ocrx_word' id='word_1_724' title='bbox 591 5128 700 5181; x_wconf 86' lang='grc' dir='ltr'><strong>ἀπὸ</strong></span> <span class='ocrx_word' id='word_1_725' title='bbox 723 5128 818 5182; x_wconf 89' lang='lat'><strong>106</strong></span> <span class='ocrx_word' id='word_1_726' title='bbox 855 5131 1097 5202; x_wconf 87' lang='grc' dir='ltr'>αἰθερίου</span> <span class='ocrx_word' id='word_1_727' title='bbox 1124 5133 1315 5202; x_wconf 77' lang='grc' dir='ltr'>πυρὸς,</span> <span class='ocrx_word' id='word_1_728' title='bbox 1343 5135 1478 5205; x_wconf 78' lang='grc' dir='ltr'>πρὸς</span> <span class='ocrx_word' id='word_1_729' title='bbox 1502 5138 1651 5206; x_wconf 85' lang='grc' dir='ltr'>ἡμᾶς</span> <span class='ocrx_word' id='word_1_730' title='bbox 1690 5137 1926 5208; x_wconf 86' lang='grc' dir='ltr'>πέμπειν</span> 
     </span>
    </p>
   </div>
   <div class='ocr_carea' id='block_1_98' title="bbox 344 5219 1927 5295">
    <p class='ocr_par' dir='ltr' id='par_1_98' title="bbox 344 5219 1927 5295">
     <span class='ocr_line' id='line_1_98' title="bbox 344 5219 1927 5295; baseline 0.008 -25"><span class='ocrx_word' id='word_1_731' title='bbox 344 5219 447 5288; x_wconf 83' lang='grc' dir='ltr'><strong>τὴν</strong></span> <span class='ocrx_word' id='word_1_732' title='bbox 480 5219 653 5292; x_wconf 83' lang='grc' dir='ltr'>αὐγὴν</span> <span class='ocrx_word' id='word_1_733' title='bbox 685 5220 773 5276; x_wconf 90' lang='grc' dir='ltr'><strong>διά</strong></span> <span class='ocrx_word' id='word_1_734' title='bbox 812 5239 974 5276; x_wconf 90' lang='grc' dir='ltr'>τινων</span> <span class='ocrx_word' id='word_1_735' title='bbox 1014 5224 1408 5295; x_wconf 83' lang='grc' dir='ltr'>ἀραιωμάτων·</span> <span class='ocrx_word' id='word_1_736' title='bbox 1443 5226 1579 5280; x_wconf 82' lang='grc' dir='ltr'>ὥστε</span> <span class='ocrx_word' id='word_1_737' title='bbox 1611 5230 1732 5281; x_wconf 86' lang='grc' dir='ltr'>κατ’</span> <span class='ocrx_word' id='word_1_738' title='bbox 1766 5231 1927 5283; x_wconf 79' lang='grc' dir='ltr'>αὐτὸν</span> 
     </span>
    </p>
   </div>
   <div class='ocr_carea' id='block_1_99' title="bbox 346 5308 1922 5390">
    <p class='ocr_par' dir='ltr' id='par_1_99' title="bbox 346 5308 1922 5390">
     <span class='ocr_line' id='line_1_99' title="bbox 346 5308 1922 5390; baseline 0.006 -26"><span class='ocrx_word' id='word_1_739' title='bbox 346 5311 569 5382; x_wconf 82' lang='grc' dir='ltr'>τρισσὸν</span> <span class='ocrx_word' id='word_1_740' title='bbox 613 5308 755 5367; x_wconf 75' lang='grc' dir='ltr'>εἶναι</span> <span class='ocrx_word' id='word_1_741' title='bbox 804 5313 898 5367; x_wconf 82' lang='grc' dir='ltr'><strong>τὸν</strong></span> <span class='ocrx_word' id='word_1_742' title='bbox 935 5315 1119 5386; x_wconf 82' lang='grc' dir='ltr'>ἥλιον·</span> <span class='ocrx_word' id='word_1_743' title='bbox 1167 5316 1229 5369; x_wconf 83' lang='grc' dir='ltr'>τὸ</span> <span class='ocrx_word' id='word_1_744' title='bbox 1267 5317 1366 5386; x_wconf 83' lang='grc' dir='ltr'>μὲν</span> <span class='ocrx_word' id='word_1_745' title='bbox 1405 5318 1512 5371; x_wconf 84' lang='grc' dir='ltr'><strong>ἀπὸ</strong></span> <span class='ocrx_word' id='word_1_746' title='bbox 1541 5318 1636 5371; x_wconf 81' lang='grc' dir='ltr'>τοῦ</span> <span class='ocrx_word' id='word_1_747' title='bbox 1682 5321 1922 5390; x_wconf 87' lang='grc' dir='ltr'>αἰθερίου</span> 
     </span>
    </p>
   </div>
   <div class='ocr_carea' id='block_1_100' title="bbox 345 5403 1926 5480">
    <p class='ocr_par' dir='ltr' id='par_1_100' title="bbox 345 5403 1926 5480">
     <span class='ocr_line' id='line_1_100' title="bbox 345 5403 1926 5480; baseline 0.007 -25"><span class='ocrx_word' id='word_1_748' title='bbox 345 5403 540 5474; x_wconf 86' lang='grc' dir='ltr'>πυρός·</span> <span class='ocrx_word' id='word_1_749' title='bbox 574 5403 636 5458; x_wconf 75' lang='grc' dir='ltr'><strong>τὸ</strong></span> <span class='ocrx_word' id='word_1_750' title='bbox 666 5405 724 5459; x_wconf 83' lang='grc' dir='ltr'>δὲ</span> <span class='ocrx_word' id='word_1_751' title='bbox 749 5407 844 5461; x_wconf 85' lang='grc' dir='ltr'>ἀπ’</span> <span class='ocrx_word' id='word_1_752' title='bbox 875 5408 1085 5462; x_wconf 77' lang='grc' dir='ltr'>ἐκείνου</span> <span class='ocrx_word' id='word_1_753' title='bbox 1113 5411 1464 5480; x_wconf 85' lang='grc' dir='ltr'>πεμπόμενον</span> <span class='ocrx_word' id='word_1_754' title='bbox 1487 5411 1578 5463; x_wconf 78' lang='grc' dir='ltr'>ἐπὶ</span> <span class='ocrx_word' id='word_1_755' title='bbox 1604 5412 1694 5464; x_wconf 88' lang='grc' dir='ltr'><strong>τὸν</strong></span> <span class='ocrx_word' id='word_1_756' title='bbox 1727 5413 1926 5466; x_wconf 86' lang='grc' dir='ltr'>ὑελοει-</span> 
     </span>
    </p>
   </div>
   <div class='ocr_carea' id='block_1_101' title="bbox 344 5491 1926 5569">
    <p class='ocr_par' dir='ltr' id='par_1_101' title="bbox 344 5491 1926 5569">
     <span class='ocr_line' id='line_1_101' title="bbox 344 5491 1926 5569; baseline 0.008 -25"><span class='ocrx_word' id='word_1_757' title='bbox 344 5491 410 5562; x_wconf 86' lang='grc' dir='ltr'><strong>δῆ</strong></span> <span class='ocrx_word' id='word_1_758' title='bbox 446 5492 538 5545; x_wconf 84' lang='grc' dir='ltr'>ὑπ’</span> <span class='ocrx_word' id='word_1_759' title='bbox 570 5493 737 5548; x_wconf 77' lang='grc' dir='ltr'>αὑτοῦ</span> <span class='ocrx_word' id='word_1_760' title='bbox 770 5495 1059 5568; x_wconf 88' lang='grc' dir='ltr'>λεγόμενον</span> <span class='ocrx_word' id='word_1_761' title='bbox 1096 5499 1246 5569; x_wconf 77' lang='grc' dir='ltr'>ἥλιον</span> <span class='ocrx_word' id='word_1_762' title='bbox 1265 5516 1278 5529; x_wconf 96' lang='grc'><strong>·</strong></span> <span class='ocrx_word' id='word_1_763' title='bbox 1308 5499 1368 5552; x_wconf 84' lang='grc' dir='ltr'><strong>τὸ</strong></span> <span class='ocrx_word' id='word_1_764' title='bbox 1396 5499 1454 5552; x_wconf 83' lang='grc' dir='ltr'>δὲ</span> <span class='ocrx_word' id='word_1_765' title='bbox 1495 5499 1603 5553; x_wconf 81' lang='grc' dir='ltr'><strong>ἀπὸ</strong></span> <span class='ocrx_word' id='word_1_766' title='bbox 1630 5501 1723 5553; x_wconf 83' lang='grc' dir='ltr'>τοῦ</span> <span class='ocrx_word' id='word_1_767' title='bbox 1754 5503 1926 5556; x_wconf 89' lang='grc' dir='ltr'>τοιού-</span> 
     </span>
    </p>
   </div>
   <div class='ocr_carea' id='block_1_102' title="bbox 344 5584 1923 5662">
    <p class='ocr_par' dir='ltr' id='par_1_102' title="bbox 344 5584 1923 5662">
     <span class='ocr_line' id='line_1_102' title="bbox 344 5584 1923 5662; baseline 0.006 -27"><span class='ocrx_word' id='word_1_768' title='bbox 344 5600 440 5638; x_wconf 92' lang='grc' dir='ltr'><strong>του</strong></span> <span class='ocrx_word' id='word_1_769' title='bbox 470 5584 620 5656; x_wconf 83' lang='grc' dir='ltr'>ἡλίου</span> <span class='ocrx_word' id='word_1_770' title='bbox 651 5586 788 5657; x_wconf 86' lang='grc' dir='ltr'>πρὸς</span> <span class='ocrx_word' id='word_1_771' title='bbox 816 5589 964 5658; x_wconf 83' lang='grc' dir='ltr'>ἡμᾶς</span> <span class='ocrx_word' id='word_1_772' title='bbox 993 5591 1362 5660; x_wconf 87' lang='grc' dir='ltr'>πεμπόμενον.</span> <span class='ocrx_word' id='word_1_773' title='bbox 1383 5590 1697 5662; x_wconf 86' lang='grc' dir='ltr'>Ἐπίκουρος</span> <span class='ocrx_word' id='word_1_774' title='bbox 1721 5591 1775 5644; x_wconf 81' lang='grc' dir='ltr'>δὲ</span> <span class='ocrx_word' id='word_1_775' title='bbox 1806 5610 1923 5645; x_wconf 85' lang='grc' dir='ltr'>κισ-</span> 
     </span>
    </p>
   </div>
   <div class='ocr_carea' id='block_1_103' title="bbox 345 5680 1926 5773">
    <p class='ocr_par' dir='ltr' id='par_1_103' title="bbox 345 5680 1926 5773">
     <span class='ocr_line' id='line_1_103' title="bbox 345 5680 1926 5773; baseline 0.004 -41"><span class='ocrx_word' id='word_1_776' title='bbox 345 5680 602 5752; x_wconf 78' lang='grc' dir='ltr'>σηροειδῆ</span> <span class='ocrx_word' id='word_1_777' title='bbox 632 5681 794 5735; x_wconf 81' lang='grc' dir='ltr'>αὐτὸν</span> <span class='ocrx_word' id='word_1_778' title='bbox 821 5681 924 5754; x_wconf 77' lang='grc' dir='ltr'>ἔφη</span> <span class='ocrx_word' id='word_1_779' title='bbox 952 5683 1015 5736; x_wconf 84' lang='grc' dir='ltr'>ὲκ</span> <span class='ocrx_word' id='word_1_780' title='bbox 1038 5683 1207 5755; x_wconf 85' lang='grc' dir='ltr'>πυρὸς</span> <span class='ocrx_word' id='word_1_781' title='bbox 1241 5683 1330 5737; x_wconf 86' lang='grc' dir='ltr'><strong>διά</strong></span> <span class='ocrx_word' id='word_1_782' title='bbox 1361 5684 1652 5773; x_wconf 39' lang='grc' dir='ltr'>τρημάτων</span> <span class='ocrx_word' id='word_1_783' title='bbox 1680 5686 1838 5739; x_wconf 86' lang='grc' dir='ltr'>τινῶν</span> <span class='ocrx_word' id='word_1_784' title='bbox 1869 5688 1926 5739; x_wconf 73' lang='grc' dir='ltr'><strong>τὸ</strong></span> 
     </span>
    </p>
   </div>
   <div class='ocr_carea' id='block_1_104' title="bbox 462 5834 1846 5911">
    <p class='ocr_par' dir='ltr' id='par_1_104' title="bbox 462 5834 1846 5911">
     <span class='ocr_line' id='line_1_104' title="bbox 462 5834 1846 5911; baseline -0.001 -20"><span class='ocrx_word' id='word_1_785' title='bbox 462 5834 506 5868; x_wconf 81' lang='grc'><strong>⁸⁷</strong></span> <span class='ocrx_word' id='word_1_786' title='bbox 531 5835 573 5903; x_wconf 78' lang='grc' dir='ltr'>Ῑ.</span> <span class='ocrx_word' id='word_1_787' title='bbox 609 5836 822 5894; x_wconf 85' lang='grc' dir='ltr'>σύνοδον</span> <span class='ocrx_word' id='word_1_788' title='bbox 852 5841 1043 5894; x_wconf 85' lang='grc' dir='ltr'>ποιεῖν.</span> <span class='ocrx_word' id='word_1_789' title='bbox 1122 5840 1164 5872; x_wconf 67' lang='grc'>⁸³</span> <span class='ocrx_word' id='word_1_790' title='bbox 1197 5839 1235 5907; x_wconf 81' lang='grc' dir='ltr'>Ῑ.</span> <span class='ocrx_word' id='word_1_791' title='bbox 1275 5838 1470 5911; x_wconf 71' lang='grc' dir='ltr'>αἰθέρι.</span> <span class='ocrx_word' id='word_1_792' title='bbox 1551 5842 1591 5872; x_wconf 49' lang='grc' dir='ltr'><strong>δῖ’</strong></span> <span class='ocrx_word' id='word_1_793' title='bbox 1624 5844 1662 5907; x_wconf 66' lang='grc'>1.</span> <span class='ocrx_word' id='word_1_794' title='bbox 1706 5839 1846 5910; x_wconf 77' lang='grc' dir='ltr'>πέρι.</span> 
     </span>
    </p>
   </div>
   <div class='ocr_carea' id='block_1_105' title="bbox 2036 4660 3602 4745">
    <p class='ocr_par' dir='ltr' id='par_1_105' title="bbox 2036 4660 3602 4745">
     <span class='ocr_line' id='line_1_105' title="bbox 2036 4660 3602 4745; baseline -0.015 -9"><span class='ocrx_word' id='word_1_795' title='bbox 2036 4682 2243 4736; x_wconf 84' lang='lat' dir='ltr'><strong>Canon.</strong></span> <span class='ocrx_word' id='word_1_796' title='bbox 2277 4679 2434 4745; x_wconf 83' lang='lat' dir='ltr'><strong>Quod</strong></span> <span class='ocrx_word' id='word_1_797' title='bbox 2474 4677 2542 4732; x_wconf 88' lang='lat' dir='ltr'><strong>ad</strong></span> <span class='ocrx_word' id='word_1_798' title='bbox 2571 4675 2708 4732; x_wconf 89' lang='lat' dir='ltr'><strong>solis</strong></span> <span class='ocrx_word' id='word_1_799' title='bbox 2749 4679 3004 4732; x_wconf 86' lang='lat' dir='ltr'><strong>naturam</strong></span> <span class='ocrx_word' id='word_1_800' title='bbox 3049 4665 3302 4737; x_wconf 89' lang='lat' dir='ltr'><strong>pertinet,</strong></span> <span class='ocrx_word' id='word_1_801' title='bbox 3331 4660 3602 4716; x_wconf 90' lang='lat' dir='ltr'><strong>curiosius</strong></span> 
     </span>
    </p>
   </div>
   <div class='ocr_carea' id='block_1_106' title="bbox 2040 4750 3604 4841">
    <p class='ocr_par' dir='ltr' id='par_1_106' title="bbox 2040 4750 3604 4841">
     <span class='ocr_line' id='line_1_106' title="bbox 2040 4750 3604 4841; baseline -0.015 -13"><span class='ocrx_word' id='word_1_802' title='bbox 2040 4773 2192 4828; x_wconf 89' lang='lat' dir='ltr'><strong>Plato</strong></span> <span class='ocrx_word' id='word_1_803' title='bbox 2243 4788 2312 4827; x_wconf 83' lang='lat' dir='ltr'><strong>ex</strong></span> <span class='ocrx_word' id='word_1_804' title='bbox 2363 4771 2488 4841; x_wconf 85' lang='lat' dir='ltr'><strong>igne</strong></span> <span class='ocrx_word' id='word_1_805' title='bbox 2541 4774 2796 4823; x_wconf 85' lang='lat' dir='ltr'><strong>constare</strong></span> <span class='ocrx_word' id='word_1_806' title='bbox 2837 4762 3024 4826; x_wconf 87' lang='lat' dir='ltr'><strong>docet;</strong></span> <span class='ocrx_word' id='word_1_807' title='bbox 3062 4756 3276 4827; x_wconf 90' lang='lat' dir='ltr'><strong>quidam</strong></span> <span class='ocrx_word' id='word_1_808' title='bbox 3312 4750 3520 4823; x_wconf 88' lang='lat' dir='ltr'><strong>physici</strong></span> <span class='ocrx_word' id='word_1_809' title='bbox 3573 4766 3604 4804; x_wconf 94' lang='lat' dir='ltr'><strong>c</strong></span> 
     </span>
    </p>
   </div>
   <div class='ocr_carea' id='block_1_107' title="bbox 2034 4851 3604 4922">
    <p class='ocr_par' dir='ltr' id='par_1_107' title="bbox 2034 4851 3604 4922">
     <span class='ocr_line' id='line_1_107' title="bbox 2034 4851 3604 4922; baseline -0.015 -3"><span class='ocrx_word' id='word_1_810' title='bbox 2034 4874 2198 4922; x_wconf 85' lang='lat' dir='ltr'><strong>terra</strong></span> <span class='ocrx_word' id='word_1_811' title='bbox 2227 4881 2292 4920; x_wconf 91' lang='lat' dir='ltr'><strong>ac</strong></span> <span class='ocrx_word' id='word_1_812' title='bbox 2325 4863 2552 4918; x_wconf 88' lang='lat' dir='ltr'><strong>nubium</strong></span> <span class='ocrx_word' id='word_1_813' title='bbox 2595 4854 3053 4914; x_wconf 82' lang='lat' dir='ltr'><strong>exhalationibus.</strong></span> <span class='ocrx_word' id='word_1_814' title='bbox 3071 4851 3424 4918; x_wconf 81' lang='lat' dir='ltr'><strong>Anaxagoras</strong></span> <span class='ocrx_word' id='word_1_815' title='bbox 3457 4858 3604 4897; x_wconf 86' lang='lat' dir='ltr'><strong>mas-</strong></span> 
     </span>
    </p>
   </div>
   <div class='ocr_carea' id='block_1_108' title="bbox 2035 4933 3604 5025">
    <p class='ocr_par' dir='ltr' id='par_1_108' title="bbox 2035 4933 3604 5025">
     <span class='ocr_line' id='line_1_108' title="bbox 2035 4933 3604 5025; baseline -0.017 -13"><span class='ocrx_word' id='word_1_816' title='bbox 2035 4972 2153 5013; x_wconf 90' lang='lat' dir='ltr'><strong>sam</strong></span> <span class='ocrx_word' id='word_1_817' title='bbox 2223 4955 2483 5025; x_wconf 89' lang='lat' dir='ltr'><strong>ignitam;</strong></span> <span class='ocrx_word' id='word_1_818' title='bbox 2541 4949 2816 5004; x_wconf 89' lang='lat' dir='ltr'><strong>Philolaus</strong></span> <span class='ocrx_word' id='word_1_819' title='bbox 2880 4942 3130 5000; x_wconf 88' lang='lat' dir='ltr'><strong>eumdem</strong></span> <span class='ocrx_word' id='word_1_820' title='bbox 3178 4933 3440 5009; x_wconf 90' lang='lat' dir='ltr'><strong>quidquid</strong></span> <span class='ocrx_word' id='word_1_821' title='bbox 3507 4933 3604 4986; x_wconf 91' lang='lat' dir='ltr'><strong>ha-</strong></span> 
     </span>
    </p>
   </div>
   <div class='ocr_carea' id='block_1_109' title="bbox 2031 5028 3603 5118">
    <p class='ocr_par' dir='ltr' id='par_1_109' title="bbox 2031 5028 3603 5118">
     <span class='ocr_line' id='line_1_109' title="bbox 2031 5028 3603 5118; baseline -0.015 -13"><span class='ocrx_word' id='word_1_822' title='bbox 2031 5051 2124 5105; x_wconf 91' lang='lat' dir='ltr'><strong>bet</strong></span> <span class='ocrx_word' id='word_1_823' title='bbox 2182 5052 2398 5118; x_wconf 88' lang='lat' dir='ltr'><strong>igneum</strong></span> <span class='ocrx_word' id='word_1_824' title='bbox 2453 5061 2516 5098; x_wconf 89' lang='lat' dir='ltr'><strong>ac</strong></span> <span class='ocrx_word' id='word_1_825' title='bbox 2561 5053 2910 5111; x_wconf 89' lang='lat' dir='ltr'><strong>transparens</strong></span> <span class='ocrx_word' id='word_1_826' title='bbox 2938 5052 3005 5092; x_wconf 80' lang='lat' dir='ltr'><strong>ex</strong></span> <span class='ocrx_word' id='word_1_827' title='bbox 3044 5032 3267 5090; x_wconf 84' lang='lat' dir='ltr'><strong>atherio</strong></span> <span class='ocrx_word' id='word_1_828' title='bbox 3292 5033 3434 5102; x_wconf 83' lang='lat' dir='ltr'><strong>igne,</strong></span> <span class='ocrx_word' id='word_1_829' title='bbox 3459 5028 3603 5118; x_wconf 84' lang='lat' dir='ltr'><strong>quod</strong></span> 
     </span>
    </p>
   </div>
   <div class='ocr_carea' id='block_1_110' title="bbox 2040 5117 3600 5216">
    <p class='ocr_par' dir='ltr' id='par_1_110' title="bbox 2040 5117 3600 5216">
     <span class='ocr_line' id='line_1_110' title="bbox 2040 5117 3600 5216; baseline -0.017 -22"><span class='ocrx_word' id='word_1_830' title='bbox 2040 5117 2224 5209; x_wconf 16' lang='lat' dir='ltr'><strong>supra,</strong></span> <span class='ocrx_word' id='word_1_831' title='bbox 2252 5138 2429 5207; x_wconf 91' lang='lat' dir='ltr'><strong>ipsum</strong></span> <span class='ocrx_word' id='word_1_832' title='bbox 2461 5141 2568 5198; x_wconf 86' lang='lat' dir='ltr'><strong>est,</strong></span> <span class='ocrx_word' id='word_1_833' title='bbox 2600 5131 2906 5201; x_wconf 81' lang='lat' dir='ltr'><strong>exprimere</strong></span> <span class='ocrx_word' id='word_1_834' title='bbox 2933 5132 3109 5196; x_wconf 90' lang='lat' dir='ltr'><strong>putat,</strong></span> <span class='ocrx_word' id='word_1_835' title='bbox 3137 5138 3201 5177; x_wconf 89' lang='lat' dir='ltr'><strong>ac</strong></span> <span class='ocrx_word' id='word_1_836' title='bbox 3231 5138 3326 5192; x_wconf 89' lang='lat' dir='ltr'><strong>per</strong></span> <span class='ocrx_word' id='word_1_837' title='bbox 3355 5117 3600 5216; x_wconf 78' lang='lat' dir='ltr'><strong>quaedam</strong></span> 
     </span>
    </p>
   </div>
   <div class='ocr_carea' id='block_1_111' title="bbox 2034 5209 3600 5292">
    <p class='ocr_par' dir='ltr' id='par_1_111' title="bbox 2034 5209 3600 5292">
     <span class='ocr_line' id='line_1_111' title="bbox 2034 5209 3600 5292; baseline -0.019 -4"><span class='ocrx_word' id='word_1_838' title='bbox 2034 5235 2298 5288; x_wconf 89' lang='lat' dir='ltr'><strong>rimarum</strong></span> <span class='ocrx_word' id='word_1_839' title='bbox 2354 5225 2646 5282; x_wconf 89' lang='lat' dir='ltr'><strong>interstitia</strong></span> <span class='ocrx_word' id='word_1_840' title='bbox 2704 5221 3046 5292; x_wconf 88' lang='lat' dir='ltr'><strong>splendorem</strong></span> <span class='ocrx_word' id='word_1_841' title='bbox 3085 5217 3153 5271; x_wconf 90' lang='lat' dir='ltr'><strong>ad</strong></span> <span class='ocrx_word' id='word_1_842' title='bbox 3180 5229 3280 5270; x_wconf 91' lang='lat' dir='ltr'><strong>nos</strong></span> <span class='ocrx_word' id='word_1_843' title='bbox 3321 5209 3600 5266; x_wconf 76' lang='lat' dir='ltr'><strong>transmit-</strong></span> 
     </span>
    </p>
   </div>
   <div class='ocr_carea' id='block_1_112' title="bbox 2030 5298 3602 5389">
    <p class='ocr_par' dir='ltr' id='par_1_112' title="bbox 2030 5298 3602 5389">
     <span class='ocr_line' id='line_1_112' title="bbox 2030 5298 3602 5389; baseline -0.015 -14"><span class='ocrx_word' id='word_1_844' title='bbox 2030 5331 2180 5389; x_wconf 88' lang='lat' dir='ltr'><strong>tere;</strong></span> <span class='ocrx_word' id='word_1_845' title='bbox 2218 5321 2353 5376; x_wconf 90' lang='lat' dir='ltr'><strong>adeo</strong></span> <span class='ocrx_word' id='word_1_846' title='bbox 2384 5326 2444 5372; x_wconf 93' lang='lat' dir='ltr'><strong>ut</strong></span> <span class='ocrx_word' id='word_1_847' title='bbox 2468 5317 2663 5387; x_wconf 85' lang='lat' dir='ltr'><strong>triplex</strong></span> <span class='ocrx_word' id='word_1_848' title='bbox 2691 5313 2762 5368; x_wconf 90' lang='lat' dir='ltr'><strong>sit</strong></span> <span class='ocrx_word' id='word_1_849' title='bbox 2790 5327 2855 5366; x_wconf 85' lang='lat' dir='ltr'><strong>ex</strong></span> <span class='ocrx_word' id='word_1_850' title='bbox 2882 5310 3003 5380; x_wconf 90' lang='lat' dir='ltr'><strong>ejus</strong></span> <span class='ocrx_word' id='word_1_851' title='bbox 3033 5307 3288 5377; x_wconf 83' lang='lat' dir='ltr'><strong>Opinione</strong></span> <span class='ocrx_word' id='word_1_852' title='bbox 3329 5302 3433 5357; x_wconf 92' lang='lat' dir='ltr'><strong>sol.</strong></span> <span class='ocrx_word' id='word_1_853' title='bbox 3467 5298 3602 5352; x_wconf 80' lang='lat' dir='ltr'><strong>Nam</strong></span> 
     </span>
    </p>
   </div>
   <div class='ocr_carea' id='block_1_113' title="bbox 2032 5396 3605 5484">
    <p class='ocr_par' dir='ltr' id='par_1_113' title="bbox 2032 5396 3605 5484">
     <span class='ocr_line' id='line_1_113' title="bbox 2032 5396 3605 5484; baseline -0.011 -17"><span class='ocrx_word' id='word_1_854' title='bbox 2032 5415 2230 5484; x_wconf 89' lang='lat' dir='ltr'><strong>partim</strong></span> <span class='ocrx_word' id='word_1_855' title='bbox 2261 5429 2328 5468; x_wconf 81' lang='lat' dir='ltr'><strong>ex</strong></span> <span class='ocrx_word' id='word_1_856' title='bbox 2360 5411 2583 5467; x_wconf 84' lang='lat' dir='ltr'><strong>atherio</strong></span> <span class='ocrx_word' id='word_1_857' title='bbox 2612 5410 2735 5480; x_wconf 81' lang='lat' dir='ltr'><strong>igne</strong></span> <span class='ocrx_word' id='word_1_858' title='bbox 2761 5406 3029 5462; x_wconf 86' lang='lat' dir='ltr'><strong>conﬂatus</strong></span> <span class='ocrx_word' id='word_1_859' title='bbox 3053 5410 3142 5457; x_wconf 77' lang='lat' dir='ltr'><strong>est</strong></span> <span class='ocrx_word' id='word_1_860' title='bbox 3171 5418 3184 5454; x_wconf 92' lang='lat'>:</span> <span class='ocrx_word' id='word_1_861' title='bbox 3214 5398 3405 5469; x_wconf 87' lang='lat' dir='ltr'><strong>partim</strong></span> <span class='ocrx_word' id='word_1_862' title='bbox 3433 5396 3504 5450; x_wconf 85' lang='lat' dir='ltr'><strong>ab</strong></span> <span class='ocrx_word' id='word_1_863' title='bbox 3537 5409 3605 5450; x_wconf 88' lang='lat' dir='ltr'><strong>co</strong></span> 
     </span>
    </p>
   </div>
   <div class='ocr_carea' id='block_1_114' title="bbox 2031 5489 3602 5572">
    <p class='ocr_par' dir='ltr' id='par_1_114' title="bbox 2031 5489 3602 5572">
     <span class='ocr_line' id='line_1_114' title="bbox 2031 5489 3602 5572; baseline -0.013 -14"><span class='ocrx_word' id='word_1_864' title='bbox 2031 5505 2099 5558; x_wconf 89' lang='lat' dir='ltr'><strong>ad</strong></span> <span class='ocrx_word' id='word_1_865' title='bbox 2138 5505 2307 5559; x_wconf 89' lang='lat' dir='ltr'><strong>solem</strong></span> <span class='ocrx_word' id='word_1_866' title='bbox 2344 5503 2518 5566; x_wconf 89' lang='lat' dir='ltr'><strong>illum,</strong></span> <span class='ocrx_word' id='word_1_867' title='bbox 2544 5517 2705 5572; x_wconf 90' lang='lat' dir='ltr'><strong>quem</strong></span> <span class='ocrx_word' id='word_1_868' title='bbox 2754 5499 2882 5553; x_wconf 86' lang='lat' dir='ltr'><strong>vitri</strong></span> <span class='ocrx_word' id='word_1_869' title='bbox 2919 5497 3153 5551; x_wconf 91' lang='lat' dir='ltr'><strong>similem</strong></span> <span class='ocrx_word' id='word_1_870' title='bbox 3188 5498 3367 5556; x_wconf 86' lang='lat' dir='ltr'><strong>vocat,</strong></span> <span class='ocrx_word' id='word_1_871' title='bbox 3403 5489 3602 5541; x_wconf 86' lang='lat' dir='ltr'><strong>nonni—</strong></span> 
     </span>
    </p>
   </div>
   <div class='ocr_carea' id='block_1_115' title="bbox 2033 5585 3604 5665">
    <p class='ocr_par' dir='ltr' id='par_1_115' title="bbox 2033 5585 3604 5665">
     <span class='ocr_line' id='line_1_115' title="bbox 2033 5585 3604 5665; baseline -0.01 -15"><span class='ocrx_word' id='word_1_872' title='bbox 2033 5597 2108 5650; x_wconf 88' lang='lat' dir='ltr'><strong>hil</strong></span> <span class='ocrx_word' id='word_1_873' title='bbox 2165 5595 2428 5650; x_wconf 88' lang='lat' dir='ltr'><strong>emittitur</strong></span> <span class='ocrx_word' id='word_1_874' title='bbox 2461 5615 2474 5649; x_wconf 88' lang='lat'>:</span> <span class='ocrx_word' id='word_1_875' title='bbox 2505 5595 2704 5665; x_wconf 87' lang='lat' dir='ltr'><strong>partim</strong></span> <span class='ocrx_word' id='word_1_876' title='bbox 2763 5594 2831 5647; x_wconf 90' lang='lat' dir='ltr'><strong>ab</strong></span> <span class='ocrx_word' id='word_1_877' title='bbox 2864 5591 2968 5645; x_wconf 90' lang='lat' dir='ltr'><strong>hoc</strong></span> <span class='ocrx_word' id='word_1_878' title='bbox 3014 5590 3133 5658; x_wconf 89' lang='lat' dir='ltr'><strong>ipso</strong></span> <span class='ocrx_word' id='word_1_879' title='bbox 3179 5585 3246 5639; x_wconf 89' lang='lat' dir='ltr'><strong>ad</strong></span> <span class='ocrx_word' id='word_1_880' title='bbox 3290 5597 3391 5637; x_wconf 91' lang='lat' dir='ltr'><strong>nos</strong></span> <span class='ocrx_word' id='word_1_881' title='bbox 3431 5596 3604 5649; x_wconf 85' lang='lat' dir='ltr'><strong>usque</strong></span> 
     </span>
    </p>
   </div>
   <div class='ocr_carea' id='block_1_116' title="bbox 2035 5668 3600 5759">
    <p class='ocr_par' dir='ltr' id='par_1_116' title="bbox 2035 5668 3600 5759">
     <span class='ocr_line' id='line_1_116' title="bbox 2035 5668 3600 5759; baseline -0.008 -17"><span class='ocrx_word' id='word_1_882' title='bbox 2035 5697 2235 5743; x_wconf 86' lang='lat' dir='ltr'><strong>manat.</strong></span> <span class='ocrx_word' id='word_1_883' title='bbox 2278 5687 2544 5759; x_wconf 82' lang='lat' dir='ltr'><strong>Epicurus</strong></span> <span class='ocrx_word' id='word_1_884' title='bbox 2577 5668 2810 5757; x_wconf 65' lang='lat' dir='ltr'><strong>pumicis</strong></span> <span class='ocrx_word' id='word_1_885' title='bbox 2854 5682 3092 5755; x_wconf 84' lang='lat' dir='ltr'><strong>speciem</strong></span> <span class='ocrx_word' id='word_1_886' title='bbox 3145 5677 3347 5734; x_wconf 87' lang='lat' dir='ltr'><strong>habere</strong></span> <span class='ocrx_word' id='word_1_887' title='bbox 3393 5681 3600 5736; x_wconf 61' lang='lat' dir='ltr'><strong>censet,</strong></span> 
     </span>
    </p>
   </div>
  </div>
