4132 6466
535 413 644 471 959
1587 411 1680 466 AD
1721 411 1986 468 EUSEBII
2019 409 2414 467 CHBONICON
2440 409 2800 466 APPENDIX.
3673 413 3778 471 960

539 537 706 596 atque
756 541 825 582 ex
867 542 994 596 Igne
1043 543 1140 598 per
1183 527 1429 598 quaedam
1473 526 1740 582 foramina
1764 526 2104 597 splendorem

2211 525 2328 594 φῶς
2367 525 2740 596 ἐκπέμποντα.
2771 523 2928 588 Τινὲς
2965 525 3043 590 δὲ,
3079 517 3154 579 ὧν
3185 527 3302 578 ἔστι
3333 523 3426 580 καὶ
3465 525 3782 599 Ἀναξίμαν-

539 616 826 684 ejaculari.
859 616 1141 680 Nonnulli.
1168 626 1229 672 ut
1271 617 1698 681 Anaximander,
1723 618 1898 672 lucem
1931 619 2001 672 ab
2044 633 2109 672 eo

2208 617 2354 688 δρος,
2401 617 2531 685 φασὶ
2589 617 2827 688 πέμπειν
2881 615 3042 670 αὐτὸν
3087 615 3148 668 τδ
3185 615 3319 684 φῶς,
3360 615 3547 688 σχῆμα
3590 618 3782 688 ἔχοντα

539 709 636 778 qui
665 708 736 762 sit
767 717 900 763 rota:
933 710 1150 774 similis,
1173 709 1345 765 emitti
1373 711 1634 765 sentiunt.
1663 709 1800 764 Nam
1829 718 1890 766 ut
1915 711 1970 763 in
1991 717 2109 764 rota

2207 705 2420 776 τροχοῦ.
2455 707 2665 778 Ὥσπερ
2701 707 2810 778 γὰρ
2831 708 2889 760 ὲν
2921 705 2998 778 τῷ
3035 707 3212 778 τροχῷ
3235 706 3390 778 κοίλη
3420 709 3566 762 ἐστὶν
3587 710 3620 781 ή
3645 711 3782 781 πλή-

543 813 712 854 cavus
731 805 816 855 est
839 800 1133 866 modiolus,
1167 801 1254 854 cui
1291 799 1440 854 inﬁxi
1467 801 1608 854 radii
1637 799 1704 854 ad
1733 815 1958 854 summa:
1983 815 2110 854 cur-

541 897 748 944 vatum
787 889 1052 945 ambitum
1091 891 1302 946 extensi
1337 897 1505 958 sunt;
1543 889 1617 944 ita
1651 891 1820 946 solem
1858 891 2012 944 aiunt
2042 905 2107 944 ex

543 993 678 1033 cavo
693 979 873 1034 lumen
893 979 1256 1034 eﬂ‘undentem
1281 979 1463 1034 radios
1483 995 1762 1051 spargere,
1785 981 1894 1050 82
1911 981 2109 1050 quibus

544 1071 974 1140 circumquaque
1007 1071 1312 1124 collustrat.
1341 1069 1480 1124 Sunt
1513 1070 1606 1140 qui
1633 1085 1770 1125 cavo
1801 1085 1868 1126 ex
1896 1071 2018 1124 loco
2057 1077 2110 1125 et

545 1171 800 1232 angusto,
845 1163 986 1218 tuba:
1031 1163 1231 1226 instar,
1270 1163 1418 1218 illius
1449 1177 1674 1218 manare
1703 1163 1884 1218 lucem
1915 1161 2110 1218 existi-

545 1261 714 1318 ment,
747 1253 894 1308 velut
941 1254 1126 1324 igneas
1159 1253 1325 1308 faces.
1351 1252 1470 1310 Jam
1501 1253 1674 1326 ﬁgura
1715 1254 1850 1310 solis
1889 1254 1958 1310 ab
1985 1253 2109 1308 aliis

543 1359 667 1400 cum
699 1343 852 1400 disco
891 1355 1262 1416 comparatur.
1297 1345 1606 1402 Heraclitus
1633 1346 1848 1415 scaphae
1878 1345 2108 1400 similem

540 1443 720 1506 putat,
779 1435 950 1490 Stoici
1007 1437 1252 1506 sphaerae.
1301 1437 1572 1492 Caeterum
1601 1437 1670 1492 de
1699 1437 1814 1494 sole
1864 1437 2110 1507 plerique

543 1529 970 1582 commentarios
1001 1527 1330 1595 ediderunt:
1363 1535 1423 1582 ut
1449 1527 1790 1598 Thrasyllus,
1843 1535 1900 1584 et
1937 1528 2110 1584 Adra-

543 1621 666 1674 stus
701 1617 1114 1687 Peripateticus,
1166 1624 1222 1674 et
1269 1617 1738 1687 Aphrodisiensis.
1779 1617 1972 1674 Deﬁcit
2011 1633 2110 1672 au—

545 1716 676 1773 tem,
715 1723 781 1762 eo
818 1707 964 1778 quod
993 1709 1142 1772 luna,
1173 1715 1232 1762 ut
1259 1707 1484 1778 quidam
1513 1714 1788 1776 asserunt,
1817 1707 2024 1764 directe
2049 1722 2110 1764 se

548 1803 690 1856 inter
729 1803 906 1872 ipsum
963 1811 1018 1858 et
1063 1819 1164 1859 nos
1195 1805 1426 1860 mediam
1475 1805 1818 1876 interponit:
1853 1805 1996 1875 quod
2049 1813 2108 1860 ut

549 1893 884 1962 probabilius
917 1902 1136 1965 oportet
1163 1895 1437 1966 amplecti.
1471 1893 1566 1950 Est
1601 1895 1746 1950 enim
1777 1895 1902 1950 luna
1947 1903 2106 1950 terra!

547 1983 778 2038 vicinior
827 1985 944 2040 sole
990 1997 1151 2056 atque
1198 1984 1540 2056 depressior;
1596 1985 1744 2056 quod
1783 1987 1987 2042 Aratus
2029 1986 2108 2040 ita

543 2083 778 2133 testatur
813 2095 826 2131 :

719 2189 880 2246 Stans
909 2190 1049 2244 inter
1072 2198 1268 2244 terram
1288 2189 1550 2259 solemque
1575 2188 1790 2244 directo.

613 2279 798 2350 Neque
831 2297 962 2336 vero
991 2280 1263 2336 defectum
1307 2281 1512 2352 patitur
1535 2281 1618 2336 sol
1655 2299 1669 2336 :
1711 2281 1816 2337 etsi
1845 2281 1920 2336 ita
1951 2281 2106 2338 nobis

543 2369 776 2426 videtur.
800 2371 936 2426 Nam
983 2387 1108 2428 cum
1155 2373 1223 2427 ad
1271 2374 1718 2443 perpendiculum
1763 2374 1813 2430 ei
1862 2375 2108 2444 subjecta

545 2463 676 2518 luna
725 2462 910 2528 fuerit,
948 2464 1094 2520 illius
1121 2463 1292 2520 radiis
1331 2465 1534 2529 obstat,
1559 2479 1628 2518 ne
1657 2463 1724 2518 ad
1759 2479 1884 2531 nos,
1927 2466 2020 2536 qui
2051 2465 2106 2519 in

543 2565 690 2610 terra
729 2571 942 2620 sumus,
973 2569 1148 2624 usque
1181 2556 1504 2626 pertingant.
1532 2555 1718 2626 Itaque
1739 2556 1900 2611 nobis
1937 2557 2109 2612 multo

545 2643 906 2700 inferioribus
954 2646 1083 2700 luna
1109 2646 1342 2701 deiicere
1392 2645 1628 2703 videtur.
1661 2647 1766 2702 Sed
1809 2663 1911 2702 nec
1941 2647 2108 2704 totius

544 2736 700 2802 solis,
743 2753 933 2792 verum
963 2737 1132 2807 partis
1167 2736 1286 2806 ejus
1317 2737 1584 2792 duntaxat
1627 2737 1858 2794 deiectio
1889 2737 2105 2794 accidit.

549 2827 672 2884 Non
709 2829 856 2884 enim
891 2837 1072 2899 potest
1097 2829 1255 2900 longe
1287 2829 1464 2884 minor
1491 2831 1610 2901 ipso
1633 2831 1761 2886 luna
1785 2837 1954 2886 totum
1985 2832 2112 2886 abs-

542 2917 800 2972 condere.
833 2916 1008 2984 Quam
1047 2917 1120 2972 ob
1167 2931 1388 2973 causam
1431 2933 1540 2973 non
1572 2918 1642 2973 ab
1669 2918 1924 2974 omnibus
1946 2919 2110 2974 simul

545 3009 860 3066 hominibus
913 3009 1170 3066 deﬁciens
1211 3011 1472 3076 cernitur,
1518 3009 1616 3068 sed
1654 3010 1792 3069 alias
1839 3011 1910 3067 ab
1951 3011 2108 3078 aliis,

543 3097 690 3150 velut
737 3099 790 3152 in
845 3105 1024 3153 tractu
1073 3097 1299 3171 Syenes,
1343 3098 1686 3155 Alexandriae
1730 3105 1784 3154 et
1835 3097 2108 3170 Elephan-

2212 813 2340 866 μνη,
2377 797 2491 868 ἔχει
2523 797 2580 850 δὲ
2601 799 2698 853 ἀπ’
2730 799 2896 869 αὐτῆς
2930 797 3335 868 ἀνατεταμένας
3371 798 3474 862 τὰς
3515 799 3779 872 κνημίδας

2209 887 2350 958 πρὸς
2381 888 2482 960 τήν
2531 888 2727 955 ἔξωθεν
2757 873 2858 958 τῆς
2905 890 3092 957 ἀψίδος
3135 890 3436 960 περιφοράν
3456 907 3471 922 ο
3509 891 3650 946 οὓτω
3685 895 3780 947 καὶ

2207 979 2390 1042 αὐτὸν,
2407 979 2514 1032 ἀπὸ
2541 979 2722 1032 κοίλου
2747 980 2807 1032 τὸ
2835 979 2950 1048 φῶς
2975 980 3341 1049 ἐκπέμποντα,
3364 981 3464 1052 τὴν
3485 983 3782 1038 ἀνάστασιν

2207 1070 2314 1124 τῶν
2339 1069 2574 1124 ἀκτίνων
2599 1070 2889 1134 ποιεῖσθαι,
2917 1071 3012 1123 καὶ
3037 1069 3234 1134 ἔξωθεν
3259 1070 3428 1134 αὐτὰς
3453 1071 3636 1144 κύκλῳ
3663 1092 3778 1143 φω-

2206 1157 2394 1222 τίζειν.
2430 1161 2588 1224 Τινὲς
2613 1161 2689 1224 δὲ,
2721 1161 2797 1225 ὡς
2819 1161 2928 1214 ἀπὸ
2961 1160 3278 1229 σάλπιγγος,
3317 1163 3380 1214 ὲκ
3411 1162 3588 1216 κοίλου
3611 1163 3775 1218 τόπου

2207 1253 2302 1306 καὶ
2325 1251 2510 1306 στενοῦ
2545 1253 2846 1323 ἐκπέμπειν
2877 1251 3037 1307 αὐτὸν
3061 1252 3122 1306 τὸ
3151 1253 3285 1321 φῶς,
3317 1253 3506 1324 ὥσπερ
3533 1257 3778 1328 πρηστῆ-

2209 1359 2328 1414 ρας.
2369 1342 2560 1413 Σχῆμα
2591 1344 2650 1397 δὲ
2677 1345 2842 1398 αὐτοῦ
2865 1345 2916 1397 ol
2951 1345 3048 1416 μὲν
3079 1344 3390 1410 δισκοειδὲς,
3431 1345 3778 1416 Ἡράκλειτος

2205 1433 2262 1486 δὲ
2287 1435 2626 1502 σκαφοειδὲς,
2661 1435 2886 1488 Στωϊκοὶ
2917 1436 2972 1490 δὲ
3003 1436 3334 1508 σφαιροειδὲς
3371 1433 3506 1492 εἶναι
3539 1439 3774 1508 λέγουσι.

2207 1523 2430 1586 Πολλοῖς
2445 1523 2502 1578 δὲ
2523 1525 2652 1596 περὶ
2673 1525 2864 1578 τούτου
2885 1529 3252 1596 πραγματεῖαι
3271 1527 3572 1596 γεγόνασιν,
3591 1527 3777 1600 ὥσπερ

2207 1613 2502 1686 Θρασύλλῳ
2531 1617 2626 1670 καὶ
2654 1616 2928 1688 Ἀδράστῳ
2958 1617 3034 1688 τῷ
3069 1619 3176 1672 ἀπὸ
3203 1619 3296 1672 τοῦ
3328 1621 3658 1690 Περιπάτου,
3683 1623 3776 1675 καὶ

2222 1706 2546 1778 Ἀφροδισεῖ.
2566 1707 2836 1760 Ἐκλείπει
2861 1707 2937 1772 δὲ,
2975 1708 3050 1772 ὡς
3083 1709 3182 1780 μέν
3203 1709 3344 1774 τινές
3363 1727 3545 1780 φασιν,
3569 1711 3775 1783 ἔμπρο-

2211 1797 2334 1852 σθεν
2363 1799 2526 1853 αὑτοῦ
2553 1801 2649 1869 τῆς
2679 1799 2907 1870 σελήνης
2939 1801 3078 1854 κατά
3111 1800 3338 1856 κάθετον
3385 1801 3552 1855 αὐτοῦ
3597 1819 3777 1872 γιγνο-

2137 1867 2180 1926 B
2209 1889 2392 1962 μένης·
2429 1885 2474 1959 ᾧ
2519 1867 2614 1944 καί
2668 1867 2888 1962 μᾶλλον,
2909 1893 2984 1956 ὡς
3029 1891 3262 1964 πιθανῷ,
3297 1893 3568 1948 πειστέον.
3600 1867 3776 1966 Προσ-

2204 1981 2450 2053 γειοτέρα
2495 1983 2602 2053 γάρ
2645 1981 2810 2035 αὑτοῦ
2849 1984 2995 2036 ἐστιν
3025 1986 3058 2053 ἠ
3107 1984 3326 2054 σελήνη,
3361 1984 3454 2038 καὶ
3491 1985 3777 2058 κατωτέρα

2205 2071 2300 2124 τοῦ
2335 2071 2488 2142 ἡλίου
2509 2089 2523 2102 ·
2567 2071 2706 2124 οὕτω
2741 2073 2850 2143 γάρ
2885 2073 2978 2126 καὶ
3003 2075 3030 2126 ὁ
3065 2075 3294 2146 ’Δρατος
3317 2073 3462 2142 λέγει
3482 2091 3496 2104 ·

2313 2187 2632 2256 Ἶσταμένη
2687 2187 2860 2257 γαίης
2905 2205 2969 2241 τε
3013 2187 3110 2242 καί
3155 2187 3380 2256 ἠελίοιο
3412 2191 3536 2242 κατ’
3567 2190 3680 2244 ἰθύ.

2281 2279 2394 2332 Ούκ
2421 2279 2659 2332 ἐκλείπει
2689 2279 2746 2332 δὲ
2773 2281 2800 2332 ὁ
2827 2279 2997 2349 ἥλιοςσ
3015 2279 3127 2332 ἀλλ’
3151 2281 3280 2350 ήμῖν
3303 2279 3468 2334 δοκεῖ.
3495 2279 3649 2333 Κατά
3677 2283 3776 2336 κά-

2219 2367 2372 2422 θετον
2399 2369 2508 2440 γάρ
2539 2372 2571 2440 ή
2609 2370 2800 2440 σελήνη
2825 2370 3086 2440 γενομένη
3111 2370 3204 2423 τοῦ
3227 2369 3396 2440 ἡλίου,
3417 2369 3655 2441 ἀνείργει
3677 2371 3776 2435 τὰς

2208 2460 2342 2530 πρὸς
2373 2461 2517 2531 ἡμᾶς
2539 2462 2662 2524 τοὺς
2698 2462 2790 2513 ἐπὶ
2816 2463 2918 2532 γῆς
2946 2461 3119 2530 αύγάς
3136 2459 3320 2514 αὐτοῦ.
3340 2463 3448 2514 Καὶ
3477 2464 3605 2533 ἡμῖν
3635 2461 3776 2516 οὕτω

2208 2552 2457 2621 φαίνεται
2491 2552 2784 2622 κατωτέρω
2814 2551 2919 2620 γῆς
2957 2551 3184 2622 σελήνης
3215 2547 3382 2606 οὖσιν.
3417 2553 3526 2622 Οὐχ
3549 2552 3668 2604 ὅλου
3692 2551 3771 2620 δὲ,

2208 2642 2342 2695 ἀλλά
2369 2643 2568 2713 μέρους
2601 2642 2838 2711 ἔκλειψις
2867 2643 3091 2711 γίνεται.
3122 2643 3195 2696 Οὐ
3221 2641 3328 2713 γὰρ
3353 2641 3592 2704 δυνατὸν,
3621 2639 3776 2694 ἐλάτ-

2207 2749 2332 2786 τονα
2371 2730 2533 2787 οὖσαν
2565 2735 2664 2804 τὴν
2697 2735 2925 2806 σελήνην
2953 2735 3108 2797 πολὺ,
3143 2734 3261 2788 ὅλον
3285 2735 3656 2804 ἀποκρύπτειν
3680 2731 3774 2786 τὸν

2207 2827 2376 2896 ἥλιον.
2409 2825 2500 2878 Διὸ
2547 2825 2608 2878 ού
2645 2825 2796 2896 παρά
2829 2827 2991 2879 πᾶσιν
3020 2825 3324 2898 ἀνθρώποις
3355 2825 3470 2894 ἅμα
3503 2823 3775 2876 ἐκλείπειν

2207 2917 2440 2981 δοκεῖν¹,
2489 2915 2624 2970 ἀλλά
2657 2917 2787 2988 παρ’
2835 2917 3042 2988 ἑτέροις
3080 2917 3300 2972 ἀλλοτεο
3331 2911 3439 2970 οἷον
3483 2915 3542 2970 ὲν
3593 2915 3775 2986 Συήνῃ

2209 3007 2303 3060 καὶ
2345 3005 2735 3078 Ἀλεξανδρείᾳ,
2787 3009 2882 3061 καὶ
2928 3007 3277 3079 Ἐλεφαντίνῃ
3311 3007 3426 3078 ἅμα
3480 3006 3771 3060 ἐκλείπειν.

2209 3099 2315 3152 Τοῦ
2385 3099 2494 3171 γάρ
2557 3099 2722 3154 αὐτοῦ
2767 3100 3026 3171 κλίματος
3069 3100 3217 3154 δοκεῖ
3273 3099 3444 3153 ταῦτα
3490 3098 3560 3152 τὰ
3603 3098 3774 3169 χωρία

543 3189 686 3246 tines
731 3192 920 3246 eodem
957 3199 1200 3260 tempore
1242 3191 1502 3248 deficiens
1547 3191 1780 3247 videtur.
1812 3189 1940 3247 Haec
1961 3191 2104 3247 enim

2207 3187 2362 3244 εἶναι.
2405 3191 2955 3263 Ἐπραγματεύσαντο
2995 3192 3051 3246 δὲ
3081 3192 3264 3246 πολλοὶ
3309 3193 3436 3262 περὶ
3485 3191 3774 3260 ἐκλείψεων

540 3279 726 3332 omnia
781 3281 900 3335 loca
947 3281 1016 3334 ad
1057 3280 1197 3336 idem
1229 3281 1390 3336 clima
1431 3281 1704 3352 pertinere
1723 3281 1996 3337 videntur.
2031 3279 2108 3336 De

541 3373 836 3442 eclipsibus
866 3373 999 3429 solis
1025 3376 1326 3430 secundum
1360 3377 1582 3430 climata
1605 3383 1812 3447 septem
1837 3376 2108 3447 scripsere

541 3463 872 3533 complures,
899 3474 962 3518 ut
991 3464 1180 3532 Orion,
1209 3466 1562 3536 Apollinaris,
1587 3467 1934 3528 Ptolemazus.
1973 3466 2108 3538 Hip-

543 3555 802 3624 parchus.
839 3555 1068 3611 Climata
1095 3543 1355 3613 dicuntur
1379 3557 1500 3614 ideo
1525 3560 1672 3630 quod
1701 3567 1845 3615 terra
1887 3559 2110 3614 minime

545 3646 706 3713 plana
749 3647 842 3710 sit,
877 3647 970 3704 sed
1002 3649 1296 3704 nonnullas
1337 3648 1668 3706 devexitates
1708 3650 1904 3706 habeat
1935 3669 1949 3704 :
1983 3664 2112 3720 quo-

543 3737 694 3790 niam
723 3746 904 3805 partes
933 3738 1054 3807 ejus
1091 3741 1480 3796 eminentiores
1514 3741 1633 3796 alia:
1675 3749 1826 3808 sunt,
1857 3741 1976 3798 aliae
2017 3742 2112 3796 de-

541 3825 834 3894 jectiores,
883 3843 948 3884 ac
990 3837 1180 3899 gentes
1245 3829 1361 3884 aliae
1390 3829 1514 3886 aliis
1553 3831 1610 3884 in
1658 3831 1796 3887 locis
1843 3829 2110 3886 habitant.

555 3918 748 3972 Annus
779 3922 912 3973 solis
935 3920 1178 3984 ἐνιαυτός
1203 3929 1452 3986 vocatur,
1479 3921 1627 3992 quod
1653 3923 1712 3975 ὲν
1739 3921 1934 3992 ἐαυτῷ,
1955 3922 2012 3976 in
2033 3939 2115 3977 se-

547 4009 668 4076 ipse
704 4015 1057 4079 tempestates
1087 4027 1282 4068 omnes
1327 4021 1564 4084 quatuor
1605 4013 2004 4084 complectitur,
2053 4021 2114 4070 ut

549 4097 843 4171 Euripides
873 4102 1077 4159 indicat
1101 4121 1116 4159 :

555 4265 562 4274 ,
655 4213 919 4281 Quoniam
943 4215 998 4268 in
1027 4231 1080 4268 se
1101 4225 1291 4268 cuncta
1321 4215 1662 4285 complectens
1699 4217 1871 4274 habet.

615 4328 937 4399 Appellatur
970 4344 1148 4386 annus
1187 4330 1320 4386 solis
1350 4331 1420 4386 ab
1445 4331 1634 4386 eodem
1673 4331 1829 4402 signo
1861 4331 1928 4387 ad
1969 4331 2112 4387 idem

545 4420 824 4477 redeuntis
875 4423 1159 4478 conversio
1189 4423 1243 4476 in
1275 4422 1380 4477 565
1411 4423 1624 4488 diebus,
1655 4433 1712 4479 et
1737 4425 1930 4495 exigua
1961 4423 2115 4480 insu-

2204 3283 2355 3355 ήλίου
2407 3283 2548 3338 κατά
2589 3283 2658 3338 τά
2703 3284 2842 3338 ἑπτὰ
2895 3283 3170 3358 κλίματα·
3225 3285 3412 3354 ὥσπερ
3475 3282 3688 3354 Ὠρίων,
3745 3283 3775 3335 ὁ

2217 3372 2636 3443 Ἀπολλινάριος,
2675 3373 3027 3444 Πτολεμαῖος,
3067 3373 3389 3442 Ἵππαρχος.
3423 3372 3678 3442 Κλίματα
3717 3371 3776 3424 δὲ

2205 3465 2438 3537 εἴρηται,
2467 3466 2557 3519 διὰ
2581 3467 2643 3519 τὸ
2665 3465 2762 3537 τήν
2789 3467 2892 3537 γῆν
2933 3465 3007 3537 μὴ
3045 3461 3184 3518 εἶναι
3209 3465 3440 3537 ὁμαλὴν,
3471 3463 3606 3517 ἀλλά
3633 3462 3776 3532 ἔχειν

2206 3551 2314 3608 οἷον
2352 3553 2656 3624 ὲγκλίματά
2693 3573 2834 3622 τινα,
2876 3555 3219 3627 ὑψηλοτέρων
3257 3553 3424 3608 ὅντων
3461 3554 3556 3608 καὶ
3579 3569 3774 3606 ταπει-

2206 3646 2436 3716 νοτέρων
2481 3646 2590 3699 τῶν
2654 3647 2835 3718 μερῶν
2869 3649 3058 3718 αὐτῆς,
3085 3649 3178 3700 καὶ
3226 3645 3324 3708 τὰς
3377 3647 3619 3716 οἰκήσεις
3665 3643 3776 3698 τῶν

2207 3736 2376 3790 ὲθνῶν
2415 3736 2580 3800 ἄλλας
2625 3737 2856 3808 ἀλλαχοῦ
2909 3735 3064 3792 εἶναι.
3121 3737 3392 3801 Ἐνιαυτδς
3422 3737 3478 3790 δὲ
3505 3735 3660 3808 ήλίου
3699 3735 3778 3787 el-

2211 3843 2393 3898 ρηται,
2425 3829 2547 3880 ἐπεὶ
2576 3828 2687 3898 ἔχει
2715 3829 2812 3892 τὰς
2839 3829 3019 3894 πάσας
3041 3829 3190 3902 ὥρας
3213 3832 3270 3882 ὲν
3297 3827 3476 3900 ἐαυτῷ
3506 3827 3776 3898 τέσσαρας

2209 3919 2350 3973 κατὰ.
2385 3919 2477 3973 τὸν
2510 3921 2824 3993 Εὐριπίδην⁶

2283 4229 2397 4284 Ὅθ⁹
2427 4229 2621 4284 οὕνεκ’
2656 4231 2725 4283 ἐν
2755 4229 2916 4298 αὑτῷ
2944 4229 3139 4284 πάντα
3179 4230 3501 4286 συλλαϐὼν
3526 4231 3671 4299 ἔχει.

2285 4341 2516 4410 Λέγεται
2540 4341 2595 4394 δὲ
2621 4343 2863 4406 ἐνιαυτὸς
2891 4345 2924 4413 ή
2969 4343 3076 4397 ἀπὸ
3099 4342 3193 4396 τοῦ
3219 4341 3410 4408 ζωδίου
3441 4343 3530 4396 ἐπὶ
3563 4341 3622 4396 τὺ
3647 4341 3778 4396 αὐτὸ

2211 4434 2646 4497 ἀποκατάστασις
2684 4433 2844 4487 αύτοῦ
2894 4435 2950 4486 ὲν
2983 4434 3216 4506 ἡμέραις
3241 4433 3347 4498 τξε¹
3383 4435 3478 4488 καὶ
3513 4433 3779 4504 ἐλαχίστῳ

547 4525 645 4580 per
673 4519 863 4580 parte;
896 4510 964 4584 ad
997 4511 1139 4568 idem
1161 4525 1292 4566 vero
1322 4521 1584 4584 punctum
1613 4513 1916 4569 octodecim
1951 4514 2108 4568 annis

2215 4523 2404 4595 μορίῳ·
2439 4522 2546 4576 ἀπὸ
2563 4523 2619 4576 δὲ
2647 4523 2872 4594 σημείου
2899 4525 2989 4576 ἐπὶ
3022 4527 3242 4594 σημεῖον
3271 4523 3695 4577 ἀποκαθίσταται
3719 4524 3778 4574 ὲν

547 4603 884 4660 vertentibus
914 4603 1054 4659 redit
1093 4623 1106 4659 :
1145 4604 1190 4660 si
1221 4613 1304 4660 est
1352 4619 1668 4675 germanum
1717 4619 1856 4676 opus
1917 4604 2109 4660 Erato-

549 4695 778 4752 sthenis.
808 4695 908 4751 Hic
935 4697 1078 4752 enim
1107 4699 1348 4768 scripsit,
1362 4699 1708 4768 ostenditque
1728 4713 1837 4753 non
1867 4713 1990 4754 esse
2019 4711 2111 4752 au-

547 4794 752 4841 ctorem
803 4785 1108 4845 Eudoxum.
1140 4788 1230 4854 At,
1259 4798 1322 4844 ut
1365 4799 1590 4845 censent
1633 4789 1746 4857 alii,
1775 4788 1836 4843 ﬁt
1879 4789 1976 4842 illa
2021 4804 2110 4844 re-

545 4879 724 4935 versio
781 4881 836 4934 in
886 4882 1044 4937 annis
1085 4896 1181 4938 sex
1218 4892 1273 4937 et
1305 4883 1646 4954 septuaginta
1683 4901 1698 4936 :
1734 4897 1855 4952 quae
1893 4889 1978 4937 est
2007 4881 2110 4937 Ca-

545 4969 678 5040 lippi
711 4972 1000 5027 sententia.
1053 4971 1192 5029 Meto
1223 4987 1354 5028 vero
1395 4972 1768 5028 novemdecim
1797 4974 1958 5029 annis
1991 4973 2106 5029 ﬁeri

545 5068 718 5132 putat.
745 5060 916 5128 Quem
956 5065 1155 5118 Aratus
1183 5065 1271 5119 his
1295 5063 1548 5120 versibus
1579 5074 1801 5120 secutus
1821 5073 1908 5121 est
1939 5083 1955 5120 ι

759 5205 896 5216 ——-
915 5175 1243 5230 celebrantur
1270 5176 1388 5244 jam

549 5241 922 5314 ﬂavemdecim
947 5247 1130 5300 circuli
1162 5241 1424 5314 splendidi
1451 5247 1600 5300 solis.

547 5313 682 5384 Tum
721 5331 847 5384 quos
875 5333 906 5368 a
945 5315 1115 5371 baltea
1142 5313 1211 5368 ad
1243 5327 1534 5370 extremum
1563 5315 1810 5371 Orionem

549 5383 676 5438 Nam
701 5383 1148 5452 circumvolvitur,
1185 5395 1234 5441 et
1267 5385 1334 5440 ad
1360 5385 1553 5441 Canem
1589 5386 1842 5441 audacem
1873 5385 2106 5442 Orionis.

1003 5497 1080 5552 De
1116 5499 1243 5554 solis
1275 5499 1661 5570 magnitudine.

617 5586 707 5641 20.
745 5585 859 5652 Sol,
903 5597 962 5642 ut
993 5591 1162 5656 aiunt,
1197 5599 1397 5646 terram
1445 5591 1818 5662 magnitudine
1866 5603 2108 5662 superat.

556 5679 786 5744 Quidam
815 5697 944 5736 vero
965 5682 1208 5752 pedalem
1228 5723 1242 5749 ,
1273 5677 1369 5738 alii
1397 5685 1638 5754 octuplo,
1657 5685 1748 5739 alii
1792 5686 2110 5742 undevicics

665 5835 683 5867 ⁸
716 5833 754 5890 ί.
779 5834 945 5888 δοκεῖ.
1039 5840 1057 5870 ¹
1095 5837 1350 5895 Mondosa
1385 5839 1485 5896 ista
1527 5849 1676 5896 sunt.

2208 4613 2804 4684 ὀκτωκαιδεκαετηρίδι,
2821 4613 2954 4684 εἴγε
2969 4615 3188 4686 γνήσιόν
3215 4615 3330 4666 ὲστι
3353 4613 3412 4666 τδ
3441 4613 3780 4684 σύγγραμμα

2221 4703 2686 4777 Ἐρατοσθένους².
2733 4699 2902 4768 Οἷιτος
2951 4705 3060 4778 γὰρ
3105 4704 3410 4778 ἀνέγραψεν
3436 4703 3670 4768 δεικνὺς,
3703 4704 3780 4766 ὡς

2205 4798 2306 4850 οὐκ
2363 4796 2448 4866 εἴη
2493 4795 2742 4862 Εὐδόξου.
2779 4795 2938 4850 Κατά
2985 4797 3043 4850 δέ
3088 4813 3241 4859 τινας
3281 4797 3334 4850 ὲν
3379 4795 3780 4867 έϐδομήκοντα³

2205 4885 2413 4938 ἔτεσιν·
2460 4881 2528 4956 ἦς
2559 4885 2716 4958 δόξης
2739 4889 2854 4941 ἐστὶ
2887 4889 2978 4942 καὶ
3003 4887 3314 4952 Κάλιππος.
3363 4889 3520 4942 Κατά
3566 4889 3622 4941 δὲ
3663 4889 3778 4942 Μέ-

2209 4993 2353 5030 τωνα
2393 4976 2459 5028 δι’
2493 4977 3136 5052 ὲννεακαιδεκαετηρίδος.
3167 4980 3354 5054 Ταύτῃ
3381 4979 3782 5056 κατηκολούθη-

2214 5087 2304 5122 σεν
2336 5069 2570 5140 ’Ἄρατος
2593 5087 2606 5098 ·
2639 5071 2775 5141 φησὶ
2806 5071 2913 5144 γάρ
2933 5088 2948 5102 ο

2212 5211 2282 5222 .-.

2595 5183 2968 5237 συναείδεται
2997 5183 3112 5252 ἤδη

2228 5252 2680 5306 Ἔννεακαίδεκα
2709 5255 2902 5308 κύκλα
2925 5253 3172 5322 φαεινοῦ
3195 5253 3420 5322 ἠελίοιο
3438 5269 3453 5288 ο

2217 5321 2416 5394 "Cava
2451 5325 2500 5394 τ’
2531 5323 2646 5394 ἀπὸ
2679 5323 2866 5390 ζώνης
2896 5321 2982 5390 εἷς
3007 5323 3272 5394 ἔσχατον
3301 5323 3543 5394 Ὠρίωνα

2216 5391 2344 5456 Νὺξ
2366 5393 2732 5457 ἐπιδινεῖται,
2775 5395 2938 5448 Κύνα
2971 5411 3032 5447 τε
3061 5393 3297 5460 θρασὺν
3333 5391 3625 5460 Ὠρίωνος.

2263 5571 2270 5585 Ι
2659 5505 2797 5576 Περὶ
2834 5505 3122 5576 μεγέθους
3151 5507 3350 5574 ἡλίου.

2261 5591 2264 5593 λ
2287 5603 2359 5650 κ’.
2379 5597 2624 5667 Μέγεθος
2655 5599 2804 5670 ἡλίου
2831 5599 3013 5670 μεῖζον
3037 5599 3140 5668 γῆς
3161 5615 3311 5667 φασι.
3339 5597 3450 5652 Καὶ
3477 5599 3527 5652 οί
3563 5597 3662 5669 μὲν
3682 5615 3759 5653 πο

2215 5688 2401 5744 διαῖον·
2436 5693 2483 5744 οἱ
2537 5691 2594 5744 δὲ
2647 5691 3038 5770 ὀισαπλάσιον·
3077 5693 3126 5746 oi
3167 5691 3226 5744 δὲ
3261 5689 3787 5750 ἐννεακαιδεκαπλὰο

1773 5841 1792 5873 ³
1818 5841 1858 5911 f.
1893 5838 1952 5905 ἓξ
1987 5840 2075 5894 καὶ
2101 5839 2211 5897 ἑϐδ.
