4132 6418
299 377 396 437 961

1035 371 1353 432 ACHILLIS
1389 370 1575 428 TATll
1608 370 1908 429 ISAGOGE
1945 369 2037 424 AD
2072 367 2280 424 ARATI
2313 368 2787 427 ΡΙΙᾹΞΝΟΜΕΝΑ.

3448 368 3555 426 962

303 507 437 544 σιον.
465 487 726 563 Φέρεσθαι
754 487 811 542 δὲ
842 488 1004 543 αὑτὸν
1051 487 1150 560 τὴν
1189 488 1438 542 ἐναντίαν
1477 491 1590 552 τοῖς
1615 489 1873 542 ἀπλανὲσι

1982 485 2240 556 majorem
2296 485 2526 540 faciunt.
2579 486 2842 541 Eumdem
2884 486 3163 542 contrario
3191 484 3367 543 stellis
3416 487 3555 541 iner-

301 582 472 652 φορὰν
520 582 662 636 κατὰ
698 581 796 652 τὴν
828 580 961 634 ίδίαν
993 579 1206 650 κίνησιν
1246 579 1353 633 ἀπὸ
1381 579 1601 650 δυσμῶν
1635 582 1719 632 ἐπ’
1744 581 1876 632 ἀνα-

298 674 486 738 τολάς·
512 673 737 742 ἀγεσθαι
762 673 817 724 δὲ
849 672 953 725 ὑπὸ
977 672 1076 746 τῆς
1115 669 1386 734 ἀπλανοῦς
1411 671 1520 724 ἀπὸ
1551 669 1657 724 τῶν
1691 671 1881 723 ἀνατο-

301 765 468 819 λικῶν
508 764 687 836 μερῶν
733 764 825 816 ἐπὶ
870 763 940 816 τὰ
984 762 1195 830 δυτικά,
1256 763 1398 818 κεατά
1440 763 1531 816 τὸν
1579 762 1878 834 Εὐριπίδην

303 856 528 925 λέγοντα
549 871 564 885 ·

443 967 653 1033 Δείξας
679 964 791 1036 γὰρ
821 963 1057 1034 ἄστρων
1088 963 1202 1032 τὴν
1227 964 1511 1018 ἐναντίαν
1541 963 1706 1036 deer,

443 1033 760 1106 Δήμους·“τἱ
789 1033 1021 1100 ἔσωσα,
1057 1036 1156 1088 καὶ
1198 1036 1494 1102 τύραννος
1536 1033 1754 1102 ὶζόμην.

389 1150 608 1218 Ἀτρεὺς
662 1147 769 1218 γάρ
831 1142 955 1218 εὗρε
998 1145 1106 1199 τῶν
1142 1146 1427 1217 πλανήτων
1479 1145 1578 1215 τὴν
1630 1143 1878 1199 ἐναντίαν

304 1241 497 1312 φορὰν,
529 1239 715 1311 ὥσπερ
761 1239 856 1292 καὶ
902 1238 1052 1310 ἡλίου
1087 1238 1194 1290 ἀπὸ
1231 1236 1501 1292 ἀνατολῶν
1533 1237 1873 1306 κυλιομένου,

305 1333 400 1386 καὶ
426 1332 721 1404 φερομένου
749 1333 826 1394 είς
851 1331 1078 1400 δυσμάς.
1109 1331 1314 1401 ’Ὠσπερ
1345 1329 1472 1400 γὰρ,
1493 1331 1540 1381 εί
1566 1329 1716 1398 τύχοι
1743 1328 1879 1400 μύρ-

309 1426 416 1496 μηξ
470 1425 653 1495 ἕρπων
699 1423 895 1488 ἔξωθεν
929 1421 1280 1493 περιφερείας
1327 1422 1470 1484 τινὸς
1509 1419 1618 1474 ἀπὸ
1659 1420 1877 1490 δυσμῶν

306 1516 393 1568 ἐπ’
427 1515 702 1579 ’ἀνατολὰς
759 1516 859 1585 τὴν
913 1512 1160 1567 ἐναντίαν
1218 1512 1294 1583 τῷ
1341 1511 1520 1583 τροχῷ
1560 1511 1878 1582 ποιούμενος

305 1608 550 1676 πορείαν,
583 1607 919 1678 συμὸήσεται
951 1607 1114 1659 αὐτὸν
1145 1605 1251 1658 ὑπὸ
1286 1605 1383 1675 μὲν
1420 1605 1520 1675 τῆς
1560 1605 1655 1658 τοῦ
1683 1605 1878 1676 τροχοῦ

306 1699 690 1768 περιδινήσεως
740 1697 847 1749 ἀπὸ
893 1695 1168 1750 ἀνατολῶν
1218 1695 1311 1748 ἐπὶ
1371 1693 1580 1765 δυσμὰς
1629 1695 1878 1764 ἄγεσθαι,

308 1790 411 1841 ὑπδ
438 1789 495 1842 δὲ
523 1789 622 1858 τῆς
657 1788 786 1851 ἰδίας
807 1792 1071 1859 κινήσεως
1100 1787 1209 1840 ἀπὸ
1234 1786 1453 1857 δυσμῶν
1481 1787 1566 1838 ἐπ’
1593 1787 1875 1852 ἀνατολάς.

317 1881 477 1951 Ἡμῖν
522 1880 578 1932 δὲ
609 1878 1056 1949 δυσκατάληπτον
1107 1873 1246 1931 εἶναι
1282 1876 1569 1948 συμϐαίνει
1598 1878 1698 1950 τὴν
1739 1880 1876 1934 ἰδίαν
1906 1859 1950 1920 Β

305 1969 469 2024 αὑτοῦ
520 1971 753 2039 κίνησιν,
784 1968 878 2022 ἀτε
903 1968 968 2038 δὴ
1000 1967 1203 2038 μικρὰν
1240 1962 1436 2020 οὖσαν·
1467 1967 1548 2020 διὸ
1581 1968 1674 2021 καὶ
1701 1985 1878 2040 παρα-

305 2061 486 2133 τρέχει
519 2059 674 2130 ἡμῶν
698 2059 795 2130 τὴν
828 2057 948 2127 ὄψιν
974 2060 1008 2128 ἡ
1035 2057 1130 2111 τοῦ
1167 2057 1455 2129 μύρμηκος
1489 2059 1722 2132 κίνησις,
1757 2061 1880 2126 ὀξυ-

305 2151 468 2222 τέρας
504 2151 668 2221 obs-qq
697 2151 794 2221 τῆς
836 2148 1060 2220 τροχοῦ·
1095 2148 1188 2202 τὸν
1214 2148 1375 2201 αὐτὸν
1403 2147 1602 2220 τρόπον
1645 2150 1755 2203 νόει
1783 2151 1878 2204 καὶ⁵

305 2242 399 2294 ἐπὶ
444 2239 612 2311 ἡλίου.
653 2239 832 2292 Ἔστω
863 2238 970 2310 γάρ
998 2237 1194 2310 τροχὸς
1225 2239 1254 2290 ὁ
1285 2237 1531 2308 οὐρανὸς,
1571 2239 1600 2290 ὁ
1642 2239 1698 2292 δὲ
1725 2239 1876 2312 ἥλιος

305 2330 425 2382 ἀντί
460 2328 766 2399 μύρμηκος.
810 2327 920 2400 Τὴν
950 2327 1007 2381 δὲ
1031 2327 1194 2393 δεῖξιν
1228 2324 1431 2398 ταύτην
1462 2327 1548 2379 ἐπ’
1579 2327 1749 2398 αὐτῆς
1778 2330 1877 2402 τῆς

307 2425 542 2490 σφαίρας
591 2419 736 2472 ἐστιν
785 2418 930 2473 ἰδεῖν.
985 2418 1108 2472 Ἐὰν
1150 2417 1260 2490 γὰρ
1293 2417 1619 2490 ὑποθώμεθα
1662 2419 1876 2492 πρῶτον

305 2511 614 2566 ἀνατέλλειν
663 2510 852 2582 Κριὸν,
879 2509 974 2564 καὶ
1011 2510 1101 2564 τὸν
1133 2510 1282 2581 ἥλιον
1308 2511 1366 2564 έν
1393 2508 1566 2581 τούτῳ
1591 2505 1747 2578 εἶναι,
1783 2511 1876 2565 ἐπὶ

303 2605 516 2676 ἡμέρας
548 2604 590 2656 λ’
621 2604 718 2676 τὴν
754 2603 1052 2675 μετάϐασιν
1093 2601 1257 2656 αὐτοῦ
1306 2602 1413 2656 ἀπὸ
1448 2601 1542 2656 τοῦ
1581 2603 1752 2673 Κριοῦ
1784 2603 1876 2656 εὑ-

308 2699 563 2768 ρίσκομεν
595 2697 673 2760 είς
703 2696 794 2749 τὸν
826 2695 1036 2766 Ταῦρον
1063 2695 1352 2766 γινομένην
1375 2710 1389 2724 ·
1422 2696 1451 2748 ὁ
1487 2693 1531 2747 δ’
1578 2694 1695 2748 ἐστὶ
1736 2694 1874 2766 μετά

305 2789 394 2842 τὸν
425 2789 610 2860 Κριόν.
655 2787 786 2841 Ἀπὸ
811 2785 916 2840 τῶι.
946 2785 1178 2854 δυτικῶν
1196 2787 1304 2858 ἄρα
1325 2785 1506 2858 μερῶν
1531 2786 1624 2838 ἐπὶ
1651 2786 1720 2840 τὰ
1745 2787 1876 2840 ἀνα-

303 2877 510 2942 τολικὰ,
540 2877 651 2931 ἀλλ’
689 2876 808 2946 οὐχὶ
836 2875 1102 2930 ἀνάπαλιν
1127 2875 1234 2929 ἀπὸ
1268 2874 1379 2929 τῶν
1414 2875 1750 2930 ἀνατολικῶν
1781 2876 1874 2929 ἐπὶ

303 2965 373 3020 τὰ
421 2967 610 3020 δυτικά
648 2967 970 3038 εὑρίσκομεν
1013 2964 1309 3036 φερόμενον
1335 2964 1516 3020 αὐτόν.
1551 2965 1723 3037 Δῆλον
1757 2961 1871 3033 οὖν,

304 3059 380 3123 ὡς
414 3061 663 3122 κινεῖται,
698 3059 790 3112 κα)⁵
822 3059 1044 3129 φέρεται
1076 3057 1215 3110 κατά
1242 3057 1339 3130 τὴν
1374 3057 1508 3112 ἰδίαν
1534 3058 1746 3130 κίνησιν
1767 3059 1875 3114 ἀπὸ

303 3150 411 3204 τῶν
441 3149 669 3204 δυτικῶν
699 3150 791 3203 ἐπὶ
823 3149 889 3203 τὰ
918 3149 1233 3203 ἀνατολικὰ.

864 3242 1001 3310 Περὶ
1027 3241 1319 3311 σελήνης.

373 3340 478 3388 κα⁹.
510 3334 664 3397 Τινὲς
688 3333 807 3386 οὐδὲ
832 3332 967 3397 ὅλως
993 3332 1270 3404 βούλονται
1299 3329 1436 3388 εἶναι
1464 3335 1716 3411 σελήνην.
1742 3339 1872 3393 Ἀλ-

303 3429 383 3481 λοι
415 3429 471 3482 δὲ
497 3427 665 3499 αὐτὴν
711 3428 769 3494 ἐξ
800 3427 1217 3499 ἀναθυμιάσεως
1258 3430 1362 3501 γῆς
1409 3427 1546 3486 εῖναι
1586 3433 1832 3504 λέγουσιν
1854 3453 1869 3468 ·

302 3521 479 3594 ῐτεροι
509 3520 567 3573 δὲ
599 3520 663 3573 ὲκ
705 3520 876 3591 πυρός
895 3537 908 3552 ·
941 3519 1088 3575 ἄλλοι
1135 3521 1230 3574 καὶ
1258 3522 1422 3594 ἀέρος
1442 3541 1456 3554 ·
1486 3524 1636 3579 ἄλλοι
1662 3528 1728 3581 ἐκ
1765 3527 1873 3583 τῶν

299 3613 582 3684 τεσσάρων
630 3611 938 3682 στοιχείων·
994 3611 1172 3684 έτεροι
1225 3613 1283 3668 δὲ
1331 3615 1433 3686 γῆν
1473 3620 1872 3692 πεπυρωμένην

301 3705 638 3777 στερέμνιον,
669 3703 897 3774 ἔχουσαν
936 3703 1077 3776 πῦρ·
1106 3699 1244 3759 εἶναι
1271 3706 1329 3760 δὲ
1356 3709 1442 3761 ἐπ’
1471 3710 1640 3782 αὐτῆς
1660 3715 1873 3785 οἴκησιν

299 3794 488 3866 ἄλλην,
518 3791 798 3864 ποταμούς
817 3809 878 3845 τε
901 3793 994 3847 καὶ
1023 3794 1126 3848 ὅσα
1152 3794 1244 3849 ἐπὶ
1270 3796 1373 3868 γῆς
1397 3811 1412 3825 ’
1441 3800 1536 3854 καὶ
1559 3800 1652 3856 τὸν
1683 3803 1873 3858 λέοντα

298 3885 390 3938 τὸν
417 3884 684 3954 Νεμεαῖον
713 3882 920 3936 ἐκεῖθεν
951 3886 1135 3938 πεσεῖν
1165 3885 1566 3956 μυθολογοῦσιν.
1616 3892 1873 3964 Ἐμπεδο-

299 3975 433 4046 κλῆς
472 3975 528 4028 δὲ
557 3975 899 4047 ἀπόσπασμα
942 3976 1115 4046 αὑτήν
1153 3995 1318 4052 φησιν
1359 3979 1536 4049 ἡλίου.
1577 3985 1774 4056 Σχῆμα
1813 3987 1871 4040 δὲ

298 4070 466 4141 αὐτῆς
513 4070 562 4122 οἱ
612 4071 708 4140 μὲν
748 4070 1103 4142 σφαιροειδὲς,
1153 4072 1203 4124 οί
1248 4071 1306 4126 δὲ
1350 4074 1664 4140 δισκοειδές.
1714 4078 1873 4132 Κατά

303 4159 450 4231 μῆνα
467 4160 525 4214 δὲ
553 4160 792 4215 ἐκλείπει
816 4177 830 4191 ·
855 4161 932 4224 ὡς
957 4161 1055 4232 μὲν
1080 4162 1432 4234 Ἡράκλειτός
1455 4183 1642 4238 φησιν,
1670 4169 1872 4240 ὁμοίως

297 4253 379 4326 τῷ
418 4253 554 4327 ἡλίῳ
584 4254 680 4308 τοῦ
711 4254 1034 4325 φωτοειδοῦς
1081 4258 1359 4329 σχήματος
1401 4261 1867 4333 ἀναστραφέντος·

298 4346 447 4402 ἄλλοι
476 4346 534 4401 δὲ
559 4347 662 4436 τοῦ
697 4347 919 4420 στομίου
953 4346 1049 4402 τοῦ
1086 4350 1446 4421 τροχοειδοῦς,
1475 4353 1545 4406 δι’
1571 4347 1632 4408 οὗ
1658 4354 1871 4427 ἐκπέμ-

297 4453 461 4492 πεται
500 4437 562 4491 τὺ
603 4437 739 4508 φῶς,
769 4438 1244 4510 ἀποφραχθέντος·
1299 4439 1377 4505 ὡς
1426 4441 1484 4495 δὲ
1527 4442 1697 4507 ἄλλοι,
1744 4445 1870 4499 ὅταν

1897 3194 1946 3261 C

1979 576 2228 631 rantibus
2259 591 2323 630 ac
2354 577 2575 646 proprio
2600 585 2754 632 motu
2782 577 2851 632 ab
2879 592 3080 633 occasu
3117 578 3172 632 in
3201 588 3380 633 ortum
3420 575 3552 632 ferri

1979 665 2195 732 volunt;
2253 664 2474 719 interim
2526 667 2655 720 dum
2707 665 2778 720 ab
2824 665 3184 722 inerrantium
3222 666 3434 737 sphaera
3483 666 3555 720 ab

1977 759 2168 813 ortivis
2204 757 2452 830 partibus
2493 757 2548 812 in
2578 757 2838 816 occiduas
2884 761 3118 831 rapitur,
3156 770 3215 815 ut
3271 760 3356 816 bis
3387 761 3554 817 versi-

1979 852 2081 907 bus
2119 859 2349 906 testatur
2373 849 2663 922 Euripides
2696 869 2712 906 :

2125 963 2349 1020 Ostenso
2377 964 2515 1018 enim
2541 972 2810 1018 astrorum
2842 965 3111 1019 contrario
3140 974 3306 1032 motu,

2116 1035 2350 1104 Populos
2381 1036 2606 1100 servavi,
2638 1046 2687 1090 et
2725 1045 2982 1107 tyrannus
3006 1036 3238 1091 consedi.

2044 1149 2181 1204 Nam
2234 1148 2435 1205 Atreus
2469 1150 2808 1204 contrarium
2855 1155 3062 1204 motum
3094 1152 3436 1219 planetarum
3465 1163 3550 1204 re-

1977 1243 2139 1312 perit,
2177 1249 2237 1296 ut
2275 1250 2330 1297 et
2361 1243 2495 1298 solis
2545 1242 2614 1296 ah
2665 1251 2790 1297 ortu
2836 1243 3110 1298 tendentis
3148 1241 3217 1296 ad
3264 1256 3546 1298 occasum.

1978 1336 2190 1390 Etenim
2219 1336 2676 1405 quemadmodum
2705 1337 2749 1392 si
2777 1336 3002 1391 formica
3031 1338 3088 1390 in
3117 1337 3388 1391 exteriore
3415 1342 3550 1390 rotat

1977 1428 2186 1481 ambitu
2216 1427 2494 1481 contraria
2519 1437 2681 1498 atque
2713 1427 2806 1481 illa
2835 1428 3221 1499 progressione
3249 1425 3317 1481 ab
3346 1440 3549 1480 occasu

1976 1527 2256 1573 moveatur
2291 1520 2346 1573 in
2375 1521 2664 1586 orientem,
2693 1520 2904 1574 accidet
2929 1520 2982 1574 id
3017 1519 3260 1590 quidem,
3289 1519 3368 1573 uti
3412 1525 3550 1572 rotas

1977 1606 2298 1663 circuitione
2341 1610 2410 1664 ab
2465 1611 2675 1664 oriente
2716 1611 2962 1680 rapiatur
3006 1625 3261 1664 occasum
3296 1625 3491 1664 versus
3527 1626 3544 1664 :

1976 1709 2170 1771 suopte
2202 1718 2332 1757 vero
2359 1709 2507 1756 motu
2550 1705 2618 1758 ab
2646 1718 2846 1758 occasu
2869 1703 2922 1756 in
2955 1710 3156 1756 ortum.
3188 1703 3256 1756 At
3284 1717 3386 1756 nos
3418 1717 3547 1772 pro-

1977 1793 2153 1863 prium
2191 1794 2336 1849 illius
2371 1801 2600 1860 motum,
2618 1795 2764 1865 quod
2791 1793 3130 1850 lentissimus
3155 1794 3245 1862 sit,
3272 1809 3410 1866 aegre
3432 1794 3548 1848 dis-

1976 1887 2269 1941 cernimus.
2289 1884 2373 1940 Ob
2399 1887 2450 1939 id
2476 1887 2666 1942 oculos
2697 1895 2918 1942 nostros
2947 1886 3130 1957 effugit
3160 1886 3399 1940 formicae
3428 1902 3548 1956 pro-

1977 1976 2207 2044 gressio,
2239 1976 2385 2046 quod
2420 1977 2490 2032 sit
2523 1978 2810 2032 conversio
2861 1978 2952 2031 illa
3003 1987 3136 2033 rotae
3186 1978 3420 2032 citatior.
3440 1976 3548 2030 Eo-

1976 2068 2098 2124 dem
2136 2068 2298 2123 modo
2332 2075 2386 2123 et
2415 2069 2482 2124 de
2520 2068 2635 2124 sole
2672 2069 3018 2139 cogitandum
3053 2077 3157 2132 est,
3189 2076 3250 2122 ut
3280 2069 3327 2123 is
3365 2068 3548 2122 formi-

1976 2173 2055 2212 ca:
2090 2157 2265 2212 instar
2297 2157 2390 2225 sit,
2425 2158 2625 2212 ctelum
2664 2167 2818 2214 rotae.
2845 2159 3000 2226 Quod
3051 2159 3188 2214 adeo
3232 2160 3290 2213 in
3331 2160 3546 2229 sphaera

1976 2247 2094 2318 ipsa
2123 2248 2487 2303 demonstrari
2513 2255 2709 2318 potest.
2733 2247 2865 2303 Nam
2888 2250 2934 2304 si
2959 2251 3334 2320 concipiamus
3361 2253 3552 2306 animo

1974 2341 2208 2411 primum
2257 2338 2494 2396 Arietem
2543 2342 2766 2406 exoriri,
2798 2343 2854 2398 in
2884 2358 3058 2413 eoque
3095 2345 3304 2400 versari
3344 2345 3540 2409 solem,

1978 2439 2103 2503 post
2121 2431 2190 2486 50
2213 2431 2331 2488 dies
2358 2433 2426 2487 ab
2445 2433 2628 2488 Ariete
2647 2434 2938 2491 transitum
2967 2436 3146 2491 abillo
3169 2436 3371 2491 factum
3391 2437 3546 2492 inve-

1975 2525 2158 2580 nimus
2189 2523 2258 2579 ad
2287 2523 2547 2590 Taurum,
2579 2526 2675 2596 qui
2714 2527 2783 2582 ab
2803 2527 2984 2584 Ariete
3013 2529 3296 2597 Proximus
3317 2537 3422 2584 est.
3443 2529 3544 2600 lgi-

1976 2626 2064 2672 tur
2086 2617 2156 2673 ab
2188 2617 2434 2673 occiduis
2462 2618 2714 2688 partibus
2748 2621 2816 2675 ad
2849 2622 3166 2686 orientales,
3203 2637 3311 2676 non
3348 2631 3544 2678 contra

1974 2708 2044 2763 ah
2073 2708 2430 2764 orientalibus
2469 2710 2535 2764 ad
2567 2710 2838 2776 occiduas
2867 2712 3020 2766 illum
3060 2713 3194 2767 cieri
3239 2713 3547 2783 deprehen—

1974 2797 2175 2854 dimus.
2212 2797 2483 2866 Quocirca
2534 2799 2760 2856 dubium
2800 2817 2908 2856 non
2950 2810 3055 2867 est,
3085 2804 3294 2858 moveri
3338 2804 3539 2874 ipsum,

1975 2888 2214 2962 ferrique
2266 2890 2490 2963 proprio
2570 2900 2724 2948 motu
2774 2891 2844 2950 ab
2890 2893 3138 2950 occiduis
3185 2895 3434 2964 partibus
3485 2896 3541 2951 in

1973 2981 2286 3039 orientales.

2566 3226 2675 3299 83
2718 3225 2792 3282 De
2829 3227 2977 3282 luna.

2041 3315 2130 3374 2|.
2167 3314 2307 3373 Sunt
2333 3317 2426 3388 qui
2467 3317 2654 3374 lunam
2711 3335 2836 3376 esse
2880 3318 3130 3377 funditus
3167 3329 3386 3392 negent.
3431 3320 3540 3376 Alii

1972 3410 2204 3467 terrenis
2223 3410 2666 3467 exhalationibus
2695 3423 2949 3468 constare
2972 3418 3193 3482 putant;
3220 3413 3441 3484 quidam
3471 3430 3540 3470 ex

1970 3502 2131 3574 igne;
2164 3503 2255 3557 alii
2288 3519 2355 3559 ex
2395 3519 2556 3572 aere;
2590 3505 2842 3559 nonnulli
2875 3519 2942 3560 ex
2985 3505 3269 3561 elementis
3305 3513 3542 3577 quatuor

1970 3594 2276 3663 exsistere;
2304 3595 2476 3665 aliqui
2505 3603 2708 3651 terram
2751 3596 3000 3668 ignitam,
3036 3597 3289 3663 solidam,
3333 3607 3386 3653 et
3416 3599 3541 3669 igne

1977 3686 2368 3744 circumfusam
2416 3703 2541 3745 esse
2587 3689 2854 3744 sentiunt.
2905 3688 2986 3744 Ad
3024 3689 3141 3744 haec
3176 3690 3338 3744 aliam
3385 3689 3440 3743 in
3472 3704 3538 3743 ea

1973 3769 2262 3854 regionem.
2287 3782 2356 3838 ad
2399 3782 2762 3838 habitandum
2819 3781 3043 3847 inesse,
3076 3798 3200 3837 cum
3259 3781 3436 3838 ﬂuviis
3483 3788 3540 3837 et

1970 3874 2208 3939 caeteris,
2245 3890 2368 3946 quae
2398 3874 2452 3929 in
2496 3881 2646 3930 terra
2693 3875 2976 3930 videntur.
3025 3875 3266 3946 Indeque
3306 3874 3539 3932 Nemees

1970 3966 2122 4021 illum
2155 3966 2370 4022 leonem
2403 3965 2690 4038 delapsum
2732 3982 2856 4023 esse
2888 3967 3118 4023 fabulati
3151 3974 3303 4024 sunt.
3335 3966 3538 4039 Empe-

1969 4057 2158 4114 docles
2197 4059 2446 4114 avulsam
2505 4059 2647 4112 hanc
2696 4073 2727 4113 a
2782 4059 2897 4114 sole
2927 4068 3140 4129 partem
3171 4075 3295 4115 esse
3327 4059 3534 4115 docuit.

1968 4146 2227 4220 Figuram
2256 4149 2442 4213 habet,
2476 4157 2537 4202 ut
2565 4147 2788 4218 quidam
2825 4149 2932 4203 rati
2978 4156 3129 4213 sunt,
3180 4149 3428 4218 sphaerae,
3477 4155 3538 4203 ut

1970 4243 2086 4306 alii,
2127 4241 2265 4296 disci
2299 4241 2557 4296 similem.
2594 4239 2785 4297 Deficit
2826 4256 3013 4298 mense
3057 4241 3341 4312 quolibet:
3389 4239 3537 4310 quod

1971 4333 2315 4396 Heraclitus,
2351 4332 2609 4387 similiter
2639 4340 2803 4401 atque
2839 4332 2894 4385 in
2932 4331 3068 4395 sole,
3103 4330 3219 4385 fieri
3264 4336 3419 4399 putat
3450 4329 3538 4383 in-

1969 4440 2129 4482 versa
2163 4424 2486 4495 splendente
2511 4423 2708 4478 forma.
2730 4423 2836 4476 Alii
2868 4437 3004 4477 cavo
3036 4422 3130 4475 illo
3162 4421 3538 4489 circinatoque

297 4530 427 4602 περὶ
457 4529 519 4582 τὸ
549 4529 830 4592 κωνοειδὲς
861 4530 962 4601 τῆς
1006 4531 1110 4602 γῆς
1154 4530 1378 4603 γένηται
1418 4531 1677 4588 δύνουσα·
1704 4535 1778 4600 ὡς
1811 4536 1867 4590 δὲ

1972 4531 2087 4578 ore,
2127 4529 2226 4585 per
2247 4513 2395 4585 quod
2429 4515 2611 4567 lumen
2633 4512 2926 4574 emittitur,
2957 4512 3282 4576 obstructo;
3313 4510 3536 4580 quidam

295 4625 346 4676 οί
380 4622 582 4688 πολλοὶ,
619 4622 760 4675 κατά
802 4622 1094 4694 διάμετρον
1123 4625 1424 4696 γενομένην
1458 4625 1612 4698 ἡλίῳ.
1657 4626 1868 4681 Γίνεται

295 4715 354 4770 δὲ
379 4714 521 4770 κατά
558 4713 704 4785 μῆνα
743 4712 993 4768 ἕκαστον.
1023 4713 1189 4768 Γέννα
1229 4714 1286 4767 δὲ
1327 4715 1576 4788 σελήνης,
1612 4717 1708 4771 καὶ
1737 4718 1870 4772 ἀνα-

293 4807 423 4880 ⁴βολὴ
453 4807 716 4878 διαφέρει.
751 4805 906 4860 Μετὰ
932 4804 1040 4877 γάρ
1063 4809 1213 4877 τρεῖς
1242 4805 1276 4877 ἢ
1312 4807 1583 4880 τέσσαρας
1611 4807 1705 4862 τοῦ
1747 4827 1871 4879 γεν-

294 4901 523 4978 νηθῆναι
562 4898 772 4970 ἡμέρας
797 4896 1062 4968 φαίνεται,
1096 4898 1192 4951 καὶ
1222 4899 1320 4969 οὐχ
1350 4898 1466 4970 ἅμα
1501 4899 1578 4971 τῷ
1606 4902 1870 4973 γεννηθῇ

295 5008 405 5046 ναι.
449 4990 748 5043 Ἀνατέλλει
782 4989 841 5043 δὲ
876 4988 974 5059 οὐχ
1011 4987 1132 5042 ὅλον
1176 4988 1236 5041 τὸ
1271 4987 1388 5057 φῶς
1414 4989 1610 5059 ἔχουσα
1644 5009 1868 5064 περιφε-

298 5083 410 5153 ρὲς,
438 5080 575 5134 ἀλλά
606 5079 890 5152 μηνοειδής
907 5097 922 5111 ·
950 5077 1110 5150 μέχρι
1133 5078 1190 5131 δὲ
1215 5077 1308 5133 τοῦ
1332 5079 1553 5150 ἡμίσεος
1574 5079 1868 5153 αὐξηθεῖσα

291 5176 502 5244 γίνεται
531 5173 830 5244 διχότομος.
869 5171 994 5225 Ἐὰν
1023 5171 1079 5224 δὲ
1109 5170 1170 5224 τὸ
1194 5170 1437 5242 δίμοιρον
1470 5175 1862 5248 περιφωτισθῇν

291 5267 536 5321 καλεῖται
571 5265 912 5337 ἀμφίκυρτος
933 5280 948 5294 ο
979 5262 1329 5334 πληρωθεῖσα
1355 5263 1412 5315 δὲ
1435 5263 1643 5331 γίνεται
1673 5267 1868 5338 πληρο-

293 5359 532 5430 σὲληνος,
570 5358 663 5412 καὶ
695 5357 1050 5428 πανσέληνος,
1092 5355 1188 5410 καὶ
1229 5353 1540 5426 διχόμηνις·
1586 5373 1867 5412 πεντεκαι-

289 5449 545 5504 δεκαταία
575 5449 683 5521 γάρ
728 5451 843 5502 ἐστι
875 5447 1224 5520 πληρωθεῖσα
1250 5462 1264 5476 ·
1293 5447 1320 5500 ὅ
1367 5446 1515 5499 ἐστιν
1558 5447 1731 5518 ἥμισυ
1763 5466 1867 5520 μη-

288 5541 403 5604 νὸς,
434 5539 799 5610 διχαξομένων
831 5536 941 5590 τῶν
973 5535 1013 5588 λ’
1045 5534 1286 5607 ἡμερῶν.
1319 5533 1428 5587 Καὶ
1461 5533 1622 5587 πάλιν
1656 5530 1722 5588 αὖ
1756 5535 1866 5588 ἀπὸ

288 5631 388 5702 τῆς
416 5632 748 5703 πανσελήνου
779 5628 1004 5700 ἄρχεται
1036 5623 1338 5698 μειοῦσθαι,
1366 5625 1461 5679 καὶ
1488 5625 1696 5694 γίνεται
1719 5626 1868 5697 πρῶ-

288 5742 382 5777 τον
434 5725 800 5796 ἀμφίκυρτος,
856 5717 973 5774 εἶτα
1021 5719 1323 5790 διχόμηνις,
1376 5709 1512 5771 εἶτα’
1552 5719 1857 5790 μηνοειδής.

277 5784 558 5881 ίνΔξιον-δλ
580 5784 807 5889 ζητῆσαι
831 5814 881 5868 τί
905 5784 1109 5887 δήποτε⁷
1254 5810 1345 5864 τοῦ
1375 5784 1566 5881 φωτὸς*
1582 5784 1680 5881 τῆς
1701 5784 1861 5879 σελη-

1970 4617 2101 4663 tunc
2129 4606 2378 4662 accidere
2405 4614 2649 4671 censent,
2681 4622 2804 4661 cum
2834 4605 2979 4660 circa
3003 4615 3162 4658 terrae
3191 4617 3389 4657 conum
3411 4617 3536 4655 ver-

1968 4707 2125 4754 satur
2153 4699 2433 4754 occidens.
2464 4697 2790 4753 Communis
2811 4705 2895 4751 est
2925 4694 3131 4765 opinio,
3164 4694 3218 4749 id
3247 4701 3363 4748 tum
3393 4693 3532 4758 ﬁeri,

1968 4806 2093 4845 cum
2123 4805 2190 4846 ex
2227 4790 2496 4844 diametro
2527 4788 2630 4844 soli
2673 4797 2758 4844 est
2797 4787 3050 4842 obversa.
3096 4784 3211 4841 Hoc
3244 4800 3371 4840 vero
3416 4785 3536 4839 sin-

1969 4884 2111 4955 gulis
2151 4883 2434 4938 mensibus
2463 4880 2662 4937 evenit.
2697 4879 2887 4935 Diil‘ert
2918 4885 3099 4933 autem
3128 4878 3198 4933 ab
3223 4885 3347 4932 ortu
3391 4877 3536 4930 lunm

1968 4976 2245 5032 nativitas.
2280 4972 2494 5044 Quippe
2542 4981 2668 5044 post
2714 4981 2827 5026 tres
2872 4978 3200 5042 quatuorve,
3235 4984 3401 5040 quam
3449 4977 3535 5022 est

1968 5075 2118 5130 nata,
2154 5066 2270 5121 dies
2300 5071 2544 5135 apparet,
2569 5079 2678 5118 non
2711 5064 2872 5120 simul
2902 5073 3066 5133 atque
3099 5071 3228 5117 nata
3258 5069 3361 5117 est.
3393 5059 3533 5115 Cum
3629 5069 3633 5074 ‘

1967 5158 2180 5221 oritur,
2230 5172 2340 5212 non
2380 5157 2711 5227 completum
2765 5156 2928 5212 habet
2963 5154 3106 5210 lucis
3154 5155 3378 5221 orbem,
3435 5155 3530 5208 sed

1970 5250 2253 5305 falcatum.
2305 5247 2516 5302 Exinde
2566 5246 2633 5302 ad
2684 5247 2969 5302 dimidium
3004 5251 3198 5310 aucta,
3232 5246 3533 5313 semiplena

1969 5341 2048 5397 fit.
2077 5341 2182 5396 Ubi
2229 5342 2389 5396 besse
2437 5340 2758 5395 collustrata
2804 5349 2907 5403 est,
2958 5336 3320 5409 ἀμφίκυρτος,
3365 5337 3420 5390 id
3451 5348 3537 5393 est

1965 5435 2194 5506 gibhosa
2232 5432 2583 5500 nominatur;
2631 5431 2884 5487 absoluto
2910 5430 3020 5501 jam
3053 5430 3186 5485 orbe
3215 5429 3375 5500 plena
3403 5427 3534 5483 luna

1966 5528 2190 5590 dicitur,
2234 5535 2288 5582 et
2328 5525 2730 5597 plenilunium;
2777 5525 2923 5596 quod
2962 5523 3177 5580 decimo
3217 5521 3414 5592 quinto
3444 5518 3537 5574 die

1966 5620 2188 5683 accidit,
2221 5620 2325 5674 hoc
2365 5627 2452 5674 est
2499 5617 2730 5674 dimidio
2763 5632 2952 5674 mense
2983 5657 2999 5682 ,
3053 5615 3287 5671 tricenis
3335 5612 3536 5669 diebus

1966 5712 2220 5767 bifariam
2263 5711 2502 5781 partitis.
2541 5709 2673 5766 Post
2719 5711 2773 5765 id
2812 5719 3027 5781 tempus
3066 5709 3242 5764 minui
3293 5708 3529 5779 incipit:

1965 5820 2028 5860 ac
2050 5803 2286 5874 primum
2319 5802 2609 5859 dimidiato
2638 5804 2773 5860 orbe
2800 5803 2994 5875 major,
3041 5809 3155 5857 tum
3193 5801 3418 5859 dimidia
3447 5797 3529 5872 fit,
