4132 6424
557 371 664 430 965

1580 368 1668 423 AD
1707 363 1976 422 EUSEBII
2013 361 2418 420 CHBONICON
2449 363 2812 420 APPENDIX.

3703 371 3812 428 964

559 490 686 544 inde
745 487 958 542 falcata.
993 486 1090 543 Hic
1135 501 1244 542 non
1297 487 1536 542 absurde
1585 487 1856 556 qmeritur
1909 499 2018 556 qua
2057 483 2126 538 de

2229 498 2326 552 νης
2357 483 2529 536 ταῦτα
2559 485 2626 537 τὰ
2673 487 2930 555 σχήματα
2979 485 3202 553 γίνεται.
3253 485 3396 557 Πρὸς
3447 485 3512 558 δὴ
3556 486 3716 542 τοῦτο
3757 493 3807 544 οἰ

557 593 724 634 causa
766 584 848 632 tot
885 579 942 632 in
987 580 1115 633 luna
1171 579 1384 650 species
1441 576 1730 632 accidant.
1777 575 2126 647 Respondent

559 668 749 736 aliqui,
776 681 900 722 cum
937 668 1088 722 circa
1117 675 1276 723 terrae
1305 681 1504 723 conum
1545 667 1794 734 exsistit,
1823 666 1880 720 id
1915 667 1968 722 ei
1995 679 2128 720 con-

559 761 790 831 tingere.
818 759 974 816 Velut
1003 763 1052 818 si
1085 763 1212 832 quis
1251 771 1494 818 montem
1523 762 1910 818 conscendens
1931 762 1988 816 in
2007 761 2128 831 ejus

557 855 764 908 vertice
792 857 1076 922 consistat,
1107 861 1264 910 totus
1293 870 1324 910 e
1359 855 1660 926 longinquo
1693 856 1946 926 prospici
1969 861 2128 926 pote-

561 945 650 997 rit.
685 943 832 1000 Idem
873 947 924 1001 si
976 947 1044 1000 ad
1095 955 1310 1018 partem
1345 949 1580 1004 alteram
1623 947 1990 1013 descenderit,
2015 945 2126 1015 iis,

468 1049 478 1084 ί
558 1036 653 1105 qui
683 1050 824 1106 pone
851 1036 1032 1107 ipsum
1075 1046 1264 1102 erunt,
1305 1054 1416 1094 non
1450 1039 1565 1111 jam
1611 1047 1762 1097 totus
1801 1041 2128 1111 apparebit;

558 1129 656 1186 sed
707 1139 906 1199 praeter
957 1129 1124 1202 pedes
1171 1133 1352 1202 primo
1391 1133 1660 1203 reliquum
1713 1147 1917 1203 corpus
1947 1176 1965 1202 ,
2009 1141 2129 1188 tum

557 1222 818 1292 paulatim
871 1224 1048 1296 magis
1091 1226 1376 1296 magisque
1429 1226 1721 1282 demittens
1773 1241 1896 1283 sese
1955 1227 2128 1282 videri

557 1321 706 1372 totus
743 1315 975 1372 desinet.
1037 1317 1157 1372 Non
1207 1333 1373 1374 secus
1408 1319 1464 1372 in
1515 1319 1650 1372 luna
1697 1317 1816 1374 ﬁeri
1859 1327 2123 1384 censent;

555 1407 718 1477 plena
745 1416 806 1462 ut
835 1408 970 1464 alias
999 1417 1280 1475 cernatur,
1307 1409 1445 1464 alias
1477 1417 1632 1479 parte
1655 1411 1739 1466 sui
1777 1411 1978 1478 lucida,
2001 1426 2126 1466 cum

555 1509 640 1556 est
669 1501 724 1556 in
753 1517 896 1558 cono
941 1511 1146 1559 terrae:
1191 1519 1304 1558 non
1347 1505 1496 1574 quod
1537 1505 1817 1560 minuatur
1849 1506 1994 1574 ipsa,
2031 1504 2128 1560 sed
2179 1561 2182 1566 ,

555 1593 702 1662 quod
737 1593 897 1648 nobis
937 1595 1012 1648 ita
1045 1595 1320 1650 videatur.
1361 1595 1568 1652 Verum
1599 1597 1694 1668 qui
1725 1595 1936 1666 speculi
1967 1595 2128 1652 simi-

555 1685 660 1739 lem
695 1699 816 1740 eam
861 1700 985 1742 esse
1032 1686 1246 1752 dicunt,
1281 1687 1616 1744 defectiones
1673 1689 1848 1759 ipsam
1887 1687 2128 1758 experiri

555 1778 830 1845 sentiunt;
862 1779 1062 1848 quibus
1089 1779 1324 1834 eﬂicitur
1351 1789 1410 1836 ut
1433 1781 1708 1838 interdum
1732 1783 1894 1852 plena
1919 1795 2120 1837 cerna-

555 1875 668 1932 tur,
695 1868 830 1922 alias
863 1867 1004 1924 lucis
1043 1869 1250 1940 indiga.
1283 1868 1754 1935 Quemadmodum
1774 1870 1868 1940 qui
1899 1875 2122 1938 sumpto

555 1961 784 2032 speculo
811 1961 1070 2033 imaginis
1109 1961 1364 2018 refracta:
1397 1963 1636 2033 speciem
1669 1962 1726 2016 in
1775 1975 1842 2016 eo
1873 1961 2125 2016 contueri

553 2055 706 2120 velit,
763 2054 902 2110 illud
953 2055 1060 2110 sibi
1118 2069 1186 2110 ex
1235 2055 1464 2110 adverso
1509 2055 1764 2110 collocat.
1807 2054 1886 2108 Ita
1923 2055 2126 2124 quippe

551 2153 730 2201 totum
761 2146 816 2200 in
849 2160 918 2202 eo
961 2145 1174 2202 vultum
1205 2161 1368 2200 suum
1419 2145 1686 2216 aspiciet;
1721 2145 1808 2200 sin
1838 2145 2124 2215 speculum

551 2253 622 2292 ex
655 2236 878 2308 obliquo
905 2237 1228 2307 respexerit,
1251 2245 1416 2307 prout
1447 2237 1554 2292 erit
1587 2235 1920 2306 obliquatio,
1955 2235 2126 2292 decli-

553 2329 816 2399 natioque
841 2329 1072 2398 speculi,
1107 2329 1345 2393 bessem,
1393 2335 1488 2384 aut
1525 2328 1836 2394 semissem,
1880 2337 1974 2384 aut
2005 2329 2125 2384 exi-

555 2433 717 2488 guam
746 2419 988 2490 aliquam
1019 2420 1208 2474 vultus
1231 2420 1314 2474 sui
1349 2426 1558 2489 partem
1589 2419 1878 2474 refractam
1899 2419 2122 2486 videbit,

551 2525 656 2579 pro
681 2523 749 2566 eo
795 2511 942 2580 quod
983 2511 1270 2582 speculum
1321 2511 1578 2566 declinet.
1611 2509 1816 2566 Eadem
1865 2517 1920 2566 et
1979 2511 2125 2566 lunae

555 2603 698 2658 ratio
729 2611 834 2660 est.
877 2601 1018 2658 Huic
1049 2603 1300 2674 opinioni
1333 2603 1736 2672 subscripsisse
1777 2609 1938 2673 putes
1981 2603 2124 2657 Ara-

557 2702 692 2760 tum,
719 2709 844 2749 cum
873 2695 948 2749 ita
981 2695 1256 2765 loquitur:

555 2801 772 2870 Semper
799 2801 1014 2856 aliunde
1045 2801 1184 2854 alia:
1215 2801 1484 2854 declinans
1515 2799 1712 2870 facies,

555 2914 804 2970 alludens
831 2913 898 2967 ad
922 2915 1128 2985 speculi
1159 2911 1599 2970 similitudinem.
1628 2911 1922 2983 Sphmricaa
1941 2909 2125 2982 ﬁgurae

553 3020 676 3061 esse
701 3005 968 3060 mundum
989 3004 1104 3075 jam
1127 3003 1388 3066 diximus,
1419 3019 1582 3075 quem
1616 3005 1672 3056 in
1702 3003 1892 3058 orbem
1913 3001 2124 3056 extrin-

551 3113 713 3154 secus
763 3097 1108 3168 amplectitur
1157 3097 1388 3163 ccelum;
1442 3103 1588 3151 terra
1618 3102 1802 3150 autem
1846 3095 1904 3148 in
1942 3091 2124 3148 medio

553 3191 658 3246 sita
682 3231 698 3258 ,
726 3191 900 3246 centri
944 3197 1108 3260 atque
1147 3190 1336 3260 puncti
1389 3188 1658 3244 rationem
1703 3187 1934 3242 obtinet.
1975 3183 2122 3240 Inter

553 3283 694 3336 hanc
717 3281 1026 3352 ccelumq'ue
1051 3279 1340 3350 interiecta
1368 3287 1498 3335 sunt
1519 3277 1713 3344 aether,
1749 3291 1842 3332 aer
1871 3283 1926 3332 et
1953 3289 2122 3347 aqua,

553 3376 892 3447 sphaerarum
921 3390 1075 3431 more
1099 3373 1334 3431 invicem
1368 3379 1644 3430 conserta.
1663 3369 1926 3426 Mundum
1956 3382 2124 3440 porro

553 3471 756 3542 κόσμον
791 3471 862 3526 ab
903 3469 1100 3527 ordine
1130 3484 1194 3525 ac
1225 3467 1586 3540 dispositione
1631 3473 1846 3524 veteres
1880 3462 2124 3535 appella-

553 3575 712 3635 runt;
741 3565 823 3622 sic
843 3563 1114 3622 Homerus
1143 3581 1162 3621 :

641 3761 902 3818 Ordinare
933 3777 1092 3831 equos
1111 3799 1126 3826 ,
1151 3769 1202 3814 et
1229 3761 1366 3814 viros
1400 3758 1704 3830 clypeatos;

555 3885 684 3936 item
707 3899 722 3933 :

553 3991 818 4048 Craterum
851 3991 938 4046 ubi
959 3991 1192 4047 ordinati
1221 3999 1341 4045 sunt
1367 4007 1486 4045 cum
1507 3989 1726 4042 ducibus
1751 3987 1976 4058 singuli,

555 4131 972 4186 instructionem
995 4130 1100 4185 hoc
1125 4130 1291 4185 verbo
1311 4127 1647 4200 signiﬁcans.
1662 4125 1803 4182 Nam
1824 4127 1992 4182 aether
2011 4127 2124 4180 απὸ

551 4223 648 4277 τοῦ
669 4223 862 4288 αἴθειν,
881 4223 1027 4293 quod
1053 4231 1138 4278 est
1169 4221 1372 4288 ardere,
1391 4221 1720 4288 dicitur;est
1742 4221 1887 4275 enim
1907 4219 2124 4290 igneus,

551 4315 670 4370 sive
697 4329 728 4368 a
751 4315 916 4371 verbo
945 4313 1078 4379 θεῖν,
1111 4329 1318 4368 currere
1345 4321 1400 4368 et
1429 4311 1650 4368 incitate
1681 4310 1832 4374 ferri,
1863 4309 2128 4381 quoniam

553 4403 774 4462 assidue
803 4405 1215 4476 circumagitur.
1247 4405 1356 4460 Aer
1379 4405 1532 4459 abeo
1562 4403 1710 4474 quod
1739 4411 1823 4458 est
1845 4403 1984 4466 ἀειν,
2017 4401 2130 4457 hoc

2237 579 2334 648 μὲν
2361 579 2575 646 λέγουσι
2603 579 2730 648 περὶ
2753 579 2841 630 τὸν
2871 578 3044 630 κῶνον
3071 579 3241 649 αὐτὴν
3263 580 3552 650 γινομένην
3578 579 3679 651 τῆς
3703 583 3808 654 γῆς

2229 670 2388 723 τοῦτο
2425 671 2672 741 πάσχειν.
2711 672 2922 742 Ὥσπερ
2953 669 3062 742 γὰρ
3089 669 3250 734 εἴτις
3281 671 3360 734 εἰς
3391 671 3516 742 ὅρος
3547 671 3804 746 ἀναϐαίη,

2229 763 2323 816 καὶ
2355 763 2446 816 ἐπὶ
2473 763 2642 832 ἄκρου
2675 762 2840 816 αὑτοῦ
2881 763 3062 832 σταίη,
3094 761 3214 824 ὅλος
3245 763 3494 832 φαίνεται
3527 766 3638 827 τοῖς
3663 763 3810 819 ἀπω-

2229 855 2322 908 θεν
2344 852 2462 909 οὖσι
2484 873 2496 886 ·
2523 855 2723 910 κατιὼν
2737 856 2794 909 δὲ
2822 858 2913 910 ἐπὶ
2934 857 2994 910 τό
3018 857 3203 928 ἕτερον
3231 857 3416 928 μέρος,
3441 860 3554 922 τοῖς
3577 859 3807 912 κατόπιν

2229 948 2390 1000 αὐτοῦ
2418 951 2518 1002 οὐκ
2545 949 2624 1002 ἔτι
2655 949 2776 1013 ὅλος
2807 950 3056 1019 φαίνεται
3075 966 3088 980 ·
3119 949 3256 1002 ἀλλὰ
3288 950 3416 1021 περί
3447 950 3470 982 ³
3491 953 3616 1014 τοὺς
3639 951 3808 1016 πόδας

2229 1043 2402 1112 ἐφάνη
2445 1044 2586 1094 ὲκεῖο
2620 1043 2652 1112 ἥ
2691 1043 2772 1094 ἔτι
2807 1041 3006 1112 μᾶλλον
3045 1041 3420 1096 κατιὼνοκατὰ
3461 1041 3654 1112 βραχὺ,
3699 1043 3807 1106 ἕως

2227 1129 2288 1187 οὗ
2311 1135 2428 1198 ὅλος
2455 1136 2666 1204 ἀφανὴς
2693 1135 2952 1205 γένηται·
2987 1133 3130 1188 οὕτω
3153 1135 3286 1204 φασί
3325 1135 3418 1188 καὶ
3443 1135 3543 1206 τὴν
3574 1135 3806 1206 σελήνην

2229 1227 2358 1278 ποτὲ
2393 1227 2488 1294 μὲν
2519 1226 2700 1296 πλήρη
2734 1227 3043 1294 φαίνεσθαι,
3071 1227 3204 1280 ποτὲ
3237 1227 3296 1280 δὲ
3329 1229 3394 1281 ὲκ
3427 1227 3648 1298 μέρους,
3675 1229 3808 1300 περί¹

2227 1314 2320 1366 τὸν
2357 1314 2530 1368 κῶνον
2561 1316 2846 1386 γινομένην
2886 1317 2984 1387 τῆς
3027 1317 3152 1388 γῆς,
3185 1318 3306 1388 οὐχί
3349 1319 3674 1390 μειουμένην
3706 1321 3802 1374 αὐ-

2227 1409 2346 1477 τὴν,
2375 1407 2490 1461 ἀλλ’
2517 1411 2646 1479 ἡμῖν
2685 1409 2828 1464 οὕτω
2861 1411 3211 1482 φαινομένην.
3239 1414 3300 1464 Oi
3327 1411 3384 1464 δὲ
3423 1411 3670 1479 λέγοντες
3705 1412 3802 1465 αὐ-

2225 1499 2322 1570 τὴν
2366 1501 2657 1572 κατόπτρῳ
2689 1502 3080 1572 παραπλησίαν
3111 1499 3272 1566 εἶναι,
3296 1503 3566 1572 ἐκλείψεις
3585 1503 3802 1570 λέγουσι

2225 1593 2469 1660 γίνεσθαι
2501 1593 2695 1662 αὐτῆς,
2727 1595 2784 1648 αἱ
2827 1593 2922 1646 τοῦ
2965 1595 3096 1647 ποτὲ
3144 1595 3243 1665 μὲν
3285 1594 3466 1666 πλήρη
3515 1593 3800 1664 φαίνεσθαι

2225 1683 2390 1754 αὐτὴν
2421 1683 2594 1739 αἴτιαι
2639 1685 2896 1754 γίνονται,
2940 1687 3072 1738 ποτὲ
3113 1686 3170 1738 δὲ
3203 1686 3362 1740 ἐνδεᾶ
3403 1685 3580 1754 φωτὸς
3619 1681 3796 1738 εἶναι’

2225 1775 2412 1845 ὥσπερ
2439 1775 2547 1846 γὰρ
2579 1777 2628 1828 εἰ
2667 1777 2972 1849 κάτοπτρον
3013 1777 3192 1832 λαϐών
3225 1795 3308 1840 τις
3345 1777 3520 1830 ἐθέλοι
3565 1777 3666 1848 τὴν
3703 1777 3800 1830 ἀπ’

2229 1868 2392 1922 αὐτοῦ
2437 1868 2830 1922 ἀντανάκλασιν
2862 1869 2956 1921 τοῦ
2997 1869 3214 1922 εἰδώλου
3257 1867 3574 1932 θεάσασθαι,
3609 1869 3670 1932 ἐξ
3715 1869 3802 1922 ὲν-

2227 1959 2414 2022 αντίας
2435 1959 2528 2012 τοῦ
2563 1959 2854 2030 προσώπου
2883 1959 3047 2012 αὐτοῦ
3067 1959 3164 2028 τὴν
3193 1959 3340 2013 θέσιν
3362 1957 3456 2012 τοῦ
3489 1957 3800 2030 κατόπτρου

2227 2055 2550 2122 ποιήσεται·
2599 2051 2754 2104 τοῦτο
2799 2051 2908 2122 γὰρ
2957 2051 3212 2122 ποιήσας,
3255 2049 3374 2103 ὅλον
3407 2049 3468 2102 τὸ
3509 2049 3802 2119 πρόσωπον

2227 2146 2392 2199 αὐτοῦ
2423 2145 2674 2198 θεάσεται
2723 2146 2781 2197 ἐν
2813 2145 2890 2214 τῷ
2931 2143 3256 2214 κατόπτρῳ’
3289 2143 3338 2195 εἰ
3379 2141 3438 2194 δὲ
3477 2139 3801 2210 πλαγιάσειε

2226 2236 2286 2288 τὸ
2321 2237 2643 2308 κάτοπτρον,
2679 2235 2814 2306 προς
2843 2234 2934 2288 τὸν
2975 2231 3318 2302 πλαγιασμὸν
3355 2231 3450 2284 καὶ
3493 2229 3593 2302 τὴν
3623 2229 3802 2300 ἔγκλι-

2229 2345 2314 2382 σιν
2348 2329 2441 2381 τοῦ
2489 2329 2796 2399 κατόπτρου
2848 2327 2882 2398 ἢ
2935 2325 2998 2379 τὸ
3047 2326 3307 2396 δίμοιρον,
3353 2323 3482 2394 ἢτδ
3520 2323 3716 2394 ἥμισυ,
3760 2323 3798 2392 ἢ

2229 2422 2400 2492 βραχύ
2431 2439 2486 2474 τι
2515 2423 2678 2492 μέρος
2707 2419 2898 2472 τούτου
2925 2419 3178 2472 θεάσεται
3208 2415 3684 2487 άντανακλώμενον
3703 2414 3800 2468 τοῦ

2227 2513 2518 2585 προσώπου
2543 2511 2727 2574 αὐτοῦ,
2745 2511 2840 2565 τοῦ
2865 2510 3168 2580 κατόπτρου
3189 2508 3570 2578 έκκλινομένου
3587 2525 3600 2538 ⁸
3627 2507 3801 2569 οὕτως

2227 2607 2320 2660 καί
2353 2606 2446 2658 ἐπὶ
2471 2605 2570 2674 τῆς
2601 2605 2849 2675 σελήνης.
2883 2601 3066 2676 Ταύτῃ
3093 2605 3158 2672 τῇ
3193 2601 3319 2674 δόξῃ
3351 2601 3528 2654 ἔοικεν
3564 2601 3802 2670 ιἌρατος

2225 2695 2568 2750 ἀκολουθεῖν·
2607 2697 2738 2766 φησί
2769 2696 2878 2766 γάρ
2899 2709 2917 2726 ο

2225 2811 2346 2866 Αἱεὶ
2375 2809 2426 2864 δ’
2469 2809 2729 2864 ἄλλοθεν
2769 2808 2930 2862 ἄλλα
2963 2807 3458 2876 παρεκκλίνουσα
3488 2803 3800 2873 πρόσωπα,

2225 2928 2288 2980 τὸ
2318 2927 2413 2980 τοῦ
2451 2925 2758 2994 κατόπτρου
2793 2923 3142 2996 παράδειγμα
3175 2921 3563 2990 αἰνιττόμενος.
3607 2915 3801 2988 Προεί-

2231 3038 2387 3092 ρηται
2416 3019 2472 3072 δὲ
2501 3019 2529 3070 ό
2557 3019 2760 3088 κόσμος
2789 3017 3022 3086 σφαίρας
3051 3015 3194 3084 ἔχειν
3229 3013 3413 3084 σχῆμα
3431 3029 3446 3044 ο
3477 3009 3673 3076 ἔξωθεν
3703 3009 3804 3080 μὲν

2229 3111 2570 3182 κυκλοτερῶς
2615 3109 2996 3182 περικείμενον
3027 3109 3163 3178 ἔχων
3195 3107 3286 3160 τὸν
3319 3104 3568 3178 οὐρανὸν,
3611 3119 3801 3174 μεσαι-

2225 3208 2393 3280 τάτην
2437 3207 2495 3258 δὲ
2537 3205 2636 3276 τὴν
2670 3205 2796 3275 γῆν,
2845 3204 3069 3274 κέντρου
3111 3203 3204 3255 καί¹
3239 3199 3464 3270 σημείου
3510 3197 3662 3263 τάξιν
3703 3197 3802 3248 ἑπ-

2226 3301 2452 3370 έχουσαν
2469 3313 2483 3328 ⁸
2515 3295 2716 3368 μεταξὺ
2744 3295 2803 3348 δὲ
2829 3293 2998 3364 αὐτῆς
3029 3293 3122 3346 καὶ
3139 3283 3240 3344 ’τοῦ
3263 3287 3491 3360 οὐρανοῦ
3517 3287 3709 3358 αἰθέρα
3739 3303 3802 3338 τε

2226 3387 2389 3442 αὐτὸν
2423 3383 2582 3452 εἶναι,
2613 3385 2709 3439 καὶ
2739 3385 2898 3456 ἀέρα,
2927 3384 3021 3438 καί
3051 3381 3194 3452 ὕδωρ
3237 3377 3543 3450 σφαιρικῶς
3575 3377 3667 3430 ὑπ’
3709 3377 3804 3429 ἀλ-

2225 3481 2399 3554 λήλων
2439 3480 2694 3550 ἐχόμενα.
2737 3477 2958 3547 Κόσμον
2997 3475 3054 3527 δὲ
3094 3473 3193 3544 τὴν
3223 3471 3334 3524 τῶν
3374 3471 3512 3524 ὅλων
3545 3468 3804 3523 σύστασιν

2225 3574 2379 3646 παρὰ
2405 3573 2504 3644 τὴν
2531 3570 2894 3642 διακόσμησιν
2927 3567 3022 3622 καί
3055 3565 3308 3633 εὐταξίαν
3337 3563 3602 3618 ἐκάλεσαν
3631 3563 3681 3615 οἱ
3707 3577 3806 3614 πα-

2224 3667 2363 3720 λαιοί
2388 3683 2402 3696 ·
2432 3666 2508 3728 ὡς
2538 3663 2632 3718 καὶ
2667 3663 2916 3734 Ὅμηρος
2937 3678 2952 3691 ο

2225 3775 2544 3846 Κοσμῆσαι
2569 3775 2792 3842 ἵππους
2812 3791 2876 3828 τε
2898 3773 2994 3828 καί
3019 3771 3245 3842 ἄνδρας
3269 3769 3635 3833 ἀσπιδιώτας
3651 3781 3668 3794 ⁵

2226 3885 2322 3939 καὶ
2344 3885 2505 3940 πάλιν
2521 3901 2534 3916 ·

2227 3997 2424 4068 Αὐτὰρ
2469 3997 2598 4052 ἐπεὶ
2627 3999 2935 4067 κόσμηθεν
2963 3995 3060 4065 ἅμ’
3097 3995 3500 4064 ἡγεμόνεσσιν
3537 3991 3808 4054 ἕκαστοι,

2227 4136 2325 4209 τὴν
2363 4135 2615 4202 εὐταξίαν
2655 4133 2848 4203 λέγων.
2895 4131 3070 4204 Αἰθὴρ
3109 4133 3168 4186 δὲ
3201 4131 3421 4200 λέγεται
3449 4129 3557 4186 ἀπὸ
3581 4129 3674 4183 τοῦ
3715 4129 3808 4182 αἴ-

2229 4229 2374 4283 θειν·
2421 4227 2675 4300 πυρώδης
2721 4227 2830 4298 γάρ
2865 4228 3048 4280 ἐστιν·
3093 4225 3128 4296 ῆ
3172 4225 3282 4278 ἀπὸ
3312 4225 3406 4278 τοῦ
3449 4223 3538 4278 ἀεὶ
3566 4223 3680 4276 θεῖν
3709 4222 3810 4276 καὶ

2229 4323 2434 4394 ὁρμᾷν·
2485 4319 2671 4391 ἐπειδὴ
2706 4320 2794 4373 ἀεὶ
2840 4319 3220 4391 περιφέρεται.
3267 4317 3402 4390 ’Δὴρ
3451 4315 3510 4370 δὲ
3559 4311 3667 4370 ἀπὸ
3711 4315 3809 4368 τοῦ

2229 4415 2375 4470 dav-
2403 4413 2519 4468 ἀειν
2549 4413 2658 4484 γὰρ
2701 4412 2764 4466 τὸ
2817 4414 2989 4466 πνεῖν.
3039 4411 3282 4484 Οὐρανὸς
3317 4411 3374 4464 δὲ
3415 4409 3538 4464 ὅθεν
3581 4407 3806 4478 ἐκλήθη,

549 4503 637 4551 est
669 4495 819 4559 ﬂare,
850 4511 1050 4551 nomen
1081 4497 1304 4565 accipit.
1327 4495 1539 4552 Catlum
1570 4495 1717 4554 unde
1741 4505 1996 4553 vocatum
2029 4497 2121 4564 sit,

2233 4507 2576 4578 προείρηται.

551 4585 716 4656 paulo
754 4591 880 4640 ante
915 4587 1288 4642 meminimus.

623 4676 723 4732 Hic
757 4693 786 4730 a
829 4679 1108 4732 nonnullis
1153 4678 1442 4748 quaeritur,
1471 4693 1572 4733 cur
1617 4693 1742 4732 cum
1775 4678 1964 4749 ignitae
2011 4678 2124 4734 sint

549 4770 754 4837 stellae,
809 4785 1154 4840 nequaquam
1201 4787 1302 4826 nos
1359 4771 1478 4826 suis
1521 4770 1808 4826 ardoribus
1855 4779 2122 4827 exurant.
2159 4773 2164 4778 ’

551 4859 986 4932 Respondemus,
1015 4877 1180 4932 supra
1212 4871 1413 4916 terram
1441 4863 1564 4918 illas
1595 4878 1718 4919 esse
1746 4863 1990 4934 quidem,
2030 4863 2127 4918 sed

551 4953 836 5009 obscurari
875 4955 1006 5009 solis
1033 4954 1240 5020 radiis,
1287 4961 1342 5009 et
1381 4953 1645 5010 hebetari.
1693 4955 1970 5022 Quocirca
2027 4971 2130 5012 sae-

551 5063 848 5120 penumero
875 5048 944 5103 de
967 5047 1076 5112 die,
1106 5063 1229 5102 cum
1253 5049 1336 5102 sol
1365 5047 1569 5114 deﬁcit,
1596 5050 1786 5106 stellas
1819 5051 2126 5108 intuemur.

551 5139 767 5195 Rursus
793 5139 1081 5209 quaeritur,
1122 5138 1168 5194 si
1209 5136 1390 5193 inﬁxae
1423 5147 1552 5194 sunt
1588 5141 1729 5196 coelo
1779 5141 1986 5207 stellae,
2027 5155 2128 5196 cur

551 5237 720 5284 noctu
761 5235 816 5284 et
855 5227 1094 5283 interdiu
1138 5228 1248 5284 labi
1287 5243 1382 5284 eas
1426 5246 1457 5286 e
1501 5231 1642 5286 caelo
1671 5231 1976 5287 videamus.
2023 5230 2128 5287 Cui

553 5322 634 5377 sic
683 5323 1070 5378 occurrimus:
1117 5335 1230 5378 non
1281 5321 1432 5394 ipsas
1481 5325 1680 5380 cadere
1744 5325 1974 5392 stellas,
2025 5323 2124 5380 sed

553 5413 897 5484 Splendorem
925 5415 1213 5486 quemdam
1253 5431 1322 5470 ex
1367 5417 1476 5472 illis
1519 5415 1816 5487 proﬂuere;
1849 5423 2014 5488 atque
2061 5423 2122 5470 ut

555 5505 822 5571 ventilati,
853 5517 949 5560 aut
977 5507 1162 5578 agitati
1195 5508 1462 5565 carbones
1507 5517 1808 5564 coruscant
1843 5509 2018 5580 magis
2065 5523 2130 5564 ac

557 5597 824 5654 scintillas
847 5601 1134 5676 evibrant',
1181 5601 1256 5657 ita
1295 5602 1466 5658 stella:
1501 5601 1752 5660 obscurae
1790 5609 1919 5660 sunt
1949 5602 2126 5660 inter-

2295 4684 2526 4757 Ζητοῦσι
2549 4685 2608 4736 δέ
2621 4699 2792 4746 τινες,
2815 4683 2864 4734 εἰ
2884 4680 3152 4752 πυρώδεις
3176 4681 3312 4734 εἰσίν
3339 4681 3388 4734 οἰ
3415 4679 3662 4750 ἀστέρες,
3693 4677 3812 4742 πῶς

2231 4778 2290 4831 οὐ
2325 4777 2500 4830 καίειν
2532 4777 2680 4846 ἡμᾶς
2705 4775 3004 4843 φαίνονται.
3042 4773 3290 4843 Δέγομεν
3319 4767 3432 4838 οὖν,
3464 4771 3540 4834 ὡς
3569 4769 3676 4823 εἰσὶ
3709 4768 3812 4840 μὲν

2233 4867 2373 4939 ὑπὲρ
2420 4866 2558 4934 γῆς·
2613 4865 3048 4933 καταυγάζονται
3097 4863 3156 4916 δὲ
3200 4861 3306 4916 ὐπὸ
3357 4861 3454 4916 τοῦ
3483 4861 3657 4932 ἡλίου,
3713 4863 3816 4915 καὶ

2231 4957 2622 5030 ἀμαυροῦνται.
2659 4951 2746 5008 Ἐν
2773 4955 2904 5024 γοῦν
2935 4955 3212 5024 ἐκλείψεσι
3242 4951 3338 5007 τοῦ
3368 4953 3520 5024 ἡλίου
3549 4951 3816 5016 πολλάκις

2231 5053 2458 5122 ἀστέρες
2484 5049 2744 5122 ὤφθησαν
2791 5051 2848 5102 ὲν
2894 5049 3099 5120 ἡμέρᾳ.
3132 5047 3243 5102 Καὶ
3275 5047 3438 5102 πάλιν
3463 5045 3728 5118 ζητεῖται,
3755 5047 3812 5100 εί

2231 5143 2586 5214 ὲμπεπήγασι
2612 5139 2686 5211 τῷ
2714 5139 2927 5211 οὐρανῷ
2963 5143 3010 5193 οἰ
3039 5137 3284 5210 ἀστέρες,
3307 5139 3424 5202 πῶς
3452 5137 3668 5210 ὁρῶμεν
3697 5138 3816 5192 ένί-

2231 5251 2320 5288 οτε
2367 5233 2560 5297 νυκτὸς
2617 5233 2712 5286 καὶ
2753 5231 2965 5304 ἡμέρας
3027 5229 3506 5300 καταφερομένους
3549 5229 3816 5302 ἀστέρας.

2231 5326 2412 5397 Φαμὲν
2437 5325 2514 5390 δὲ,
2549 5325 2630 5378 ὅτι
2657 5323 2757 5378 οὐκ
2783 5323 2940 5376 αὐτοὶ
2969 5321 3419 5386 καταπίπτουσιν,
3451 5319 3588 5375 άλλά
3615 5319 3730 5390 φῶς
3759 5339 3820 5376 τι.

2233 5419 2292 5484 ἐξ
2313 5418 2488 5473 αὐτῶν
2515 5417 2776 5489 ἀπορρεῖ·
2807 5415 2903 5470 καὶ
2933 5415 3122 5485 ὥσπερ
3149 5416 3200 5468 oi
3233 5414 3502 5488 ἄνθρακες
3531 5413 3810 5486 ριπιξόμε⁴

2233 5531 2333 5580 νοι,
2361 5513 2394 5585 ἢ
2425 5511 2736 5584 κινούμενοι
2761 5510 3132 5581 λαμπρότεροι
3162 5510 3430 5578 γίνονται,
3455 5509 3549 5563 καὶ
3581 5507 3820 5578 σπινθῆ-

2235 5621 2334 5676 ρας
2361 5602 2748 5672 ἀποπέμπουσι
2767 5617 2780 5632 ο
2811 5601 2902 5654 τὸν
2933 5601 3096 5654 αὐτὸν
3125 5601 3324 5672 τρόπον
3365 5599 3458 5654 καὶ
3491 5601 3540 5653 οἰ
3583 5597 3828 5667 ἀστέρες
3893 5627 3896 5630 -

631 5775 924 5845 δμπω.
