4132 6422
343 375 445 430 965

1038 374 1356 430 ACHILLIS
1397 373 1580 429 TATlI
1611 373 1909 430 [SAGOGE
1949 374 2040 428 Al)
2078 374 2286 427 ARATI
2330 374 2796 430 PHIENOMENA.

3462 371 3567 448 οδε

342 496 472 550 ποτὲ
524 496 619 567 μὲν
663 496 913 566 άμυδροὶ,
949 496 1078 548 ποτὲ
1124 495 1182 548 δὲ
1235 495 1450 566 φαιδροὶ
1482 496 1761 564 γίνονται·
1792 492 1902 545 ἔσθ’

2008 492 2137 546 dum
2159 531 2174 556 ,
2207 493 2341 548 alias
2364 495 2677 564 splendent;
2706 509 3098 564 nonnunquam
3125 494 3306 550 lumen
3347 508 3417 548 ex
3447 507 3570 549 sese

343 589 428 640 ὅτε
454 587 511 640 δὲ
547 587 637 639 καὶ
665 586 779 654 φῶς
801 585 858 652 ἐξ
879 585 1056 638 αὐτῶν
1085 586 1449 656 ἐκπέμπουσι.

413 679 518 748 Σχή
528 695 690 749 ματος
716 679 892 730 τοίνυν
925 677 1210 748 σφαιρικοῦ
1230 678 1360 749 ’περὶ⁵
1389 677 1479 728 τὸν
1508 677 1707 746 κόσμον
1735 675 1904 738 ὄντος,

345 770 436 822 καὶ
468 770 564 839 τῆς
591 769 708 839 ,γῆς
753 770 809 822 ἐν
853 768 1001 839 μέσῳ
1041 768 1267 839 κέντρου
1322 767 1475 832 τάξιν
1519 766 1838 836 ἐπεχούσης,
1880 767 1908 816 6

343 860 450 913 ἀπὸ
469 860 567 930 τῆς
594 860 942 932 περιφερείας
967 859 1067 928 τῆς
1104 859 1337 928 σφαίρας
1368 858 1460 910 τοῦ
1489 858 1714 926 κέντρου
1740 855 1907 924 αὐτῆς

342 953 542 1022 διήκων
579 952 670 1004 ἐπὶ
705 953 804 1023 τὴν
838 951 1189 1023 περιφέρειαν
1218 950 1360 1014 ἄξων
1387 949 1649 1016 καλεῖται,
1679 948 1806 1018 περὶ
1848 947 1908 1000 ὃν

345 1044 633 1114 στρέφεται
677 1045 709 1114 ἡ
749 1046 954 1114 σφαῖρα
990 1043 1106 1112 ἤτοι
1132 1043 1224 1111 ἀφ’
1255 1041 1476 1110 ἑαυτῆς,
1516 1041 1548 1112 ἥ
1583 1042 1670 1109 ὑφ’
1720 1040 1906 1110 ἑτέρου

345 1136 652 1206 κινουμένη.
699 1137 1060 1207 Ἀμφοτέραις
1102 1138 1210 1208 γὰρ
1255 1139 1374 1199 ταῖς
1417 1137 1596 1204 δόξαις
1625 1136 1654 1188 ὁ
1682 1135 1906 1188 Πλάτων

343 1228 401 1280 ὲν
427 1227 506 1298 τῷ
534 1227 826 1294 Πολιτικῷ
853 1229 1136 1300 κέχρηται.

724 1343 862 1409 Περὶ
891 1344 1148 1405 κύκλων,
1180 1342 1277 1396 καὶ
1307 1343 1397 1396 ὅτι
1431 1349 1522 1396 ια’.

415 1434 518 1503 κβ’.
551 1434 753 1487 Κύκλοι.
789 1435 846 1487 δέ
872 1436 1007 1486 εἰσιν
1039 1433 1104 1487 ια’
1125 1452 1137 1464 °
1173 1434 1368 1500 ἔξωθεν
1404 1435 1503 1510 μὲν
1535 1434 1635 1504 τῆς
1671 1435 1906 1506 σφαίρας

342 1529 434 1581 δύο
467 1529 729 1598 μέγιστοι,
763 1529 791 1580 ὅ
819 1547 875 1580 τε
914 1527 1111 1599 ὁρίζων
1136 1527 1229 1580 καὶ
1260 1530 1288 1580 6
1322 1528 1715 1598 μεσημϐρινός·
1763 1528 1905 1594 λοξοὶ

342 1622 397 1674 δὲ
423 1621 515 1674 δύο
545 1623 810 1691 μέγιστοι,
842 1622 934 1674 καὶ
962 1624 1072 1684 τοῖς
1101 1621 1384 1692 προτέροις
1424 1619 1548 1682 ἴσοι,
1580 1622 1607 1672 ὁ
1645 1619 1906 1682 ζωδιακὸς

344 1715 436 1766 καὶ
470 1717 497 1767 6
525 1713 785 1782 γαλαξίας
807 1731 819 1743 ·
845 1713 1087 1784 κόλουροι
1112 1713 1168 1764 δὲ
1199 1713 1290 1765 δύο
1323 1711 1414 1765 καὶ
1442 1713 1593 1764 αὐτοὶ
1620 1711 1864 1781 μέγιστοι
1889 1729 1900 1741 ·

2004 581 2340 649 jaculantur.

2078 670 2188 742 84
2207 670 2326 725 Jam
2353 687 2484 727 vero
2503 713 2516 736 ,
2557 674 2815 743 quoniam
2838 673 3073 729 mundus
3106 674 3370 744 sphaerica
3395 673 3570 742 ﬁgura

2010 764 2269 832 praeditus
2295 771 2401 827 est,
2434 773 2488 819 et
2521 765 2578 819 in
2607 766 2728 836 ejus
2761 766 2941 822 medio
2972 767 3149 821 centri
3184 767 3363 820 locum
3396 778 3568 817 occu-

2009 862 2100 921 pat
2132 862 2275 906 terra
2300 872 2314 921 ;
2356 856 2476 911 axis
2504 857 2557 910 in
2593 874 2656 912 ea
2685 865 2914 913 vocatur
2943 859 3108 923 linea,
3134 874 3254 927 quin
3283 873 3313 910 a
3343 856 3571 926 sphaerae

2008 943 2217 998 ambitu
2245 944 2472 1014 trajecta
2503 962 2599 1015 per
2620 955 2870 1002 centrum
2903 949 2970 1002 ad
3000 949 3264 1003 ambitum
3294 947 3566 1018 pertinet;

2007 1048 2167 1102 quem
2201 1034 2407 1088 circum
2453 1037 2664 1105 sphaera
2693 1039 2926 1092 volvitur
2947 1080 2960 1104 ,
2997 1039 3111 1093 sive
3149 1054 3246 1108 per
3275 1054 3416 1104 sese,
3452 1041 3571 1095 sive

2007 1125 2233 1182 alterius
2289 1127 2549 1198 impulsu.
2597 1129 2730 1184 Nam
2787 1141 3018 1201 utraque
3069 1133 3340 1186 sententia
3389 1138 3569 1188 exstat

2007 1218 2150 1287 apud
2190 1218 2473 1275 Platonem
2508 1223 2561 1276 in
2587 1222 2836 1278 Politico.

2183 1332 2260 1386 De
2296 1334 2506 1387 circulis
2535 1335 2769 1402 sphazrte,
2805 1337 2892 1406 qui
2916 1347 3035 1391 sunt
3061 1354 3274 1391 numero
3297 1353 3371 1391 xl.

2075 1425 2167 1480 22.
2199 1425 2460 1481 Undecim
2496 1439 2625 1482 sunt
2671 1428 2897 1492 circuli,
2931 1444 3162 1500 quorum
3201 1431 3423 1485 maximi
3460 1431 3568 1486 duo

2007 1522 2135 1570 sunt
2157 1524 2315 1570 extra
2349 1518 2618 1586 sphaeram
2641 1562 2655 1586 ,
2685 1521 2914 1574 horizon
2940 1528 2994 1576 et
3022 1521 3386 1588 meridianus;
3427 1522 3567 1576 obli-

2005 1606 2098 1674 qui
2123 1617 2252 1661 sunt
2285 1607 2394 1662 duo
2426 1610 2670 1674 maximi,
2696 1611 3072 1681 superioribus
3099 1614 3357 1682 aequales,
3382 1614 3567 1668 zodia-

2005 1711 2105 1753 cus
2131 1705 2187 1753 et
2235 1699 2464 1756 lacteus.
2516 1700 2703 1756 Coluri
2750 1702 2860 1757 duo
2897 1711 3028 1757 sunt
3071 1705 3292 1758 maximi
3338 1713 3391 1759 et
3434 1705 3562 1776 ipsi,

343 1806 673 1876 παράλληλοι
705 1805 759 1857 δὲ
791 1805 971 1866 πέντε,
1003 1798 1078 1856 ὧν
1118 1807 1146 1856 6
1173 1803 1333 1873 μέσος
1361 1803 1501 1856 κατὰ
1537 1803 1762 1874 μέγεθος
1792 1803 1903 1866 ἴσος

2008 1791 2252 1860 paralleli
2309 1793 2583 1861 quinque;
2633 1808 2865 1861 quorum
2923 1795 3138 1850 medius
3203 1797 3426 1866 aequalis
3479 1806 3566 1852 est

337 1903 454 1962 rei;
481 1897 911 1970 προειρημένοις.
940 1897 1099 1948 Ὥστε
1133 1895 1326 1966 ὁρίζων
1357 1897 1451 1948 καὶ
1479 1897 1506 1948 6
1534 1895 1905 1966 μεσημϐρινὸς

345 1992 447 2050 ἶσοι
477 1990 601 2052 εἰσὶ,
629 1989 763 2041 διότι
809 1988 894 2040 διὰ
939 1985 1030 2039 τοῦ
1061 1987 1285 2057 κέντρου
1330 1987 1583 2057 τέμνουσι
1612 1986 1710 2056 τὴν
1743 1989 1902 2056 σφαῖ-

346 2099 464 2152 ραν.
501 2080 718 2151 Ῥητέον
742 2079 797 2132 δὲ
833 2079 961 2149 περὶ
991 2078 1241 2132 ἑκάστου.

415 2171 639 2238 Λέγεται
677 2169 734 2222 δὲ
764 2167 979 2238 ὁρίζων,
1023 2167 1155 2220 διότι
1197 2166 1364 2238 ὁρίζει
1410 2167 1471 2219 τὸ
1521 2166 1624 2219 ὑπὸ
1663 2167 1764 2236 γῆν
1809 2166 1903 2218 καὶ

344 2264 482 2333 ὑπὲρ
515 2263 618 2333 γῆν
651 2263 1020 2333 ἡμισφαίριον.
1054 2261 1188 2332 Περὶ
1227 2261 1335 2331 γὰρ
1365 2259 1464 2330 τὴν
1513 2263 1742 2330 σφαῖραν
1773 2258 1904 2324 ἕξω-

345 2356 436 2408 θεν
460 2355 557 2418 ὣν,
581 2353 732 2418 τάξιν
762 2352 989 2424 ἔχειτοῦ
1031 2351 1304 2416 Ὠκεανοῦ,
1337 2351 1395 2415 ὃς
1424 2350 1620 2416 ἔξωθεν
1651 2351 1902 2421 περικλύ-

346 2447 428 2510 ζει
472 2447 572 2517 τὴν
602 2446 738 2516 γῆν⁸
787 2447 880 2514 ἀφ’
921 2439 981 2498 οὗ
1021 2443 1348 2506 ἀνατέλλειν,
1398 2445 1491 2496 καὶ
1518 2445 1598 2507 εἰς
1632 2443 1690 2496 ὃν
1727 2442 1902 2496 δύνειν

341 2537 578 2590 δοκεῖτὰ
615 2536 808 2607 ἄστρα.
840 2535 1002 2589 Ὅθεν
1039 2535 1133 2589 καὶ
1160 2535 1536 2606 Νεοπτόλεμος
1561 2537 1590 2588 ὁ
1634 2536 1904 2606 Παριανὸς

343 2631 400 2680 ὲν
430 2631 496 2698 τῇ
535 2627 835 2696 Τριχθονίᾳ
868 2625 1029 2697 φησί·

389 2777 400 2789 .
431 2781 441 2790 .
477 2737 556 2803 τῷ
583 2737 750 2793 πᾶσα
781 2739 1130 2808 περίρρυτος
1156 2738 1454 2792 ἐνδέδεται
1485 2737 1663 2808 χθών.

410 2853 570 2904 Ὅθεν
606 2852 700 2905 καλ¹
745 2853 980 2922 Ἀρατος
1027 2851 1276 2906 Ὠκεανὸν
1319 2853 1479 2906 αὐτὸν
1519 2852 1678 2906 καλεῖ
1726 2852 1812 2906 διά
1847 2870 1903 2905 τε

342 2944 544 2996 τούτων
574 2945 668 2997 καὶ
691 2944 864 2999 ἄλλων
886 2961 900 2975 ·

337 3056 528 3124 Αὐτὰρ
570 3057 653 3126 ὅγ’
706 3058 982 3112 Ὠκεανοῦ
1025 3058 1259 3111 τόσσον
1286 3058 1695 3126 παραμείϐεται
1725 3057 1900 3126 ὕδωρ,

347 3128 569 3180 Ὅσσον
606 3127 705 3180 ἀπ’
743 3128 1098 3196 Αίγοκερῆος
1118 3127 1536 3198 ἀνερχομένοιο
1567 3128 1835 3198 μάλιστα

343 3198 637 3262 Καρκίνον
666 3200 751 3262 εἰς
776 3199 1038 3251 ἀνιόντα.

342 3288 502 3351 Εἰκὸς
541 3289 595 3340 δὲ
640 3289 799 3343 αὐτὸν
832 3291 889 3357 ἐξ
927 3291 1164 3362 Ὀμήρου
1196 3291 1292 3362 τὴν
1326 3291 1579 3362 ἀφορμὴν
1617 3291 1779 3362 ἔχειν,
1814 3291 1903 3344 λέ-

342 3374 554 3425 γοντος,

355 3514 451 3586 Ἑν
475 3513 525 3565 δ’
555 3513 723 3586 ἔπεσ’
763 3515 1012 3580 Ὠκεανῷ
1033 3517 1310 3586 λαμπρὸν
1339 3517 1490 3585 φάος
1515 3517 1762 3586 ἠελίοιο,

345 3584 564 3637 ’Έλκον
611 3585 802 3639 νύκτα
839 3584 1134 3656 μέλαιναν
1173 3584 1271 3640 ἐπὶ
1307 3584 1578 3657 ζείδωρον
1608 3587 1868 3656 ἄρουραν
1889 3603 1901 3618 ·

343 3696 440 3750 καὶ
458 3736 473 3760 ,

354 3803 576 3870 Ἠέλιος
599 3804 651 3857 δ’
674 3805 968 3874 ἀνόρουσε
986 3805 1178 3862 λιπὼν
1203 3809 1565 3877 περικαλλέα
1585 3812 1830 3880 λίμνην.

411 3913 692 3983 Φιλόσοφοι
716 3915 773 3969 δὲ
797 3915 891 3970 καὶ
916 3917 1225 3988 γεωμέτραι
1253 3917 1497 3990 ὁρίζοντα
1521 3920 1682 3972 αὑτὸν
1711 3920 1904 3974 καλοῦ-

344 4019 449 4067 σιν,
481 3999 587 4056 οἶδε
611 4004 668 4058 δὲ
691 4004 784 4059 καὶ
812 4007 1044 4078 Ἀρατος
1067 4007 1227 4062 αὐτὸν
1260 4008 1507 4081 ὁρίζοντα
1548 4011 1615 4064 τὰ
1641 4011 1734 4064 δύο
1777 4013 1905 4083 ἡμι-

348 4096 570 4166 σφαίρια
589 4113 601 4127 ·
639 4098 772 4169 φησὶ
799 4098 937 4171 γάρ·

1268 4210 1369 4287 ᾗχι
1390 4230 1500 4285 περ
1521 4215 1692 4284 ἄκραι

342 4280 664 4348 Man-artat
689 4282 891 4350 δύσιές
919 4301 982 4339 τε
1004 4285 1101 4340 καὶ
1137 4280 1384 4341 ἀντολαὶ
1427 4280 1793 4358 ἀλλήλῃσιν.

410 4392 512 4445 Τὸν
535 4391 590 4444 δὲ
631 4393 878 4465 ὁρίζοντα
920 4399 1016 4451 καί
1057 4400 1424 4471 μεσημϐρινὸν
1452 4401 1600 4464 ἐντὸς
1636 4395 1773 4454 εἶναι
1805 4402 1903 4474 τῆς

342 4482 572 4553 σφαίρας
593 4485 696 4536 τῶν
724 4485 857 4538 ὅλων
883 4487 1117 4559 νοητέον.
1152 4490 1315 4542 Οὐδὲν
1346 4491 1452 4562 γὰρ
1484 4492 1590 4545 τῶν
1617 4491 1784 4545 ὄντων
1812 4493 1903 4545 αὐ-
1932 4515 1978 4572 D

339 4573 439 4650 τῆς
465 4576 610 4627 ἐστιν
637 4577 810 4638 ἐκτός.
845 4579 1011 4650 ’Υπὲρ
1036 4580 1092 4632 δὲ
1111 4581 1203 4634 τοῦ
1232 4583 1704 4654 παρακολουθῆσαι
1731 4586 1896 4655 ἡμᾶς,

339 4662 496 4726 ἐκτὸς
540 4659 676 4717 εἶναι
718 4665 964 4734 λέγονται
998 4672 1078 4733 είς
1115 4672 1176 4724 τὸ
1221 4673 1370 4737 ἐντὸς
1410 4674 1508 4744 τῆς
1538 4675 1771 4746 σφαίρας
1802 4677 1900 4728 πέσ-

343 4769 460 4821 ρας.

421 4845 476 4897 '0
521 4846 578 4899 δὲ
626 4849 990 4919 μεσημϐρινὸς
1018 4853 1356 4926 παρελήφθη,
1413 4856 1500 4910 ἵνα
1553 4857 1620 4910 τὰ
1657 4859 1763 4910 ἀπὸ
1805 4858 1902 4928 τῆς

337 4933 600 5004 ἀνατολῆς
631 4936 789 5008 μέχρι
822 4938 922 5007 τῆς
953 4938 1154 5003 δύσεως
1181 4942 1419 5017 δεικνύῃ,
1455 4947 1547 4998 καὶ
1594 4946 1680 4999 ἵνα
1715 4947 1899 5017 μάθωέ

340 5041 459 5094 μεν,
493 5025 574 5079 ὅτι
602 5027 740 5081 κατὰ
763 5029 948 5082 τοῦτον
979 5031 1255 5101 γινόμενος
1286 5038 1314 5087 6
1336 5037 1485 5106 ἥλιος
1519 5041 1612 5091 καὶ
1643 5039 1710 5090 τὰ
1742 5039 1901 5092 λοιπὰ

337 5116 511 5186 ἄστρα
559 5117 696 5188 ὑπὲρ
746 5120 850 5189 γῆς
900 5127 1251 5192 μσουρανεῖ·
1297 5127 1387 5179 καὶ
1435 5130 1464 5180 6
1507 5131 1697 5201 χρόνος
1747 5123 1900 5192 οὗτός

336 5207 450 5258 ἐστι
480 5209 813 5280 μεσημϐρία,
843 5214 1153 5285 μεσημερὶα
1180 5233 1262 5279 τις
1289 5213 1440 5270 οὖσα.
1466 5219 1603 5282 Τοὺς
1626 5220 1681 5272 δὲ
1715 5219 1902 5284 λοξοὺς

335 5302 382 5350 οἱ
417 5302 513 5368 μὲν
543 5303 851 5374 αἰσθητοὺς,
883 5308 932 5360 οἱ
967 5307 1025 5359 δὲ
1057 5309 1272 5374 πλείους
1315 5311 1405 5363 τὸν
1437 5311 1696 5379 γαλαξίαν
1734 5314 1900 5383 μόνον

335 5389 471 5443 εἶναι
496 5392 803 5462 βούλονται·
838 5399 960 5460 τοὺς
991 5398 1046 5450 δὲ
1072 5399 1289 5463 λοιποὺς
1316 5401 1519 5465 πάντας
1552 5404 1793 5473 νοητούς.

618 5595 818 5648 Πόσον
835 5595 901 5647 τὸ
925 5595 1152 5662 πλάτος
1177 5598 1282 5652 τοῦ
1315 5596 1617 5657 ζωδιακοῦ.

404 5688 509 5747 κγ’.
538 5683 596 5734 ὐ
627 5685 683 5736 δὲ
714 5684 972 5750 ζωδιακὸς
1004 5689 1153 5755 λοξὸς
1181 5691 1253 5741 ὢν
1280 5691 1630 5762 περιφέρειαν
1661 5692 1772 5762 ἔχει
1807 5714 1900 5765 με-

339 5769 543 5843 γίστην,
570 5775 656 5829 διὰ
678 5776 770 5829 τοῦ
800 5777 1020 5849 κέντρου
1045 5783 1144 5852 τῆς
1174 5781 1407 5851 σφαίρας
1429 5782 1524 5851 τὴν
1549 5787 1895 5856 περιγραφὴν

2006 1882 2261 1938 omnibus
2313 1883 2380 1938 iis
2408 1899 2547 1954 quos
2601 1884 2997 1941 recensuimus.
3050 1885 3289 1942 Horizon
3330 1903 3460 1959 ergo
3511 1899 3566 1942 et

2006 1971 2342 2028 meridianus
2395 1975 2635 2044 aequales
2681 1983 2830 2042 sunt,
2882 1976 3138 2047 quoniam
3177 1993 3274 2048 per
3315 1987 3562 2034 centrum

2005 2062 2256 2118 dividunt
2284 2066 2572 2136 sphaeram.
2606 2067 2783 2138 Atque
2809 2077 2868 2123 ut
2900 2071 2966 2125 de
2992 2070 3223 2141 singulis
3256 2082 3466 2143 agatur.

2076 2153 2314 2211 Horizon
2370 2159 2497 2213 inde
2548 2159 2728 2216 dictus
2778 2169 2863 2217 est
2920 2163 3066 2232 quod
3121 2163 3562 2234 hemisphaerium

2006 2261 2171 2317 supra
2205 2254 2406 2302 terram
2435 2250 2504 2304 ab
2529 2265 2596 2304 eo
2626 2250 2771 2321 quod
2801 2253 2989 2308 subter
3017 2263 3121 2320 est,
3156 2263 3390 2326 separat.
3428 2257 3561 2312 Nam

2005 2355 2130 2394 cum
2169 2342 2512 2398 extrinsecus
2552 2345 2780 2413 sphaerae
2820 2347 3248 2419 circumpositus
3295 2349 3384 2415 sit,
3416 2352 3564 2406 velut

2006 2431 2258 2489 Oceanus
2283 2442 2366 2489 est
2405 2434 2833 2508 circumquaque
2884 2446 3085 2494 terram
3115 2442 3350 2508 alluens,
3391 2458 3421 2498 e
3455 2459 3562 2513 quo

2006 2525 2177 2579 stellae
2209 2526 2368 2582 nobis
2417 2529 2588 2593 oriri,
2631 2536 2686 2584 et
2736 2531 2790 2585 in
2829 2547 2954 2588 eum
2999 2533 3251 2589 Occidere
3284 2537 3556 2592 videntur.

2006 2611 2144 2668 Hinc
2184 2613 2574 2686 Neoptolemus
2607 2616 2871 2676 Parianus
2906 2619 2960 2674 in
3002 2620 3386 2679 Trichthonia:

2009 2767 2022 2779 .
2045 2767 2094 2782 ..
2125 2768 2138 2782 .
2175 2729 2261 2783 cui
2292 2740 2401 2784 tota
2430 2732 2741 2802 circumﬂua
2769 2734 3008 2805 illigatur
3041 2744 3201 2791 terra.

2076 2841 2232 2898 Unde
2274 2843 2474 2901 Aratus
2501 2848 2665 2902 etiam
2696 2850 2966 2905 Oceanum
2995 2852 3230 2922 appellat
3271 2853 3417 2910 hunc
3448 2856 3558 2911 cir-

2005 2936 2188 2989 culum
2218 2950 2342 2989 cum
2366 2937 2420 2991 in
2451 2937 2608 3004 aliis,
2639 2947 2752 2994 tum
2788 2940 2842 2994 in
2870 2942 2991 2997 istis
3027 2944 3272 2999 versibus
3302 2965 3315 3000 :

2006 3045 2175 3121 Ijorro
2209 3047 2528 3121 isteOceam'
2559 3059 2765 3121 tantum
2795 3056 3137 3120 supereminet
3166 3057 3384 3121 undam,

2006 3116 2277 3190 Quantum
2307 3119 2520 3190 interest
2554 3137 2585 3173 a
2613 3116 2935 3190 Capricorno
2966 3127 3274 3182 ascendente
3301 3116 3527 3184 maxime

2006 3185 2271 3241 Cancrum
2300 3189 2369 3242 ad
2396 3185 2773 3260 assurgentem.

2003 3299 2158 3366 Quod
2196 3317 2263 3357 ex
2307 3302 2544 3360 Homero
2571 3307 2912 3376 expressisse
2954 3308 3209 3376 videtur,
3253 3313 3415 3384 cujus
3444 3313 3559 3370 haec

2001 3393 2168 3449 verba
2203 3401 2331 3451 sunt
2357 3414 2370 3450 :

2004 3507 2201 3581 I_nci_dit
2231 3509 2437 3565 Oceano
2467 3511 2562 3581 fax
2595 3513 2769 3569 lucida
2794 3517 2946 3581 solis,

2005 3579 2238 3636 Trahens
2259 3579 2694 3654 noctem’nigram
2723 3603 2878 3656 super
2908 3579 3104 3643 almam
3135 3598 3348 3645 terram.

2004 3692 2164 3756 Item,

2004 3800 2098 3858 Sol
2124 3811 2338 3860 exortus
2367 3814 2444 3860 est
2473 3806 2766 3876 relinquens
2790 3811 3108 3877 praeclarum
3132 3811 3325 3869 lacum.

2074 3916 2144 3970 At
2173 3917 2485 3990 philosophi
2515 3926 2570 3975 et
2601 3930 2887 3992 geometra:
2916 3923 3252 3981 horizontem
3284 3927 3436 3981 illum
3470 3943 3564 3983 vo-

2002 4012 2153 4070 cant,
2187 4022 2348 4077 quem
2399 4008 2602 4065 Aratus
2648 4010 3027 4082 hemisphaeria
3075 4014 3184 4070 duo
3225 4016 3415 4086 partiri
3449 4034 3564 4074 me-

2003 4107 2202 4165 morat,
2231 4115 2354 4155 cum
2387 4101 2466 4156 ait
2490 4121 2504 4156 :

2005 4250 2019 4263 .
2047 4251 2061 4264 .
2087 4250 2101 4264 .
2129 4251 2144 4267 .
2176 4212 2268 4265 ubi
2287 4216 2507 4269 extremi

2001 4277 2294 4336 Miscentur
2319 4300 2556 4351 occasus,
2585 4294 2632 4339 et
2667 4294 2812 4342 ortus
2840 4287 3074 4345 invicem.

2071 4391 2340 4450 Praeterea
2389 4397 2737 4468 cogitandum
2781 4408 2864 4455 est
2901 4402 3238 4459 horizontem
3278 4418 3344 4458 ac
3398 4405 3564 4458 meri-

2003 4483 2223 4539 dianum
2254 4487 2401 4541 intra
2434 4489 2701 4558 sphaeram
2735 4506 2878 4546 esse.
2919 4491 3056 4546 Nam
3103 4495 3374 4550 nulla‘res
3403 4503 3559 4550 extra

2005 4574 2177 4644 ipsam
2209 4586 2313 4630 est.
2352 4574 2458 4631 Sed
2506 4587 2564 4633 ut
2600 4580 2784 4633 animo
2824 4595 3020 4649 capere
3065 4583 3364 4651 possimus,
3408 4590 3561 4636 extra

2001 4681 2123 4721 esse
2175 4667 2486 4737 ﬁnguntur,
2537 4677 2592 4724 et
2630 4669 2947 4725 interiorem
3003 4672 3268 4741 sphaeram
3319 4673 3560 4727 circum-

2003 4759 2260 4814 scribere.
3105 4778 3109 4782 '

2071 4850 2408 4906 Meridianus
2467 4852 2534 4906 ad
2584 4853 2688 4908 hoc
2745 4855 3080 4920 assumitur,
3135 4864 3193 4911 ut
3239 4856 3560 4913 orientalem

2002 4943 2190 4998 mundi
2225 4953 2433 5013 partem
2461 4945 2530 4999 ab
2567 4945 2797 5000 occidua
2827 4957 3098 5014 secernat,
3123 4957 3239 5004 tum
3270 4959 3332 5005 ut
3359 4950 3563 5006 intelli-

2003 5051 2194 5105 gamus
2223 5037 2394 5092 solem
2444 5051 2508 5092 ac
2533 5039 2743 5110 reliqua
2775 5040 2978 5107 sidera,
3008 5057 3133 5096 cum
3163 5043 3231 5098 ad
3261 5043 3411 5098 illum
3439 5059 3562 5114 per-

2001 5138 2289 5191 venerunt,
2325 5130 2562 5184 medium
2595 5147 2765 5201 supra
2793 5141 2995 5187 terram
3045 5134 3293 5190 obtinere
3336 5135 3559 5192 caelum.

2002 5217 2156 5284 Quod
2185 5227 2400 5290 tempus
2437 5223 2786 5297 μεσημϐρίαν
2814 5225 3175 5294 appellamus,
3205 5225 3259 5279 id
3283 5233 3367 5281 est
3396 5226 3562 5280 meri-

2003 5312 2168 5377 diem,
2197 5315 2352 5383 quasi
2385 5316 2748 5387 μεσημερίαν.
2783 5315 3047 5387 Obliquos
3075 5319 3313 5372 circulos
3341 5317 3563 5387 quidam

2002 5403 2361 5472 aspectabiles
2383 5419 2574 5460 omnes
2604 5420 2726 5461 esse
2752 5407 2971 5473 volunt;
3008 5406 3100 5460 alii
3128 5407 3230 5461 soli
3258 5406 3366 5461 hoc
3386 5407 3563 5461 lacteo

2003 5495 2282 5560 tribuunt;
2315 5502 2544 5550 caeteros
2572 5495 2727 5548 aiunt
2750 5496 3111 5567 intelligentia
3140 5495 3256 5551 sola
3283 5502 3559 5550 constare.

2445 5607 2523 5663 De
2558 5609 2761 5662 zodiaci
2791 5607 3092 5665 latitudine.
3121 5675 3124 5678 ,

2070 5698 2161 5751 25.
2193 5697 2464 5754 Zodiacus
2509 5701 2753 5757 circulus
2791 5702 3047 5772 obliquus
3078 5701 3373 5756 maximum
3400 5697 3564 5754 habet

2003 5790 2283 5856 ambitum,
2311 5791 2463 5862 isque
2486 5807 2514 5846 a
2545 5793 2770 5862 Sphzera:
2792 5801 2983 5851 centro
3003 5791 3349 5850 describitur.
3374 5788 3552 5862 Hujus
