4132 6444
497 410 602 466 967

1509 401 1600 457 AD
1635 397 1908 457 EUSEBII
1935 393 2328 454 CHRONICON
2367 395 2709 454 APPENDIX

3617 385 3726 446 968

501 515 733 586 latitudo
773 523 1060 582 intervallo
1099 521 1356 578 delinitur
1383 520 1526 592 quod
1557 535 1586 572 a
1618 518 1948 588 Capricorno
1983 513 2050 569 ad

2175 515 2313 584 ἷχων.
2345 515 2556 580 Πλάτος
2599 517 2657 570 δὲ
2685 515 2793 586 ἔχει
2820 515 2918 586 τῆς
2955 513 3155 576 Θέσεως
3185 513 3248 565 τδ
3279 511 3387 565 ἀπὸ
3419 509 3725 579 Λίγοκέρω-

502 625 775 680 Cancrum
807 619 1064 690 pertinet.
1107 617 1222 672 Hoc
1256 616 1489 686 spatium
1529 613 1836 682 exprimere
1888 607 2060 662 voluit

2175 625 2246 670 τος
2275 608 2434 679 μέχρι
2465 608 2742 679 Καρκίνου
2774 607 3071 676 διάστημα.
3101 605 3271 658 Τοῦτο
3309 603 3368 656 τὸ
3402 601 3604 664 πλάτος
3634 603 3728 671 δη-

503 713 702 767 Aratus
732 709 818 765 his
849 709 1128 764 versibus:

505 807 766 861 Caeterum
792 803 875 856 hic
905 801 1098 857 Oceani
1131 810 1334 854 tantum
1365 797 1706 866 supereminet
1737 791 1956 858 undam,

505 874 773 940 Quantum
810 883 886 928 est
905 889 950 925 -a
976 871 1296 938 Capricorno
1322 867 1630 923 ascendente
1659 866 1888 919 maxime

505 947 590 1001 Ad
623 952 978 1014 assurgentem
1005 941 1292 996 Cancrum.

579 1061 682 1116 Per
713 1061 856 1114 hunc
901 1058 1166 1112 circulum
1217 1069 1526 1109 commeare
1553 1053 1812 1107 videntur
1839 1053 2070 1122 planetae

509 1161 714 1224 septem
737 1153 840 1206 sub
867 1151 1045 1204 tribus
1070 1149 1249 1204 lineis.
1279 1147 1383 1213 Qui
1407 1146 1628 1217 quidem
1660 1147 1986 1216 exprimitur
2013 1146 2070 1200 in

509 1245 738 1314 sphaera,
758 1251 816 1296 ut
837 1242 1046 1296 itineris
1077 1241 1418 1310 planetarum
1443 1237 1786 1294 latitudinem
1807 1252 2072 1309 agnosca-

509 1349 650 1389 mus.
683 1333 814 1386 Nam
837 1331 1064 1400 planetae
1087 1330 1328 1399 quinque
1347 1343 1454 1382 non
1479 1343 1586 1382 una
1609 1329 1664 1380 in
1681 1327 1820 1382 linea
1841 1329 2074 1382 circum-

515 1423 788 1479 feruntur.
821 1420 963 1486 Quid
987 1420 1153 1490 igitur
1175 1431 1354 1472 causa:
1381 1427 1464 1470 est
1489 1432 1588 1470 cur
1611 1430 1722 1469 non
1749 1417 1857 1470 duo
1884 1415 2072 1470 circuli

513 1516 780 1570 circuitus
809 1513 979 1576 illius,
1015 1511 1110 1568 sed
1135 1519 1246 1564 tres
1275 1509 1330 1564 in
1360 1509 1588 1563 zodiaca
1619 1507 1880 1578 descripti
1912 1505 2077 1562 sunt?

509 1607 774 1660 Nimirum
807 1604 951 1675 quod
983 1603 1225 1672 quinque
1254 1601 1354 1664 illi,
1387 1615 1526 1670 quos
1557 1599 1820 1662 diximus,
1847 1599 2078 1668 planetae

511 1698 682 1752 latum
705 1699 762 1753 id
801 1711 962 1751 omne
993 1695 1252 1764 spatium,
1299 1692 1444 1762 quod
1487 1693 1716 1746 circulis
1742 1691 1958 1747 duobus
1992 1693 2080 1746 in-

511 1791 770 1854 cluditur,
790 1788 1040 1844 obeundo
1063 1792 1354 1856 peragrant
1380 1803 1394 1838 :
1419 1785 1500 1840 sol
1525 1791 1704 1838 autem
1727 1799 1836 1837 non
1867 1789 2078 1838 tantum

2158 699 2330 752 λῶσαι
2361 700 2680 772 βουλόμενος
2706 700 2939 772 ’Ἄρατός
2968 715 3131 768 φησιν
3149 713 3162 726 ·

2161 791 2358 858 Αὐτὰρ
2398 791 2482 860 ὅγ’
2518 793 2792 846 Ὠκεανοῦ
2843 791 3070 844 τόσσον
3097 788 3514 860 παραμείϐεται
3549 783 3726 852 ὕδωρ,

2165 857 2398 914 Ὀσόον
2419 857 2518 915 ἀπ’
2547 861 2898 932 Αὶγγνκερῆος
2926 862 3344 928 ἀνερχομένοιο
3370 857 3656 926 μάλιστα,

2163 933 2458 1000 Καρκίνον
2483 935 2572 996 εὶς
2599 935 2866 988 ἀνιόντα.

2235 1037 2458 1091 Δοκούσι
2501 1039 2560 1092 δὲ
2603 1040 2672 1092 δι’
2711 1039 2877 1093 αὐτοῦ
2923 1039 3178 1110 φέρεσθαι
3203 1039 3252 1091 οί
3283 1037 3422 1091 ἑπτὰ
3460 1038 3730 1110 πλάνητες

2167 1128 2260 1181 ἐπὶ
2289 1129 2452 1198 τριῶν
2491 1131 2782 1200 γραμμῶν.
2809 1130 3094 1184 Δείκνυται
3119 1130 3174 1183 δὲ
3220 1130 3312 1182 ἐπὶ
3338 1129 3436 1200 τῆς
3471 1130 3726 1198 σφαίρας,

2169 1221 2262 1274 ἵνα
2289 1221 2498 1292 νοῶμεν
2539 1223 2600 1274 τὸ
2645 1222 2842 1285 πλάτος
2873 1223 2974 1292 τῆς
3015 1222 3236 1292 πορείας
3271 1221 3380 1274 τῶν
3423 1221 3726 1292 πλανήτων,

2171 1312 2264 1364 καὶ
2291 1310 2460 1380 ἡλίου,
2490 1311 2583 1363 ml.
2611 1310 2863 1382 σελήνης·
2894 1311 3080 1382 ἐπειδὴ
3101 1313 3148 1364 0i
3183 1311 3342 1364 πέντε
3377 1311 3450 1381 μὴ
3482 1311 3573 1362 ἐπὶ
3603 1311 3728 1380 μιᾶς

2171 1403 2434 1472 γραμμῆς
2461 1401 2738 1455 ποιοῦνται
2773 1404 2870 1475 τὴν
2897 1405 3216 1474 περιφοράν.
3241 1403 3307 1455 Τί
3335 1399 3426 1456 οὖν
3445 1403 3642 1473 δήποτε
3667 1402 3728 1456 οὺ

2173 1495 2264 1548 δύο
2293 1495 2500 1558 κύκλοι,
2533 1495 2668 1550 ἀλλὰ
2705 1499 2854 1568 τρεῖς
2888 1495 3292 1566 ἐσημειώσαντο
3333 1495 3424 1548 ἐπὶ
3449 1496 3548 1566 τῆς
3578 1512 3732 1566 περι-

2175 1589 2345 1658 φορᾶς
2373 1588 2462 1642 τὸν
2489 1587 2751 1652 ζωδιακὸν
2787 1587 3018 1652 κύκλον;
3061 1588 3204 1640 Διότι
3255 1589 3304 1640 oi
3349 1587 3730 1659 προειρημένοι

2177 1681 2336 1732 πέντε
2375 1679 2598 1753 ἀστέρες
2628 1681 2688 1732 τὸ
2731 1672 2931 1750 μεταξὺ
2975 1681 3086 1733 τῶν
3137 1679 3230 1733 δύο
3273 1679 3486 1734 κύκλων
3533 1679 3732 1744 πλάτος

2178 1773 2562 1844 περιφέρονται
2583 1789 2595 1802 ·
2626 1772 2656 1823 ὁ
2679 1772 2734 1825 δὲ
2763 1773 2909 1841 ἥλιος
2941 1773 3000 1825 οὐ
3024 1773 3273 1826 τοσοῦτον
3295 1773 3618 1844 παραϐαίνει
3641 1773 3733 1826 ἐπὶ

511 1865 582 1939 ad
611 1883 856 1938 dextram
889 1891 982 1936 aut
1013 1882 1198 1935 laevam
1223 1878 1484 1940 deﬂectit,
1515 1884 1780 1946 quantum
1813 1875 1888 1930 illi
1913 1875 2074 1946 quin-

2175 1865 2240 1919 τὰ
2280 1863 2430 1931 δεξιὰ
2479 1863 2574 1918 καὶ
2621 1863 2896 1934 εὐώνυμα,
2947 1865 3069 1918 ὅσον
3115 1867 3164 1918 οἱ
3219 1865 3412 1917 πέντεο
3447 1863 3581 1918 ἀλλὰ
3623 1865 3732 1918 τῶν

511 1989 639 2044 que,
675 1972 769 2027 sed
803 1972 942 2026 inter
986 1969 1126 2025 duos
1168 1969 1304 2022 istos
1338 1967 1650 2022 limitaneos
1687 1965 1924 2020 circulos
1957 1979 2071 2019 me-

512 2065 638 2118 dius
683 2069 952 2118 movetur.
977 2059 1060 2116 0b
1105 2059 1160 2114 id
1201 2058 1448 2112 heliacus
1503 2057 1574 2110 ab
1623 2054 1790 2124 hujus
1817 2053 2074 2108 doctrinae

511 2155 704 2226 peritis
735 2153 1069 2223 appellatur;
1099 2157 1194 2203 aut
1227 2147 1537 2217 eclipticus,
1578 2147 1723 2214 quod
1753 2145 1809 2198 in
1839 2157 1906 2199 eo
1941 2143 2074 2200 solis

511 2242 746 2311 eclipses
778 2241 1049 2294 accidant.
1081 2237 1276 2292 Latum
1318 2239 1462 2291 hunc
1491 2237 1760 2291 circulum
1793 2233 2072 2288 zodiacum

515 2333 585 2386 ab
627 2332 914 2386 duodecim
955 2331 1126 2400 signis
1169 2329 1488 2384 nominant:
1525 2341 1646 2398 quae
1690 2335 1850 2391 sunt,
1893 2324 2071 2388 Aries,

515 2421 752 2488 Taurus,
787 2422 1021 2485 Gemini,
1053 2421 1282 2486 Cancer,
1309 2419 1440 2484 Leo,
1476 2418 1661 2490 Virgo,
1695 2417 1878 2483 Libra,
1913 2416 2076 2472 Scor-

517 2514 669 2584 pius,
716 2513 1072 2586 Sagittarius,
1099 2512 1488 2582 Capricornus,
1523 2509 1822 2580 Aquarius.
1865 2507 2072 2564 Pisces.

515 2599 648 2667 Qum
681 2609 736 2658 et
763 2602 908 2656 idola
930 2607 1216 2665 vocantur,
1245 2611 1302 2654 ut
1325 2600 1394 2654 ab
1414 2599 1622 2654 Arato:

691 2859 888 2916 Contra
919 2866 1072 2928 atque
1101 2857 1246 2912 idola
1285 2855 1560 2911 duodecim
1601 2853 1901 2911 volvuntur.

585 2950 696 3026 85
714 2949 819 3006 Sed
843 2953 1014 3020 quaeri
1046 2964 1154 3004 non
1175 2949 1444 3004 immerito
1465 2956 1664 3018 potest,
1694 2963 1792 3001 cur
1805 2961 1926 3002 cum
1946 2945 2078 3002 Cas-

519 3043 726 3113 siepea,
760 3051 814 3096 et
843 3040 1204 3104 Andromeda,
1223 3048 1276 3096 et
1330 3039 1436 3093 alia
1464 3039 1756 3094 simulacra
1777 3040 2077 3110 composita

525 3135 636 3190 sint
684 3148 716 3188 e
755 3133 948 3196 stellis,
987 3133 1102 3186 sola
1143 3131 1428 3186 duodecim
1467 3129 1632 3193 ζώδια
1676 3141 2075 3202 nuncupentur,

517 3231 665 3279 astra
711 3237 842 3278 vero
885 3229 1100 3276 caetera.
1133 3223 1214 3275 An
1262 3221 1408 3290 quod
1445 3221 1604 3291 plura
1649 3221 1706 3274 in
1741 3221 1832 3275 illo
1873 3221 2078 3276 circulo
2105 3205 2148 3262 ο

516 3327 682 3384 quam
733 3313 884 3379 alibi,
918 3320 1045 3368 sunt
1095 3312 1373 3376 animalia,
1407 3313 1530 3368 ideo
1571 3313 1730 3367 zodia
1779 3312 2078 3369 dicuntur?

519 3401 659 3457 Sunt
682 3403 825 3458 enim
857 3403 912 3458 in
943 3403 1215 3458 sideribus
1240 3403 1488 3474 reliquis,
1519 3419 1642 3473 quae
1671 3419 1778 3458 non
1810 3410 1940 3459 sunt
1971 3402 2078 3469 ζὼς-

514 3493 623 3561 δια,
654 3493 756 3548 hoc
783 3501 868 3550 est
909 3493 1224 3548 animalium
1271 3493 1586 3549 simulacra.
1619 3493 1702 3548 An
1745 3495 1872 3564 quia
1913 3509 2078 3566 gene-

516 3585 704 3640 thliaci
742 3585 1020 3642 hominum
1041 3601 1286 3656 (geneses,
1320 3602 1386 3642 ac
1409 3587 1531 3642 vitae
1559 3587 1858 3658 mortisque
1885 3586 2079 3643 fatales

517 3677 698 3732 exitus
723 3691 790 3732 ex
837 3677 906 3733 iis
936 3687 990 3732 et
1039 3677 1476 3732 discurrentibus
1516 3689 1608 3748 per
1647 3693 1709 3732 ea
1737 3677 1967 3748 planetis
1995 3677 2081 3732 in—

517 3769 783 3840 quirunt?
832 3785 900 3822 an
939 3771 1066 3840 quia
1117 3784 1214 3840 per
1251 3767 1499 3823 eumdem
1561 3767 1849 3832 circulum,
1909 3782 2080 3838 eaque

519 3862 676 3930 signa
701 3861 925 3929 planetae
963 3860 1228 3914 circuitus
1262 3874 1392 3914 suos
1417 3859 1640 3922 obeunt,
1673 3875 1772 3914 nec
1793 3873 1824 3912 a
1855 3858 2079 3914 zodiaco

518 3951 932 4022 digrediuntur?
969 3951 1110 4006 Sunt
1131 3957 1312 4005 autem
1337 3951 1566 4020 planetae
1607 3965 1796 4005 omnes
1824 3949 2077 4005 animalia

518 4039 792 4110 quaedam,
831 4040 973 4109 quod
1010 4047 1202 4110 suapte
1236 4049 1429 4108 sponte
1464 4047 1800 4094 moveantur.
1843 4039 2079 4096 Planetze

519 4137 700 4184 autem
732 4130 802 4184 ab
831 4145 1016 4186 errore
1063 4139 1116 4185 et
1157 4133 1441 4201 vagatione
1483 4131 1759 4187 dicuntur.
1807 4131 2077 4188 Interdum

516 4221 682 4277 etiam
703 4223 966 4278 circulum
993 4225 1156 4279 istum
1180 4224 1390 4296 ἄλησιν,
1413 4225 1562 4280 idest
1577 4227 1926 4295 enagationem
1947 4225 2076 4280 solis

519 4315 815 4385 appellant,
850 4323 910 4370 ut
937 4315 1138 4372 Aratus
1159 4334 1172 4372 :

655 4406 1000 4481 ξανιὶηιοενο
1035 4408 1202 4463 boreae
1235 4419 1284 4462 et
1325 4410 1645 4481 evagationis
1678 4409 1808 4465 solis

657 4475 725 4530 In
757 4477 925 4532 medio
951 4491 1290 4550 sparguntur.

589 4586 762 4658 Hujus
787 4590 978 4645 circuli
1005 4607 1217 4647 summa
1243 4600 1328 4649 est
1355 4594 1686 4665 magnitudo.
1717 4595 1886 4665 Cujus
1917 4595 2078 4650 dimi-

515 4677 606 4734 dia
637 4695 763 4749 pars
801 4681 906 4734 sub
937 4689 1081 4738 terra
1107 4683 1256 4740 latet.
1299 4685 1530 4755 Ideoque
1559 4701 1653 4740 sex
1683 4694 1944 4757 perpetuo
1981 4703 2076 4743 su-

517 4785 617 4841 pra
665 4780 868 4827 terram
921 4774 1156 4830 interdiu
1205 4777 1446 4832 eminent
1505 4779 1692 4848 signa,
1745 4778 2077 4850 totidemque

517 4871 679 4917 nocte
724 4863 826 4918 sub
867 4871 1071 4920 terram
1113 4867 1332 4922 condita
1363 4876 1510 4924 sunt.
1545 4868 1700 4935 Quod
1750 4869 1956 4926 Aratus
1989 4871 2075 4926 his

516 4955 698 5010 verbis
725 4957 899 5024 aperit
923 4975 940 5010 :

569 5067 676 5123 Sea:
703 5079 950 5138 perpetuo
978 5069 1220 5126 occidunt
1253 5071 1576 5129 duodecima:
1606 5087 1782 5146 partes
1812 5079 2017 5132 circuli.

586 5179 679 5235 Sic
707 5181 852 5236 enim
874 5181 1308 5240 dodecatemoria
1337 5185 1616 5258 signorum
1645 5191 1910 5247 nominat.
1940 5191 2076 5248 Nolo

515 5271 608 5327 hic
633 5287 718 5327 me
745 5273 1016 5344 quispiam
1049 5275 1374 5347 interpellet,
1407 5280 1772 5352 objiciatque:
1801 5283 1854 5338 Si
1885 5285 2077 5341 diebus

514 5362 745 5433 singulis
773 5379 936 5434 supra
965 5365 1213 5437 infraque
1237 5375 1434 5424 terram
1457 5387 1554 5442 par
1581 5375 1857 5444 signorum
1883 5391 2076 5432 nume-

515 5469 612 5509 rus
656 5456 905 5524 exsistat,
938 5473 1036 5512 cur
1081 5473 1192 5516 non
1229 5463 1464 5534 aequales
1491 5473 1617 5521 sunt
1647 5467 1875 5522 invicem
1917 5469 2074 5526 dies?

515 5541 650 5598 Nam
679 5547 780 5601 hac
803 5545 870 5602 de
888 5563 946 5604 re
973 5557 1087 5605 tum
1111 5567 1352 5624 agemus,
1383 5571 1503 5613 cum
1535 5556 1602 5615 de
1629 5569 1749 5616 ortu
1778 5563 2072 5634 cujuslibet

517 5635 657 5707 signi
693 5639 858 5695 verba
888 5640 1166 5701 faciemus.

591 5791 614 5823 ⁵
639 5791 682 5859 f.
717 5790 900 5855 ξώδια.

2169 1955 2334 2026 τριῶν
2361 1955 2564 2010 τούτων
2603 1954 2840 2020 κύκλων,
2872 1954 2980 2006 τῶν
3015 1955 3078 2008 τὸ
3121 1955 3321 2018 πλάτος
3345 1953 3439 2008 τοῦ
3467 1953 3730 2017 ζωδιακοῦ

2169 2047 2486 2100 δεικνύντων
2517 2049 2668 2118 ἡμῖν,
2707 2047 2848 2099 κατὰ
2894 2046 2982 2098 τὸν
3021 2046 3183 2116 μέσον
3229 2047 3258 2100 ὁ
3302 2047 3454 2118 ἥλιος
3487 2029 3758 2118 φέρεταιξ

2171 2140 2262 2192 Διὸ
2290 2139 2380 2192 καὶ
2418 2139 2638 2208 ἡλιακδς
2675 2137 2779 2190 ὑπὸ
2814 2137 2922 2190 τῶν
2950 2138 3118 2190 ταῦτα
3143 2137 3330 2191 δεινῶν
3365 2138 3734 2210 προσηγόρευ-

2169 2249 2280 2295 ται,
2317 2231 2408 2284 καὶ
2455 2231 2827 2294 ἐκλειπτικόςσ
2878 2231 3062 2301 ἐπειδὴ
3110 2233 3168 2284 ὲν
3213 2230 3360 2300 αὐτῷ
3408 2231 3465 2284 αἱ
3515 2230 3734 2301 ἡλιακαὶ

2171 2323 2442 2392 ἐκλείψεις
2463 2323 2722 2390 γίνονται.
2753 2323 2857 2376 Τὸν
2889 2323 2946 2376 δὲ
2975 2323 3368 2394 προειρημένον
3397 2323 3600 2377 πλατὺν
3636 2323 3733 2377 κύ-

2173 2415 2298 2468 κλον
2328 2414 2588 2478 ζωδιακὸν
2633 2413 2906 2486 καλοῦμεν
2949 2415 3057 2468 ἀπὸ
3099 2415 3205 2468 τῶν
3242 2418 3299 2469 ὲν
3346 2414 3492 2486 αὐτῷ
3535 2415 3601 2486 ιβ’
3629 2415 3738 2480 ζω-

2171 2506 2330 2560 δίων’
2369 2507 2403 2560 ἆ
2459 2509 2572 2560 ἐστι
2617 2507 2806 2578 Κριὸς,
2855 2505 3086 2579 Ταῦρος,
3141 2508 3380 2578 Δίδυμοι,
3427 2507 3734 2580 Καρκίνος,

2173 2597 2346 2663 Λέων,
2375 2599 2674 2670 Παρθένος,
2703 2599 2893 2668 Ζυγὸς.
2923 2600 3206 2670 Σκορπίος,
3233 2599 3483 2670 Τοξότης,
3513 2600 3737 2666 Δίγόκε-

2177 2707 2307 2762 ρως,
2345 2688 2650 2762 ’Υδροχόος,
2681 2691 2884 2761 ’ἰχθύες
2906 2708 2918 2722 ·
2953 2691 3194 2746 καλεῖται
3219 2691 3276 2744 δὲ
3303 2691 3396 2744 καὶ
3416 2691 3630 2743 εἴδωλα·
3659 2689 3736 2754 ὡς

2175 2782 2266 2835 καὶ
2299 2784 2364 2834 ’Δ
2373 2799 2529 2854 ρατος
2543 2798 2557 2812 ·

2285 2873 2576 2942 Ἕμπολιν
2600 2871 2866 2940 εἰδώλοις
2895 2871 3251 2927 δυοκαίδεκα
3280 2871 3630 2926 δινεύονται.

2249 2963 2429 3028 ’Ἄξιον
2457 2965 2514 3018 δὲ
2545 2963 2792 3036 ζητῆσαι,
2821 2965 2873 3017 τί
2905 2965 3102 3034 δήποτε
3131 2964 3227 3034 τῆς
3253 2963 3619 3025 Κασσιεπείας
3646 2963 3738 3016 κα)⁸

2189 3057 2560 3128 Ἀνδρομέδας,
2607 3057 2700 3110 καὶ
2744 3055 2850 3108 τῶν
2895 3056 3068 3110 ἄλλων
3109 3055 3342 3109 εἰδώλων
3387 3055 3446 3121 ἐξ
3496 3053 3737 3124 ἀστέρων

2183 3149 2572 3220 συγκειμένων,
2606 3148 2672 3202 τὰ
2703 3147 2766 3217 ιβ’
2799 3149 2957 3218 μόνον
2985 3147 3167 3211 ζώδια,
3195 3147 3264 3200 τὰ
3291 3148 3348 3200 δὲ
3379 3147 3540 3199 λοιπὰ
3565 3146 3738 3214 ἄστρα

2180 3241 2442 3295 καλεῖται.
2475 3241 2697 3311 Μήποτε
2722 3235 2813 3292 οὖν
2849 3239 2956 3292 ἅπδ
2987 3237 3094 3291 τῶν
3135 3237 3529 3301 πλεοναζόντων
3575 3237 3631 3287 ὲν
3662 3233 3739 3304 τῷ

2177 3331 2359 3402 κύκλῳ
2375 3329 2490 3395 ζῶα
2507 3333 2527 3363 ⁵
2547 3331 2759 3400 λέγεται
2775 3349 2788 3396 ;
2807 3329 2919 3384 ἐστι
2941 3329 3046 3402 γὰρ
3069 3331 3124 3382 ὲν
3145 3332 3254 3390 τοῖς
3277 3328 3480 3390 λοιποῖς
3501 3327 3738 3396 ἄστροις,

2175 3423 2212 3478 ἃ
2243 3425 2314 3495 μή
2352 3424 2466 3476 ἐστι
2498 3421 2684 3486 ζώδια,
2709 3421 2951 3475 τουτέστι
2985 3421 3136 3486 ζώων
3166 3419 3377 3472 εἴδωλα·
3407 3419 3441 3488 ἢ
3471 3417 3627 3470 πάλιν
3658 3417 3738 3469 ὃτι

2177 3518 2227 3570 οἱ
2253 3515 2618 3585 γενεσιαλόγοι
2645 3515 2746 3578 τὰς
2763 3513 3002 3584 γενέσεις
3024 3512 3130 3566 τῶν
3151 3511 3248 3566 ἀνθ
3257 3513 3472 3584 ρώπων,
3495 3510 3588 3563 καὶ
3611 3510 3742 3578 περὶ

2177 3609 2322 3678 ζωῆς
2353 3609 2447 3661 καὶ
2481 3607 2729 3671 θανάτου,
2775 3605 2910 3677 πρὸς
2943 3603 3114 3658 ταῦτα
3151 3601 3432 3664 σκοποῦσι,
3479 3601 3575 3655 καὶ
3613 3601 3740 3665 τοὺς

2177 3699 2304 3770 περὶ
2349 3696 2488 3751 αὐτὰ
2525 3695 2902 3767 διερχομένους
2945 3695 3220 3764 πλάνητας
3243 3711 3256 3724 ·
3299 3693 3330 3764 ἢ
3375 3693 3456 3748 ὅτι
3489 3691 3618 3763 περὶ
3648 3691 3740 3746 τὸν

2177 3790 2392 3856 κύκλον,
2431 3789 2526 3844 καὶ
2557 3789 2684 3860 περὶ
2713 3786 2852 3841 αὐτὰ
2880 3787 2930 3840 οι
2962 3787 3101 3840 ἑπτὰ
3127 3785 3392 3856 πλάνητες
3419 3783 3741 3854 περιφέρον-

2177 3901 2290 3947 ται,
2316 3883 2413 3954 ούχ
2442 3879 2834 3952 ὑπερϐάλλουσι
2856 3881 2947 3933 τὸν
2983 3877 3240 3944 ζωδιακὸν
3277 3875 3494 3929 κύκλον.
3527 3875 3648 3928 Ζῶα
3679 3873 3738 3927 δέ

2177 3974 2282 4028 εἰσι
2302 3974 2396 4027 καὶ
2417 3967 2560 4027 οὗτοι
2580 3973 2632 4024 οἱ
2647 3971 2786 4024 ἑπτὰ
2807 3971 3094 4042 πλάνητες,
3116 3968 3194 4039 τῷ
3215 3968 3554 4038 αὑτοκίνητοι
3573 3961 3736 4019 εἶναι·

2177 4066 2442 4136 πλάνητες
2470 4065 2528 4118 δὲ
2558 4062 2846 4118 καλοῦνται
2879 4059 3032 4128 παρὰ
3057 4061 3155 4132 τὴν
3183 4059 3316 4131 ἄλην
3349 4059 3448 4130 τὴν
3481 4058 3573 4112 καὶ
3604 4057 3740 4110 πλά-

2177 4173 2295 4229 νην.
2330 4157 2485 4209 Ἐστι
2521 4156 2566 4210 δ’
2591 4158 2682 4210 ὅτε
2719 4154 2908 4208 τοῦτον
2949 4153 3038 4207 τὸν
3075 4151 3271 4206 κύκλον
3311 4153 3405 4206 καὶ
3445 4167 3464 4203 ι
3495 4151 3684 4220 ἄλησιν
3710 4167 3731 4200 ι

2177 4247 2528 4319 ὀνομάζουσιν
2559 4263 2580 4298 ι
2613 4247 2784 4317 ἡλίου·
2823 4265 2842 4299 ι
2877 4245 2952 4310 ὥς
2977 4245 3069 4298 καὶ
3101 4245 3353 4316 Ἄρατος·

2246 4429 2356 4484 Καὶ
2382 4429 2584 4498 τὰμὲν
2609 4423 2721 4484 οὖν
2743 4427 2954 4495 βορέω,
2977 4425 3352 4493 mhi/111mm;
3381 4425 3607 4495 ἠελίοιο

2101 4529 2154 4592 D
2241 4500 2572 4568 Μεσσητὺς
2603 4499 2936 4568 κέχυται....

2253 4613 2405 4683 Ἐχει
2435 4611 2492 4664 δὲ
2522 4603 2674 4672 οὗτος
2705 4611 2734 4662 ὁ
2759 4607 2954 4672 κύκλος
2981 4607 3205 4679 μέγεθος
3236 4607 3506 4678 μέγιστον,
3550 4605 3658 4658 Ἀεὶ
3675 4605 3734 4657 δὲ

2180 4705 2241 4757 τὸ
2265 4705 2435 4776 ἥμισυ
2467 4703 2570 4756 ὑπὸ
2601 4701 2706 4771 γῆν
2743 4700 2874 4772 ἔχει.
2919 4699 3008 4753 Διδ
3037 4701 3130 4754 καὶ
3167 4699 3226 4764 ἓξ
3261 4700 3398 4770 ὑπὲρ
3438 4699 3539 4770 γῆν
3569 4699 3654 4751 ἀεὶ
3676 4699 3735 4750 ὲν

2179 4795 2362 4867 ἡμέρᾳ
2388 4794 2502 4846 ἐστὶ
2531 4792 2714 4856 ζώδια,
2738 4792 2830 4844 καὶ
2859 4791 2915 4858 ἒξ
2949 4791 3054 4844 ὑπὸ
3083 4792 3184 4862 γῆν
3217 4794 3274 4844 ὲν
3305 4790 3478 4845 νυκτί.
3517 4791 3737 4860 Ἐπιση-

2184 4885 2427 4956 μαίνεται
2455 4883 2512 4936 δὲ
2542 4881 2697 4937 τοῦτο
2727 4883 2820 4936 καὶ
2846 4883 3078 4954 ’Ἄρατος
3103 4881 3294 4951 λέγων’

2253 5089 2356 5152 Ἓξ
2385 5087 2496 5141 uisi
2527 5085 2778 5140 δύνουσι
2806 5084 3170 5150 δυωδεκάδες
3195 5085 3456 5138 κύκλοιο.

2244 5199 2590 5262 Δυωδεκάδας
2616 5197 2724 5270 γὰρ
2751 5193 2870 5251 εἷπε
2906 5197 2978 5250 τὰ
3019 5195 3461 5266 δωδεκατημόρια
3495 5193 3600 5248 τῶν
3633 5193 3742 5258 ζω-

2175 5289 2316 5345 δίων.
2348 5290 2551 5360 Μηδεὶς
2577 5290 2634 5343 δὲ
2665 5289 2758 5342 νῦν
2790 5287 3138 5360 ὑποκρουέτω
3158 5288 3348 5356 λέγων·
3369 5289 3434 5340 Εἰ
3457 5287 3578 5340 καθ’
3607 5287 3740 5338 ἑκά-

2181 5401 2313 5454 στην
2357 5383 2563 5454 ἡμέραν
2608 5383 2747 5454 ὑπὲρ
2785 5382 2887 5454 γῆν
2935 5382 3028 5434 καὶ
3079 5381 3184 5434 ὑπὸ
3235 5381 3339 5452 γῆν
3396 5380 3487 5434 ίσα
3529 5379 3742 5448 γίνεται

2180 5473 2361 5540 ζὼδια,
2398 5473 2514 5538 πῶς
2537 5474 2636 5528 οὐκ
2669 5475 2778 5526 ῐσαι
2813 5473 2948 5527 εἰσὶν
2993 5475 3047 5526 αἱ
3085 5471 3286 5544 ἡμέραι
3324 5472 3576 5544 ἀλλήλαις
3614 5471 3740 5540 ἀεί;

2191 5566 2448 5638 Ἐροῦμεν
2481 5565 2588 5638 γὰρ
2613 5567 2736 5638 περὶ
2769 5567 2976 5632 τούτου,
3003 5567 3129 5620 ὅταν
3162 5565 3290 5638 περὶ
3316 5565 3575 5636 ἀνατολῆς
3611 5564 3745 5618 ἑκάς

2183 5675 2304 5712 στου
2339 5657 2526 5723 ζωδίου
2556 5658 2816 5729 λέγωμεν.
