4132 6424
419 451 522 511 969

1118 444 1435 504 ACHILLIS
1473 442 1657 498 ΤΑΤΙΙ
1691 441 1988 500 lSAGOGE
2027 439 2116 494 AD
2154 437 2368 495 ARATI
2406 437 2880 495 PIIENOMENA.

3561 441 3666 498 970

489 564 692 620 Τούτου
709 564 802 619 τοῦ
827 561 1026 618 κύκλου
1045 561 1138 616 τοῦ
1159 560 1421 627 ζωδιακοῦ
1436 560 1496 614 τδ
1519 561 1632 631 μέν,
1651 558 1889 632 βορειότε
1899 575 1988 629 ρον

2159 552 2381 608 Zodiaci
2410 554 2606 608 circuli
2646 568 2776 623 pars
2812 553 2924 618 illa,
2961 568 3080 624 quae
3113 552 3349 610 maxime
3388 554 3560 626 vergit
3593 556 3662 611 ad

425 657 589 727 μέρος
622 655 923 724 ἐφάπτεται
938 653 1032 707 τοῦ
1053 651 1265 726 θερινοῦ
1281 650 1543 724 τροπικοῦ
1575 651 1716 705 κατὰ
1734 651 1825 705 τὸν
1843 652 1992 723 Καρ-

421 749 590 812 κίνον,
610 748 671 801 τὸ
693 747 750 801 δέ
776 745 1090 819 νοτιώτερον
1114 745 1208 799 τοῦ
1233 744 1540 818 χειμερινοῦ
1559 742 1818 814 τροπικοῦ
1851 743 1992 797 κατὰ

417 840 510 893 τὸν
539 839 910 911 Αῑγοκέρωταο
958 838 1052 892 τοῦ
1081 837 1137 891 66
1175 837 1500 909 μεσαιτάτου
1546 835 1638 889 τοῦ
1675 834 1990 907 ίσημερινοῦ

419 931 562 985 κατὰ
592 931 685 984 δύο
712 931 874 1004 μέρη,
901 932 993 985 καὶ
1020 929 1114 984 δύο
1144 929 1330 997 ζώδια,
1353 929 1496 984 κατά
1513 946 1571 983 τε
1594 930 1763 1000 Κριὸν
1783 926 1993 992 καὶτὰς

419 1021 630 1092 Χηλάςο
665 1025 760 1076 καὶ
797 1022 862 1094 δὴ
899 1022 1084 1094 τέμνει
1115 1021 1207 1076 τὸν
1245 1021 1576 1093 ἰσημερινὸν,
1612 1023 1708 1075 καὶ
1735 1020 1992 1092 τέμνεται

421 1113 512 1166 ὑπ’
544 1111 730 1166 αὐτοῦ.
771 1113 900 1167 Ὅτε
942 1114 1120 1169 τοίνυν
1162 1113 1255 1167 ἐπὶ
1286 1113 1356 1168 τὰ
1397 1113 1708 1188 βορειότερα
1743 1112 1854 1166 ἀπὸ
1884 1111 1993 1164 τῶν

421 1205 751 1276 νοτιωτέρων
772 1205 996 1276 ὑψοῦται
1021 1209 1049 1260 6
1068 1206 1238 1278 ἥλιος,
1266 1207 1428 1278 μέχρι
1454 1207 1730 1280 Καρκίνου
1757 1206 1990 1276 γίνεται.

420 1296 513 1350 Διὸ
538 1297 630 1350 καὶ
663 1297 862 1368 θερμὸς
889 1299 1017 1370 ἡμῖν
1065 1299 1380 1364 ὑποπίπτει,
1431 1299 1527 1353 ἅτε
1573 1298 1801 1370 πλησίον
1831 1298 1993 1370 ἡμῶν

419 1386 514 1444 ὧν.
547 1388 830 1442 Ἐπέκεινα
860 1389 917 1443 δὲ
939 1391 1212 1459 Καρκίνου
1242 1391 1338 1462 οὐχ
1368 1391 1615 1461 ὑψοῦται·
1648 1390 1783 1444 ἀλλὰ
1820 1408 1992 1460 προσ-

424 1477 518 1532 ιὼν
559 1479 792 1532 ἐνταῦθα
831 1481 1088 1552 τρέπεται
1135 1484 1226 1536 ἐπὶ
1272 1483 1342 1535 τὰ
1397 1482 1564 1536 νότια·
1611 1484 1704 1535 mi.
1745 1483 1992 1536 καλεῖται

420 1571 602 1644 θερινὴ
626 1572 802 1644 τροπὴ
828 1573 888 1626 τὸ
913 1575 969 1628 ἐν
995 1573 1073 1644 τῷ
1099 1573 1354 1648 Καρκίνῳ
1383 1572 1514 1642 ὕψος
1538 1571 1633 1625 τοῦ
1664 1573 1835 1644 ἡλίου.
1869 1573 1994 1626 Βού-

417 1660 598 1715 λονται
636 1662 692 1715 δὲ
737 1663 943 1733 τροπὴν
988 1662 1147 1714 αὑτὸν
1195 1661 1463 1714 ποιεῖσθαι
1509 1661 1559 1713 οἱ
1605 1661 1707 1732 μὲν
1739 1661 1866 1730 περὶ
1892 1661 1992 1726 τὰς

418 1753 613 1824 ἀρχὰς,
651 1755 701 1806 οἱ
733 1754 790 1807 66
821 1754 948 1826 περὶ
979 1754 1168 1824 ὀγδόην
1199 1757 1411 1825 μοῖραν,
1433 1755 1482 1806 οἱ
1511 1753 1568 1806 66
1602 1754 1731 1825 περὶ
1756 1755 1843 1825 ιβ’,
1870 1755 1993 1809 οἶδὲ

417 1847 549 1915 περὶ
574 1851 632 1897 ιε’
653 1843 745 1898 τοῦ
771 1845 1066 1917 Καρκίνου.
1085 1843 1303 1898 Κατιὼν
1322 1844 1378 1897 δὲ
1396 1845 1488 1897 ἐπὶ
1509 1844 1580 1898 τὰ
1600 1846 1747 1900 νότια
1768 1848 1796 1900 6
1817 1845 1986 1918 ἥλιος,

2092 644 2420 714 aquilonem,
2456 644 2724 715 tropicum
2752 645 3005 700 aestivum
3025 645 3297 716 contingit
3322 645 3382 701 in
3409 643 3663 715 Cancro;

2092 753 2212 808 quae
2236 751 2366 792 vero
2388 737 2626 792 maxime
2650 747 2734 792 est
2765 738 3044 803 australis,
3078 738 3370 797 hibernum
3391 740 3664 810 tropicum

2094 830 2266 900 tangit
2303 828 2358 883 in
2392 826 2769 899 Capricorno;
2797 831 3036 886 medium
3065 827 3353 886 amborum
3397 831 3665 886 circulum

2092 920 2526 990 aequinoctialem
2565 919 2622 975 in
2658 920 2874 976 duabus
2911 922 3178 991 partibus,
3219 938 3284 978 ac
3319 923 3493 994 signis
3523 924 3664 979 duo-

2093 1012 2218 1076 bus,
2241 1011 2424 1067 Ariete
2445 1026 2510 1066 ac
2541 1010 2726 1066 Libra.
2752 1010 2922 1078 Quem
2947 1013 3199 1070 eumdem
3236 1015 3504 1070 circulum
3527 1015 3670 1071 bifa-

2093 1103 2230 1156 riam
2256 1108 2427 1166 secat,
2458 1111 2513 1156 et
2533 1102 2778 1159 vicissim
2809 1103 2877 1157 ab
2900 1117 2966 1158 eo
2991 1112 3228 1159 secatur.
3254 1102 3422 1175 Igitur
3443 1106 3666 1175 quando

2093 1195 2174 1249 sol
2205 1194 2274 1249 ab
2307 1193 2635 1252 australibus
2667 1195 2913 1265 partibus
2935 1195 3473 1252 recedensboreales
3502 1211 3664 1254 scan-

2092 1286 2194 1351 dit,
2237 1286 2306 1340 ad
2352 1286 2621 1346 Cancrum
2671 1302 2844 1357 usque
2890 1288 3154 1358 pervenit.
3188 1286 3484 1358 Propterea
3516 1297 3663 1342 tunc

2093 1379 2254 1434 nobis
2292 1379 2569 1435 ardentior
2599 1379 2819 1445 accidit,
2855 1387 3042 1450 utpote
3086 1380 3465 1452 propinquior.
3506 1379 3663 1436 Ultra

2093 1470 2364 1527 Cancrum
2416 1486 2526 1526 non
2556 1472 2858 1538 attollitur;
2897 1471 2993 1528 sed
3037 1487 3103 1528 eo
3131 1487 3257 1528 cum
3297 1473 3554 1538 accessit,
3594 1473 3662 1526 ad

2093 1569 2341 1618 austrum
2384 1561 2718 1630 reflectitur;
2753 1563 3165 1633 appellaturque
3197 1563 3484 1620 conversio
3533 1563 3662 1617 alti-

2093 1652 2225 1708 tudo
2249 1653 2339 1707 illa
2362 1653 2493 1709 solis
2523 1653 2578 1708 in
2597 1653 2831 1709 Cancro.
2860 1653 3010 1710 Hanc
3030 1670 3195 1725 porro
3223 1655 3660 1721 conversionem,

2094 1744 2209 1800 sive
2236 1744 2528 1799 solstitium
2554 1745 2644 1798 alii
2675 1745 2831 1800 initio
2855 1743 3051 1801 Caneri
3087 1745 3205 1802 fieri
3229 1746 3448 1816 volunt;
3483 1746 3575 1801 alii
3606 1747 3664 1802 in

2093 1841 2282 1890 octava
2315 1847 2508 1906 parte;
2543 1837 2634 1891 alii
2656 1837 2805 1891 circa
2833 1834 3243 1905 duodecimam;
3271 1838 3365 1893 alii
3391 1839 3538 1893 circa
3565 1837 3665 1894 de-

418 1905 555 1988 67:6:v
599 1935 741 1989 κατὰ
774 1905 873 1988 τοῦ.
910 1935 1224 2008 ίσημερινοῦ
1259 1935 1506 2007 γένηται,
1539 1937 1661 1991 τότε
1699 1905 1989 2010 ἰσημερίαν

2093 1927 2288 1982 cimam
2315 1905 2588 1998 quintam.
2613 1927 2743 1985 Inde
2768 1929 2849 1984 sol
2873 1930 2928 1984 in
2961 1940 3208 1985 austrum
3232 1929 3510 2000 delapsus,
3533 1942 3661 1984 cum

417 2029 582 2081 ποιεῖ.
618 2027 767 2079 Ποιεῖ
789 2027 844 2080 δὲ
871 2027 1029 2081 τοῦτο
1050 2029 1130 2092 δὶς
1156 2027 1249 2081 τοῦ
1275 2028 1542 2081 ἐνιαυτοῦ
1575 2029 1758 2099 ἐπειδὴ
1788 2030 1881 2082 καὶ
1908 2029 1994 2093 δὶς

416 2114 720 2183 ἐφάπτεται
741 2116 832 2169 τοῦ
859 2117 1194 2188 ίσημερινοῦ.
1211 2117 1373 2187 Καὶὴ
1401 2119 1498 2188 μὲν
1514 2119 1756 2172 καλεῖται
1774 2118 1989 2191 ἐαρινὴ,

413 2206 452 2276 ὴ
482 2203 538 2259 66
573 2207 912 2279 μετοπωρινή
945 2209 1222 2280 ἰσημερίαο
1251 2208 1440 2281 ἐαρινὴ
1479 2210 1576 2280 μὲν
1605 2211 1662 2265 ἐν
1690 2209 1865 2281 Κριῷ,
1901 2211 1991 2264 ὅτε

418 2296 720 2367 ἐφάπτεται
759 2295 853 2350 τοῦ
896 2297 1212 2370 ἰσημερινοῦ
1251 2297 1474 2352 κύκλου·
1525 2300 1872 2372 μετοπωρινὴ
1913 2300 1991 2366 66,

417 2387 508 2441 ὅτε
545 2389 752 2456 γίνεται
791 2389 848 2442 ἐν
891 2390 1130 2460 Χηλαῖς,
1181 2391 1342 2445 πάλιν
1373 2391 1746 2462 ἐφαπτόμενος
1778 2390 1872 2445 τοῦ
1911 2395 1994 2447 ἰσ-

414 2479 699 2550 ημερινοῦ.
739 2481 870 2534 ’Λπδ
896 2481 952 2534 66
973 2481 1166 2554 Χηλῶν
1194 2483 1735 2556 κάτεισινοτιώτερος
1764 2485 1869 2548 ἕως
1895 2487 1994 2538 Αἰ-

414 2569 737 2641 γοκέρωτος·
761 2570 882 2624 τότε
911 2571 967 2625 δὲ
999 2571 1296 2642 ἐφάπτεται
1330 2575 1358 2627 6
1380 2573 1644 2638 ζωδιακὸς
1674 2574 1768 2628 τοῦ
1803 2593 1993 2646 χειμε-

417 2660 567 2730 ρινοῦ
591 2663 875 2732 τροπικοῦ,
903 2663 1046 2717 καὶὸ
1070 2663 1220 2735 ἥλιος
1250 2664 1410 2718 πάλιν
1450 2664 1557 2718 ἀπὸ
1589 2664 1696 2717 τῶν
1721 2666 1993 2723 ταπεινῶν

415 2754 509 2809 67:1
526 2753 595 2809 τὰ
620 2755 926 2828 ὑψηλότερα
949 2755 1226 2829 τρέπεται·
1252 2757 1344 2810 καὶ
1371 2758 1616 2810 καλεῖται
1642 2757 1816 2828 τροπὴ
1840 2756 1992 2829 ἡλίου

415 2845 451 2915 ἡ
488 2845 595 2898 ἀπὸ
618 2846 1000 2919 ταπεινοτέρου
1027 2849 1118 2901 ἐπὶ
1141 2847 1204 2901 τὸ
1236 2847 1565 2921 ὑψηλότερον
1599 2848 1814 2920 πορεία.
1856 2848 1994 2901 Ποτὲ

413 2933 473 2988 66
497 2935 784 3005 Αἰγύπτιοι
809 2939 916 2992 ἀπὸ
942 2939 1218 3010 Καρκίνου
1242 2940 1334 2992 ἐπὶ
1359 2940 1704 3010 Αἰγοκέρωτα
1726 2939 1814 2992 τὸν
1839 2939 1992 3009 ἥλιον

417 3027 674 3080 κατιόντα
699 3027 953 3098 ὁρῶντες,
994 3028 1089 3082 καὶ
1130 3030 1196 3081 ἐκ
1240 3028 1591 3098 μακροτέρων
1625 3025 1994 3098 σμικρύνοντα

414 3114 519 3180 τὰς
553 3116 788 3187 ἡμέρας,
818 3116 1098 3182 ἐπένθουν,
1139 3116 1525 3188 εὐλαϐούμενοι
1565 3116 1640 3187 μὴ
1673 3117 1992 3188 καταϐραχὺ

418 3208 694 3280 καταλίπῃ
719 3209 913 3272 αὐτοὺς
943 3210 972 3261 6
1003 3209 1172 3278 ἥλιοςο
1203 3209 1298 3262 καὶ
1327 3208 1471 3262 ἔστιν
1499 3210 1527 3262 6
1565 3207 1752 3279 καιρὸς
1780 3202 1933 3272 οὗτος
1964 3209 1994 3261 6
2022 3242 2064 3300 C

419 3303 552 3371 παρ’
573 3301 758 3364 αὐτοῖς
785 3300 892 3354 τῶν
920 3300 1268 3371 καλουμένων
1305 3301 1499 3355 Ἰσίων.
1551 3302 1703 3354 Ἐπεὶ
1739 3301 1795 3355 δὲ
1830 3301 1992 3356 πάλιν

415 3389 728 3445 ἀναϐαίνειν
764 3393 986 3463 ἤρξατο,
1029 3393 1123 3446 καὶ
1163 3393 1506 3466 μακροτέρας
1539 3397 1711 3446 ποιεῖν
1736 3393 1833 3458 τὰς
1857 3394 1993 3465 ἡμέ-

421 3497 538 3552 ρας,
575 3481 874 3552 τηνικαῦτα
909 3483 1422 3555 λευχειμονήσαντες
1453 3481 1989 3556 ἐστεφανηφόρησαν.

417 3565 584 3636 Οὗτος
618 3575 646 3626 6
675 3572 894 3638 κύκλος,
938 3575 988 3627 εί
1017 3574 1312 3647 διαιρεθείη
1355 3576 1434 3639 είς
1467 3575 1608 3629 ὀκτὼ
1649 3576 1788 3648 μέρη
1813 3617 1828 3641 ,
1872 3576 1995 3630 τέσ-

419 3678 562 3734 σαρα
580 3664 677 3734 μὲν
691 3663 801 3730 έξει
825 3664 963 3737 ὑπὲρ
983 3666 1108 3736 γῆν,
1128 3666 1198 3720 τὰ
1215 3668 1271 3721 δὲ
1296 3667 1457 3741 έτερα
1477 3667 1718 3740 τέσσαρα
1740 3669 1844 3722 67:6
1864 3669 1989 3740 γῆν.

422 3755 586 3810 Ὥστε
617 3757 730 3810 ἴσον
765 3757 876 3828 ἔχει
907 3758 1013 3812 ἀπὸ
1044 3760 1168 3831 γῆν,
1198 3761 1290 3814 καὶ
1317 3759 1429 3815 ἴσον
1463 3761 1601 3834 ὑπὲρ
1630 3764 1754 3834 γῆν.
1790 3761 1990 3837 Τέμνει

415 3846 477 3901 66
500 3848 592 3903 τὸν
622 3850 952 3922 ἰσημερινὸν,
981 3851 1074 3905 καὶ
1104 3852 1360 3924 τέμνεται
1387 3854 1476 3906 ὑπ’
1509 3852 1714 3922 αὐτοῦ.⁸

889 4051 1032 4120 Περὶ
1063 4050 1168 4105 τοῦ
1205 4051 1519 4120 γαλαξίου.

493 4139 592 4198 κδ’.
635 4141 695 4196 '0
724 4141 780 4195 66
807 4141 1072 4212 γαλαξίας
1105 4143 1318 4214 εἴρηται
1347 4143 1465 4214 μὲν,
1499 4143 1576 4206 ὡς
1607 4141 1752 4196 ἔστιν
1774 4143 1988 4216 ὁρατὸς,

415 4231 515 4285 ’καὶ
539 4231 696 4302 μόνος
715 4233 807 4286 ἐπὶ
825 4234 923 4304 τῆς
947 4232 1178 4305 σφαίρας
1198 4233 1473 4304 αἰσθητὸς,
1497 4234 1604 4287 τῶν
1628 4234 1802 4289 ἄλλων
1823 4236 1992 4289 ὄντων

418 4318 643 4388 νοητῶν.
684 4321 819 4393 Περὶ⁵
855 4321 914 4374 66
952 4321 1140 4376 τούτου
1187 4323 1350 4393 φησιν
1397 4323 1788 4395 Ἐρατοσθένης
1826 4325 1884 4378 έν
1915 4322 1992 4395 τῷ

415 4410 842 4480 Καταμερισμῷ
907 4411 1278 4486 μυθικώτερον
1328 4412 1420 4465 τὸν
1467 4412 1731 4480 γαλαξίαν
1791 4412 1994 4467 κύκλον

414 4501 694 4570 γεγονέναι
717 4503 780 4555 ἐκ
805 4503 898 4556 τοῦ
924 4505 1024 4576 τῆς
1049 4505 1226 4576 ’Ἥρας
1247 4504 1532 4573 γάλακτος.
1559 4504 1665 4558 Τοῦ
1687 4504 1798 4576 γὰρ
1829 4505 1994 4576 Ἦρα-

416 4591 604 4655 κλέους
633 4593 712 4646 ἔτι
739 4593 970 4665 βρέφους
997 4596 1168 4660 όντος,
1201 4598 1295 4649 καὶ
1320 4597 1410 4650 τὸν
1433 4597 1638 4669 μαστὸν
1671 4598 1772 4669 τῆς
1805 4598 1988 4668 ’Ἥρας

415 4681 856 4755 ἐπισπασαμένου
885 4687 1259 4759 σφοδρότερον,
1279 4689 1492 4759 ἐκείνην
1514 4690 1862 4744 ἀντισπάσαι·
1891 4691 1990 4745 καὶ

415 4772 558 4827 οὖνω
607 4776 986 4846 περιχυθέντος
1021 4776 1114 4830 τοῦ
1153 4779 1443 4846 γάλακτος,
1473 4779 1674 4835 κύκλον
1711 4782 1987 4850 γενέσθαι,

416 4865 702 4932 παγέντος.
737 4867 810 4918 Τὸ
836 4867 894 4920 δὲ
932 4869 1061 4922 αὐτὸ
1101 4868 1196 4922 καὶ
1238 4870 1330 4923 ἐπὶ
1357 4869 1451 4923 τοῦ
1489 4871 1693 4942 Ἑρμοῦ
1725 4872 1874 4941 λέγει
1900 4890 1991 4942 γε-

414 4957 674 5027 γενῆσθαι
716 4959 1128 5031 Ἐρατοσθένης,
1172 4961 1248 5025 ὡς
1283 4962 1392 5034 ἄρα
1437 4965 1467 5016 6
1512 4963 1721 5036 Ἐρμῆς
1760 4964 1854 5019 τοῦ
1889 4984 1991 5037 μα-

416 5047 542 5102 στοῦ
569 5050 670 5120 τῆς
700 5049 877 5121 Ἥρας
911 5051 1205 5110 ἐσπάσατο,
1248 5054 1428 5107 Ἀλλοι
1452 5054 1509 5108 δὲ
1545 5057 1611 5109 ἐκ
1647 5056 1748 5126 τῆς
1788 5055 1991 5126 συμϐο-

413 5139 511 5211 λῆς
543 5139 652 5193 τῶν
681 5139 776 5194 δύο
815 5143 1187 5216 ἡμισφαιρίων
1232 5143 1446 5214 λέγουσι
1485 5147 1646 5201 αὑτὸν
1682 5147 1985 5216 γεγονέναι.

414 5227 632 5303 Ἕτεροι
668 5231 725 5286 δέ
758 5249 941 5303 φασιν,
979 5227 1054 5290 ὧν
1083 5237 1200 5289 ἐστι
1226 5237 1324 5290 καὶ
1348 5237 1651 5310 Οἰνωπίδης
1670 5239 1699 5292 6
1722 5240 1873 5304 Χῖος,
1906 5239 1989 5293 ὅτι

413 5324 678 5397 πρότερον
717 5325 859 5381 κατὰ
885 5326 1076 5382 τούτου
1122 5328 1348 5400 ἐφέρετο
1392 5331 1420 5383 6
1466 5329 1638 5402 ἥλιος,
1685 5331 1775 5385 διὰ
1819 5329 1879 5384 66
1919 5331 1989 5385 τὰ

412 5415 674 5471 Θυέστεια
704 5418 892 5474 δεῖπνα
919 5421 1264 5494 ἀπεστράφη,
1294 5423 1389 5476 καὶ
1414 5423 1512 5494 τὴν
1544 5422 1792 5478 ἐναντίαν
1815 5421 1989 5493 τούτῳ

415 5507 707 5580 πεποίηται
731 5511 1056 5582 περιφορὰν,
1081 5513 1150 5583 ἢν
1175 5511 1270 5566 νῦν
1297 5513 1625 5585 περιγράφει
1653 5513 1682 5566 6
1705 5513 1985 5578 ζωδιακός.

419 5597 573 5652 Ἐστι
600 5600 659 5654 66
687 5601 932 5672 μυθῶδες
967 5603 1125 5657 τοῦτο
1159 5604 1254 5658 καὶ
1291 5604 1504 5675 ψεῦδος.
1539 5605 1603 5658 Τί
1631 5605 1741 5676 γὰρ
1770 5604 1989 5677 ἐροῦσιν

413 5689 464 5740 οἱ
491 5689 662 5745 ταῦτα
692 5691 940 5760 λέγοντες
978 5694 1107 5766 περὶ
1137 5696 1238 5766 τῆς
1275 5695 1504 5769 σελήνης
1542 5698 1636 5750 καὶ
1675 5695 1783 5750 τῶν
1820 5695 1987 5749 πέντε

416 5779 692 5852 ἀστέρωνς
729 5784 804 5836 06
831 5784 940 5856 γὰρ
975 5785 1038 5856 δὴ
1067 5787 1162 5839 καὶ
1191 5780 1335 5840 οὗτοι
1367 5787 1455 5840 διὰ
1485 5788 1554 5842 τὰ
1581 5787 1843 5841 Θυέστεια
1877 5786 1986 5839 δεῖ-

415 5887 522 5925 πνα
551 5875 997 5952 ἀπεστράφησαν.
1035 5879 1219 5933 Ἄλλοι
1258 5880 1316 5934 δὲ
1352 5883 1416 5934 ἐκ
1452 5881 1661 5954 μικρῶν
1693 5881 1855 5946 πάνυ,
1887 5880 1984 5934 καὶ

735 5972 1008 6034 Pareat.
1044 5973 1162 6035 Gn.
1201 5975 1376 6036 XIX.

2090 2018 2531 2089 aequinoctialem
2554 2021 2752 2091 attigit,
2785 2021 3172 2093 aequinoctium
3194 2018 3361 2087 facit;
3385 2020 3548 2092 idque
3576 2019 3662 2076 bis

2093 2111 2409 2180 quotannis,
2445 2112 2608 2168 toties
2639 2113 2783 2168 enim
2813 2113 3248 2184 aequinoctialem
3275 2113 3513 2184 attingit.
3546 2111 3662 2166 Ho-

2093 2216 2216 2255 rum
2257 2203 2488 2256 alterum
2537 2203 2925 2274 aequinoctium
2978 2217 3244 2271 vernum;
3288 2203 3519 2259 alterum
3558 2216 3663 2266 au-
3710 2215 3716 2230 '

2089 2296 2336 2352 tumnale
2392 2295 2612 2351 dicitur.
2651 2294 2892 2352 Vernum
2934 2295 2994 2350 fit
3034 2295 3091 2350 in
3119 2297 3326 2362 Ariete,
3365 2296 3456 2352 ubi
3485 2295 3666 2350 circu-

2093 2387 2206 2441 lum
2227 2387 2660 2458 aequinoctialem
2687 2388 2881 2458 tangit.
2909 2387 3240 2443 Autumnale
3266 2387 3323 2442 in
3353 2385 3544 2454 Libra;
3568 2387 3664 2443 ubi

2095 2493 2287 2534 rursus
2311 2479 2560 2534 eumdem
2596 2480 2862 2535 circulum
2891 2479 3124 2550 attingit.
3147 2478 3194 2532 A
3220 2478 3384 2534 Libra
3404 2478 3664 2549 deinceps

2089 2569 2151 2625 in
2179 2579 2427 2625 austrum
2475 2571 2649 2641 magis
2676 2585 2742 2625 ac
2785 2569 2955 2641 magis
3000 2569 3229 2636 recedit,
3268 2570 3515 2640 adusque
3558 2569 3665 2625 Ca-

2090 2662 2432 2733 pricornum,
2466 2661 2560 2716 ubi
2612 2663 2871 2718 zodiacus
2910 2663 3179 2734 tropicum
3223 2661 3510 2718 hibernum
3534 2676 3666 2716 cono

2093 2751 2256 2822 tingit
2288 2769 2301 2806 :
2345 2765 2410 2806 ac
2443 2751 2525 2806 sol
2567 2766 2760 2808 rursus
2784 2766 2814 2804 a
2844 2751 3229 2822 dejectioribus
3269 2751 3460 2810 mundi
3496 2750 3668 2822 parti-

2093 2840 2197 2896 bus
2225 2839 2293 2895 ad
2316 2840 2538 2896 altiores
2561 2842 2916 2896 convertitur.
2945 2840 3077 2906 Quae.
3102 2841 3320 2911 quidem
3349 2842 3420 2897 ab
3444 2842 3668 2897 inferio-

2092 2931 2245 2988 ribus
2278 2932 2346 2986 ad
2383 2931 2555 2986 ardua
2573 2931 2850 3002 migratio,
2885 2933 3020 2988 solis
3049 2933 3340 2988 conversio
3372 2932 3484 2988 dici
3504 2933 3663 2988 solet.

2095 3023 2335 3095 Egyptii
2365 3023 2640 3094 quondam
2668 3027 2837 3078 solem
2876 3022 3125 3079 videntes
3158 3037 3188 3076 a
3221 3022 3436 3078 Cancro
3461 3023 3529 3078 ad
3560 3023 3670 3078 Ca-

2093 3115 2410 3184 pricornum
2442 3114 2797 3180 descendere,
2824 3130 2890 3170 ac
2929 3115 3205 3188 longiores
3251 3116 3666 3172 contrahenlem

2095 3206 2234 3271 dies,
2283 3207 2467 3276 lugere
2508 3216 2929 3274 consueverant,
2977 3207 3131 3263 veriti
3169 3223 3238 3263 ne
3277 3208 3536 3278 paulatim
3583 3209 3666 3266 sol

2095 3315 2188 3357 eos
2213 3299 2563 3368 relinqueret.
2590 3297 2745 3364 Quod
2779 3306 2994 3368 tempus
3041 3299 3315 3356 incidebat
3344 3300 3400 3354 in
3432 3299 3666 3356 lsiorum

2095 3389 2312 3445 festum.
2355 3388 2528 3444 Simul
2558 3399 2721 3459 atque
2759 3403 2888 3444 vero
2913 3389 3283 3446 conscendere
3310 3401 3568 3460 cmperat,
3601 3405 3667 3446 ac

2094 3481 2305 3536 dierum
2335 3483 2510 3550 spatia
2547 3481 2885 3550 producere;
2917 3488 3048 3536 tunc
3079 3481 3268 3546 albati,
3310 3483 3668 3552 coronatique

2093 3572 2402 3643 prodibant.
2435 3570 2721 3627 Postremo
2755 3572 3000 3627 circulus
3031 3571 3135 3627 iste
3157 3573 3204 3627 si
3239 3573 3294 3626 in
3329 3581 3455 3627 octo
3486 3584 3666 3642 partes

2093 3664 2386 3730 tribuatur,
2421 3663 2614 3718 harum
2646 3679 2815 3734 supra
2843 3671 3045 3719 terram
3087 3673 3324 3735 quatuor
3348 3674 3663 3736 emergent;

2095 3756 2320 3826 reliqua:
2347 3755 2488 3810 infra
2525 3763 2725 3811 terram
2755 3763 2992 3827 quatuor
3028 3767 3189 3812 erunt
3215 3757 3462 3812 occultae.
3492 3758 3568 3811 Ita
3597 3773 3664 3812 ex

2093 3865 2248 3920 aequo
2278 3866 2464 3921 supra,
2498 3835 2750 3921 infraque
2779 3861 2982 3906 terram
3025 3865 3147 3906 sese
3177 3851 3442 3906 continet.
3470 3849 3669 3922 Equi-

2092 3941 2380 3998 noetialem
2413 3950 2592 3997 autem
2617 3949 2785 4005 secat,
2820 3949 2875 3996 et
2903 3942 2971 3996 ab
3000 3957 3066 3997 eo
3089 3941 3334 3998 vicissim
3360 3952 3594 3999 secatur.

2609 4055 2686 4110 De
2717 4055 2883 4111 lacteo
2925 4056 3122 4110 circulo

2162 4147 2251 4204 Ἃ.
2281 4146 2537 4204 Lacteum
2579 4148 2844 4204 circulum
2880 4148 3056 4202 solum
3082 4163 3150 4202 ex
3183 4147 3457 4210 omnibus,
3483 4147 3576 4218 qui
3609 4146 3668 4214 in

2091 4240 2305 4310 sphaera
2342 4247 2491 4305 sunt,
2545 4240 2930 4312 aspcctabilem
2973 4253 3114 4303 esse,
3154 4253 3218 4292 ac
3247 4253 3411 4294 sensu
3462 4241 3668 4311 percipi

2089 4332 2203 4402 jam
2247 4333 2521 4400 diximus;
2567 4347 2692 4387 cum
2750 4332 2932 4388 caeteri
2979 4326 3092 4387 sola
3126 4331 3487 4400 intelligentia
3533 4345 3667 4385 con-

2094 4431 2258 4481 stent.
2311 4423 2387 4479 De
2426 4424 2531 4478 hoc
2566 4423 2844 4478 fabulatur
2887 4421 3276 4476 Eratosthenes
3312 4421 3367 4474 in
3401 4435 3466 4475 eo
3502 4421 3665 4486 libro,

2095 4516 2189 4586 qui
2220 4515 2683 4584 Καταμερισμός,
2722 4514 2777 4568 id
2814 4523 2896 4569 est
2925 4513 3174 4576 Partitio,
3209 4513 3508 4582 inscriptus
3551 4522 3665 4579 est;

2095 4618 2163 4658 ex
2189 4601 2422 4658 lunonis
2454 4604 2594 4657 lacte
2623 4609 2805 4656 ortum
2851 4600 3132 4656 habuisse.
3159 4599 3292 4652 Nam
3324 4615 3448 4654 cum
3482 4599 3667 4656 infans

2093 4694 2271 4749 adhuc
2299 4693 2560 4750 Hercules
2594 4692 2826 4748 Iunonis
2865 4692 3124 4762 papillam
3154 4691 3530 4747 vehementius
3569 4707 3666 4746 ex-

2093 4793 2350 4857 sugeret;
2402 4801 2631 4855 eamque
2669 4795 2861 4840 contra
2892 4784 2984 4838 illa
3036 4783 3385 4870 retraxisset,
3427 4781 3662 4838 effusum

2089 4893 2216 4933 esse
2245 4879 2350 4943 lac,
2382 4885 2435 4930 et
2461 4877 2574 4948 86
2611 4892 2676 4933 eo
2705 4885 3094 4932 concrescente
3125 4877 3390 4931 circulum
3415 4891 3539 4932 esse
3579 4875 3662 4928 fa-

2091 4975 2272 5032 ctum;
2305 4967 2450 5037 quod
2481 4967 2662 5036 ipsum
2689 4973 2744 5022 et
2765 4965 3034 5022 Mercurio
3067 4965 3364 5036 contigisse
3385 4963 3662 5020 memoriae

2090 5055 2273 5129 prodit
2331 5055 2739 5122 Eratosthenes,
2777 5064 2840 5111 ut
2876 5054 3107 5113 Iunonis
3147 5069 3440 5110 mammam
3477 5055 3661 5110 trahe-

2091 5157 2194 5204 ret.
2229 5148 2336 5203 Alii
2364 5163 2432 5202 ex
2472 5148 2978 5219 hemisphaeriorum
3021 5149 3255 5204 duorum
3296 5147 3658 5202 commissura

2091 5241 2207 5297 ﬁeri
2241 5247 2486 5296 censent.
2518 5239 2645 5307 Alii,
2675 5248 2736 5295 ut
2762 5241 3074 5312 ()Enopides
3102 5241 3291 5305 Chius,
3319 5246 3655 5306 asseverant,

2091 5334 2261 5390 solem
2289 5341 2450 5389 antea
2487 5334 2589 5389 iter
2624 5333 2750 5389 illac
2782 5333 3004 5399 fecisse,
3034 5334 3208 5390 donec
3237 5342 3458 5404 propter
3479 5331 3658 5404 Thye-

2091 5433 2239 5482 steas
2269 5426 2459 5496 epulas
2494 5439 2743 5491 aversus,
2782 5425 3119 5481 contrariam
3145 5425 3285 5479 viam
3323 5423 3492 5495 coepit
3521 5424 3660 5480 insi-

2091 5523 2257 5581 stere,
2288 5529 2452 5587 quam
2485 5515 2743 5571 zodiacus
2773 5515 2936 5570 modo
2975 5513 3256 5569 describit.
3289 5511 3396 5569 Sed
3427 5513 3542 5568 haec
3560 5511 3660 5583 {fa-

2089 5606 2285 5662 bulosa
2333 5613 2480 5661 sunt.
2515 5605 2651 5660 Nam
2691 5606 2825 5678 quid
2852 5606 3037 5662 dicent
3077 5605 3170 5675 qui
3197 5606 3273 5659 ita
3312 5603 3555 5659 sentiunt
3588 5605 3661 5662 de

2090 5700 2242 5767 luna,
2273 5705 2327 5754 et
2350 5698 2593 5769 quinque
2616 5698 2876 5769 reliquis?
2905 5696 3026 5764 Non
3071 5697 3216 5752 enim
3256 5696 3326 5751 ob
3357 5694 3659 5767 Thyesteas

2090 5789 2258 5858 dapes
2284 5787 2445 5843 etiam
2476 5787 2569 5843 isti
2613 5802 2735 5843 sese
2763 5785 3110 5842 reﬂexerunt.
3144 5785 3284 5839 Sunt
3315 5785 3408 5855 qui
3441 5784 3659 5856 perexi-

2091 5880 2212 5952 guis
2266 5895 2328 5936 ac
2371 5879 2578 5937 crebris
2609 5895 2638 5935 e
2668 5879 2865 5946 stellis,
2895 5894 3016 5949 quae
3047 5879 3117 5933 ob
3162 5878 3284 5933 coeli
3319 5892 3349 5929 a
3396 5888 3535 5931 terra
3573 5875 3658 5930 di-

3303 5971 3370 6029 31
