4132 6424
474 454 576 512 971
1507 441 1600 496 ΑΙ)
1629 437 1897 496 EUSEBll
1938 436 2334 495 CHRONICON
2372 433 2737 492 APPENDIX.
3627 425 3739 482 972

478 572 738 632 stantiam
773 570 1083 626 coalescere
1102 565 1373 627 videntur,
1406 560 1715 617 coniectum
1753 562 1905 616 illum
1933 561 2051 617 exi-
2088 616 2089 619 η

2191 559 2624 630 ξεπυκνωμένων,
2653 557 2746 609 καὶ
2778 556 2908 626 ἡμῖν
2938 551 3237 606 δοκούντων
3267 547 3528 620 ἡνῶσθαι,
3563 547 3651 601 διὰ
3676 547 3744 602 :6

428 690 451 725 ἐ
479 667 705 723 stimant
725 680 741 720 :
762 665 910 719 velut
933 661 980 718 si
1001 660 1127 732 quis
1146 658 1373 713 minutis
1400 655 1719 725 crebrisque
1741 656 1873 710 salis
1899 654 2058 710 micis

2195 644 2437 721 ιάστημα
2464 649 2525 702 τὸ
2552 647 2662 701 ἀπὸ
2695 645 2787 699 :06
2821 640 3054 717 οὐρανοῦ
3083 643 3175 695 ἐπὶ
3203 641 3303 711 τὴν
3330 639 3457 709 γῆν,
3492 638 3742 710 ἀστέρων

484 756 689 828 aliquid
726 731 1028 825 inspergat.
1052 751 1159 807 Sed
1185 749 1374 805 nescio
1396 762 1465 802 an
1489 762 1597 801 non
1626 748 1697 802 sit
1719 746 2058 817 probabilius

2191 742 2327 796 ιύτὺν
2355 737 2497 795 εἷναί
2539 756 2720 810 φασιν·
2750 738 2825 802 ὡς
2849 737 3001 799 εἴτις
3024 734 3148 789 ἀλσὶ
3172 733 3389 796 λεπτοῖς
3413 748 3473 784 τε
3494 732 3589 785 καὶ
3612 731 3745 785 πολρ

484 851 658 915 dictu,
685 864 754 904 ex
786 846 1026 902 nubibus
1077 859 1201 900 eum
1235 840 1463 898 conﬂari
1515 840 1631 895 sive
1668 838 2059 894 condensatio-

2191 838 2275 900 oi;
2318 832 2653 889 καταπάσειέ
2700 848 2774 884 τι.
2822 830 3051 900 Μήποτε
3099 828 3281 898 μέντοι
3326 826 3547 896 ἄμεινον
3579 824 3747 879 αὐτὸν

486 957 613 999 nem
659 940 803 996 aeris
841 953 965 994 esse
1003 937 1386 1006 pellucentem,
1429 946 1551 1003 quae
1594 929 1785 985 circuli
1828 932 2063 998 speciem

2191 927 2342 996 λέγειν
2380 926 2445 978 ὲκ
2474 923 2674 993 νεφῶν,
2711 920 2745 992 ἢ
2777 919 2988 1006 πίλημά
3033 935 3088 970 τι
3127 916 3287 988 ἀέρος
3325 914 3544 983 διαυγὲς
3579 910 3743 978 εἶναι,

485 1035 673 1090 habet.
706 1031 881 1101 Hujus
908 998 1041 1085 sane
1067 1028 1314 1083 meminit
1337 998 1539 1081 Aratus
1573 1023 1660 1081 his
1684 1022 1866 1079 verbis
1897 1041 1909 1075 :

2191 1018 2366 1074 ιύκλου
2401 1017 2586 1088 σχῆμα
2613 1014 2751 1085 ἔχον.
2788 998 3075 1084 Μέμνηται
3106 1009 3162 1064 δὲ
3185 1007 3350 1063 αὐτοῦ
3380 1008 3475 1061 καὶ
3511 1010 3746 1079 ’Ἄρατος

2163 1112 2232 1166 δι’
2254 1105 2331 1166 ὧν
2351 1126 2538 1182 φησιν’

490 1236 637 1293 Illud
666 1235 887 1305 insigne,
922 1230 1228 1295 rotundum,
1260 1229 1344 1283 lac
1382 1227 1550 1296 ipsum
1590 1224 1884 1279 nominant.

2191 1227 2342 1283 '(siro
2367 1226 2757 1296 περίγληνον,
2787 1219 3107 1291 τροχαλὸν,
3134 1217 3292 1289 τάλα
3309 1231 3417 1285 μιν
3435 1211 3744 1268 καλέουσι.

558 1329 668 1384 Lac
728 1303 874 1382 enim
927 1324 1050 1380 ideo
1089 1328 1311 1385 vocant,
1356 1318 1501 1390 quod
1549 1316 1839 1386 γαλαξίου,
1876 1312 1931 1369 id
1980 1322 2069 1370 est

2238 1318 2385 1371 Γάλα
2407 1316 2516 1389 γὰρ
2547 1314 2710 1369 αὑτὸν
2734 1313 3008 1384 ὠνόμασε,
3031 1309 3121 1364 διὰ
3143 1309 3205 1363 :6
3229 1309 3303 1379 μὴ
3331 1304 3590 1360 δύνασθαι
3617 1303 3752 1357 αὐτὸ

497 1440 515 1472 ι
547 1420 728 1485 lactei,
755 1439 774 1470 ι
807 1431 1007 1471 nomen
1034 1428 1229 1468 versus
1257 1412 1398 1467 ratio
1438 1425 1546 1465 nou
1586 1408 1914 1463 admitteret.
1952 1402 2070 1459 Ca:-

2191 1408 2449 1481 ιντεθῆναι
2483 1409 2563 1471 εἰς
2600 1406 2732 1469 ἔπος
2777 1402 2872 1458 :06
2912 1401 3169 1472 γαλαξίου
3199 1400 3261 1452 :6
3289 1398 3481 1469 ὄνομα.
3516 1395 3751 1464 Λέγεται

491 1523 671 1567 terum
701 1524 729 1562 a
768 1505 1009 1562 candore
1053 1504 1211 1558 lactis
1252 1502 1327 1555 ita
1385 1505 1753 1568 nuncupatur.
1791 1494 1887 1550 Est
1922 1494 2068 1550 enim

2191 1502 2227 1555 i6
2271 1500 2380 1555 ἀπὸ
2423 1500 2524 1571 τῆς
2572 1500 2762 1571 χροιᾶς
2801 1495 2895 1549 τοῦ
2924 1494 3193 1564 γάλακτος
3218 1492 3378 1546 οὕτω·
3416 1488 3608 1552 λευκὸς
3640 1487 3751 1556 γὰρ

492 1603 761 1659 candidus
802 1608 857 1656 ct
897 1607 1270 1668 transparens.
1310 1593 1416 1661 Qui
1454 1592 1743 1662 sphaeram,
1790 1596 1845 1644 et
1883 1587 2070 1642 zodia-

2191 1596 2267 1651 ιαὶ
2302 1594 2528 1665 διαυγὴς
2571 1591 2841 1661 φαίνεται.
2864 1588 3080 1668 ,Τέμνει
3111 1585 3168 1639 66
3198 1585 3321 1656 δίχα
3361 1582 3458 1653 τὴν
3492 1583 3749 1651 σφαῖραν,

494 1711 622 1751 cum
656 1694 947 1757 circulum,
988 1666 1519 1758 etimquinoctialem
1566 1680 1815 1737 bifariam
1849 1678 2069 1743 dividit,

2191 1689 2269 1744 (αὶ
2295 1688 2386 1742 τὸν
2417 1684 2680 1751 ζωδιακὸν
2705 1666 2925 1745 κύκλον,
2951 1680 3045 1733 καὶ
3076 1675 3407 1749 ἰσημερινόν*
3437 1674 3531 1727 καὶ¹
3556 1671 3751 1741 τέμνε-

494 1790 564 1847 ab
593 1788 770 1859 iisque
798 1791 991 1839 mutuo
1029 1780 1313 1843 dividitur,
1342 1792 1467 1832 cum
1496 1775 1568 1831 sit
1588 1773 1833 1844 aequalis.

836 1895 914 1949 De
940 1892 1164 1964 quinque
1187 1888 1463 1960 parallelia
1498 1884 1733 1940 circulis.

563 1989 658 2047 25.
688 1958 1093 2057 Quinque-sunt
1116 1958 1359 2053 paralleli
1391 1978 1585 2034 circuli
1620 1996 1633 2031 :
1678 1958 1937 2042 arcticus,
1977 1975 2071 2046 qui

499 2086 565 2137 ad
604 2082 913 2153 aquilonem
956 2077 1181 2149 propius
1226 2072 1468 2140 accedit,
1513 2069 1686 2126 Ursas
1720 2068 1861 2123 intra
1918 2083 1977 2123 se
2019 2074 2074 2121 et

499 2176 802 2230 Dracouem
821 2171 1138 2237 continens;
1158 2168 1276 2223 etei
1296 2164 1582 2237 oppositus
1602 2161 1885 2225 australis,
1907 2175 2074 2231 quem

501 2265 865 2321 autarcticum
912 2268 1134 2316 vocant.
1184 2257 1451 2329 Tropicus
1483 2255 1709 2311 :cstivus
1751 2260 1874 2323 post
1914 2254 2078 2307 arcti-

501 2372 662 2423 cum;
689 2356 954 2411 hibernus
985 2353 1234 2424 tropicus
1267 2358 1390 2423 post
1420 2347 1805 2404 antarcticum.
1840 2347 2079 2415 Quintus

505 2446 701 2499 horum
730 2446 973 2499 omnium
1011 2441 1226 2498 medius
1266 2453 1351 2497 est
1383 2438 1803 2511 aequinoctialis,
1846 2439 1961 2508 pari
1997 2439 2081 2492 in-

501 2537 730 2592 tervallo
767 2536 978 2591 distans
1010 2534 1080 2589 ab
1131 2533 1319 2589 aestivo
1357 2532 1692 2602 hihernoque
1722 2531 1952 2601 tropico.
1988 2529 2082 2585 Est

504 2638 686 2684 autem
734 2629 972 2683 arcticus
1015 2626 1366 2681 minimarum
1397 2641 1561 2690 unus,
1593 2624 1684 2694 qui
1722 2624 1867 2678 circa
1900 2623 2080 2694 polum

510 2722 773 2792 descripti
799 2729 947 2784 sunt,
971 2720 1209 2776 medium
1233 2720 1433 2790 ipsum,
1466 2717 1612 2773 velut
1633 2729 1904 2782 centrum,
1932 2732 2082 2771 com—

503 2815 771 2886 plectens,
795 2814 887 2885 qui
917 2813 1157 2867 arcticus
1184 2819 1404 2883 propter
1438 2809 1629 2873 Ursas,
1662 2825 1798 2880 quas
1827 2824 2081 2879 compre-

508 2908 738 2975 hendit;
786 2919 840 2961 et
865 2905 1125 2970 borealis,
1173 2903 1321 2974 quod
1369 2902 1434 2957 ad
1482 2918 1601 2958 eam
1644 2900 1833 2955 mundi
1874 2908 2081 2970 partem

508 3000 706 3070 vergit,
754 2998 1096 3069 appellatur:
1147 2995 1290 3050 idem
1336 3010 1610 3066 apparens
1664 2992 1886 3056 dicitur,
1935 2992 2081 3063 quod

510 3105 726 3161 semper
767 3089 1003 3152 eminet,
1058 3103 1158 3143 nec
1192 3087 1393 3143 occidit
1439 3101 1701 3156 unquam.
1742 3084 1883 3140 lluic
1914 3100 2084 3155 oppo-

511 3185 650 3240 situs
678 3182 939 3257 australis
958 3181 1221 3251 aequalem
1261 3193 1386 3234 cum
1413 3194 1478 3233 eo
1507 3177 1675 3234 situm
1705 3178 1889 3243 habet,
1922 3185 2085 3248 alque

2173 1776 2262 1835 ταί
2298 1781 2389 1834 ὑπ’
2421 1776 2619 1840 αὐτῶν,
2657 1776 2771 1837 ἴσος
2802 1774 2983 1836 αὐτοῖς
3014 1770 3107 1824 ὧν.

2482 1889 2621 1959 Περὶ
2654 1886 2772 1941 τῶν
2800 1886 2979 1940 πέντε
3012 1881 3442 1953 παραλλήλων.

2242 1990 2343 2039 κε’.
2378 1983 2440 2035 Οἱ
2464 1980 2520 2034 66
2548 1976 2883 2051 παράλληλοί
2901 1977 3006 2029 εἱσι
3032 1975 3213 2039 πέντε,
3236 1970 3517 2044 ἀρκτικὸς,
3544 1970 3604 2034 ὃς
3639 1971 3756 2023 ἐστι

2174 2079 2530 2151 βορειότερος,
2566 2072 2717 2135 ὲντὸς
2740 2071 2879 2141 έχων
2910 2068 3009 2133 τὰς
3043 2069 3312 2140 ’Δρκτους
3369 2065 3464 2118 καὶ
3492 2062 3584 2117 τὸν
3617 2062 3757 2133 Δρά-

2176 2184 2358 2223 κοντα·
2400 2165 2497 2220 καὶ
2527 2166 2556 2218 6
2580 2164 2754 2233 τούτῳ
2786 2159 3156 2229 ἀντικείμενος
3184 2155 3377 2219 νότιος,
3412 2155 3442 2205 6
3466 2153 3757 2224 ἀνταρκτι-

2176 2263 2271 2326 κὸς
2306 2259 2656 2330 καλούμενος·
2693 2256 2722 2309 6
2751 2252 2893 2327 [καὶ]
2936 2249 3144 2323 θερινὸς
3184 2248 3444 2322 τροπικός
3484 2244 3626 2317 μετὰ
3664 2243 3763 2297 τὸν

2178 2346 2459 2419 ἀρκτικόνο
2493 2347 2588 2400 καὶ
2610 2347 2638 2398 6
2661 2343 2967 2416 χειμερινὸς
2991 2341 3249 2414 τροπικός
3280 2337 3420 2411 μετά
3447 2337 3539 2391 τὸν
3562 2336 3761 2406 ἀνταρ-

2179 2440 2381 2493 κτικόν·
2408 2437 2570 2509 μέσος
2591 2436 2647 2489 δὲ
2672 2434 2876 2488 τούτων
2899 2433 3144 2504 πέμπτος
3167 2433 3196 2485 6
3223 2428 3555 2501 ίσημερινδς,
3571 2426 3760 2481 τοσοῦ-

2179 2548 2270 2584 τον
2300 2528 2520 2600 ἀπέχων
2548 2526 2642 2580 τοῦ
2672 2524 2885 2598 θερινοῦ
2922 2523 3211 2595 τροπικοῦ,
3237 2523 3361 2575 ὅσον
3389 2520 3483 2574 τοῦ
3513 2535 3760 2590 χειμερι-

2181 2622 2295 2676 v06.
2322 2624 2478 2675 Ἔστι
2503 2620 2559 2673 δὲ
2584 2621 2613 2671 6
2639 2618 2899 2690 ἀρκτικὸς
2920 2616 3025 2669 τῶν
3050 2614 3367 2685 ἐλαχίστων,
3394 2613 3491 2665 καὶ
3517 2610 3646 2681 περὶ
3671 2609 3763 2662 τὸν

2182 2718 2391 2790 βόρειον
2407 2714 2587 2777 πόλον,
2602 2712 2753 2774 ὲντὸς
2772 2710 2907 2781 ἔχων
2927 2706 3250 2779 μεσαίτατον
3266 2704 3356 2757 τὸν
3372 2702 3534 2756 πόλον
3552 2700 3763 2770 ὡσπερ-

2180 2811 2230 2863 εὶ
2258 2809 2479 2879 κέντρον
2504 2803 2692 2859 αὑτοῦ.
2734 2802 2997 2856 Καλεῖται
3035 2798 3095 2852 66
3136 2795 3392 2869 ἀρκτικὸς
3418 2794 3528 2848 ἀπὸ
3549 2791 3643 2846 τοῦ
3675 2792 3761 2843 6v-

2180 2902 2273 2965 τὸς
2299 2900 2445 2971 ἔχειν
2483 2897 2582 2961 τὰς
2612 2896 2901 2967 Ἀρκτουςο
2928 2891 3022 2946 καὶ
3047 2889 3276 2962 βόρειος,
3306 2886 3394 2941 διά
3423 2885 3484 2939 :6
3515 2883 3651 2956 πρὸς
3678 2880 3767 2953 βο-

2186 2994 2314 3066 ρέαν
2342 2988 2482 3045 εἶναι
2503 2989 2610 3044 ἀεί.
2631 2987 2868 3058 Φανερὸς
2890 2984 2947 3038 δέ
2970 2987 3088 3037 ἐστι
3108 2983 3128 3012 ⁸
3152 2980 3240 3034 διὰ
3262 2980 3323 3033 :6
3343 2979 3430 3032 ἀεὶ
3455 2974 3764 3048 φαίνεσθαι,

2185 3088 2280 3142 καὶ
2314 3087 2391 3158 μὴ
2419 3083 2615 3138 δύνειν.
2662 3081 2721 3134 '0
2753 3081 2809 3133 66
2837 3078 3010 3148 τούτῳ
3033 3073 3407 3145 ἀντικείμενος
3431 3070 3604 3133 νότιος
3626 3066 3769 3121 κατά

2183 3180 2283 3253 τὴν
2306 3179 2453 3233 θέσιν
2476 3179 2590 3240 ίσος
2621 3176 2718 3247 μὲν
2744 3173 2890 3227 ἔστιν
2915 3169 3089 3240 αὐτῷ,
3115 3166 3365 3239 περιέχει
3390 3164 3449 3218 66
3480 3163 3572 3216 :6v
3596 3161 3770 3216 νότιον

512 3256 815 3331 australem
850 3274 1095 3329 continet
1141 3272 1359 3343 polum;
1414 3272 1748 3326 antarcticus
1791 3277 1971 3326 autem
2018 3286 2085 3325 ex

2191 3274 2371 3329 πόλον.
2406 3271 2641 3341 Λέγεται
2676 3269 2734 3322 δὲ
2761 3262 3121 3337 ἀνταρκτικὸς
3143 3260 3252 3317 ἀπὸ
3269 3259 3363 3313 :06
3386 3257 3626 3319 ἐναντίος
3659 3256 3771 3307 κεί-

511 3386 579 3425 eo
608 3370 944 3432 nominatur,
985 3366 1130 3438 quod
1182 3376 1373 3421 contra
1407 3373 1570 3435 atque
1606 3364 1847 3421 arcticus
1877 3364 2090 3436 positus

513 3462 605 3516 sit.
637 3460 772 3515 Nam
806 3463 1043 3515 arcticus
1071 3458 1141 3515 ad
1192 3458 1437 3521 boream,
1467 3458 1572 3512 iste
1606 3454 1673 3510 ad
1708 3465 1978 3522 austrum,
2015 3456 2093 3515 si-

513 3561 606 3608 tus
633 3560 758 3619 est;
787 3552 877 3607 ille
908 3552 1214 3607 altissimus
1257 3559 1344 3607 est
1372 3555 1427 3604 in
1453 3549 1664 3621 sphaera
1691 3541 1704 3604 ἐ
1738 3550 1827 3605 hic
1858 3551 2094 3607 maxime

515 3643 833 3714 depressus.
859 3641 943 3698 0b
973 3644 1025 3698 id
1049 3643 1288 3699 arcticus
1318 3658 1533 3714 semper
1558 3658 1825 3714 apparens
1864 3651 1950 3698 est
1975 3661 1989 3697 :
2014 3643 2093 3696 al-

515 3743 601 3790 ter
635 3743 859 3805 apparet
892 3749 1191 3805 nunquam.
1237 3733 1426 3789 Potest
1463 3743 1518 3790 et
1566 3734 1853 3789 antarctici
1891 3749 2093 3788 nomen

517 3824 646 3880 inde
688 3825 949 3885 derivari,
992 3823 1137 3894 quod
1185 3823 1391 3879 arctico
1433 3840 1498 3880 ex
1553 3840 1711 3896 aequo
1740 3824 2091 3895 respondeat.

514 3914 657 3967 Nam
689 3916 1001 3985 praepositio
1033 3914 1174 3980 ἀντί,
1216 3933 1235 3966 ι
1265 3917 1472 3986 aequale
1504 3937 1523 3971 ι
1561 3917 1830 3989 signiﬁcat
1856 3936 1872 3986 ;
1902 3926 1963 3973 ut
1999 3918 2096 3973 ἀν-

517 4004 715 4069 τίθεος,
770 4005 823 4061 id
875 4008 1262 4078 cstcmqualis
1316 4007 1492 4073 Deo,»
1534 4009 1791 4065 famulus.
1843 4008 1991 4066 Idem
2042 4018 2096 4066 et

520 4097 779 4153 australis
817 4107 1063 4166 vocatur,
1091 4108 1286 4171 estque
1309 4114 1522 4170 semper
1552 4101 1822 4156 occultus.

589 4189 858 4262 Tropicus
905 4191 1130 4248 aestivus
1175 4193 1316 4247 inter
1350 4192 1614 4248 arcticum
1657 4202 1711 4249 et
1747 4193 2098 4264 aequinoctia-

519 4281 625 4336 lem
659 4282 799 4339 situs
843 4289 951 4346 est,
983 4297 1047 4338 ac
1098 4283 1392 4341 solstitium
1423 4285 1675 4339 aestivum
1725 4285 1781 4339 in
1821 4300 1882 4341 se
1918 4285 2098 4340 conti-

519 4385 632 4428 nct.
665 4372 801 4428 Nam
847 4389 973 4430 cum
1018 4375 1099 4431 sol
1144 4375 1199 4429 in
1228 4374 1447 4431 Cancro
1488 4384 1760 4440 versatur,
1806 4377 1900 4434 ubi
1943 4377 2097 4433 illum

518 4466 721 4537 attigit,
761 4466 1012 4523 aestivum
1064 4467 1361 4523 solstitium
1406 4465 1559 4525 facit.
1616 4464 1745 4523 Ideo
1790 4466 2099 4524 solstitialis

2193 3364 2316 3419 σθαι
2343 3362 2421 3435 τῷ
2456 3357 2721 3435 ἀρκτικῷ·
2758 3357 2787 3409 6
2825 3356 2923 3427 μὲν
2957 3353 3067 3425 γὰρ
3098 3351 3356 3426 ἀρκτικὸς
3385 3348 3526 3403 κατά
3554 3345 3771 3418 βορέαν.

2190 3453 2343 3523 οὗτος
2365 3457 2422 3511 δὲ
2449 3453 2592 3510 κατὰ
2624 3454 2774 3507 νότον
2801 3450 2936 3504 ὲστί.
2980 3447 3093 3503 Καὶ
3133 3447 3163 3498 6
3202 3444 3302 3515 μὲν
3340 3442 3599 3515 ἀρκτικὸς
3633 3436 3775 3492 κατά

2192 3555 2291 3625 τὴν
2324 3552 2557 3622 σφαῖραν
2600 3543 2935 3617 ὑψηλότατός
2968 3543 3139 3603 ἐστιν,
3184 3540 3214 3593 6
3258 3537 3315 3591 66
3362 3534 3770 3594 ταπεινότατος.

2192 3624 2284 3700 Διὸ
2305 3647 2334 3698 6
2367 3644 2465 3715 μὲν
2503 3639 2765 3714 ἀρκτικὸς
2790 3636 3055 3707 ἀειφανής
3081 3636 3249 3686 ἐστιν·
3278 3624 3525 3692 οὖτος⁴δὲ
3557 3627 3616 3679 οὐ
3649 3624 3775 3696 φαί-

2192 3754 2342 3793 νεται
2379 3737 2529 3807 ἡμῖν.
2564 3734 2633 3786 Ἦ
2673 3733 2754 3786 ὅτι
2797 3731 2911 3793 ῐσος
2940 3728 3057 3781 ἐστὶ
3098 3725 3176 3796 τῷ
3214 3720 3481 3795 ἀρκτικῷ,
3517 3720 3617 3790 τῆς
3653 3716 3776 3771 ἀντὶ

2194 3829 2503 3903 προθέσεως
2533 3826 2593 3880 :6
2618 3824 2731 3877 ἴσον
2765 3819 3155 3895 σημαινούσης,
3177 3817 3253 3881 ὡς
3280 3817 3338 3868 ὲν
3370 3814 3450 3885 τῷ
3483 3835 3501 3865 ι
3531 3810 3777 3867 ἀντίθεον

2195 3921 2525 3994 θεράποντα.
2569 3936 2589 3970 ι
2632 3913 2898 3969 Καλεῖται
2938 3911 2997 3966 δὲ
3036 3906 3400 3980 ἀνταρκτικὸς
3439 3906 3535 3960 καὶ
3576 3903 3772 3964 νότιος.

2198 4015 2355 4068 Ἔστι
2387 4011 2445 4065 δὲ
2469 4012 2556 4065 ἀεὶ
2580 4008 2814 4080 ἀφανής.

2276 4193 2337 4246 '0
2360 4192 2418 4246 66
2445 4188 2656 4262 θερινὸς
2677 4184 2937 4261 τροπικδς
2961 4184 3137 4238 κεῖται
3167 4179 3369 4253 μεταξὺ
3392 4178 3487 4233 τοῦ
3514 4171 3778 4247 ἀρκτικοῦ

2198 4287 2291 4343 καὶ
2315 4283 2408 4339 τοῦ
2445 4280 2782 4354 ίσημερινοῦ.
2822 4280 2975 4348 Ἔχει
3003 4276 3060 4330 δὲ
3099 4277 3158 4329 ὲν
3195 4272 3374 4343 ἑαυτῷ
3415 4270 3515 4334 τὰς
3558 4264 3777 4339 θερινὰς

2198 4377 2411 4448 τροπὰς
2440 4374 2535 4431 τοῦ
2566 4374 2738 4447 ἡλίου.
2780 4373 2910 4426 Ὅτε
2938 4369 3047 4440 γὰρ
3084 4370 3113 4421 6
3137 4366 3289 4437 ἥλιος
3324 4366 3383 4418 6v
3417 4363 3494 4434 τῷ
3518 4358 3783 4432 Καρκίνῳ

2198 4471 2444 4543 γένηται,
2488 4467 2837 4538 ἐφαψάμενος
2875 4460 3065 4540 αὐτοῦ,
3099 4458 3198 4530 τὴν
3225 4456 3444 4528 θερινὴν
3473 4455 3619 4506 ποιεῖ
3650 4466 3779 4543 τροῖ

518 4558 744 4614 aestivus
790 4559 1011 4615 dicitur.
1062 4559 1158 4614 Est
1201 4566 1383 4615 autem
1418 4567 1479 4614 ut
1512 4560 1720 4617 arctico
1770 4560 1967 4630 major,
2016 4563 2089 4617 sic

2201 4539 2331 4635 πήν.
2359 4562 2450 4615 Διὸ
2474 4561 2571 4615 καὶ
2600 4557 2811 4631 θερινὸς
2832 4539 3091 4628 τροπικὸς
3115 4550 3401 4621 κέκληται.
3425 4549 3581 4601 Ἔστι
3602 4544 3660 4599 δὲ
3680 4539 3783 4595 τοῦ

519 4651 886 4720 aequinoctiali
917 4652 1116 4708 minor.
1154 4652 1233 4707 Ac
1261 4652 1307 4709 si
1333 4653 1459 4727 quis
1490 4653 1666 4726 ipsum
1714 4653 1771 4709 in
1800 4662 1927 4709 octo
1962 4669 2089 4727 par-

2202 4623 2302 4730 μέν
2321 4651 2586 4727 ἀρκτικοῦ
2610 4623 2830 4723 μείζων·
2857 4623 2952 4702 τοῦ
2979 4647 3038 4700 δὲ
3067 4641 3388 4717 ίσημερινοῦ
3423 4638 3779 4714 βραχύτερος.

519 4749 604 4797 tes
628 4743 929 4797 secundum
973 4744 1200 4797 Aratum
1229 4743 1473 4809 dividat,
1520 4752 1681 4798 erunt
1727 4746 1970 4820 quinque
2001 4759 2095 4803 su-

519 4847 617 4903 pra
650 4844 871 4902 tcrram,
901 4842 1014 4894 tres
1040 4833 1205 4889 infra.
1234 4832 1413 4890 Verba
1436 4835 1590 4890 Arati
1627 4853 1642 4891 :

522 5035 765 5106 Quinque
784 5034 838 5090 in
876 5033 1004 5091 caelo
1044 5042 1322 5089 versantur
1342 5050 1505 5104 supra
1531 5044 1752 5092 terram.

522 5106 650 5162 Tres
682 5107 740 5161 in
759 5107 901 5159 imo:
929 5108 1133 5160 watatis
1163 5115 1339 5159 autem
1359 5107 1413 5160 in
1461 5122 1521 5160 eo
1540 5115 1663 5160 sunt
1699 5107 2096 5173 conversiones;

517 5218 721 5290 quibus
753 5217 935 5273 verbis
970 5233 1034 5273 ex
1074 5225 1201 5273 octo
1232 5217 1483 5287 partibus
1521 5219 1762 5289 quinque
1788 5220 1946 5274 illum
1989 5220 2101 5276 ha-

517 5311 650 5367 bere
682 5326 849 5382 supra
872 5319 1099 5375 terram,
1130 5318 1245 5389 tres
1276 5310 1377 5366 sub
1394 5320 1560 5376 terra,
1592 5311 1881 5383 signiﬁcat.
1909 5312 1970 5367 In
1993 5313 2101 5368 hoc

503 5400 747 5479 ,sphazrae
777 5401 909 5466 situ,
928 5401 1021 5471 qui
1056 5399 1412 5471 Hellesponti,
1436 5400 1769 5458 Macedonia:
1796 5411 1851 5459 et
1869 5401 2099 5461 Graeciaa

509 5493 728 5572 zclimati
775 5493 1088 5565 respondet,
1131 5495 1355 5565 quando
1399 5497 1482 5551 sol
1526 5498 1775 5554 aestivum
1816 5499 2095 5570 tropicum

519 5590 692 5650 tenet,
723 5589 995 5644 maximus
1028 5589 1146 5645 dies
1170 5591 1427 5647 horarum
1458 5602 1544 5647 est
1575 5591 1673 5658 i5;
1706 5592 1933 5647 minima
1960 5607 2095 5658 nox,

522 5673 588 5744 9;
611 5693 737 5734 cum
778 5679 978 5752 ubique
1017 5684 1198 5741 noctis
1234 5700 1300 5742 ac
1324 5686 1431 5745 diei
1458 5687 1633 5759 spatia
1663 5686 1829 5744 simul
1870 5696 2091 5760 sumpta

597 5834 685 5907 ‘f.
718 5836 819 5890 ἔτι.

2198 4752 2263 4805 Ei
2287 4748 2345 4803 δέ
2372 4765 2454 4811 τις
2483 4744 2645 4801 αὐτὸν
2670 4743 2832 4797 διέλοι
2865 4742 2945 4805 είς
2975 4737 3120 4794 ὀκτὼ
3156 4737 3299 4810 μέρη
3325 4733 3467 4790 κατὰ
3496 4732 3587 4786 τὸν
3612 4731 3785 4799 ¹’Δρα-

2198 4858 2313 4906 τον,
2343 4837 2496 4892 ἔσται
2521 4836 2620 4908 μὲν
2642 4832 2806 4888 αὐτοῦ
2834 4831 2994 4885 πέντε
3021 4829 3118 4901 μὲν
3140 4828 3281 4897 ὑπὲρ
3304 4823 3429 4895 γῆν,
3448 4822 3577 4893 τρία
3596 4818 3653 4873 66
3676 4816 3788 4871 ὑπὸ

2200 4932 2325 5004 γῆν.
2355 4930 2493 5002 Φησὶ
2514 4928 2571 4982 66
2593 4927 2725 4997 περὶ
2746 4921 2913 4979 αὐτοῦ
2935 4921 3109 4986 οὕτως
3144 4921 3382 4992 Ἄρατος
3408 4932 3426 4948 ο

2201 5045 2388 5102 Πέντε
2409 5042 2527 5113 μὲν
2546 5040 2715 5096 ἐνδια
2740 5039 3058 5113 στρέφεται
3083 5035 3213 5113 παρ’
3233 5032 3528 5113 ἡπέρτερα
3550 5032 3745 5113 γιιζης.

2208 5116 2288 5172 Τὰ
2312 5103 2444 5184 τρίᾶ
2461 5112 2512 5166 δ’
2532 5114 2603 5167 ἐν
2624 5103 2871 5182 περὰτῄ·
2889 5103 3093 5179 θέρεος
3113 5103 3182 5161 δέ
3210 5108 3266 5160 οἱ
3282 5103 3569 5173 ἐντροπαί
3587 5103 3747 5155 εἰσιν
3766 5114 3782 5129 ·

2202 5228 2311 5285 ἀπὸ
2330 5227 2439 5282 τῶν
2465 5224 2611 5279 ὀκτὼ
2635 5223 2817 5297 μερῶν
2844 5222 3021 5295 δηλῶν
3046 5220 3119 5275 τά
3140 5218 3303 5274 πέντε
3325 5217 3466 5287 ὑπὲρ
3486 5214 3592 5285 γῆν
3615 5213 3786 5283 ἔχειν,

2201 5321 2271 5374 τὰ
2296 5320 2354 5374 δὲ
2374 5318 2503 5391 τρία
2528 5318 2634 5372 ὑπὸ
2660 5317 2784 5388 γῆν.
2808 5314 2969 5369 Κατὰ
2993 5314 3198 5382 ταύτην
3215 5312 3317 5382 τὴν
3339 5309 3489 5363 θέσιν
3509 5306 3613 5377 τῆς
3636 5303 3790 5374 σφαί-

2209 5429 2329 5485 ρας,
2359 5413 2481 5484 ἦτις
2512 5410 2656 5465 κατά
2694 5409 2757 5463 :6
2794 5407 2964 5479 κλίμα
2993 5405 3086 5460 :06
3128 5402 3522 5475 Ἑλλησπόντου
3560 5399 3653 5453 καὶ
3684 5396 3790 5467 τῆς

2205 5501 2542 5567 Μακεδονίας
2566 5501 2704 5569 ἐστὶ,
2742 5501 2840 5555 καὶ⁵
2872 5501 2973 5571 τῆς
3015 5498 3284 5561 Ἑλλάδος,
3313 5493 3409 5549 τοῦ
3444 5492 3598 5565 ἡλίου
3630 5505 3787 5559 γενο-

2208 5596 2368 5668 μένου
2412 5596 2505 5650 ἐπὶ
2543 5595 2639 5648 :06
2682 5592 2896 5667 θερινοῦ
2939 5590 3225 5664 τροπικοιλ
3267 5592 3301 5662 ἡ
3346 5587 3576 5660 μεγίστη
3604 5582 3791 5656 ἡμέρα

2204 5689 2351 5744 ἐστὶν
2383 5686 2543 5759 ὡρῶν
2571 5694 2649 5741 ιε”
2684 5690 2718 5758 ή
2747 5687 2804 5742 δὲ
2829 5686 3086 5757 ἐλαχίστη
3115 5683 3277 5755 ὡρῶν
3296 5681 3364 5748 θ’,
3391 5675 3672 5750 πανταχοῦ
3690 5670 3797 5731 τοῦ
