4132 6410
421 456 526 514 973

1156 447 1470 507 ACHILLIS
1507 446 1695 503 TATII
1726 444 2020 525 [SAGOGE
2059 444 2149 499 AD
2182 441 2394 499 ARATI
2433 426 2915 498 PHENOMENA.

3556 428 3667 490 θη

422 566 817 643 ἦμερονυκτίου
859 565 935 619 κδ’
963 564 1120 637 ὡρῶν
1148 566 1321 630 avrae.
1352 565 1415 618 Εἰ
1447 561 1866 634 ὑποστησόμεθα
1899 557 1992 615 οὖν

2106 561 2260 615 horas
2286 566 2521 629 quatuor
2546 565 2599 613 ει
2610 554 2800 626 viginti
2821 551 3101 623 colligant.
3128 547 3301 620 Igitur
3322 546 3371 605 si
3393 547 3449 603 in
3467 548 3666 603 aestivo

421 669 481 722 ἐν
518 669 635 730 ταῖς
667 663 904 733 θεριναῖς
936 660 1183 731 τροπαῖς,
1213 657 1401 729 ῶσπερ
1434 658 1686 727 εἴπομεν,
1732 663 1792 709 ιε’
1833 655 1991 725 ὡρῶν

420 760 518 831 τὴν
547 757 806 829 μεγίστην
838 751 1046 823 ἡμέραν
1073 744 1233 813 εἶναι,
1264 748 1552 801 ἀκόλουθόν
1581 749 1696 799 ἐστι
1724 746 1993 818 βραχυτά-

421 867 522 920 την
553 848 675 900 τότε
715 843 955 915 νομίζειν
999 838 1137 893 εἶναι
1182 840 1282 909 τὴν
1328 838 1520 892 νύκτα.
1553 836 1724 889 Τοῦτο
1754 836 1810 888 δὲ
1838 835 1993 905 δῆλον

422 941 486 995 ἔκ
518 958 578 993 τε
612 938 805 1000 ἄλλων,
841 935 936 987 καὶ
979 932 1038 997 ἐξ
1075 925 1149 985 ὧν
1197 931 1431 1002 ’Ἄρατός
1472 945 1656 1001 φησιν.
1699 928 1763 980 Εἰ
1799 925 1907 997 γὰρ
1934 924 1994 978 τὸ

421 1027 814 1104 ήμερονὺκτιόν
854 1027 999 1078 ἐστιν
1038 1022 1494 1091 εἰκοσιτεσσάρων
1531 1018 1711 1090 ὡρῶν,
1757 1018 1835 1081 είς
1861 1024 1911 1087 η’
1937 1016 1994 1069 δὲ

424 1124 565 1194 μέρη
592 1122 681 1174 τὸν
708 1117 915 1190 θερινὸν
939 1113 1196 1187 τροπικὸν
1219 1112 1512 1182 τέμνεσθαι
1542 1111 1643 1174 δεῖ,
1677 1109 1907 1162 ἕκαστον
1935 1107 1995 1160 δὲ

420 1215 616 1285 τμῆμα
640 1209 797 1283 ὡρῶν
829 1214 875 1277 γ’
897 1224 910 1236 ·
939 1207 1057 1277 τρὶς
1076 1203 1132 1257 δὲ
1158 1204 1227 1257 τὰ
1251 1209 1299 1274 η’
1328 1202 1405 1255 κδ’
1426 1219 1442 1233 ·
1476 1204 1525 1254 εί
1553 1201 1729 1253 τοίνυν
1757 1199 1864 1252 ἀπὸ
1888 1197 1995 1252 τῶν

418 1303 565 1360 ὀκτὼ
594 1301 796 1356 τούτων
830 1299 1008 1371 μερῶν
1042 1298 1202 1351 πέντε
1232 1297 1378 1350 ἐστὶν
1407 1293 1548 1364 ὑπὲρ
1587 1294 1688 1363 γῆν
1712 1308 1727 1321 ·
1769 1291 1996 1344 ἕκαστον

421 1396 481 1449 δὲ
511 1395 688 1464 τρισὶν
719 1390 889 1461 ὥραις
910 1389 1281 1460 περιδινεῖται·
1308 1386 1426 1457 τρὶς
1456 1386 1474 1417 τ
1516 1384 1583 1437 τὰ
1610 1385 1767 1437 πέντε
1789 1382 2003 1452 γίνεται

421 1493 514 1541 ιε’·
539 1482 930 1539 πεντεκαίδεκα
954 1481 1111 1546 ὡρῶν
1137 1479 1346 1548 γίνεται
1385 1476 1676 1549 περιφορά.
1708 1478 1771 1529 Εἰ
1804 1476 1860 1529 δὲ
1894 1475 1997 1529 ὑπὸ

415 1581 524 1650 γῆν
550 1577 677 1650 τρία
706 1576 844 1648 μέρη
872 1575 988 1628 ἐστὶ
1008 1574 1148 1627 τότε’
1173 1572 1401 1626 ἕκαστον
1423 1571 1480 1623 δὲ
1499 1568 1608 1622 τῶν
1634 1567 1800 1640 τριῶν
1820 1568 1995 1639 τρισὶν

420 1669 592 1740 ὥραις
619 1667 988 1739 περιδινεῖται⁹
1015 1664 1135 1735 τρὶς
1154 1662 1297 1716 δὲτὰ
1320 1661 1447 1733 τρία
1470 1660 1626 1713 ἐννέα
1654 1658 1792 1712 ἐστίν
1817 1659 1994 1729 δῆλον,

418 1765 503 1817 ὅτι
523 1762 672 1815 ἔσται
699 1762 734 1831 ή
757 1756 852 1822 νὺξ
876 1757 1033 1829 ὡρῶν
1060 1756 1103 1810 θ’
1126 1772 1139 1785 ·
1161 1756 1281 1825 ἥτις
1298 1752 1556 1823 ἐλαχίστη
1575 1752 1723 1804 ἐστὶν
1744 1752 1801 1804 ἐν
1824 1749 1996 1821 τούτῳ

420 1856 500 1927 τῷ
527 1854 773 1925 κλίματι.

504 2117 564 2170 Ὃ
589 2116 646 2169 δὲ
676 2112 982 2186 χειμερινὸς
1019 2111 1277 2185 τροπικδς
1316 2113 1495 2164 κεῖται
1528 2109 1731 2180 μεταξὺ
1759 2108 1853 2162 τοῦ
1882 2110 2006 2163 ἀντ-

423 2205 688 2280 αρκτικοῢ
738 2206 831 2260 καὶ
874 2204 967 2257 τοῦ
1017 2201 1356 2275 ἰσημερινοῦ,
1405 2201 1646 2264 ἐναντίος
1685 2200 1764 2272 τῷ
1811 2200 2007 2272 θερινῷ

421 2298 691 2370 τροπικῷ,
733 2296 846 2359 ῐσος
871 2294 1036 2348 αὐτοῦ
1065 2294 1346 2366 ὑπάρχων.
1392 2293 1723 2362 Ἐφάπτεται
1751 2292 1809 2346 δὲ
1842 2291 2003 2346 αὑτοῦ

415 2391 452 2443 ὁ
494 2389 756 2454 ζωδιακὸς
801 2387 997 2450 κύκλος
1046 2386 1189 2440 κατὰ
1239 2386 1331 2439 τὸν
1375 2385 1747 2457 Λίγοκέρωτα’
1798 2384 1919 2438 καθ’
1947 2384 2006 2437 ὃν

422 2482 716 2552 γενόμενος
742 2482 771 2533 ὁ
802 2478 954 2550 ήλιος
982 2480 1215 2532 ποιεῖται
1243 2476 1558 2549 χειμερινάς
1590 2477 1818 2548 τροπάς.
1861 2475 2008 2528 Ἐκεῖ

422 2572 534 2644 γὰρ
564 2571 877 2641 γενόμενος,
907 2567 1258 2638 παυσάμενος
1283 2567 1381 2637 τῆς
1406 2566 1658 2629 καθόδου,
1685 2565 1846 2619 πάλιν
1875 2566 2010 2618 ἀνω-

418 2663 565 2734 τέρω
609 2661 817 2716 ἄνεισι·
859 2660 939 2713 διὸ
982 2658 1077 2713 καὶ
1122 2658 1299 2730 τροπὴ
1340 2657 1505 2711 αὐτοῦ
1557 2656 1775 2725 λέγεται
1818 2657 1852 2726 ή
1899 2653 2006 2708 ἀπὸ

419 2754 798 2825 Δίγοκέρωτος
850 2752 943 2804 ἐπὶ
993 2749 1267 2822 Καρκίνον
1315 2749 1520 2814 ἄνοδος.
1574 2747 1899 2820 Χειμερινὸς
1948 2746 2005 2801 δὲ

423 2848 652 2920 ἐκλήθη,
686 2848 770 2900 ὅτι
804 2847 861 2898 ἐν
884 2843 1032 2914 αὐτῷ
1053 2842 1342 2914 γενόμενος
1362 2842 1391 2894 ὁ
1417 2841 1568 2912 ἥλιος
1592 2841 1650 2894 ἐν
1669 2839 2005 2911 Αίγοκέρωτι

422 2938 668 3011 χειμῶνα
701 2940 845 2991 ποιεῖ
866 2936 1185 3008 ἀκρότατον.
1225 2935 1368 2996 Ἶσος
1395 2934 1452 2986 δὲ
1480 2932 1557 2985 ὢν
1586 2927 1741 2997 οὗτος
1766 2934 1795 2987 ὁ
1820 2949 2006 3003 χειμε-

418 3031 572 3103 ρινὸς
597 3029 856 3100 τροπικὸς
886 3027 964 3098 τῷ
999 3024 1195 3099 θερινῷ
1223 3023 1487 3095 τροπικῷ,
1518 3023 1729 3096 ἐτμήθη
1755 3026 1835 3088 είς
1858 3023 2003 3096 μέρη

414 3128 497 3191 ἠν,
532 3120 781 3191 καθάπερ
813 3120 1042 3181 ἐκεῖνος.
1075 3115 1394 3170 Τούναντίον
1425 3111 1519 3170 οὖν
1545 3115 1737 3188 ἐκείνῳ
1762 3114 1871 3182 ἔξει
1896 3116 2006 3170 ἀπὸ

423 3212 535 3266 τῶν
559 3216 608 3283 η’
642 3209 822 3281 μερῶν
846 3207 1008 3262 πέντε
1045 3207 1144 3278 μὲν
1167 3205 1273 3259 ὑπὸ
1303 3206 1428 3277 γῆν,
1467 3206 1592 3277 τρία
1616 3205 1673 3260 δὲ
1701 3207 1840 3277 ὑπὲρ
1876 3206 1999 3276 γῆν·

426 3305 504 3367 ὡς
536 3279 782 3371 γίνεσθαι
805 3299 903 3372 τὴν
931 3298 1142 3371 ἡμέραν
1165 3297 1287 3351 τότε
1313 3297 1620 3370 ἐλαχίστην,
1653 3298 1741 3352 ὅτε
1768 3300 1826 3353 ἐν
1854 3299 2009 3369 Αίγο-
2032 3279 2076 3338 C

424 3396 630 3465 κέρωτι
661 3392 950 3463 γενόμενος
985 3393 1013 3444 ὁ
1052 3390 1203 3461 ήλιος
1239 3388 1538 3459 ἐφάπτεται
1568 3387 1663 3442 τοῦ
1695 3389 2006 3461 χειμερινοῦ

420 3484 688 3558 τροπικοῦ
709 3502 723 3517 ο
754 3485 873 3557 ἦτοι
902 3482 1060 3555 ὡρῶν
1092 3481 1136 3535 θ’
1157 3497 1171 3511 ·
1214 3482 1315 3553 τὴν
1349 3481 1406 3535 δὲ
1438 3480 1611 3535 νύκτα
1643 3481 1802 3553 ὡρῶν
1833 3487 1875 3535 ε’
1914 3483 2010 3536 καὶ

417 3577 580 3643 δέκα,
613 3575 755 3631 κατὰ
781 3575 872 3629 τὸν
900 3575 1060 3628 αὐτὸν
1092 3573 1248 3643 λόγον
1274 3572 1352 3644 τῷ
1371 3572 1567 3644 θερινῷ
1596 3572 1861 3645 τροπικιῖκ

512 3668 570 3722 '0
596 3668 653 3721 δὲ
688 3667 1018 3739 ίσημερινὸς,
1057 3664 1259 3735 μεταξὺ
1306 3665 1413 3718 τῶν
1445 3664 1610 3718 πέντε
1649 3663 2009 3735 παραλλήλων

431 3759 706 3830 κείμενος,
751 3757 951 3829 μείζων
982 3757 1099 3811 ἐστὶ
1130 3754 1237 3810 τῶν
1272 3754 1447 3809 ἄλλων
1479 3754 1792 3825 τεσσάρωνο
1824 3754 2011 3825 ἐπειδὴ

426 3851 517 3905 διὰ
530 3849 622 3904 τοῦ
639 3850 865 3922 κέντρου
883 3850 982 3920 τὴν
997 3847 1350 3918 περιφέρειαν
1371 3846 1503 3918 ἔχει.
1529 3846 1680 3901 Ποιεῖ
1698 3846 1755 3900 δὲ
1774 3848 1833 3901 ἐν
1865 3845 2011 3917 αὑτῷ

431 3945 463 3997 ὀ
494 3943 647 4014 ἥλιος
690 3941 789 4006 τὰς
840 3941 1246 4013 προειρημένας
1291 3939 1384 3994 δύο
1432 3939 1755 4011 ἰσημερίαςο
1793 3938 2012 4011 ἐαρινὴν

435 4037 535 4108 μὲν
572 4039 631 4091 ἐν
667 4035 825 4108 Κριῷ
864 4035 1174 4105 γενόμενος,
1217 4032 1595 4105 μετοπωρινὴν
1619 4031 1676 4086 δὲ
1697 4034 1755 4086 ἐν
1781 4031 2007 4104 Χηλαῖς.

444 4127 779 4200 Ἰσημερινὸς
797 4126 855 4180 δὲ
879 4126 1116 4196 λέγεται,
1140 4125 1326 4197 ἐπειδὴ
1346 4112 1407 4177 ἐν
1427 4123 1574 4196 αὐτῷ
1596 4125 1695 4189 τὰς
1724 4123 2014 4196 ἰσημερίας

432 4221 580 4271 ποιεῖ
613 4222 642 4273 ὁ
669 4218 839 4290 ἥλιος.
878 4217 1122 4290 Τμηθεὶς
1148 4216 1207 4270 δὲ
1243 4218 1322 4280 εἰς
1353 4222 1424 4289 η’,
1454 4214 1695 4286 τέσσαρα
1738 4215 1836 4287 μὲν
1872 4216 2011 4287 ὑπὲρ

433 4308 560 4378 γῆν,
580 4306 822 4378 τέσσαρα
858 4304 915 4358 δὲ
942 4305 1048 4358 ὑπὸ
1090 4308 1195 4377 γῆν
1222 4304 1334 4371 ἕξει
1378 4304 1554 4377 μέρη·
1588 4306 1681 4359 καὶ
1712 4305 1859 4360 ἔστιν
1900 4305 2015 4369 ίσος

422 4399 511 4471 τῷ
541 4396 793 4469 ζωδιακῷ
820 4398 915 4450 καὶ
942 4396 1021 4467 τῷ
1053 4395 1305 4468 γαλαξίᾳ.
1596 4395 1604 4404 ’

508 4491 669 4553 Ἴσως
692 4488 737 4541 δ’
759 4488 825 4542 ἄν
843 4506 926 4552 τις
957 4488 1231 4561 ζητήσειε,
1257 4487 1374 4553 πῶς
1406 4487 1614 4560 ἔφαμεν
1645 4489 1704 4543 ὲν
1735 4487 1834 4559 μὲν
1867 4486 2012 4559 θερι-

434 4583 557 4645 ναῖς
589 4581 818 4651 τροπαῖς
854 4579 1145 4650 γενόμενον
1167 4581 1258 4634 τὸν
1285 4581 1437 4651 ἣλιον
1464 4586 1524 4634 ιε’
1552 4579 1710 4651 ὡρῶν
1734 4580 1833 4651 τὴν
1870 4580 2009 4651 ἡμέ-

431 4688 539 4744 ραν
578 4673 781 4724 ποιεῖν·
825 4671 884 4723 ἐν
917 4670 975 4723 δὲ
1010 4674 1347 4743 χειμεριναῖς
1380 4671 1446 4736 θ’,
1476 4671 1639 4725 ὁπότε
1677 4673 1734 4724 ἐν
1758 4674 1872 4735 τοῖς
1907 4688 2010 4742 μη-

433 4765 678 4834 χανικοῖς
700 4761 1031 4833 ὡρολογίοις,
1071 4763 1165 4815 καὶ
1198 4762 1527 4833 ὑδρολογίοις
1549 4764 1637 4816 ἀεὶ
1675 4763 1709 4833 ή
1738 4761 1919 4833 ἡμέρα
1946 4763 2011 4832 ιβ’

429 4855 596 4927 ὡρῶν
620 4855 889 4924 φαίνεται.
922 4854 1166 4922 Λέγομεν
1191 4851 1303 4919 οὖν,
1335 4855 1439 4919 ὃτι,
1458 4853 1647 4924 ὥσπερ
1672 4854 1779 4917 πᾶς
1804 4852 2012 4924 ἄνθρω-

437 4964 538 5010 πος
556 4946 716 4999 πέντε
741 4944 1019 4998 δακτύλων
1040 4943 1152 5014 ἔχει
1177 4945 1275 5016 τὴν
1299 4946 1476 5016 χεῖρα,
1499 4947 1628 5007 παῖς
1652 4961 1712 4997 τε
1735 4944 1830 4997 καὶ
1850 4942 2008 5014 ἀνὴρ,

432 5039 498 5090 οὐ
525 5037 630 5109 μὴν
657 5038 825 5103 ίσους,
851 5036 1129 5105 ἀναλόγως
1154 5037 1247 5089 καὶ
1274 5036 1366 5088 ἐπὶ
1395 5035 1502 5090 τῶν
1533 5035 1754 5107 ἡμερῶν
1783 5036 1878 5089 καὶ
1901 5035 2010 5089 τῶν

437 5127 644 5182 νυκτῶν
665 5128 801 5201 πρὸς
831 5127 892 5180 τὸ
923 5125 1150 5198 μέγεθος
1180 5127 1273 5180 καὶ
1304 5127 1403 5199 τὴν
1436 5127 1711 5198 ταχυτῆτα
1743 5126 1888 5198 ἔχειν
1909 5143 2011 5195 φα-

439 5220 541 5291 μὲν
572 5219 672 5283 τὰς
700 5220 848 5292 ὥρας
867 5237 881 5250 ·
927 5219 1020 5274 καὶ
1052 5218 1303 5289 μεγάλων
1337 5219 1436 5290 μὲν
1465 5219 1725 5289 μεγάλας,
1760 5217 2009 5290 σμικρῶν

435 5311 494 5366 δὲ
527 5312 782 5384 σμικράς.
814 5312 959 5384 Πρὸς
989 5307 1081 5365 οὖν
1121 5311 1218 5375 τὰς
1249 5309 1561 5382 χειμερινὰς
1586 5311 1798 5382 ἡμέρας
1834 5310 1892 5367 αἱ
1918 5309 2010 5366 θε-

439 5406 585 5477 ριναὶ
630 5405 862 5477 μεγάλαι
908 5400 1084 5468 οὖσαι,
1126 5409 1185 5458 ιε’
1232 5403 1381 5475 ὥρας
1429 5404 1746 5475 ίσημερινῆς
1796 5402 2008 5475 ἡμέρας

435 5496 713 5570 διάστημα
740 5498 980 5569 ἔχουσαι,
1013 5497 1092 5562 είς
1124 5495 1188 5567 ιβ’
1219 5495 1493 5566 ἀναλόγως
1529 5495 1753 5571 διῃρέθη
1785 5496 1829 5550 ⁸.
1852 5496 1925 5548 Τὸ
1953 5496 2010 5550 δὲ

435 5589 568 5645 αὐτὸ
598 5591 693 5645 καὶ
721 5592 814 5644 ἐπὶ
837 5588 1045 5644 νυκτῶν
1070 5589 1340 5661 μεγάλων,
1371 5590 1466 5647 καὶ
1495 5589 1729 5663 μικρῶν,
1752 5591 1846 5646 καὶ
1870 5591 2009 5662 ἡμε-

439 5681 550 5751 ρῶν
583 5682 603 5714 ⁹
639 5682 851 5754 μικρῶν
877 5683 1090 5741 σκόπει.

502 5880 527 5914 ⁷
554 5882 596 5953 f.
627 5885 747 5955 τρὶς
771 5884 849 5940 δέ.

2096 652 2333 708 solstitio
2361 656 2634 715 sumatur,
2667 646 2746 702 uti
2777 646 2982 701 dictum
3011 648 3117 707 est,
3163 640 3519 712 longissimus
3547 640 3665 696 dies

2097 745 2357 798 horarum
2385 742 2482 807 15;
2505 752 2848 808 consequens.
2872 745 2953 793 est
2982 734 3363 791 brevissimam
3388 747 3512 788 esse
3536 741 3666 786 tunc

2098 843 2335 890 noctem.
2386 832 2565 903 Atque
2601 830 2706 885 hoc
2753 844 2880 884 cum
2910 826 3133 881 aliunde
3179 822 3530 879 manifestum
3558 830 3664 886 est,

2098 935 2213 982 tum
2249 943 2313 983 ex
2349 925 2438 989 iis,
2486 939 2609 994 qua:
2647 924 2847 978 Aratus
2894 921 3150 990 explicat.
3194 918 3332 974 Nam
3374 918 3425 975 si
3473 918 3581 973 diei
3613 927 3669 972 et

2099 1020 2278 1075 noctis
2298 1017 2647 1073 intervallum
2676 1015 2937 1070 horarum
2966 1019 3052 1069 est
3079 1012 3272 1084 viginti
3301 1021 3536 1083 quatuor
3564 1031 3577 1065 :
3603 1027 3670 1067 ac

2099 1113 2369 1183 tropicum
2391 1109 2659 1164 circulum
2693 1106 2749 1161 in
2772 1113 2957 1176 partes
2989 1112 3120 1159 octo
3150 1103 3392 1158 dividere
3416 1110 3667 1172 Oportet;

2100 1219 2330 1277 quarum
2361 1201 2617 1272 quaelibet
2646 1198 2814 1253 trium
2840 1205 2926 1252 eat
2955 1197 3214 1250 horarum
3241 1213 3255 1249 :
3284 1209 3407 1249 cum
3440 1202 3523 1249 ter
3545 1202 3672 1248 octo

2100 1300 2212 1354 sint
2228 1296 2415 1367 viginti
2445 1303 2710 1365 quatuor;
2729 1284 2992 1360 quoniam
3020 1303 3086 1343 ex
3103 1293 3226 1342 octo
3248 1285 3493 1357 partibus
3509 1287 3672 1356 quin-

2100 1405 2206 1460 que
2255 1402 2421 1458 supra
2455 1395 2657 1441 terram
2691 1383 2956 1446 eminent,
3009 1389 3064 1436 et
3108 1393 3449 1449 unaquaeque
3492 1377 3673 1435 tribus

2103 1482 2253 1537 horis
2283 1480 2518 1535 volvitur
2553 1484 2730 1537 :-sunt
2772 1482 2953 1530 autem
2995 1472 3287 1545 quinquies
3321 1478 3406 1527 ter
3442 1470 3675 1542 quinde-

2101 1573 2207 1626 cim
2241 1591 2254 1625 :
2286 1584 2512 1626 necesse
2535 1575 2619 1624 est
2638 1565 2951 1637 quindecim
2980 1564 3239 1618 horarum
3265 1562 3518 1617 diurnum
3540 1561 3675 1618 solis

2101 1677 2222 1718 esse
2243 1668 2472 1716 motum.
2503 1658 2660 1726 Quod
2700 1657 2746 1713 si
2783 1665 2913 1712 tunc
2939 1656 3184 1727 quinque
3223 1663 3352 1710 sunt
3380 1661 3566 1724 partes
3590 1651 3676 1709 in—

2103 1753 2186 1808 l'ra
2228 1762 2459 1821 terram;
2488 1767 2721 1824 quarum
2753 1749 3010 1821 quaelibet
3051 1749 3211 1804 trium
3265 1748 3525 1803 horarum
3558 1760 3679 1818 spa-

2101 1846 2179 1900 tio
2222 1847 2399 1900 cietur
2427 1864 2440 1898 :
2473 1859 2600 1899 cum
2633 1844 2745 1898 sint
2770 1850 2868 1902 .ter
2916 1839 3026 1894 tria
3063 1854 3297 1904 novem;
3322 1838 3678 1908 perspicuum

2029 1940 2071 1996 Β
2099 1948 2183 1994 est
2220 1947 2434 1993 noctem
2464 1937 2619 1993 horis
2661 1944 2915 1992 constare
2955 1947 3193 1999 novem;
3227 1947 3347 2002 qua:
3376 1939 3461 1988 est
3501 1933 3557 1986 in
3585 1931 3677 1987 illo

2108 2037 2287 2085 l'ractu
2315 2029 2658 2085 brevissima.

2176 2120 2451 2176 llibernus
2483 2120 2726 2190 tropicus
2761 2117 2906 2174 inter
2939 2117 3303 2173 antarcticum
3331 2115 3598 2172 circulum
3626 2123 3683 2172 et

2106 2211 2547 2283 aequinoctialem
2595 2210 2807 2280 positus
2849 2214 2955 2275 est,
2997 2216 3188 2264 contra
3235 2217 3397 2279 atque
3434 2207 3682 2278 tropicus

2106 2306 2349 2371 aestivus,
2379 2303 2469 2358 cui
2492 2303 2602 2373 87
2630 2309 2713 2358 est
2732 2302 2984 2372 aequalis.
3022 2299 3181 2357 Hunc
3206 2301 3465 2357 zodiacus
3490 2300 3554 2356 in
3576 2299 3684 2356 Ca-

2105 2398 2365 2468 pricorno
2392 2395 2659 2466 contingit
2688 2413 2701 2449 :
2736 2394 2790 2448 in
2821 2409 2932 2465 quo
2958 2394 3040 2450 sol
3070 2394 3356 2468 hibernum
3384 2393 3681 2449 solstitium

2104 2466 2287 2543 edicit.
2316 2485 2451 2541 Illuc
2476 2485 2622 2542 enim
2656 2484 2749 2539 ubi
2789 2485 3056 2555 pervenit,
3105 2499 3215 2540 non
3263 2466 3408 2539 ultra
3454 2483 3684 2540 descen-

2106 2579 2220 2646 dit;
2249 2578 2346 2634 sed
2383 2576 2685 2634 ascendere
2731 2591 2927 2633 rursus
2975 2576 3199 2647 incipit;
3237 2587 3519 2647 propterea
3550 2590 3685 2630 con-

2105 2672 2285 2728 versio
2314 2670 2463 2725 illius
2489 2669 2691 2725 dicitur
2716 2684 2746 2723 a
2765 2668 3100 2740 Capricorno
3121 2667 3189 2723 ad
3203 2665 3475 2724 Cancrum
3494 2682 3661 2726 ascen

2106 2762 2210 2818 sio.
2238 2759 2356 2816 Jam
2400 2759 2664 2816 hibernus
2697 2758 2820 2814 ideo
2853 2759 3193 2825 nominatur,
3224 2758 3374 2829 quod
3434 2772 3561 2815 cum
3609 2757 3687 2813 ibi

2106 2854 2189 2910 sol
2208 2854 2272 2908 in
2293 2852 2630 2923 Capricorno
2657 2857 2930 2917 versatur,
2970 2867 3242 2908 summam
3266 2852 3498 2908 hiemem
3530 2850 3683 2907 facit.

2105 2942 2243 2998 Cum
2287 2952 2469 2999 autem
2506 2941 2754 3013 tropicus
2795 2942 3062 2998 hibernus
3105 2942 3299 2999 aestivo
3330 2944 3404 2999 sit
3435 2941 3684 3013 aequalis,

2106 3034 2360 3091 similiter
2403 3043 2570 3106 atque
2618 3036 2709 3090 hic
2755 3035 2811 3089 in
2842 3042 3035 3107 partes
3083 3042 3209 3090 octo
3262 3034 3542 3091 dividitur.
3579 3033 3688 3091 Sed

2106 3125 2406 3191 contrario,
2444 3142 2612 3198 quam
2646 3126 2761 3192 ille,
2794 3124 2956 3181 modo
2988 3125 3057 3181 de
3086 3124 3339 3196 partibus
3370 3132 3495 3179 octo
3525 3123 3690 3196 quin—

2105 3229 2215 3286 que
2249 3214 2391 3271 inl‘ra
2417 3223 2644 3283 terram,
2668 3223 2790 3272 tres
2815 3229 2985 3286 supra
3016 3224 3216 3271 terram
3239 3215 3434 3282 habet;
3466 3222 3527 3269 ut
3560 3223 3689 3270 tunc

2114 3308 2438 3364 brevissima
2462 3309 2581 3365 dies
2612 3308 2708 3375 sit,
2735 3323 2862 3364 cum
2884 3307 2969 3363 sol
2990 3306 3386 3377 Capricornum
3417 3308 3690 3364 transiens

2112 3397 2398 3453 hibernum
2427 3398 2700 3470 trepicum
2733 3397 2979 3469 attingit;
3010 3397 3271 3453 horarum
3298 3399 3548 3455 videlicet
3587 3415 3689 3455 no-

2109 3504 2229 3543 vem
2262 3507 2275 3544 :
2309 3504 2418 3544 nox
2455 3499 2638 3545 autem
2680 3488 2943 3544 horarum
2977 3488 3293 3560 quindecim
3325 3508 3340 3545 :
3374 3491 3598 3562 perinde
3622 3506 3691 3548 ac

2102 3581 2321 3650 tropico
2343 3580 2532 3637 aestivo
2560 3580 2782 3637 accidit.

2177 3669 2603 3743 Aﬂquinoctialis
2649 3673 2894 3729 circulus
2947 3673 3162 3733 medius
3210 3673 3354 3730 inter
3394 3672 3691 3745 parallelos

2110 3767 2354 3836 quinque
2378 3805 2395 3831 ,
2425 3773 2665 3838 quatuor
2695 3767 2925 3838 reliquis
2953 3769 3131 3838 major
3162 3777 3248 3826 est
3273 3807 3290 3835 ,
3324 3769 3469 3839 quod
3498 3784 3528 3823 a
3559 3784 3692 3824 cen-

2110 3865 2198 3911 tro
2225 3855 2459 3912 ducatur
2488 3857 2610 3927 ejus
2642 3857 2903 3912 ambitus.
2931 3857 2990 3912 In
3020 3873 3088 3914 eo
3114 3859 3199 3915 sol
3229 3857 3340 3914 duo
3370 3857 3498 3913 facit
3523 3859 3692 3929 arqui-

2112 3948 2326 4013 noctia,
2361 3963 2483 4019 qua:
2506 3963 2673 4019 supra
2696 3948 2993 4004 memoravi
3022 3968 3037 4005 :
3070 3965 3300 4007 vernum
3352 3966 3475 4006 cum
3503 3961 3587 4006 est
3632 3952 3690 4006 in

2113 4038 2300 4095 Ariete
2325 4059 2339 4094 :
2378 4040 2696 4095 autumnale
2725 4048 2909 4097 autem
2930 4083 2945 4109 ,
2971 4042 3028 4096 in
3057 4039 3240 4097 Libra.
3264 4041 3690 4114 IEquinoctialis

2111 4125 2161 4180 ei
2197 4140 2396 4180 nomen
2426 4134 2542 4191 est,
2580 4124 2839 4195 quoniam
2877 4126 2934 4180 in
2971 4125 3097 4196 ipso
3126 4124 3454 4197 aequinoctia
3489 4125 3625 4181 ﬁunt
3656 4142 3691 4181 a

2113 4215 2251 4271 sole.
2288 4213 2387 4269 Hic
2420 4215 2467 4270 si
2502 4214 2557 4269 in
2590 4222 2783 4285 partes
2814 4224 2940 4271 octo
2970 4215 3271 4279 tribuatur,
3311 4224 3549 4286 quatuor
3590 4231 3690 4271 su-

2113 4322 2211 4378 pra
2254 4315 2453 4362 terram
2501 4318 2704 4375 erunt;
2749 4306 2894 4361 infra
2925 4306 3189 4375 totidem;
3223 4316 3415 4377 estque
3463 4290 3691 4362 Zodiaco

2111 4399 2339 4468 aequalis
2371 4407 2425 4453 et
2454 4400 2633 4455 lacteo
2662 4399 2893 4455 circulo.
3390 4462 3394 4465 Α

2185 4489 2360 4561 Roget
2403 4491 2603 4561 aliquis
2652 4506 2752 4545 cur
2802 4489 3145 4558 dixerimus,
3192 4489 3363 4543 solem
3413 4488 3467 4544 in
3500 4488 3691 4551 aestivo

2115 4582 2354 4638 solstitio
2403 4583 2764 4638 constitutum
2820 4581 3083 4636 horarum
3132 4580 3446 4651 quindecim
3509 4578 3692 4635 facere

2112 4675 2255 4745 diem
2282 4691 2298 4741 ;
2333 4675 2390 4728 in
2421 4673 2684 4739 hiberno,
2717 4687 2911 4728 novem
2944 4690 2958 4727 :
2993 4686 3119 4726 cum
3156 4679 3341 4725 tamen
3370 4671 3427 4725 in
3462 4670 3691 4726 mecha-

2114 4766 2251 4820 nicis
2283 4762 2584 4833 horologiis
2626 4770 2681 4817 et
2728 4762 3065 4834 bydrologiis
3096 4762 3215 4818 dies
3246 4768 3511 4832 perpetuo
3538 4762 3692 4817 horis

2113 4856 2402 4911 duodecim
2427 4863 2684 4911 constare
2716 4854 2987 4911 videatur.
3013 4853 3151 4909 Huic
3172 4856 3245 4909 ita
3271 4854 3685 4925 respondemus,

2114 4946 2573 5017 quemadmodum
2606 4945 2771 5001 homo
2803 4945 3036 5016 quilibet
3063 4952 3179 5000 tam
3220 4961 3358 5015 puer
3384 4959 3548 5015 quam
3579 4945 3686 5008 vir,

2116 5038 2316 5111 quinos
2350 5037 2408 5093 in
2460 5051 2628 5091 manu
2676 5035 2877 5108 digitos
2906 5036 3113 5104 habet;
3150 5052 3259 5091 non
3295 5045 3474 5091 tamen
3509 5051 3689 5106 :equa-

2118 5127 2197 5181 les
2227 5146 2239 5182 :
2274 5126 2518 5183 eamdem
2557 5129 2719 5199 plane
2752 5128 2809 5183 in
2838 5128 3034 5185 diebus
3073 5144 3138 5184 ac
3191 5129 3444 5183 noctibus
3480 5143 3693 5196 magm-

2118 5218 2329 5274 tudinis
2395 5232 2461 5273 ac
2537 5219 2838 5275 celeritatis
2891 5220 3160 5275 rationem
3218 5218 3384 5274 horas
3442 5217 3690 5274 habere:

2118 5310 2256 5366 adeo
2286 5320 2346 5365 ut
2377 5324 2702 5382 magnarum
2734 5326 2945 5381 magna;
2978 5311 3130 5377 sint;
3177 5325 3468 5382 parvarum
3504 5308 3693 5364 itidem

2119 5417 2320 5473 parvae.
2345 5400 2512 5474 Igitur
2531 5401 2703 5458 aestivi
2737 5402 2854 5458 dies
2880 5403 3123 5458 hibernis
3151 5403 3386 5472 majores
3407 5401 3692 5458 intervallo

2117 5502 2377 5551 constant
2404 5493 2665 5548 horarum
2696 5493 2762 5547 15
2791 5492 3288 5564 aequinoctialium,
3320 5507 3440 5564 qua:
3469 5491 3523 5545 in
3556 5492 3695 5545 duo-

2119 5586 2297 5641 decim
2339 5585 2690 5656 proportione
2728 5584 3067 5640 dividuntur.
3111 5585 3255 5663 Idem
3295 5600 3427 5656 ergo
3467 5583 3695 5656 majori-

2118 5678 2224 5733 bus
2266 5692 2332 5732 ac
2390 5676 2699 5734 minoribus
2734 5676 2803 5733 de
2832 5678 3125 5743 noctibus,
3178 5686 3233 5736 et
3284 5677 3586 5751 majoribus
3626 5688 3697 5733 ac

2120 5767 2425 5827 minoribus
2454 5768 2647 5827 diebus
2681 5777 2765 5828 est
2791 5769 3081 5843 judicium.

959 5886 980 5919 ⁸
1013 5887 1055 5955 f.
1083 5886 1429 5961 διῃρέθησαν.
1505 5890 1526 5922 ⁸
1561 5885 1709 5940 Deest
1741 5885 2006 5956 μεγάλων,

2115 5887 2150 5941 ί.
3177 5929 3193 5942 .
3234 5915 3257 5947 .z,
