4132 6424
445 455 552 514 975

523 565 776 628 Paralleli
803 562 1044 637 quinque
1073 558 1266 616 circuli
1299 560 1564 612 vocantur
1597 547 1866 606 translata
1895 558 1926 597 a
1960 541 2027 596 li-
2059 549 2104 608 Α

451 666 574 722 neis
625 657 1024 732 appellatione,
1073 665 1214 724 quas
1259 651 1552 720 geometrae
1600 637 1892 712 parallelas
1941 647 2036 689 vo-

451 766 602 814 cant.
634 726 918 824 Ejusmodi
958 745 1310 802 nominantur
1349 740 1418 794 ab
1462 737 1531 792 iis
1577 735 1767 796 lineae,
1817 741 1938 799 quae
1979 726 2036 780 in

454 848 646 904 eodem
688 844 854 916 plano
901 839 1096 910 positae
1135 833 1284 890 nulla
1313 838 1470 904 parte
1497 829 1556 884 in
1586 841 1646 882 se
1675 823 1919 879 invicem
1951 819 2038 874 in-

455 912 710 995 clinant:
732 931 842 988 Sed
885 945 985 985 nos
1011 925 1294 982 facilitatis
1327 921 1502 994 gratia
1533 919 1604 974 ab
1631 931 1698 973 eo
1725 912 1872 985 quod
1901 925 2040 966 con-

458 1040 699 1101 sequens
744 1029 830 1080 est
861 1035 955 1076 eos
988 1017 1345 1088 explicemus.
1381 1008 1679 1065 Parallelos
1714 1005 1898 1074 itaque
1931 1001 2040 1056 cir-

1466 433 1557 488 ΔΙ)
1593 423 1866 488 EUSEBII
1902 412 2297 478 CHBONICON
2339 403 2708 465 APPENDIX.

2197 527 2538 604 Παραλληλοι
2556 523 2614 580 δὲ
2635 519 2940 594 ἐκλήθησαν
2961 513 3010 568 oi
3025 509 3066 566 ε’
3091 509 3282 565 κύκλοι
3303 505 3410 563 ἀπὸ
3424 503 3535 560 τῶν
3557 506 3710 578 παρὰ

2132 630 2244 692 τοῖς
2275 599 2618 694 νεωμέτραις
2645 609 3003 686 παραλλήλων
3041 601 3338 676 γραμμῶν.
3365 599 3713 674 Παράλληλοι

2133 719 2191 774 δὲ
2217 691 2474 788 γραμμαὶ
2496 710 2746 778 λέγονται
2772 703 2902 774 παρ’
2930 699 3114 760 αὐτοῖς
3135 697 3190 748 αἱ
3219 695 3278 748 ὲν
3303 691 3382 764 τῷ
3416 691 3564 762 αὐτῷ
3587 693 3710 744 έπι-

2135 783 2282 880 πέδω
2303 783 2480 870 θῦσαι,
2501 801 2594 856 καὶ
2617 799 2692 870 μὴ
2715 795 3117 868 συμπίπτουσαι
3141 787 3235 840 ἐπὶ
3253 785 3528 857 μηδέτερα
3547 783 3708 855 μέρη,

2136 874 2440 973 Σαφηνείας
2471 895 2528 950 δὲ
2561 894 2722 946 ἕνεκα
2755 891 2820 942 ὲκ
2853 885 2946 940 τοῦ
2985 876 3515 953 παρακολουθοῦντος
3549 874 3715 928 εἴπω-

2141 969 2476 1068 μενίΦαμὲν
2522 981 2638 1049 οὖν,
2664 985 2746 1038 ὅτι
2789 974 3122 1052 παράλληλοί
3146 975 3282 1026 εἰσιν
3315 971 3366 1023 οί
3401 969 3588 1023 κύκλοι
3616 984 3713 1039 με-

459 1059 699 1101 δειλιιυιιυ
744 1059 830 1080 ῠδο
861 1059 955 1076 vva
988 1059 1345 1088 v-r‘IVVI-CI’UI
1381 1059 1404 1065 _
1426 1059 1477 1065 ..-
1491 1059 1675 1064 .---,---
1716 1059 1722 1060 ,
1810 1059 1827 1074 ⁸

459 1123 614 1178 culos
659 1131 784 1174 esse
831 1111 1066 1168 dicimus
1109 1122 1238 1171 eos,
1272 1104 1368 1172 qui
1418 1117 1448 1156 a
1493 1095 1935 1156 circumferentia
1973 1091 2040 1146 ad

2160 1087 2270 1154 ταξὺ
2309 1059 2552 1155 ἀλλήλων
2589 1077 2698 1133 ἀπὸ
2736 1069 3092 1145 περιφερείας
3125 1067 3218 1120 ἐπὶ
3261 1061 3616 1133 περιφέρειαν
3657 1059 3718 1112 τὸ

2327 1175 2336 1178 ⁸
2467 1171 2481 1178 ⁸
2514 1172 2526 1178 ⁸
2657 1167 2679 1178 ¹¹
3024 1155 3245 1178 κίΑηΙΛ--ι
3299 1154 3356 1178 —-’-
3399 1151 3575 1178 ..ειη-ιι.
3606 1148 3718 1178 Ινιλι.

459 1207 960 1272 circumferentiam
1009 1200 1258 1260 eamdem
1289 1195 1660 1266 undequaque
1693 1187 2038 1244 latitudinem

2141 1148 2253 1232 ἴσον
2285 1175 2384 1246 μὲν
2424 1148 2627 1232 πλάτος
2656 1167 2869 1236 ἔχοντες
2909 1155 3268 1229 πανταχόθεν,
3297 1154 3358 1207 οὐ
3399 1151 3579 1223 μέντοι
3606 1148 3718 1202 ἴσον

461 1251 960 1272 ............,......._..-
1012 1251 1309 1260 -_-____,,_,
1420 1251 1476 1266 ,_
1569 1251 1586 1264 _

461 1309 706 1371 habent;
756 1300 862 1358 etsi
911 1313 1024 1354 non
1065 1293 1290 1366 aequalis
1341 1291 1487 1345 inter
1531 1297 1725 1341 omnes
1755 1279 2042 1350 interjecta

2160 1269 2236 1322 cal.
2261 1268 2322 1320 τὸ
2345 1265 2546 1327 πλάτος
2568 1261 2629 1314 τὸ
2663 1256 2862 1330 μεταξὺ
2897 1251 3098 1308 αὐτῶν.

461 1397 690 1456 latitudo
721 1395 812 1452 sit.

711 1509 790 1566 De
829 1520 1086 1562 zonarum
1117 1519 1152 1556 a
1179 1517 1234 1555 se
1263 1499 1486 1553 invicem
1515 1492 1796 1548 distantia.

529 1605 622 1661 26.
663 1603 839 1672 Atque
869 1608 928 1654 ut
967 1597 1162 1651 horum
1193 1589 1474 1648 intervalla
1501 1595 1928 1656 cognoscamus,
1963 1577 2047 1632 di-

461 1697 682 1753 vidatur
712 1668 926 1764 sphaera
965 1701 1061 1758 per
1093 1693 1341 1740 centrum
1365 1720 1383 1746 ,
1415 1679 1496 1734 sic
1527 1687 1584 1730 ut
1616 1673 1860 1744 paralleli
1910 1668 2048 1724 bifa-

2143 1473 2284 1544 Περὶ
2311 1469 2422 1539 τῆς
2454 1467 2604 1538 πρὸς
2633 1459 2912 1527 ἀλλήλας
2949 1453 3066 1510 τῶν
3095 1450 3292 1514 ζωνῶν
3329 1445 3720 1510 διαστάσεως.

2171 1579 2174 1588 ·
2213 1539 2327 1631 κςδ.
2361 1563 2478 1616 Ἵνα
2519 1559 2578 1611 δὲ
2632 1557 2726 1610 καὶ
2771 1553 2842 1608 τὰ
2877 1549 3078 1624 μεταξὺ
3127 1544 3330 1600 τούτων
3379 1539 3724 1608 διαστήματα

2150 1659 2428 1732 μάθωμεν,
2459 1651 2599 1706 ἔστω
2621 1645 2932 1720 τεμνομένη
2956 1644 2990 1714 ὴ
3027 1642 3232 1710 σφαῖρα
3263 1633 3354 1688 διὰ
3381 1631 3474 1686 τοῦ
3497 1630 3722 1700 κέντρου

463 1719 682 1753 γιιιιιιιιῐ
712 1719 926 1764 spinam
965 1719 1052 1758 νει
1093 1719 1341 1740 wuuu...
1365 1720 1383 1746 ,
1415 1719 1496 1734 ..ι-ν
1529 1719 1584 1730 υ.
1617 1719 1860 1744 ,κη-.--νη
1910 1719 2020 1724 ---ᾖ

463 1789 604 1844 riam
663 1789 940 1847 secentur,
987 1778 1136 1833 velut
1182 1789 1278 1830 eos
1304 1771 1480 1827 coluri
1528 1765 1818 1832 dividunt;
1871 1764 2049 1833 sitque

2160 1719 2338 1822 αὐτῆς,
2368 1747 2508 1800 ὥστε
2540 1743 2662 1814 δίχα
2686 1719 2978 1810 τέμνεσθαι
3007 1733 3132 1795 τοὺς
3169 1724 3563 1800 παραλλήλους,
3591 1719 3725 1774 καθ-

2365 1843 2377 1847 -
2435 1841 2446 1847 -
2562 1836 2586 1847 ··
2745 1833 2762 1847 κ
2821 1831 2832 1845 ο
2941 1845 2947 1847 -
3003 1826 3282 1847 -ιη----.--.
3311 1836 3325 1847 .
3377 1817 3465 1847 ..-ι
3519 1814 3660 1847 ιη...
3697 1813 3725 1847 ,ι

466 1879 710 1937 circulus
743 1875 834 1931 ille
862 1873 1102 1944 partium
1129 1867 1198 1922 60
1226 1861 1608 1933 hemisphaeria
1627 1901 1642 1926 ,
1671 1873 1804 1926 ergo
1833 1853 2048 1924 singula

470 1971 694 2042 triginta
725 1967 962 2039 partium
991 1967 1174 2019 erunt.
1220 1959 1389 2030 Igitur
1416 1956 1484 2009 ab
1515 1953 1798 2008 horizonte
1837 1947 1906 2001 ad
1949 1947 2047 2000 bo-

468 2039 672 2120 realem
701 2060 888 2133 polum
918 2073 1016 2114 sex
1061 2056 1164 2111 erit
1205 2051 1445 2123 partium
1491 2044 1874 2105 intervallum,
1921 2039 2048 2094 toti-

470 2155 596 2211 dem
621 2194 637 2220 ,
669 2129 804 2224 quot
833 2149 1058 2222 triginta
1091 2153 1219 2200 sunt
1245 2143 1302 2198 in
1330 2135 1714 2208 hemisphaerio
1744 2129 2044 2202 superiore.

471 2249 650 2304 Tanta
677 2251 762 2301 est
787 2243 934 2300 enim
963 2237 1259 2296 eminentis
1286 2233 1398 2306 poli
1429 2231 1498 2286 ab
1530 2228 1814 2284 ltorizonte
1839 2224 2052 2279 distan-

472 2341 574 2396 tia.
619 2334 904 2408 Siquidem
949 2330 1126 2388 centri
1172 2327 1349 2383 instar
1392 2329 1478 2380 est
1510 2319 1751 2376 borealis
1794 2317 1956 2388 polus
1985 2313 2053 2367 ad

475 2431 744 2488 ambitum
777 2425 967 2482 arctici
997 2421 1213 2479 circuli.
1244 2417 1308 2472 In
1335 2415 1484 2470 omni
1519 2419 1702 2467 autem
1732 2407 1941 2464 circulo
1967 2419 2054 2460 re-

476 2531 579 2580 cta:
623 2533 814 2575 omnes
861 2533 891 2572 a
939 2521 1130 2571 centro
1169 2511 1346 2566 ducta:
1387 2508 1456 2561 ad
1507 2504 1776 2560 ambitum
1816 2497 2054 2568 aequales

478 2621 609 2672 sunt
657 2611 912 2666 invicem.
970 2603 1322 2660 Intervallum
1376 2601 1444 2654 ab
1492 2597 1702 2652 arctico
1749 2592 1956 2648 circulo
1988 2588 2056 2642 ad

476 2705 752 2775 tropicum
784 2701 1034 2757 aestivum
1061 2696 1299 2768 partium
1326 2694 1431 2749 erit
1457 2690 1737 2760 quinque:
1767 2685 1836 2738 ab
1866 2683 2056 2738 aestivo

483 2770 696 2866 tropico
748 2793 816 2846 ad
867 2786 1304 2860 aequinoctialem
1357 2782 1600 2854 partium
1655 2784 1931 2848 quatuor;
1989 2770 2059 2824 ab

481 2884 846 2958 aequinoctiali
881 2882 950 2937 ad
993 2882 1286 2936 hibernum
1330 2875 1640 2946 tropicum,
1692 2869 1879 2924 itidem
1923 2881 2060 2936 qua-

479 2989 648 3045 tuor;
679 2977 747 3032 ab
777 2975 1004 3030 hiberno
1037 2972 1253 3042 tropico
1297 2968 1366 3024 ad
1402 2966 1746 3021 horizontem
1771 3001 1788 3024 ,
1823 2958 2058 3029 partium

481 3071 768 3143 quinque;
817 3067 886 3123 ab
934 3065 1220 3120 horizonte
1275 3059 1342 3116 ad
1397 3058 1581 3128 polum
1629 3053 1960 3115 australem,
2007 3055 2063 3102 et

485 3178 702 3234 semper
731 3159 1038 3222 occultum,
1068 3163 1254 3226 partes
1281 3157 1444 3209 erunt
1474 3165 1570 3206 sex
1595 3165 1610 3215 ;
1650 3147 1720 3201 ab
1747 3143 1936 3200 eodem
1967 3155 2064 3194 au-

486 3257 644 3315 strali
687 3257 814 3327 polo
855 3251 926 3307 ad
963 3249 1282 3306 inferiorem
1317 3243 1582 3300 ambitum
1625 3238 1820 3296 circuli
1868 3241 1994 3289 anta
2009 3249 2064 3287 ι·-
2089 3269 2134 3327 c

485 3347 650 3412 ctici,
678 3361 771 3402 sex
804 3353 1032 3416 partes;
1081 3343 1150 3396 ab
1179 3337 1482 3395 antarctico
1527 3333 1736 3390 circulo
1781 3331 1840 3384 in
1879 3327 2060 3383 hemi-

487 3439 722 3512 sphaerio
751 3435 1010 3492 inferiore
1035 3432 1103 3488 ad
1127 3433 1496 3494 horizontem,
1527 3435 1583 3482 et
1605 3429 1914 3480 contactum
1943 3419 2064 3490 ejus

490 3540 656 3602 atque
689 3528 883 3585 arctici
917 3525 1110 3582 circuli
1131 3563 1148 3592 ,
1190 3523 1378 3582 eadem
1411 3537 1520 3593 qua
1551 3520 1606 3574 in
1636 3515 1906 3588 superiori
1937 3527 2067 3584 pro-

490 3623 776 3696 portione,
807 3621 1033 3690 reliqua!
1063 3626 1193 3676 sunt
1225 3621 1410 3687 partes
1439 3609 1768 3668 octodecim.
1807 3603 2067 3660 Nonnulli

497 3715 764 3785 sphaeram
795 3727 893 3782 per
925 3710 1084 3782 polos
1111 3707 1426 3766 dividentes
1447 3743 1461 3766 ,
1507 3703 1654 3757 velut
1687 3715 1786 3771 per
1813 3698 2068 3764 coluros,

493 3805 780 3861 intervalla
813 3802 1204 3874 parallelorum
1233 3799 1290 3854 in
1319 3799 1490 3852 latum
1523 3809 1636 3848 non
1679 3794 1736 3847 in
1761 3797 1948 3861 partes
1975 3788 2068 3854 60,

495 3896 594 3952 sed
625 3895 682 3950 in
713 3893 819 3949 560
849 3892 1186 3948 distribuunt
1214 3907 1229 3956 ;
1261 3884 1704 3960 quandoquidem
1750 3895 1932 3937 annus
1967 3880 2074 3934 565

499 3988 694 4044 diebus
743 3993 978 4042 constat.
1025 3984 1195 4038 Aiunt
1243 3995 1376 4052 ergo
1423 3977 1708 4034 dimidium
1753 3975 1911 4046 ejus,
1959 3975 2075 4029 sive

501 4079 756 4152 superius
783 4075 1222 4146 hemisphaerium
1241 4111 1259 4139 ,
1293 4077 1480 4143 partes
1509 4069 1758 4124 obtinere
1786 4065 1892 4120 180
1919 4081 1934 4131 ;
1967 4070 2075 4119 tot—

501 4174 646 4230 idem
685 4169 933 4227 inferius.
969 4167 1048 4222 Ex
1087 4167 1290 4238 quibus
1319 4165 1388 4218 ab
1419 4163 1706 4218 horizonte
1748 4158 1816 4213 ad
1847 4159 2076 4214 boream

500 4261 687 4332 poium
707 4299 724 4325 ,
757 4266 812 4315 et
842 4257 1090 4312 altiorem
1123 4254 1387 4310 ambitum
1415 4251 1606 4308 circuli
1636 4249 1826 4304 arctici
1845 4288 1861 4316 ,
1893 4256 2076 4318 partes

502 4361 628 4408 sunt
654 4351 760 4417 58;
791 4365 823 4404 a
851 4349 1017 4404 boreo
1047 4349 1173 4418 polo
1201 4345 1269 4400 ad
1293 4345 1556 4400 arcticum
1585 4341 1855 4397 circulum
1885 4347 2078 4410 partes

503 4446 625 4500 alia:
651 4444 718 4499 58
747 4459 762 4508 ;
810 4443 878 4497 ab
925 4439 1134 4495 arctico
1163 4438 1233 4493 ad
1279 4437 1528 4492 aestivum
1561 4427 1860 4503 tropicum,
1895 4437 2081 4500 partes

503 4539 612 4604 24;
644 4553 674 4590 a
702 4535 916 4605 tropico
940 4533 1131 4589 aestivo
1163 4531 1231 4586 ad
1259 4527 1728 4601 aequinoctialem,
1756 4531 1942 4594 partes
1963 4521 2036 4575 24
2061 4536 2076 4586 ;

2149 1813 2292 1916 άπερ
2357 1841 2462 1894 ὑπὸ
2521 1813 2628 1891 τῶν
2679 1831 2950 1903 κολούρων
2997 1826 3286 1896 τέμνονται
3311 1836 3325 1849 ·
3377 1817 3472 1870 καὶ
3517 1814 3660 1866 έστω
3697 1813 3728 1864 ὁ

2077 1926 2120 1982 Β
2149 1905 2344 1999 κύκλος
2391 1927 2544 1994 οὗτος
2588 1925 2793 2000 μοιρῶν
2835 1923 2896 1990 ξ’.
2938 1921 3210 1976 ’Ἐκαστον
3246 1908 3340 1966 οὖν
3368 1905 3727 1980 ἡμισφαίριον

2146 2031 2252 2087 ἀνὰ
2273 1995 2547 2100 λ”μοιρῶν
2571 1995 2705 2087 ’έξειξ
2748 2017 2882 2072 Ἀπὸ
2902 2014 3081 2069 τοίνυν
3105 2009 3200 2064 τοῦ
3225 2005 3496 2078 ὁρίζοντος
3518 1999 3610 2054 ἐπὶ
3635 1995 3727 2050 τὸν

2151 2089 2360 2196 βόρειον
2379 2089 2540 2173 πόλον
2561 2117 2620 2181 ἒξ
2639 2113 2842 2186 μοιρῶν
2865 2109 3017 2162 ἔσται
3041 2105 3317 2172 διάστημα
3342 2098 3450 2151 τῶν
3467 2094 3606 2164 ὑπὲρ
3623 2089 3728 2161 γῆν

2149 2181 2243 2272 τοῦ
2264 2211 2622 2286 ἡμισφαιρίου
2641 2181 2692 2262 ’λ’
2722 2181 2923 2278 μοιρῶν
2941 2219 2956 2234 ο
2975 2198 3226 2254 τοσοῦτον
3251 2192 3360 2264 γὰρ
3385 2187 3495 2244 ἀπὸ
3509 2184 3602 2240 τοῦ
3623 2181 3730 2254 ὁρί-

2153 2275 2336 2376 ζοντος
2367 2275 2460 2360 te".
2489 2275 2578 2357 τὸν
2611 2275 2825 2374 βόρειον
2867 2295 3029 2350 πόλον
3069 2291 3185 2344 ἐστὶ
3222 2287 3282 2340 τὸ
3323 2283 3558 2355 έξαρμα.
3598 2275 3732 2330 ’Δπὺ

2155 2371 2254 2474 μὲν
2285 2401 2395 2472 γὰρ
2423 2397 2518 2452 τοῦ
2549 2371 2757 2467 βορείου
2791 2389 2954 2444 πόλου
2975 2387 3068 2440 ἐπὶ
3099 2383 3196 2454 τὴν
3226 2379 3339 2434 ἄνω
3377 2371 3732 2447 περιφέρειαν

2153 2462 2246 2548 τοῦ
2291 2462 2560 2564 έιρκτικοῦ
2593 2462 2795 2538 κύκλου
2842 2479 3070 2550 κέντρου
3118 2473 3272 2540 τάξιν
3313 2469 3427 2540 ἔχει
3459 2467 3488 2520 ὁ
3525 2462 3732 2535 βόρειος

2153 2554 2345 2648 πόλοςί
2381 2581 2487 2636 ἀπὸ
2511 2579 2568 2632 δὲ
2595 2576 2690 2630 τοῦ
2728 2575 2892 2646 μέσου
2923 2571 3150 2639 κέντρου
3181 2563 3382 2624 παντὸς
3407 2557 3503 2613 τοῦ
3531 2554 3730 2610 κύκλου

2155 2677 2211 2730 αἱ
2239 2647 2630 2740 ἐκϐαλλόμεναι
2661 2665 2868 2718 εὐθεῖαι
2905 2663 2986 2724 είς
3021 2660 3119 2730 τὴν
3167 2652 3524 2726 περιφέρειαν
3563 2647 3734 2701 πᾶσαι

2157 2767 2270 2822 ῐσαι
2297 2739 2554 2834 ἀλλήλαις
2603 2759 2730 2813 είσί.
2757 2755 2831 2809 Τὸ
2859 2755 2916 2808 δὲ
2947 2753 3057 2807 ἀπὸ
3097 2748 3192 2803 τοῦ
3226 2741 3490 2818 ἀρκτικοῦ
3531 2739 3734 2794 κύκλου

2157 2859 2432 2929 διάστημα
2460 2855 2553 2907 ἐπὶ
2576 2851 2667 2906 τὸν
2699 2845 2908 2921 θερινὸν
2943 2841 3200 2918 τροπικὸν
3245 2839 3397 2892 ἔσται
3439 2833 3640 2906 μοιρῶν
3659 2835 3698 2884 ε’
3717 2845 3730 2860 ⁸

2157 2951 2219 3004 τδ
2242 2951 2300 3004 δὲ
2331 2923 2439 3003 απὸ
2473 2944 2566 2999 τοῦ
2605 2941 2820 3014 θερινοῦ
2861 2933 3122 3010 τροπικοῦ
3162 2933 3255 2986 ἐπὶ
3293 2930 3385 2984 τὸν
3423 2923 3736 2996 ίσημερινδν

2160 3043 2313 3096 έσται
2346 3038 2548 3112 μοιρῶν
2567 3037 2610 3090 δ’
2629 3051 2643 3066 ⁶
2681 3034 2744 3086 τὸ
2769 3032 2827 3086 δὲ
2849 3030 2957 3086 ἀπὸ
2995 3028 3090 3082 τοῦ
3120 3021 3436 3098 ίσημερινοῦ
3463 3020 3623 3092 μέχρι
3641 3015 3738 3069 τοῦ

2160 3131 2472 3209 χειμερινοῦ
2518 3125 2780 3201 τροπικοῦ
2821 3124 2974 3177 ἔσται
3015 3120 3123 3174 τῶν
3163 3119 3294 3173 ῐσων
3331 3111 3644 3184 τεσσάρωψ
3679 3106 3743 3160 τὸ

2163 3203 2219 3282 de
2393 3223 2486 3278 τοῦ
2517 3216 2827 3294 χειμερινοῦ
2856 3207 3118 3288 τροπικοῦ
3152 3209 3314 3282 μέχρι
3343 3205 3438 3261 τοῦ
3469 3203 3738 3276 ὁρίζοντος

2173 3318 2378 3392 μοιρῶν
2411 3313 2450 3368 ε’
2465 3333 2478 3345 ·
2631 3291 2695 3365 δέ
2717 3307 2812 3363 τοῦ
2833 3305 3105 3380 ὁρίζοντος
3129 3303 3221 3356 ἐπὶ
3245 3301 3336 3354 τὸν
3355 3299 3528 3354 νότιον
3557 3291 3740 3356 πόλον,

2165 3383 2371 3464 καὶ-ἀεὶ
2399 3406 2599 3476 ἀφανῆ,
2631 3401 2816 3475 μοῖραί
2846 3401 2952 3453 είσι
2976 3402 3028 3462 ς’
3051 3413 3066 3428 ·
3100 3393 3208 3450 ἀπὸ
3238 3392 3295 3446 δὲ
3331 3389 3424 3444 τοῦ
3457 3383 3620 3442 αὐτοῦ
3652 3399 3744 3436 νο-

2166 3505 2282 3558 τίου
2317 3474 2480 3554 πόλου
2507 3474 2600 3553 ἐπὶ
2625 3474 2723 3568 τὴν
2749 3495 2899 3549 κάτω
2923 3487 3228 3563 περιφορὰν
3256 3483 3348 3538 τοῦ
3379 3474 3762 3551 ἀνταρκτικοῦ·

2167 3597 2226 3650 αἱ
2253 3593 2436 3648 λοιπαὶ
2457 3590 2592 3668 ’ἑξῆς
2633 3565 2700 3660 ιη’
2731 3588 2914 3658 μοῖραι
2933 3603 2946 3616 ·
2973 3581 3080 3636 ἀπὺ
3115 3579 3228 3632 ὁὲν
3245 3575 3342 3630 τοῦ
3385 3565 3746 3641 ἀνταρκτικοῦ

2169 3691 2228 3742 ὲν
2255 3685 2334 3758 τῷ
2363 3661 2514 3738 κάτω
2549 3657 2896 3754 ήμισφαιρίῳ
2940 3675 3101 3746 μέχρι
3142 3669 3237 3724 τοῦ
3278 3666 3571 3740 ὁρίζοντος,
3611 3657 3750 3713 καθὸ

2171 3751 2472 3848 ἐφάπτεται
2497 3777 2526 3828 ὁ
2556 3751 2815 3845 ἀρκτικὸς
2849 3767 3046 3830 κύκλος
3075 3762 3264 3826 αὐτοῦ,
3317 3757 3596 3825 ἀναλόγως
3635 3751 3750 3812 τοῖς

2173 3841 2769 3941 προειρημένοις-ὑπὲρ
2805 3859 2910 3932 γῆς
2949 3857 3335 3932 εὑρεθήσονται
3359 3850 3426 3902 ⁸⁸.
3473 3845 3628 3909 Τινὲς
3667 3841 3750 3904 δὲ,

2171 3933 2459 4034 τέμνοντες
2497 3958 2594 4031 τὴν
2641 3933 2874 4028 σφαῖραν
2905 3951 2996 4006 διὰ
3035 3948 3144 4004 τῶν
3193 3946 3392 4008 πόλων,
3429 3939 3617 4010 ὥσπερ
3662 3933 3754 3988 διὰ

2131 4083 2134 4086 ν
2173 4027 2283 4108 τῶν
2333 4027 2630 4123 κολούρων,
2656 4051 2728 4102 τὰ
2765 4027 2964 4119 μεταξὺ
2999 4043 3106 4096 τῶν
3135 4035 3494 4111 παραλλήλων
3525 4027 3750 4098 διαστή-

2181 4163 2325 4219 ματα
2352 4117 2728 4204 κατὰ”πλάτος
2757 4117 2858 4192 οὐκ
2898 4139 2977 4199 είς
3007 4134 3046 4199 ξ’
3079 4132 3268 4204 μοίρας
3305 4129 3614 4198 τέμνουσιν,
3637 4117 3752 4172 ἀλλ’

2177 4209 2257 4302 εἰς
2304 4235 2414 4302 τξ¹ο
2449 4233 2634 4304 ἐπειδὴ
2675 4232 2769 4286 καὶ
2809 4231 2838 4282 ὁ
2873 4225 3114 4288 ἐνιαυτὸς
3164 4221 3269 4289 τξεν
3301 4220 3446 4274 ἐστὶν
3497 4209 3752 4288 ἡμερῶν·

2178 4301 2272 4384 καί
2312 4343 2474 4398 φασιν
2519 4301 2776 4398 ρπίεῖναι
2827 4321 3018 4392 μοίρας
3047 4317 3109 4369 τὸ
3150 4316 3345 4385 ἥμισυ,
3371 4311 3492 4380 ἦτοι
3521 4305 3582 4358 τὸ
3615 4301 3758 4398 ὑπὲρ

2180 4423 2282 4492 γῆς
2308 4387 2662 4492 ήμισφαίριον
2687 4432 2700 4445 ⁸
2739 4387 2840 4467 καὶ.
2861 4387 2961 4466 πάι)
2975 4427 3022 4464 ιν
3055 4413 3143 4482 ρπ¹
3174 4407 3235 4460 τὸ
3266 4403 3372 4457 ὑπὸ
3393 4403 3514 4473 γῆν.
3559 4395 3653 4460 Ἐξ
3683 4387 3759 4447 ὧν

2324 4485 2422 4584 μὲν
2455 4485 2560 4564 τοῦ-
2581 4507 2856 4579 ὁρίζοντος
2887 4503 3050 4575 μέχρι
3081 4499 3292 4571 βορείου
3333 4495 3498 4548 πόλου
3527 4489 3622 4544 καὶ
3659 4485 3760 4555 τῆς

507 4580 575 4593 -τ
598 4580 612 4604 ,
644 4580 674 4590 -
704 4580 912 4605 --νι--νν
940 4580 1127 4589 Mm-
1163 4580 1231 4586 --
1577 4580 1582 4581 κ
1619 4580 1630 4581 κ
1715 4580 1727 4590 ,
1757 4580 1774 4594 .

507 4633 576 4686 ab
600 4627 964 4700 aequinoctiali
992 4625 1058 4681 ad
1089 4625 1380 4680 hibernum
1411 4621 1684 4690 tr0picum
1703 4657 1716 4682 ,
1751 4621 1934 4686 partes
1963 4611 2036 4666 ΞΛ

2187 4580 2540 4679 περιφερείας
2554 4601 2648 4655 τοῦ
2667 4596 2928 4671 ἀρκτικοῦ
2943 4594 3146 4649 κύκλου
3171 4593 3272 4662 τῆς
3297 4585 3635 4659 ὑψηλοτέρας
3653 4580 3764 4634 eiul.

507 4721 639 4776 hinc
678 4719 746 4775 ad
791 4717 1186 4782 antarcticum,
1239 4714 1333 4786 qui
1383 4712 1725 4768 horizontem
1775 4703 2079 4774 contingit,

509 4813 628 4867 aliae
657 4819 840 4882 partes
866 4809 955 4865 '52.
985 4809 1078 4863 Has
1109 4822 1300 4864 omnes
1331 4803 1495 4860 simul
1525 4803 1769 4858 collectae
1795 4797 1932 4852 fiunt
1957 4795 2080 4850 180.

512 4903 605 4958 Sic
635 4902 774 4957 infra
815 4909 1021 4958 terram
1059 4898 1250 4956 eodem
1295 4896 1458 4950 modo
1499 4899 1686 4964 partes
1719 4889 1946 4945 totidem
1977 4885 2084 4940 180

511 5001 892 5050 numerantur.
937 4991 1241 5047 Possumus
1282 4998 1336 5043 et
1383 4985 1675 5058 parallelos
1727 4983 1862 5036 istos
1904 4985 2086 5034 rectos

513 5088 821 5144 nominare.
853 5085 958 5150 Qui
988 5083 1060 5139 ob
1091 5083 1143 5137 id
1175 5085 1557 5140 assumuntur,
1587 5082 1650 5130 ut.
1696 5071 1945 5128 boreales
1987 5083 2086 5123 au-

516 5179 821 5246 stralesque
849 5183 1031 5247 partes
1055 5187 1150 5244 per
1173 5171 1288 5242 88
1315 5183 1409 5224 eas
1438 5167 1652 5222 facilius
1683 5175 2082 5235 agnoscamus:

2191 4673 2374 4770 μοίραι
2390 4673 2476 4766 λη’
2495 4711 2508 4724 ·
2539 4693 2646 4747 ἀπὸ
2668 4691 2724 4744 δὲ
2749 4689 2842 4744 τοῦ
2869 4687 3077 4760 βορείου
3103 4685 3198 4739 ἐπὶ
3229 4682 3324 4736 τὸν
3357 4677 3616 4750 ἀρκτικὸν
3647 4673 3764 4744 μοῖ-

2191 4766 2465 4861 ραι-ἄλλαι
2489 4787 2602 4856 λη”
2637 4783 2744 4839 ἀπὺ
2775 4783 2834 4836 δὲ
2868 4781 2961 4836 τοῦ
2995 4775 3256 4852 ἀρκτικοῦ
3295 4773 3456 4846 μέχρι
3491 4767 3584 4822 τοῦ
3619 4766 3767 4836 θερι-

2188 4857 2280 4933 νοῦ
2304 4875 2564 4951 τροπικοῦ
2601 4876 2785 4948 μοῖραί
2813 4875 2919 4926 εἰσι
2942 4872 3016 4926 κδ’
3035 4889 3049 4902 ·
3077 4869 3185 4924 ἀπὸ
3208 4867 3265 4920 δὲ
3289 4864 3384 4919 τοῦ
3407 4857 3618 4934 θερινοῦ
3637 4873 3767 4928 τρο-

2190 4969 2351 5024 πικοῦ
2387 4969 2547 5041 μέχρι
2573 4967 2666 5021 τοῦ
2711 4963 3028 5038 ἰσημερινοῦ
3069 4965 3253 5035 μοῖραι
3293 4959 3404 5017 κδ’·
3441 4954 3548 5011 ἀπὸ
3577 4954 3638 5008 δὲ
3673 4951 3769 5006 τοῦ

2195 5061 2511 5134 ἱσημερινοῦ
2543 5061 2648 5123 ἕως
2675 5059 2770 5112 τοῦ
2801 5055 3112 5130 χειμερινοῦ
3141 5050 3402 5125 τροπικοῦ
3437 5051 3622 5120 μοῖραι
3656 5043 3768 5099 κδ’·

2194 5157 2303 5212 ἀπὸ
2347 5155 2404 5208 δὲ
2441 5153 2534 5207 τοῦ
2579 5151 2889 5224 χειμερινοῦ
2943 5151 3048 5213 ἕως
3092 5147 3186 5201 τοῦ
3234 5139 3621 5214 ἀνταρκτικοῦ,
3679 5135 3774 5188 τοῦ

519 5227 819 5246 ""_""l"'
849 5227 901 5247 r’
924 5227 933 5228 ί
981 5227 994 5230 '
1015 5227 1022 5228 ί
1055 5227 1071 5244 ι
1175 5227 1286 5242 vv
1717 5227 1744 5235 ν

519 5280 632 5327 tum
667 5268 828 5324 etiam
860 5265 1248 5320 conversiones
1277 5259 1534 5314 hibernas
1583 5263 1640 5312 et
1692 5253 1932 5318 aestivas,
1989 5265 2064 5305 net

2195 5247 2574 5318 ἐφαπτομένου
2621 5245 2715 5298 τοῦ
2767 5243 3062 5316 ὁρίζοντος,
3099 5239 3256 5294 ἄλλαι
3303 5237 3411 5290 εἰσὶ
3447 5235 3632 5305 μοῖραι
3673 5227 3775 5297 λβ’.

517 5375 628 5418 non
661 5355 1068 5428 aequinoctiales
1093 5365 1292 5407 vernas
1324 5358 1377 5404 et
1409 5345 1770 5401 autumnales.

2197 5333 2366 5394 Δῦται
2397 5339 2476 5407 δὲ,
2529 5339 2621 5392 ἐπὶ
2667 5337 2728 5391 τὸ
2767 5335 2898 5390 αὐτὸ
2929 5335 3232 5406 γινόμεναι,
3277 5329 3354 5394 ὡς
3400 5328 3649 5396 εἴπομεν,
3687 5323 3778 5392 ρπ’

517 5459 776 5529 γίνονται.
827 5451 1057 5525 Ὁμοίως
1098 5449 1156 5504 δὲ
1199 5447 1294 5502 καὶ
1336 5445 1441 5499 ὑπὸ
1469 5444 1573 5515 γῆν
1618 5441 1760 5497 κατὰ
1788 5440 1882 5495 τὸν
1929 5437 2090 5492 αὐτὸν
2117 5437 2316 5510 τρόπον
2349 5437 2460 5491 ἴσαι
2497 5435 2654 5490 ἄλλαι
2691 5439 2776 5507 ρπ¹
2835 5435 3040 5505 μοῖραι.
3083 5429 3346 5482 Δύνανται
3396 5422 3452 5475 δὲ
3478 5423 3526 5474 oi
3566 5413 3780 5488 παράλ-

519 5553 668 5624 ληλοι
713 5544 856 5605 οὗτοι
887 5549 980 5603 καὶ
1019 5545 1167 5617 ὀρθοὶ
1208 5510 1984 5610 καλεῖσθαιο-παρελήφθησαν
2028 5533 2086 5588 δὲ
2112 5535 2252 5606 ὑπὲρ
2279 5533 2373 5588 τοῦ
2407 5531 2944 5604 εὐπαρακολούθητον
2967 5530 3100 5599 ἡμῖν
3143 5526 3242 5596 τὴν
3291 5521 3466 5600 ’δεῖξιν
3521 5510 3781 5586 γενέσθαι

519 5591 668 5624 ...μιν
713 5591 856 5605 ...η-,η
890 5591 980 5603 η...
1021 5591 1167 5617 ηπ--
1683 5591 1688 5592 γ
1722 5591 1795 5610 η,
1867 5591 1879 5609 ,
2221 5591 2231 5606 _

519 5643 630 5698 τῶν
677 5641 1026 5715 βορειοτέρων
1067 5639 1160 5692 καὶ
1201 5635 1562 5707 νοτιωτέρων·
1599 5633 1694 5688 καὶ
1727 5631 1866 5685 ὥστε
1895 5627 2100 5699 γνῶναι
2148 5629 2296 5700 ἡμᾶς
2336 5627 2436 5692 τὰς
2477 5591 2814 5700 χείμερινάς,
2841 5591 2968 5678 ’καὶ
2991 5591 3122 5685 ’.τὰς
3162 5591 3400 5690 θερινὰς,
3444 5607 3661 5673 καὶτὰς
3701 5607 3784 5661 ic-

522 5734 810 5806 ημερινὰς,
838 5733 931 5786 καὶ
957 5729 1196 5803 ὲαρινὰς,
1229 5729 1323 5784 καὶ
1353 5724 1729 5799 μετοπωρινὰς
1752 5722 1978 5796 τροπάς.

594 5870 638 5902 θ’
677 5867 798 5938 Lrg.
831 5865 1189 5939 ἀνταρκτικοῦ
1224 5864 1402 5938 μοῖραι
1425 5866 1561 5918 εἰσιν
1595 5863 1686 5928 ἓξ·
1714 5862 1820 5918 ἀπὸ
1849 5861 1928 5929 δέ,
1964 5866 2073 5919 etc.
2155 5860 2198 5893 “
2227 5857 2350 5928 Leg.
2385 5857 2524 5928 ὑπὲρ
2553 5855 2656 5924 γῆς
2679 5853 2735 5910 αἱ
2757 5850 2941 5906 λοιπαὶ
2975 5848 3042 5920 ιη’
3082 5851 3266 5921 μοῖραι
3304 5843 3714 5915 εὑρεθήσονται.
