4132 6416
382 399 486 461 977

929 510 1068 579 Περὶ
1093 510 1416 578 κολούρων.

455 633 559 700 κζ’.
588 632 652 685 Ol
702 630 759 683 δὲ
803 625 1048 697 κόλουροι
1074 625 1180 676 εἰσι
1223 622 1322 694 μὲν
1349 620 1443 675 δύο
1478 619 1587 674 ἀπὸ
1633 617 1822 690 βορέου
1871 617 1962 670 ἐπὶ

377 729 551 789 νότον,
576 722 666 778 διὰ
680 720 786 776 τῶν
800 719 978 772 πόλων
990 715 1278 788 τέμνοντες
1292 713 1392 783 τὴν
1409 715 1640 784 σφαῖραν
1660 710 1892 773 καὶτοὺς
1903 711 1962 764 ἐν

375 821 516 892 αὐτῇ
531 817 738 879 πάντας
751 812 942 875 ἄλλους
953 808 1332 872 κύκλουςΕίσὶ
1342 806 1399 859 δὲ
1419 806 1665 878 μέγιστοι
1681 804 1776 858 καὶ
1786 802 1958 866 αὐτοὶ,

374 909 452 974 ὡς
473 909 539 963 ἃν
556 907 644 960 διὰ
671 903 767 958 τοῦ
789 901 1016 971 κέντρου
1040 898 1142 969 τῆς
1159 896 1396 968 σφαίρας
1419 895 1667 966 ἠγμένοι.
1691 893 1961 964 Τέμνουσι

373 1001 453 1067 δὲ,
490 1001 575 1055 ἴνα
600 998 701 1062 τὰς
727 997 768 1051 6'
799 996 950 1069 ὥρας
973 991 1068 1047 τοῦ
1101 988 1345 1053 ἐνιαυτοῦ
1380 987 1577 1060 ῥᾳδίως
1607 984 1961 1056 καταλαμϐά-

375 1112 577 1166 νωμεν.
603 1093 673 1147 Τε
682 1091 920 1163 μνόντων
941 1086 1050 1160 γὰρ
1078 1085 1281 1139 τούτων
1301 1082 1563 1154 ἀλλήλους
1581 1080 1676 1134 καὶ
1693 1079 1792 1152 τὴν
1810 1079 1960 1147 σφαῖ-

376 1204 500 1259 ραν,
535 1185 868 1257 συμ6ήσεται
895 1184 976 1248 εἰς
1000 1181 1244 1250 τέσσαρα
1275 1174 1579 1248 τετμῆσθαι
1599 1189 1614 1205 ο
1646 1171 1787 1227 ὥστε
1830 1171 1960 1226 ἕκα-

378 1295 502 1332 στον
528 1277 636 1332 τῶν
670 1275 951 1347 τεσσάρων
983 1271 1287 1345 τμημάτων
1323 1269 1452 1342 μίαν
1476 1267 1624 1338 ὥραν
1656 1263 1750 1318 τοῦ
1777 1267 1956 1317 ἐνιαυ-

373 1369 470 1425 τοῦ
508 1369 672 1440 ἔχειν.
703 1369 815 1423 Καὶ
843 1370 871 1422 6
896 1366 995 1439 μὲν
1029 1363 1208 1421 αὐτῶν
1258 1361 1399 1417 κατὰ
1430 1358 1704 1431 Καρκίνον
1733 1356 1829 1411 καὶ
1864 1355 1960 1408 Αί-

374 1463 658 1534 γοκέρωτα
678 1461 796 1533 ἔχει
826 1463 925 1534 τὴν
947 1457 1301 1532 περιφέρειαν
1317 1473 1330 1486 ·
1360 1455 1448 1510 διὰ
1470 1453 1569 1525 μὲν
1589 1451 1682 1506 τοῦ
1704 1449 1958 1521 ὲνὸςήμι-

373 1556 596 1610 κυκλίου
629 1554 891 1610 δεικνύων
927 1555 985 1607 ὲν
1006 1550 1274 1623 Καρκὶνῳ
1301 1548 1480 1618 θέρος,
1503 1545 1592 1600 διὰ
1610 1544 1666 1598 δὲ
1701 1542 1795 1597 τοῦ
1836 1542 1955 1595 ἑτέ-

371 1667 470 1724 ρου
509 1651 567 1703 ὲν
598 1647 935 1720 Αίγοκέρωτι
979 1643 1242 1716 χειμῶνα.
1278 1640 1336 1695 ’0
1373 1639 1432 1693 δὲ
1461 1637 1603 1692 κατὰ
1646 1635 1817 1707 Κριὸν
1861 1631 1956 1686 καὶ

370 1739 557 1813 Χηλὰς
580 1739 678 1813 τὴν
709 1737 1067 1810 περιφέρειαν
1089 1733 1202 1804 ἔχει
1221 1749 1236 1764 ·
1270 1731 1364 1785 κα)⁸
1386 1729 1536 1801 δηλοῖ
1555 1726 1654 1792 τὰς
1678 1725 1843 1789 ἄλλας
1863 1724 1956 1779 δύο

367 1837 518 1906 ὧρας
531 1835 631 1900 τὰς
655 1831 994 1905 ίσημερινάς·
1018 1828 1118 1900 τὴν
1147 1827 1244 1898 μὲν
1260 1823 1482 1896 ἐαρινὴν
1503 1823 1560 1876 ὲν
1575 1819 1753 1892 Κριῷ,
1780 1817 1879 1890 τὴν
1894 1817 1952 1871 δὲ

1124 388 1448 446 ACHILLIS
1490 387 1680 443 TATII
1719 383 2016 441 lSAGOGE
2052 383 2143 438 AD
2183 382 2390 438 ARATI
2427 379 2895 436 ΡΗᾸΞΝΟΜΕΝΔ.

1989 508 2038 565 A

3530 374 3642 437 978

2683 498 2762 552 De
2788 499 3005 555 coluris.

2145 616 2239 670 27.
2284 614 2396 668 Duo
2431 620 2560 669 sunt
2593 612 2766 668 coluri
2801 629 2832 666 a
2865 613 3236 683 septentrione
3283 611 3349 667 ad
3391 617 3639 667 austrum

2065 723 2162 780 per
2191 708 2349 778 polos
2405 706 2673 776 sphzeram
2718 705 2948 775 ejusque
2999 705 3236 760 circulos
3276 718 3467 759 omnes
3509 699 3676 780 par-5

2065 775 2286 856 tientes.
2341 775 2513 852 Iidem
2564 797 2792 850 maximi
2837 803 3000 860 sunt,
3033 805 3094 852 ut
3122 797 3215 867 qui
3248 811 3346 866 per
3390 775 3670 867 centrum:

2065 889 2295 961 sphaera:
2326 895 2637 943 transeunt.
2676 885 2878 942 Secant
2904 892 3084 942 autem
3127 886 3369 952 idcirco,
3412 892 3473 942 ut
3508 886 3638 940 anni

2063 950 2414 1053 tempestates
2445 988 2687 1051 quatuor
2714 980 2875 1035 facile
2906 979 3305 1036 disceruamus.
3339 977 3476 1034 Nam
3509 950 3665 1034 cum'

2061 1090 2185 1131 sese
2230 1082 2420 1128 mutuo
2460 1071 2740 1136 dividant,
2777 1071 3050 1142 sphaeram
3087 1070 3263 1142 ipsam
3308 1085 3524 1140 quoque
3553 1068 3637 1124 di-

2058 1166 2170 1222 vidi
2199 1179 2426 1221 necesse
2469 1171 2555 1219 est
2581 1164 2648 1234 {in
2701 1170 2886 1234 partes
2918 1170 3173 1234 quatuor,
3205 1162 3340 1217 adeo
3370 1169 3431 1216 ut
3458 1161 3636 1232 quod-

2059 1261 2193 1315 libet
2234 1275 2266 1315 e
2311 1257 2612 1330 segmentis
2641 1265 2884 1328 quatuor
2914 1271 3069 1314 suam
3099 1255 3227 1310 anni
3256 1261 3634 1326 tempestatem

2059 1351 2322 1406 obtineat.
2354 1349 2395 1402 E
2422 1349 2632 1403 eoluris
2662 1348 2786 1404 istis
2814 1347 3050 1404 alterius
3086 1345 3328 1402 ambitus
3367 1359 3465 1415 per
3489 1343 3633 1400 Can-

2059 1460 2210 1500 crum
2252 1451 2307 1500 et
2356 1443 2754 1515 Capricornum
2791 1440 3044 1507 ducitur,
3086 1453 3150 1494 ac
3180 1453 3277 1510 per
3313 1435 3633 1493 semicircu-

2056 1535 2172 1590 lum
2203 1551 2369 1591 unum
2403 1542 2649 1590 aestatem
2679 1533 2888 1589 indicat
2915 1532 2972 1587 in
3000 1531 3214 1587 Cancro
3235 1573 3250 1597 ,
3279 1544 3378 1602 per
3402 1528 3632 1584 alterum

2056 1628 2292 1683 hiemem
2320 1629 2378 1683 in
2397 1628 2754 1700 Capricorno.
2781 1624 3020 1682 Alterius
3049 1624 3287 1680 ambitus
3313 1623 3511 1680 transit
3535 1637 3633 1693 per

2055 1718 2296 1774 Arietem
2339 1727 2395 1776 et
2441 1718 2660 1774 Libram
2686 1758 2704 1786 ,
2734 1732 2798 1773 ac
2826 1717 2965 1773 duas
3004 1717 3142 1773 alias
3179 1716 3631 1787 aaquinoctiorum

2056 1817 2412 1881 tempestates
2443 1811 2664 1867 exhibet
2689 1828 2704 1865 :
2739 1825 2966 1866 vernam
2996 1811 3054 1864 in
3078 1808 3262 1864 Ariete
3291 1825 3306 1874 ;
3340 1813 3630 1862 autumna-

371 1881 1354 1998 μέταπωρινήύῗένῗέηλαῖς..Κύλουροι
1384 1881 1450 1967 δῖε⁵
1471 1881 1787 1982 κέκληνται,
1815 1881 1943 1962 έιότι

2054 1901 2159 1958 lem
2193 1903 2251 1957 in
2282 1902 2468 1957 Libra.
2502 1901 2609 1968 Qui
2642 1901 2821 1958 coluri
2855 1907 3144 1973 propterea
3175 1907 3462 1962 vocantur,
3502 1901 3631 1971 quia

365 2016 615 2073 δοκοῦσιν
639 2016 770 2088 ἡμῖν
787 2010 1074 2067 κολοῦσθαι
1099 2009 1289 2078 ὥσπερ
1302 2005 1402 2070 τὰς
1416 2002 1604 2077 οὐρὰς,
1620 2001 1710 2058 διὰ
1733 2000 1794 2055 τὺ
1816 2003 1948 2073 ἡμῖν

369 2112 448 2183 μὴ
475 2109 762 2180 φαίνεσθαι
799 2105 982 2161 αὐτῶν
1018 2102 1089 2157 τά
1113 2103 1206 2156 ἐπὶ
1243 2101 1337 2154 τοῦ
1383 2095 1746 2170 ἀνταρκτικοῦ
1784 2094 1947 2167 μέρη,

368 2204 464 2257 καὶ
488 2203 663 2255 δοκεῖν
717 2197 1008 2253 κολοῦσθαι
1043 2196 1240 2259 αὐτοὺς
1286 2192 1428 2248 κατὰ
1467 2189 1628 2245 τοῦτο
1657 2189 1718 2243 τὸ
1763 2188 1949 2260 μέρος.

368 2291 692 2364 Συμϐέὸηκε
736 2289 845 2360 γὰρ
875 2287 944 2342 τὰ
977 2287 1076 2358 μὲν
1118 2285 1227 2340 ἀπὸ
1252 2283 1346 2339 τοῦ
1391 2281 1683 2353 ἀειφανοῦς
1728 2279 1951 2346 κύκλου,

365 2378 612 2432 τουτέστι
636 2377 732 2431 τοῦ
758 2375 1045 2447 ἀρκτικοῦ,
1075 2374 1216 2446 μέρη
1247 2372 1565 2444 φαίνεσθαι·
1590 2370 1765 2425 ταῦτα
1797 2370 1854 2424 δὲ
1881 2369 1951 2424 τὰ

368 2469 512 2542 μέρη
562 2468 672 2524 τῶν
711 2466 986 2540 κολούρων
1032 2465 1249 2520 κύκλων
1300 2465 1370 2520 τὰ
1424 2463 1519 2519 τοῦ
1584 2461 1948 2536 ἀνταρκτικοῦ

363 2564 454 2618 ἀεὶ
481 2564 661 2635 ἀφανῆ
696 2557 858 2616 ἐῐναι.

884 2699 1038 2772 Περὶ.
1052 2699 1160 2755 τοῦ
1181 2699 1423 2767 ἄξονος.

432 2822 537 2886 κη’.
572 2816 761 2888 Διήκει
791 2815 850 2869 δὲ
875 2816 905 2868 6
933 2814 1078 2880 ἀξων
1111 2816 1219 2872 ἀπὸ
1245 2815 1340 2870 τοῦ
1379 2815 1606 2888 κέντρου
1633 2816 1725 2870 τοῦ
1759 2816 1948 2887 ἀρκτι-

361 2907 460 2961 κοῦ
487 2905 689 2961 κύκλου
741 2906 830 2960 διὰ
878 2906 975 2961 τοῦ
1022 2907 1248 2979 κέντρου
1281 2908 1382 2979 τῆς
1432 2908 1668 2978 σφαίρας
1715 2907 1820 2971 ἕως
1849 2905 1944 2961 τοῦ

360 2998 589 3069 κέντρου
619 2997 715 3052 τοῦ
746 2999 1131 3070 ἀνταρκτικοί
1163 2999 1544 3072 Παρείληπται
1573 2988 1652 3065 6s,
1689 3001 1776 3054 ἵνα
1805 3001 1947 3070 γνῶ-

365 3107 464 3162 μεν
516 3091 600 3144 ὅτι
651 3091 784 3162 περὶ
826 3091 992 3146 αὐτὸν
1021 3091 1117 3145 καὶ
1153 3091 1223 3145 τὰ
1251 3092 1396 3163 ἄκρα
1441 3091 1608 3147 αὑτοῦ
1663 3091 1887 3146 δινεῖται
1914 3095 1944 3148 6

358 3184 588 3256 οὐρανός
608 3201 622 3213 ·
657 3182 846 3255 ὥσπερ
880 3184 1008 3255 περὶ
1055 3184 1350 3256 ἁρμάτειον
1389 3183 1555 3252 ἄξονα
1590 3183 1856 3239 δινοῦνται
1889 3185 1942 3239 οί
1969 3219 2012 3278 C

359 3275 563 3347 τροχοί.
588 3275 700 3346 Τὴν
727 3276 788 3330 δὲ
826 3275 957 3346 ὓλην
987 3275 1154 3330 αὐτοῦ
1185 3276 1286 3330 οὐκ
1325 3275 1561 3341 ἐδίδαξεν
1600 3277 1748 3346 ἡμᾶς
1771 3279 1942 3348 Ἀρα-

359 3385 484 3432 τοςο
514 3367 628 3421 ἀλλ’
667 3369 744 3432 ὼς
783 3369 844 3421 ἐν
884 3369 1100 3440 ποιήσει
1150 3367 1541 3441 μυθικώτερον,
1595 3368 1783 3442 ὥσπερ
1815 3371 1938 3423 ὀϐε-

358 3460 544 3515 λίσκον
580 3459 743 3514 αὑτὸν
782 3456 953 3516 εἷπεν.
983 3461 1047 3515 Ei
1089 3461 1187 3532 μὲν
1211 3457 1305 3516 οὖν
1350 3460 1496 3531 λέγοι
1526 3479 1609 3526 τις
1650 3463 1812 3516 αὐτοῦ
1841 3463 1940 3534 τὴν

358 3549 490 3621 ὕλην
518 3550 585 3604 ὲκ
614 3550 806 3622 πυρὸς,
841 3549 1010 3604 ἐλθὼν
1055 3550 1148 3604 ἐπὶ
1191 3549 1289 3622 τὴν
1322 3549 1416 3604 τοῦ
1460 3549 1653 3614 ὓδατος
1704 3555 1939 3623 σφαῖραν

358 3641 717 3714 σϐεσθήσεται
734 3658 752 3676 ο
778 3643 811 3714 ἢ
835 3642 941 3696 ὑπὸ
963 3643 1062 3713 τῆς
1095 3641 1188 3696 τού
1210 3642 1381 3717 πυρὸς
1409 3643 1645 3713 σφαίρας
1675 3642 1939 3713 καταφλε-

353 3735 648 3807 χθήσεται’
681 3731 813 3788 εί’δὲ
835 3736 901 3788 ἐκ
926 3735 1025 3806 τῆς
1063 3735 1172 3794 τῶν
1203 3733 1425 3800 λοιπῶν,
1462 3734 1625 3806 ἀέρος
1651 3735 1684 3806 ἦ
1721 3734 1932 3802 ὓδατος,

353 3828 558 3901 ἀμιγὴς
585 3828 738 3882 ἔσται
763 3829 876 3891 τοῖς
902 3827 1105 3892 ἄλλοις,
1134 3828 1230 3881 καὶ
1253 3827 1358 3881 ὑπὸ
1375 3827 1485 3881 τῶν
1511 3828 1768 3882 ἐναντίων
1793 3829 1936 3898 ἀφα-

353 3921 686 3993 νισθήσεται.
731 3920 1046 3993 Γεωμέτραι
1078 3921 1136 3974 δὲ
1179 3921 1343 3976 αὑτὸν
1375 3921 1716 3976 ὑποτίθενται
1757 3937 1935 3994 γραμ-

353 4015 467 4085 μήν
490 4031 613 4068 τινα
653 4013 878 4086 λεπτὴν,
926 4012 1223 4085 διήκουσαν
1267 4013 1376 4067 ἀπὸ
1417 4012 1511 4067 τοῦ
1563 4015 1790 4086 κέντρου
1836 4014 1933 4068 τοῦ

350 4104 615 4177 ἀρκτικοῦ
660 4105 864 4161 κύκλου
907 4105 1070 4178 μέχρι
1103 4106 1198 4161 τοῦ
1249 4107 1634 4179 ἀνταρκτικοῢ,
1681 4107 1932 4179 καθάπερ

351 4196 583 4268 εῐρηται.
632 4200 696 4252 Oi
729 4197 787 4252 δὲ
825 4200 1047 4269 φυσικοὶ
1089 4201 1368 4270 φιλόσοφοι
1411 4201 1472 4254 τὸ
1503 4200 1707 4272 μεταξὺ
1744 4201 1932 4273 διῆκον

349 4286 568 4360 πνεῦμα
599 4287 849 4359 λέγουσιν
876 4289 1064 4358 ἄξονα.
1095 4291 1384 4362 Μέμνηται
1416 4291 1473 4345 δὲ
1501 4289 1665 4345 αὐτοῦ
1707 4292 1929 4346 Ἐοατο-

349 4377 542 4452 σθένης
573 4380 632 4436 ὲν
659 4379 737 4450 τῷ
771 4379 956 4451 Ἐρμῇ
976 4380 1151 4451 λέγων
1169 4398 1182 4413 ’

346 4513 551 4587 Αὐτὴν
574 4514 692 4584 μέν
713 4533 822 4587 μιν
862 4516 1068 4586 ἔτετμε
1107 4531 1230 4587 μεσ

344 4583 605 4654 Κέντροὺ
627 4583 748 4641 ἀπὸ
783 4583 1048 4657 ascalde
1066 4603 1082 4620 ο
1108 4583 1215 4644 διὰ

343 4697 455 4752 Καὶ
475 4697 504 4750 6
531 4697 768 4770 Ἀρατος
793 4699 998 4769 λέγων’

343 4810 540 4880 Αὐτὰρ
569 4810 657 4881 ὅτ’
681 4811 806 4868 οὐδ’
839 4814 1051 4885 ὀλίγον
1088 4818 1519 4886 μετανίσσεται
1536 4835 1549 4849 ο
1592 4817 1756 4906 mp
1780 4819 1926 4906 μάλ’

346 4950 544 5017 Ἀεων
566 4950 701 5007 αίὲν
727 4952 949 5024 ἄρηρεν
971 4969 987 4985 ⁸
1015 4955 1141 5026 ἕχει
1163 4957 1216 5011 δ’
1239 4957 1579 5015 ἀτάλαντον
1599 4889 1925 5029 ως

1331 4587 1553 4656 ἄξονος
1575 4587 1894 4660 ἠρήρειστο
1909 4608 1923 4622 ·

339 5089 668 5160 Μεσσηγὺς
691 5090 867 5161 γαῖαν
883 5107 897 5124 ⁸
930 5093 1064 5162 περὶ
1103 5094 1160 5148 δ’
1183 5097 1438 5165 οὐρανὸς
1478 5097 1668 5154 αὐτὸν
1708 5099 1918 5170 ἁγινεῖ.

419 5265 740 5336 Ὠνόμασται
763 5267 811 5322 δ’
842 5268 988 5335 ἄξων
1008 5270 1098 5326 διὰ
1117 5271 1179 5326 τὸ
1208 5273 1339 5344 περῖ⁹
1362 5273 1526 5329 αὐτὸν
1551 5276 1801 5345 ἄγεσθαι,
1825 5278 1919 5332 καὶ

349 5357 725 5427 τεριδινεῖσθαι
745 5361 838 5415 τὸν
861 5363 1109 5435 οὐρανόν.
1139 5365 1221 5420 Τά
1255 5365 1314 5419 δὲ
1349 5367 1563 5438 πέρατα
1589 5367 1754 5422 αὐτοῦ
1780 5370 1919 5441 πρὸς

341 5448 445 5509 κοῖς
478 5447 727 5520 κέντροις
755 5450 851 5505 τοῦ
874 5469 934 5506 τε
973 5454 1238 5526 ἀρκτικοῦ
1282 5456 1374 5510 καὶ
1409 5457 1506 5511 τοῦ
1551 5459 1914 5531 ἀνταρκτικοῦ

333 5590 338 5593 _
364 5555 468 5593 στι.
494 5540 736 5595 Καλοῦσι
765 5543 811 5597 δ’
839 5544 982 5599 αὐτά
1000 5545 1198 5613 πόλους
1218 5547 1329 5601 ἀπὸ
1355 5548 1448 5602 τοῦ
1479 5551 1912 5621 περιπολεῖσθαι,

338 5631 430 5684 καὶ
461 5632 788 5704 στρέφεσθαι
835 5637 963 5709 περὶ
994 5639 1136 5693 αὐτὰ
1173 5640 1265 5696 τὸν
1305 5641 1554 5714 οὐρανόν.
1601 5643 1819 5699 Τούτων
1855 5646 1914 5700 δὲ

328 5722 360 5774 6
387 5727 486 5794 μὲν
512 5725 757 5784 καλεῖται
786 5729 1016 5803 βόρειος,
1041 5733 1130 5787 ἀεὶ
1167 5734 1402 5806 φανερὸς
1427 5735 1502 5789 ὢν
1519 5751 1536 5766 ο
1569 5739 1599 5790 ὀ
1626 5737 1684 5794 δὲ
1717 5738 1908 5811 νότιος,

327 5815 418 5878 ἀεὶ
448 5819 680 5894 ἀφανής.
705 5822 996 5898 Μέμνηται
1033 5825 1213 5885 αὐτῶν
1239 5829 1332 5884 καὶ
1361 5827 1624 5901 Ἄρατος·

1291 4517 1584 4615 aegram-ti
1595 4589 1608 4607 '
1624 4505 1928 4602 ’ρλύμπου
1959 4559 2004 4615 D

2052 1992 2212 2048 nobis
2248 1993 2401 2048 velut
2429 1992 2605 2047 cauda
2639 1991 2878 2047 mutilati
2923 1991 3203 2053 videntur.
3237 2006 3304 2047 eo
3332 1991 3477 2062 quod
3504 2005 3630 2063 par-

2050 2093 2135 2143 tes
2169 2087 2388 2142 illorum
2421 2085 2488 2140 ad
2513 2086 2698 2158 polum
2719 2085 3082 2141 antarctieum
3103 2083 3481 2140 occultantur:
3508 2083 3631 2156 qui-

2051 2181 2156 2238 bus
2186 2191 2241 2236 et
2274 2181 2513 2256 mutila-ti
2541 2180 2820 2236 videntur.
2853 2179 2990 2236 Nam
3037 2196 3158 2251 qua:
3195 2194 3411 2250 semper
3461 2193 3628 2250 appa-

2050 2282 2206 2330 rente
2235 2273 2472 2340 circulo,
2511 2273 2564 2329 id
2601 2283 2685 2330 est
2726 2274 2969 2338 arctico,
3005 2273 3380 2336 continentur,
3408 2271 3625 2326 illorum

2051 2366 2365 2437 conspicua:
2395 2375 2523 2423 sunt
2555 2373 2773 2438 partes:
2809 2381 2930 2437 qua:
2961 2380 3094 2421 vero
3124 2365 3426 2422 antaretico
3451 2365 3628 2422 inclu-

2049 2457 2274 2523 duntur,
2309 2475 2521 2532 semper
2548 2459 2794 2514 occultae.

2724 2684 2799 2739 De
2835 2703 2956 2742 axe.

2116 2799 2207 2854 28.
2247 2801 2331 2856 Ab
2360 2801 2552 2857 arctici
2603 2802 2803 2858 circuli
2847 2809 3038 2858 centro
3085 2817 3184 2873 per
3233 2801 3461 2874 sphaerae
3496 2817 3627 2859 cen-

2046 2898 2230 2956 trum,
2285 2892 2354 2947 ad
2401 2902 2651 2949 centrum
2702 2894 2852 2950 aliud
2895 2895 3184 2951 antarctici
3231 2897 3433 2951 transit
3481 2895 3620 2952 axis.

2046 2979 2152 3046 Qui
2182 2982 2254 3038 ob
2292 2984 2348 3039 id
2391 2993 2708 3055 assumptus
2746 2994 2864 3054 est,
2899 2994 2959 3041 ut
3000 2987 3370 3058 intelligamus
3412 2986 3622 3042 circum

2044 3073 2194 3129 hunc
2221 3082 2276 3130 et
2303 3075 2427 3146 ejus
2455 3084 2701 3132 extrema
2727 3079 3088 3134 circumvolvi
3117 3080 3316 3135 coelum
3344 3095 3359 3145 ;
3393 3077 3624 3148 perinde

2046 3171 2210 3235 atque
2234 3166 2440 3222 circum
2463 3183 2663 3225 currus
2690 3186 2848 3227 axem
2871 3179 3005 3226 rotae
3022 3171 3334 3226 volvuntur.
3361 3170 3434 3226 De
3456 3169 3622 3241 hujus

2043 3256 2271 3311 materia
2322 3259 2463 3314 nihil
2505 3275 2608 3317 nos
2652 3261 2854 3319 Aratus
2885 3263 3090 3318 docuit.
3146 3262 3250 3319 Sed
3298 3264 3511 3334 poetica
3556 3263 3623 3317 lic

2041 3352 2222 3406 centia
2253 3351 2561 3410 fabulosius
2590 3355 2823 3425 loquens
2867 3355 3046 3410 veruti
3090 3355 3268 3411 instar
3302 3371 3426 3412 esse
3459 3355 3619 3413 dixit.

2042 3443 2235 3514 itaque
2265 3446 2383 3502 sive
2410 3447 2537 3518 quis
2566 3449 2721 3504 illum
2764 3465 2833 3504 ex
2861 3450 3018 3520 igne,
3051 3465 3154 3505 ceu
3187 3449 3446 3516 materia,
3488 3464 3620 3504 con-

2042 3545 2190 3594 stare
2219 3538 2379 3606 velit,
2411 3554 2538 3595 cum
2581 3555 2680 3611 per
2721 3555 2878 3612 aquae
2916 3541 3185 3612 sphaeram
3225 3550 3506 3607 transeat,
3537 3539 3618 3597 ibi

2041 3630 2459 3700 restinguetur;
2522 3639 2616 3686 aut
2663 3633 2731 3687 ab
2777 3633 2919 3704 ignis
2971 3633 3186 3703 sphaera
3235 3641 3610 3699 eonsumetur,

2037 3723 2156 3778 sive
2181 3738 2249 3778 ex
2284 3724 2518 3778 aliorum
2572 3724 2966 3781 elementorum
2996 3727 3261 3792 materia,
3298 3734 3429 3797 puta
3471 3727 3617 3783 aeris

2037 3822 2131 3870 aut
2160 3831 2333 3886 aquae,
2361 3815 2584 3872 misceri
2614 3832 2739 3872 cum
2784 3817 2908 3873 aliis
2936 3833 3044 3873 non
3071 3819 3271 3887 poterit
3298 3835 3312 3884 ;
3339 3824 3394 3873 et
3422 3831 3452 3871 a
3478 3832 3618 3874 con-

2036 3906 2224 3962 trariis
2248 3905 2540 3962 delebitur.
2566 3905 2805 3962 Proinde
2827 3915 3121 3978 geometra:
3148 3908 3348 3964 lineam
3380 3923 3505 3964 esse
3530 3907 3617 3963 di-

2035 4005 2169 4051 cunt
2192 3998 2388 4053 exilem
2415 3998 2486 4054 ab
2510 3998 2704 4052 arctici
2730 4007 2922 4054 centro
2949 3999 3018 4054 ad
3045 4005 3295 4055 centrum
3323 3998 3617 4055 antarctici

2034 4090 2404 4161 pertinentem
2423 4131 2438 4157 ,
2463 4091 2544 4146 uti
2571 4091 2837 4148 diximus.
2868 4092 2940 4148 At
2965 4092 3178 4165 physici
3204 4093 3488 4165 spiritum,
3515 4091 3614 4166 qui

2034 4197 2132 4253 per
2156 4183 2509 4254 interjectum
2541 4185 2780 4255 spatium
2800 4185 3031 4251 transit,
3060 4200 3220 4242 axem
3245 4193 3440 4258 putant
3465 4201 3611 4245 esse.

2032 4273 2203 4346 Cujus
2231 4275 2289 4330 in
2320 4275 2586 4332 Mercurio
2614 4278 2860 4334 meminit
2889 4276 3278 4335 Eratosthenes
3312 4298 3325 4332 :

2105 4518 2288 4592 Ipsam
2313 4519 2522 4592 quidem
2551 4521 2718 4574 secuit
2741 4520 2970 4576 mediam
2996 4539 3216 4592 prorsus
3251 4522 3498 4592 Olympi,

2103 4580 2296 4645 centro
2325 4580 2391 4644 2w
2420 4591 2679 4659 sphwne;
2711 4606 2802 4659 per
2830 4580 3134 4648 axem'sero
3163 4580 3502 4663 fulcieliaiurl

2026 4698 2228 4757 Aratus
2253 4716 2471 4772 quoque
2502 4720 2515 4755 :

2098 4811 2272 4868 Porro
2305 4814 2390 4868 hic
2410 4831 2473 4869 ne
2499 4815 2774 4869 minimum
2801 4816 3011 4888 quidem
3039 4815 3301 4888 declinet,
3329 4816 3421 4872 sed
3447 4816 3610 4888 plane

3230 4885 3248 4959 [
3266 4885 3610 4943 immobiliter

2101 4953 2234 5008 Axis
2265 4969 2468 5024 semper
2496 4955 2743 5025 ﬁrmatus
2773 4966 2892 5022 est;
2924 4957 3176 5030 habetque
3206 4953 3458 5040 libratam
3486 4975 3604 5040 οτη-

3480 5045 3604 5082 nmo

2097 5092 2166 5149 In
2211 5093 2380 5150 medio
2427 5103 2666 5163 terram;
2692 5098 2904 5152 'eircum
2943 5105 3120 5153 autem
3159 5097 3296 5153 hunc
3334 5027 3521 5242 ερείξηη
3549 5115 3607 5153 se

3408 5179 3603 5226 versat.

3408 5185 3603 5226 versat.

2090 5277 2225 5335 Axis
2249 5279 2577 5335 vocabulum
2601 5281 2727 5337 ideo
2754 5283 2987 5348 meruit,
3009 5282 3157 5353 quod
3186 5281 3396 5337 circum
3419 5284 3600 5354 ipsum

2019 5383 2230 5443 agatur,
2259 5374 2617 5445 volvaturque
2647 5375 2868 5431 coelum.
2901 5375 3079 5448 Hujus
3109 5386 3352 5434 extrema
3385 5384 3514 5433 sunt
3542 5377 3602 5436 il

2019 5464 2226 5518 centris
2260 5463 2451 5517 arctici
2492 5471 2548 5519 et
2596 5463 2886 5519 autarctici
2915 5464 3247 5520 circulorum
3293 5478 3436 5535 quos
3495 5470 3602 5534 po-

2017 5553 2100 5610 los
2131 5555 2450 5624 nominant,
2481 5569 2548 5610 eo
2576 5555 2725 5626 quod
2761 5557 2970 5611 circum
3014 5557 3106 5613 illa
3146 5556 3348 5612 ccelum
3376 5553 3594 5614 assidui

2017 5646 2283 5716 vertigine
2325 5653 2672 5717 torqueatur.
2709 5646 2790 5703 Ex
2832 5649 2901 5706 iis
2943 5649 3080 5704 alter
3123 5649 3324 5705 boreus
3367 5646 3580 5712 dicitul

2017 5752 2233 5809 semper
2260 5753 2570 5810 apparens:
2605 5741 2744 5796 alter
2765 5742 3022 5801 australis
3043 5783 3057 5812 ,
3082 5757 3298 5814 semper
3325 5738 3568 5799 occulti!

2015 5830 2222 5890 Horum
2253 5833 2500 5892 meminit
2535 5835 2770 5894 Aratus:
