4132 6432
415 290 513 364 981

1160 299 1318 357 ACHI
1338 297 1492 356 LLIS
1525 300 1707 356 ΤΑΊΊΙ
1752 300 2044 357 ίδΑϐΟϐΕ
2082 301 2172 356 ΑΙ)
2198 301 2407 358 ARATI
2440 304 2886 364 ΡΗΑΞΝΟΜΕΝΑ

3550 307 3659 369 98²⁸

412 421 472 476 δὲ
504 425 562 476 ὲν
608 420 868 494 Καρκίνῳ
892 421 1150 491 γένηται,
1186 422 1214 474 ὅ
1248 422 1365 474 ἐστι
1418 420 1558 475 κατά
1586 421 1875 493 διάμετρον
1911 422 1989 493 τῷ

2096 423 2177 477 ηἰι
2218 427 2286 478 ad
2320 423 2614 489 Cancrum,
2656 426 2751 497 qui
2795 442 2826 481 a
2872 426 3206 498 Capricorno
3235 436 3346 485 tota
3388 428 3685 489 diametro,

418 513 787 585 Δίγοκέρωτι,
843 513 965 567 τότε
1022 513 1247 584 πλησίον
1288 514 1444 585 ἡμῶν
1474 515 1620 579 ἐστι,
1662 515 1757 569 καὶ
1798 514 1986 587 καῦμα

419 606 555 661 πολὺ
582 606 711 677 παρ’
742 607 893 677 ἡμῖν.
934 606 993 659 '0
1030 606 1088 659 66
1115 606 1389 677 Καρκίνος
1417 606 1526 661 τῶν
1558 606 1622 677 ιβ’
1662 606 1869 671 ζωδίων
1899 608 1987 679 βο-

422 697 694 770 ρειότερός
721 698 860 751 ἐστι.
899 697 1068 768 Δῆλον
1099 693 1216 762 οὖν,
1241 699 1323 751 ὅτι
1354 698 1452 770 τὴν
1490 699 1696 771 βόρειον
1731 698 1987 771 οἰκοῦμεν

421 788 616 862 ζώνην.
634 790 723 843 Ἐν
754 788 863 861 γὰρ
890 789 1143 861 Καρκίνῳ
1164 790 1451 861 γενόμενος
1473 792 1501 844 6
1528 792 1679 863 ἥλιος
1700 791 1987 865 ἀριστερὸς

420 883 577 953 ἡμῶν
609 881 908 949 ἀνατέλλει,
946 881 1045 953 τὴν
1076 880 1234 935 σκιὰν
1271 882 1431 953 ἡμῶν
1464 885 1546 946 εἰς
1572 882 1640 937 τὰ
1671 883 1818 948 δεξιά
1846 884 1985 956 μέρη

421 970 649 1026 κλίνων·
694 972 723 1025 ὅ
768 972 883 1025 ἐστι
925 974 1149 1043 σημεῖον
1188 971 1416 1044 ἐναργὲς
1457 971 1552 1026 τοῦ
1588 973 1739 1043 ἡμᾶς
1783 972 1989 1040 δεξιοὺς

419 1054 563 1116 εἶναι
608 1061 703 1114 τοῦ
746 1060 917 1133 ἡλίου.
947 1061 1012 1115 Εἰ
1045 1060 1154 1132 γάρ
1180 1079 1266 1127 τις
1320 1060 1511 1132 λύχνον
1556 1061 1700 1132 ἅψας
1738 1063 1797 1115 ἐν
1840 1062 1989 1134 μέσῳ

416 1154 719 1225 οἰκήματος
748 1151 890 1225 θείη,
913 1153 971 1207 ὲν
997 1152 1148 1225 δεξιᾷ
1167 1152 1223 1206 δὲ
1255 1152 1419 1207 αὑτοῦ
1446 1152 1602 1224 σταίη
1623 1170 1636 1184 ·
1665 1154 1727 1207 τὸ
1749 1153 1990 1225 σκίασμα

421 1242 517 1296 τοῦ
549 1242 782 1309 ἑστῶτος
810 1245 871 1297 οὐ
908 1243 1047 1316 πρὸς
1089 1243 1180 1298 τὸν
1211 1244 1437 1315 λύχνον,
1478 1243 1593 1299 ἀλλ’
1626 1245 1684 1298 ὲν
1720 1244 1872 1316 δεξιᾷ
1892 1244 1988 1298 τοῦ

421 1332 708 1406 ἀνθρώπου
733 1332 1010 1407 τρέψεται.
1045 1335 1109 1388 Εἰ
1138 1335 1315 1389 τοίνυν
1345 1334 1440 1389 καὶ
1468 1334 1625 1406 ἡμῶν
1663 1336 1719 1387 αἰ
1753 1334 1904 1388 σκιαὶ
1933 1336 1990 1387 ὲν

420 1425 572 1497 δεξιᾷ
596 1428 628 1496 ἡ
638 1426 753 1497 μῶν
779 1425 1038 1495 γίνονται,
1055 1425 1232 1497 δῆλον,
1249 1427 1330 1480 ὅτι
1354 1426 1640 1499 ἀριστερὸς
1659 1425 1816 1498 ἡμῶν
1843 1426 1990 1480 ἐστιν

419 1518 452 1570 6
477 1516 648 1587 ἥλιος.
675 1516 965 1572 Ἀνάπαλιν
985 1518 1044 1572 66
1075 1521 1189 1582 τοῖς
1218 1520 1276 1573 ὲν
1296 1521 1362 1590 τῇ
1385 1517 1544 1589 νοτίῳ
1572 1516 1720 1591 ζώνῃ
1751 1517 1990 1572 οἰκοῦσιν

420 1607 479 1661 ἐν
515 1607 673 1679 δεξιᾷ,
705 1609 804 1681 μὲν
837 1609 984 1665 ἐστιν
1022 1611 1051 1664 6
1079 1610 1248 1681 ἥλιος·
1280 1611 1337 1664 ὲν
1374 1611 1637 1682 ἀριστερᾷ
1659 1610 1716 1664 δὲ
1742 1610 1923 1664 αὐτῶν
1953 1613 1987 1682 ὴ

421 1700 552 1754 σκιά
573 1700 710 1774 πρὸς
730 1702 881 1756 νότον
909 1701 1272 1773 ἐκπέμπεται.
1290 1701 1473 1765 Οὕτως
1498 1696 1591 1756 οῦν
1610 1701 1989 1757 ἀποδείκνυται

418 1792 568 1862 ἡμᾶς
605 1791 703 1864 τὴν
735 1793 942 1865 βόρειον
982 1792 1158 1864 ζώνην
1189 1793 1288 1864 τὴν
1326 1792 1588 1865 εὔκρατον
1620 1794 1807 1848 οἰκεῖν.
1835 1794 1992 1857 Τινὲς
2019 1781 2064 1837 Β

418 1881 478 1936 δὲ
518 1882 613 1936 καὶ
658 1883 832 1939 ταῦτα
863 1885 991 1956 περί
1021 1885 1130 1940 τῶν
1163 1883 1348 1949 ζωνῶν
1378 1886 1648 1958 εἰρήκασι.
1680 1885 1855 1939 Ζῶναί
1885 1887 1990 1938 εἰσι

419 1975 518 2046 τῆς
562 1975 668 2045 γῆς
697 1975 803 2029 61:6
841 1978 967 2041 τοὺς
1016 1975 1392 2049 παραλλήλους
1431 1976 1631 2047 ὁμοίως
1669 1975 1863 2029 πέντε·
1904 1974 1994 2045 βό-

420 2082 585 2134 ρειος,
602 2065 696 2136 ὅλη
725 2065 1015 2137 μετέωρος,
1040 2066 1313 2138 ἀοίκητος,
1337 2064 1990 2137 κατεψυγμένη,Κρόνου,

418 2157 728 2227 ἑξηκοστῶν
762 2158 861 2229 μὲν
883 2164 959 2223 ς’,
986 2158 1215 2211 σταδίων
1241 2158 1298 2212 δὲ
1320 2156 1622 2228 δισμυρίων
1649 2162 1738 2228 ,εσδ
1755 2172 1770 2188 ·
1796 2156 1858 2209 τὸ
1883 2156 1992 2228 γὰρ

420 2248 709 2321 ἑξηκοστὸν
743 2250 977 2305 σταδίων
1007 2250 1123 2304 ἐστὶ
1153 2249 1263 2320 ,δσ’,
1298 2249 1504 2322 Θερινὴ,
1539 2248 1761 2303 πλείονα
1796 2246 1992 2319 ἔχουσα

418 2341 488 2394 τά
530 2342 670 2414 ὑπὲρ
706 2342 798 2397 τὸν
834 2341 1116 2414 ὁρίζοντα·
1146 2341 1435 2416 εῠκρατος,
1466 2344 1523 2397 ἐν
1558 2335 1592 2415 ᾗ
1623 2343 1772 2397 ἐστιν
1810 2344 1844 2413 ἡ
1870 2340 1991 2396 καθ’

418 2433 567 2504 ἡμᾶς
600 2432 892 2505 οἰκουμένη
913 2450 927 2465 ·
952 2433 1094 2499 Διὸς,
1122 2433 1432 2507 ἑξηκοστῶν
1455 2439 1515 2498 ε’,
1542 2432 1770 2487 σταδίων
1789 2433 1848 2487 66
1877 2433 1991 2487 δισ-

417 2523 626 2595 μυρίων
668 2524 872 2596 καὶμ·
921 2524 1245 2599 ἰσημερινὴ,
1305 2524 1419 2580 ῐσον
1479 2524 1677 2596 ἔχουσα
1714 2524 1807 2578 τὸν
1852 2524 1994 2596 ὑπὲρ

415 2614 520 2685 γῆς
544 2613 791 2684 ὁρίζοντα
818 2615 896 2688 τῷ
917 2616 1009 2669 ὑπ’
1034 2616 1203 2670 αὐτόν
1223 2632 1237 2646 ·
1263 2615 1537 2686 ἀοίκητος,
1557 2614 1958 2686 διακεκαυμένη
1974 2631 1988 2645 ·

420 2706 637 2776 Ἄρεος,
678 2706 986 2779 ἑξηκοστῶν
1021 2707 1119 2780 μὲν
1151 2714 1225 2779 η’,
1272 2707 1333 2776 ἐξ
1370 2707 1631 2780 ἑκατέρου
1674 2704 1872 2779 μίρους
1898 2705 1992 2760 τοῦ

418 2798 738 2870 ἰσημερινοῦ
780 2799 1090 2873 τεσσάρων·
1142 2793 1297 2866 οὗτος
1354 2801 1464 2874 γὰρ
1505 2801 1674 2871 αὐτὴν
1719 2800 1848 2873 ὅλην
1894 2800 1994 2872 τὴν

419 2895 654 2964 σφαῖραν
689 2892 874 2964 τέμνει
927 2895 1127 2966 μέσην·
1172 2894 1400 2949 σταδίων
1435 2895 1494 2949 δὲ
1530 2894 1870 2967 τρισμυρίων
1899 2896 1995 2948 καὶ

417 2990 516 3057 ,γχ’
535 3001 548 3013 °
587 2985 895 3058 χειμερινὴ,
924 2985 1195 3042 ἀνάπαλιν
1218 2989 1285 3059 τῇ
1319 2986 1529 3058 θερινῇ,
1573 2987 1757 3043 πλεῖον
1795 2987 1995 3059 ἔχουσα

417 3076 479 3129 τὸ
506 3075 613 3157 61:6
654 3076 745 3129 τὸν
786 3076 1055 3149 ὁρίζοντα,
1093 3078 1418 3150 οἰκουμένη,
1454 3077 1747 3151 εὔκρατος·
1794 3080 1991 3152 ’Λφρο-
2020 3118 2061 3176 C

417 3166 590 3238 δίτης,
621 3167 930 3241 ἑξηκοστῶν
964 3168 1028 3235 ε’,
1069 3168 1296 3223 σταδίων
1326 3170 1385 3223 δὲ
1432 3169 1735 3241 δισμυρίων
1764 3170 1859 3224 καὶ
1907 3188 1989 3242 ,α-

418 3260 613 3327 νότιος,
635 3260 732 3333 ὅλη
756 3259 986 3333 ἀφανὴς,
1012 3260 1282 3333 ἀοίκητος,
1321 3261 1708 3334 κατεψυγμένη
1723 3278 1738 3294 ·
1765 3262 1989 3335 Ἑρμοῦ,

420 3351 731 3423 έξηκοστῶν
776 3353 875 3423 μὲν
906 3358 983 3419 ς’,
1034 3351 1264 3409 σταδίων
1312 3352 1370 3407 δὲ
1415 3353 1715 3426 δισμυρίων
1743 3362 1853 3426 ,εο¹.
1905 3357 1993 3421 Ὠς

420 3438 563 3496 εἶναι
612 3443 674 3497 :6
720 3444 861 3515 61:69
906 3444 1000 3498 τὸν
1052 3443 1302 3516 ὁρίζοντα
1358 3445 1690 3519 περίμετρον
1739 3448 1840 3520 τῆς
1889 3449 1992 3521 γῆς

417 3535 728 3609 ἐξηκοστῶν
767 3536 867 3607 μὲν
907 3537 1222 3608 τριάκοντα,
1264 3538 1495 3593 σταδίων
1529 3539 1589 3593 δὲ
1621 3541 1898 3613 μυριάδων
1927 3542 1993 3612 ιβ’

418 3627 514 3681 καὶ
535 3645 614 3699 lg.
656 3627 962 3684 Καλοῦνται
984 3628 1044 3682 66
1071 3630 1120 3682 οἰ
1145 3629 1244 3700 μὲν
1279 3630 1372 3684 ἐπὶ
1396 3630 1493 3683 τοῦ
1521 3631 1685 3685 αὐτοῦ
1729 3634 1995 3704 ἡμισφαι-

420 3721 538 3793 ρίου
560 3720 759 3792 βόρειοι
778 3738 839 3775 τε
860 3720 956 3776 καὶ
978 3720 1142 3775 νότιοι
1167 3722 1546 3787 κατοικοῦντες
1576 3724 1896 3796 αὐτόχθονες
1914 3726 1989 3759 η’·

417 3813 468 3867 οἰ
491 3812 537 3866 δ’
559 3814 646 3882 ἐφ’
675 3812 912 3885 ἑκάτερα
944 3812 1052 3867 τῶν
1087 3814 1460 3885 ἡμισφαιρίων
1494 3814 1636 3888 ὑπὲρ
1669 3816 1773 3888 γῆς
1799 3835 1859 3871 τε
1900 3820 1995 3872 καὶ

420 3904 535 3981 ὑπὸ,
553 3905 678 3977 γῆν,
715 3905 1015 3970 ἀντίποδες.

2091 515 2298 580 distat,
2354 519 2794 589 appropinquare
2848 522 3031 587 nobis,
3083 536 3148 578 ac
3199 538 3472 579 summum
3511 523 3656 594 apud

2089 622 2193 663 nos
2219 615 2415 663 aestum
2449 610 2736 666 exsistere.
2776 612 2847 666 At
2888 613 3098 671 Cancer
3135 616 3419 674 duodecim
3470 620 3659 690 signo-

2090 718 2212 757 rum
2251 703 2489 758 maxime
2511 703 2750 760 borealis
2777 712 2884 761 est.
2914 705 3268 778 Perspicuum
3295 719 3379 767 est
3404 726 3532 782 ergo
3566 712 3660 770 bo-

2089 793 2294 848 realem
2325 807 2357 847 a
2387 793 2547 848 nobis
2574 796 2789 849 zonam'
2809 795 2994 853 incoli.
3020 797 3155 853 Nam
3188 801 3271 855 sol
3308 816 3431 857 cum
3464 812 3549 859 est
3599 803 3659 860 in

2094 886 2314 942 Cancro
2353 886 2578 943 sinister
2623 887 2784 944 nobis
2823 889 3024 957 oritur,
3069 894 3320 950 umbram
3366 911 3520 951 suam
3563 897 3659 954 tle-

2090 984 2248 1034 ctens
2282 977 2351 1032 ad
2399 977 2703 1036 dexteram.
2769 979 2924 1046 Quod
2981 994 3304 1052 argumento
3332 996 3546 1044 estnos
3588 990 3658 1044 ad

2096 1068 2347 1125 dextram
2386 1069 2651 1126 obversus
2693 1086 2818 1128 esse
2856 1074 2979 1130 soli.
3025 1074 3235 1131 Etenim
3258 1077 3305 1134 si
3333 1079 3457 1148 quis
3483 1080 3660 1135 lucer-

2091 1175 2217 1216 nam
2245 1161 2550 1218 accendens
2577 1164 2755 1220 media
2785 1165 2837 1220 in
2869 1166 3032 1222 domo
3068 1169 3321 1235 collocet,
3349 1178 3403 1225 et
3424 1171 3493 1225 ad
3526 1171 3660 1228 dex-

2092 1255 2233 1303 tram
2271 1249 2394 1320 ejus
2425 1258 2553 1319 stet,
2589 1254 2794 1311 stantis
2844 1255 3018 1326 ipsius
3074 1259 3269 1313 umbra
3302 1275 3413 1315 non
3460 1262 3529 1317 ad
3575 1263 3691 1317 lu-'

2079 1353 2335 1406 .cernam,
2377 1342 2471 1398 sed
2505 1343 2571 1398 ad
2612 1345 2857 1401 dextram
2885 1347 3125 1405 hominis
3157 1350 3360 1406 tendet.
3389 1351 3660 1419 Quocirca

2092 1445 2216 1486 cum
2260 1432 2466 1488 umbrae
2496 1449 2792 1506 corporum
2822 1446 3138 1495 nostrorum
3169 1440 3372 1498 dextra:
3409 1443 3522 1498 sint
3571 1462 3659 1501 no-

2091 1522 2197 1590 bis,
2248 1524 2603 1582 manifestum
2641 1534 2726 1584 est
2755 1529 3041 1585 sinistrum
3086 1546 3304 1602 quoque
3331 1532 3491 1589 nobis
3536 1549 3660 1592 esse

2091 1616 2282 1673 solem.
2324 1615 2367 1670 E
2427 1620 2708 1674 contrario
2754 1635 2886 1676 vero
2921 1621 3012 1687 iis,
3039 1624 3132 1694 qui
3163 1624 3216 1678 in
3256 1626 3484 1681 australi
3522 1642 3660 1683 zona

2091 1708 2317 1780 degunt,
2349 1711 2432 1765 sol
2457 1710 2651 1766 dexter
2689 1720 2814 1780 est;
2866 1713 2934 1768 ad
2966 1716 3247 1771 sinistram
3276 1734 3406 1774 vero
3441 1720 3660 1777 illorum

2094 1799 2287 1855 umbra
2336 1801 2537 1872 iacitur
2570 1803 2851 1859 meridiem
2896 1821 3110 1863 versus.
3164 1807 3278 1864 Hac
3326 1811 3536 1867 ratione
3566 1812 3663 1870 de-

2093 1900 2432 1947 monstratur
2462 1909 2568 1949 nos
2595 1894 2651 1949 in
2677 1903 2977 1973 temperata
3008 1914 3145 1953 zona
3173 1900 3391 1972 degere.
3427 1901 3660 1969 Quidam

2091 1984 2255 2039 etiam
2280 1983 2350 2040 de
2379 1986 2535 2041 zonis
2562 1986 2668 2042 ista
2695 1987 3054 2059 scripserunt.
3085 1989 3247 2046 Zonae
3282 2000 3409 2048 sunt
3437 1995 3491 2048 iu
3515 2000 3662 2050 terra

2093 2077 2200 2132 sub
2235 2078 2514 2148 parallelis
2552 2079 2810 2137 similiter
2831 2082 3076 2154 quinque
3108 2101 3123 2138 :
3156 2083 3348 2150 Borea,
3382 2093 3496 2142 tota
3522 2088 3658 2144 sub-

2093 2169 2263 2236 limis,
2290 2169 2689 2237 inhabitabilis,
2735 2172 2962 2245 frigida;
3001 2172 3280 2244 Saturnia,
3328 2181 3663 2250 sexagesima

2093 2262 2357 2332 scrupula
2391 2278 2486 2319 sex
2511 2271 2727 2334 patens,
2761 2281 2884 2336 quae
2921 2274 3052 2322 sunt
3080 2268 3257 2324 stadia
3293 2267 3493 2327 25200.
3525 2267 3663 2324 Nam

2095 2354 2414 2425 scrupulum
2467 2371 2637 2410 unum
2690 2357 2883 2413 stadiis
2939 2364 3152 2414 constat
3192 2358 3350 2414 1200.
3400 2357 3614 2416 Estiva
3644 2399 3661 2425 ,

2095 2446 2259 2517 cujus
2304 2446 2695 2518 parallelorum
2741 2464 2906 2521 supra
2944 2450 3281 2505 horizontem
3320 2451 3531 2505 minora
3575 2466 3664 2508 80'-

2068 2546 2316 2611 ‘gmenta
2349 2548 2503 2598 sunt.
2528 2540 2874 2614 Temperata,
2907 2545 2963 2600 in
2990 2561 3097 2617 qua
3129 2545 3267 2602 situs
3288 2552 3371 2602 est
3393 2545 3542 2601 orbis
3568 2561 3666 2602 no-

2096 2638 2231 2699 ster,
2267 2631 2335 2689 ad
2363 2631 2551 2690 Jovem
2582 2637 2864 2706 pertinens
2895 2654 3016 2708 quae
3050 2639 3471 2711 insexagesima
3500 2639 3665 2711 quin-

2095 2738 2203 2794 que
2246 2725 2573 2797 porrigitur;
2608 2728 2782 2784 stadia
2807 2728 3002 2786 21000.
3030 2730 3473 2802 Equinoctialis,
3507 2733 3668 2803 cujus

2094 2814 2323 2870 horizon
2356 2818 2619 2888 mqualem
2651 2819 2779 2874 facit
2813 2821 2957 2876 infra
3003 2837 3279 2896 supraque
3310 2825 3614 2896 portionem
3650 2845 3664 2878 :

2096 2905 2496 2973 inhabitabilis,
2543 2911 2787 2966 torrida:
2820 2912 3002 2969 dicata
3027 2914 3218 2985 Marti;
3263 2932 3383 2988 qua:
3409 2920 3669 2988 scrupula

2097 3007 2225 3055 octo
2261 3006 2430 3065 tenet,
2474 3001 2579 3055 hoc
2620 3009 2704 3057 est
2742 3003 2998 3076 utrinque
3029 3007 3098 3063 ab
3132 3009 3499 3078 aequinoctiali
3532 3025 3670 3079 qua-

2094 3098 2239 3145 tuor.
2280 3089 2380 3146 Hic
2418 3092 2563 3146 enim
2603 3094 2869 3165 sphaeram
2905 3105 3070 3151 totam
3106 3099 3161 3153 in
3193 3098 3375 3155 medio
3409 3103 3664 3170 partitur.

2099 3176 2197 3235 Est
2215 3189 2397 3235 autem
2427 3182 2726 3238 stadiorum
2757 3184 2952 3243 35600.
2987 3186 3267 3255 Hiemalis,
3289 3199 3480 3246 contra
3504 3207 3669 3262 quam

2098 3271 2288 3326 aestiva
2333 3272 2597 3343 majorem
2650 3276 2755 3330 sub
2809 3276 3093 3335 horizonte
3144 3283 3446 3347 portionem
3499 3285 3669 3340 relin«

2097 3376 2310 3432 quens;
2361 3364 2606 3419 habitata
2651 3372 2949 3437 temperata
2968 3392 3003 3434 7,;
3037 3372 3295 3427 attributa
3340 3371 3578 3441 Veneri;
3612 3374 3671 3430 in

2097 3455 2434 3526 sexagesima
2458 3459 2700 3530 quinque
2718 3460 2947 3517 diﬂ‘usa-z
2972 3478 3098 3533 quae
3119 3474 3249 3520 sunt
3275 3465 3449 3521 stadia
3470 3465 3667 3521 21000.

2099 3547 2376 3603 Australis
2404 3564 2513 3605 non
2551 3566 2822 3623 apparens
2851 3555 3078 3610 omnino
3114 3557 3508 3627 inhabitabilis,
3562 3559 3668 3615 fri-

2100 3651 2232 3708 gore
2268 3639 2481 3710 rigens;
2536 3641 2791 3698 Mercurii
2838 3640 3154 3715 peculiaris,
3203 3651 3541 3721 sexagesima
3575 3669 3671 3710 sex

2101 3727 2356 3785 obtinens
2389 3749 2402 3784 :
2439 3746 2562 3801 qua:
2613 3733 2791 3788 stadia
2819 3736 3025 3791 faciunt
3049 3737 3247 3794 25200.
3298 3738 3374 3813 Ita
3410 3741 3672 3800 dimidius

2105 3836 2272 3891 supra
2307 3821 2648 3881 horizontem
2687 3828 2927 3885 ambitus
2966 3836 3124 3885 terrae
3164 3833 3422 3902 scrupula
3465 3835 3674 3906 colligit

2102 3913 2350 3984 triginta,
2380 3917 2559 3973 stadia
2591 3917 2821 3975 126000.
2854 3920 3028 3975 Porro
3056 3924 3150 3993 qui
3182 3923 3237 3977 in
3273 3925 3465 3981 eodem
3497 3926 3674 3982 hemi-

419 4000 657 4070 sphaerio
701 4001 832 4056 hinc
883 4000 955 4056 ad
1007 4001 1430 4072 septentriones,
1485 4003 1615 4060 inde
1671 4003 1739 4059 ad
1778 4006 2060 4062 meridiem
2110 3993 2379 4080 habitant,
2434 4012 2822 4072 antichthones
2877 4023 3181 4086 vocantur;
3235 4019 3330 4087 qui
3382 4026 3564 4076 autem
3617 4020 3675 4075 in

419 4096 652 4155 diversis
673 4096 1069 4168 bemisphmriis
1095 4113 1261 4169 supra
1277 4098 1529 4170 infraque
1543 4107 1769 4167 terram,
1788 4101 2076 4171 antipodes

458 4217 599 4287 Περὶ
621 4216 742 4273 τῶν
763 4219 834 4273 ἐν
863 4217 995 4286 ταῖς
1024 4219 1337 4288 εὐκράτως
1364 4218 1572 4288 ζώναις
1612 4222 1957 4277 οἰκούντων.

489 4330 556 4384 λ’.
586 4329 707 4385 Τῶν
739 4330 796 4384 δὲ
824 4331 885 4383 ὲν
908 4332 1032 4394 ταῖς
1062 4330 1215 4384 δυσὶν
1238 4331 1528 4403 εὐκράτοις
1557 4331 1765 4398 ζώναις
1783 4334 1995 4389 οἰκούν-

2311 4226 2391 4283 De
2419 4227 2503 4283 his
2531 4229 2622 4300 qui
2667 4235 2987 4300 temperatas
3025 4246 3185 4285 zonas
3216 4229 3475 4286 incolunt.

2170 4319 2260 4377 50.
2287 4321 2393 4390 Qui
2424 4324 2480 4379 in
2507 4326 2821 4394 temperatis
2848 4325 3062 4380 duabus
3094 4324 3357 4388 habitant,
3380 4323 3597 4392 horum,
3616 4333 3677 4379 ut

418 4439 547 4489 των,
571 4423 658 4478 ἵνα
685 4424 1016 4495 σαφέστερον
1047 4422 1332 4495 διέλωμεν,
1370 4426 1421 4478 οἰ
1450 4426 1551 4495 μέν
1577 4427 1682 4480 εἰσι
1710 4428 1997 4501 περίοικοι,

2110 4414 2432 4472 distinctius
2464 4417 2825 4487 explicemus,
2860 4416 2953 4470 alii
2997 4415 3221 4497 perimci
3248 4422 3549 4479 vocantur;
3581 4416 3675 4472 alii

420 4515 471 4567 οἰ
501 4513 558 4566 66
589 4514 848 4579 ἀντοικοι,
876 4515 926 4568 οἰ
954 4513 1012 4566 66
1041 4513 1367 4585 ἀντίχθονες,
1394 4517 1445 4569 οἰ
1466 4515 1525 4571 δὲ
1549 4517 1832 4582 ἀντίποδες
1854 4536 1868 4549 ·
1906 4537 2003 4572 πε-

423 4605 618 4677 ρίοικοι
648 4605 771 4677 μὲν,
804 4607 919 4661 ὅσοι
939 4605 1038 4678 τὴν
1075 4607 1244 4680 αὐτὴν
1270 4609 1484 4681 οἴκησιν
1507 4610 1775 4665 οἰκοῦσιν·
1811 4610 1923 4666 οἷον
1950 4614 2001 4665 οἰ

420 4698 523 4770 τὴν
559 4696 769 4769 βόρειον
798 4697 1079 4763 οἰκοῦντες
1116 4700 1386 4772 περίοικοι
1412 4704 1554 4756 εἰσιν
1585 4703 1865 4776 ἀλλήλοις·
1906 4704 2003 4760 καὶ

400 4787 584 4842 ῖπάλιν
609 4789 658 4841 οἰ
694 4787 794 4858 τὴν
824 4787 999 4842 νότιον
1028 4789 1297 4860 περίοικοί
1331 4794 1470 4846 εἰσιν
1503 4791 1786 4865 ἀλλήλοις·
1826 4792 2003 4847 ἀντοι-

412 4888 509 4934 Δκοι
530 4879 589 4933 66
612 4877 789 4955 οίοτὴν
810 4878 985 4932 νότιον
1009 4879 1283 4945 οἰκοῦντες
1303 4884 1417 4946 τοῖς
1432 4883 1530 4954 τὴν
1561 4883 1768 4954 βόρειον
1790 4883 2001 4937 οἰκοῦσι

424 4966 620 5039 ζώνην.
649 4970 761 5022 Καὶ
802 4970 1195 5041 ἀντοικουμένη
1235 4972 1384 5026 ἐστὶν
1410 4974 1444 5044 ἡ
1489 4972 1697 5042 βόρειος
1725 4975 1793 5044 τῇ
1821 4973 1999 5043 νοτίῳ,

428 5060 521 5114 καὶ
558 5063 592 5131 ἡ
618 5061 793 5124 νότιος
826 5062 892 5133 τῇ
927 5060 1125 5133 βορείῳ
1145 5078 1158 5091 ·
1190 5062 1503 5133 ἀντίχθονες
1543 5062 1600 5116 δὲ
1622 5064 1673 5117 οἰ
1712 5062 1854 5117 κατὰ
1890 5062 2004 5117 διά-

430 5168 628 5222 μετρον
655 5151 715 5206 ὲν
741 5154 864 5215 ταῖς
883 5151 1099 5221 ὁμοίαις
1127 5150 1325 5216 ζώναις
1352 5151 1627 5218 οἰκοῦντες
1647 5169 1662 5183 ·
1694 5148 1804 5208 οἷον
1846 5153 1908 5208 ὲν
1934 5155 2002 5225 τῇ

427 5242 622 5314 βορείῳ
644 5245 702 5296 ὲν
728 5243 807 5315 τῷ
849 5244 987 5317 ὑπὲρ
1014 5244 1118 5314 γῆς
1152 5244 1522 5316 ἡμισφαιρίῳ·
1565 5245 1766 5316 ὁμοίως
1813 5245 1871 5299 66
1909 5246 2003 5299 καί

423 5333 483 5387 ἐν
513 5332 592 5405 τῷ
622 5333 802 5405 νοτίῳ.
832 5335 1136 5400 Ἀντίποδες
1156 5337 1213 5390 δὲ
1242 5339 1289 5390 οἰ
1318 5336 1459 5390 κατά
1484 5337 1772 5409 διάμετρον
1790 5339 1849 5391 ὲν
1878 5340 2000 5401 ταῖς

424 5423 692 5487 ἐναντίαις
718 5424 916 5490 ζώναις
948 5427 1222 5491 οἰκοῦντες
1242 5443 1256 5458 ·
1293 5424 1405 5482 οἷον
1430 5428 1536 5482 τῶν
1575 5428 1713 5500 πρὸς
1738 5427 1817 5499 τῷ
1847 5430 1998 5501 Καρ-

423 5516 562 5590 κίνῳ
591 5513 884 5571 οἰκούντων
918 5518 1198 5585 ἀντίποδες
1226 5520 1364 5576 εἰσιν
1402 5521 1452 5575 οἱ
1482 5520 1620 5593 πρὸς
1660 5519 1738 5593 τῷ
1762 5521 1991 5590 Αἱγοκέ-

498 5702 546 5741 ⁸⁸
570 5703 698 5783 Ley.
724 5705 1051 5779 ἀντίχθονες.

2112 4508 2358 4575 antmci;
2396 4507 2489 4562 alii
2524 4508 2947 4575 antichthones;
2983 4508 3075 4562 alii
3104 4507 3409 4577 antipodes.
3442 4506 3678 4565 Perimci

2110 4607 2241 4655 sunt
2271 4600 2366 4671 qui
2391 4601 2641 4657 eamdem
2678 4600 3073 4656 habitationem
3110 4600 3377 4655 incolunt.
3426 4598 3676 4667 Exempli

2104 4711 2295 4763 causa,
2317 4696 2412 4768 qui
2445 4697 2720 4754 borealem
2755 4711 2948 4752 zonam
2980 4705 3269 4767 occupant,
3292 4696 3515 4765 perioeci
3549 4701 3682 4749 sunt

2105 4787 2361 4846 invicem.
2398 4788 2612 4843 Δηιοεοί
2643 4796 2774 4845 sunt
2802 4803 2954 4843 zonae
2983 4788 3239 4844 australis
3264 4788 3458 4842 incolae
3487 4787 3669 4842 borea~

2104 4878 2252 4935 libus
2296 4898 2309 4932 :
2373 4886 2566 4950 estque
2602 4874 2831 4934 australi
2876 4878 3124 4950 opposita
3181 4877 3418 4933 borealis
3456 4876 3674 4931 habita-

2108 4970 2221 5037 tio,
2257 4978 2313 5026 et
2360 4971 2621 5028 australis
2664 4971 2903 5027 boreali.
2952 4971 3064 5042 9o
3113 4969 3512 5025 Antichthones
3550 4977 3680 5023 sunt

2107 5062 2203 5131 qui
2230 5077 2300 5117 ex
2332 5061 2605 5118 diametro
2630 5062 2904 5120 similibus
2944 5064 2999 5118 in
3039 5063 3192 5118 zonis
3230 5063 3500 5126 habitant,
3528 5060 3680 5123 velut

2106 5154 2202 5224 qui
2244 5152 2302 5207 in
2343 5153 2550 5208 boreali
2589 5155 2891 5224 superioris
2938 5154 3307 5224 hemisphaerii
3350 5152 3577 5224 degunt,
3623 5160 3680 5206 et

2107 5245 2205 5316 qui
2254 5245 2310 5299 in
2368 5246 2623 5301 australi.
2676 5245 2979 5316 Antipodes
3012 5254 3141 5301 sunt
3180 5245 3272 5317 qui
3303 5246 3358 5300 in
3398 5244 3553 5299 zonis
3579 5257 3681 5313 op-

2112 5335 2310 5405 positis
2339 5350 2405 5391 ex
2461 5335 2731 5392 diametro
2774 5337 2865 5392 siti
2894 5344 3044 5393 sunt.
3106 5336 3186 5391 Ita
3219 5336 3311 5406 qui
3354 5334 3458 5390 sub
3485 5332 3680 5403 Capri-

2106 5444 2283 5485 corno
2320 5437 2613 5485 versantur
2633 5444 2821 5485 eorum
2853 5437 2983 5485 sunt
3010 5427 3315 5498 antipodes,
3342 5427 3438 5497 qui
3466 5425 3676 5479 Cancro

2107 5520 2413 5594 subjacent.
2454 5520 2622 5595 Igitur
2648 5521 2877 5596 periteci
2905 5531 3096 5578 nectes
3122 5534 3185 5575 ac
3216 5519 3354 5584 dies,
3383 5523 3440 5573 et
3465 5521 3670 5578 annua
