4132 6480
463 306 570 364 985

1481 311 1572 367 AD
1603 310 1872 369 EUSEBll
1903 310 2293 370 CHBONICON
2325 311 2686 370 APPENDIX.

3595 311 3702 370 884

467 432 824 496 tempestates
859 425 1064 484 habent
1093 425 1338 492 easdem.
1370 427 1585 484 Antmci
1611 429 1858 484 eamdem
1892 429 2032 485 invi-

2148 450 2298 503 ρωτι.
2321 434 2384 486 Οἱ
2427 433 2524 503 μὲν
2564 427 2657 486 οὗν
2704 429 2970 502 περίοικοι
3013 428 3111 500 τὴν
3154 427 3322 500 αὐτὴν
3361 425 3572 498 ἔχουσιν
3615 427 3704 482 ἀεὶ

464 533 585 572 cem
617 527 832 574 noctem
873 519 1100 588 habent,
1135 529 1190 576 et
1214 520 1360 576 diem
1394 540 1408 575 :
1442 522 1537 577 sed
1584 521 1800 579 diversa
1843 523 2032 578 solsti-

467 610 563 666 tia.
591 608 730 664 Nam
768 612 851 667 sol
889 611 947 666 in
974 611 1187 674 Cancro
1214 613 1428 682 positus
1465 621 1526 668 ut
1563 621 1808 669 aestatem
1847 615 2032 679 nobis,

467 702 560 774 qui
593 702 660 758 ad
703 703 1104 774 septentriones
1143 705 1492 772 accedimus;
1537 705 1618 760 sic
1669 706 1798 774 illis,
1837 707 1932 778 qui
1967 707 2034 762 ad

465 801 714 850 austrum
748 801 1007 866 vergunt,
1057 795 1212 851 aﬂ'ert
1249 797 1509 852 hiemem.
1563 795 1818 853 Vicissim
1851 811 2032 854 autem

466 885 536 939 ad
563 884 958 956 Capricornum
979 885 1193 942 delatus
1221 886 1384 942 nobis
1411 886 1648 942 hiemem
1675 891 2036 958 septentrioni

469 977 990 1048 prOpinquioribus;
1019 979 1088 1034 ad
1118 985 1372 1034 austrum
1404 995 1535 1036 vero
1565 980 1762 1050 positis
1791 989 2036 1038 aestatem

467 1069 650 1124 cllicit.
688 1068 924 1136 Rursus,
967 1085 1092 1126 cum
1135 1071 1248 1126 sint
1279 1071 1614 1142 aequinoctia
1653 1073 1786 1140 duo,
1816 1073 2038 1143 quando

465 1163 548 1216 sol
580 1160 820 1218 Arietem
854 1163 1052 1234 attigit,
1077 1163 1394 1220 borealibus
1417 1163 1582 1220 nobis
1609 1179 1842 1219 vernum
1867 1165 2038 1235 aequi-

464 1253 708 1308 noctium
741 1253 894 1320 facit,
929 1257 1160 1312 antmcis
1197 1257 1530 1314 autumnale.
1566 1258 1624 1312 lu
1653 1255 1818 1312 Libra
1846 1264 2038 1312 contra

463 1345 622 1399 nobis
667 1346 1014 1412 autumnale,
1071 1348 1306 1402 antmcis
1365 1361 1594 1402 vernum
1647 1345 2038 1415 aequinoctium

462 1436 624 1506 parit.
661 1433 792 1494 Post
830 1437 1242 1508 aequinoctium,
1279 1437 1428 1509 quod
1459 1437 1519 1492 ﬁt
1561 1436 1722 1492 nobis
1759 1436 1816 1490 in
1853 1437 2042 1491 Ariete

463 1541 718 1594 vernum,
753 1528 838 1584 sol
881 1527 1205 1596 ascendens,
1245 1528 1304 1584 in
1337 1529 1552 1585 Cancro
1611 1528 1772 1584 nobis
1795 1534 2042 1582 aestatem

463 1618 650 1684 edicit,
682 1628 952 1694 augetque
991 1621 1206 1682 dierum
1255 1623 1472 1692 spatia;
1507 1628 1774 1676 nocturna
1819 1625 2040 1676 contra-

463 1711 566 1765 hit.
599 1711 682 1766 Ab
725 1712 1031 1766 autumnali
1057 1713 1386 1782 aequinoctio
1427 1711 1606 1767 Librae
1635 1713 1704 1768 ad
1749 1711 2041 1782 Capricor-

466 1817 598 1859 num
673 1802 956 1867 delabens,
997 1802 1142 1873 apud
1190 1817 1292 1858 nos
1333 1801 1452 1857 dies
1503 1801 1800 1866 imminuit,
1852 1782 2114 1857 noctesB

465 1895 757 1966 producit;
780 1893 1012 1949 hiemem
1035 1893 1303 1962 all'erens;
1331 1892 1476 1965 apud
1505 1893 1630 1949 illos
1661 1900 1722 1948 ut
1747 1902 1908 1963 auget
1935 1892 2048 1948 die-

466 2002 592 2043 rum
643 1986 952 2052 intervalla,
1003 1987 1088 2042 sic
1142 1985 1212 2042 de
1252 1985 1544 2042 nocturnis
1577 1985 1838 2050 detrahit,
1876 1992 2044 2042 testa-

467 2086 684 2150 temque
727 2079 926 2135 reddit.
975 2078 1152 2149 Atque
1201 2086 1260 2134 ut
1299 2093 1410 2134 uno
1433 2080 1604 2134 verbo
1641 2077 1842 2144 dicam,
1883 2077 2043 2148 quid-

467 2169 602 2242 quid
634 2169 848 2225 Cancer
889 2169 1052 2224 nobis
1107 2167 1302 2234 eﬂicit,
1355 2167 1462 2224 hoc
1493 2167 1604 2222 illis
1635 2166 2042 2238 Capricornus;

468 2259 690 2332 etquod
713 2259 874 2315 nobis
897 2259 1293 2330 Capricornus,
1329 2257 1431 2313 hoc
1469 2258 1581 2312 illis
1623 2256 1835 2312 Cancer
1859 2274 1875 2324 ;
1899 2257 2046 2327 quod

468 2353 630 2410 nob’is
659 2351 838 2416 Aries.
885 2351 990 2408 hoc
1029 2351 1138 2407 illis
1171 2351 1336 2406 Libra
1367 2361 1460 2408 :et
1485 2367 1517 2407 e
1541 2351 1840 2406 contrario.
1889 2350 2046 2405 Anti-

469 2443 802 2499 chthonibus
827 2441 1102 2498 alternant
1128 2451 1318 2499 noctes
1349 2449 1404 2498 et
1431 2441 1568 2499 dies.
1593 2441 1729 2498 Nam
1749 2441 2048 2513 superiori-

470 2531 576 2586 bus
604 2545 798 2587 eorum
835 2539 960 2586 ortu
1009 2545 1112 2586 suo
1139 2530 1285 2586 diem
1327 2530 1410 2586 sol
1439 2531 1680 2586 infundit
1710 2552 1723 2587 :
1757 2531 2049 2588 inferiori-

469 2625 576 2682 bus
601 2631 840 2681 noctem.
870 2623 1084 2680 Rursus
1119 2624 1280 2680 nobis
1304 2625 1384 2685 sol
1413 2639 1618 2679 occasu
1647 2639 1749 2680 suo
1783 2631 2000 2680 noctem
2028 2642 2044 2692 ;

473 2718 578 2773 sub
603 2724 752 2773 terra
779 2715 1040 2780 conditis,
1071 2715 1218 2770 diem
1248 2714 1478 2770 oriendo
1506 2715 1771 2770 restituit.
1798 2714 2046 2770 Solstitia

471 2815 660 2862 tamen
685 2812 740 2860 et
770 2805 1102 2876 aequinoctia
1141 2804 1436 2875 utrobique
1471 2815 1601 2860 sunt
1633 2805 1822 2862 eadem
1851 2805 2048 2861 borea-

473 2896 618 2952 libus
665 2895 809 2952 inl'ra
859 2911 1130 2966 supraque
1167 2897 1386 2967 positis.
1447 2895 1730 2966 Ejusmodi
1773 2903 1900 2952 sunt
1951 2910 2050 2950 an-

474 2987 806 3044 tichthones.
837 2987 1141 3058 Antipodes
1178 2987 1460 3042 contraria
1479 2993 1536 3042 et
1571 2987 1826 3058 opposita
1861 2985 2047 3041 vident

471 3078 676 3136 ornnia.
717 3078 852 3134 Nam
890 3087 944 3136 et
980 3095 1108 3136 cum
1148 3079 1266 3135 dies
1301 3087 1387 3135 est
1423 3079 1603 3145 nobis,
1641 3093 1754 3132 nox
1793 3078 1904 3134 illis
1939 3087 2044 3145 est;

472 3186 527 3234 et
573 3191 700 3233 cum
755 3175 902 3248 apud
939 3176 1064 3232 illos
1113 3185 1280 3232 testas
1318 3184 1424 3238 est,
1490 3175 1546 3228 in
1579 3173 1716 3228 orbe
1749 3179 1940 3228 nostro
1987 3171 2048 3228 ﬁt

473 3269 672 3325 hiems.
701 3267 785 3324 Ad
819 3283 1090 3324 summam
1116 3281 1242 3322 cum
1281 3265 1542 3322 australis
1567 3278 1719 3320 zonae
1759 3265 2046 3320 contrariae

475 3361 674 3421 incolis
711 3360 886 3416 hiems
925 3366 1022 3414 aut
1052 3359 1170 3415 dies
1209 3357 1434 3424 accidit,
1471 3365 1606 3411 tunc
1631 3356 1700 3412 iis
1723 3356 1814 3426 qui
1854 3355 2050 3412 borea-

471 3453 582 3509 lem
635 3452 910 3519 incolunt,
948 3459 1114 3509 aestas
1164 3461 1220 3507 et
1271 3465 1386 3506 nox
1423 3448 1761 3522 supervenit.
1817 3447 1897 3503 lta
1934 3457 2048 3504 tam

473 3550 666 3600 noctes
701 3550 758 3600 et
793 3544 950 3610 dies,
991 3557 1156 3615 quam
1204 3543 1474 3608 solstitia,
1513 3540 1844 3612 aequinoctia
1889 3539 2048 3599 habi-

473 3639 819 3708 tationesque
855 3651 888 3692 e
923 3635 1200 3692 contrario
1237 3633 1439 3690 antueci
1477 3633 1748 3690 obtinent.

2135 524 2323 588 νύκτα,
2347 525 2440 578 καὶ
2460 523 2690 596 ήμέραν,
2707 523 2802 576 καὶ
2827 521 2926 585 τὰς
2953 521 3200 591 ἐτησίους
3228 519 3405 590 ὥρας’
3431 521 3480 572 οἰ
3505 519 3562 572 δὲ
3580 519 3705 575 ἄντ-

2143 631 2290 668 οικοι
2325 614 2424 686 τὴν
2475 615 2574 685 μὲν
2611 612 2778 683 αὐτὴν
2829 611 3040 682 ἔχουσιν
3077 609 3323 680 ἀλλήλοις
3371 609 3581 681 ἡμέραν
3613 611 3708 663 καὶ

2142 708 2332 774 νύκτα,
2371 707 2431 760 οὐ
2465 705 2565 770 τὰς
2611 704 2780 767 αὐτὰς
2807 704 2866 758 δὲ
2908 703 3134 775 τροπάς.
3183 703 3270 756 Ἐν
3309 702 3568 774 Καρκίνῳ
3597 703 3710 773 γὰρ

2139 801 2436 870 γενόμενος
2459 801 2488 852 ὁ
2509 798 2662 868 ἥλιος
2689 797 2822 868 ἡμῖν
2848 797 2945 868 μὲν
2979 795 3157 867 θέρος,
3191 793 3546 866 βορειοτέροις
3566 788 3714 860 οὖσι,

2141 894 2304 956 ποιεῖ,
2323 893 2438 954 τοῖς
2463 889 2522 942 δὲ
2539 889 2894 960 νοτιωτέροις,
2909 887 3170 958 χειμῶνα.
3194 887 3362 940 Ὅταν
3387 885 3444 940 δὲ
3467 889 3526 939 ὲν
3553 887 3728 955 Αίγοου

2143 981 2344 1052 κέρωτι
2373 980 2618 1052 γένηται,
2642 981 2772 1050 ἡμῖν
2799 981 2896 1050 μὲν
2925 977 3166 1049 χειμῶνα
3190 977 3544 1050 βορειοτέροις
3569 976 3710 1042 οὖσι,

2137 1079 2248 1140 τοῖς
2282 1075 2468 1146 δὲτὴν
2509 1074 2685 1128 νότιον
2727 1075 2936 1127 οἰκοῦσι
2981 1072 3157 1144 ζώνην
3205 1071 3362 1144 θέρος
3391 1075 3555 1128 ποιεί.
3601 1073 3713 1126 Καὶ

2139 1167 2304 1220 πάλιν
2329 1167 2438 1221 τῶν
2473 1165 2774 1238 ἰσημεριῶν
2802 1163 2894 1218 δύο
2921 1164 3116 1230 οὐσῶν,
3155 1167 3212 1218 ἐν
3254 1163 3351 1234 μὲν
3379 1163 3536 1234 Κριῷ
3563 1165 3716 1236 ἥλιος

2140 1260 2431 1330 γενόμενος
2459 1260 2592 1330 ἡμῖν
2637 1258 2734 1329 μὲν
2769 1256 3011 1328 ἐαρινὴν,
3045 1259 3158 1320 τοῖς
3195 1255 3293 1327 τὴν
3335 1255 3572 1328 βόρειον,
3601 1259 3716 1322 τοῖς

2139 1352 2196 1406 δὲ
2243 1351 2512 1414 ἀντοίκοις
2557 1348 2932 1421 μετοπωρινὴν
2976 1347 3264 1420 ἰσημερίαν
3299 1351 3458 1402 ποιεῖ.
3485 1347 3626 1402 Ἐὰν
3657 1347 3716 1402 δὲ

2141 1445 2200 1496 ὲν
2225 1441 2435 1514 Χηλαῖς
2461 1442 2722 1512 γένηται,
2755 1443 2886 1512 ἡμῖν
2929 1441 3027 1510 μὲν
3077 1440 3480 1511 μετοπωρινὴν,
3507 1443 3622 1504 τοῖς
3656 1439 3718 1494 δὲ

2141 1533 2412 1596 ἀντοίκοις
2447 1531 2668 1603 ἐαρινὴν
2709 1531 3001 1603 ἰσημερίαν
3033 1533 3196 1584 ποιεῖ.
3231 1531 3364 1584 Ἀπὸ
3398 1531 3454 1584 δὲ
3491 1531 3590 1603 τῆς
3619 1531 3713 1584 τοῦ

2145 1622 2323 1696 Κριοῦ
2349 1623 2638 1694 ἰσημερίας
2658 1623 2756 1692 τῆς
2796 1625 2926 1694 παρ’
2953 1623 3083 1693 ἡμῖν
3108 1623 3328 1695 ἐαρινῆς
3351 1624 3378 1675 ὁ
3406 1623 3556 1694 ἥλιος
3587 1624 3720 1676 ἀνα-

2143 1717 2343 1770 ϐαίνων
2368 1719 2430 1770 ὲν
2467 1716 2728 1788 Καρκίνῳ
2751 1715 2924 1792 ,θέρος
2954 1715 3054 1786 μὲν
3081 1718 3212 1787 ἡμῖν
3247 1719 3409 1780 ποιεῖ,
3441 1717 3536 1769 atat
3566 1714 3720 1780 αὔξει

2143 1807 2242 1870 τὰς
2271 1806 2502 1878 ἡμέρας,
2539 1805 2641 1869 τὰς
2671 1805 2728 1860 δὲ
2755 1805 2952 1869 νύκτας
2981 1805 3237 1869 ἐλάττους
3259 1809 3402 1859 ποιεῖ
3425 1806 3468 1837 ¹⁵
3489 1822 3502 1836 ο
3533 1805 3640 1858 ἀπὸ
3662 1805 3720 1859 δὲ

2143 1897 2242 1968 τῆς
2267 1897 2324 1948 έν
2353 1895 2559 1966 Χηλαίς
2597 1895 2888 1967 ἰσημερίας
2913 1895 3006 1948 ἐπὶ
3043 1895 3134 1948 τὸν
3159 1895 3510 1968 Αἰγοκέρωτα
3549 1909 3719 1948 κατα-

2145 1987 2363 2054 ϐαίνων,
2397 1989 2526 2059 παρ’
2570 1988 2702 2058 ἡμῖν
2759 1985 2856 2057 μὲν
2897 1987 3038 2058 μειοῖ
3075 1987 3174 2051 τὰς
3201 1988 3449 2058 ἡμέρας,
3483 1987 3577 2039 καὶ
3623 1985 3722 2049 τὰς

2145 2081 2346 2145 νύκτας
2370 2079 2544 2148 αὔξει,
2565 2079 2814 2152 χειμῶνα
2837 2079 3282 2152 ἀπεργαζόμενος
3301 2097 3314 2112 ·
3343 2081 3472 2152 παρ’
3493 2079 3724 2142 ἐκείνοις

2143 2173 2202 2227 δὲ
2227 2172 2381 2240 αὕξει
2417 2171 2517 2242 τὴν
2555 2173 2796 2244 ἡμέραν,
2831 2171 2926 2225 καὶ
2971 2171 3070 2243 τὴν
3099 2171 3272 2226 νύκτα
3311 2171 3534 2242 μοιεῖίθ,
3565 2169 3724 2240 θέρος

2145 2265 2335 2320 ποιῶν.
2367 2265 2616 2320 Καθόλου
2665 2264 2724 2317 δὲ
2757 2265 2966 2330 εἰπεῖν,
2996 2263 3025 2317 ὃ
3061 2263 3196 2334 ἡμῖν
3236 2265 3380 2316 ποιεῖ
3427 2262 3721 2334 Καρκίνος,

2145 2354 2292 2409 τοῦτ’
2341 2353 2570 2418 ἐκείνοις
2610 2354 2952 2425 Αίγόκερωςο
3017 2353 3048 2407 δ
3085 2353 3132 2406 δ’
3175 2355 3308 2423 ἡμῖν
3368 2351 3722 2422 Δίγόκερως,

2145 2445 2290 2500 τοῦτ’
2311 2446 2540 2509 ἐκείνοις
2556 2445 2832 2516 Καρκίνος
2851 2461 2864 2474 ·
2901 2445 2930 2498 ὃ
2953 2444 2998 2497 δ’
3025 2445 3162 2516 ἡμῖν
3191 2439 3379 2516 Κριὸς,
3409 2443 3550 2498 τοῦτ’
3577 2444 3726 2497 ὲκεί-

2146 2553 2260 2599 νοις
2293 2534 2474 2607 Χηλαί
2494 2551 2508 2565 ⁸
2544 2534 2726 2588 καὶτὸ
2765 2534 3054 2588 ἀνάπαλιν.
3087 2534 3152 2588 Οί
3198 2534 3256 2588 δὲ
3283 2533 3593 2604 ἀντίχθονες
3627 2533 3726 2598 τὰς

2147 2627 2350 2690 νύκτας
2383 2625 2604 2689 καὶτὰς
2623 2625 2732 2697 ήμέ
2743 2643 2840 2698 ρας
2873 2625 3338 2696 παρηλλαγμένας
3366 2625 3568 2696 ἔχουσι.
3601 2625 3728 2688 Τοῖς

2145 2717 2254 2790 γὰρ
2282 2717 2423 2788 ὑπὲρ
2449 2717 2556 2786 γῆς
2589 2717 2898 2787 ἀντίχθοσιν
2943 2715 3252 2771 ἀνατέλλων
3278 2715 3308 2768 ὁ
3338 2715 3488 2787 ἥλιος
3515 2715 3728 2786 ἡμέραν

2148 2812 2314 2876 ποιεῖ,
2343 2812 2456 2873 τοῖς
2481 2809 2538 2861 δὲ
2577 2807 2684 2861 ὑπὸ
2715 2808 2821 2879 γῆν
2851 2807 3043 2863 νύκτα.
3073 2807 3188 2862 Καὶ
3223 2806 3386 2862 πάλιν
3427 2805 3560 2877 παρ’
3593 2807 3728 2876 ἡμῖν

2145 2899 2319 2954 δύνων
2347 2901 2376 2952 ὁ
2399 2899 2550 2978 ᾕλιος
2587 2897 2756 2952 νύκτα
2787 2900 2962 2951 ποιεῖ·
2995 2895 3146 2969 παρὰ
3175 2895 3233 2950 δὲ
3267 2899 3382 2960 τοῖς
3413 2897 3566 2950 κάτω
3599 2895 3731 2958 dwa-

2145 2991 2320 3044 τέλλει
2361 2991 2573 3062 ἡμέραν
2603 2990 2794 3046 ποιῶν.
2833 2989 3051 3062 Τροπὰς
3082 2989 3264 3060 μέντοι
3295 2989 3392 3042 καὶ
3439 2987 3730 3059 ἰσημερίας

2147 3081 2246 3147 τὰς
2279 3083 2452 3146 αὐτὰς
2475 3081 2688 3152 ἔχουσιν
2711 3081 2760 3134 οἰ
2793 3080 2905 3134 ἄνω
2937 3079 3136 3152 βόρειοι
3159 3081 3272 3144 τοῖς
3291 3078 3440 3133 κάτω
3465 3079 3692 3149 βορείοις
3711 3091 3728 3107 ⁸

2155 3174 2431 3228 τουτέστιν
2463 3175 2512 3228 οἰ
2541 3172 2872 3244 ἀντίχθονες.
2893 3174 2958 3226 Οί
2983 3173 3041 3226 δὲ
3069 3171 3354 3236 ἀντίποδες
3381 3171 3560 3225 πάντα
3579 3171 3732 3223 ὲναν-

2154 3266 2247 3320 τία
2284 3265 2380 3320 καί
2417 3263 2700 3336 μαχόμενα
2739 3263 2988 3335 ἔχουσιν·
3023 3265 3113 3318 ὅτε
3149 3264 3249 3335 μὲν
3277 3263 3386 3334 γὰρ
3420 3261 3558 3334 πρὸς
3583 3261 3732 3332 ἡμᾶς

2152 3355 2249 3422 νύξ
2269 3358 2407 3422 ἐστι,
2439 3357 2572 3426 παρ’
2595 3353 2825 3418 ἐκείνοις
2855 3353 3038 3426 ἡμέρα
3059 3369 3074 3386 ·
3111 3357 3208 3407 καὶ
3235 3352 3324 3407 ὅτε
3352 3353 3482 3423 παρ’
3505 3351 3732 3414 ἐκείνοις

2153 3449 2332 3521 θέρος,
2363 3451 2422 3502 ὲν
2445 3450 2514 3520 τῇ
2551 3447 2672 3503 καθ’
2703 3450 2850 3520 ἡμᾶς
2878 3447 3174 3520 οἰκουμένῃ
3203 3445 3430 3518 χειμών.
3449 3445 3562 3498 Καὶ
3594 3442 3730 3496 καθ-

2148 3541 2269 3596 όλου
2301 3543 2392 3596 ὅτε
2435 3541 2494 3593 ὲν
2518 3541 2634 3604 τοῖς
2653 3541 2813 3611 νοτίῳ
2849 3537 2994 3611 ζώνῃ
3021 3537 3330 3594 ἀντοικοῠσι
3368 3535 3730 3608 χειμὼνςὲστι

2151 3637 2248 3692 καὶ
2295 3635 2511 3708 ἡμέρα,
2561 3635 2686 3687 τότε
2719 3637 2834 3696 τοῖς
2877 3635 2937 3686 ὲν
2981 3635 3049 3704 τῇ
3093 3632 3286 3704 βορείῳ
3323 3629 3531 3685 οἰκοῦσι
3575 3627 3734 3699 θέρος

473 3731 592 3784 ἐστὶ
616 3730 712 3784 καὶ
737 3729 855 3795 νύξ.
886 3729 1053 3785 Ὥστε
1089 3730 1184 3784 καὶ
1228 3727 1431 3794 νύκτας
1467 3727 1549 3798 δὲ,
1588 3727 1684 3784 καὶ
1729 3728 1964 3804 ἡμέρας,
2019 3730 2114 3785 καὶ
2158 3729 2398 3803 τροπὰς,
2448 3731 2542 3784 καί.
2587 3729 2908 3802 ἰσημερίας,
2952 3729 3049 3782 καί
3101 3729 3344 3800 οἰκήσεις
3392 3723 3636 3787 ἐναντίας
3682 3724 3732 3776 οἱ

475 3825 715 3880 ἄντοικοι
735 3825 973 3896 ἔχουσιν.

477 3935 554 3996 De
579 3937 891 4012 umbrarum
925 3939 1247 4012 differentia,
1281 3955 1400 4012 qum
1435 3942 1501 4012 in?
1516 3939 1930 4012 habitationibus
1958 3957 2049 3995 ua-

602 4009 700 4064 riis
739 4009 1006 4078 incidunt,
1031 4019 1082 4066 et
1122 4009 1440 4082 quibusnam
1467 4011 1660 4082 degant
1687 4011 1744 4065 in
1775 4011 1926 4066 locis.

549 4125 640 4182 3i.
679 4124 740 4180 in
777 4125 1174 4182 habitationum
1206 4125 1525 4182 discrimine
1551 4123 1772 4195 quidam
1797 4123 2056 4181 dicuntur

478 4217 641 4283 ascii,
673 4217 766 4272 alii
787 4217 1119 4289 braehyscii,
1140 4217 1232 4272 alii
1261 4215 1574 4282 macroscii,
1599 4215 1820 4288 quidam
1847 4217 2058 4274 hetero-

477 4307 602 4374 scii,
635 4308 730 4364 alii
767 4309 1006 4375 antiscii,
1037 4309 1133 4363 alii
1156 4308 1466 4380 amphiscii.
1540 4307 1688 4364 Ascii
1722 4319 1871 4377 sunt,
1903 4326 2051 4382 quo-

2157 3937 2298 4009 Περὶ
2333 3933 2623 4009 διαφορᾶς
2657 3931 2776 4009 τῶν
2803 3935 2873 3988 ἐν
2901 3934 3030 4009 ταῖς
3057 3932 3336 4009 οἰκήσεσι
3381 3931 3594 4000 σκιῶν,
3613 3933 3732 3987 ’καί

2463 4007 2616 4060 κατὰ
2641 4007 2852 4071 ποίους
2875 4005 3101 4070 τόπους
3132 4004 3424 4058 οἰκοῦσιν.

2221 4119 2325 4177 λα’.
2360 4117 2482 4173 Τῶν
2510 4117 2567 4171 δὲ
2600 4117 2659 4172 έν
2691 4117 2812 4181 ταῖς
2839 4117 3119 4188 οἰκήσεσιν
3144 4117 3193 4169 οἰ
3223 4113 3322 4186 μέν
3351 4117 3490 4168 εἰσιν
3525 4115 3726 4180 ἄσκιοι,

2153 4213 2204 4267 ei
2223 4212 2282 4265 δὲ
2311 4209 2656 4284 βραχύσκιοι,
2683 4211 2733 4263 οἱ
2757 4209 2814 4262 δὲ
2851 4208 3199 4280 μακρόσκιοι,
3223 4209 3272 4260 οί
3307 4207 3364 4260 δὲ
3399 4207 3732 4278 ὲτερόσκιοι·

2153 4307 2200 4358 οἰ
2255 4305 2314 4358 δὲ
2343 4303 2621 4358 αὐτόσκιοι
2653 4301 2719 4368 ίτ,
2757 4303 2807 4355 oi
2841 4301 2900 4356 δὲ
2929 4301 3240 4371 ἁμφίσκιοι.
3288 4301 3502 4356 Ἀσκιοι
3551 4299 3650 4370 μὲν
3681 4302 3742 4352 οἱ-

476 4415 601 4456 rum
623 4401 884 4457 verticem
917 4400 1000 4456 sol
1037 4401 1266 4456 incubat
1290 4399 1428 4456 hora
1466 4399 1574 4456 diei
1601 4409 1778 4457 sexta.
1805 4399 1877 4456 Ut
1904 4403 2046 4458 enim

2158 4397 2303 4451 κατὰ
2331 4395 2578 4468 κορυφὴν
2617 4394 2736 4468 ὥρᾳ
2775 4393 2910 4465 ἕκτῃ
2943 4393 3037 4445 τὸν
3077 4392 3228 4463 ἥλιον
3257 4392 3490 4460 ἔχοντες.
3521 4391 3734 4464 Ὥσπερ

478 4493 528 4548 si
557 4491 682 4564 quis
709 4506 1003 4548 accensum
1027 4500 1232 4548 torrem
1258 4499 1468 4547 rectum
1499 4499 1726 4560 statuat,
1752 4491 1872 4564 ejus
1891 4493 2048 4548 nulla

477 4583 737 4640 reddetur
759 4584 984 4652 umbra;
1009 4583 1090 4640 sic
1111 4583 1318 4638 nullam
1344 4582 1546 4639 habent
1566 4582 1628 4650 ii,
1655 4599 1891 4654 quorum
1923 4597 2052 4640 ver-

475 4677 569 4734 tici
593 4675 834 4733 medium
861 4677 1063 4732 cmlum
1103 4685 1294 4733 tenens
1325 4675 1406 4732 sol
1435 4676 1703 4734 imminet.
1736 4675 1897 4733 Tales
1922 4685 2052 4733 sunt

477 4769 574 4840 qui
603 4765 709 4828 sub
751 4769 1122 4840 aequinoctiali
1155 4769 1380 4842 degunt,
1404 4769 1501 4842 qui
1540 4771 1657 4828 sole
1685 4771 1930 4827 Arietem
1963 4770 2052 4827 vel

477 4861 701 4922 Libram
722 4862 1005 4920 obtinente
1025 4862 1196 4920 solem
1230 4878 1398 4934 supra
1435 4874 1602 4935 caput
1628 4863 1922 4935 aspiciunt.
1949 4861 2053 4918 Fe-

475 4962 607 5010 runt
651 4952 796 5025 apud
835 4953 1050 5028 Syenen
1091 4962 1146 5012 et
1181 4954 1582 5028 Elephantinen
1634 4953 1888 5010 umbram
1928 4967 2052 5011 esse

477 5045 684 5102 nullam
711 5046 844 5102 hora
880 5047 986 5104 diei
1012 5055 1188 5113 sexta,
1220 5061 1346 5102 cum
1375 5047 1436 5104 in
1465 5046 1680 5104 Cancro
1707 5049 1792 5104 sol
1823 5046 2050 5104 residet.

478 5135 816 5210 Brachyscii,
863 5135 920 5194 id
969 5146 1056 5194 est
1091 5156 1110 5190 ‹
1149 5138 1332 5196 brevis
1371 5139 1598 5206 umbrae,
1639 5159 1659 5193 ›
1695 5149 1826 5197 sunt
1863 5155 1896 5194 a
1927 5141 2053 5212 qui-

477 5227 584 5284 bus
613 5243 808 5299 parum
837 5230 920 5286 sol
952 5229 1158 5296 distat;
1213 5230 1530 5300 macroscii,
1575 5250 1594 5283 ι
1635 5231 1900 5304 longioris
1933 5247 2053 5288 um-

477 5315 613 5384 brae,
653 5335 674 5372 ι
708 5327 840 5374 sunt
865 5318 960 5390 qui
997 5333 1030 5374 a
1055 5319 1171 5374 sole
1205 5319 1422 5393 longius
1463 5321 1700 5390 distant;
1735 5321 2050 5387 heteroscii,

479 5410 532 5466 id
559 5421 648 5468 est
687 5431 707 5465 ι
736 5427 847 5468 uno
880 5413 1050 5470 latere
1071 5413 1323 5470 umbram
1349 5413 1640 5484 iacientes,
1672 5433 1690 5466 ι
1719 5415 1756 5470 ii
1773 5423 1922 5484 sunt,
1956 5413 2051 5484 qui

479 5499 538 5560 in
569 5513 759 5562 nostro
797 5504 931 5563 orbe
959 5513 1266 5563 versantur.
1329 5503 1468 5560 Nam
1508 5505 1575 5560 ad
1633 5506 1866 5560 alterum
1906 5505 2050 5561 latus

2155 4487 2287 4560 γὰρ,
2314 4489 2367 4542 εἴ
2391 4505 2476 4551 τις
2507 4487 2664 4541 δαλὸν
2707 4485 2919 4558 ἀνάψας
2943 4483 3102 4556 ὀρθὸν
3139 4485 3378 4551 στήσειε,
3418 4483 3606 4537 τούτου
3633 4484 3733 4538 οὐκ

2154 4580 2222 4635 ἂν
2246 4581 2458 4650 γένοιτο
2487 4580 2616 4634 σκιά
2632 4595 2645 4608 ·
2679 4578 2854 4642 οὕτως
2877 4577 2998 4631 οὐδὲ
3016 4576 3125 4632 τῶν
3146 4576 3286 4649 ὑπὲρ
3313 4575 3556 4650 κορυφῆς
3579 4575 3732 4646 ὲχὸν-

2154 4689 2265 4728 των
2297 4673 2390 4728 τὸν
2440 4671 2595 4742 ἥλιον
2649 4667 3086 4741 μεσουρανοῦντα
3125 4668 3339 4738 γένοιτο
3381 4668 3467 4722 ἄν.
3507 4667 3632 4720 Εἰσὶ⁴
3674 4667 3734 4720 δὲ

2155 4755 2302 4820 οὗτοι
2343 4761 2511 4818 οί’τὸν
2539 4761 2852 4836 ἰσημερινὸν
2871 4759 3146 4826 οίκοῦντες
3166 4777 3180 4792 ο
3204 4756 3368 4826 οὗτοι,
3401 4757 3552 4831 ἡλίου
3581 4775 3736 4826 γενο-

2165 4857 2351 4932 μένου,
2377 4859 2436 4910 ὲν
2468 4855 2627 4928 Κριῷ
2673 4855 2709 4926 ἦ
2761 4857 2818 4910 ὲν
2857 4854 3094 4926 Χηλαῖς,
3123 4855 3244 4909 τότε
3294 4851 3436 4908 κατὰ
3487 4837 3734 4922 κορυφῆς

2160 4949 2344 5022 έχουσι
2363 4947 2455 5003 τὸν
2487 4947 2656 5020 ήλιον.
2687 4945 2826 5000 Φασὶ
2846 4943 2904 5000 δὲ
2937 4947 2995 4998 ὲν
3031 4947 3212 5016 Συήνῃ
3252 4944 3346 4998 καὶ
3385 4941 3732 5012 Ἐλεφαντίνῃ

2159 5041 2385 5106 ἀσκίους
2429 5039 2704 5111 γίνεσθαι,
2745 5039 2836 5092 ὅτε
2880 5039 2909 5092 ὀ
2937 5036 3088 5108 ἥλιος
3129 5036 3340 5105 γίνεται
3379 5035 3436 5088 ὲν
3469 5033 3733 5106 Καρκίνῳ

2159 5135 2288 5206 περὶ
2320 5131 2471 5204 ὥραν
2503 5131 2690 5203 ἕκτην.
2723 5129 3054 5202 Βραχύσκιοι
3077 5128 3134 5181 δὲ
3165 5127 3215 5180 οἰ
3243 5127 3332 5180 τὸν
3367 5125 3518 5198 ἣλιον
3555 5124 3732 5194 ὀλίγον

2159 5225 2450 5297 ἀφεστῶτα
2493 5223 2743 5294 ἔχοντεςο
2786 5221 3112 5294 μακρόσκιοι
3153 5217 3212 5274 δὲ
3260 5221 3311 5274 οἱ
3347 5218 3538 5291 πόρρω
3569 5217 3732 5272 αὐτὸν

2159 5318 2404 5390 ἔχοντες·
2455 5317 2756 5388 ὲτερόσκιοι
2805 5313 2864 5368 δὲ
2911 5315 2964 5368 οἱ
3011 5313 3070 5368 ἐν
3121 5312 3294 5384 ταύτῃ
3323 5313 3388 5384 τῇ
3438 5309 3733 5383 οἰκουμένῃ

2159 5411 2453 5476 οἰκοῦντες,
2497 5409 2689 5480 ἐπειδὴ
2715 5409 2808 5462 ἐπὶ
2845 5407 2906 5462 τὸ
2925 5407 3112 5478 ἕτερον
3148 5405 3315 5477 μέρος
3349 5405 3378 5476 ἡ
3409 5403 3539 5458 σκιὰ
3571 5401 3732 5474 ήμῶν

2159 5504 2452 5576 τρέπεται·
2485 5501 2628 5571 λέγω
2653 5501 2710 5555 δὲ
2744 5503 2801 5556 ὲν
2838 5499 2985 5572 δεξιᾷ
3015 5500 3108 5553 ἐπὶ
3145 5497 3206 5553 τὸ
3240 5497 3468 5569 βόρειον.
3502 5495 3736 5566 Ὀμοίὼς

561 5683 606 5717 ¹¹
626 5684 778 5741 Deest
809 5685 1056 5758 opposita
1089 5702 1217 5760 pars
1249 5687 1555 5746 divisionis.
1637 5689 1678 5720 "
1708 5685 1832 5759 Leg.
1869 5689 2034 5760 μειοῖ.

2148 5687 2154 5712 "
2187 5683 2309 5741 Cor.
2341 5683 2626 5738 ἀντίσκιοι.
