4132 6440
345 362 453 420 985
1089 345 1412 405 ACHILLIS
1449 345 1638 401 TATll
1665 341 1954 400 [SAGOGE

2058 344 2092 396 D
2124 340 2333 397 ARATI
2373 336 2845 394 ΡΗᾸΞΝΟΜΕΝΑ.
3501 334 3606 392 986

347 471 405 527 δὲ
434 470 529 526 καὶ
557 471 607 524 οι
647 469 884 524 ἀντοικοι
914 461 1216 535 ὲτερὸσκιοί
1254 464 1393 514 εἰσιν
1412 474 1426 488 ·
1457 457 1644 530 ἐπειδὴ
1680 459 1776 511 καὶ
1807 457 1930 512 τού-

2058 458 2224 512 unbra
2257 462 2446 510 nostra
2493 450 2780 523 projicitur
2806 448 3112 504 :-videlieet
3135 446 3387 502 dextrum
3424 453 3479 500 et
3514 446 3608 500 bo-

350 578 459 616 των
491 561 526 632 ἡ
566 560 693 612 σκιὰ
740 556 834 609 ἐπὶ
872 554 934 608 τὸ
976 552 1265 624 ἀριστερὸν
1304 551 1470 622 μέρος
1509 550 1573 603 τὸ
1614 547 1929 622 νοτιώτερον

2058 564 2206 604 eum.
2246 546 2337 601 Sic
2365 544 2562 599 antozci
2609 541 2898 598 heteroscii
2939 548 3115 607 sunt,
3167 539 3367 610 quippe
3390 537 3606 593 illorum

351 652 633 726 τρέπεται.
666 648 955 705 Ἀντίσκιοι
996 645 1054 698 δὲ
1102 646 1150 699 οἱ
1195 645 1251 696 ἐν
1284 641 1361 713 τῷ
1402 640 1597 715 βορείῳ
1634 641 1709 673 ¹⁸ο
1743 641 1929 713 ἐπειδὴ

353 742 602 806 ἐναντίας
628 739 728 804 τὰς
755 737 912 802 σκιάς
940 736 1151 808 ἔχουσιν
1172 752 1186 766 ·
1209 737 1257 788 οἱ
1275 735 1391 806 ’μὲν
1420 735 1500 798 είς
1519 734 1586 788 τὰ
1612 733 1762 798 δεξιά
1791 734 1930 806 μέρη

354 833 556 901 αὐτῶν,
597 834 644 886 οἱ
681 832 738 886 δὲ
771 832 853 895 είς
902 828 972 882 τά
1013 829 1303 900 ἀριστερὰ,
1335 826 1423 880 διὰ
1474 825 1537 879 τὸ
1588 827 1752 897 μέσον
1794 822 1934 879 εἶναι

355 923 538 979 αὐτῶν
566 924 658 977 τὸν
686 922 856 994 ἥλιον.
891 919 1202 990 Ἀμφίσκιοι
1231 918 1289 971 δὲ
1334 917 1573 986 γίνονται
1613 917 1663 970 οί
1707 917 1806 988 μὲν
1843 917 1934 971 τὸν

361 1014 674 1087 ἰσημερινὸν
707 1013 904 1066 κύκλον
932 1010 1228 1072 οἰκοῦντες.
1253 1010 1315 1062 Οἱ
1345 1008 1402 1062 δὲ
1435 1007 1588 1061 αύτοὶ
1612 1007 1706 1061 καὶ
1732 1007 1931 1061 ἄσκιοι.

359 1105 488 1158 Ὀτε
520 1105 618 1174 μὲν
643 1102 752 1173 γὰρ
779 1102 919 1174 ὑπὲρ
950 1099 1195 1172 κορυφῆς
1224 1097 1404 1152 αὐτῶν
1426 1099 1574 1151 ἐστιν
1613 1100 1640 1151 ὁ
1667 1097 1835 1168 ἣλιος,
1860 1097 1936 1160 ὡς

358 1195 605 1265 εἴπομεν,
637 1193 818 1248 ἀσκιοί
862 1195 1026 1246 εἰσιν·
1069 1193 1158 1245 ὅτε
1185 1191 1242 1244 δὲ
1288 1189 1584 1258 ἀφίσταται
1613 1188 1791 1242 αὐτῶν
1830 1187 1937 1241 ἀπὸ

359 1285 531 1357 Κριοῦ
561 1287 639 1349 εἰς
659 1283 868 1356 Ταῦρον
896 1283 990 1336 καὶ
1006 1281 1074 1336 τὰ
1095 1280 1222 1350 ἑξῆς
1247 1279 1433 1346 ζὼδια,
1449 1279 1549 1350 τὴν
1578 1279 1747 1348 αὐτὴν
1777 1276 1936 1331 σκιὰν

359 1373 572 1443 ἔχουσιν
599 1373 692 1426 ἐπὶ
723 1372 794 1426 τὰ
824 1370 1078 1442 εὐώνυμα
1105 1369 1277 1442 μέρη’
1310 1369 1398 1421 ὅτε
1424 1368 1479 1421 δὲ
1507 1367 1614 1420 ἀπὸ
1650 1367 1939 1438 ἰσημερίας

360 1465 460 1535 τῆς
485 1466 542 1518 ὲν
570 1463 778 1536 Χηλαῖς
817 1465 846 1516 ὁ
879 1462 1032 1533 ἥλιος
1058 1462 1282 1532 γένηται
1325 1461 1383 1512 έν
1423 1459 1678 1530 Σκορπίῳ
1709 1458 1801 1511 καὶ
1829 1460 1940 1522 τοῖς

362 1545 491 1620 ἑξῆς
534 1550 766 1616 ζωδίοις,
797 1549 920 1602 τότε
951 1551 985 1620 ἡ
1032 1546 1161 1601 σκιά
1190 1545 1370 1599 αὐτῶν
1399 1545 1493 1598 ἐπὶ
1525 1543 1594 1596 τά
1621 1542 1770 1606 δεξιά
1800 1543 1940 1613 μέρη

362 1641 726 1713 ἐκπέμπεται.
767 1641 927 1694 Ὥστε
972 1637 1287 1709 συμϐαίνειν
1326 1637 1452 1698 τοὺς
1491 1634 1618 1705 τῇδε
1660 1632 1941 1696 οἰκοῦντας

363 1736 494 1789 ποτὲ
529 1735 626 1806 μὲν
654 1733 877 1796 ἀσκίους
908 1731 1177 1800 γίνεσθαι,
1212 1729 1363 1794 ὅταν,
1396 1730 1459 1781 έν
1486 1726 1694 1797 Χηλαῖς
1718 1726 1754 1797 ἢ
1786 1724 1942 1797 Κριῷ

2033 641 2230 696 umbra
2263 638 2553 692 sinistrum
2575 635 2640 690 ad
2665 635 2810 688 latus
2833 640 2887 689 et
2916 632 3159 687 australe
3197 631 3468 700 dirigitur.
3498 630 3609 683 An—

2033 732 2176 788 tiseii
2201 729 2513 785 borealibus
2537 737 2666 782 sunt
2698 725 2989 788 australes,
3018 724 3145 794 quia
3185 726 3492 778 contrarias
3516 721 3613 776 ha-

2033 824 2164 879 bent
2206 819 2474 886 umbras;
2517 818 2597 871 illi
2637 817 2899 871 dcxtrum
2952 815 3020 870 ad
3069 815 3235 878 latus,
3275 814 3331 868 hi
3366 814 3429 867 ad
3473 813 3612 868 sini-

2035 924 2232 977 strum,
2277 911 2534 981 quoniam
2583 907 2798 962 medius
2837 907 2918 961 sol
2969 906 3236 960 ambobus
3289 905 3614 974 interiectus

2035 1014 2138 1060 est.
2201 1001 2534 1073 Amphiseii,
2582 998 2636 1052 id
2681 1005 2786 1064 est,
2847 997 2915 1051 ad
2960 1004 3255 1066 utrumque
3293 997 3438 1050 latus
3487 1011 3613 1048 um-

2035 1095 2189 1148 bram
2245 1093 2542 1154 habentes,
2589 1096 2718 1143 sunt
2764 1084 3133 1157 aequinoctiali
3185 1085 3393 1138 circulo
3423 1083 3611 1150 subje-

2037 1186 2131 1239 cti.
2178 1183 2346 1237 Iidem
2392 1188 2445 1236 et
2487 1181 2652 1241 ascii,
2687 1178 2741 1232 id
2774 1185 2859 1233 est
2902 1176 3106 1229 umbrae
3144 1188 3372 1244 prorsus
3414 1187 3614 1240 exper-

2037 1284 2142 1332 tes.
2200 1274 2336 1328 Nam
2383 1288 2508 1328 cum
2567 1287 2732 1342 supra
2778 1270 3034 1326 verticem
3100 1267 3318 1320 illorum
3376 1265 3457 1318 sol
3497 1272 3611 1326 est,

2039 1368 2194 1430 ﬁunt,
2227 1373 2287 1421 ut
2319 1365 2579 1429 diximus,
2613 1362 2784 1430 ascii;
2811 1376 2934 1416 cum
2959 1358 3112 1412 abiis
3148 1355 3458 1418 recesserit,
3486 1363 3612 1423 puta

2040 1460 2109 1514 ab
2146 1459 2330 1512 Ariete
2363 1457 2432 1511 ad
2463 1453 2705 1508 Taurum
2741 1462 2793 1508 et
2842 1448 3234 1521 consequentia
3268 1447 3442 1518 signa,
3466 1460 3617 1500 cam-

2041 1549 2162 1604 dem
2191 1547 2475 1602 nobiscum
2510 1546 2715 1600 habent
2745 1543 2991 1599 umbram
3017 1541 3084 1595 ad
3127 1539 3414 1594 sinistrum
3449 1536 3613 1590 latus.

2045 1638 2149 1695 Sed
2174 1655 2297 1694 cum
2329 1639 2397 1692 ab
2420 1637 2771 1708 aequinoctio,
2823 1634 2970 1704 quod
3023 1633 3078 1685 in
3100 1630 3265 1685 Libra
3321 1627 3400 1691 ﬁt,
3437 1627 3516 1682 sol
3549 1625 3618 1680 ad

2045 1731 2330 1800 Seorpium
2387 1737 2441 1784 et
2476 1729 2582 1784 alia
2622 1729 2774 1798 signa.
2810 1726 3101 1780 transitum
3141 1722 3290 1785 facit,
3327 1729 3458 1773 tunc
3487 1719 3620 1772 dex-

360 1828 393 1881 δ
421 1827 570 1898 ἥλιος
590 1825 686 1892 ὣν,
724 1824 867 1879 κατὰ
895 1822 1140 1892 κορυφῆς
1166 1818 1344 1874 αὐτῶν
1481 1817 1615 1872 ποτὲ
1642 1817 1699 1870 δὲ
1733 1819 1792 1870 ὲν
1814 1817 1939 1888 ἀρι-

2058 1832 2288 1878 Lrorsum
2323 1822 2538 1876 illorum
2589 1819 2783 1874 umbra
2845 1816 3102 1873 mittitur.
3150 1814 3227 1869 Ita
3255 1814 3332 1879 ﬁt,
3375 1821 3430 1866 ut
3474 1811 3620 1865 illius

365 1919 532 1988 στερᾷ
556 1917 699 1987 ἔχειν
729 1915 829 1986 τὴν
869 1913 1050 1979 σκιὰν,
1076 1914 1165 1966 ὅτε
1195 1913 1252 1964 ὲν
1277 1908 1532 1982 Σκορπίῳ
1557 1907 1653 1961 καὶ
1678 1910 1790 1971 τοῖς
1810 1907 1938 1977 ἑξῆς

365 2013 395 2064 ὁ
419 2009 572 2081 ἣλιος
599 2009 830 2078 γίνεται.
863 2005 1022 2070 Τινὲς
1057 2006 1115 2060 δὲ
1165 2005 1262 2058 καὶ
1300 2002 1617 2075 περισκίους
1649 2002 1772 2064 τοὺς
1809 2001 1939 2072 περὶ

364 2102 562 2162 αὐτοὺς
587 2099 772 2170 κύκλῳ
802 2097 1024 2169 ἔχοντας
1049 2095 1148 2168 τὴν
1179 2093 1340 2149 σκιὰν
1367 2089 1508 2148 εἶναι
1534 2090 1836 2164 βούλονται.

2041 1912 2282 1981 regionis
2346 1909 2538 1966 incolae
2570 1908 2842 1964 interdum
2887 1907 3022 1963 ascii
3059 1906 3190 1972 sint,
3221 1920 3345 1959 cum
3375 1903 3425 1956 in
3458 1901 3621 1956 Libra

2043 2005 2128 2060 vel
2154 2005 2342 2060 Ariete
2381 2003 2462 2059 sol
2517 2002 2708 2058 vertici
2755 2000 2975 2056 illorum
3024 1998 3274 2054 insidet:
3323 1997 3457 2052 alias
3489 1993 3624 2049 sini-

2047 2104 2159 2152 stra
2206 2097 2276 2152 iis
2324 2097 2516 2150 umbra
2563 2094 2656 2149 ﬁat
2694 2092 2914 2165 quando
2948 2091 3029 2147 sol
3067 2089 3358 2161 Scorpium
3399 2096 3452 2142 et
3490 2101 3624 2141 con-

367 2192 648 2263 sequentia
681 2191 834 2261 signa
871 2197 1140 2260 peragrat.
1205 2187 1347 2243 Sunt
1383 2187 1478 2258 qui
1510 2185 1776 2257 periscios
1823 2184 1949 2242 illos
1987 2205 2107 2246 esse
2147 2190 2355 2256 dicant,
2387 2203 2622 2261 quorum
2664 2188 2720 2242 in
2779 2187 2967 2242 orbem
3005 2185 3439 2255 circumquaque
3504 2192 3627 2234 uin-

365 2288 464 2344 bra
501 2287 724 2357 iacitur.

437 2381 660 2453 Πρῶτος
706 2379 764 2433 δὲ
815 2378 1161 2452 Παρμενίὰις
1202 2377 1334 2448 περὶ
1368 2376 1477 2430 τῶν
1505 2373 1691 2440 ζωνῶν
1726 2375 1948 2446 ἐκίνησε

370 2474 546 2542 λόγον.
578 2475 715 2544 Περὶ
745 2472 802 2524 δὲ
837 2471 932 2526 τοῦ
973 2468 1209 2542 ἀριθμοῦ
1254 2469 1434 2524 αὐτῶν
1477 2468 1649 2539 πολλὴ
1681 2467 1952 2538 διαφωνία

370 2567 481 2628 τοῖς
509 2565 625 2635 μετ’
661 2565 822 2618 αύτὺν
847 2563 1098 2633 γέγονεν·
1128 2562 1176 2615 οί
1214 2561 1312 2632 μὲν
1340 2560 1450 2632 γὰρ
1480 2560 1540 2625 ἒξ
1567 2561 1737 2623 αύτάς
1763 2555 1916 2612 εἷπον
1934 2576 1948 2591 ·

372 2657 449 2719 ὼς
481 2655 763 2720 Πολύϐιος,
821 2656 916 2710 καὶ
958 2653 1351 2718 Ποσειδώνιος,
1385 2651 1482 2723 τὴν
1515 2651 1952 2722 διακεκαυμένην

373 2749 454 2812 είς
481 2747 575 2802 δύο
618 2746 981 2820 διαιροῦντες·
1013 2745 1063 2798 οἱ
1089 2743 1146 2796 δὲ
1187 2744 1351 2797 πέντε
1387 2740 1692 2814 παρέλαϐον
1712 2758 1724 2771 ⁸
1762 2739 1951 2810 ὥσπερ

386 2837 776 2911 Ἐρατοσθένης
821 2837 915 2890 καὶ
948 2833 1098 2890 ἄλλοι
1134 2833 1338 2896 πολλοὶ,
1379 2827 1461 2896 οἶς
1487 2832 1581 2885 καὶ
1611 2833 1768 2902 ἡμεῖς,
1819 2846 1949 2883 κατ-

374 2929 842 3002 ηκολουθήσαμεν.
875 2929 1010 2999 Περὶ
1057 2927 1115 2982 δὲ
1150 2927 1415 2998 οἰκήσεων
1465 2923 1624 2977 πάλιν
1649 2963 1664 2987 ,
1699 2924 1794 2976 καὶ
1846 2921 1953 2975 τῶν

376 3021 746 3084 ἐνοικούντων,
782 3021 876 3073 καὶ
909 3019 1222 3088 ὀνομάτων,
1266 3016 1458 3086 γέγονε
1491 3015 1661 3086 πολλὴ
1703 3013 1950 3084 ταραχὴ,

378 3114 473 3172 καὶ
502 3113 630 3184 περὶ
657 3111 986 3181 ἀντιχθόνων
1005 3151 1019 3175 ,
1047 3109 1142 3163 καὶ
1173 3108 1495 3163 ἀντιπόδων.

669 3225 810 3294 Περὶ
845 3223 1186 3295 μεταρσίων
1219 3224 1318 3276 καὶ
1360 3220 1679 3290 μετεώρων.

449 3339 551 3411 λβ’.
591 3338 846 3410 Διαφέρει
877 3335 1184 3409 μεταρσίων
1220 3335 1502 3406 μετέωρα·
1599 3331 1667 3386 τὰ
1696 3331 1795 3402 μὲν
1831 3349 1958 3402 μετ-

383 3431 531 3503 έωρα
586 3433 644 3483 ὲν
683 3428 896 3500 οὐρανῷ
944 3428 1042 3482 καὶ
1088 3427 1268 3500 αἰθέρι
1314 3427 1499 3479 ἐστίν’
1527 3425 1610 3488 ὡς
1653 3424 1830 3494 ἥλιος,
1871 3424 1963 3477 καὶ

385 3521 456 3575 τά
479 3519 662 3584 λοιπὰ,
692 3520 786 3573 καὶ
821 3519 1081 3590 οὐρανὸς,
1112 3517 1209 3571 καὶ
1254 3517 1420 3587 αἰθήρ
1445 3532 1457 3545 ·
1498 3515 1764 3586 μετάρσια
1803 3513 1859 3566 δὲ
1894 3513 1963 3566 τά

386 3610 590 3683 μεταξὺ
611 3610 705 3664 τοῦ
737 3610 898 3681 ἀέρος
929 3611 1025 3664 καὶ
1047 3609 1146 3680 τῆς
1173 3609 1276 3678 γῆς
1300 3625 1312 3638 ·
1345 3604 1455 3661 οἷον
1492 3607 1700 3678 ἄνεμοι,
1720 3606 1960 3676 νεφέλαι,

380 3702 578 3775 δμόροι
597 3742 612 3767 ,
643 3702 952 3772 ἀστραπαὶ,
987 3701 1238 3773 βρονταὶ,
1265 3699 1535 3771 κομῆται,
1575 3699 1776 3762 δοκίδες
1803 3739 1818 3764 ,
1850 3716 1965 3751 πω·-

382 3795 598 3865 γωνίαι,
630 3794 942 3865 λαμπάδες,
980 3791 1166 3864 ἴριδες,
1190 3791 1394 3857 ἆλωες,
1423 3791 1745 3862 διᾴττοντες,
1779 3788 1961 3861 ῥυμοὶ,

385 3888 608 3959 ῥύακες.
642 3887 872 3941 Λεκτέον
909 3885 968 3940 δὲ
993 3885 1120 3957 περὶ
1162 3883 1469 3956 μεταρσίων
1491 3900 1505 3914 ·
1538 3882 1667 3952 περὶ
1706 3881 1814 3954 γὰρ
1848 3897 1967 3952 μετ-

385 3981 573 4053 εώρων
615 3979 958 4053 προείρηται.
1006 3977 1228 4050 Πρῶτον
1269 3977 1327 4031 δὲ
1371 3977 1501 4034 περὶ
1541 3975 1758 4041 ἀνέμων
1804 3975 1968 4028 εἴπω-

392 4090 516 4146 μεν.

387 4183 530 4253 Περὶ
568 4181 822 4254 ἀνέμων,
867 4182 969 4236 καὶ
1006 4181 1096 4236 ὅτι
1131 4181 1396 4250 διαφέρει
1438 4176 1594 4249 αὖρα
1642 4178 1969 4248 ἀναθυμιά-

1095 4267 1266 4318 σεως.

466 4364 562 4435 λγ’.
611 4365 1033 4437 Ἀναξίμανδρος
1075 4365 1252 4418 τοίνυν
1284 4363 1439 4436 ῥύσιν
1463 4363 1624 4435 ἀέρος
1653 4361 1743 4416 τὸν
1773 4359 1969 4431 ἄνεμον

392 4455 547 4515 εἷπε·
585 4459 729 4521 τινὲς
767 4458 824 4512 δὲ
862 4458 1224 4528 ἀναθυμίασιν
1254 4457 1434 4528 ἀέρος.
1471 4455 1656 4508 Ἀλλοι
1688 4455 1744 4508 δὲ
1780 4452 1968 4522 διαφέ-

395 4565 512 4623 ρειν
537 4547 734 4617 ἄνεμον
763 4547 1013 4616 λέγουσιν
1037 4546 1212 4625 αὔρας
1233 4563 1247 4576 ο
1283 4547 1484 4616 ἄνεμον
1511 4545 1620 4615 γὰρ
1653 4539 1790 4597 εἶναι
1816 4541 1970 4612 ῥύσιν

391 4637 554 4711 ἀέρος
576 4653 590 4667 ·
615 4635 789 4705 αὔραν
821 4635 879 4688 δὲ
918 4635 1281 4707 ἀναθυμίασιν
1307 4637 1430 4707 γῆς.
1469 4636 1580 4689 Καὶ
1616 4636 1742 4696 τοὺς
1774 4633 1872 4704 μὲν
1906 4633 1970 4685 ἐκ

391 4731 569 4800 νεφῶν
595 4729 842 4798 λέγουσιν
873 4725 1012 4782 εἶναι
1045 4728 1300 4798 ἀνέμους,
1337 4728 1432 4781 καὶ
1452 4724 1732 4780 καλεῖσθαι
1771 4743 1790 4775 ι
1814 4725 1969 4775 ἐκνε-

390 4824 521 4894 φίας
542 4839 557 4852 ·
589 4840 608 4875 ι
637 4822 763 4884 τοὺς
785 4820 842 4872 δὲ
865 4819 974 4872 ἀπὸ
1001 4819 1106 4890 γῆς
1134 4819 1468 4890 φερομένους
1492 4817 1783 4886 ἀπογείους
1800 4831 1813 4844 ·
1842 4815 1970 4879 τοὺς

388 4915 447 4968 δὲ
479 4914 588 4968 ἀπὸ
619 4911 879 4984 ποταμῶν
913 4911 1163 4983 ὲνυδρίας
1188 4927 1202 4943 ·
1229 4912 1356 4975 τοὺς
1384 4909 1442 4963 δὲ
1469 4910 1577 4964 ἀπὸ
1601 4909 1818 4963 κόλπων
1847 4907 1971 4961 κολ-

393 5008 522 5070 πίας
545 5023 559 5036 ·
595 5004 705 5060 ἀπὸ
730 5004 786 5058 δὲ
819 5003 959 5077 ὁρῶν
992 5003 1167 5075 ὁρίας,
1189 5002 1224 5075 ἦ
1247 5003 1526 5073 ὀρεστίας·
1558 5003 1652 5056 καὶ
1682 5000 1792 5070 γὰρ
1820 4999 1972 5071 παρά

407 5101 767 5173 Ἀριστοτέλει
798 5101 858 5154 ἐν
883 5099 963 5171 τῷ
995 5098 1138 5168 Περι
1176 5096 1433 5167 ἀνέμων,
1471 5097 1566 5150 καὶ
1599 5094 1752 5167 παρὰ
1771 5093 1976 5148 Καλλι-

397 5195 556 5265 μάχῳ
608 5192 781 5257 ούτως
832 5190 1208 5262 ὀνομάζονται.
1259 5187 1422 5241 ’Ὥστε
1471 5188 1567 5241 καὶ
1623 5185 1731 5240 ἀπὺ
1793 5185 1975 5238 τόπων

391 5285 554 5338 τινῶν
599 5283 732 5354 φασί
773 5300 924 5347 τινας
973 5281 1258 5352 λέγεσθαι·
1300 5274 1411 5334 οἷον
1468 5277 1704 5333 Καικίαν
1735 5277 1826 5330 τὸν
1870 5277 1978 5330 ἀπὸ

395 5379 565 5442 Κάῖος
591 5379 634 5411 ¹⁹
674 5377 922 5447 ποταμοῦ
961 5376 1194 5430 πνέοντα
1220 5386 1236 5402 ⁶
1269 5373 1366 5428 καὶ
1407 5372 1687 5444 Σκείρωνα
1729 5369 1822 5424 τὸν
1869 5368 1978 5422 ἀπὸ

395 5469 765 5544 Σκειρωνίδων
791 5467 1027 5542 πετρῶν.
1063 5467 1220 5530 Τινὲς
1241 5466 1299 5520 δὲ
1327 5463 1437 5518 ἀπὸ
1466 5464 1643 5534 ὁρμῆς
1667 5460 1978 5533 ὠνομάσθη-

397 5577 515 5626 σαν,
537 5561 612 5626 ὡς
645 5559 888 5642 σφοδρῶς
924 5558 1138 5630 ῥέοντες
1159 5576 1172 5590 ·
1203 5556 1300 5612 καὶ
1325 5557 1372 5608 οἱ
1401 5553 1538 5625 μετά
1565 5550 1782 5623 παλμοῦ
1810 5567 1972 5614 τινος,

471 5741 515 5774 ¹⁸
546 5741 697 5797 Deest
727 5741 948 5807 aliquid,
982 5751 1106 5796 outa
1138 5743 1250 5802 τοῖς
1279 5739 1334 5793 ἐν
1362 5754 1438 5807 τῳ
1462 5733 1642 5802 νοτίῳ.

2121 2371 2340 2426 Primus
2375 2371 2443 2425 de
2474 2369 2632 2424 zonis
2659 2364 3014 2421 Parmenides
3050 2363 3236 2418 dicere
3263 2362 3516 2416 instituit.
3550 2362 3627 2417 De

2051 2477 2282 2532 quarum
2313 2474 2541 2514 numero
2566 2471 2762 2528 magna
2795 2455 3066 2510 dissensio
3090 2461 3194 2509 est.
3234 2452 3369 2506 Nam
3401 2453 3490 2506 alii
3532 2470 3627 2509 sex

2055 2562 2366 2616 numerant,
2429 2561 2488 2606 ut
2534 2549 2794 2622 Polybius
2832 2556 2886 2603 et
2937 2545 3292 2611 Posidonius,
3330 2547 3425 2615 qui
3468 2547 3630 2601 torri—

2053 2648 2177 2702 dam
2211 2647 2265 2700 in
2292 2645 2432 2700 duas
2455 2641 2744 2708 dividunt;
2774 2640 3019 2710 quinque
3050 2638 3261 2693 malunt
3289 2639 3406 2703 alii,
3441 2657 3471 2695 e
3500 2640 3625 2710 qui-

2057 2740 2159 2795 bus
2189 2746 2272 2793 est
2292 2735 2702 2798 Eratosthenes,
2727 2741 2780 2788 et
2810 2747 2911 2786 nos
2940 2730 3133 2786 iisdem
3173 2731 3625 2802 subscripsimus.

2058 2830 2148 2885 Sic
2178 2830 2244 2884 de
2276 2825 2732 2887 habitationibus,
2768 2835 2821 2879 et
2855 2838 3043 2878 earum
3083 2823 3298 2885 incolis,
3330 2838 3630 2894 eorumque

2057 2919 2374 2973 nominibus
2413 2915 2560 2971 haud
2605 2915 2741 2969 levis
2779 2911 3068 2967 conﬂictus
3108 2920 3213 2974 est,
3258 2920 3315 2966 ut
3350 2921 3403 2966 et
3431 2913 3497 2966 de
3535 2928 3632 2965 an-

2057 3008 2430 3064 tichthonibus
2457 3013 2512 3060 et
2548 3004 2917 3075 antipodibus.

2099 3212 2203 3283 91
2246 3209 2322 3263 De
2366 3210 2432 3262 iis
2466 3224 2582 3278 quae
2621 3205 2892 3278 μετάρσια
2932 3214 2982 3259 et
3031 3204 3284 3275 μετέωρα
3326 3201 3597 3256 dicuntur.

2134 3326 2225 3382 '52.
2259 3325 2526 3380 Diﬂ'crunt
2555 3338 2586 3376 a
2615 3323 2872 3378 meleoris
2901 3336 3022 3390 quae
3051 3320 3318 3390 μετάρσια
3346 3316 3636 3371 norninan—

2065 3431 2153 3475 tur
2186 3440 2198 3474 :
2233 3435 2358 3473 nam
2397 3424 2636 3471 meteora
2671 3416 2727 3469 in
2760 3415 2900 3469 caelo
2933 3419 3062 3468 sunt
3105 3419 3159 3465 et
3207 3410 3410 3464 aethere
3441 3428 3453 3463 :
3493 3408 3640 3462 velut

2064 3515 2167 3577 sol,
2193 3520 2246 3568 et
2283 3513 2334 3566 id
2365 3525 2534 3581 genus
2566 3516 2780 3572 caetera,
2815 3507 3011 3561 coelum
3033 3543 3050 3568 ,
3100 3502 3301 3567 aether;
3341 3501 3593 3555 metarsia
3621 3538 3637 3561 ,

2064 3621 2186 3678 quae
2211 3621 2391 3660 aerem
2424 3603 2568 3656 inter
2592 3609 2646 3656 et
2683 3610 2883 3655 terram
2911 3596 3204 3652 accidunt:
3242 3602 3301 3647 ut
3333 3594 3502 3652 venti,
3537 3607 3640 3643 nu-

2064 3699 2184 3762 bes,
2213 3697 2440 3758 imbres,
2476 3693 2692 3762 fulgura
2713 3729 2730 3756 ,
2763 3689 3004 3744 tonitrua
3030 3726 3044 3750 ,
3100 3693 3326 3739 comem
3348 3721 3363 3746 ,
3416 3681 3600 3736 trabes
3624 3719 3639 3743 ,

2065 3790 2308 3846 barbatae
2340 3787 2529 3850 stellae,
2561 3784 2731 3844 faces,
2767 3779 2966 3846 irides,
3013 3793 3150 3832 arere
3176 3815 3193 3841 ,
3241 3774 3643 3829 transvolantes

2068 3884 2265 3945 stellae,
2308 3888 2594 3941 temones,
2652 3873 2936 3946 proﬂuvio.
2988 3870 3064 3926 De
3098 3870 3165 3924 iis
3198 3885 3320 3939 quae
3376 3866 3646 3939 μετάρσια

2068 3979 2368 4033 vocantur,
2412 3967 2680 4039 agendum
2734 3963 2894 4018 nobis
2926 3969 3032 4015 est.
3083 3956 3219 4011 Nam
3267 3954 3335 4011 de
3386 3951 3645 4008 meteoris

2065 4065 2177 4134 jam
2212 4061 2468 4117 diximus.
2500 4057 2579 4112 Ac
2605 4055 2758 4126 prius
2783 4053 2852 4108 de
2881 4050 3080 4108 ventis.

2075 4175 2151 4229 De
2191 4174 2391 4239 ventis,
2431 4171 2593 4243 deque
2632 4183 2778 4222 aura:
2812 4173 2862 4220 et
2913 4161 3270 4218 exhalationis
3319 4156 3643 4213 discrimine.

2151 4352 2258 4413 ’ὁδί
2276 4352 2680 4410 Anaximander
2704 4350 2958 4404 ﬂuentem
2993 4358 3176 4400 aerem
3206 4341 3343 4395 dixit
3363 4352 3486 4392 esse
3513 4350 3647 4390 ven-

2081 4457 2238 4513 tum;
2273 4446 2364 4499 alii
2392 4442 2789 4499 exhalationem
2823 4436 2985 4490 aeris.
3031 4432 3137 4486 Alii
3164 4436 3383 4483 ventum
3416 4427 3486 4480 ab
3512 4439 3647 4478 aura

2082 4539 2403 4607 discrepare
2425 4534 2613 4588 volunt
2636 4551 2648 4584 :
2679 4531 2879 4599 quippe
2905 4531 3124 4578 ventum
3161 4521 3315 4573 aiunt
3337 4532 3458 4572 esse
3481 4515 3649 4568 ﬂuen-

2081 4632 2186 4679 tem
2239 4605 2454 4686 aerem;
2503 4633 2692 4672 auram
2745 4629 2876 4670 vero
2913 4619 3185 4666 terrenam
3215 4605 3640 4662 exhalationem.

2083 4717 2383 4771 Ventorum
2417 4727 2579 4784 porro
2609 4709 2745 4763 alios
2772 4723 2804 4762 e
2833 4703 3072 4759 nubibus
3111 4699 3330 4769 prodire
3356 4703 3569 4764 putant,
3595 4705 3652 4751 et

2075 4809 2263 4864 vocari
2301 4825 2318 4857 ι
2353 4803 2676 4874 eenephias;
2719 4818 2738 4850 ›
2775 4797 2912 4852 alios
2947 4811 2977 4850 e
3015 4801 3162 4850 terra
3206 4790 3474 4847 excitatos
3512 4789 3649 4842 ἀπο-

2075 4899 2296 4968 γείουςε
2332 4895 2423 4965 qui
2462 4909 2492 4948 e
2548 4889 2864 4945 ﬂuminibus
2895 4887 3182 4950 oriuntur,
3219 4881 3519 4952 aquatiles,
3555 4879 3650 4949 qui

2075 5008 2106 5044 a
2140 4987 2429 5044 maritimis
2473 4979 2974 5045 sinibusmoimiac,
3007 4991 3037 5031 a
3071 4975 3347 5030 montibus
3379 4971 3532 5043 ὁρίας
3567 4971 3654 5025 vel

2079 5082 2366 5155 ὀρεστίας;
2401 5073 2674 5148 quomodo
2714 5073 2784 5128 ab
2812 5069 3101 5127 Aristotele
3131 5070 3185 5120 in
3215 5066 3358 5120 libro
3392 5063 3470 5117 De
3515 5078 3654 5117 ven-

2079 5181 2167 5242 tis,
2205 5185 2255 5230 el
2289 5171 2625 5228 Callimacho
2652 5167 3022 5223 nominantur.
3085 5161 3175 5218 Sic
3203 5177 3235 5214 a
3264 5159 3399 5214 locis
3430 5156 3654 5227 quidam

2079 5285 2278 5325 nomen
2312 5266 2587 5335 accipiunt
2615 5281 2628 5316 :
2664 5271 2723 5316 ut
2741 5261 2945 5316 Caecias
2975 5273 3004 5313 a
3027 5256 3191 5313 Caico
3207 5252 3370 5308 ﬂuvio
3389 5252 3607 5320 spirans
3635 5266 3652 5314 ;

2079 5375 2135 5418 et
2171 5361 2363 5416 Sciron
2394 5373 2424 5411 a
2458 5354 2755 5412 Scironicis
2802 5352 3063 5422 scopulis.
3110 5344 3396 5402 Nonnullis
3432 5343 3502 5398 ab
3553 5341 3652 5394 im-

2079 5463 2206 5526 petu
2271 5465 2466 5504 nomen
2527 5446 2801 5502 inditum:
2860 5451 2920 5498 ut
2973 5441 3065 5512 qui
3131 5435 3512 5493 vehementius
3565 5433 3655 5485 in-

2080 5522 2313 5618 vgruant;
2368 5549 2420 5597 et
2467 5540 2558 5611 qui
2597 5537 2830 5609 quadam
2886 5550 3009 5591 cum
3050 5530 3355 5586 vibratione
3405 5541 3466 5581 ac
3527 5522 3661 5581 ευδ-

1758 5733 1798 5762 ¹⁹
1907 5728 2133 5782 Καΐκου.
