4132 6418
499 353 600 410 987

1531 346 1616 399 AD
1649 341 1918 398 EUSEBII
1945 339 2338 400 CHRONICON
2376 343 2738 401 APPENDIX.

3653 357 3757 416 988

501 471 648 524 sulttt
685 469 935 523 feruntur
959 509 974 533 ,
1023 467 1296 538 procellae.
1331 465 1436 520 Alii
1486 479 1517 519 a
1565 465 1746 536 specie
1776 464 2036 520 dicuntur
2065 483 2078 518 :

2187 463 2280 514 καὶ
2313 463 2630 535 πηδήματος
2669 464 2905 518 θύελλαι.
2944 467 3006 522 Οί
3033 467 3090 521 δὲ
3123 469 3230 522 ἀπὸ
3263 471 3538 543 σχήματος
3569 473 3756 543 λέγον-

501 563 648 616 velut
671 562 762 632 qui
796 560 1032 631 quadam
1069 559 1336 630 vertigine
1361 557 1677 623 volvuntur,
1709 555 2080 628 appellantur-

502 669 610 723 que
645 653 911 707 turbines.
943 651 1076 705 item
1108 651 1202 722 qui
1251 650 1319 704 ab
1345 649 1454 704 imo
1483 664 1705 704 sursum
1737 649 2077 714 attolluntur,

503 753 796 814 presteres.
827 743 1060 814 Scripsit
1083 745 1150 799 de
1175 741 1352 798 ventis
1385 743 1548 796 etiam
1571 741 1980 798 Eratosthenes.
2013 742 2082 796 At

503 836 810 891 cardinales
849 835 994 892 venti
1043 841 1172 890 sunt
1205 841 1476 904 quatuor:
1510 849 1540 888 e
1570 833 1770 904 quibus
1823 833 1916 890 ille
1937 874 1951 900 ,
1987 834 2080 906 qui

505 928 574 982 ab
605 936 729 981 ortu
761 927 890 990 ﬂat,
947 927 1280 982 subsolanus
1331 919 1566 994 dicitur;
1627 925 1722 996 qui
1777 924 1846 980 ab
1879 926 2081 981 aretico

505 1021 650 1090 polo,
679 1021 908 1084 boreas;
943 1020 1035 1090 qui
1062 1021 1130 1074 ab
1162 1019 1486 1084 antarctico,
1517 1027 1730 1086 auster;
1762 1019 1830 1084 ab
1856 1033 2080 1086 occasu,

506 1113 798 1184 zephyrus.
834 1110 972 1167 Nam
1005 1111 1168 1181 ζέφος
1200 1111 1414 1182 poetice
1439 1125 1698 1168 occasum
1723 1111 2015 1184 signiﬁcat.

1120 1295 1198 1351 De
1236 1297 1473 1351 cometis.

573 1387 664 1443 54.
699 1387 779 1443 De
805 1387 1035 1443 cometis
1067 1397 1121 1442 et
1151 1387 1398 1444 trabibus
1431 1386 1704 1458 scripsere
1726 1387 2036 1460 complures
2065 1406 2076 1443 :

504 1481 652 1536 velut
679 1480 1010 1536 Demetrius.
1041 1479 1221 1538 Locus
1246 1497 1436 1537 eorum
1473 1492 1558 1536 est
1605 1481 1662 1536 in
1700 1497 1844 1548 aere,
1876 1498 1986 1538 non
2025 1485 2082 1539 in

505 1573 664 1628 coelo.
700 1572 776 1626 Ex
811 1573 880 1628 iis
913 1587 1148 1643 quorum
1197 1573 1380 1628 lumen
1426 1571 1686 1630 deorsum
1729 1575 1990 1644 respicit,
2025 1583 2082 1630 ut

505 1679 700 1720 versus
729 1679 848 1720 eam
871 1671 1080 1734 partem
1096 1679 1388 1721 coruscare
1405 1664 1692 1720 videantur
1709 1703 1726 1731 ,
1767 1685 1785 1716 ε
1812 1676 2034 1722 cometa:
2057 1685 2076 1719 ι
2112 1699 2156 1756 Β

505 1754 903 1821 nominantur;
973 1769 1208 1825 quorum
1276 1753 1533 1824 splendor
1589 1771 1808 1811 sursum
1868 1757 2080 1827 vergit,

512 1866 531 1898 ι
569 1845 756 1914 faces;
797 1865 817 1900 ι
851 1861 978 1902 cum
1009 1847 1098 1901 lux
1133 1847 1349 1902 tractim
1379 1847 1720 1917 producitur,
1749 1867 1766 1897 ι
1805 1847 1987 1903 trabes
2009 1861 2078 1915 ;·›

506 1939 728 2010 quando
770 1939 1048 1996 roscidum
1100 1941 1284 1996 lumen
1331 1953 1576 2010 apparet,
1609 1959 1628 1992 ι
1667 1941 1764 1996 iris
1803 1961 1822 1994 ι
1859 1941 2080 1997 dicitur.

505 2030 740 2097 Quando
775 2031 945 2088 solem
975 2031 1148 2086 ambit
1180 2031 1422 2086 circulus
1452 2050 1465 2085 :
1499 2031 1806 2102 cujusmodi
1831 2047 2086 2086 nonnun-

506 2138 672 2194 quam
716 2121 826 2176 duo
859 2129 1044 2178 tresve
1073 2122 1210 2177 ﬁunt
1236 2141 1248 2176 :
1287 2121 1432 2177 unde
1458 2132 1512 2178 et
1537 2121 1740 2176 Aratus
1766 2120 1905 2176 dixit
1935 2138 1955 2172 σ
1987 2121 2088 2176 tri-

505 2217 764 2286 plicatam
799 2231 1005 2280 aream,
1052 2235 1071 2268 ι
1116 2225 1343 2270 vocatur
1369 2216 1550 2280 ἄλως,
1595 2215 1649 2270 id
1679 2221 1765 2270 est
1815 2232 1834 2265 ι
1876 2227 2024 2269 area.
2059 2231 2079 2265 ι

510 2307 568 2362 Si
597 2308 666 2363 ab
697 2308 864 2364 astris
919 2308 1061 2378 ignis
1107 2308 1174 2362 ad
1209 2307 1470 2365 inferiora
1515 2307 1883 2378 propellatur,
1941 2325 1960 2358 ι
2005 2313 2086 2360 te-

506 2415 719 2467 mones,
743 2420 762 2453 »
781 2408 836 2455 et
855 2419 874 2452 ι
908 2401 1172 2472 proﬂuvia
1199 2421 1217 2454 ι
1249 2399 1776 2470 nuncupantur.Qui
1795 2397 2084 2456 subsultim

507 2493 617 2548 huc
667 2499 722 2548 et
761 2493 892 2548 illuc
927 2493 1238 2564 agitantur,
1299 2512 1318 2544 ι
1360 2493 1617 2550 salientes
1657 2511 1677 2544 ι
1737 2501 1792 2548 et
1824 2511 1842 2544 ‹
1883 2490 2088 2546 transi-

507 2586 704 2642 lientes
734 2605 746 2642 :
777 2587 923 2657 qusd
958 2587 1018 2641 ﬁt
1051 2587 1224 2644 stellis
1269 2597 1432 2642 vento
1459 2585 1778 2650 concussis,
1819 2593 1874 2642 et
1927 2586 2086 2657 quasi

507 2679 774 2734 scintillas
807 2679 1205 2735 emittentibus.
1241 2675 1382 2733 llinc
1431 2677 1566 2732 illud
1619 2685 1905 2732 ventorum
1947 2691 2087 2747 pra:-

509 2771 720 2840 sagium
775 2769 956 2825 facere
1000 2768 1160 2824 docet
1207 2769 1430 2824 Aratus.
1463 2767 1546 2822 Ad
1579 2767 1694 2822 haec
1728 2785 1746 2820 ι
1785 2783 2028 2839 praesepe
2061 2787 2080 2820 ι

507 2873 702 2918 vocant
737 2864 938 2920 nutem
993 2864 1286 2934 quamdam
1345 2863 1493 2918 circa
1546 2861 1818 2918 Cancrum
1857 2861 2084 2932 conglo-

509 2956 690 3010 batam
748 2965 802 3011 et
849 2955 1220 3026 splendidam,
1273 2963 1332 3010 ut
1380 2957 1582 3010 Aratus
1629 2955 1938 3026 signiﬁcat:
1995 2953 2084 3008 cui

2181 569 2306 605 ται·
2333 553 2519 626 ὥσπερ
2551 557 2600 607 οἱ
2641 556 2793 626 μετὰ·
2825 557 3085 628 δινήσεως
3119 561 3384 632 στρόϐιλοι
3404 581 3418 594 ·
3447 566 3540 619 καὶ
3564 568 3614 618 oi
3657 569 3756 624 κά-

2181 644 2350 698 τωθεν
2377 647 2456 710 είς
2489 646 2622 716 ὕψος
2649 647 2937 720 φερόμενοι
2961 653 3296 722 πρηστῆρες.
3341 655 3754 728 Ἐπραγματεύ-

2183 755 2313 791 σατο
2349 738 2406 791 δὲ
2443 741 2575 810 περὶ
2601 741 2816 810 ἀνέμων
2843 743 2936 796 καὶ
2971 744 3378 818 Ἐρατοσθένης.
3415 751 3477 802 Οἱ
3517 751 3573 804 δὲ
3609 769 3756 820 γενι-

2181 831 2415 884 κώτατοι
2455 833 2645 904 ἄνεμοι
2678 833 2942 905 τέσσαρές
2980 837 3114 888 εἰσι·
3151 837 3245 890 καὶ
3277 841 3304 892 ό
3345 841 3443 910 μὲν
3487 844 3596 896 ἀπὸ
3629 845 3758 899 ἀνα-

2179 925 2355 978 τολῶν
2402 925 2582 978 πνέων
2644 927 2888 980 καλεῖται
2934 929 3281 1001 ἀπηλιώτης,
3324 935 3351 985 ὁ
3399 935 3454 986 δὲ
3506 937 3613 990 ἀπὸ
3663 937 3756 992 τοῦ

2181 1019 2444 1090 ἀρκτικοῦ
2489 1021 2653 1074 πόλου
2702 1021 2915 1094 βορέας,
2948 1025 2976 1075 ὁ
3007 1023 3062 1076 δὲ
3107 1025 3214 1078 ἀπὺ
3259 1025 3352 1078 τοῦ
3395 1027 3757 1100 ἀνταρκτικοῦ

2183 1113 2354 1178 νότος,
2385 1115 2414 1166 ὁ
2443 1113 2498 1166 δὲ
2528 1113 2636 1167 ἀπὸ
2671 1114 2874 1178 δύσεως
2913 1114 3144 1188 ζέφυρος
3169 1133 3183 1147 ·
3215 1116 3376 1188 ζέφος
3409 1119 3519 1192 γὰρ
3549 1123 3582 1192 ή
3609 1121 3760 1185 δύσις

2185 1205 2326 1260 κατά
2346 1207 2473 1270 τοὺς
2506 1207 2753 1276 ποιητάς.

2741 1301 2880 1368 Περὶ
2909 1301 3200 1370 κομητῶν.

2253 1389 2347 1441 λδ¹.
2369 1389 2506 1462 Περὶ
2525 1389 2582 1444 δὲ
2609 1391 2866 1463 κομητῶν
2882 1393 2975 1446 καὶ
2995 1394 3217 1448 δοκίδων
3237 1397 3762 1468 ἐπραγματεύσαντο

2184 1479 2397 1533 πολλοί·
2447 1480 2635 1554 ὥσπερ
2683 1483 2778 1536 καὶ
2823 1485 3150 1556 Δημήτριος.
3189 1487 3312 1540 Εἰσὶ
3357 1491 3413 1542 δὲ
3448 1493 3548 1545 οὐκ
3579 1493 3638 1545 ὲν
3667 1494 3760 1545 ού-

2185 1571 2354 1644 ρανῷ,
2405 1572 2520 1626 ἀλλ’
2572 1576 2632 1628 ὲν
2679 1573 2758 1646 τῷ
2789 1575 2930 1647 ἀέρι.
2961 1579 3024 1630 Οἱ
3074 1579 3172 1650 μὲν
3209 1575 3302 1634 οὖν
3341 1583 3490 1635 κάτω
3535 1583 3596 1636 τὸ
3645 1584 3760 1653 φῶς

2183 1665 2397 1736 ἔχοντες
2420 1707 2435 1732 ,
2471 1669 2566 1721 καὶ
2610 1667 2710 1732 τὰς
2751 1672 3116 1742 μαρμαρυγὰς
3151 1674 3301 1727 κάτω
3341 1676 3633 1743 νευούσας,
3657 1695 3760 1732 κα-

2183 1755 2397 1810 λοῦνται
2455 1775 2476 1810 ι
2519 1759 2788 1830 κομῆται·
2837 1779 2857 1811 ι
2906 1762 2956 1814 oi
2995 1761 3052 1815 δὲ
3087 1763 3198 1817 ἀνω
3247 1765 3306 1818 τὸ
3349 1765 3466 1834 φῶς
3511 1769 3762 1832 νενευκὸς

2183 1846 2395 1916 ἔχοντες
2435 1847 2720 1904 καλοῦνται
2757 1869 2776 1902 r
2797 1849 3096 1922 λαμπάδες.
3129 1873 3150 1906 ι
3187 1855 3376 1909 Ὁπότε
3403 1857 3460 1910 δὲ
3491 1859 3761 1930 ἐπίμηκες

2183 1939 2366 2010 ἔχουσι
2395 1939 2457 1992 τὸ
2490 1941 2626 2010 φῶς,
2661 1941 2950 1998 καλοῦνται
2983 1963 3002 1996 ι
3021 1945 3226 2010 δοκίδες
3245 1963 3260 1976 ·
3290 1967 3310 1999 ι
3341 1949 3498 2002 ὁπότε
3515 1950 3572 2003 δὲ
3601 1953 3761 2023 ἰκμα-

2183 2032 2350 2096 τῶδες
2397 2033 2512 2102 φῶς
2549 2035 2741 2106 ὁρᾶται
2765 2076 2781 2100 ,
2817 2035 3060 2092 καλεῖται
3097 2057 3116 2088 ‹
3145 2039 3284 2110 ι’ρις⁹
3321 2059 3338 2091 ι
3375 2042 3504 2095 ὅταν
3531 2043 3588 2095 δὲ
3633 2044 3763 2116 περὶ

2183 2125 2275 2178 τὸν
2299 2125 2450 2196 ἥλιον
2549 2125 2778 2192 κύκλος·
2811 2127 2980 2182 ὲνίοτε
3013 2129 3108 2182 καὶ
3134 2129 3180 2161 ’⁸
3220 2129 3333 2194 δύο,
3369 2133 3461 2184 καὶ
3499 2137 3650 2204 τρεῖς
3675 2135 3760 2204 γί-

2185 2235 2392 2272 νονται·
2437 2218 2560 2272 ὅθεν
2585 2220 2679 2273 καὶ
2708 2221 2942 2292 ’Ἄρατος
2981 2217 3104 2276 εἷπε
3151 2242 3170 2276 ι
3193 2223 3494 2294 τριέλικτον
3521 2227 3720 2299 ἀλωήν·
3737 2247 3756 2278 ι

2192 2327 2210 2360 ι
2223 2307 2392 2372 ἀλωςι
2417 2309 2682 2366 καλεῖται.
2701 2309 2825 2364 Ἐἀν
2839 2311 2896 2364 δὲ
2918 2311 3026 2365 ἀπὸ
3045 2313 3287 2385 ἀστέρων
3303 2309 3436 2379 ὦσις
3463 2315 3556 2370 τοῦ
3587 2319 3760 2386 φωτὸς

2185 2401 2414 2472 γένηται
2447 2402 2538 2455 ἐπὶ
2567 2401 2634 2456 τὰ
2662 2401 2833 2468 κάτω,
2860 2403 3145 2458 καλοῦνται
3175 2424 3192 2456 ι
3221 2405 3384 2476 ῥυμοὶ
3415 2425 3433 2458 ι
3471 2408 3566 2460 καὶ
3597 2409 3761 2480 ιρύα-

2185 2507 2314 2557 κες·
2347 2511 2364 2544 ι
2399 2495 2446 2546 οἱ
2479 2493 2536 2546 δὲ
2580 2493 2688 2546 ἀπὸ
2717 2494 2883 2548 τόπου
2923 2497 3003 2560 εἰς
3033 2495 3196 2549 τόπον
3241 2498 3626 2568 μετερχόμενοι
3661 2497 3770 2552 κα-¹

2185 2583 2400 2639 λοῦνται
2449 2605 2467 2638 ι
2495 2585 2746 2658 ᾄττοντες
2785 2605 2802 2638 ι
2849 2587 2943 2641 καὶ⁷
2991 2606 3008 2638 ι
3031 2587 3364 2658 διᾴττοντες·
3397 2608 3416 2640 ι
3453 2589 3660 2658 γίνεται
3703 2591 3763 2645 δὲ

2185 2675 2374 2742 τοῦτο,
2405 2677 2512 2731 τῶν
2559 2678 2804 2750 ἀστέρων
2846 2679 2951 2732 ὑπὸ
2997 2679 3305 2750 πνεύματος
3339 2665 3772 2752 τινασσομένων,⁴

2187 2770 2282 2824 καὶ
2316 2769 2479 2824 οἱονεὶ
2532 2771 2837 2844 σπινθῆρας
2879 2771 3146 2840 ἀφιέντων
3171 2789 3184 2802 ·
3229 2773 3310 2826 διὸ
3357 2773 3502 2827 κατὰ
3543 2777 3766 2846 σημεῖον

2187 2863 2402 2934 ἀνέμων
2441 2860 2594 2918 εἶπεν
2629 2865 2864 2938 ’Ἄρατος
2903 2865 3082 2920 τοῦτο.
3121 2867 3232 2919 Καὶ
3259 2867 3465 2938 φάτνην
3513 2867 3568 2921 δὲ
3609 2868 3766 2938 νέφος

2189 2955 2599 3026 πεφωτισμένον
2657 2957 2784 3026 περὶ
2839 2955 2930 3008 τὸν
2974 2957 3249 3028 Καρκίνον
3301 2957 3504 3026 φασίν·
3547 2957 3622 3018 ὡς
3671 2974 3767 3012 και

520 3055 951 3104 consentaneum
981 3057 1083 3112 est,
1101 3047 1244 3118 quod
1273 3047 1324 3101 in
1355 3047 1543 3102 eadem
1567 3053 1720 3117 parte
1743 3045 1914 3101 stella:
1937 3059 2086 3115 quae-

2193 3045 2446 3114 Ἀρατος.
2487 3046 2820 3110 Ἀκολούθως
2861 3047 2916 3100 δὲ
2951 3046 3121 3118 ταύτῃ
3154 3049 3248 3101 καὶ
3283 3066 3301 3098 ι
3326 3049 3478 3112 ὅνους
3503 3069 3520 3100 ι
3551 3049 3769 3119 λέγουσι

509 3141 634 3196 dam
667 3141 814 3196 circa
843 3140 1136 3207 Cancrum,
1170 3159 1189 3191 ι
1230 3140 1370 3195 asini
1411 3159 1429 3192 ι
1466 3139 1747 3192 dicuntur.
1777 3137 1952 3192 Porro
1992 3151 2087 3192 eo-

509 3241 682 3288 metas
715 3239 770 3287 et
799 3232 852 3286 id
883 3247 1054 3302 genus
1095 3231 1236 3294 alia,
1284 3231 1506 3302 quidam
1554 3247 1584 3286 e
1625 3229 1797 3286 stellis
1845 3227 2086 3284 densatis

509 3331 563 3380 et
591 3323 914 3378 illuminatis
952 3322 1085 3376 oriri
1117 3321 1362 3378 sentiunt
1390 3341 1402 3376 :
1438 3322 1530 3376 alii
1559 3337 1628 3377 ex
1661 3321 1897 3376 nubibus
1929 3319 2088 3374 undi-

509 3430 616 3484 que
642 3413 1012 3480 collustratis;
1063 3413 1316 3468 nonnulli
1345 3429 1410 3468 ex
1454 3411 1669 3467 aﬂ'rietu
1700 3413 1961 3469 succendi
1991 3427 2088 3468 vo-

509 3507 648 3562 lunt.
679 3505 868 3576 Neque
901 3521 1030 3560 vero
1063 3521 1278 3576 semper
1304 3513 1586 3576 apparent,
1611 3505 1706 3562 sed
1729 3505 1894 3560 certis
1925 3505 2090 3560 inter-

509 3597 670 3650 vallis
703 3605 1029 3667 temporum.
1078 3597 1350 3652 Caaterum
1393 3597 1570 3654 nubes
1603 3597 1748 3652 inter
1785 3611 1846 3652 se
1883 3595 2090 3651 collisa!

507 3690 753 3743 tonitrua
786 3689 1032 3756 faciunt;
1089 3689 1232 3744 ﬁssa:
1261 3705 1420 3753 vero,
1463 3697 1517 3744 et
1572 3703 1698 3744 cum
1755 3687 1962 3758 impetu
2022 3701 2088 3740 ac

511 3777 850 3832 vehementia
885 3775 1070 3830 llatutu
1103 3779 1416 3833 emittentes
1439 3819 1454 3844 ,
1517 3777 1782 3833 fulmina:
1817 3793 1942 3832 cum
1973 3776 2091 3847 agi-

511 3871 720 3926 tatione
753 3869 914 3926 ﬂatus
961 3869 1316 3938 accenditur;
1373 3869 1588 3942 fulgura
1640 3870 1726 3924 vel
1767 3885 1798 3925 e
1847 3868 2088 3923 nubibus

513 3961 650 4031 ipsis
703 3967 992 4028 oriuntur,
1050 3978 1284 4018 accenso
1337 3963 1460 4034 igne
1517 3977 1581 4017 ac
1641 3962 1948 4016 restincto:
2003 3961 2089 4016 vel

513 4053 772 4124 splendor
799 4063 882 4110 est
912 4071 978 4109 ex
1009 4056 1134 4125 igne
1163 4069 1484 4110 coruscans.
1532 4054 1738 4108 Imbres
1761 4069 1828 4108 ex
1869 4051 2090 4106 madido

511 4161 736 4215 vapore,
777 4153 832 4202 et
885 4145 1123 4202 humidis
1165 4145 1404 4200 nubibus
1449 4147 1740 4201 exsistunt.
1783 4143 1910 4198 llaec
1941 4157 2091 4198 sum-

513 4238 700 4292 matim
753 4239 822 4294 de
871 4239 1016 4294 aeris
1047 4237 1423 4294 affectionibus
1452 4277 1468 4302 ,
1521 4251 1642 4308 quae
1697 4237 1959 4308 μετάρσια
1987 4249 2088 4290 no-

511 4329 746 4386 minant.

1015 4499 1092 4556 De
1126 4501 1302 4570 positu
1351 4501 1590 4567 sphame.

581 4591 672 4647 53.
708 4589 944 4662 δριιαειιω
975 4595 1150 4661 situs,
1180 4595 1327 4664 quod
1375 4595 1630 4665 ignorare
1683 4609 1790 4648 non
1845 4599 2088 4664 oportet,

513 4677 658 4738 haud
689 4683 854 4738 unius
893 4684 1112 4754 generis
1159 4692 1244 4740 est
1267 4725 1282 4749 ,
1329 4685 1424 4740 sed
1459 4701 1558 4756 pro
1587 4692 1748 4740 terra:
1784 4684 2090 4741 inclinatio-

511 4773 678 4826 nibus
706 4775 847 4828 varii
885 4783 1015 4830 sunt
1071 4776 1296 4846 sphaerae
1347 4777 1507 4832 situs.
1557 4775 1600 4829 E
1655 4777 1854 4846 quibus
1884 4791 2090 4848 paucos

513 4866 998 4937 perstringemus:
1061 4877 1118 4924 et
1169 4869 1237 4923 ad
1299 4867 1512 4922 Aratea:
1573 4869 1798 4939 sphaerae
1853 4870 2092 4940 positum

511 4969 702 5030 postea
731 4961 1036 5016 veniemus.
1087 4959 1184 5015 Est
1233 4961 1396 5031 igitur
1423 4961 1564 5016 situs
1615 4961 1864 5032 inprimis
1913 4961 2094 5018 Helle-

513 5053 718 5123 Sponti,
745 5069 808 5108 ac
837 5053 1166 5109 Macedoniae
1191 5053 1399 5108 elimati
1428 5069 1756 5126 congruens.
1781 5054 1918 5110 Cum
1943 5053 2092 5110 enim

513 5145 656 5212 apud
707 5146 1038 5216 Antigonum
1082 5143 1412 5200 Macedonia;
1459 5161 1639 5216 regem
1673 5153 1818 5202 esset
1847 5145 2048 5202 Aratus
2072 5186 2088 5210 ,

513 5236 580 5290 ad
615 5235 762 5291 illius
811 5235 916 5290 loci
962 5233 1125 5289 clima
1153 5237 1530 5306 apparentium
1561 5237 1866 5292 doctrinam
1914 5235 2093 5307 exegit

513 5344 748 5384 omnem.
781 5327 956 5386 Porro
994 5329 1210 5398 quoties
1237 5329 1346 5398 poli
1375 5329 1714 5384 horizontem
1742 5329 2088 5400 contingunt,

515 5421 714 5477 accidit
741 5429 802 5478 ut
835 5437 936 5478 nec
964 5422 1206 5479 arcticus
1261 5423 1500 5478 circulus
1524 5462 1540 5488 ,
1597 5437 1698 5476 nec
1752 5422 2090 5477 antarcticus
2117 5443 2134 5464 ο

517 5527 732 5584 semper
779 5522 1118 5584 appareant:
1153 5515 1248 5573 sed
1303 5515 1746 5586 hemiSpluerium
1797 5521 2090 5584 utrumque

517 5603 726 5660 oriatur
789 5613 842 5664 et
901 5609 1134 5664 occidat.
1223 5609 1318 5662 Sin
1351 5608 1624 5663 borealem
1683 5608 1863 5678 polum
1923 5623 2089 5681 supra

601 5789 646 5822 ⁸³
673 5788 716 5858 ί.
743 5789 914 5844 ἐνίοτε
936 5791 1012 5845 δέ.
1092 5793 1156 5826 ³⁸·
1183 5793 1222 5862 f.
1247 5793 1402 5849 κατά.
1433 5795 1589 5852 Ευιτ.

2191 3137 2318 3208 περὶ
2343 3135 2434 3190 τὸν
2465 3137 2737 3208 Καρκίνον
2783 3136 3018 3206 ἀστέρας
3055 3129 3214 3190 εἶναι.
3247 3137 3384 3200 Τοὺς
3421 3137 3478 3191 δὲ
3525 3140 3768 3209 κομήτας

2189 3229 2282 3282 καὶ
2309 3229 2436 3291 τοὺς
2464 3228 2742 3292 τοιούτους
2766 3229 2816 3281 οἱ
2855 3229 2952 3298 μὲν
2982 3229 3230 3296 λέγουσιν
3275 3227 3334 3293 ἐξ
3367 3229 3612 3300 ἀστέρων
3643 3247 3768 3284 συν-

2187 3321 2496 3392 ερχομένων
2508 3321 2748 3390 γίνεσθαι
2765 3320 2859 3374 καὶ
2878 3321 3356 3392 ἑμφωτιζομένων,
3373 3324 3422 3374 οἱ
3445 3321 3500 3375 δὲ
3517 3323 3580 3375 ὲκ
3593 3323 3769 3392 νεφῶν

2181 3413 2744 3496 ’περιπεφωτισμένων
2763 3430 2776 3442 °
2811 3412 2960 3468 ἄλλοι
2988 3413 3043 3466 δὲ
3070 3415 3134 3466 ἐκ
3161 3413 3546 3484 παρατρίψεως
3575 3413 3774 3475 αὐτοὺς

2184 3499 2516 3574 ¹φωτίζεσθαι
2540 3503 2808 3572 λέγουσιν.
2839 3503 2912 3558 Ού
2950 3503 3226 3572 φαίνονται
3271 3503 3330 3556 δὲ
3368 3505 3488 3558 ἀεί’
3525 3504 3658 3558 ἀλλὰ
3685 3505 3770 3573 γί-

2190 3615 2368 3652 νονται
2403 3597 2498 3650 καὶ
2533 3595 2602 3626 ’θ’
2627 3595 2906 3667 περιόδους
2953 3595 3178 3666 χρόνων.
3207 3596 3336 3648 Ὅτε
3375 3597 3471 3666 μὲν
3508 3591 3600 3649 οὖν
3635 3612 3768 3664 συγ-

2178 3687 2477 3759 “κρούονται
2497 3685 2553 3738 αἱ
2585 3686 2804 3755 νεφέλαι
2835 3685 2970 3757 πρὸς
2993 3685 3249 3757 ἀλλήλας,
3275 3685 3502 3758 βροντὰς
3535 3687 3766 3740 ποιοῦσι·

2193 3778 2441 3850 ραγεῖσαι
2481 3775 2558 3839 δὲ,
2593 3777 2683 3829 καὶ
2717 3773 2934 3846 πνεῦμα
2985 3775 3122 3846 μετὰ
3176 3776 3354 3848 ῥύμης
3399 3779 3492 3830 καὶ
3536 3777 3768 3848 σφοδρᾶς

2189 3869 2365 3938 ὁρμῆς
2408 3867 2664 3937 ἀφεῖσαι,
2695 3869 2992 3939 κεραυνοὺς
3042 3867 3253 3920 ποιοῦσι
3279 3909 3293 3932 ,
3331 3867 3420 3920 διὰ
3457 3869 3554 3938 τῆς
3591 3869 3774 3940 ῥύμης

2191 3959 2564 4029 ἀναπτομένω
2597 3957 2692 4010 τοῦ
2731 3958 3038 4028 πνεύματος
3069 3975 3082 3987 ·
3117 3959 3390 4031 ἀστραπαὶ
3434 3958 3492 4012 δὲ
3531 3959 3769 4028 γίνονται

2191 4049 2309 4119 ἦτοι
2341 4049 2400 4116 ἐξ
2439 4049 2618 4103 αὐτῶν
2659 4051 2820 4104 πάλιν
2857 4051 2964 4104 τῶν
2997 4051 3206 4120 νεφῶν,
3236 4051 3414 4120 φωτὸς
3460 4049 3772 4120 ἀναπτομέ-

2192 4155 2283 4191 νου
2313 4141 2406 4193 καὶ
2437 4139 2794 4212 σϐεννυμένου
2822 4159 2834 4170 ·
2865 4141 2897 4212 ἢ
2929 4143 2993 4195 ἐκ
3023 4145 3194 4214 πυρὸς
3237 4141 3592 4215 μαρμαρυγαί
3631 4143 3772 4196 εἰσιν

2192 4229 2630 4300 ὲκπεμπόμεναι.
2675 4230 2910 4302 Ὄμϐροι
2943 4231 2998 4284 δὲ
3045 4231 3102 4297 ἐξ
3144 4232 3318 4301 ὑγρᾶς
3351 4231 3652 4292 ἀναδόσεως
3675 4227 3771 4281 καὶ

2193 4320 2431 4388 νεφελῶν
2463 4320 2646 4392 ὑγρῶν
2675 4321 2934 4390 γίνονται.
2965 4321 3150 4375 Ταῦτα
3184 4323 3281 4392 μὲν
3307 4317 3400 4376 οὖν
3423 4323 3499 4385 ὡς
3525 4321 3582 4376 ὲν
3605 4319 3770 4390 ὀλίγῳ

2122 4392 2169 4449 Ῑ)
2197 4413 2324 4486 περὶ
2359 4413 2689 4484 μεταρσίων.

2547 4505 2686 4571 Περὶ
2707 4503 2926 4568 θέσεως
2955 4503 3086 4575 [τῆς
3113 4503 3420 4574 σφαίραςῙ.

2267 4596 2356 4650 λε’.
2383 4595 2710 4666 Είδέναι³χρὴ
2727 4595 2968 4666 περὶτῆς
2988 4595 3186 4660 θέσεως
3203 4596 3300 4666 τῆς
3317 4594 3570 4666 σφαίρας,
3583 4593 3658 4659 ὡς
3672 4591 3773 4646 οὐκ

2195 4686 2312 4740 ἐστι
2348 4687 2466 4757 μία,
2500 4685 2638 4740 ἀλλὰ
2666 4687 2800 4757 πρὸς
2825 4685 2894 4740 τὰ
2921 4687 3160 4758 κλίματα
3201 4688 3301 4758 τῆς
3329 4687 3430 4756 γῆς
3469 4686 3564 4740 καὶ
3595 4685 3651 4737 αἱ
3685 4684 3773 4738 θέ-

2197 4797 2311 4842 σεις
2343 4779 2440 4850 τῆς
2479 4778 2712 4849 σφαίρας
2752 4779 3010 4846 γίνονται.
3042 4778 3273 4832 Λεκτέον
3299 4778 3356 4830 δὲ
3383 4778 3512 4848 περὶ
3538 4777 3734 4844 ὀλίγων
3754 4792 3768 4806 ·

2197 4873 2292 4926 καὶ
2321 4871 2444 4924 τότε
2473 4871 2574 4940 τῆς
2609 4869 2750 4924 κατὰ
2783 4869 2875 4923 τὸν
2911 4871 3144 4941 ’Ἄρατον
3173 4869 3445 4942 ἀψόμεθα.
3483 4871 3643 4932 Θέσις
3689 4869 3776 4932 τίς

2195 4965 2312 5018 ἐστι
2345 4963 2490 5018 κατά
2536 4963 2598 5016 τὸ
2640 4963 3126 5034 Ἐλλησποντιακὸν
3161 4965 3254 5016 καὶ
3299 4964 3395 5034 τῆς
3437 4961 3774 5023 Μακεδονίας

2195 5057 2386 5128 κλίμα.
2420 5056 2578 5128 Παρά
2609 5057 2718 5129 γὰρ
2755 5057 3040 5128 ’Δντιγόνῳ
3069 5056 3360 5130 διατρίϐων
3395 5058 3662 5128 Ἀρατος,
3695 5053 3774 5124 τῷ

2193 5151 2292 5221 τῆς
2323 5149 2661 5212 Μακεδονίας
2709 5148 2934 5219 βασιλεῖ,
2981 5149 3118 5220 πρὸς
3153 5149 3214 5202 τὸ
3245 5147 3428 5200 αὐτόθι
3469 5147 3638 5217 κλίμα
3682 5146 3776 5198 καὶ

2193 5242 2292 5315 τὴν
2341 5241 2688 5295 διδασκαλίαν
2741 5241 2850 5294 τῶν
2899 5241 3237 5310 φαινομένων
3285 5239 3593 5310 πεποίηται.
3649 5237 3776 5290 Ἐὰν

2197 5337 2295 5408 μὲν
2323 5331 2414 5390 οὖν
2439 5339 2488 5390 οἱ
2515 5337 2666 5389 πόλοι
2698 5334 2834 5406 πρὸς
2866 5333 2944 5406 τῷ
2972 5333 3204 5406 ὁρίζοντι
3241 5333 3338 5404 τὴν
3376 5333 3524 5386 θέσιν
3555 5331 3772 5402 ἔχωσιν,

2192 5427 2332 5481 ὥστε
2380 5425 2718 5497 ἐφάπτεσθαι
2766 5425 2862 5479 τοῦ
2911 5425 3214 5496 ὁρίζοντος,
3249 5423 3587 5494 συμϐήσεται
3639 5421 3772 5491 μήτε

2191 5519 2282 5574 τὸν
2310 5519 2569 5592 ἀρκτικὸν
2619 5521 2754 5589 μήτε
2799 5519 2889 5570 τὸν
2931 5517 3291 5589 ἀνταρκτικὸν
3334 5515 3565 5584 ἀειφανῆ
3611 5509 3773 5574 εἶναι,

2195 5613 2306 5666 ἀλλ’
2337 5613 2594 5683 ἑκάτερον
2627 5609 2832 5664 τούτων
2861 5609 3185 5682 ἡμικύκλιον
3219 5605 3526 5666 ἀνατέλλειν
3565 5605 3650 5660 ἀεὶ
3681 5605 3770 5660 καὶ
