4132 6428
433 340 537 400 989

1174 338 1500 397 ACIIILLIS
1539 337 1723 394 TATll
1762 339 2063 398 ISAGOGE
2103 340 2192 396 AD
2225 337 2437 395 AliATl
2476 337 2950 395 PIIIENOMENA.

3580 344 3687 402 990

429 456 625 513 δύνειν.
666 454 792 511 Ἐὰν
820 456 878 511 δὲ
917 456 1009 511 τὸν
1040 455 1247 528 βόρειον
1281 457 1445 511 πόλον
1483 457 1815 531 ὑψηλότερον
1860 461 1991 531 ποιὴη

2118 458 2456 514 horizontem
2484 455 2787 510 attollimus
2813 494 2827 520 ,
2871 469 2971 526 pro
3009 454 3313 512 altitudinis
3338 463 3569 518 ratione,
3599 472 3691 512 va-

432 567 617 623 οωμεν
643 549 1060 623 τοῦοὸρίζοντος,
1091 549 1228 621 πρὸς
1260 550 1320 603 τὸ
1339 550 1619 621 γινόμενον
1652 549 1885 623 έξαρμα,
1909 552 2005 605 καὶ

432 641 567 713 ὕψος
596 641 782 707 αὑτοῦ,
813 641 1001 696 καὶτὰ
1032 641 1269 712 κλίματα
1298 642 1399 713 τῆς
1427 642 1530 713 γῆς
1560 641 1671 707 ἕξει
1694 643 1763 696 τὰ
1797 642 1999 714 μεγέθη

430 734 538 789 τῶν
558 732 778 805 ἡμερῶν
811 733 905 787 καὶ
929 732 1037 786 τῶν
1071 731 1281 787 νυκτῶν
1311 731 1558 804 διάφορα.
1585 733 1775 803 Δῶμεν
1804 732 1847 801 ξ’
1882 750 2001 804 μοι-

430 825 541 897 ρῶν
580 825 779 878 κύκλον
808 825 1073 895 τέμνοντα
1097 822 1196 895 τὴν
1244 826 1478 895 σφαῖραν
1515 823 1605 877 διὰ
1648 823 1756 877 τῶν
1801 824 1999 886 πόλων,

426 914 618 987 ὥσπερ
648 916 773 979 τοὺς
806 913 1113 986 κολούρους,
1148 912 1315 985 Δῆλον
1352 908 1480 979 οὖν,
1514 913 1596 966 ὅτι
1636 912 1864 967 ἕκαστον
1895 912 2001 968 τῶν

428 1005 804 1078 ἡμισφαιρίων
830 1004 942 1071 ἕξει
968 1003 1072 1059 ἀνὰ
1096 1004 1138 1058 λ’
1157 1020 1171 1035 ·
1204 1003 1313 1059 τῶν
1341 1004 1399 1058 δὲ
1429 1005 1471 1035 ’ί
1503 1004 1638 1077 ὑπὲρ
1670 1004 1775 1074 γῆς
1808 1004 2003 1075 μοίρας

350 1132 351 1135 η
427 1097 472 1152 λ’
501 1097 611 1151 ἀπὸ
646 1096 738 1150 τοῦ
771 1095 1044 1168 ὁρίζοντος
1079 1095 1240 1168 μέχρι
1262 1095 1357 1149 τοῦ
1374 1095 1559 1152 πόλου.
1601 1096 1725 1150 Ἐὰν
1753 1093 1847 1149 οὖν
1877 1112 2002 1167 μετ-

427 1189 647 1260 εωρίσω
711 1188 803 1243 τὸν
852 1188 1061 1260 βόρειον
1105 1188 1269 1242 πόλον
1319 1188 1515 1261 μοίρας
1575 1194 1650 1254 ς’,
1699 1188 1852 1243 ἔσται
1904 1188 1999 1242 τοῦ

439 1278 833 1350 Ἑλλησπόντου
880 1279 941 1333 τὸ
987 1278 1157 1352 κλίμα
1200 1278 1323 1352 ἔχον
1369 1279 1468 1352 τὴν
1511 1279 1610 1352 μὲν
1654 1279 1865 1352 ἡμέραν
1901 1278 2000 1351 τὴν

430 1372 694 1443 μεγίστην
743 1371 903 1446 ὡρῶν
949 1379 1030 1440 ιε’,
1080 1373 1180 1444 τὴν
1230 1372 1286 1429 δὲ
1340 1371 1510 1427 νύκτα
1552 1372 1653 1445 τὴν
1712 1371 2000 1443 ἐλαχίστην

424 1465 583 1537 ὡρῶν
617 1465 683 1520 θ’.
726 1466 851 1521 Ἐὰν
883 1465 940 1520 δὲ
983 1466 1058 1538 μὴ
1095 1466 1256 1536 μόνον
1293 1464 1352 1530 ἐξ
1374 1505 1390 1533 ,
1421 1465 1536 1520 ἀλλ’
1573 1465 1729 1519 ἐννέα
1764 1464 1873 1518 ἀπὸ
1903 1464 1998 1519 τοῦ

421 1558 695 1629 ὁρίζοντος
730 1559 1045 1631 μετεωρίσω
1079 1557 1172 1612 τὸν
1211 1557 1420 1631 βόρειον
1446 1557 1640 1622 πόλον,
1687 1555 2000 1629 μακροτέρα

420 1645 574 1723 ἔσται
614 1650 648 1722 ἡ
681 1650 912 1722 μεγίστη
946 1649 1129 1723 ἡμέρα
1158 1649 1310 1721 παρὰ
1339 1652 1453 1713 τοῖς
1483 1649 1654 1715 οὕτως
1690 1649 1929 1703 οἰκοῦσιν
1964 1649 1996 1721 ἢ

376 1748 381 1753 ⁷
418 1741 535 1804 τοῖς
575 1741 996 1813 προειρημένοις
1034 1742 1094 1794 ὲν
1132 1739 1210 1813 τῷ
1243 1740 1635 1812 Ἑλλησπόντῳ.
1682 1741 1792 1795 Καὶ
1836 1741 1998 1796 πάλιν

2110 552 2191 605 ria
2223 559 2383 605 terra:
2419 548 2734 603 climatibus
2764 548 2974 602 dierum
3005 554 3059 602 et
3088 548 3330 602 noctium
3371 549 3688 618 magnitudo

2109 640 2403 699 constabit.
2437 639 2734 710 Fingamus
2795 641 3032 710 partium
3089 624 3371 710 sexaginta
3419 639 3688 693 circulum

2107 747 2268 797 esse,
2323 730 2418 801 qui
2479 730 2748 801 spbaaram
2797 744 2894 799 per
2934 730 3090 800 polos
3137 730 3411 785 transiens
3445 728 3685 793 dividit,

2106 820 2214 892 92
2247 826 2305 875 ut
2329 819 2503 875 coluri
2536 819 2764 873 faciunt.
2820 816 2990 889 Igitur
3042 821 3422 891 hemisphaeria
3472 821 3685 889 singula

2108 912 2335 967 tricenis
2371 911 2635 980 gradibus
2668 912 3022 975 constabunt,
3070 912 3314 983 adeoque
3344 911 3489 982 quod
3521 927 3687 980 supra

2108 1011 2309 1059 terram
2338 1003 2562 1068 eminet,
2600 1003 2803 1073 gradus
2853 1003 3096 1059 tricenos
3147 1004 3369 1059 habebit
3418 1003 3486 1059 ab
3534 1005 3685 1058 hori-

2108 1104 2268 1152 zonte
2287 1097 2355 1151 ad
2383 1096 2589 1167 polum.
2616 1094 2798 1162 Quare
2842 1094 2888 1151 si
2920 1096 2986 1149 ad
3014 1103 3198 1165 partes
3222 1111 3318 1150 sex
3359 1097 3546 1165 polum
3585 1110 3684 1150 ex-

2108 1188 2309 1254 tulero,
2330 1187 2388 1242 in
2417 1186 2754 1258 Hellesponti
2778 1187 2996 1241 climate
3023 1186 3376 1257 longissimus
3424 1187 3545 1242 dies
3587 1187 3685 1242 ho.

2108 1295 2292 1335 rarum
2321 1278 2412 1335 fiet
2434 1279 2536 1346 15;
2567 1278 2895 1335 brevissima
2934 1293 3042 1334 nox
3083 1281 3340 1333 horarum
3367 1278 3421 1333 9.
3478 1279 3689 1345 Quodsi

2107 1389 2216 1428 non
2248 1379 2461 1427 tantum
2502 1386 2599 1427 scx
2628 1371 2928 1443 gradibus,
2976 1370 3071 1425 sed
3106 1385 3301 1425 novem
3335 1385 3501 1439 supra
3537 1369 3684 1425 hori-

2107 1472 2320 1520 zontem
2355 1463 2541 1533 polum
2568 1463 2841 1518 borealem
2865 1477 3114 1526 erexero,
3160 1461 3396 1532 longior,
3432 1475 3595 1531 quam
3627 1460 3683 1517 in

2106 1554 2479 1625 Hellesponto,
2512 1553 2604 1609 fiet
2637 1554 2786 1619 dies,
2822 1554 2971 1611 illius
3009 1561 3220 1608 tractus
3267 1553 3483 1608 incolis.
3545 1550 3690 1606 Rur-

2106 1663 2201 1704 sus
2229 1662 2359 1702 vero
2403 1647 2450 1702 si
2497 1645 2730 1700 arduum
2758 1647 2963 1716 magis,
3018 1661 3083 1700 ac
3127 1659 3295 1716 supra
3345 1645 3687 1700 horizontem

2105 1739 2436 1795 eminentem
2483 1738 2668 1809 polum
2720 1746 2962 1792 statuero
2990 1777 3004 1801 ,
3053 1738 3201 1791 horae
3257 1737 3536 1807 longiores
3592 1751 3686 1791 ex-

419 1830 517 1886 ἐὰν
561 1832 890 1904 ὑψηλότερον
932 1832 1095 1887 αὑτὸν
1135 1833 1373 1904 ποιήσω,
1409 1832 1503 1886 καὶ
1536 1833 1669 1887 πολὺ
1708 1833 1872 1888 αὐτοῦ
1905 1834 1991 1888 τοῦ

2099 1831 2329 1897 sistent,
2386 1831 2562 1886 donec
2610 1830 2850 1904 borealis
2904 1829 3065 1900 polus
3113 1829 3395 1884 culminet.
3444 1828 3522 1882 Ac
3554 1834 3687 1883 tunc

420 1922 692 2015 ὁρίζοντος
754 1924 1055 1995 ἀπέχοντα,
1106 1924 1439 1996 μακρότεραι
1495 1924 1881 2015 εὑρεθήσονται
1946 1929 2003 1980 αἱ

417 2007 559 2082 ὧραι
585 2015 630 2046 ³³
650 2054 666 2081 ,
701 2014 806 2079 ἓως
844 2014 910 2069 ἂν
937 2016 964 2068 ὁ
997 2014 1209 2087 βόρειος
1256 2007 1639 2088 μεσουρανὴσῃ
1682 2015 1843 2079 πόλος
1868 2033 1881 2046 ·
1910 2017 2005 2071 καὶ

419 2103 542 2158 τότε
565 2143 584 2171 ,
613 2104 786 2171 οὕτως
816 2106 1078 2178 κειμένης
1114 2107 1215 2178 τῆς
1257 2106 1526 2178 σφαίρας,
1559 2094 1898 2178 συμϐήσεται
1944 2106 2005 2172 ἓξ

422 2197 607 2269 μηνῶν
639 2193 780 2253 εἶναι
806 2200 906 2270 τὴν
952 2201 1187 2273 ἡμέραν,
1222 2200 1317 2254 καὶ
1347 2199 1406 2264 ἒξ
1436 2198 1624 2271 μηνῶν
1654 2198 1753 2271 τὴν
1792 2198 1963 2253 νύκτα
1985 2217 1998 2230 ·

420 2290 881 2362 μεσουρανοῦντος
931 2290 1039 2363 γὰρ
1085 2290 1181 2344 τοῦ
1221 2291 1433 2364 βορείου
1472 2290 1636 2346 πόλου
1661 2331 1676 2358 ,
1710 2291 2004 2364 εὑρεθήσε-

415 2391 507 2430 ται
535 2378 565 2431 ὁ
596 2377 858 2441 ζωδιακὸς
891 2378 995 2432 ὑπὸ
1026 2377 1121 2461 τρῦ
1169 2378 1441 2451 ὁρίζοντος
1485 2380 1565 2444 είς
1596 2379 1691 2434 δύο
1730 2380 2000 2452 τεμνόμε-

413 2482 506 2530 νος
528 2482 545 2499 ⁸
574 2468 669 2523 καὶ
696 2469 759 2522 τὸ
798 2468 897 2540 μὲν
920 2469 1091 2540 ἥμισυ
1118 2469 1258 2542 ὑπὲρ
1285 2471 1410 2542 γῆς,
1439 2470 1501 2523 τὸ
1528 2469 1587 2523 δὲ
1611 2469 1795 2524 λοιπὸν
1826 2471 1999 2542 ἥμισυ

413 2555 521 2611 ὑπὸ
540 2557 644 2629 γῆν
671 2558 759 2611 ἀεὶ
786 2557 945 2630 ἔχων.
975 2559 1177 2613 Τούτου
1206 2559 1264 2614 δέ
1308 2558 1480 2625 οὕτως
1516 2561 1689 2629 ὄντος,
1715 2560 1893 2634 δῆλον,
1922 2561 1998 2628 ὡς

412 2649 507 2704 καὶ
533 2648 594 2715 ἒξ
618 2649 784 2716 ζώδια
810 2651 952 2724 ὑπὲρ
986 2652 1089 2723 γῆς
1125 2651 1300 2719 ἔσται,
1325 2651 1497 2708 ταῦτα
1530 2652 1789 2725 δηλονότι,
1832 2657 1890 2708 ἐν
1914 2650 1997 2720 οἷς

410 2741 609 2813 ὁηῆλιος
639 2743 949 2816 γενόμενος,
975 2745 1068 2799 καὶ
1094 2745 1214 2799 καθ’
1230 2745 1459 2800 ἕκαστον
1488 2745 1532 2800 λ’
1560 2746 1774 2820 ἡμέρας
1800 2747 1991 2814 ποιῶν,

411 2836 631 2908 ποιήσει
658 2836 755 2909 τὴν
786 2837 999 2909 ἡμέραν
1032 2839 1218 2910 μηνῶν
1253 2844 1306 2903 ς’
1332 2855 1347 2871 ο
1380 2837 1449 2893 τὰ
1481 2837 1538 2892 δὲ
1572 2838 1708 2895 ἄλλα
1743 2846 1797 2905 ς’
1826 2838 1995 2905 ζὼδια

410 2925 499 2981 ἀεὶ
527 2925 732 2997 ἀφανῆ,
765 2928 860 2981 καὶ
881 2927 986 2981 ὑπὸ
1020 2928 1124 3000 γῆν
1168 2927 1319 2982 ἔσται
1343 2970 1358 2995 ,
1385 2929 1445 2983 ἐν
1475 2924 1558 2993 οἷς
1594 2934 1624 2983 ὁ
1662 2931 1812 3001 ἥλιος
1841 2932 1993 3001 γενό-

412 3033 573 3088 μενος
606 3016 822 3089 ποιήσει
849 3017 949 3089 τὴν
971 3017 1143 3072 νύκτα
1182 3020 1367 3090 μηνῶν
1402 3026 1477 3085 ς’,
1522 3019 1613 3074 διὰ
1645 3021 1707 3074 τὸ
1745 3022 1819 3092 μὴ
1859 3023 1992 3076 ἀνα-

2107 1921 2392 1977 semestris
2430 1922 2548 1979 dies
2586 1922 2693 1976 erit
2727 1921 3118 1988 semestrisque
3146 1935 3275 1975 nox.
3327 1918 3464 1973 Nam
3502 1920 3548 1975 si
3589 1919 3689 1975 bo-

2104 2013 2269 2068 realis
2301 2013 2461 2083 polus
2512 2014 2570 2067 in
2619 2013 2827 2068 vertice
2876 2013 2980 2079 sit,
3017 2011 3276 2066 zodiacus
3306 2012 3375 2066 ab
3403 2012 3687 2067 horizonte

2103 2103 2362 2173 bipertito
2390 2103 2704 2172 secabitur;
2735 2102 2965 2174 ejusque
3012 2117 3141 2172 pars
3167 2101 3392 2157 dimidia
3422 2111 3687 2172 perpetuo

2103 2211 2270 2266 supra
2310 2205 2514 2252 terram
2538 2197 2793 2261 exstabit,
2822 2195 2994 2250 altera
3026 2196 3130 2251 sub
3163 2202 3366 2250 terram
3391 2194 3682 2251 condetur.

2103 2286 2219 2342 Hoc
2260 2302 2392 2344 vero
2441 2288 2657 2360 posito,
2715 2288 3069 2359 perspicuum
3103 2295 3189 2343 est
3234 2302 3333 2343 sex
3374 2286 3491 2343 fore
3531 2288 3685 2358 signa

2101 2394 2267 2450 supra
2289 2386 2494 2434 terram
2522 2397 2541 2435 :
2583 2379 2639 2434 in
2678 2380 2882 2451 quibus
2911 2379 3125 2435 scilicet
3157 2379 3371 2450 positus
3404 2380 3511 2443 sol,
3543 2388 3598 2434 et
3630 2380 3685 2433 in

2099 2486 2433 2542 unoquoque
2461 2471 2685 2543 triginta
2714 2470 2832 2528 dies
2857 2486 3230 2538 commorans,
3265 2480 3584 2527 semestrem
3605 2470 3685 2525 ef-

2098 2564 2242 2636 ﬁciet
2275 2565 2452 2632 diem;
2479 2564 2694 2634 reliqua
2725 2581 2820 2621 sex
2839 2565 2998 2636 signa
3025 2579 3241 2634 semper
3262 2565 3479 2619 occulta
3499 2572 3683 2629 erunt,

2095 2664 2151 2713 et
2179 2656 2282 2713 sub
2305 2665 2453 2711 terra
2488 2656 2751 2711 condita:
2785 2672 2907 2728 qua:
2937 2673 3062 2712 cum
3104 2657 3187 2711 sol
3222 2658 3555 2728 peragrabit,
3590 2673 3684 2713 sex

2095 2749 2371 2806 mensium
2403 2756 2619 2805 noctem
2647 2748 2835 2813 faciet,
2863 2764 2930 2805 eo
2952 2750 3100 2820 quod
3127 2751 3185 2804 in
3212 2749 3324 2805 illis
3365 2750 3507 2805 situs
3536 2765 3684 2805 nun—

2094 2857 2256 2913 quam
2283 2840 2476 2897 oritur.
2518 2839 2645 2896 Haec
2690 2840 2758 2896 ad
2790 2841 3005 2898 dierum
3062 2853 3118 2897 et
3160 2841 3405 2896 noctium
3438 2841 3683 2912 inaequa-

2091 2934 2300 2989 litatem
2329 2932 2708 3004 explicandam
2741 2933 3164 3002 assumpsimus.
3219 2930 3296 2987 De
3339 2932 3544 3002 quibus
3599 2932 3685 2988 sic

2090 3025 2400 3082 habendum
2427 3033 2545 3093 est;
2584 3025 2829 3089 ratione,
2879 3040 2945 3080 ac
2985 3024 3448 3088 consideratione,
3484 3039 3685 3079 conse-

408 3107 614 3162 τέλλειν
642 3111 701 3162 ἐν
726 3111 840 3173 τοῖς
864 3116 918 3175 ς’
950 3110 1161 3175 τούτοις
1186 3112 1477 3183 γενόμενον
1506 3112 1688 3166 αὐτόν.
1722 3113 1907 3168 Ταῦτα
1929 3113 1987 3168 δὲ

2095 3125 2428 3188 quenterque
2457 3117 2525 3174 iis
2555 3133 2677 3188 quae
2729 3123 3033 3188 apparent,
3090 3117 3208 3171 haec
3260 3130 3292 3170 a
3335 3116 3500 3171 nobis
3555 3130 3683 3171 esse

407 3201 543 3272 ἡμῖν
578 3200 822 3272 εἰλήφθω
863 3203 963 3274 τῆς
1003 3179 1329 3274 ἀνωμαλίας*
1367 3202 1477 3258 τῶν
1525 3205 1749 3277 ἡμερῶν
1790 3223 1849 3259 τε
1894 3205 1989 3260 καὶ

2095 3179 2361 3273 collecta;
2393 3223 2518 3263 cum
2556 3179 2668 3264 sint
2698 3179 2914 3265 occulta
2946 3223 3196 3279 prorsus.
3224 3206 3344 3263 Non
3376 3208 3524 3262 enim
3565 3209 3678 3263 ulla

406 3291 617 3346 νυκτῶν
653 3291 834 3363 χάριν.
877 3293 997 3365 Χρὴ
1025 3293 1084 3347 δὲ
1114 3294 1331 3360 ειδέναι,
1364 3296 1446 3349 ὅτι
1485 3296 1629 3369 λόγῳ
1662 3297 1757 3351 καὶ
1789 3296 1992 3371 θεωρίᾳ

405 3382 579 3437 ταῦτα
628 3386 747 3439 κατ’
803 3385 1124 3440 ἀκολουθίαν
1170 3388 1237 3441 ἐκ
1295 3385 1404 3442 τῶν
1452 3389 1702 3461 φανερῶν
1748 3389 1984 3463 ἐδείχθη,

403 3475 588 3547 ἀφανῆ
616 3475 763 3530 ὄντα.
799 3477 875 3531 Ού
902 3477 1012 3551 γὰρ
1059 3478 1255 3550 ἔχομεν
1294 3479 1403 3533 ἀπὸ
1440 3482 1731 3553 ἐμπειρίας
1768 3481 1829 3547 ἓξ
1881 3499 1986 3553 μη-

403 3567 511 3621 νῶν
539 3567 638 3639 τὴν
662 3566 896 3640 ἡμέραν,
932 3570 1025 3624 καὶ
1044 3571 1143 3642 τὴν
1175 3570 1343 3625 νύκτα
1372 3572 1641 3627 τοσούτων
1668 3573 1856 3641 δεῖξαι.
1887 3575 1984 3627 Τι-

402 3658 492 3722 νὲς
532 3658 590 3713 δὲ
625 3659 929 3732 ἱστοροῦσιν
959 3668 1007 3734 η’
1042 3662 1267 3734 ἡμερῶν
1311 3661 1531 3719 ἔκτασιν
1579 3666 1711 3736 μιᾶς
1749 3665 1981 3738 ἡμέρας,

404 3748 554 3805 ἄλλοι
578 3749 635 3804 δέ
654 3757 709 3804 π’
730 3751 954 3824 ἡμερῶν
976 3769 990 3783 ο
1024 3753 1131 3807 είσὶ
1163 3754 1220 3807 δέ
1244 3750 1387 3810 οῦτοι
1418 3757 1469 3809 οἱ
1491 3756 1631 3828 ὑπὲρ
1657 3756 1863 3829 Θούλην
1886 3757 1985 3829 τὴν

404 3838 567 3911 νῆσον
597 3840 879 3913 λεγόμενοι
910 3836 1070 3899 εἶναι.
1109 3844 1172 3898 Ἡ
1204 3845 1304 3915 μὲν
1340 3841 1432 3900 οὖν
1474 3846 1616 3901 κατὰ
1648 3847 1717 3901 τὰ
1745 3834 1986 3919 κλίματα

402 3929 636 4004 διαφορὰ
662 3932 771 3987 τῶν
798 3933 1023 4007 ἡμερῶν
1061 3952 1123 3989 τε
1169 3938 1264 3991 καὶ
1299 3939 1510 3993 νυκτῶν
1545 3940 1985 4013 παραδείγματος

400 4022 561 4093 χάριν
590 4021 776 4077 τοῦτον
804 4022 895 4079 τὸν
925 4024 1126 4097 τρόπον
1157 4028 1290 4099 ἡμῖν
1325 4028 1569 4101 εἴρηται·
1596 4032 1628 4102 ἡ
1661 4032 1717 4085 δὲ
1746 4030 1889 4085 κατὰ
1915 4032 1984 4086 τὰ

404 4115 740 4184 Φαινόμενα
782 4116 1010 4188 Ἀράτου
1035 4119 1134 4190 τῆς
1168 4120 1403 4192 σφαίρας
1435 4121 1586 4187 θέσις
1611 4123 1814 4192 ὀφείλει
1839 4122 1983 4194 ἔχειν

401 4204 493 4262 τὸν
522 4206 780 4277 ἀρκτικὸν
807 4208 1005 4264 κύκλον
1041 4210 1135 4264 τοῦ
1160 4212 1429 4281 ὁρίζοντος
1457 4213 1851 4284 ἐφαπτόμενον,
1883 4217 1983 4286 τήν

2089 3299 2252 3355 nobis
2280 3300 2616 3371 experientia
2647 3309 2968 3356 semestrem
3013 3298 3156 3355 diem
3196 3306 3528 3370 noctemque
3579 3315 3681 3370 pa-

2088 3392 2294 3448 tefecit.
2347 3390 2471 3447 Sint
2499 3394 2592 3464 qui
2626 3393 2825 3449 alicubi
2859 3393 3073 3448 dierum
3125 3401 3251 3447 octo
3296 3407 3421 3448 esse
3460 3393 3678 3462 lucem;

2087 3485 2182 3538 alii
2210 3486 2486 3555 octoginta
2534 3484 2776 3540 referant
2807 3504 2819 3539 :
2853 3484 3001 3555 quod
3033 3484 3103 3539 iis
3134 3484 3335 3539 accidit
3368 3484 3463 3554 qui
3510 3499 3681 3555 supra

2087 3573 2298 3631 Thulen
2344 3576 2580 3632 insulam
2615 3576 2888 3631 habitant.
2938 3576 3023 3631 Ad
3059 3593 3185 3633 eum
3236 3578 3423 3647 itaque
3451 3579 3678 3633 modum

2084 3668 2297 3724 dierum
2342 3670 2697 3742 noctiumque
2749 3685 2849 3740 pro
2877 3670 3158 3726 climatum
3211 3671 3426 3727 ratione
3474 3671 3677 3727 discri-

2084 3776 2210 3817 men
2265 3777 2296 3815 a
2359 3762 2521 3818 nobis
2575 3762 2904 3832 explicatum
2954 3770 3063 3819 est.
3113 3762 3316 3818 Verum
3373 3763 3518 3821 situs
3574 3764 3670 3821 ille

2081 3853 2329 3924 sphmm,
2358 3854 2452 3924 qui
2487 3853 2556 3908 ad
2594 3854 2749 3908 Arati
2784 3854 3141 3910 Phamomena
3168 3856 3466 3921 convenit,
3523 3856 3674 3925 ejus-

2083 3942 2228 3998 modi
2253 3959 2374 3999 esse
2396 3943 2579 4010 debet,
2604 3952 2664 3999 ut
2690 3946 2747 3999 in
2785 3961 2853 4002 eo
2882 3946 3126 4001 circulus
3156 3948 3397 4003 arcticus
3452 3948 3676 4003 contin-

2091 4041 2184 4103 gat
2219 4034 2583 4102 horizontem,
2614 4052 2849 4108 eumque
2878 4038 3148 4093 circulum
3180 4046 3369 4110 tangat
3405 4038 3672 4097 Draconis

2089 4135 2254 4197 caput
2282 4146 2295 4181 :
2328 4128 2409 4183 sic
2439 4135 2501 4182 ut
2531 4130 2772 4185 arcticus
2801 4130 2891 4186 ille
2912 4133 3166 4202 attingat,
3184 4146 3248 4187 ac
3266 4133 3671 4205 quodammodo

2087 4220 2243 4273 radat
2272 4218 2634 4277 horizontem.
2668 4220 2808 4278 Hinc
2842 4224 3045 4280 Aratus
3073 4243 3086 4278 :

396 4316 459 4354 τε
488 4302 584 4356 τοῦ
618 4303 921 4396 Δράκοντος
961 4306 1199 4377 κεφαλὴν
1241 4308 1625 4381 ἐφαπτομένην
1663 4310 1755 4364 τοῦ
1810 4312 2071 4383 ἀρκτικοῦ
2138 4314 2338 4370 κύκλου
2359 4359 2376 4387 ,
2408 4318 2575 4373 αὐτοῦ
2615 4320 2674 4374 δὲ
2708 4320 2803 4375 τοῦ
2854 4319 3116 4394 ἀρκτικοῦ
3160 4323 3537 4395 ἐφαπτομένου
3573 4324 3674 4385 τοῦ,

397 4396 671 4469 ὁρίζοντος
696 4441 711 4465 ,
735 4401 830 4455 καὶ
860 4401 1049 4475 ῶσπερ
1079 4401 1220 4467 ξέειν
1252 4404 1434 4459 αὐτόν.
1477 4405 1571 4458 Διὸ
1608 4406 1703 4460 καὶ
1747 4408 1984 4480 ’Ἄρατός
2015 4427 2147 4481 φησι
2166 4429 2181 4444 ο

396 4513 577 4595 ζει-δίνη
610 4528 729 4569 που
754 4517 988 4595 κεφαᾼὴ
1013 4516 1087 4586 τῇ
1111 4520 1387 4595 νίσσεται
1416 4520 1483 4595 ‘_’,
1509 4515 1621 4595 ﬁxi
1635 4535 1768 4595 Δπερ
1799 4524 1978 4595 ἄκραι
2007 4531 2055 4590 D

393 4584 725 4653 Μίσγονται
751 4584 959 4654 δύσιές
976 4584 1173 4645 una;
1207 4590 1458 4645 ἀντολαὶ
1486 4584 1648 4661 Mr}
1662 4584 1817 4665 ὶῃὶτι.

464 4695 570 4747 Τὸν
602 4695 713 4767 γὰρ
742 4695 993 4767 ὁρίζοντα
1038 4699 1240 4768 μεταξὺ
1279 4700 1375 4755 τοῦ
1420 4703 1561 4775 ὑπὲρ
1586 4703 1692 4773 γῆς
1734 4705 1830 4758 καὶ
1870 4704 1976 4759 ὑπὸ

393 4782 497 4855 γῆν
521 4786 884 4858 ἡμισφαιρίου
916 4782 1059 4847 εἶναι
1096 4791 1431 4863 συμϐέϐηκε.
1478 4795 1635 4860 Τινὲς
1661 4796 1718 4850 δὲ
1747 4798 1847 4850 οὐκ
1881 4800 1975 4852 ἐπὶ

391 4875 487 4930 τοῦ
507 4876 781 4949 ὁρίζοντος
807 4879 1248 4949 ἁκούουσιν,ἀλλ’
1274 4884 1369 4939 ἐπὶ
1396 4886 1490 4941 τοῦ
1510 4891 1884 4963 μεσημϐρινοῦ
1911 4893 1974 4946 τὸ

393 4968 500 5023 ὑπὸ
523 4969 618 5023 τοῦ
656 4969 884 5043 ’Δράτου
906 4972 1120 5043 λεχθέν
1142 4975 1276 5029 διότι
1301 4978 1397 5032 τοῦ
1427 4981 1568 5052 ὑπὲρ
1584 4982 1688 5054 γῆς
1707 4985 1971 5055 ἡμισφαι-

395 5059 512 5131 ρίου
544 5062 878 5133 τεμνομένου
916 5063 1022 5117 ὑπὸ
1058 5064 1153 5120 τοῦ
1196 5069 1570 5142 μεσημϐρινοῦ
1608 5073 1670 5126 τὸ
1707 5075 1806 5145 μὲν
1850 5074 1968 5130 ἐστι

388 5152 528 5228 πρὸς
570 5156 637 5225 τῇ
677 5155 933 5227 ἀνατολῇ,
956 5156 1018 5210 τὸ
1057 5157 1114 5211 δὲ
1148 5159 1284 5231 πρὸς
1316 5165 1382 5234 τῇ
1412 5163 1580 5223 δύσει.
1624 5167 1778 5238 Ἐμοὶ
1809 5168 1866 5221 δὲ
1904 5169 1966 5222 οὐ

387 5241 530 5331 πόινυ
563 5260 616 5297 τι
647 5243 795 5299 δοκεῖ
828 5247 988 5301 τοῦτο
1030 5247 1209 5318 λέγειν
1247 5251 1510 5323 Ἄρατος·
1554 5258 1603 5309 εί
1635 5258 1708 5329 μὴ
1753 5258 1861 5331 ἄρα
1888 5278 1973 5325 τις

386 5330 530 5386 οὕτω
560 5333 710 5404 λέγοι
745 5336 845 5409 τὴν
882 5338 1124 5411 κεφαλὴν
1151 5339 1244 5393 τοῦ
1276 5342 1581 5413 Δράκοντος
1612 5330 1963 5417 πορεύεσθαι,

383 5514 715 5585 Μισγονται
750 5517 961 5587 δύσιές
995 5538 1059 5576 τε
1087 5452 1463 5579 2335:0355
1483 5455 1801 5597 manus
1820 5549 1832 5562 -

382 5605 523 5663 καθὸ
550 5608 646 5663 τοῦ
682 5610 958 5686 ὁρίζοντος
999 5615 1354 5690 ἐφαπτομένη
1384 5617 1530 5673 ἐστὶν
1562 5621 1594 5692 ἡ
1626 5621 1835 5713 κεφαλὴ
1867 5624 1960 5681 τοῦ

1225 5446 1252 5467 ιγ

458 5763 568 5836 "1'.
592 5767 750 5841 τὸδή.
826 5771 873 5803 ²¹
907 5771 1194 5844 Λήμέρᾳιο
1264 5774 1309 5807 ’³
1343 5791 1431 5844 τρι
1464 5775 1703 5846 νήκεταιο

2300 4528 2448 4599 ιιιυά
2486 4538 2644 4599 caput
2678 4546 2738 4584 eo
2772 4531 3024 4598 pervenit,
3053 4531 3142 4584 ubi
3171 4530 3395 4585 extremi

2310 4598 2604 4655 Miscentur
2638 4617 2879 4666 occasus,
2914 4611 2964 4655 et
2995 4611 3141 4655 ortus
3175 4601 3411 4655 invicem.

2151 4709 2285 4766 Nam
2339 4713 2571 4769 horizon
2639 4713 2785 4769 inter
2848 4713 3291 4782 hemisphaerium
3368 4720 3669 4783 utrumque

2080 4804 2336 4873 superius
2393 4810 2450 4858 et
2499 4802 2730 4860 inferius
2787 4804 3112 4875 iuterjectus
3151 4813 3254 4859 est.
3306 4801 3425 4857 Non
3463 4802 3660 4859 desunt

2080 4902 2284 4958 tamen,
2308 4895 2403 4963 qui
2424 4895 2580 4950 Arati
2604 4896 2772 4952 verba
2805 4897 2898 4950 illa
2934 4911 3045 4950 non
3073 4896 3142 4950 ad
3171 4896 3530 4957 horizontem,
3560 4895 3658 4949 sed

2077 4986 2146 5040 ad
2179 4986 2546 5041 meridianum
2599 4986 2884 5043 referant:
2915 4988 3176 5058 quoniam
3231 5003 3356 5042 cum
3405 4986 3660 5056 superius

2076 5076 2522 5148 hemisphaerium
2554 5094 2586 5134 a
2615 5080 2919 5136 meridiano
2948 5081 3158 5135 circulo
3205 5079 3498 5144 dividitur,
3534 5076 3664 5147 ejus

2074 5168 2247 5223 altera
2288 5184 2417 5241 pars
2440 5170 2508 5225 ad
2539 5181 2720 5227 ortum
2743 5212 2759 5239 ,
2790 5172 2962 5227 altera
2995 5171 3064 5225 ad
3110 5186 3366 5226 occasum
3397 5170 3652 5239 pertinet.

2079 5260 2207 5315 Mihi
2235 5276 2367 5318 vero
2415 5278 2528 5319 non
2579 5264 2685 5321 hoc
2715 5264 2854 5319 velle
2882 5263 2985 5319 sibi
3033 5263 3249 5319 videtur
3277 5263 3512 5327 Aratus,
3548 5262 3667 5317 uisi-

2071 5351 2196 5421 quis
2216 5349 2453 5411 fortasse
2474 5353 2677 5411 dixerit
2700 5354 2968 5412 Draconis
2999 5361 3164 5425 caput
3188 5368 3254 5409 eo
3283 5352 3445 5419 ferri,

2381 5503 2397 5515 .
2477 5506 2493 5521 .
2664 5512 2680 5528 .
2795 5504 2812 5524 .
2849 5467 3195 5522 ubteztremi

2291 5534 2589 5592 Miscentur
2599 5554 2841 5604 occasus,
2865 5548 2915 5592 et
2941 5549 3090 5592 ortus
3110 5538 3326 5592 invicem
3346 5553 3368 5602 ;
3396 5594 3401 5601 ,

2070 5628 2162 5686 ubi
2197 5629 2468 5702 contingit
2508 5630 2847 5689 horizontem
2882 5629 3149 5688 Draconis
3179 5635 3341 5701 caput
3387 5627 3453 5685 ad
3487 5627 3643 5689 meri-
