4132 6470
465 428 569 489 991
1173 491 1176 494 Α
1494 427 1580 481 AD
1619 427 1888 483 EUSEBll
1926 428 2326 486 CHRONICON
2371 429 2727 485 APPENDIX.
3612 437 3724 496 993

466 553 690 604 manum
733 546 1038 612 circulum,
1085 563 1191 618 qua
1236 555 1390 617 parte
1444 561 1567 601 cum
1621 545 1905 604 horizonte
1946 548 2036 629 ille

2144 547 2467 617 Δράκοντος,
2503 547 2596 601 καὶ
2627 547 2760 620 πρὸς
2783 546 2860 618 τῷ
2893 550 3250 623 μεσημϐρινῷ
3269 594 3283 618 ,
3310 553 3444 607 καθδ
3477 555 3718 629 συμϐολὴ

469 640 850 704 committitur,
879 655 945 694 ac
975 655 1034 695 se
1063 639 1168 709 ipsi
1203 647 1387 694 secant
1439 639 1694 694 invicem.
1744 617 2036 709 Propte’rea

2146 634 2352 702 γίνεται
2395 634 2486 687 τοῦ
2543 617 2916 709 μεσημϐρινοῧ
3111 617 3566 718 τοῦ-ὁρίζοντος,
3623 617 3720 700 καί

469 731 538 786 de
565 730 782 802 Cepheo
813 733 1042 802 loquens
1075 733 1295 800 Aratus,
1329 731 1580 788 eumdem
1631 731 1792 786 nobis
1833 731 2045 786 indica-

469 813 564 877 vit.
593 824 726 878 Nam
755 825 917 893 hujus
939 839 1067 894 pars
1102 825 1194 878 illa
1219 833 1354 888 tota,
1390 839 1512 894 quae
1536 839 1566 877 a
1591 824 1814 894 cingulo
1854 823 1922 880 ad
1951 839 2046 894 pe—

469 912 569 968 des
599 914 850 982 pertinet,
884 915 1028 968 intra
1049 914 1312 968 circulum
1344 915 1614 970 arcticum
1645 923 1749 969 est.
1772 913 2044 980 Quoniam

473 1021 600 1059 vero
632 1007 872 1062 circulus
927 1007 1167 1062 arcticus
1216 1007 1422 1062 occidit
1471 1021 1792 1076 nunquam;
1831 1007 2042 1062 balteus

471 1111 600 1150 vero
631 1097 831 1167 Cephei
865 1099 920 1152 in
963 1099 1170 1154 ambitu
1205 1109 1290 1154 est
1342 1099 1586 1169 ejusdem
1644 1098 1863 1167 arctici;
1913 1099 2042 1154 hinc

472 1187 807 1243 horizontem
839 1203 936 1258 per
965 1189 1085 1260 ejus
1121 1191 1364 1246 balteum
1396 1189 1669 1260 signiﬁcat
1708 1209 1722 1244 :

1041 1403 1055 1417 .
1137 1403 1148 1416 .
1228 1403 1244 1418 .
1287 1363 1517 1434 Cepheus
1551 1377 1722 1436 autem
1757 1363 1970 1436 cingulo

471 1432 690 1486 Terram
722 1433 904 1487 radit:
937 1449 1056 1505 qua:
1100 1444 1222 1488 sunt
1275 1437 1328 1488 in
1359 1432 1534 1506 capite
1555 1435 1792 1507 quidem,
1823 1432 2038 1520 prorsus

470 1572 694 1643 Tingens
727 1573 936 1628 Oceano
958 1591 976 1628 :
1011 1574 1110 1628 illa
1163 1591 1279 1628 vero
1335 1591 1439 1630 non
1491 1577 1652 1630 licet:
1686 1577 1776 1632 sed
1809 1507 2040 1645 ergo?ng

474 1707 622 1763 Ursa:
651 1710 943 1778 prohibent,
973 1711 1148 1779 pedes,
1183 1720 1230 1766 et
1257 1728 1411 1784 genu,
1434 1723 1484 1766 et
1507 1711 1729 1767 lumbos.

541 1821 664 1876 Haec
683 1831 810 1877 sunt
827 1839 948 1894 quae
971 1823 1040 1878 de
1062 1823 1287 1893 sphaerae
1311 1825 1491 1894 positu
1519 1823 1752 1880 dicenda
1777 1823 2037 1880 videban-

2145 725 2431 796 τέμνουσιν
2460 727 2741 798 ἀλλήλους.
2777 731 2889 784 Καὶ
2915 730 3002 784 διὰ
3027 729 3184 786 τοῦτο
3215 731 3342 804 περὶ
3369 735 3602 806 Κηφέως
3627 737 3718 790 λέ-

2145 833 2286 884 γων,
2319 819 2411 872 τὸν
2458 819 2620 872 αὑτὸν
2661 821 2918 891 ἐνέφηνεν
2965 825 3098 894 ἡμῖν
3145 825 3174 876 6
3215 826 3465 896 Ἄρατος.
3515 827 3716 883 Τούτου

2143 907 2254 980 γὰρ
2289 909 2358 962 τὰ
2401 909 2510 964 ἀπὸ
2551 911 2650 981 τῆς
2689 911 2866 982 ζώνης
2905 915 3011 978 ἕως
3050 916 3160 970 τῶν
3203 916 3379 970 ποδῶν
3412 919 3562 982 ἐντός
3602 921 3718 975 ἐστι

2141 998 2236 1050 τοῦ
2265 997 2550 1068 ἁρκτικοῦ.
2593 1001 2746 1054 Ἐπεὶ
2791 1002 2848 1056 δὲ
2880 1005 2908 1056 6
2941 1003 3200 1074 ἀρκτικὸς
3239 1005 3438 1069 κύκλος
3463 1007 3718 1063 οὐδέποτε

2144 1089 2488 1158 καταδύεται,
2520 1094 2553 1163 ή
2584 1092 2642 1145 δὲ
2671 1091 2812 1166 ζώνη
2840 1093 2932 1148 τοῦ
2961 1096 3196 1165 Κηφέως
3224 1099 3282 1150 ἐν
3301 1099 3366 1168 τῇ
3395 1100 3720 1171 περιφερείᾳ.

2141 1179 2260 1234 ἐστὶ
2291 1179 2385 1234 τοῦ
2421 1183 2681 1254 ἀρκτικοῦ
2715 1183 2913 1238 κύκλου
2957 1185 3048 1240 τὸν
3085 1185 3336 1258 ὁρίζοντα
3365 1187 3453 1242 διὰ
3483 1189 3582 1254 τῆς
3615 1190 3720 1254 ζὼ-

2141 1286 2238 1342 νης
2264 1271 2428 1325 αὐτοῦ
2455 1273 2707 1345 ἐμφαίνει

2575 1365 2790 1438 "Hdde
2822 1363 2975 1438 {dim
3004 1369 3138 1422 τότε
3161 1368 3402 1438 Κηφεὺς

2139 1433 2332 1488 Γαῖαν
2353 1433 2588 1498 exigue;
2614 1451 2627 1464 '
2658 1437 2732 1490 τὰ
2761 1435 2879 1506 μὲν
2907 1433 2978 1492 ἐκ
3005 1433 3427 1510 κεφαλῇμάλα
3449 1439 3648 1494 πάντα

2137 1567 2395 1624 Βάπτων
2433 1569 2734 1626 Ὠκεανοῖο
2760 1587 2774 1600 ’
2815 1571 2890 1624 τὰ
2923 1570 2976 1624 δ’
3005 1572 3078 1626 οὐ
3111 1571 3276 1642 θέμις
3297 1589 3311 1603 ·
3343 1571 3616 1697 Mldler?
3653 1571 3715 1697 ἔξ

3541 1659 3653 1696 αυτ

2143 1706 2376 1776 Ἀρκτοι
2403 1710 2730 1775 κωλύουσι,
2769 1711 2980 1778 πόδας,
3009 1712 3108 1766 καὶ
3139 1712 3348 1784 γοῦνα,
3373 1713 3473 1768 καί
3505 1643 3692 1778 ίὲἔτξα

2210 1817 2292 1873 Τὰ
2323 1819 2422 1892 μὲν
2451 1815 2544 1874 οὖν
2581 1819 2681 1891 τῆς
2723 1820 2924 1886 θέσεως
2953 1822 3127 1878 ταῦτα
3155 1841 3169 1853 ·
3207 1824 3297 1877 τὸν
3327 1824 3387 1876 δὲ
3419 1823 3718 1896 ἐξηγούμε-

467 1919 578 1967 tur.
617 1912 790 1978 Quam
830 1893 924 1984 qui
957 1914 1231 1984 explicare
1257 1893 1386 1970 velit
1415 1917 1454 1982 ,'
1487 1915 1632 1970 hunc
1680 1915 1746 1968 ad
1789 1915 2036 1972 dextram

2142 1927 2230 1966 νον
2257 1913 2314 1966 ἐν
2341 1909 2490 1982 δεξιᾷ
2519 1911 2624 1983 χρὴ
2647 1913 2740 1965 τὸν
2770 1912 2976 1985 βόρειον
3015 1914 3174 1967 πόλον
3198 1914 3360 1984 ἔχειν,
3389 1917 3482 1968 καὶ
3503 1893 3574 1970 ἐν
3601 1893 3716 1989 apt-

467 2005 737 2061 borealem
770 2005 972 2061 habere
1003 2007 1186 2076 polum
1217 2015 1434 2078 oportet
1466 2026 1480 2064 :
1531 2008 1825 2064 australem
1869 2008 1936 2062 ad
1963 2009 2040 2063 si-

467 2097 720 2150 uislram.
751 2095 886 2150 Nam
917 2095 1072 2152 Ursae
1095 2098 1150 2152 in
1173 2098 1386 2154 oriente
1413 2099 1621 2154 dextrae
1654 2107 1816 2165 sunt;
1854 2109 2040 2156 auster

464 2203 594 2242 vero
631 2189 876 2243 sinister.
908 2189 1140 2255 Quidam
1175 2197 1355 2246 tamen
1399 2208 1522 2246 cum
1557 2192 1707 2246 illam
1743 2194 2036 2264 explicant,

463 2279 676 2332 malunt
707 2286 834 2334 ante
866 2295 925 2335 se
965 2279 1136 2335 Ursas
1171 2280 1414 2349 habere;
1473 2297 1615 2352 pone
1649 2293 1896 2339 austrum
1925 2303 1940 2342 :
1979 2295 2039 2340 ut

461 2369 655 2424 dexter
683 2373 754 2425 sit
794 2371 928 2440 ipsis
957 2373 1174 2437 oriens,
1207 2373 1435 2430 sinister
1471 2375 1750 2432 occidens.
1785 2377 1940 2444 Quod
1969 2395 2038 2434 ex

461 2461 770 2518 Homericis
799 2463 1050 2520 versibus
1079 2463 1318 2522 fortasse
1345 2465 1658 2522 didicerunt
1701 2486 1714 2524 :

465 2573 584 2644 Siue
611 2573 948 2628 dextrorsum
967 2586 1086 2630 eant
1119 2577 1187 2630 ad
1209 2594 1461 2632 auroram
1482 2587 1532 2632 et
1555 2580 1754 2644 solem;

462 2643 582 2698 Siue
608 2645 974 2699 sinistrorsum
997 2646 1066 2700 ad
1099 2663 1342 2703 occasum
1373 2649 1719 2706 tenebrosum.

463 2755 778 2812 Nescientes
809 2766 1022 2827 poetam
1057 2760 1468 2817 accommodate
1510 2763 1578 2818 ad
1611 2763 1832 2818 illorum
1867 2766 2034 2822 situm

459 2848 682 2904 dextras
713 2851 1018 2919 appellasse
1056 2859 1238 2920 partes
1287 2853 1620 2918 orientales,
1667 2857 2034 2915 occidentales

461 2939 738 2994 sinistras.
768 2943 836 2995 At
856 2942 911 2995 in
944 2943 1134 3001 mundi
1171 2945 1354 3014 positu
1383 2945 1590 3002 dextrae
1613 2957 1742 3004 sunt
1769 2947 1946 3016 Ursae,
1979 2959 2034 3006 et

455 3047 526 3087 eo
551 3032 713 3088 modo
742 3033 1008 3104 sphaeram
1059 3039 1400 3112 constituere
1450 3039 1610 3096 debet
1641 3041 1734 3112 qui
1767 3041 1916 3100 illius
1945 3057 2034 3099 ra-

457 3125 664 3179 tionem
695 3125 892 3184 docere
921 3129 1066 3184 velit.
1095 3107 1100 3120 ’

1105 3219 1184 3276 De
1229 3232 1395 3280 motu.
1463 3283 1476 3294 ι

523 3309 614 3366 56.
648 3309 752 3377 Qui
781 3311 1048 3382 sphaeram
1079 3315 1336 3383 explicat,
1365 3317 1419 3370 in
1460 3318 1735 3373 contraria
1763 3319 2032 3389 sphaeram

459 3409 727 3472 torqueat.
751 3402 885 3458 Nam
913 3405 1008 3475 qui
1038 3414 1229 3460 contra
1255 3407 1522 3477 sphaeram
1569 3425 1764 3466 versus
1790 3412 2036 3482 seipsum

451 3493 564 3564 93
597 3494 794 3560 ciebit;
835 3493 986 3551 Ursa:
1022 3495 1262 3555 sinistrae
1289 3504 1450 3552 erunt
1477 3499 1674 3553 orienti
1702 3517 1714 3552 :
1749 3507 1938 3556 auster
1966 3501 2034 3556 ad

455 3584 744 3642 dextram:
781 3587 930 3658 quod
979 3588 1096 3644 ﬁeri
1151 3589 1363 3659 nequit.
1415 3589 1572 3656 Quod
1631 3603 1809 3648 autem
1845 3593 1942 3659 ita,
1975 3603 2035 3650 ut

453 3677 694 3735 diximus
713 3721 728 3744 ,
767 3681 1036 3736 movenda
1067 3683 1282 3752 sphaera
1314 3683 1407 3750 sit,
1431 3684 1655 3742 docebit
1677 3703 1780 3743 nos
1802 3687 2032 3758 Aratus,

451 3771 549 3840 qui
582 3770 650 3826 de
677 3771 832 3828 Ursis
853 3773 990 3828 alias
1023 3775 1252 3845 loquens
1278 3793 1292 3831 :

601 3947 890 4026 ,πείθωμεν
909 3969 1028 4026 vero
1061 3954 1115 4026 in
1143 3953 1418 4008 humerum
1449 3956 1709 4026 feruntur,

599 4017 932 4087 Prtepostere
963 4024 1015 4076 in
1054 4023 1298 4080 humeros
1324 4017 1603 4086 conversw.

455 4108 608 4164 Alias
640 4109 706 4166 de
743 4109 1023 4182 Ophiucho
1062 4133 1076 4169 :

461 4201 526 4280 in
549 4201 793 4257 humeros
823 4203 1441 4280 demittitmrumnosum
1471 4209 1798 4280 Ophiuchum

453 4271 660 4326 Cancer
684 4290 712 4328 e
747 4275 964 4342 genibus
988 4293 1006 4330 :
1039 4275 1273 4332 demittit
1316 4297 1434 4336 vero
1478 4271 1780 4426 S'erpentein
1813 4287 2028 4356 propius

1757 4371 2020 4412 cervicem.

1757 4371 2020 4412 cervicem.

453 4431 584 4488 Item
620 4452 634 4488 :

453 4525 642 4600 Oritur
671 4523 871 4594 Hydra!
902 4535 1082 4600 caput,
1109 4535 1158 4579 et
1187 4529 1556 4600 cwsiusLepus

453 4599 529 4648 Ac
559 4594 803 4666 Procyon
831 4611 850 4649 .'
879 4598 1270 4668 anterioresque
1302 4594 1470 4656 Canis
1487 4601 1638 4670 pedes
1663 4605 1918 4662 ardentis.

451 4751 492 4804 li
504 4769 667 4808 ursus

451 4843 746 4898 Dimidium
775 4843 1020 4909 Coronae,
1043 4854 1093 4900 et
1113 4847 1282 4915 ipsam
1313 4857 1631 4915 postremam
1655 4853 1881 4908 caudam

449 4915 704 4968 Centauri
733 4915 910 4983 ferunt
931 4917 1271 4972 ascendentes
1303 4921 1478 4974 adhuc
1504 4919 1700 4978 Chelce.

445 5003 522 5060 De
549 5003 684 5060 Ceto
713 5021 844 5060 vero
876 5021 890 5058 :

447 5099 524 5150 Ac
553 5095 693 5168 quod
724 5097 794 5151 ad
824 5101 1071 5154 cervicem
1097 5117 1260 5167 usque
1287 5119 1590 5162 conversum
1623 5119 1703 5164 est

449 5233 692 5300 Occidit;
725 5251 886 5305 porro
919 5237 1152 5306 Cepheus
1188 5241 1378 5310 capite,
1404 5251 1452 5296 et
1488 5261 1670 5314 manu,
1703 5258 1752 5304 et
1780 5251 2012 5309 humero.

446 5391 580 5447 ltem
613 5411 629 5448 :

447 5479 628 5556 Equus
647 5495 822 5540 autem
851 5503 1085 5556 aquario
1107 5490 1437 5546 commodum
1463 5495 1662 5554 oriente

2143 2005 2308 2074 στερᾷ
2329 2003 2418 2056 τὸν
2444 2003 2634 2058 νότιον.
2673 2005 2890 2077 Ἐπειδὴ
2921 2007 2976 2058 ai
3008 2005 3198 2077 ἄρκτοι
3227 2007 3320 2062 ἐπὶ
3339 2007 3612 2063 ἀνατολῶν
3643 2012 3701 2062 ἐν

2139 2095 2288 2166 δεξιᾷ
2307 2097 2511 2150 κεῖνται
2535 2111 2554 2138 ι’
2589 2097 2648 2150 ἐν
2687 2097 2950 2168 ἀριστερᾷ
2977 2097 3035 2150 δὲ
3067 2101 3095 2152 6
3123 2097 3292 2162 νότος.
3325 2101 3482 2164 Τινὲς
3511 2099 3568 2154 δὲ
3599 2101 3708 2156 τῶν

2139 2181 2515 2256 ἐξηγουμένων
2537 2185 2813 2256 βούλονται
2838 2187 3142 2259 ἔμπροσθεν
3169 2188 3266 2258 μὲν
3295 2188 3394 2251 τὰς
3422 2190 3712 2261 Ἀρκτους,

2137 2277 2312 2329 ὀπίσω
2335 2276 2392 2330 δέ
2421 2277 2512 2330 τὸν
2545 2277 2715 2344 νότον,
2743 2278 2893 2346 δεξιὰ
2927 2279 2984 2334 δὲ
3011 2279 3112 2342 τὰς
3133 2279 3424 2344 ἀνατολὰς,
3449 2281 3718 2354 ἀριστερὰ

2137 2367 2194 2422 δὲ
2223 2369 2322 2440 τὴν
2351 2367 2502 2422 δύσιν
2528 2369 2702 2440 ἔχειν·
2737 2369 2867 2435 ἴσως
2907 2369 3016 2424 ἀπὸ
3054 2371 3165 2425 τῶν
3207 2371 3522 2445 Ὁμηρικῶν
3567 2373 3718 2426 ἐπῶν

2137 2459 2452 2530 κινηθέντες
2465 2477 2479 2492 ·

2137 2573 2183 2646 ξι
2198 2575 2338 2646 Εἶτ’
2365 2575 2464 2629 ἐπὶ
2492 2575 2637 2640 δεξί’
2662 2576 2796 2646 ιωσι
2829 2576 2977 2646 πρὸς
3001 2577 3088 2646 ἠὼ
3113 2577 3164 2630 τ’
3193 2577 3406 2646 ἠέλιόν
3425 2595 3510 2640 τε.

2131 2645 2254 2698 Εἶτ’
2286 2645 2378 2698 ἐπ’
2408 2644 2690 2716 ἀριστερὰ
2715 2644 3034 2716 τοίγε-’ποτὶ
3060 2644 3240 2717 ζόφον
3263 2649 3584 2717 ἠερόενταο

2134 2762 2234 2815 οὐκ
2295 2761 2512 2826 εἰδότες,
2547 2763 2624 2826 ὡς
2679 2765 2710 2816 6
2751 2761 2982 2835 ποιητὴς
3025 2761 3162 2836 πρὸς
3217 2761 3315 2835 τὴν
3369 2761 3480 2816 τῶν
3531 2762 3716 2818 τόπων

2133 2853 2356 2906 ἐκείνων
2405 2853 2552 2906 Θέσιν
2613 2853 2761 2918 δεξιὰ
2818 2854 2917 2924 μὲν
2955 2853 3026 2906 τὰ
3071 2852 3398 2920 ἀνατολικὰ,
3449 2855 3714 2926 ἀριστερὰ

2132 2945 2190 3000 δέ
2229 2943 2299 2998 τὰ
2329 2945 2521 2999 δυτικὰ
2548 2941 2719 3000 εἶπεν.
2762 2945 2826 2998 Ἦ
2873 2945 2930 2998 δὲ
2967 2943 3061 2998 τοῦ
3105 2947 3310 3017 κόσμου
3350 2947 3498 3012 θέσις
3522 2988 3539 3014 ,
3569 2946 3716 3004 καθὰ

2133 3039 2416 3108 προεῖπον,
2457 3036 2638 3104 δεξιὰς
2671 3037 2783 3108 ἔχει
2815 3036 2914 3100 τὰς
2949 3037 3216 3108 Ἀρκτους
3239 3055 3252 3068 ·
3287 3041 3382 3094 καὶ
3419 3037 3593 3105 οὕτως
3633 3057 3714 3094 τι-

2135 3129 2285 3182 θέναι
2315 3128 2422 3201 χρὴ
2455 3130 2554 3200 τὴν
2587 3133 2824 3200 σφαῖραν
2853 3128 2944 3182 τὸν
2977 3127 3359 3200 ἐξηγούμενον.

2676 3219 2818 3289 Περὶ
2857 3219 3172 3288 κινήσεως.

2206 3313 2314 3379 λς’.
2335 3312 2456 3385 Χρὴ
2471 3312 2560 3366 τὸν
2585 3311 2948 3384 ἐξηγούμενον
2973 3313 3065 3365 ἐπὶ
3087 3313 3158 3366 τὰ
3182 3311 3400 3368 ἐναντία
3421 3315 3712 3385 περιδινεῖν

2135 3405 2234 3476 τὴν
2265 3408 2518 3476 σφαῖραν.
2555 3405 2620 3458 Εἰ
2649 3405 2758 3476 γάρ
2793 3421 2878 3467 τις
2911 3403 3020 3459 ἀπὸ
3059 3405 3168 3458 τῶν
3199 3406 3452 3460 ἐναντίων
3479 3407 3564 3474 ἐφ’
3589 3408 3715 3461 ἐαυ-

2134 3497 2224 3551 τὸν
2257 3496 2587 3568 περιδινήσει
2624 3497 2720 3568 τὴν
2766 3498 3000 3567 σφαῖραν
3023 3535 3038 3560 ,
3071 3497 3126 3549 αἱ
3163 3497 3386 3568 Ἀρκτοι
3425 3499 3712 3570 ἅριστεραὶ

2135 3586 2348 3641 ἔσονται
2389 3586 2498 3641 τῶν
2545 3586 2819 3641 ἀνατολῶν
2848 3606 2860 3617 ·
2908 3589 2936 3640 6
2977 3586 3034 3640 δὲ
3077 3587 3226 3651 νότος
3259 3590 3316 3642 ἐν
3349 3587 3532 3660 δεξιᾷο
3573 3589 3710 3662 ὅπερ

2133 3679 2414 3734 ἀδύνατον.
2447 3679 2566 3734 Ὅτι
2595 3679 2673 3744 δὲ,
2697 3679 2773 3742 ὼς
2800 3673 2974 3744 εἷπον,
2999 3677 3104 3750 χρὴ
3129 3679 3228 3749 τὴν
3257 3681 3492 3752 σφαῖραν
3519 3682 3708 3746 κινεῖν,

2133 3771 2334 3839 διδάξει
2385 3773 2534 3844 ἡμᾶς
2583 3771 2746 3834 αὐτὸς
2792 3771 3026 3842 ’Ἄρατος
3096 3771 3226 3824 ποτέ
3274 3771 3373 3841 μὲν
3429 3771 3558 3844 περὶ
3601 3773 3709 3826 τῶν

2136 3865 2387 3936 ’Λρκτων
2411 3865 2604 3941 λέγῳν.

2137 3998 2150 4012 .
2189 3998 2202 4010 .
2243 3995 2256 4008 .
2293 3953 2536 4010 ..ΑΖεὶιδὲ
2563 3951 2919 4021 κατωμάδιαι
2953 3949 3284 4020 φορέονται,

2135 4027 2438 4095 Ἕμπαλιν
2461 4027 2548 4090 εἰς
2585 4023 2780 4093 ὤμους
2814 4021 3222 4091 τετραμμέναι.

2133 4115 2268 4169 [Ιοτέ
2305 4115 2364 4168 δὲ
2397 4113 2491 4168 ἐπὶ
2521 4113 2614 4167 τοῦ
2661 4113 2939 4183 Ὀφιούχου
2972 4113 3177 4180 λέγων·

2136 4205 2248 4260 Τὸν
2275 4205 2344 4259 δὲ
2371 4205 2582 4277 παίεις
2609 4205 2805 4277 ὤμους
2835 4203 3075 4277 κατάγει
3099 4205 3356 4277 μογερόν
3401 4207 3708 4277 Ὀφιοῦχον

2131 4277 2428 4344 Καρκίνος
2463 4276 2531 4329 ἐκ
2563 4275 2856 4344 γονάτων·
2897 4274 3139 4346 κατάγει
3164 4275 3216 4328 δ’
3237 4274 3700 4420 Ὀφιῖὲαῠζένῖος

3445 4366 3614 4417 ττυς-

2131 4439 2242 4493 Καὶ
2269 4439 2429 4494 πάλιν
2447 4457 2460 4469 ·
2959 4471 2964 4478 -

2142 4531 2444 4604 ’Λα-τέλλει
2463 4531 2514 4604 δ’
2535 4530 2749 4604 Ὑδρης
2785 4529 3040 4604 κεφαλὴ,
3058 4534 3320 4604 χαροπός
3350 4551 3414 4604 τε
3441 4539 3699 4604 Λαγωός·

2059 4589 2104 4645 Ῐ)
2129 4601 2240 4655 Καὶ
2269 4603 2595 4670 Προκύων·
2630 4589 2906 4670 ὰρὸτερόι
2937 4589 3220 4668 (effunde
3255 4589 3702 4675 sumequidem;-

3441 4674 3612 4747 [rora

2127 4759 2241 4814 Καὶ
2267 4761 2425 4815 πάλιν
2441 4777 2460 4796 ο

2128 4854 2347 4928 εᾘμιοίι
2382 4852 2453 4906 δὲ
2477 4851 2822 4928 Στεφάνοιο,
2851 4853 2950 4928 καὶ
2983 4853 3178 4928 αὐτὴν
3213 4855 3475 4923 ἔσχατον
3510 4859 3700 4928 οὐρὴν

2122 4925 2462 4992 Κενταύρου
2486 4923 2813 4992 φορέουσιν
2839 4924 3232 4995 ἀνερχόμεναι
3261 4928 3349 4982 έτι
3377 4923 3591 4996 Χηλαίξ

2124 5014 2236 5068 Καὶ
2263 5015 2392 5086 περὶ
2413 5015 2508 5069 τοῦ
2543 5017 2756 5087 Κήτους
2772 5031 2786 5045 ·

2125 5107 2238 5160 Καὶ
2289 5105 2356 5160 τὸ
2393 5108 2512 5178 μὲν
2555 5109 2623 5175 ές
2666 5105 2890 5177 λοφιὴν
2943 5107 3342 5178 τετραμμένον
3375 5109 3697 5251 ῗχριὴπαβ

3407 5198 3518 5234 αυτ
3563 5199 3601 5234 ν

3407 5198 3601 5234 αυτην

2083 5247 2328 5301 ’Δύνεν
2385 5246 2533 5316 ἀτὰρ
2591 5248 2832 5319 Κηφεὺς
2889 5245 3159 5319 κεφαλῇ,
3205 5249 3306 5302 καὶ
3355 5245 3501 5318 χ“ειοί
3527 5245 3557 5312 ,’
3596 5253 3693 5305 καὶ

3433 5319 3609 5391 [ὤμῳ.

2123 5409 2234 5463 Καὶ
2265 5407 2428 5463 πάλιν
2441 5427 2456 5439 ·

2121 5499 2328 5572 Ἵππος
2359 5499 2410 5554 δ’
2447 5499 2772 5572 Ὑδροχόοιο
2811 5501 2954 5572 reor
2985 5501 3501 5572 περιτελλομένοιο

445 5549 698 5620 Pedibus,
728 5567 778 5612 et
800 5549 969 5627 capite
995 5560 1298 5615 revolvitur.
1323 5561 1410 5615 Eat
1435 5549 1658 5623 adverso
1679 5583 1854 5631 autem
1881 5573 2018 5646 Equi

2132 5549 2319 5624 ἠοᾶἇί
2365 5587 2431 5624 τε
2480 5549 2580 5625 udi
2609 5549 2868 5641 ’κεφαλῇ
2931 5549 3583 5646 ἀνεὲἰσσεταῖῗρᾴντία
3635 5575 3690 5628 δ’

445 5683 488 5738 Α
525 5687 698 5742 cauda
713 5687 1038 5746 Centaurum
1062 5694 1285 5748 attrahit
1317 5697 1537 5756 occidua
1559 5719 1680 5757 nam.

445 5775 571 5833 Haec
590 5781 656 5832 de
692 5787 840 5835 motu
866 5783 1052 5853 paucis
1080 5784 1222 5842 dicta
1254 5795 1399 5844 sunt.

522 5893 566 5926 “
595 5893 668 5952 ΙΙ,
703 5898 779 5951 Μ.

2131 5709 2234 5772 Ἐξ
2256 5709 2440 5778 οὐρῆς
2467 5709 2806 5780 Κένταυρον
2830 5711 3142 5781 ἐφέλκεται
3167 5641 3618 5782 ἑσπερίὲριέυἲὲυ

2119 5801 2304 5856 Ταῦτα
2342 5802 2438 5872 μὲν
2465 5803 2540 5867 ὼς
2567 5803 2622 5858 ἐν
2651 5803 2840 5876 βραχεῖ
2868 5806 2996 5876 περὶ
3027 5805 3306 5878 κινήσεως.
