4132 6420
317 392 423 454 D95

477 499 619 572 Περι
651 496 887 567 ἄστρων
911 491 1145 557 δύσεώς
1179 503 1245 543 τε
1277 486 1376 542 καὶ
1411 481 1734 553 ἀνατολῆς.

385 617 487 684 λζ’.
523 614 645 669 Τῶν
676 613 892 684 ἄστρων
914 607 985 662 τὰ
1013 606 1111 679 μὲν
1138 604 1286 658 ἐστιν
1315 599 1572 672 ἀειφανῆ,
1604 596 1743 652 τὰδὲ
1767 595 1898 649 ποτὲ

323 709 422 783 μὲν
465 705 787 778 φαινόμενα,
837 699 971 756 ποτε
1016 699 1077 753 δὲ
1120 694 1303 768 ἀφανῆ
1326 691 1605 783 γινόμενα.
1645 686 1897 783 ’ἀειφανῆ

324 778 423 875 μὲν
447 794 542 855 οὖν
569 799 686 852 ἐστι
710 795 782 851 τά
806 792 957 857 ἐντὸς
976 788 1071 845 τοῦ
1096 784 1358 861 ἀρκτικοῦ
1383 782 1583 875 κύκλου
1601 797 1616 812 ·
1646 778 1901 875 οὐδέποτε

320 868 431 965 γὰρ
484 887 808 946 καταδύεται
864 883 1071 939 ταῦτα⁹
1128 878 1316 950 ἐπειδὴ
1369 874 1505 948 μηδὲ
1549 874 1579 927 6
1634 868 1902 965 περιέχων

321 963 467 1040 αὐτὰ
492 981 720 1045 κύκλος⁶
756 978 872 1034 ἀλλ’
902 976 1048 1031 ἐστιν
1089 974 1178 1031 ἀεὶ
1220 974 1278 1027 ὲν
1321 966 1589 1041 τῷ.ὑπὲρ
1630 964 1734 1035 γῆς
1774 963 1905 1034 ἡμι-

326 1073 566 1146 σφαιρίῳ
616 1067 879 1141 ἀειφανὴς
932 1065 1073 1139 μετά
1117 1062 1211 1118 καὶ
1247 1061 1357 1116 τῶν
1384 1062 1441 1115 ὲν
1477 1055 1625 1127 αὐτῷ
1655 1055 1900 1146 ἄστρων⁸

325 1144 509 1236 ἀφανῆ
534 1163 593 1218 δὲ
621 1162 690 1217 τά
718 1160 867 1224 ἐντὸς
908 1157 1004 1212 τοῦ
1043 1149 1403 1227 ἀνταρκτικωῖ
1440 1149 1641 1204 κύκλου
1661 1163 1675 1177 ’
1721 1144 1907 1217 ἐπειδὴ

328 1257 424 1312 καὶ
460 1254 621 1319 αὐτὸς
655 1254 743 1309 ἀεὶ
790 1251 1004 1322 ἀφανής
1038 1251 1174 1303 ἐστι.
1223 1245 1344 1300 Τῶν
1376 1245 1435 1299 δὲ
1462 1242 1662 1297 λοιπῶν
1693 1241 1908 1312 ἄστρων

328 1350 399 1405 τὰ
424 1349 523 1422 μὲν
560 1347 693 1403 ποτὲ
742 1346 841 1418 μὲν
884 1340 1181 1406 ἀνατέλλει,
1215 1338 1346 1394 ποτὲ
1386 1338 1444 1392 δὲ
1487 1336 1668 1390 δύνει·
1723 1333 1794 1387 τά
1827 1331 1909 1422 *δὲ

330 1416 437 1493 ἐπὶ.
455 1439 555 1510 τῆς
582 1416 755 1507 αὐτῆς
779 1433 973 1498 νυκτὸς
1005 1433 1099 1487 καὶ
1130 1427 1410 1486 ἀνατέλλει
1439 1426 1535 1481 καὶ
1574 1424 1741 1479 δύνει.
1784 1416 1911 1476 Οἷον

332 1528 475 1584 ἔστω
506 1529 536 1582 ό
575 1526 725 1598 ἡλιος
758 1526 816 1578 έν
852 1522 1041 1596 Κριῷ·
1088 1521 1276 1575 τούτου
1338 1515 1738 1580 ἀνατέλλοντος,
1775 1530 1911 1586 προ-

332 1616 611 1673 ανατέλλει
641 1616 870 1678 Ἵππος·
917 1613 977 1665 ὲν
1024 1610 1232 1681 Χηλαῖς
1275 1606 1334 1660 δὲ
1387 1605 1548 1668 ὄντος
1591 1601 1686 1656 τοῦ
1735 1601 1910 1673 ἡλίου,

333 1710 430 1767 καὶ
468 1706 846 1769 ἀνατέλλοντος
865 1743 881 1768 ,
919 1703 1137 1757 δέδυκεν
1185 1700 1290 1771 ἤδη
1324 1698 1541 1761 Ἵππος.
1579 1697 1743 1749 Ὥστε
1781 1693 1913 1747 ποτὲ

328 1804 439 1876 ’μὲν
467 1801 717 1873 φαίνεται
749 1797 1050 1854 ἀνατέλλων
1085 1795 1115 1847 6
1147 1793 1341 1854 Ἵππος
1364 1831 1380 1857 ,
1424 1790 1553 1844 ποτὲ
1602 1788 1660 1843 δὲ
1710 1787 1911 1841 δύνων·

335 1896 536 1969 ὁμοίως
579 1894 637 1949 δὲ
679 1891 777 1947 atat
805 1890 876 1945 τὰ
906 1889 1040 1944 ἄλλα
1073 1887 1247 1956 ἄστρα
1273 1884 1381 1939 ἀπὸ
1410 1882 1622 1955 θερινοῦ
1655 1877 1916 1953 τροπικοῦ

328 1989 503 2060 ’μέχρι
531 1985 626 2040 τοῦ
657 1980 991 2057 χειμερινοῦ.
1027 1979 1107 2034 Τὰ
1136 1978 1246 2051 γὰρ
1290 1978 1348 2032 ἐν
1380 1974 1456 2047 τῷ
1480 1970 1920 2047 ἀνταρκτικῷτῷ

341 2080 478 2153 πρὸς
499 2081 637 2152 νότῳ
656 2079 784 2133 όντα
806 2075 1021 2148 βράδιον
1044 2072 1403 2128 ἀνατέλλοντα
1416 2069 1560 2124 δύνει
1586 2068 1814 2139 ταχέως,
1832 2064 1923 2120 διά

350 2172 413 2225 :6
439 2171 619 2225 πλεῖον
644 2166 781 2223 εἶναι
816 2167 980 2239 μέρος
1011 2164 1113 2236 τῆς
1142 2163 1375 2235 σφαίρας
1409 2160 1515 2214 ὑπὸ
1544 2159 1649 2229 γῆν
1685 2158 1823 2231 πρὸς
1844 2156 1923 2229 τῷ

349 2261 488 2332 νότῳ
505 2277 518 2290 ·
550 2257 817 2313 ἀνάπαλιν
846 2257 905 2310 δὲ
927 2256 996 2309 τά
1021 2254 1254 2327 βορειότε
1264 2270 1352 2325 ρα,
1379 2253 1472 2307 καὶ
1512 2249 1710 2323 μεταξὺ
1735 2249 1924 2320 ἀρκτι-

345 2351 443 2407 κοῦ
482 2349 681 2404 κύκλου
728 2348 824 2404 καὶ⁸
879 2346 1193 2419 ῑσημερινοῦ
1214 2385 1232 2411 ,
1289 2343 1499 2415 ταχέως
1544 2341 1922 2404 ἀνατέλλοντα,

346 2441 585 2513 βραδέως
609 2440 773 2506 δύνει,
811 2438 899 2493 διὰ
934 2438 995 2492 :6
1041 2438 1225 2492 πλεῖον
1257 2436 1401 2508 ἔχειν
1438 2435 1602 2507 μέρος
1633 2422 1794 2505 ’ὑπὲρ
1822 2433 1925 2503 γῆν

343 2530 443 2598 τὴν
480 2532 711 2601 σφαῖραν
757 2528 893 2600 πρὸς
939 2527 1016 2598 τῷ
1058 2527 1243 2600 βορέᾳ.
1277 2526 1620 2597 Συμὸήσεται
1665 2520 1759 2579 οὖν
1804 2540 1927 2577 τινα

345 2624 453 2677 τῶν
490 2621 723 2677 ἐνταῦθα
755 2621 1022 2693 κειμένων
1065 2620 1280 2692 ἄστρων
1327 2620 1431 2673 ὑπὸ
1472 2618 1574 2688 τῆς
1619 2618 1789 2689 αὐτῆς
1832 2633 1927 2669 νυ-

350 2714 476 2778 κτὸς
508 2712 814 2768 ἀνατέλλειν
858 2710 953 2765 καὶ¹
999 2710 1207 2775 δύνειν,
1243 2708 1280 2763 ἄ
1320 2708 1566 2762 καλεῖται
1618 2704 1924 2777 ἀμφιφανῆ.

348 2806 794 2879 Παραδείγματος
833 2804 893 2857 δὲ
928 2802 1090 2875 χάριν
1133 2800 1489 2874 παρειλὴφθω
1537 2798 1566 2851 ό
1611 2799 1668 2852 ὲν
1716 2797 1927 2867 γόνασι,

349 2899 447 2954 καὶ
488 2897 626 2952 ἔστω
668 2899 697 2951 6
742 2896 891 2968 ἥλιος
925 2897 984 2948 ὲν
1032 2893 1272 2967 Τοξότῃ,
1319 2893 1413 2947 καὶ
1457 2890 1737 2945 ἀνατέλλει
1783 2890 1829 2923 ’⁵
1872 2891 1931 2943 έν

342 2986 521 3058 αὐτῷ.
551 2986 720 3041 Πάλιν
746 2984 920 3043 δυέτω
952 2982 1198 3048 δύνοντος
1229 2982 1379 3054 ἡλίου
1398 2999 1413 3013 ·
1441 2982 1648 3053 ἑσπέρα
1687 2978 1806 3033 ἐστὶ
1838 2979 1933 3034 καὶ

342 3080 451 3146 ,νύξ
468 3097 482 3111 ·
511 3080 540 3132 6
565 3078 623 3133 δὲ
650 3080 708 3134 ὲν
732 3077 951 3148 γόνασιν
977 3075 1186 3131 οὐδέπω
1212 3075 1430 3130 δέδυκεν
1450 3090 1463 3104 ·
1498 3072 1612 3127 ἀλλ’
1644 3071 1934 3145 ἐπιμείνας

353 3173 413 3225 ὲν
454 3169 534 3242 τῷ
572 3170 713 3241 ὑπὲρ
755 3171 859 3240 γῆς
892 3167 1250 3239 ἡμισφαιρίῳ,
1287 3166 1422 3237 πρὸς
1463 3168 1529 3236 τῇ
1554 3164 1701 3217 δύσει
1738 3162 1929 3226 δύνων,
1959 3181 2002 3239 c

357 3264 583 3335 ὕστερον
614 3262 709 3315 ἐπὶ
741 3261 840 3330 τῆς
877 3259 1048 3329 αὐτῆς
1072 3258 1265 3321 νυκτὸς
1310 3255 1682 3329 προλαμϐάνει
1712 3254 1811 3325 τὴν
1837 3251 1932 3306 τοῦ

357 3356 507 3428 ἡλίου
554 3353 813 3426 ἀνατολὴν
852 3352 945 3406 καὶ
974 3351 1068 3405 τοῦ
1098 3349 1350 3416 Τοξότου,
1391 3346 1805 3422 προανατέλλων
1837 3346 1936 3399 αὐ-

356 3446 489 3512 τῶν,
539 3446 634 3499 καὶ
689 3443 913 3517 ὕστερον
958 3441 1137 3497 αὐτῶν
1189 3441 1381 3496 δύνων.
1415 3439 1577 3512 Δηλοτ
1615 3437 1745 3508 γοῦν
1778 3435 1937 3491 τοῦτο

363 3540 431 3592 Ἀ
438 3556 595 3611 ρατος
631 3537 805 3606 λέγων
822 3554 838 3566 ·

362 3631 602 3683 Ὄντινα
660 3628 875 3683 τοῦτον
925 3626 1138 3682 ἄϊστον
1189 3624 1292 3682 ὐπ’
1342 3625 1637 3694 οὐρανίων
1679 3622 1939 3679 εἰδώλων

374 3700 732 3769 Ἀμφότερον
760 3697 1042 3769 δύνοντα,
1073 3696 1174 3751 καὶ
1205 3695 1276 3762 ἐξ
1305 3695 1515 3765 ἑτέρης
1543 3695 1788 3751 ἀνιόντα

361 3768 666 3835 Πολλάκις
693 3768 982 3836 αὐτονυχὶ
1010 3769 1323 3837 θηεύμεθα.
1765 3786 1773 3791 ·

628 3880 754 3934 Ὅτι
774 3879 983 3946 δύσεις
1004 3877 1212 3945 διτταὶ,
1238 3878 1339 3933 καὶ
1369 3877 1676 3935 ἀνατολαί.

435 3974 536 4046 λη’.
569 3971 731 4036 Δύσις
752 3970 809 4025 δὲ
839 3971 1053 4043 ἄστρων
1083 3971 1201 4024 ἐστὶ
1231 3969 1402 4042 διττὴ,
1427 3970 1521 4023 καὶ
1552 3968 1783 4039 ἀνατολή
1803 3985 1817 3999 ·
1847 3969 1944 4023 καὶ

366 4072 404 4135 ἡ
430 4065 527 4136 μὲν
552 4062 664 4134 ἑῴα
692 4063 932 4132 λέγεται,
954 4064 988 4133 ἡ
1016 4061 1073 4116 δὲ
1104 4060 1354 4132 έσπερία.
1393 4058 1533 4133 Ἑῴα
1560 4061 1660 4132 μὲν
1689 4059 1942 4131 ἀνατολὴ,

368 4157 495 4210 ὅταν
525 4153 886 4226 συνανατέλλῃ
914 4152 992 4225 τῷ
1025 4153 1159 4225 ἡλίῳ
1198 4152 1322 4226 [ὡς]
1354 4153 1551 4226 ἄστρα,
1585 4152 1679 4207 καὶ
1714 4151 1790 4225 μὴ
1827 4153 1945 4225 μετ’

360 4246 536 4325 αὐτοῦ
575 4247 656 4281 ²⁶·
693 4246 924 4319 ἐσπερία
967 4246 1044 4312 δὲ,
1091 4246 1241 4314 ὅταν,
1287 4245 1533 4310 δύνοντος
1582 4245 1771 4317 ἡλίου,
1813 4245 1947 4299 ἀνα-

368 4339 528 4412 στέλλῃ
559 4338 681 4393 τινὰ
729 4338 837 4393 τῶν
868 4337 1104 4411 ἄστρων.
1149 4337 1311 4402 Δύσις
1343 4336 1400 4392 δὲ
1436 4336 1547 4408 ἑῴα
1584 4337 1754 4403 ἐστὶν,
1797 4336 1945 4399 ὅταν,

362 4430 523 4501 ’ἡλίου
568 4429 968 4493 ἀνατέλλοντος,
1009 4428 1143 4503 δύνῃ
1192 4427 1265 4482 τὰ
1308 4429 1484 4501 ἄστρα
1539 4427 1663 4483 τάδε
1705 4427 1944 4500 ἢζτάδεο

363 4518 603 4590 ’έσπερία
626 4519 705 4584 δὲ,
733 4519 862 4574 ὅταν
892 4517 1239 4590 συγκαταδύῃ
1278 4517 1445 4589 αὐτῷ.

638 4631 769 4686 Ὀτι
796 4631 1061 4702 διαφέρει
1090 4632 1359 4701 ἀνατολὴ
1387 4631 1694 4702 ἐπιτολῆς.

445 4722 543 4779 λθ’.
565 4722 821 4793 Διαφέρει
836 4722 893 4776 δὲ
911 4720 1144 4794 ἀνατολὴ
1163 4721 1437 4791 ὲπιτολῆς.
1467 4718 1725 4790 Ἀνατολὴ
1740 4716 1956 4791 μὲνγὰρ

375 4831 525 4868 εστιν
560 4816 595 4885 ἡ
633 4812 751 4886 ἄμα
780 4811 859 4883 τῷ
882 4812 1021 4884 ἡλίῳ
1055 4813 1195 4884 ὑπὲρ
1237 4813 1329 4867 τὸν
1376 4812 1628 4885 ὁρίζοντα
1672 4808 1952 4881 ἀναφοράο

377 4904 602 4977 ἒιπιτολὴ
630 4905 709 4970 δὲ,
741 4905 872 4959 ὅταν
898 4905 1006 4977 πρὸ
1044 4904 1198 4977 ἡλίου
1230 4905 1334 4959 ὑπὸ
1372 4904 1470 4976 τὴν
1513 4902 1655 4974 ἑῴαν
1703 4901 1960 4974 ἀνατείλῃ

379 4995 596 5065 ἄστρον,
630 4989 751 5049 εἶτα
788 4994 874 5048 ἐπ’
903 4992 1053 5065 αὐτῷ
1097 4996 1126 5049 ό
1166 4994 1315 5065 ἥλιος
1346 4993 1609 5066 έπιτείλῃ.
1645 4993 1738 5047 Δεῖ
1776 4990 1835 5046 δὲ
1871 4993 1951 5045 εί-
1990 5022 1993 5025 -

380 5084 548 5151 δέναι,
578 5087 686 5153 ὅτι,
717 5086 899 5159 πάσης
927 5084 1078 5159 ὥρας
1116 5085 1570 5158 περιφερομένης,
1609 5085 1703 5140 καὶ
1747 5084 1957 5155 περιδι-

374 5178 648 5250 ,νουμένης
687 5179 787 5251 τῆς
822 5178 1078 5251 σφαίρας,
1127 5178 1342 5249 ἀνάγκη
1375 5178 1502 5232 -ὲστὶ
1530 5177 1626 5232 καὶ⁵
1669 5177 1737 5232 τὰ
1782 5175 1957 5248 ἄστρα

383 5271 546 5324 παντὶ
597 5272 797 5345 καιρῷ,
848 5271 943 5325 καὶ
976 5272 1035 5326 ὲν
1067 5270 1250 5342 ἡμέρᾳ
1287 5271 1382 5325 καὶ
1427 5272 1486 5325 ὲν
1526 5268 1682 5323 νυκτὶ
1714 5261 1853 5324 εἶναι
1897 5270 1958 5321 ὲν

383 5361 596 5435 ούρανῷ
626 5363 1155 5436 συμπεριδινούμενα
1173 5379 1188 5392 ⁶
1215 5362 1288 5434 μὴ
1311 5360 1593 5432 φαίνεσθαι
1614 5359 1672 5415 δὲ
1696 5362 1755 5415 ὲν
1775 5359 1961 5432 ἡμέρᾳ

383 5458 451 5529 τῇ
481 5455 752 5529 ὑπερσολῇ
792 5455 892 5527 τῆς
935 5454 1318 5526 λαμπρότητος
1361 5452 1456 5507 τοῦ
1495 5451 1646 5523 ἡλίου
1688 5450 1960 5506 καλυπτό-

390 5563 547 5619 μενα.
586 5546 871 5617 ’Δνατολὴν
917 5546 975 5601 δὲ
1005 5546 1067 5600 οὐ
1096 5545 1315 5601 λεκτέον
1354 5544 1574 5616 ἄστρου,
1608 5542 1704 5598 ὲάν
1734 5542 1963 5615 δευτέρᾳ

387 5637 560 5713 ῶρᾳῆ
589 5638 745 5711 τρίτῃ
766 5637 1102 5712 ἀναφέρηται
1132 5637 1274 5702 ὑπὲρ
1301 5637 1404 5709 γῆς
1425 5652 1439 5667 ·
1472 5634 1605 5691 ἀλλὰ
1631 5635 1752 5690 τότε
1779 5634 1960 5707 μόνον,

463 5797 504 5866 f.
540 5799 588 5832 ”
619 5797 901 5873 ἀνατέλλῃ.
977 5797 1024 5831 ⁸⁸
1059 5795 1101 5867 f.
1139 5795 1323 5851 αὐτόν.

1047 371 1366 432 ACHlLLlS
1402 368 1592 426 TATII
1625 364 1928 425 ISAGOGE
1964 361 2055 419 AD
2092 358 2308 416 ARATI
2342 353 2821 413 ΡΗᾸΞΝΟΜΕΝΑ.

1930 484 1981 541 Α

3466 350 3571 407 9M

2395 471 2471 526 De
2500 470 2733 525 siderum
2757 483 2945 523 occasu
2971 473 3021 521 et
3040 474 3180 522 ortu.

2066 586 2156 642 57.
2188 584 2442 642 Siderum
2464 584 2571 639 alia
2595 597 2811 653 semper
2834 587 3129 653 apparent;
3180 578 3290 633 alia
3319 577 3573 634 videntur

2004 680 2277 738 interdum
2301 721 2318 745 ,
2372 678 2510 736 alias
2552 678 2768 733 occulta
2798 683 2945 732 sunt.
2982 675 3260 745 Apparent
3287 678 3571 742 perpetuo,

2003 786 2127 841 quae
2149 766 2689 839 comprehenduntur
2729 767 2936 820 arctico
2980 762 3190 820 circulo
3237 780 3250 816 ε
3290 775 3577 830 nunquam

2012 862 2158 918 enim
2189 861 2484 927 occidunt;
2513 860 2591 913 uti
2617 872 2795 929 neque
2822 857 3140 926 complexus
3186 854 3278 908 illa
3308 853 3574 917 circulus,

2002 953 2099 1023 qui
2126 951 2182 1006 in
2215 951 2496 1021 superiore
2528 956 2713 1003 manet
2766 945 3149 1016 hemisphaerio
3192 959 3407 1015 semper
3449 958 3575 998 cum

2004 1044 2180 1102 stellis
2211 1044 2328 1098 suis
2363 1055 2653 1112 apparens.
2699 1036 2987 1109 Nunquam
3043 1045 3306 1107 apparent
3352 1052 3418 1091 ea
3459 1050 3573 1105 qua:

2010 1135 2315 1191 antarctico
2344 1132 2553 1187 circulo
2598 1130 2971 1192 continentur,
3038 1127 3298 1198 quoniam
3353 1134 3406 1182 et
3464 1127 3579 1196 ipse

2008 1241 2226 1297 semper
2248 1224 2498 1280 occultus
2525 1231 2629 1280 est.
2662 1221 3020 1292 Reliquorum
3066 1220 3309 1275 siderum
3359 1218 3463 1271 alia
3500 1218 3576 1270 in-

2006 1319 2224 1375 terdum
2274 1317 2531 1371 oriuntur
2591 1332 2605 1369 :
2652 1314 2926 1369 interdum
2982 1312 3275 1375 occidunt;
3334 1310 3580 1380 quaedam

2010 1406 2200 1462 eadem
2228 1406 2283 1459 in
2309 1413 2468 1461 nocte
2525 1405 2781 1459 oriuntur
2807 1410 2861 1459 et
2889 1402 3168 1457 occidunt.
3235 1400 3318 1454 Sit
3349 1399 3583 1468 exempli

2011 1513 2178 1554 causa
2210 1499 2291 1554 sol
2317 1498 2371 1552 in
2394 1497 2579 1552 Ariete
2611 1517 2622 1551 :
2653 1504 2779 1552 ante
2807 1496 2953 1551 hunc
2986 1494 3162 1549 oritur
3196 1493 3400 1563 Equus.
3439 1489 3584 1545 idem

2013 1590 2128 1648 sole
2155 1591 2212 1645 in
2243 1590 2408 1645 Libra
2467 1590 2770 1644 constituto
2810 1594 2936 1642 ante
2981 1586 3129 1640 hunc
3182 1585 3412 1639 occidet.
3447 1580 3591 1636 Hinc

2014 1683 2310 1758 aliquando
2359 1683 2607 1738 cernitur
2655 1680 2842 1751 Equus
2871 1679 3080 1743 oriens,
3118 1677 3256 1732 alias
3279 1675 3538 1730 occidens
3570 1693 3584 1729 :

2017 1775 2099 1830 sic
2148 1785 2295 1830 astra
2352 1774 2561 1845 reliqua
2600 1773 2670 1827 ab
2705 1772 2897 1828 aestivo
2923 1770 3136 1840 tropico
3170 1768 3238 1822 ad
3274 1769 3586 1823 hibernum.

2017 1865 2152 1921 Nam
2174 1881 2297 1936 qua:
2330 1866 2385 1920 in
2425 1864 2728 1920 antarctico
2760 1870 2888 1918 sunt
2942 1861 3013 1917 ad
3063 1868 3333 1922 austrum,
3380 1859 3593 1913 tardius

2020 1954 2249 2009 orientia
2292 1953 2455 2009 citius
2497 1952 2768 2007 occidunt
2821 1951 3016 2022 :quod
3070 1950 3264 2019 majori
3312 1964 3377 2003 ex
3436 1954 3593 2018 parte

2022 2046 2232 2116 sphaara
2263 2046 2404 2099 infra
2432 2052 2635 2099 terram
2669 2043 2890 2099 condita
2920 2044 2993 2097 sit
3018 2043 3083 2097 ad
3120 2041 3433 2106 meridiem;
3460 2055 3595 2095 con-

2021 2145 2106 2191 tra
2140 2150 2260 2206 quae
2286 2135 2525 2189 borealia
2551 2145 2678 2190 sunt
2707 2135 2849 2188 inter
2903 2134 3166 2187 arcticum
3225 2131 3494 2186 circulum
3540 2137 3596 2184 et

2022 2226 2457 2299 aequinoctialem
2491 2226 2692 2297 posita,
2722 2226 2888 2281 citius
2918 2235 3099 2279 ortum
3126 2222 3358 2286 faciunt,
3387 2223 3599 2277 tardius

2023 2333 2282 2375 occasum
2319 2335 2332 2369 :
2367 2326 2650 2389 propterea
2678 2315 2824 2388 quod
2848 2316 3041 2385 majori
3078 2324 3231 2385 parte
3265 2315 3351 2369 sui
3383 2314 3597 2385 sphaera

2026 2424 2191 2479 supra
2220 2415 2422 2463 terram
2484 2409 2713 2479 emergit
2759 2410 2825 2461 ad
2873 2408 3319 2477 septentrionem.
3377 2407 3604 2462 Aet-idet

2025 2515 2155 2571 ergo
2188 2498 2435 2569 quaedam
2475 2509 2533 2554 ut
2561 2500 2636 2553 ibi
2667 2499 2935 2553 collocata
2990 2496 3168 2552 sidera
3215 2496 3402 2552 eadem
3438 2508 3601 2551 noete

2026 2588 2276 2643 oriantur
2294 2594 2348 2642 et
2380 2586 2632 2641 occidant
2660 2601 2674 2638 :
2707 2602 2828 2657 qua:
2844 2587 3132 2658 ἀμφιφανῆ
3152 2595 3368 2642 vocant.
3401 2585 3569 2642 Excm
3588 2618 3602 2627 -

2026 2681 2101 2750 pli
2133 2680 2308 2751 gratia
2338 2680 2410 2734 sit
2439 2677 2811 2749 Ingeniculus,
2844 2678 3026 2747 sitque
3058 2678 3141 2731 sol
3190 2679 3245 2732 in
3277 2676 3605 2747 Sagittario;

2027 2771 2084 2826 in
2110 2787 2176 2827 eo
2197 2772 2351 2827 sidus
2384 2770 2519 2824 illud
2542 2769 2769 2825 orietur.
2790 2767 3006 2825 Rursus
3044 2770 3261 2824 occidat
3292 2771 3397 2824 sub
3442 2784 3606 2825 occa-

2031 2878 2152 2918 sum
2193 2863 2349 2926 solis,
2374 2875 2603 2931 vespera
2626 2862 2752 2925 erit,
2779 2868 2834 2915 et
2858 2876 2966 2915 nox
2991 2878 3007 2917 :
3030 2862 3283 2919 necdum
3318 2859 3606 2932 Ingenioru-

2031 2953 2118 3007 lus
2137 2950 2399 3007 occiderit
2426 2968 2439 3004 :
2468 2950 2564 3006 sed
2594 2950 2648 3004 in
2678 2950 3060 3020 hemisphaerio
3090 2952 3375 3021 superiore
3418 2954 3608 3008 consi-

2033 3051 2185 3099 stens
2207 3043 2406 3106 adhuc,
2428 3056 2492 3096 ac
2522 3043 2626 3097 sub
2654 3057 2909 3097 occasum
2956 3042 3235 3104 occidens,
3264 3051 3451 3112 postea
3512 3059 3610 3113 per

2034 3135 2278 3190 eamdem
2307 3143 2524 3189 noctem
2554 3135 2687 3190 solis
2704 3143 2757 3189 et
2786 3134 3064 3207 Sagittarii
3092 3144 3376 3206 praevertet
3397 3142 3602 3201 ortum,

2034 3232 2161 3283 ante
2184 3226 2331 3296 ipsos
2364 3226 2572 3290 oriens,
2600 3234 2654 3281 et
2687 3236 2812 3296 post
2840 3242 2935 3284 eos
2960 3227 3237 3284 occidens.
3275 3227 3432 3295 Quod
3461 3229 3602 3282 Ara—

2031 3327 2122 3373 tus
2155 3317 2239 3374 his
2263 3317 2442 3373 verbis
2456 3317 2711 3389 exprimit
2748 3335 2762 3372 :

2109 3602 2277 3678 Quem
2305 3604 2514 3678 quidem
2537 3605 2772 3674 ignotum
2797 3603 2932 3678 inter
2960 3607 3190 3661 «Eleates
3217 3607 3471 3678 imagines

2109 3674 2325 3729 Pariter
2360 3677 2703 3738 occidentem,
2737 3685 2787 3731 et
2816 3677 3031 3731 aliunde
3058 3679 3311 3732 orientem

2113 3742 2266 3815 Stepe
2288 3746 2471 3800 eadem
2493 3756 2643 3801 nocte
2678 3749 2965 3801 cemimus.

2278 3858 2425 3915 Duos
2458 3877 2677 3916 occasus
2697 3876 2835 3926 esse,
2866 3871 3114 3933 ortusque
3138 3861 3375 3918 totidem.

2110 3952 2201 4009 58.
2239 3951 2493 4010 Siderum
2515 3968 2749 4010 occasus
2780 3962 3049 4025 ortusque
3074 3956 3274 4026 duplex
3298 3964 3383 4011 est
3415 3974 3429 4010 :
3481 3957 3622 4011 alter

2041 4044 2345 4100 matutinus
2374 4083 2389 4109 ,
2436 4046 2781 4115 vespertinus
2842 4047 2982 4101 alter
3028 4046 3249 4101 dicitur.
3322 4045 3624 4103 Matutinus

2043 4142 2200 4191 ortus
2232 4134 2311 4201 ﬁt,
2344 4152 2469 4191 cum
2494 4137 2703 4192 oriente
2731 4140 2847 4193 sole
2873 4138 3128 4194 oriuntur
3152 4152 3276 4193 eum
3321 4154 3387 4193 eo
3417 4140 3622 4204 sidera,

2044 4242 2159 4284 non
2189 4235 2314 4298 post
2337 4226 2539 4298 ipsum.
2586 4226 2969 4298 Vesper-tinus,
3005 4244 3130 4283 cum
3178 4229 3464 4285 occidente
3505 4231 3624 4285 sole

2047 4319 2229 4375 sidera
2287 4317 2536 4389 quaedam
2593 4320 2866 4374 oriuntur.
2903 4317 3201 4376 Matutinus
3260 4334 3492 4375 occasus
3540 4326 3626 4374 est

2047 4426 2174 4467 cum
2205 4412 2415 4467 oriente
2441 4412 2559 4466 sole
2594 4411 2851 4466 occidunt
2884 4411 2996 4466 haec
3025 4412 3109 4465 vel
3142 4411 3234 4464 illa
3278 4410 3494 4479 sidera;
3530 4425 3627 4467 ve-

1977 4523 2022 4579 ι)
2049 4504 2326 4577 spertinus
2356 4519 2482 4559 cum
2508 4517 2615 4558 una
2644 4518 2768 4558 cum
2805 4504 2921 4559 sole
2954 4503 3232 4558 conditur.

2262 4618 2403 4686 Quid
2435 4616 2702 4685 ἀνατολὴ
2735 4627 2784 4672 et
2815 4616 3067 4686 ἐπιτολή
3105 4615 3381 4686 differant.

2119 4714 2210 4771 59.
2243 4712 2433 4768 Diﬂert
2470 4719 2651 4767 autem
2691 4710 2921 4782 ἀνατολὴ
2952 4718 3008 4768 et
3033 4712 3277 4782 ἐπιτολή.
3307 4710 3445 4764 Nam
3500 4710 3604 4764 ἀνα

2051 4807 2179 4880 τολή
2200 4814 2285 4863 est
2308 4805 2634 4861 conscensio
2670 4820 2796 4860 cum
2837 4804 2954 4860 sole
2979 4818 3147 4875 supra
3171 4804 3478 4871 ﬁnitorem;
3508 4806 3632 4856 ἐπι-

2056 4900 2185 4973 τολή
2241 4914 2368 4954 cum
2414 4906 2542 4954 ante
2572 4897 2742 4953 solem
2799 4897 2976 4967 primo
3019 4912 3182 4952 mane
3229 4896 3407 4951 oritur
3438 4897 3631 4961 stella;

2056 5007 2222 5064 quam
2255 4992 2389 5046 solis
2416 4999 2571 5045 ortus
2591 4991 2862 5061 sequitur.
2888 4989 3000 5062 94
3038 4989 3148 5045 Nec
3187 4989 3320 5044 illud
3372 4990 3634 5060 ignoran-

2058 5087 2188 5142 dum
2212 5093 2331 5150 est;
2359 5083 2492 5138 hora
2527 5083 2789 5154 qualibet,
2833 5083 3165 5139 circumacta
3202 5090 3258 5137 et
3296 5082 3545 5137 volvente
3575 5094 3637 5133 se

2062 5178 2296 5250 sphazra,
2340 5176 2522 5233 sidera
2576 5177 2694 5246 ipsa
2747 5177 3060 5232 necessario
3091 5190 3188 5246 per
3217 5189 3379 5229 omne
3422 5183 3640 5241 tempus

2063 5277 2227 5326 nocte
2252 5284 2316 5323 ac
2343 5269 2432 5323 die
2457 5284 2579 5323 cum
2604 5269 2745 5323 caelo
2777 5266 3120 5322 circumferri
3156 5284 3170 5320 :
3205 5280 3315 5319 non
3351 5274 3530 5319 tamen
3556 5263 3610 5316 in

2064 5357 2247 5413 terdiu
2292 5356 2486 5421 videri,
2527 5355 2935 5412 vehementiori
2958 5355 3249 5426 splendore
3277 5354 3411 5410 solis
3438 5351 3635 5406 oﬂ‘usa.

2066 5450 2338 5506 Ceterum
2398 5460 2552 5506 ortus
2610 5448 2781 5505 stellae
2833 5449 3019 5504 vocari
3049 5462 3160 5502 non
3186 5447 3368 5509 debet;
3418 5443 3645 5515 quando

2067 5542 2308 5599 secunda
2335 5543 2562 5599 tertiave
2584 5549 2706 5613 post
2744 5541 2878 5597 hora
2906 5541 3229 5598 conscendit
3257 5539 3640 5605 horizontem;

2069 5635 2167 5695 sed
2194 5646 2323 5693 tunc
2360 5636 2573 5703 solum,
2604 5651 2730 5693 cum
2756 5651 2866 5694 una
2888 5652 3013 5694 cum
3054 5637 3171 5696 sole
3196 5636 3396 5693 oritur.
3451 5632 3542 5688 Sic
3589 5642 3646 5690 et
