4132 6452
529 413 636 472 995

1584 405 1675 462 AD
1713 403 1979 462 EUSEBll
2015 401 2405 460 CHRONICON
2440 399 2806 457 APPENDIX.

3673 395 3783 455 996

533 545 765 588 occasus
787 536 919 584 tunc
963 537 1068 590 est,
1101 524 1321 598 quando
1346 540 1469 580 cum
1499 523 1614 579 sole
1631 523 1850 578 occidit.
1884 521 2004 576 Prae
2018 529 2097 575 ter

2200 519 2286 572 ὅτε
2323 519 2438 589 ἅμα
2465 516 2600 589 ήλίῳ
2633 513 2934 571 ἀνατέλλει.
2979 511 3208 580 ὀμοίως
3241 509 3297 565 δὲ
3341 511 3437 565 καὶ
3483 510 3656 576 δύσιν,
3688 511 3780 567 he

534 621 649 674 haec
669 619 854 674 omnia
896 619 1180 673 sciendum
1215 625 1318 678 est,
1349 629 1526 684 neque
1573 612 1872 681 Cepheum,
1923 626 2099 682 neque

533 711 918 778 Cassiepeiam,
947 725 1121 778 neque
1148 706 1545 762 Andromedam
1579 705 1632 758 in
1664 705 1806 759 coelo
1835 719 1958 759 esse
2013 719 2102 758 re.-

533 817 682 856 vera.
714 799 810 854 Est
832 799 976 853 enim
999 798 1289 852 ridiculum
1318 796 1573 850 arbitrari
1607 801 1732 849 ante
1761 795 1864 848 ista
1899 793 2098 848 cmlum

532 892 838 947 asterismis
877 891 1140 945 caruisse.
1198 887 1332 942 Nam
1387 887 1559 944 stellae
1609 895 1892 957 perpetuo,
1927 886 2099 941 etiam

531 995 656 1041 ante
674 985 932 1040 Perseum
959 991 1010 1038 et
1040 981 1318 1047 Orionem,
1349 982 1702 1035 exstiterunt.
1729 976 1812 1032 0b
1840 977 1894 1032 id
1928 991 2097 1048 penes

507 1067 712 1132 ‘varias
734 1077 983 1131 nationes
1017 1075 1230 1130 diversa
1259 1088 1477 1144 quoque
1505 1070 1857 1142 reperiuntur
1878 1070 2102 1125 nomina

531 1171 837 1226 stellarum.
877 1168 935 1222 In
963 1167 1285 1239 [Egyptiaca
1335 1167 1548 1236 sphaara
1600 1180 1774 1235 neque
1831 1162 2006 1217 Draco
2046 1163 2100 1216 in

528 1277 754 1316 censum
787 1261 1118 1330 nominaque
1149 1259 1393 1314 siderum
1425 1257 1611 1323 venit;
1682 1271 1861 1326 neque
1913 1254 2098 1316 Ursae;

526 1367 704 1422 neque
722 1351 974 1421 Cepheus
1011 1349 1150 1404 :sed
1203 1349 1322 1402 alia:
1351 1356 1479 1402 sunt
1529 1346 1948 1402 simulacrorum
1991 1341 2104 1397 for-

525 1457 648 1504 mae,
682 1441 1012 1510 nominaque
1046 1439 1152 1494 illis
1174 1439 1364 1492 indita.
1393 1436 1469 1491 lta
1494 1451 1670 1506 neque
1719 1435 1776 1488 in
1829 1433 2104 1489 Chaldaeo-

525 1549 648 1589 rum
670 1533 986 1603 astrologia.
1016 1529 1186 1585 Gr:eei
1218 1545 1386 1600 porro
1416 1528 1681 1583 vocabula
1729 1527 1831 1582 ista
1867 1525 1935 1580 de
1965 1525 2102 1580 insi-

524 1623 726 1695 gnibus
757 1622 1016 1677 heroibus
1046 1621 1478 1687 transtulerunt;
1515 1627 1576 1672 ut
1605 1617 2015 1688 comprehendi,
2047 1624 2102 1670 et

527 1715 748 1787 agnosci
779 1714 995 1768 fat-ilius
1023 1721 1268 1783 possent.
1302 1711 1513 1766 Etenim
1561 1710 1608 1766 si
1657 1709 1826 1766 certis
1858 1709 2102 1780 appella-

523 1806 769 1860 tionibus
801 1814 1069 1871 carerent,
1097 1819 1350 1874 magnam
1379 1801 1646 1858 studiosis
1691 1816 1882 1856 earum
1914 1815 2099 1856 rerum

2205 609 2301 660 σὺν
2333 606 2480 676 αὐτῷ
2508 606 2671 660 δύνει.
2715 604 2836 658 Ἐπὶ
2874 603 2930 656 δὲ
2977 603 3109 655 πᾶσι
3145 601 3252 673 χρὴ
3288 601 3508 665 είδέναι,
3536 601 3619 656 ὅτι
3653 601 3782 658 οὔτε

3869 571 3888 663 ί

2203 701 2446 771 Κηφεὺς,
2477 699 2597 752 οὔτε
2637 697 3000 760 Κασσιέπεια,
3026 694 3150 749 οῖιτε
3188 693 3510 766 Ἀνδρομέδα
3541 695 3692 749 ἐστὶν
3723 697 3786 751 ὲν
3878 711 3884 746 ῖ

2201 790 2432 863 οὐρανῷ.
2458 791 2666 844 Γελοῖον
2697 789 2806 863 γὰρ
2835 791 3080 843 ὑπονοεῖν
3103 787 3210 858 πρὸ
3242 785 3448 840 τούτων
3475 786 3785 840 ἀκαταστέ-
3873 776 3886 815 ῖ

2206 900 2384 956 ριστον
2414 884 2506 937 τὸν
2537 883 2766 954 οὐρανόν
2786 899 2799 913 ·
2831 881 2917 935 ἀεὶ
2948 879 3058 952 γὰρ
3085 876 3224 950 ἦσαν
3264 877 3513 950 ἀστέρες,
3548 877 3645 932 καὶ
3676 879 3787 950 πρὸ

2201 976 2456 1047 Περσέως
2487 977 2581 1030 καὶ
2626 975 2896 1046 Ὠρίωνος.
2932 973 3024 1026 Διὸ
3055 973 3150 1026 καὶ
3193 973 3251 1024 ἐν
3281 970 3559 1042 διαφόροις
3603 969 3785 1024 ἔθνεσι

2200 1069 2431 1139 διάφορα
2467 1069 2561 1121 καὶ
2601 1067 2670 1122 τὰ
2717 1065 2954 1138 ὀνόματα
2992 1063 3101 1118 τῶν
3145 1064 3359 1134 ἀστρων
3397 1061 3544 1116 ἔστιν
3578 1062 3782 1134 εὑρεῖν.

2215 1162 2302 1214 Ἐν
2333 1160 2462 1229 γοῦν
2493 1162 2560 1231 τῇ
2591 1159 2698 1212 τῶν
2730 1156 3042 1227 Αἰγυπτίων
3088 1155 3293 1227 σφαίρᾳ
3333 1153 3458 1208 οὒτε
3491 1152 3521 1205 ὁ
3553 1153 3786 1226 Δράκων

2202 1252 2318 1306 ἐστὶ
2355 1250 2706 1322 νομιζόμενος
2730 1250 2764 1320 ἢ
2797 1247 3214 1320 ὀνομαζόμενος,
3235 1247 3360 1300 οὔτε
3383 1247 3629 1318 ’Δρκτοι,
3656 1243 3783 1299 οὕτε

2201 1345 2448 1416 Κηφεὺς,
2479 1344 2594 1398 ἀλλ’
2635 1344 2798 1416 ἔτερα
2845 1343 3100 1413 σχήματα
3140 1340 3374 1395 εἰδώλων
3405 1341 3501 1394 καὶ
3543 1339 3785 1410 ὀνόματα

2200 1437 2504 1509 τεθειμένα.
2538 1437 2695 1491 υῦτω
2730 1435 2787 1489 δὲ
2811 1437 2906 1489 καὶ
2929 1437 2987 1488 ὲν
3015 1437 3082 1506 τῇ
3118 1433 3227 1488 τῶν
3255 1433 3555 1489 Χαλδαίων.
3585 1432 3785 1505 Ἕλλη-

2201 1548 2290 1595 νες
2328 1531 2385 1585 δὲ
2434 1531 2607 1586 ταῦτα
2643 1529 2714 1584 τά
2757 1529 2998 1600 ὀνόματα
3034 1528 3217 1582 έθεντο
3255 1530 3370 1591 τοῖς
3410 1527 3634 1600 ἄστροις
3675 1525 3788 1581 ἀπὸ

2201 1623 2487 1692 ἐπισήμων
2519 1619 2744 1692 ἡρώων,
2788 1622 2926 1693 πρὸς
2973 1620 3036 1674 τδ
3078 1619 3470 1689 εὐκατάληπτα
3505 1614 3646 1672 εἶναι
3689 1618 3786 1672 καὶ

2201 1712 2502 1782 εὔγνωστα.
2542 1711 2825 1784 Ἀνώνυμα
2860 1712 2971 1784 γὰρ
3007 1711 3136 1766 ὄντα
3179 1710 3380 1782 πολλὴν
3430 1713 3659 1784 παρεῖχε
3682 1727 3786 1766 τα-

2207 1804 2374 1878 ραχήν
2407 1807 2518 1868 τοῖς
2551 1804 2681 1876 περὶ
2713 1805 2884 1859 ταῦτα
2931 1804 3310 1870 σπουδάζουσι.
3338 1804 3474 1876 Περὶ
3507 1802 3704 1856 πολλοῦ
3726 1801 3788 1858 δὲ

524 1898 990 1969 perturbationem
1024 1895 1296 1951 all'errent.
1327 1894 1468 1950 Olim
1507 1909 1636 1950 vero
1661 1894 1891 1950 istorum
1926 1894 2097 1949 scien-

2209 1895 2442 1966 μάλιστα
2467 1893 2672 1949 τούτων
2696 1893 2794 1966 τήν
2821 1894 3021 1965 γνῶσιν
3045 1894 3326 1948 ἐποιοῦντο
3352 1893 3550 1948 εἰδέναι
3575 1894 3629 1947 οῖ
3657 1891 3788 1965 περὶ

523 1986 599 2041 tia
631 1987 809 2058 magni
849 1985 1010 2041 ﬁebat
1043 1986 1113 2040 ab
1165 1985 1234 2040 iis
1280 1985 1376 2056 qui
1411 1985 1800 2055 agriculturam
1851 1983 1934 2038 vel
1983 1999 2098 2038 rem

521 2079 800 2133 nauticam
833 2085 1177 2134 exercerent.
1204 2074 1341 2130 Nam
1371 2091 1438 2130 ex
1465 2075 1680 2130 ortibus
1721 2081 1776 2130 et
1807 2073 2098 2129 occasibus

522 2172 744 2226 illorum
776 2169 1094 2242 navigandi,
1127 2184 1192 2224 ac
1223 2167 1513 2224 vindemiae
1545 2163 1864 2236 colligenda:
1884 2173 2102 2234 tempus

523 2263 918 2320 observabant.

522 2374 806 2434 Hactenus
842 2374 994 2428 Arati
1056 2373 1414 2428 thwmena
1461 2369 1528 2424 ad
1573 2367 1764 2422 rudem
1796 2365 2102 2423 institutio-

776 2461 900 2502 nem
923 2462 988 2500 οι
1019 2444 1246 2500 Achillis
1269 2457 1434 2512 opere
1459 2440 1537 2494 De
1575 2441 1838 2492 universo.

519 2772 670 2834 Hac
705 2768 974 2854 ejusdem
1005 2767 1272 2854 Achillis
1319 2769 1489 2854 [alii
1530 2769 1883 2854 fragmenta
1909 2785 1948 2825 a
1987 2765 2266 2854 Victoria
2291 2761 2475 2854 _cdiga
2517 2763 3001 2854 prwlermitlere
3037 2762 3376 2854 noluimus.

2204 1985 2482 2056 γεωργίαν
2519 1985 2614 2040 καὶ
2653 1984 2932 2040 ναυτιλίαν
2979 1985 3072 2039 τὸν
3113 1985 3226 2056 βίον
3269 1983 3506 2056 ἔχοντες.
3545 1984 3642 2038 Ἐκ
3675 1983 3788 2056 γὰρ

2203 2075 2314 2129 τῶν
2345 2075 2618 2130 ἀνατολῶν
2651 2077 2879 2130 καὶτῶν
2905 2076 3110 2132 δύσεων
3135 2076 3312 2131 αὐτῶν
3339 2075 3432 2131 τὸν
3459 2075 3650 2148 καιρὸν
3687 2073 3785 2131 τοῦ

2200 2167 2358 2234 πλοῦ,
2381 2168 2476 2222 καὶ
2507 2167 2600 2222 τοῦ
2627 2167 2902 2241 τρυγητοῦ
2930 2168 3309 2241 ἐσημειοῦντο.

2201 2365 2367 2430 Τέλος
2393 2365 2504 2419 τῶν
2524 2366 2780 2438 *Ἀράτου
2807 2365 3351 2438 φαινομένωνξπρὸς
3375 2365 3685 2438 εἰσαγωγήν
3717 2363 3787 2418 ὲκ

2481 2435 2589 2490 τῶν
2614 2435 2906 2507 ’Ἀχιλλέως
2937 2435 3078 2506 Περὶ
3113 2436 3220 2492 τοῦ
3251 2435 3498 2504 παντός.

3431 2763 3584 2840 ρειω
3635 2763 3787 2844 ναίει

855 2868 996 2911 cum
1029 2846 1468 2928 superioribus
1501 2841 1710 2908 eadem
1737 2849 1866 2923 fere
1895 2845 2244 2917 con-tinent,
2278 2841 2780 2904 Latine‘vertere
2822 2842 2989 2904 nihil
3016 2859 3266 2902 necesse
3295 2843 3444 2922 ﬂuit.

941 3079 1080 3135 ΤΩΝ
1110 3081 1410 3136 ΑΡΑΤΟΥ
1443 3078 1924 3136 ΦΑΙΝΟΜΕΝΩΝ
1966 3079 2166 3132 ΠΡΟΣ
2204 3073 2643 3132 ΕΙΣΑΓΩΓΗΝ
2674 3075 2777 3130 EK
2813 3075 2956 3164 ΤῼΝ
2978 3074 3366 3131 ΑΧΙΛΛΕΩΣ.

649 3313 746 3380 Ἐξ
776 3313 993 3383 ἐτέρων
1018 3315 1290 3384 σκολίων
1314 3315 1612 3386 εἰσαγωγὴ
1645 3316 1980 3386 προοίμιον.

583 3402 654 3460 α’.
695 3405 876 3460 Καλὸν
931 3405 1076 3460 κατά
1123 3407 1216 3460 τὸν
1259 3407 1594 3479 Κυρηναῖον.
1621 3407 1957 3478 ἀμείψασθαι
2016 3407 2097 3479 τῷ

510 3498 657 3570 λόγῳ
692 3500 784 3553 τὸν
817 3498 1046 3570 Ἀράτου
1082 3499 1267 3564 πόνον,
1301 3499 1361 3553 ὃν
1393 3500 1648 3572 εποίησεν

513 3609 786 3680 Ἦμεκρς,
812 3607 954 3664 οὐδέ
976 3613 1030 3664 οἱ
1061 3610 1254 3680 ὕπνος
1277 3610 1378 3663 ἐπὶ
1398 3611 1803 3680 ,βλεφάροισιν
1822 3612 2095 3679 ἔπιπτεν,

511 3678 818 3747 Πληϊάδας
839 3683 900 3751 ,τ’
935 3678 1242 3751 ἐσορῶντι.
1291 3682 1389 3751 καὶ
1435 3678 1551 3750 ὀψὲ
1577 3678 1800 3736 δύοντα
1831 3678 2095 3751 Βοώτην,

516 3751 778 3818 ’Ἄρκτον
801 3748 874 3814 θ’,
915 3747 996 3818 ἣν
1039 3747 1140 3808 ita}.
1171 3749 1435 3820 Ἅμαξαν
1470 3747 1802 3821 ἐπίκλησιν
1843 3747 2098 3894 θῗαλέου-

1891 3839 2026 3878 σινο

1891 3839 2026 3878 σινυ

513 3907 654 3980 ὑπὲρ
705 3905 799 3960 τδν
859 3905 1073 3979 Ἰθάκης
1126 3907 1220 3962 τδν
1282 3909 1642 3982 κυϐερνήτην.
1700 3911 1792 3984 Τῷ
1838 3913 1938 3983 μὲν
1989 3913 2100 3985 γὰρ

525 3999 944 4072 Ἀλικαρνασσεῖ
989 3992 1104 4054 ὦτα
1127 3999 1458 4073 ἀπιστότερα
1483 4001 1776 4075 ὀφθαλμῶν
1806 4007 2094 4077 τυγχάνει*

519 4091 758 4160 ’Ἀρατος
783 4088 841 4142 δὲ
881 4089 982 4162 τὴν
1027 4089 1262 4163 μάθησιν
1293 4091 1412 4164 ἅμα
1450 4095 1564 4158 τοῖς
1605 4093 1738 4150 ὠσὶν
1767 4096 2098 4152 ἐπιδείκνυσι

513 4183 631 4245 τοῖς
674 4181 938 4253 ὄμμασιν.
985 4181 1060 4236 Οὐ
1110 4183 1241 4256 περὶ
1287 4184 1645 4256 ἀστρολογίας
1682 4185 1758 4252 δὲ,
1795 4187 1934 4242 ἀλλά
1970 4188 2099 4260 περὶ

513 4272 881 4346 ἀστρονομίας
925 4274 1016 4327 τὸν
1058 4273 1214 4343 λόγον
1265 4276 1588 4347 ποιούμεθα,
1645 4277 1963 4351 μαθήματος
2007 4279 2099 4333 εύ-

515 4367 754 4438 χρήστου
786 4363 866 4437 τῷ
895 4365 1014 4438 βίῳ.
1041 4367 1134 4420 Διὸ
1171 4367 1265 4422 καὶ
1296 4369 1330 4440 ἡ
1357 4369 1609 4434 Μέτωνος
1637 4371 1968 4443 γεωμετρία,
2003 4373 2100 4426 καὶ

513 4459 549 4526 ἠ
581 4455 898 4529 Πυθαγόρου
933 4458 1240 4528 φιλοσοφία.
1272 4459 1444 4516 Τοῦτο
1479 4462 1540 4516 τὸ
1573 4462 1803 4534 μάθημα
1831 4464 2102 4538 κυϐερνή-

512 4563 613 4617 την
655 4547 752 4619 μὲν
803 4549 862 4602 ὲν
905 4548 1082 4620 καιρῷ
1131 4549 1456 4620 πεποίηκεν,
1499 4552 1694 4622 Ἀτρέα
1747 4553 1806 4608 δὲ
1852 4553 2093 4623 βασιλέα.

2123 3321 2170 3384 c
2200 3314 2367 3369 ἀΐδιον
2403 3312 2646 3382 κίνησινο
2682 3308 2778 3364 καὶ
2806 3306 2876 3362 τά
2907 3306 3262 3379 ήμισφαίρια,
3291 3306 3388 3360 καὶ
3411 3305 3511 3379 τὴν
3552 3304 3634 3371 εἰς
3667 3305 3787 3378 φῶς

2200 3405 2378 3462 αὐτῶν
2409 3402 2664 3475 ἀμοιϐήν.
2699 3400 2918 3454 Ἀλλοτε
2950 3400 2995 3454 δ’
3033 3395 3100 3454 αὖ
3133 3399 3372 3454 τεθνᾶσι.
3407 3399 3500 3472 Μὴ
3546 3399 3791 3473 βλασφη-

2201 3499 2379 3570 μήσας
2405 3496 2474 3561 ’⁷,
2502 3495 2755 3566 ἄνθρωπε
2773 3510 2786 3522 ·
2824 3493 2926 3547 ούκ
2957 3491 3293 3564 ἀποθνήσκει
3337 3491 3493 3556 Θεός.
3533 3493 3607 3546 Τὸ
3638 3493 3786 3564 ἀφα-

2197 3590 2288 3654 νὲς
2312 3589 2504 3643 τούτου
2532 3587 2760 3650 θάνατος
2792 3581 2882 3658 ἦν.
2915 3585 3015 3640 Διά
3055 3584 3215 3640 τοῦτο
3246 3586 3340 3640 κα)⁸
3371 3585 3651 3658 ζωγράφοι
3691 3584 3788 3640 τέ-

2202 3697 2393 3752 μνουσι
2424 3678 2533 3734 τῶν
2560 3678 2699 3732 θεῶν
2725 3678 2826 3751 τὴν
2859 3677 3103 3750 κεφαλὴν
3133 3678 3214 3742 εἰς
3253 3679 3367 3732 ῖσον
3412 3677 3658 3750 ἑκατέρῳ
3687 3677 3786 3732 τοῦ

2199 3773 2364 3827 πόλου
2404 3771 2453 3805 ⁸⁸
2488 3771 2588 3843 τὴν
2630 3770 2951 3842 ίσομοιρίαν.
2995 3771 3250 3842 Ἀρκτέον
3294 3765 3389 3824 οὖν
3435 3769 3614 3840 λέγειν
3653 3768 3790 3841 περὶ

2197 3865 2298 3934 τῆς
2329 3863 2438 3918 τῶν
2471 3861 2690 3918 πάντων
2715 3863 2912 3934 ἀρχῆς.

2790 3997 2932 4066 Περὶ
2971 3995 3184 4068 ἀρχῆς-

2274 4112 2340 4184 β’.
2387 4113 2446 4166 '0
2479 4112 2587 4166 τῶν
2613 4111 2750 4168 ὅλων
2775 4113 3118 4186 Δημιουργδς
3138 4112 3248 4167 τῶν
3271 4112 3490 4167 πάντων
3509 4111 3789 4184 στοιχείων

2200 4205 2449 4268 ἀτάκτως
2478 4205 2537 4256 ὲν
2569 4204 2820 4276 ἀλλήλοις
2841 4205 3230 4276 πλανωμένων,
3257 4205 3352 4259 καὶ
3381 4201 3788 4276 στρεφομένων,

2199 4295 2295 4350 καὶ
2348 4295 2475 4366 περὶ
2528 4294 2734 4366 ἄλληλα
2801 4294 3266 4366 κυλινδουμένων,
3317 4294 3412 4347 καὶ
3465 4295 3791 4366 φερομένων

2199 4385 2477 4456 ἀκόσμως,
2507 4385 2725 4457 πνεῦμα
2757 4387 2902 4440 θεῖον
2933 4386 3160 4458 ἐμϐαλεῖ
3200 4386 3269 4454 ²⁹,
3319 4387 3456 4460 ὅπερ
3488 4383 3536 4440 οί
3565 4385 3790 4456 ποιηταὶ

2199 4473 2425 4530 καλοῦσι
2452 4479 2650 4541 νεῖκος·
2673 4472 2744 4548 ἦν
2782 4477 2894 4549 γὰρ
2931 4477 2994 4532 τὸ
3029 4477 3137 4532 πᾶν
3168 4479 3248 4541 εἰς
3277 4477 3435 4530 ἑαυτὸ
3469 4475 3789 4547 συντεθλιμ-

2203 4565 2362 4638 μένον
2393 4565 2565 4620 ἀσκοῦ
2599 4565 2821 4638 τρόπον,
2867 4566 2962 4620 καὶ
3002 4568 3061 4620 ὲν
3094 4569 3159 4638 τῇ
3195 4565 3373 4638 θλίψει
3415 4563 3784 4638 συμϐεϐηκός.

509 4637 700 4730 ᾼείξας
730 4637 839 4712 γὰρ
866 4640 1079 4712 ἄστρων
1106 4641 1206 4712 τὴν
1233 4642 1483 4696 ἐναντίαν
1511 4643 1648 4709 ὁδὸν,
1683 4645 1778 4698 καὶ
1821 4645 1922 4717 τὴν
1951 4646 2093 4718 ἄρνα
2129 4673 2171 4728 ι)
2199 4637 2273 4710 Τὺ
2313 4656 2370 4710 δὲ
2405 4637 2643 4728 πνεῦμα
2667 4655 2730 4709 τὸ
2763 4656 2906 4710 θεῖον
2939 4657 3179 4728 ἐμπεσὸν
3225 4637 3498 4730 ὼοτόκησε
3547 4664 3608 4714 τδ
3651 4637 3787 4728 πᾶν,

509 4729 672 4784 ἔλαϐε
697 4730 798 4802 τὴν
819 4731 1048 4802 χρυσῆν,
1075 4731 1171 4784 καὶ
1193 4733 1293 4803 τὴν
1317 4732 1591 4803 βασιλείαν
1625 4735 1895 4807 ἀπείληφε
1927 4737 2094 4791 πολυ-

509 4819 734 4892 χρύσοιο
769 4822 1054 4894 Μυκήνης.
1091 4823 1224 4877 Οὐδὲ
1262 4825 1369 4895 μὴν
1415 4825 1535 4880 οὐδὲ
1569 4827 1816 4898 Ὅμηρος
1855 4827 1952 4882 τοῦ
1985 4847 2093 4902 μα-

511 4912 754 4984 θήματος
785 4914 1030 4986 ἀμύητος
1050 4931 1066 4945 °
1095 4915 1208 4968 ἀλλ’
1236 4912 1344 4969 οἶδε
1381 4919 1499 4989 μεθ’
1539 4919 1832 4988 Ἡφαίστου
1872 4921 1942 4976 τά
1970 4922 2092 4976 κατ’

509 5005 736 5076 οὐρανὸν
779 5007 954 5078 ἄστρα
1004 5009 1071 5078 τῇ
1113 5006 1206 5061 τοῦ
1237 5009 1520 5080 Ἀχιλλέως
1547 5010 1733 5065 ἀσπίδι
1770 5012 2092 5086 ἐγγράφειν.

509 5096 650 5169 Παρ’
702 5095 854 5168 αὐτῷ
909 5098 966 5152 δὲ
1021 5100 1117 5152 καὶ
1170 5100 1506 5172 στρατιώτης
1558 5105 1918 5176 νυκτομαχῶν
1980 5107 2096 5170 τοῖς

507 5185 731 5258 ἄστροις
759 5185 860 5258 τὴν
887 5187 1057 5243 νύκτα
1090 5193 1280 5262 μετρεῖ
1304 5208 1318 5222 ·

512 5304 732 5372 Ἄστρα
779 5301 848 5358 δὲ
885 5302 963 5372 δὴ
993 5304 1360 5376 προϐέϐηκε·
1406 5309 1724 5380 παρῴχηκε
1773 5309 1845 5365 δὲ
1875 5311 2090 5414 Γδικίιεὲοιιι

516 5441 641 5499 Τῶν
659 5442 769 5500 δύο
785 5443 1066 5514 μοιράων.
1096 5446 1336 5518 Τριτάτη
1361 5447 1413 5502 δ’
1437 5449 1523 5505 ἔτι
1552 5449 1728 5522 {talpa
1750 5381 2082 5506 λέλέίῖἕέαι.

511 5555 578 5610 Εἰ
604 5557 660 5610 δέ
689 5575 766 5630 τῳ
791 5558 944 5627 φίλον
974 5559 1068 5615 καὶ
1095 5559 1196 5626 τὰς
1229 5565 1356 5636 παρ’
1395 5565 1617 5638 Ὁμήρῳ
1647 5567 1974 5638 ἀλληγορίας
2005 5568 2093 5632 ἐξ·

512 5650 725 5716 ετάσαι,
757 5651 934 5721 ῥᾴδιόν
982 5652 1128 5706 ὲστιν
1169 5653 1296 5711 ἰδεῖν
1343 5657 1437 5710 καὶ
1481 5657 1578 5712 τοῦ
1627 5658 1812 5723 πόλου,
1855 5658 1950 5712 καὶ
1985 5658 2083 5730 τὴν

589 5807 632 5838 ’⁷
653 5807 695 5876 ,l'.
727 5806 1160 5882 βλασφημήσαις.

1263 5815 1308 5847 ³⁸
1377 5813 1527 5872 Deest
1561 5814 1832 5886 νέμοντες,
1869 5826 1962 5873 aut
2003 5816 2204 5889 aliquid
2235 5819 2431 5874 simile.

2199 4747 2518 4818 διαστῆσαν,
2553 4749 2650 4802 καὶ
2681 4747 2978 4821 ἀνευρῦναν
3007 4749 3102 4802 ἀπ’
3137 4747 3384 4821 ἀλλήλων
3410 4750 3480 4803 τὰ
3521 4753 3801 4821 στοιχεῖα.⁶

2201 4838 2369 4892 Τοῦτο
2399 4839 2460 4892 τὸ
2487 4839 2776 4909 γενόμενον
2799 4840 2930 4910 χάος
2979 4842 3028 4894 οῖ
3069 4842 3290 4914 ποιηταὶ
3325 4841 3572 4906 καλοῦσι,
3601 4841 3690 4896 διὰ
3723 4841 3791 4898 τὺ

2201 4930 2488 5002 κεχηνέναι
2518 4931 2581 4983 ὲκ
2621 4929 2716 4984 τοῦ
2765 4931 3072 5003 πνεύματος
3106 4932 3150 4964 ³⁸
3181 4933 3412 4987 ἁπλόθεν
3440 4933 3668 5002 γίνεται.
3709 4928 3790 4990 Οὗ

2199 5019 2262 5073 τὸ
2295 5020 2408 5074 ἄνω
2433 5021 2619 5091 χάσμα
2663 5021 2888 5093 οὐρανὸς
2923 5022 3171 5088 διπλοῦς·
3199 5026 3228 5078 ό
3259 5024 3358 5096 μὲν
3395 5023 3507 5078 ἀνω
3547 5025 3789 5096 αἰωρού-

2205 5127 2384 5182 μενος,
2417 5113 2446 5164 ὁ
2476 5107 2532 5163 δὲ
2563 5111 2713 5165 κάτω
2735 5111 3166 5184 κυλινδούμενος.
3199 5113 3310 5188 Τὴν
3341 5116 3444 5188 γῆν
3476 5111 3592 5181 οὖν,
3619 5113 3788 5174 οὖσαν

2204 5203 2510 5276 βαρυτάτην
2559 5203 2730 5274 μέσην
2789 5205 2986 5276 συνέϐη
3039 5206 3404 5278 συναχθῆναιθ
3465 5211 3789 5281 ὁρμήσασαν

2201 5295 2310 5367 γὰρ
2339 5295 2426 5350 διὰ
2460 5295 2737 5368 βαρύτητα
2779 5297 2932 5352 δῦναι
2967 5299 3138 5360 κάτω,
3180 5299 3243 5354 τὸ
3289 5300 3528 5372 πνεῦμα,
3581 5318 3789 5356 παντα-

2202 5386 2357 5457 χόθεν
2391 5387 2735 5458 περιελάσαν,
2764 5389 2934 5462 αὐτὴν
2967 5389 3024 5443 ἐν
3056 5389 3207 5463 μέσῳ
3241 5393 3432 5464 στῆναι
3463 5392 3556 5446 τοῦ
3584 5392 3787 5457 παντὸς

2203 5480 2554 5550 φυσσήματος
2595 5479 2868 5551 συνέσχεν.
2918 5481 3170 5552 Ἐμεινεν
3207 5479 3300 5537 οὖν
3334 5485 3484 5538 πᾶσα
3511 5487 3545 5556 ή
3573 5485 3646 5555 γῆ
3675 5482 3790 5538 τῶν

2205 5569 2304 5640 μὲν
2331 5570 2536 5625 ἀνωθεν
2566 5573 2976 5644 ὲκκρεμαμένη,
2999 5576 3110 5638 τοῖς
3134 5575 3378 5629 κάτωθεν
3403 5575 3461 5630 δὲ
3491 5577 3790 5646 ἐπαιωρου-

2207 5661 2362 5732 μένη,
2397 5661 2537 5716 κατά
2569 5661 2631 5715 τὸ
2663 5662 2756 5716 ἐπὶ
2786 5663 2880 5717 τοῦ
2915 5665 3086 5733 φακοῦ
3121 5669 3216 5721 καὶ
3247 5667 3347 5738 τῆς
3385 5665 3562 5738 φύσης
3606 5665 3790 5737 παρά-

2528 5818 2574 5852 ²’
2623 5818 2662 5889 f.
2697 5817 2974 5891 ἐμϐάλλει.
3079 5821 3122 5856 ³ο
3160 5820 3288 5878 11w:
3318 5833 3438 5877 sunt
3467 5821 3782 5893 dqrravala.
