4132 6434
349 400 455 463 9οἻ

1084 393 1400 452 ACIIILLIS
1441 392 1628 449 TATII
1671 388 1966 446 ISAGOGE
1998 386 2090 440 AD
2124 382 2335 438 ARATI
2374 378 2850 436 PlleNOMENA.

3490 373 3599 432 998

348 518 568 588 δειγμα.
607 515 718 570 Kal
746 512 854 585 γὰρ
876 510 1164 582 φακοειδής
1203 513 1348 563 ἐστιν
1372 512 1405 578 ἡ
1435 508 1509 578 γῆ
1530 524 1542 537 ο
1579 509 1644 560 ὲκ
1674 507 1768 576 μὲν
1794 505 1920 556 ἐκα-
1948 510 1994 563 Α
2017 501 2046 552 6
2074 496 2390 559 διδάσκαλός
2413 512 2513 588 μου
2567 491 2926 588 ἰσιδωρ-ιανὸς
2957 488 3234 588 διαφέρειν
3273 489 3509 588 σφαίρας
3537 488 3601 544 τὸ

351 606 525 677 τέρων
553 604 662 656 τῶν
701 602 883 673 μερῶν
915 600 1009 654 τοῦ
1037 616 1096 652 τε
1123 599 1255 663 ἀνω,
1296 600 1393 652 καὶ
1428 598 1577 651 κάτω
1622 596 1759 667 πρὸς
1792 595 1923 664 ῦψος

348 696 660 766 οἰκουμένη,
691 693 828 765 πρὸς
865 692 922 745 δὲ
963 691 1032 744 τά
1070 695 1280 762 πέρατα
1311 692 1390 753 εἰς
1419 690 1719 759 λεπτότητα
1746 704 1925 741 στενο-

350 785 690 858 χωρουμένη.
731 784 819 846 Ὠς
861 778 954 836 οῦν
990 780 1309 851 ὑποστάθμη
1354 776 1488 833 οὖσα
1519 778 1607 831 διά
1638 777 1700 831 τὸ
1739 777 1923 849 βάρος,

351 880 542 952 πρώτη
595 877 731 950 μετὰ
772 876 835 929 τὸ
877 874 1007 946 χάος
1064 874 1301 951 πέπηγε.
1352 872 1451 925 Διά
1498 887 1580 923 τοι
1626 868 1783 922 τοῦτο
1833 871 1927 922 καὶ

362 972 621 1035 Ἡσίοδος,
648 969 792 1023 τοῦτ’
823 967 1000 1034 εἰδὼς,
1026 964 1188 1036 φησίν
1208 981 1221 993 ·

354 1087 519 1165 ’Ζιῖρι
541 1082 657 1165 μὲι
692 1080 993 1165 πρώτιστα
1018 1076 1165 1165 χάος
1182 1074 1618 1165 rasa-2m
1642 1073 1846 1165 ἔπειτα

350 1154 482 1209 Γαῖ’
504 1144 921 1223 εἰρύστερνος,
951 1144 1355 1211 πάντωνεδος
1380 1144 1654 1213 ἀσφαλὲς
1684 1145 1817 1196 αἰεί.

349 1245 460 1315 95
490 1245 610 1298 Ὅτι
640 1242 696 1295 δὲ
713 1242 806 1296 καὶ
839 1242 980 1312 μέση
998 1241 1031 1310 ἡ
1047 1239 1141 1309 γῆ,
1166 1238 1431 1308 μαρτυρεῖ
1452 1236 1703 1305 Ἄρατος,
1719 1233 1889 1303 λέγων
1908 1251 1921 1263 ·

356 1356 553 1420 Ἀξων
588 1356 719 1409 αἰὲν
762 1353 1001 1422 ἄρηρεν.
1040 1351 1201 1420 Ἔχει
1232 1349 1286 1403 δ’
1325 1347 1662 1404 ἀτάλαντον
1687 1346 1924 1416 ἁπάντη

352 1426 680 1496 Μεσσηγὺς
709 1425 903 1494 γαῖαν.

352 1538 427 1591 T6
464 1537 572 1608 γάρ
622 1536 917 1590 ἀτάλαντον
957 1534 1079 1587 ἀντὶ
1126 1530 1219 1584 τοῦ
1252 1531 1527 1600 ἀκίνητον.
1560 1528 1696 1602 Περὶ
1738 1528 1795 1581 δὲ
1827 1526 1926 1598 τὴν

353 1630 458 1699 γῆν
489 1627 760 1692 κυκλικῶς
790 1626 923 1697 ἄλλη
970 1624 1121 1677 ἐστὶν
1154 1622 1339 1676 ἐπάνω
1373 1624 1574 1692 σφαῖρα
1608 1623 1640 1690 ή
1672 1619 1767 1673 τοῦ
1802 1618 1926 1672 ὓδα-

350 1737 465 1785 τος,
498 1719 700 1790 μείζων
733 1718 833 1788 τῆς
875 1717 999 1787 γῆς.
1038 1714 1111 1767 Τὸ
1143 1716 1251 1784 γὰρ
1278 1712 1529 1783 περιέχον
1556 1710 1651 1763 τοῦ
1682 1727 1929 1782 περιεχο-

356 1813 518 1883 μένου
576 1810 757 1882 μεῖζον
808 1804 947 1862 εἶναι
990 1808 1087 1860 δεῖ.
1140 1807 1293 1859 Μετά
1329 1805 1385 1857 δὲ
1428 1804 1525 1874 τὴν
1574 1802 1668 1855 τοῦ
1712 1803 1925 1867 ὓδατος,

358 1904 520 1968 εὐθὺς
553 1905 586 1973 ὴ
625 1901 717 1955 τοῦ
748 1900 927 1972 ἀέρος,
967 1898 1063 1951 καὶ
1091 1896 1228 1967 αὐτὴ
1270 1894 1453 1965 κύκλῳ
1485 1894 1546 1946 τὸ
1586 1892 1730 1964 ὓδωρ
1775 1910 1931 1965 περι-

353 1994 575 2065 έχουσα.
598 1991 751 2046 Μετὰ
766 1992 823 2044 δὲ
848 1991 949 2060 τὴν
970 1988 1066 2042 τοῦ
1093 1987 1251 2060 ἀέρος
1272 1989 1306 2058 ἡ
1336 1987 1430 2039 τοῦ
1464 1985 1699 2058 αἰθέρος.
1718 1985 1809 2039 Διὸ
1836 1985 1930 2039 καὶ

357 2087 425 2139 Ὅ
432 2104 506 2157 μη
515 2086 605 2157 ρός
636 2102 737 2137 που
763 2082 911 2151 λέγει
931 2099 945 2111 '
1203 2153 1213 2162 .

357 2201 459 2262 Εἰς
487 2196 710 2264 ἐλάτην
732 2196 957 2261 ἀναϐὰς
984 2194 1397 2264 περιμήκετον,
1426 2191 1465 2260 ἦ
1498 2194 1614 2246 τότ’
1635 2194 1706 2246 ἐν
1730 2192 1860 2263 Ἴδῃ

355 2263 713 2336 Μακροτάτη
742 2264 1025 2335 πεφυυῖα,
1055 2265 1128 2317 δι’
1162 2263 1333 2332 ἠέρος
1366 2264 1547 2330 αἰθέρ’
1581 2264 1801 2316 ἵκανεν.

361 2381 515 2437 Εἰσὶν
541 2374 635 2434 οὖν
666 2379 925 2450 τέσσαρες
960 2379 1215 2449 σφαῖραι·
1260 2375 1298 2430 ἃ
1334 2377 1567 2445 στοιχεῖα
1596 2374 1850 2428 καλοῦσιν
1881 2375 1930 2427 οί

360 2471 602 2534 παλαιοὶ,
628 2470 715 2523 διὰ
739 2469 801 2522 τὸ
825 2468 1019 2539 στοίχῳ
1046 2468 1140 2521 καὶ
1171 2466 1564 2533 τάξειὲκαστον
1598 2465 1778 2520 αὐτῶν
1801 2465 1933 2517 ὑπο-

359 2562 573 2617 κεῖσθαι
592 2578 605 2592 °
632 2560 707 2625 ὥς
724 2578 824 2613 που
842 2559 937 2613 καί⁵
969 2557 1209 2629 Ἀλκμὰν
1228 2556 1573 2628 όμοστοίχους
1596 2555 1820 2609 ἐκάλεσε
1834 2554 1934 2618 τάς

358 2658 419 2711 ἐν
449 2657 601 2723 τάξει
639 2653 969 2727 χορευούσας
1011 2651 1331 2724 παρθένους.
1361 2651 1463 2704 Καὶ
1486 2654 1543 2706 ἐν
1575 2653 1930 2723 γραμματικῇ

357 2752 595 2820 στοιχεῖα
636 2750 733 2818 μὲν
781 2746 938 2801 καλεῖ
976 2746 1020 2777 ³ί
1052 2746 1122 2800 τά
1152 2745 1472 2817 γράμματα,
1511 2744 1599 2798 διὰ
1634 2744 1695 2796 τό
1729 2744 1927 2814 στοίχῳ

355 2840 447 2893 καὶ
475 2838 628 2905 τάξει
664 2837 760 2901 τὰς
789 2838 877 2890 ἐπ’
906 2835 1085 2890 αὐτῶν
1118 2835 1414 2890 πλέκεσθαι
1452 2835 1737 2900 συλλαϐάς.
1772 2836 1949 2893 Μέσαν

353 2926 448 2984 οὖν
479 2931 595 2982 ἐστι
627 2928 699 2981 τὰ
733 2926 903 2998 βαρέα
937 2929 1195 2998 στοιχεῖα.
1249 2926 1586 2995 Θαυμαστῶς
1609 2925 1716 2996 γὰρ
1754 2925 1934 2979 πάντα

355 3020 651 3084 κατέταξεν
674 3021 702 3072 6
732 3017 1091 3089 Δημιουργός.
1123 3018 1180 3070 '0
1204 3017 1312 3088 γάρ
1343 3016 1503 3089 αἰθὴρ
1533 3016 1627 3070 καὶ
1641 3016 1701 3068 τὸ
1719 3015 1934 3086 πνεῦμα

358 3114 539 3167 πάντα
580 3112 660 3173 εἰς
712 3108 881 3162 ἑαυτά
926 3108 1125 3172 ἔξωθεν
1170 3108 1366 3165 ἐπαι...
1400 3107 1645 3165 καὶοῦτε
1685 3107 1765 3178 τῷ
1808 3107 1932 3179 ἀέρι

357 3205 557 3273 πτῆναι
584 3204 876 3273 συγχωρεῖ,
907 3199 1031 3253 οὔτε
1064 3199 1144 3270 τῷ
1171 3200 1320 3254 ὕδατι
1349 3200 1576 3271 χυθῆναι
1600 3216 1613 3231 ·
1647 3200 1760 3254 ἀλλ’
1805 3202 1933 3256 ἐκά-
1957 3204 2000 3262 C

360 3310 492 3364 στην
529 3292 755 3363 μόνιμον
778 3287 873 3343 τοῦ
916 3290 1081 3343 τόπου
1136 3293 1294 3361 τηρεῖ
1315 3292 1413 3361 τὴν
1445 3291 1650 3355 στάσιν,
1688 3291 1828 3346 κατά
1868 3290 1930 3344 τὸ

357 3386 452 3438 ἐπὶ
487 3383 584 3437 τοῦ
623 3383 816 3453 λύχνου
840 3382 1163 3452 ὑπόδειγμα,
1182 3382 1276 3435 καὶ
1290 3382 1389 3453 τῆς
1411 3383 1561 3449 παρά
1587 3386 1697 3446 τοῖς
1730 3385 1931 3453 ἰατροῖς

360 3476 574 3539 σικύας,
625 3476 659 3547 ἢ
708 3474 787 3546 τῷ
814 3475 948 3545 πυρὶ
987 3473 1123 3545 πρὸς
1165 3474 1361 3544 ἑαυτὴν
1392 3474 1547 3544 ἄγχει
1575 3473 1675 3538 τὰς
1706 3475 1928 3544 φλέϐας.

373 3569 432 3622 ⁸0
460 3570 557 3639 μὲν
587 3563 680 3621 οὖν
704 3567 811 3638 ἀὴρ
842 3565 947 3619 ὑπὸ
978 3565 1071 3619 τοῦ
1113 3566 1282 3637 πυρὸς
1310 3566 1588 3636 συνέχεται
1611 3583 1624 3596 °
1649 3567 1709 3621 τὸ
1732 3567 1788 3620 δὲ
1820 3566 1932 3638 πῦρ

362 3659 501 3732 μετά
525 3657 622 3712 τοῦ
652 3658 814 3728 ἀέρος
835 3656 904 3710 τὰ
934 3655 1132 3710 πάντα.
1162 3655 1261 3709 Διά
1292 3654 1467 3720 τοῦτο,
1489 3656 1645 3725 ὕδωρ
1673 3656 1771 3711 καὶ
1796 3656 1933 3726 γαῖα

358 3750 659 3822 ⁸γένοισθε,
697 3749 796 3819 οὐχ
848 3747 925 3812 ὥς
961 3764 1106 3812 τινες
1140 3747 1386 3819 κατάραν
1432 3749 1543 3812 τοῖς
1577 3747 1933 3819 στρατιώταις

359 3841 706 3914 κατηράσατο
727 3857 741 3870 ·
772 3839 908 3893 ἀλλά
953 3838 1045 3893 τὸν
1070 3838 1226 3893 ὄκνον
1255 3837 1413 3903 εἰδὼς
1445 3839 1511 3893 ἐκ
1553 3839 1662 3893 τῶν
1693 3838 1932 3911 βαρυτά-

357 3952 468 3987 των
484 3934 614 3987 όντα
634 3931 932 4004 στοιχείων,
973 3931 1073 4004 τὴν
1108 3930 1384 4004 βαρύτητα
1411 3932 1592 3995 αὐτοῖς
1639 3932 1930 4000 ὠνείδισεν,

360 4022 534 4078 εἰπών
551 4043 567 4057 ·

373 4141 526 4195 Ἀλλ’
550 4142 720 4211 ὑμεις
754 4153 871 4211 μεν
902 4151 1123 4211 παντες
1157 4137 1314 4211 ὕδωρ
1335 4138 1432 4192 καὶ
1471 4138 1608 4208 γαῖα
1634 4137 1932 4210 γένοισθε.

690 4208 1099 4278 Ειήὲστηκενή
1138 4208 1239 4280 γῆ,
1261 4210 1300 4278 ἢ
1336 4211 1621 4273 κινεῖται.;

434 4322 508 4393 γ’.
549 4324 723 4388 Τινὲς·
756 4323 851 4378 καὶ
877 4323 1046 4395 αὐτὴν
1083 4321 1653 4394 συμπεριστρέφεσθαι
1667 4320 1746 4392 τῷ
1773 4320 1937 4377 παντί

362 4431 549 4486 φασιν.
585 4413 948 4486 Ἀναισθήτως
974 4414 1031 4467 δέ
1062 4415 1209 4486 ἡμᾶς
1244 4414 1370 4478 τοὺς
1400 4412 1740 4477 ἐνοικοῦντας
1769 4412 1933 4484 ἔχειν,

360 4505 451 4559 διά
475 4506 535 4559 τὸ
567 4507 626 4558 ἐν
655 4503 834 4576 μικρῷ
863 4503 996 4575 ὀρίῳ
1038 4505 1139 4575 τῆς
1171 4505 1274 4576 γῆς
1298 4507 1590 4560 κατοικεῖν.
1624 4504 1841 4559 Βέλτιον
1876 4503 1934 4558 δὲ

363 4595 534 4666 αὐτὴν
550 4595 806 4665 ἀκίνητον
823 4595 986 4665 ἔχειν,
1012 4596 1345 4666 πανταχόθεν
1360 4597 1464 4649 ὑπὸ
1484 4595 1590 4648 τῶν
1612 4596 1741 4666 περί
1764 4596 1935 4668 αὐτὴν

367 4688 643 4758 στοιχείων
663 4690 932 4758 περιωθου
941 4688 1124 4757 μένην.
1146 4687 1328 4742 Δῶκεν
1349 4675 1393 4721 ³³
1421 4688 1476 4743 δὲ
1500 4688 1592 4742 καὶ
1611 4688 1931 4760 ὑπόδειγμα.

374 4780 434 4834 Ὀ
464 4779 607 4844 ἄξων
631 4778 739 4831 ἀπὸ
773 4778 1036 4850 ἀρκτικοῦ
1065 4779 1227 4833 πόλου
1254 4781 1415 4851 μέχρι
1446 4779 1541 4833 τοῦ
1573 4779 1933 4852 ἀνταρκτικοῦ

2026 588 2358 660 σφαιροειδὲς
2377 586 2549 658 ταύτῃ
2568 629 2584 653 ,
2679 586 2713 655 ὴ
2732 584 2831 654 μὲν
2857 584 3061 654 σφαῖρα
3090 581 3434 652 κυκλοτερῶς
3460 595 3599 633 παν-

2022 681 2246 751 ταχόθεν
2282 680 2361 742 εἰς
2389 678 2637 747 λειότητα
2669 677 3028 746 ἀπήρτισται·
3069 674 3131 728 τὺ
3169 672 3503 745 σφαιροειδὲς
3542 670 3601 723 δὲ

2025 774 2243 837 κύκλος,
2268 773 2330 825 ού
2359 770 2464 841 μὴν
2490 769 2624 836 ἴσος,
2667 768 2781 821 ἀλλ’
2824 766 2962 838 ἔχων
2994 766 3212 838 εἰσοχὰς
3251 767 3345 820 καὶ
3386 763 3600 835 ἐξοχάς.

2028 866 2214 917 Ἔστιν
2233 858 2324 916 οῦν
2357 864 2390 932 ἡ
2429 861 2500 932 γῆ
2531 859 2875 930 σφαιροειδὴς
2897 860 2955 912 ὲν
2990 856 3265 929 κοιλότησί
3306 874 3366 909 τε
3411 872 3576 910 ταπει
3596 885 3607 896 ·

2025 954 2280 1024 νουμένη,
2333 952 2428 1005 καὶ
2475 951 2535 1005 ἐν
2592 951 2971 1020 ἀναστήμασιν
3026 948 3327 1021 ὑψουμένη.
3366 949 3470 1001 Ἦν
3509 942 3604 1001 οῦν

2024 1043 2278 1115 οἰκοῦμεν
2296 1045 2456 1115 ἡμεῖς
2482 1042 2605 1112 γῆν,
2632 1040 2835 1111 μαστός
2857 1041 3004 1093 ἐστιν
3020 1039 3230 1111 ὥσπερ,
3258 1039 3354 1093 καὶ
3390 1037 3603 1111 κορυφὴ

2024 1132 2125 1202 τῆς
2174 1133 2378 1202 πάσης·
2433 1128 2683 1200 καθάπερ
2727 1128 2820 1182 καὶ
2855 1126 2955 1191 τὰς
2988 1128 3184 1199 νήσους
3241 1127 3300 1180 ἐν
3333 1126 3481 1197 μέσῳ
3523 1125 3603 1196 τῷ

2026 1224 2251 1293 πελάγει
2281 1222 2631 1284 ἐπαναϐἀσας
2652 1220 2730 1286 τῷ
2761 1219 2914 1272 ὕδατι
2938 1218 3173 1291 ὁρῶμεν.
3209 1216 3365 1272 Οὕτω
3392 1218 3487 1272 καὶ
3504 1218 3605 1289 τὴν

2025 1315 2205 1367 πᾶσαν
2249 1313 2574 1384 οἰκουμένην
2628 1311 2922 1382 γενήσουσι
2950 1311 3151 1380 τρόπον
3196 1309 3386 1380 ἐπέχει
3442 1309 3489 1341 ³⁸
3526 1309 3607 1379 τῷ

2025 1405 2172 1477 ὄγκῳ
2194 1405 2286 1459 τοῦ
2335 1405 2717 1476 ἀναστήματος
2749 1404 3259 1458 ἐπανακύπτουσαν.
3313 1402 3607 1473 Συμϐαίνει

2025 1496 2135 1566 γὰρ
2159 1496 2218 1549 τὸ
2250 1496 2392 1567 ὕδωρ
2425 1495 2568 1549 κατά
2596 1513 2717 1549 τινα
2750 1495 2890 1567 μέρη
2922 1496 3021 1567 τῆς
3045 1496 3168 1566 γῆς,
3196 1493 3261 1548 ἂν
3292 1493 3451 1567 τύχῃ.
3478 1494 3606 1546 ποτὲ

2030 1587 2135 1657 μὲν
2159 1586 2492 1651 πλεονάζειν,
2524 1586 2652 1639 ποτὲ
2674 1587 2728 1639 δὲ
2760 1586 2946 1658 λήγειν
2966 1586 3160 1651 οὕτως,
3185 1584 3327 1638 ὥστε
3352 1587 3604 1655 ἐπινηχο-

2030 1678 2197 1750 μένην
2243 1676 2446 1730 οἴεσθαι
2501 1675 2599 1747 τὴν
2644 1677 2768 1747 γῆν.
2833 1675 2943 1729 Καὶ
2986 1675 3049 1728 τὺ
3093 1674 3265 1738 πάθος
3293 1674 3353 1727 ού
3388 1676 3515 1746 περὶ
3542 1674 3606 1727 τὸ

2029 1770 2257 1840 πάσχον,
2306 1768 2442 1823 ἀλλά
2486 1769 2613 1841 περὶ
2636 1769 2698 1821 τὸ
2720 1768 3011 1838 βαστάζον,
3051 1767 3303 1839 καθάπερ
3332 1768 3424 1822 καὶ
3452 1769 3510 1821 ἐν
3536 1770 3604 1840 τῇ

1963 1870 2003 1927 Β
2033 1861 2274 1933 θαλάσσῃ
2313 1862 2556 1930 γίνεται⁶
2598 1861 2660 1915 τὸ
2706 1860 2851 1933 ὕδωρ
2882 1861 2985 1914 ὑπὸ
3021 1860 3130 1915 τῶν
3163 1861 3380 1933 ἀνέμων
3426 1861 3607 1914 κινού-

2034 1970 2193 2025 μενον
2232 1952 2515 2023 ἀνώμαλον
2554 1952 2795 2005 δείκνυσι
2825 1953 2925 2024 τὴν
2959 1952 3313 2021 ἐπιφάνειαψ
3342 1954 3472 2007 ποτὲ
3508 1953 3607 2025 μὲν

2029 2044 2411 2116 κυρτουμένων
2459 2043 2720 2114 κυμάτων
2776 2042 2864 2096 διὰ
2892 2043 2992 2115 τὴν
3022 2042 3114 2095 τοῦ
3142 2043 3455 2114 πνεύματος
3476 2060 3607 2113 σφο-

2028 2136 2281 2208 δρότητα,
2310 2132 2407 2189 εἷθ’
2442 2136 2547 2189 ὑπὸ
2574 2136 2676 2207 τῆς
2711 2136 2945 2207 φυσικῆς
2977 2135 3219 2207 ἀνάγκης
3251 2137 3331 2200 είς
3355 2134 3602 2209 λειότητα

2029 2228 2413 2301 διαχεομένων.
2444 2229 2510 2282 Εἰ
2553 2224 2646 2282 οὖν
2677 2228 2918 2299 συμϐαίη
2951 2226 3102 2299 κῦμα
3133 2227 3335 2299 ὑψηλὸν
3380 2228 3608 2300 ὑποδρα-

2033 2323 2152 2391 μεῖν
2178 2318 2329 2385 ναῦν,
2352 2319 2670 2391 ὲπαιωρίξει
2716 2319 2815 2390 μὲν
2843 2318 3013 2389 αὐτὴν
3053 2320 3134 2383 εἰς
3167 2318 3321 2388 ῦψος,
3352 2319 3605 2391 διαχυθέν

2030 2411 2085 2464 δὲ
2102 2413 2463 2483 συγκατασπᾷ
2510 2412 2605 2465 καὶ
2653 2410 2752 2482 τὴν
2777 2411 2930 2466 ναῦν.
2965 2409 3077 2463 Kal
3106 2412 3140 2482 ἡ
3169 2412 3382 2483 κίνησις
3413 2414 3474 2466 οὐ
3505 2412 3606 2483 τῆς

2031 2503 2176 2575 νηὸς,
2206 2503 2341 2557 ἀλλά
2361 2502 2451 2557 τοῦ
2475 2502 2665 2567 ὕδατος
2692 2501 2921 2572 γίνεται.
2949 2506 3043 2556 Δεῖ
3054 2504 3109 2557 δὲ
3132 2503 3351 2567 εἰδέναι,
3383 2504 3465 2557 ὅτι
3498 2503 3609 2557 τῶν

2032 2594 2309 2664 στοιχείων
2360 2594 2590 2649 ἕκαστον
2633 2594 2694 2649 ού
2726 2593 2826 2666 τὴν
2856 2595 3050 2649 ἐαυτοῦ
3076 2594 3245 2668 μόνην
3278 2596 3391 2667 ἔχει
3422 2596 3606 2665 φύσιν,

2030 2685 2145 2739 ἀλλ’
2209 2687 2452 2741 ἑκάστων
2512 2687 2620 2741 τῶν
2658 2687 2879 2754 λοιπῶν,
2921 2689 3017 2743 καὶ
3045 2688 3196 2742 οὐδὲν
3239 2690 3464 2761 ἄμοιρον
3510 2691 3609 2760 τῆς

2029 2778 2138 2832 τῶν
2190 2779 2393 2833 λοιπῶν
2451 2781 2762 2851 μετουσίας.
2806 2780 2932 2834 Ἐπὶ
2981 2778 3193 2844 τούτοις
3221 2780 3286 2852 δὴ
3322 2784 3435 2845 τοῖς
3473 2798 3611 2836 στοι-

2030 2869 2197 2940 χείοις
2223 2869 2419 2934 ἔξωθέν
2445 2871 2563 2924 ἐστι
2588 2871 2767 2925 πάντα
2794 2870 3060 2943 περιέχων
3087 2872 3116 2924 6
3151 2870 3376 2943 οὐρανὸς
3406 2874 3611 2944 σφαῖρα

2031 2960 2277 3031 πέμπτη,
2299 2958 2423 3014 οὔτε
2455 2960 2645 3032 βαρὺς,
2671 2960 2794 3015 οὔτε
2822 2961 3025 3031 κοῦφος
3046 2978 3062 2994 ο
3093 2961 3610 3035 ἀλλὰτμεμιγμένην
3721 2971 3727 2985 ’

2032 3053 2096 3105 ἐκ
2126 3051 2342 3107 πάντων
2374 3051 2486 3122 ἔχει
2511 3053 2609 3125 τὴν
2634 3054 2830 3124 κρᾶσιν
2859 3067 2873 3082 ⁸
2902 3052 2983 3106 διὸ
3018 3052 3112 3106 καὶ
3139 3051 3237 3124 τὴν
3262 3052 3518 3107 σύστασιν
3545 3056 3612 3107 ἐκ

2031 3142 2130 3212 τῆς
2158 3142 2406 3214 κράσεως
2451 3141 2675 3212 βεϐαίαν
2725 3143 2858 3214 ἔχει.
2887 3143 2998 3197 Καὶ
3020 3143 3335 3215 ὠνόμασται
3370 3145 3522 3215 παρά
3551 3145 3612 3200 τὸ

2030 3233 2261 3306 όρούειν,
2287 3235 2316 3288 ὅ
2346 3235 2492 3289 ἐστιν
2507 3235 2716 3306 ὁρμᾷν’
2749 3234 3082 3308 προώρμησε
3105 3237 3213 3308 γὰρ
3249 3237 3478 3309 οὐρανὸς
3500 3238 3612 3291 τῶν

2029 3325 2201 3380 άλλων
2222 3327 2523 3396 στοιχείων.
2558 3327 2623 3380 Εἰ
2642 3326 2697 3380 δέ
2720 3327 2837 3380 ἐστί
2859 3345 2913 3380 τι
2934 3328 3090 3382 κενὸν
3114 3328 3311 3395 ἔξωθεν
3336 3329 3432 3383 τοῦ
3449 3329 3615 3402 οὐρα-

2030 3416 2144 3481 νοῦ,
2170 3418 2232 3471 οὐ
2262 3418 2553 3491 περίεργος
2587 3420 2719 3490 ἡμῖν
2759 3422 2793 3490 ἡ
2832 3419 3080 3491 ζήτησις.
3110 3419 3258 3491 Πλὴν
3299 3421 3347 3473 οἰ
3383 3421 3614 3476 Στωϊκοὶ

2028 3508 2277 3579 λέγουσιν
2298 3504 2437 3564 εἶναι
2457 3527 2471 3541 ’
2499 3509 2673 3583 ταύτῃ
2702 3510 2809 3582 γὰρ
2830 3509 3109 3583 διαφέρειν
3128 3512 3191 3565 τὸ
3206 3512 3326 3567 ὅλον
3350 3514 3447 3567 τοῦ
3473 3532 3612 3567 παν-

2027 3601 2141 3665 τός.
2177 3601 2316 3655 Ἀλλ’
2335 3602 2435 3657 οὐκ
2457 3593 2797 3675 ἅπειρον,ὡς
2828 3605 3172 3675 Ἐπίκουρος,
3208 3605 3303 3658 καὶ
3336 3607 3384 3659 οἰ
3411 3604 3609 3659 λοιποί.

2044 3693 2196 3747 Ἐπεὶ
2223 3694 2282 3747 δέ
2321 3696 2694 3766 συμμεμίχθαι
2724 3694 2803 3766 τῷ
2832 3694 2981 3749 ὕδατι
3017 3696 3116 3768 τὴν
3146 3696 3251 3767 γῆν
3283 3713 3486 3766 φαμεν,
3515 3712 3611 3748 τυ-

2030 3784 2143 3857 χὼν
2182 3786 2227 3819 ³³
2259 3786 2582 3859 ἀμφοτέρων
2610 3787 2819 3858 ποίημα
2849 3783 2917 3859 ἦν
2950 3789 2979 3841 ὁ
3002 3786 3319 3860 ἄνθρωπος,
3351 3788 3612 3852 Ἠσίοδος⁸

2032 3876 2223 3931 Γαῖαν
2240 3877 2369 3932 ὕδει
2390 3880 2621 3949 φύρειν,
2647 3879 2718 3932 ἐν
2744 3861 2798 3932 δῖ
2827 3878 3141 3949 ἀνθρώπου
3180 3878 3359 3949 θέμεν
3394 3880 3612 3947 αὐδήν.

2032 3967 2314 4023 Καὶτοῦτό
2342 3969 2491 4025 ἐστιν
2521 3971 2551 4023 6
2584 3968 2754 4042 μῦθος
2777 3971 2805 4023 6
2839 3969 3196 4043 Προμηθέως.

2455 4084 2526 4136 Εἰ
2552 4079 2663 4143 ζῶα
2698 4081 2898 4153 τρέφει
2936 4084 2971 4138 ὀ
2994 4082 3189 4152 αἰθήρ.

2102 4190 2166 4245 δ’.
2205 4190 2263 4246 ὐ
2290 4191 2391 4264 μὲν
2431 4194 2662 4265 ποιητής
2710 4211 2813 4248 που
2841 4192 2989 4263 λέγει
3017 4193 3091 4248 δι’
3120 4192 3351 4262 αἰθέρος
3372 4194 3617 4264 ἀτρυγέ-

2033 4299 2178 4341 τοιο.
2213 4285 2438 4355 νΑγονον
2465 4286 2562 4340 καὶ
2613 4286 2881 4357 ἄκαρπον,
2927 4285 3002 4349 ὥς
3040 4302 3186 4350 τινες
3235 4285 3398 4339 αὑτὸν
3448 4289 3616 4340 αἰνιτ-

2034 4376 2281 4447 τόμενοιο
2317 4377 2364 4410 ³⁸
2409 4373 2480 4450 ἦς
2511 4376 2736 4449 γνώμης
2776 4377 3074 4432 κινδυνεύει
3124 4377 3217 4431 καὶ
3266 4380 3295 4431 6
3351 4377 3616 4450 Πίνδαρος

2038 4462 2201 4534 εἶναι,
2250 4469 2422 4539 λέγων
2443 4485 2457 4500 ’
2504 4468 2727 4539 ἐρήμας
2757 4468 2832 4522 δι’
2879 4468 3134 4537 αἰθέρος.
3182 4467 3523 4540 Εὑρίσκομεν
3557 4470 3616 4522 δὲ

1961 4546 2013 4606 Ῐ)
2039 4559 2202 4614 αὐτὸν
2252 4559 2639 4630 ξωογονοῦντα,
2690 4559 2785 4614 καὶ
2836 4558 2953 4624 ζῶα
2978 4559 3188 4630 ἔχοντα,
3216 4560 3452 4631 μάλιστα
3489 4562 3616 4625 τοὺς

2041 4649 2340 4722 πλάνητας,
2373 4651 2461 4706 διὰ
2477 4651 2539 4705 τὸ
2564 4651 2937 4723 αὐτοκίνητον.
2972 4652 3083 4704 Καὶ
3109 4651 3378 4724 Ὄμηρος,

2054 4762 2297 4829 Ἠέλιος,
2350 4763 2419 4829 ὃς
2460 4762 2633 4817 πάντ’
2670 4762 2911 4835 ἐφορᾷς,
2938 4764 3036 4819 καὶ
3068 4764 3242 4818 πάντ’
3280 4765 3616 4831 ἐπακούεις,

363 4871 563 4940 διήκει,
604 4869 692 4923 διὰ
736 4869 830 4922 τοῦ
888 4868 1121 4939 αἰθέρος,
1166 4870 1262 4924 καὶ
1305 4869 1416 4924 τῶν
1451 4870 1625 4925 ἀλλων
1660 4870 1936 4941 στοιχείων
2041 4876 2182 4942 ζῶον
2224 4875 2392 4932 εἰπὼν
2446 4876 2613 4944 ἔδειξε
2652 4876 2745 4931 τὸν
2773 4877 2943 4948 ἥλιονο
2983 4876 3055 4929 Τί
3072 4871 3167 4931 οῦν
3192 4875 3424 4947 λέγομεν
3451 4875 3620 4947 ἀτρύ-

366 4960 703 5031 ἰκνούμενος.
740 4960 806 5013 Ἦ
840 4959 910 5028 γῆ
932 4954 1024 5012 οὖν
1040 4958 1315 5032 βαρυτάτη
1338 4956 1472 5014 οὖσα
1488 4962 1722 5015 ὲνεϊκται
1752 4960 1817 5026 ³³,
1837 4961 1934 5014 καὶ
2039 4983 2227 5037 γετον;
2258 4968 2320 5021 οὐ
2357 4967 2418 5020 τὸ
2460 4966 2729 5038 ἄκαρπον.
2763 4968 2874 5021 Kal
2911 4966 3021 5038 γὰρ
3056 4966 3228 5037 γῆν...
3278 4964 3421 5019 ἔοικε
3448 4965 3623 5019 δὲκαὶ

365 5053 804 5124 ἐμπεπερόνηται
831 5051 1333 5124 ἐμπεριειλημμένη
1356 5053 1460 5107 ὑπὸ
1486 5051 1578 5106 τοῦ
1599 5053 1785 5120 ἄξονος
1802 5070 1818 5085 ⁸
1858 5053 1936 5118 ὡς
2039 5061 2128 5115 διὰ
2178 5059 2276 5132 τὴν
2317 5059 2471 5126 τάξιν
2510 5058 2604 5112 τοῦ
2654 5057 2853 5121 παντὸς
2885 5058 2981 5111 καὶ
3019 5057 3119 5128 τὴν
3158 5055 3340 5126 φύσιν.
3373 5054 3620 5125 Ὅμηρος

369 5142 711 5213 μὴδύνασθαι
724 5142 1094 5197 κινεῖσθαι.Τὰ
1112 5142 1170 5196 δὲ
1185 5142 1318 5196 ἄλλα
1333 5143 1767 5215 χαυνότεραόντα
1781 5144 1944 5200 τόπον
2047 5146 2141 5205 οὖν
2195 5150 2534 5221 καταμιγνὺς
2590 5148 2653 5202 τὸ
2708 5147 2953 5218 μυθῶδες
3003 5146 3083 5217 τῷ
3138 5144 3352 5216 φυσικῷ
3380 5160 3396 5176 °
3448 5144 3479 5197 6
3510 5143 3621 5215 γὰρ

366 5233 556 5305 ἔχοντα
606 5235 931 5306 στρέφεται·
967 5232 1154 5305 ὥσπερ
1182 5232 1247 5287 ἂν
1277 5234 1332 5287 ετ
1370 5251 1454 5297 τις
1493 5233 1754 5306 ὀϐελίσκῳ
1786 5234 1941 5301 ξύλον
2044 5240 2200 5303 Ζεὺς,
2242 5239 2302 5291 ὃν
2355 5253 2534 5309 φαμεν
2566 5232 2705 5291 εἶναι
2732 5236 2827 5291 τοῦ
2863 5235 3064 5301 παντὸς
3097 5233 3447 5307 δημιουργὸν,
3481 5233 3622 5303 πρὸς

367 5326 639 5396 ἀκινήτως
674 5324 1044 5397 ἐμπερονήση,
1079 5322 1398 5395 ἐμπεριθεὶς
1423 5324 1501 5394 τῷ
1551 5323 1693 5396 ξύλῳ
1711 5326 1941 5397 τροχοὺς
2043 5328 2137 5383 τὸν
2162 5329 2302 5400 ἀέρα
2329 5328 2427 5399 τὴν
2450 5328 2629 5398 Ἥραν
2660 5326 2841 5397 λέγει·

369 5416 729 5487 κυκλοτερῶς.
773 5416 1065 5489 Συμϐαίνει
1090 5416 1199 5488 γὰρ
1223 5416 1349 5479 τοὺς
1392 5416 1490 5488 μὲν
1521 5417 1749 5487 τροχοὺς
1773 5419 1940 5471 κινεῖ·
2048 5423 2120 5476 Ἣ
2142 5423 2214 5476 οὺ
2244 5420 2463 5490 μέμνῃ,
2488 5420 2587 5474 ὅτε
2608 5421 2657 5473 τ’
2680 5420 2902 5490 ἐκρέμω
2925 5421 3177 5490 ὑψόθεν,
3201 5419 3274 5490 ἐκ
3301 5418 3372 5490 δὲ
3389 5415 3633 5490 ποδοῖιν*

371 5507 515 5574 σθαι,
546 5486 687 5562 τὸδὲ
720 5486 873 5573 ξύλον
900 5486 1178 5579 ἀκινητεῖν
1206 5507 1311 5561 ὑπὸ
1332 5486 1427 5560 τοῦ
1459 5486 1790 5578 κρατοῦντος
1818 5524 1938 5561 στε-
2048 5486 2340 5561 Ἀκμοπίαξ
2366 5486 2486 5562 ἧέέα
2519 5490 2661 5559 δύων
2700 5486 2835 5560 πέρῖ
2863 5486 3035 5560 χερσὶ
3079 5489 3149 5544 δέ
3184 5488 3413 5575 δεσμὸν
3446 5488 3625 5557 τηλα;

368 5598 793 5671 νοχωρούμενον.
824 5601 960 5654 Φασὶ
976 5601 1038 5655 δὲ
1077 5599 1358 5670 Διόδωρος,
1393 5600 1486 5655 καὶ
1519 5600 1811 5671 Κοδρᾶτος,
1842 5599 1938 5654 καί
2045 5599 2159 5654 ἐστι
2196 5600 2295 5671 μὲν
2315 5601 2421 5674 γάρ
2442 5602 2471 5654 6
2499 5600 2843 5673 κρεμάμενος
2877 5601 2985 5674 ἀὴρ
3009 5602 3162 5675 ῖΉρα
3181 5619 3195 5632 ·
3222 5601 3273 5656 οἰ
3292 5600 3357 5655 δὲ
3388 5600 3626 5697 άμμονες

373 5721 487 5863 ,οἳ
931 5722 976 5755 ³³
1009 5721 1131 5795 Leg.
1169 5723 1367 5794 δῶμεν.
1442 5723 1486 5755 ⁸³
1516 5722 1556 5793 f.
1588 5725 1842 5794 ἐνεῖρται.
1922 5723 1968 5757 ³⁸
2069 5723 2174 5797 γῆν
2196 5727 2361 5794 νήσρη
2389 5735 2442 5781 οι
2472 5725 2706 5795 ἐπέχειν.
2745 5726 2789 5758 ³⁵
2820 5725 2862 5795 Ῑ.
2894 5725 3077 5796 τυχόν,
3108 5741 3234 5784 mox
3254 5723 3331 5789 ὡς
3361 5722 3624 5788 Ἡσίοδος.
