4132 6428
520 388 627 448 999

519 597 550 650 6
577 595 633 649 δὲ
656 592 855 667 χρυσὸς
884 593 927 625 ³⁷
960 593 1161 664 δεσμὸς
1188 591 1299 646 τῶν
1328 590 1528 662 χειρῶν
1549 590 1611 644 τὸ
1636 591 1769 662 πῦρ.
1789 590 2101 644 Συνδέδεται

519 688 631 760 γάρ
679 686 760 758 τῷ
810 685 989 759 αἰθέρι
1029 685 1092 739 τὸ
1130 687 1257 739 πᾶν.
1293 685 1416 739 Ζῶα
1445 684 1502 737 δὲ
1527 685 1622 738 τοῦ
1652 686 1815 756 ἀέρος
1844 684 1914 738 τά
1937 687 1995 739 ὲν
2025 685 2103 755 τῷ

520 779 645 853 ἀέρι
671 780 949 851 φερόμενα
979 778 1425 850 αὐτομολήσαντα
1458 778 1595 850 πρὸς
1622 777 1684 833 τὸ
1710 780 1907 850 φυσᾷν.

1102 889 1242 961 Περὶ
1266 891 1527 946 κύκλων.
1639 890 1645 897 ’

522 1008 535 1043 ⁸
594 1012 659 1061 ε’.
690 1005 896 1060 Κύκλοι
922 1004 979 1059 δέ
1007 1005 1111 1058 εἰσι
1144 1004 1235 1059 τὸν
1254 1002 1487 1076 ἀριθμὸν
1522 1009 1620 1058 La."
1646 1004 1939 1075 ἀρκτικὸς,
1979 1005 2104 1059 ἀντ-

523 1099 803 1171 αρκτικὸς,
847 1098 1098 1170 τροπικοὶ
1119 1097 1233 1159 δύο,
1268 1095 1605 1169 ίσημερινὸς,
1634 1096 1852 1168 ὁρίζων,
1885 1114 2103 1169 μεσημ-

523 1192 729 1264 δρινὺς.
783 1190 1065 1257 ζωδιακὸς.
1095 1189 1381 1260 γαλαξίας,
1428 1188 1678 1261 κόλουροι
1723 1188 1835 1243 δύο.
1873 1190 2102 1260 Μνημο-

522 1282 693 1339 νεύων
714 1283 770 1338 δὲ
795 1283 976 1338 αὐτῶν
996 1284 1253 1355 Ἄρατος,
1280 1279 1582 1351 ούθετέρως
1619 1280 1817 1345 αὐτοὺς
1856 1281 2029 1335 καλεῖ·

537 1457 872 1542 Ἀτλαντίων
879 1454 959 1539 τά
974 1454 1037 1539 τε
1055 1413 1361 1539 κύκᾷίέξᾶ
1369 1412 1556 1552 τξειηὲρι
1569 1480 1785 1553 σήματ’
1805 1479 2099 1536 ἐνισπεῖν.

536 1598 804 1653 Ἐπαινῶν
831 1598 888 1652 δὲ
911 1596 1089 1652 αὐτῶν
1120 1596 1218 1668 τὴν
1251 1595 1473 1667 ἰσότητα
1502 1596 1601 1668 τῆς
1633 1594 1993 1668 δημιουργίας
2014 1610 2030 1629 ·

527 1715 652 1784 Οὐκ
682 1711 759 1767 ἂν
788 1712 1104 1784 Ἀθηναίης
1135 1710 1310 1784 (φησὶ)
1334 1707 1550 1781 χειρῶν
1564 1706 1931 1779 δεδαημένος
1947 1706 2103 1777 ἀνὴρ

526 1782 713 1853 ⁸Άλλῃ
751 1782 1137 1852 κοσμήσειεν.
1175 1820 1186 1836 .
1219 1782 1245 1837 ”.

523 1896 648 1951 Εἰσὶ
663 1896 719 1950 δὲ
744 1890 887 1951 οὗτοι
905 1913 918 1926 ⁸
942 1896 1221 1969 ἀρκτικὸς,
1240 1895 1450 1970 θερινὸς
1472 1894 1749 1969 τροπικὸς,
1771 1891 2101 1966 ίσημερινὸς,

524 1987 836 2059 χειμερινὸς
891 1988 1170 2057 τροπικὸς,
1212 1987 1603 2060 ἀνταρκτικός.¹
1639 1980 1799 2041 Οὗτοι
1841 1984 1893 2037 οἰ
1944 1982 2105 2037 πέντε

524 2080 859 2153 παράλληλοι
926 2079 1219 2135 καλοῦνται
1249 2079 1337 2134 διά
1386 2079 1488 2151 τὴν
1523 2078 1677 2144 τάξιν
1720 2077 1820 2147 τῆς
1865 2075 2102 2138 θέσεωςδ

525 2176 736 2227 κεῖνται
754 2172 863 2243 γὰρ
893 2172 1254 2243 παραλλήλως
1278 2170 1498 2243 ἑφεξῆς.
1529 2171 1588 2225 '0
1613 2169 1712 2241 μὲν
1729 2164 1820 2223 06v
1848 2166 2108 2240 ἀρκτικὸς

525 2267 557 2319 ὁ
585 2265 699 2320 ἀνω
732 2265 867 2336 πρὸς
896 2263 974 2334 τῷ
1005 2264 1162 2336 ἄκρῳ
1192 2262 1287 2318 τοῦ
1320 2262 1507 2328 ἄξονος
1536 2261 1615 2333 τῷ
1648 2260 1838 2333 ὑψηλῷ
1865 2259 2107 2313 καλεῖται

526 2357 671 2412 κατά
700 2372 873 2423 τινας,
921 2356 1005 2411 ὅτι
1034 2356 1252 2427 πρῶτος
1285 2353 1546 2426 ἄρχεται·
1590 2352 1652 2406 τὸ
1692 2351 1737 2404 δ’
1770 2349 1989 2421 ἀληθὲς,
2026 2349 2108 2403 δτι

528 2449 589 2501 ὲν
636 2447 787 2518 αύτῷ
820 2446 919 2511 τάς
963 2446 1304 2517 καλουμένας
1328 2446 1598 2516 Ἀρκτους
1632 2442 1765 2515 ἔχει.
1829 2439 2107 2496 Ἐντεῦθεν

531 2537 876 2610 μανθάνομεν
907 2537 968 2591 τὸ
1000 2538 1150 2610 παρά
1178 2536 1257 2609 τῷ
1290 2539 1487 2609 ποιητῇ
1509 2554 1524 2569 ⁸

530 2630 782 2754 ςῗθρκτοφς
801 2630 890 2710 θ’,
909 2626 992 2696 ἢν
1013 2627 1112 2681 καὶ
1139 2625 1406 2697 Ἄμαξαν
1434 2625 1762 2716 ἐπίκλησιν
1783 2620 2110 2707 καλέουσιν

636 2716 669 2752 τ
709 2714 893 2754 αυτου
951 2697 1288 2754 στρέφεται.
1320 2696 1422 2749 καί
1466 2713 1498 2749 τ
1586 2696 1821 2754 Opim
1853 2692 2105 2746 δοκευει.

636 2699 685 2752 τ’
709 2699 893 2755 αὑτοῦ
937 2692 1288 2766 στρέφεται,
1320 2696 1422 2766 καί
1466 2697 1517 2749 τ’
1577 2696 1821 2766 Ὠρίωνα
1853 2692 2105 2746 δοκεύει.

530 2769 641 2837 οῑη
669 2769 722 2822 δ’
749 2768 1012 2838 ἆμμορός
1026 2764 1160 2821 ἐστι
1178 2764 1442 2835 λοετρῶν
1485 2764 1809 2820 Ὠκεανοῖο.

529 2854 680 2917 θῦσα
707 2860 814 2932 γάρ
838 2860 896 2914 ὲν
925 2858 1005 2930 τῷ
1029 2857 1295 2931 ἀρκτικῷ,
1312 2857 1389 2921 ὡς
1417 2855 1658 2927 ὁρῶμεν,
1674 2856 1737 2909 06
1760 2852 2105 2913 καταδύεται.

540 2951 632 3017 Ὦς
681 2952 739 3007 δὲ
795 2954 829 3024 ἡ
873 2952 1035 3023 χάρις
1078 2950 1243 3022 φησὶν
1291 2951 1326 3022 ἡ
1360 2949 1640 3021 ποιητικὴ,
1678 2950 1736 3003 ὲν
1779 2946 2017 3019 Ὠκεανῷ
2047 2947 2108 3001 06

528 3035 764 3090 λούεται.
819 3036 1102 3108 Ζητοῦμεν
1158 3032 1251 3089 06v
1295 3034 1413 3099 πῶς
1450 3035 1618 3106 μόνην
1662 3033 1830 3105 αὐτὴν
1861 3028 1983 3087 εἷπε
2033 3034 2108 3104 μὴ

529 3127 802 3193 λούεσθαι,
828 3127 1076 3181 τουτέστι
1106 3125 1493 3189 καταδύεσθαι,
1538 3127 1635 3181 καὶ
1665 3125 1760 3180 τοῦ
1783 3124 2107 3196 Δράκοντος,

1484 385 1575 440 AD
1613 383 1883 441 EUSEBII
1910 382 2307 441 CHRONICON
2345 380 2709 437 APPENDIX.
3464 430 3471 436 .

519 505 630 561 τῶν
654 502 933 575 στοιχείων
980 501 1051 556 τά
1099 501 1396 577 βαρύτατα,
1426 499 1520 555 τοῦ
1574 501 1735 572 ἀέρος
1774 500 2061 571 ἠρτημένα
2079 517 2094 532 ο
2125 507 2173 564 Α
2200 498 2444 569 ἀλλήλων
2479 496 2726 567 κείμενα,
2754 492 3031 566 Καρκίνος
3062 493 3368 567 Αίγόκερῳ,
3398 493 3576 566 Χηλαὶ
3604 496 3785 570 Κριῷ.

3644 385 3789 444 £000

2214 592 2272 644 '0
2297 590 2354 643 δὲ
2380 588 2576 661 ὁρίζων
2594 588 2811 656 λέγεται
2833 587 3153 658 μὲν,ὲπειδὴ
3167 586 3392 657 διορίζει
3415 586 3558 643 κατὰ
3583 587 3788 655 πλάτος

2199 684 2271 736 τά
2298 681 2392 735 δύο
2411 679 2765 752 ἡμισφαίρια,
2799 677 3084 747 διάζωσμα
3106 676 3183 731 ὢν
3206 676 3301 731 τοῦ
3314 676 3549 749 ούρανοῦ
3569 694 3584 710 ·
3607 681 3787 735 κεῖται

2201 772 2258 827 δὲ
2283 771 2388 839 ἔξω
2400 774 2500 843 τῆς
2522 773 2760 843 σφαίρας
2776 788 2789 801 ⁸
2808 771 2887 834 ὼς
2908 770 3048 842 πρὸς
3077 769 3178 842 τὴν
3220 769 3496 842 ἡμετέραν
3520 769 3665 841 ὄψιν.
3709 772 3792 827 Τὸ

2201 865 2246 918 δ’
2271 865 2490 938 ἀληθὲς,
2515 864 2594 937 τῷ
2622 864 2699 936 νῷ
2720 864 2880 919 αὑτὸν
2907 863 3016 918 ἔσω
3032 863 3115 918 δεῖ
3144 861 3482 930 παραλαϐεῖν
3505 863 3785 934 κείμενον.

2202 958 2266 1011 Οί
2287 956 2346 1011 δὲ
2374 957 2595 1028 ποιηταὶ
2634 953 2884 1011 Ὠκεανὸν
2898 954 3061 1010 αὑτὸν
3079 952 3336 1010 καλοῦσιν
3356 969 3372 984 ο
3403 953 3434 1007 6
3453 952 3586 1023 γοῦν
3605 954 3789 1024 Εὐφο-

2206 1049 2337 1121 ρίων
2364 1048 2528 1120 φησίν
2548 1066 2562 1079 ·

2215 1183 2511 1251 Ὠκεανὸς,
2551 1182 2632 1249 τῷ
2669 1181 2838 1239 πᾶσα
2889 1181 3240 1251 περίρῤυτος
3274 1178 3575 1234 ἐνδέδεται
3599 1180 3780 1250 χθών.

2215 1295 2273 1349 Ὀ
2301 1294 2359 1347 δὲ
2401 1292 2772 1366 μεσημϐρινὸς
2824 1291 3067 1346 καλεῖται
3129 1290 3228 1362 μὲν
3255 1288 3451 1355 οὕτως,
3489 1289 3780 1360 ὅτι’ἡλιος,

2202 1390 2261 1442 ὲν
2284 1387 2359 1460 τῷ
2382 1384 2631 1457 ζωδιακῷ
2659 1385 2842 1457 κύκλῳ
2870 1383 3190 1457 φερόμενος,
3219 1383 3348 1437 ὅταν
3380 1381 3607 1453 γένηται
3640 1383 3785 1436 κατά

2205 1478 2571 1551 μεσημϐρίαν,
2591 1477 2779 1531 τούτου
2793 1476 3043 1542 ἅπτεται·
3067 1473 3316 1528 τοσοῦτον
3336 1473 3444 1546 γάρ
3459 1474 3653 1544 ἀπέχει
3679 1473 3782 1545 τῆς

2203 1569 2517 1633 ἀναϐάσεως
2533 1569 2656 1621 ὅσον
2673 1567 2772 1638 τῆς
2798 1565 3336 1630 καταϐάσεως.”Εστι
3351 1565 3408 1618 δὲ
3425 1566 3452 1618 6
3475 1564 3673 1636 χαλκὸς
3688 1565 3717 1617 ὁ
3734 1564 3783 1598 ³⁸

2202 1661 2386 1733 κύκλῳ
2406 1661 2463 1714 ὲν
2483 1662 2550 1731 τῇ
2570 1657 2775 1731 σφαίρᾳ
2790 1656 3168 1729 περικείμενος
3187 1655 3274 1710 διὰ
3291 1657 3382 1710 τοῦ
3399 1655 3586 1723 ἄξονος
3604 1654 3780 1727 ὲμπέ-

2202 1771 2399 1826 πηγεν.
2428 1752 2485 1807 Ὀ
2502 1751 2558 1805 δὲ
2583 1750 2845 1817 ζωδιακὸς
2866 1749 3110 1803 καλεῖται
3132 1748 3251 1820 μὲν,
3268 1748 3456 1819 ἐπειδὴ
3478 1750 3534 1801 ὲν
3550 1746 3784 1815 αὐτῷτά

2134 1867 2177 1924 Β
2208 1843 2273 1915 ιβ’
2292 1841 2454 1909 ζώδια
2470 1841 2556 1914 ἔχε
2567 1858 2602 1894 ι·
2620 1841 2729 1912 ἔχει
2745 1840 2801 1894 δὲ
2817 1839 3137 1912 ἐγχαράξεις
3148 1842 3314 1910 τρεῖς,
3331 1838 3398 1903 ἀς
3410 1839 3459 1892 οί
3482 1838 3625 1911 μαθη
3635 1857 3784 1911 ματι-

2203 1939 2290 1993 κοὶ
2302 1938 2511 2000 ταινίας
2528 1934 2772 1989 καλοῦσι.
2788 1932 3002 1996 Πλατὺς
3013 1931 3070 1985 δέ
3084 1933 3249 1985 ἐστιν’
3268 1932 3325 1985 ὲν
3343 1929 3489 2002 αύτῷ
3503 1930 3613 2001 γάρ
3629 1931 3784 2004 φέρε-

2202 2029 2332 2083 ταιὸ
2353 2028 2501 2099 ἥλιος
2517 2025 2740 2088 πλατύς.
2774 2024 2870 2087 Ὠς
2897 2021 3100 2093 φασιδὲ
3127 2022 3177 2074 οἱ
3198 2020 3536 2093 ἀστρολόγοι,
3570 2023 3620 2074 εί
3649 2037 3782 2074 ποτε

2206 2120 2498 2193 πραρῤυῇ
2528 2135 2581 2170 τι
2622 2116 2730 2169 τῶν
2760 2115 2980 2170 ταινιῶν
3029 2115 3063 2185 ἡ
3092 2111 3185 2167 τοῦ
3222 2112 3374 2185 ἡλίου
3418 2112 3579 2185 φορὰ,
3617 2113 3783 2185 τέρας

2205 2205 2345 2265 εἶναι
2375 2210 2496 2263 τότε
2526 2208 2587 2262 τὸ
2618 2206 2975 2279 γεννώμενον.
3009 2206 3166 2261 Ἐστι
3192 2204 3250 2258 δὲ
3281 2207 3311 2259 ὁ
3344 2205 3785 2277 κατακεχρισμέ-

2205 2320 2293 2368 νος
2322 2304 2380 2356 ὲν
2440 2303 2505 2372 τῇ
2556 2299 2762 2371 σφαίρᾳ
2788 2296 2945 2370 κηρῷ
2988 2295 3399 2368 μεμιλτωμένῳ.
3442 2297 3501 2349 ὐ
3527 2296 3583 2349 δὲ
3614 2295 3786 2364 γαλα-

2209 2393 2327 2459 ξίας
2351 2392 2594 2447 καλεῖται
2632 2391 2750 2463 μὲν,
2784 2390 2860 2454 ὼς
2888 2390 2939 2442 οἱ
2966 2388 3125 2461 μῦθοί
3147 2405 3310 2458 φασιν
3331 2402 3346 2418 °
3385 2389 3436 2442 οί
3471 2389 3570 2460 μὲν
3609 2387 3783 2461 Ἥρα-

2207 2485 2363 2551 κλέα,
2391 2487 2442 2539 οἱ
2502 2485 2561 2539 δὲ
2620 2482 2851 2557 Ἕρμῆν,
2885 2483 2972 2536 ὅτε
3023 2481 3327 2555 προσετέθη
3371 2480 3450 2552 τῷ
3496 2480 3653 2553 μαζῷ
3681 2482 3785 2553 τῆς

2208 2580 2388 2652 Ἤρας
2417 2577 2522 2632 61:6
2547 2575 2641 2631 τοῦ
2678 2576 2819 2643 Διὸς,
2847 2576 2934 2630 ίνα
2952 2575 3196 2645 κλέψειεν
3222 2574 3253 2629 6
3284 2573 3419 2639 Θεὸς
3439 2576 3554 2639 τοῖς
3574 2573 3785 2638 τέκνοις

2207 2670 2506 2735 ἀθανασίας
2531 2669 2769 2743 τροφήν·
2800 2669 2834 2740 ἡ
2870 2668 2947 2733 δὲ,
2973 2668 3096 2721 ἐπεὶ
3127 2666 3407 2738 ἐξανέστη,
3435 2666 3784 2743 ἠγανάκτησε

2208 2765 2346 2837 πρὸς
2404 2763 2502 2835 τὴν
2556 2740 2765 2833 κλοπὴν
2783 2800 2799 2826 ,
2860 2760 2956 2815 καὶ
3010 2760 3110 2831 τὴν
3160 2759 3328 2831 θηλὴν
3369 2759 3467 2814 τοῦ
3515 2740 3782 2831 στόμσῘτος

2207 2856 2495 2910 ἀπέσπασε
2535 2854 2648 2926 βίᾳ,
2678 2852 3026 2925 ὲκμυζῶντος
3053 2851 3133 2905 ἔτι
3147 2851 3242 2905 τοῦ
3269 2851 3483 2906 παιδίου
3505 2868 3522 2884 ο
3552 2852 3629 2916 ὡς
3658 2851 3782 2906 τότε

2208 2947 2273 3016 τῇ
2302 2944 2436 3016 θηλῇ
2466 2944 2587 3015 ῥέον
2612 2941 2692 3013 τῷ
2713 2941 2925 3014 οὐρανῷ
2945 2941 3130 3014 κύκλῳ
3155 2940 3450 3014 περιχυθὲν
3470 2940 3782 2995 ἑκτυπῶσαι

2207 3037 2269 3091 τὸ
2297 3036 2483 3109 σχῆμα
2522 3035 2621 3105 τῆς
2652 3036 2883 3107 ὲκροῆςυ
2911 3033 2973 3088 τὸ
3000 3033 3059 3088 δὲ
3098 3033 3315 3107 ἀληθὲς,
3348 3033 3440 3099 διὰ
3468 3034 3567 3107 τὴν
3598 3033 3787 3089 λευκό-

2208 3145 2348 3199 τητα
2399 3127 2722 3199 φερωνύμου
2781 3125 3151 3201 προσηγορίας
3204 3126 3413 3197 ἔτυχεν.
3449 3127 3606 3181 Ἔστι
3645 3128 3704 3180 δὲ
3756 3128 3787 3182 6

529 3220 842 3292 καὶμέρους
871 3218 965 3273 τοῦ
996 3218 1229 3290 Κηφέως
1257 3219 1331 3291 μὴ
1359 3218 1784 3290 καταδυομένου.
1805 3216 2110 3289 Λυθὴσεται
2135 3224 2179 3281 C
2211 3219 2713 3292 κατακεχρισμένος
2766 3220 2824 3275 ὲν
2875 3221 2942 3291 τῇ
2978 3218 3184 3291 σφαίρᾳ
3222 3217 3378 3291 κηρῷ
3400 3217 3598 3290 λευκῷ.
3635 3220 3699 3274 Οἰ
3727 3219 3787 3274 δὲ

528 3307 624 3368 06v
648 3314 709 3365 τὸ
735 3310 1065 3383 ζητούμενον
1097 3312 1154 3364 ὲν
1184 3310 1264 3381 τῷ
1293 3310 1422 3381 περὶ
1447 3308 1713 3382 ἀρκτικοῦ
1746 3308 1910 3379 λόγῳ,
1946 3307 2108 3372 εὐθὺς

533 3402 673 3475 μετά
694 3401 882 3458 τοῦτον
910 3402 1312 3457 καταϐαίνοντι.
1336 3401 1524 3454 Ἔστιν
1556 3403 1586 3454 6
1603 3399 1936 3471 καλούμενος
1959 3398 2108 3471 θερι-

529 3492 919 3566 νὸςτροπικὸς,
959 3493 1065 3556 ὁτι,
1111 3492 1401 3563 γενόμενος
1457 3491 1608 3561 ἡλιος
1651 3492 1710 3545 ὲν
1740 3490 2017 3562 Καρκίνῳ,
2049 3489 2109 3552 ὁς

529 3586 708 3639 κεῖται
735 3587 794 3637 ὲν
819 3581 988 3653 αύτῷ,
1026 3582 1245 3655 θερινάς
1269 3580 1477 3654 τροπάς
1508 3584 1771 3636 ποιεῖταιο
1807 3580 1949 3635 κατά
1989 3582 2110 3634 Μα-

529 3673 754 3735 κεδόνας
805 3672 904 3744 μὲν
949 3671 1230 3742 Παναίμου
1292 3669 1470 3724 εἰκάδι
1536 3670 1792 3742 τετάρτῃ,
1861 3669 2005 3724 κατὰ
2048 3668 2107 3722 δὲ

542 3763 928 3836 ’Δλεξανδρέας
984 3763 1172 3832 Ἐπιφὶ
1216 3765 1456 3835 τετάρτῃ
1495 3761 1690 3818 εἰκάδι.
1739 3760 1877 3832 Περὶ
1916 3758 2107 3817 τούτου

531 3858 699 3928 φησὶν
724 3858 956 3928 ’Δρατος
973 3871 989 3888 ·

532 3968 647 4040 96
676 3967 783 4022 τοῦ
791 3965 918 4091 gr
949 3983 1015 4021 τε
1040 3966 1116 4020 δι’
1133 3964 1285 4020 ὀκτὼ
1310 3966 1705 4036 μαρηθέντος

533 4043 722 4091 Πέντε
750 4056 786 4091 u
884 4037 1053 4091 ἐνδια
1076 4039 1391 4091 στρέφεται
1422 4035 1705 4091 καθυπέοι

533 4033 722 4093 Πέῆοτε
744 4033 861 4108 μὲν
884 4037 1053 4091 ἐνδια
1076 4033 1391 4108 στρέφεται
1419 4033 1824 4108 καθυπέρτεροι
1842 4033 2037 4108 γαίης,

540 4108 619 4163 Τὰ
645 4105 777 4177 τρία
798 4107 849 4162 δ’
871 4108 941 4162 ἐν
960 4105 1206 4177 περάτῃ.
1226 4105 1451 4174 ίΘέρεος
1478 4106 1545 4160 δέ
1571 4109 1625 4159 οι
1644 4106 1925 4174 ὲντροπαί
1938 4107 2075 4159 εὶσι.

530 4222 690 4278 Μετά
734 4217 923 4276 τοῦτον
964 4216 1368 4273 ὑποκαταϐάντι
1404 4216 1549 4269 ἐστὶν
1586 4216 1615 4268 6
1659 4214 1991 4286 καλούμενος
2030 4215 2109 4266 ἰσ-

532 4313 793 4387 ημερινός
808 4327 822 4341 ·
844 4313 927 4368 ὅτι
947 4314 976 4367 6
995 4311 1166 4384 ἥλιος,
1188 4312 1245 4365 ὲν
1272 4309 1352 4381 τῷ
1378 4307 1628 4380 ζωδιακῷ
1659 4307 1843 4379 κύκλῳ
1876 4307 2109 4379 φερόμε-

531 4424 642 4472 νος,
664 4407 793 4460 ὅταν
836 4405 977 4460 κατὰ
1030 4403 1203 4475 Κριὸν
1231 4402 1481 4474 γένηται,
1512 4401 1547 4473 ἡ
1591 4400 1733 4456 κατά
1764 4398 1971 4473 Χηλὰς,
2009 4399 2111 4464 τάς

530 4498 871 4570 καλουμένας
899 4496 990 4551 ὑπ’
1027 4495 1339 4566 Αἰγυπτίων
1373 4494 1575 4563 Ζυγὸν,
1611 4493 1899 4565 ἰσημερίαν
1927 4493 2105 4547 ποιεῖ·

2210 3312 2455 3385 κόλουροι
2504 3311 2756 3380 λέγονται
2816 3310 2935 3382 μὲν,
2973 3310 3053 3364 ὁτι
3083 3310 3148 3363 τὸ
3184 3309 3479 3365 καταδύνον
3498 3310 3675 3365 αὐτῶν
3705 3313 3789 3374 εἰς

2207 3397 2299 3452 τὸν
2318 3397 2693 3469 ἀνταρκτικὸν
2736 3397 2940 3467 ἀφανὲς
2971 3396 3051 3462 6v,
3084 3396 3378 3470 ὁλόκληρον
3421 3399 3581 3471 ἡμῶν
3630 3399 3785 3469 γενέ-

2209 3483 2333 3537 σθαι
2376 3481 2589 3537 κολούει
2625 3483 2695 3516 ³⁸⁶
2714 3484 2812 3556 τὴν
2851 3483 3008 3538 θέανο
3058 3486 3109 3538 εἰ
3140 3484 3200 3539 δὲ
3233 3480 3374 3557 ἦσαν
3401 3487 3682 3558 τέσσαρες,
3709 3485 3790 3549 ὥς

2208 3575 2341 3644 φασί
2364 3592 2529 3638 τινες,
2559 3576 2728 3647 μέχρι
2749 3574 2843 3629 τοῦ
2874 3574 3162 3647 βλέποντος
3207 3576 3653 3650 άπαρτιζόμενοι,
3687 3578 3790 3632 οὐκ

2207 3668 2273 3722 ἂν
2297 3663 2437 3739 ἦσαν
2465 3668 2736 3739 κόλουροι.
2770 3668 2835 3721 Εἰ
2858 3667 2916 3722 δέ
2942 3685 3027 3732 τις
3048 3667 3219 3738 λέγοι,
3234 3670 3331 3723 καὶ
3349 3669 3458 3742 γὰρ
3476 3669 3584 3723 τῶν
3612 3669 3790 3726 ἄλλων

2207 3758 2421 3813 κύκλων
2460 3758 2531 3813 τὰ
2558 3759 2664 3813 61:6
2688 3759 2792 3832 γῆν
2813 3759 2876 3813 06
2898 3760 3180 3829 φαίνονται
3202 3776 3219 3793 ο
3249 3761 3391 3815 ὥστε
3422 3763 3665 3817 κάκεῖνοι
3691 3761 3791 3816 κό-

2205 3851 2387 3923 λουροι
2412 3867 2425 3881 ·
2459 3853 2613 3919 ἵστω,
2646 3853 2752 3917 ὅτι,
2782 3851 2892 3907 τῶν
2915 3853 3015 3925 μὲν
3067 3853 3163 3908 τοῦ
3200 3854 3366 3909 πόλου
3394 3855 3789 3928 στρεφομένου,

2207 3944 2301 3997 καὶ
2320 3942 2391 3997 τά
2424 3943 2531 3998 61:6
2559 3944 2663 4015 γῆν
2703 3943 3035 4016 ὀφθήσεται,
3067 3945 3176 3999 τῶν
3201 3945 3259 4001 δὲ
3291 3944 3565 4019 κολούρων
3599 3944 3696 3999 καὶ
3728 3948 3792 3998 ἐν

2206 4037 2348 4100 ταῖς⁹
2378 4035 2473 4089 τοῦ
2528 4036 2693 4089 πόλου
2733 4040 2997 4108 στροφαῖς
3054 4037 3126 4091 τά
3176 4038 3236 4092 ὲν
3264 4038 3342 4110 τῷ
3375 4039 3572 4108 ἀφανεί
3607 4039 3790 4110 πάντη

2209 4128 2557 4183 καταδέδυκε.
2593 4127 2810 4183 Τούτων
2838 4128 2948 4183 τῶν
2974 4133 3041 4183 ια’
3055 4128 3177 4202 διχῇ
3197 4128 3461 4200 τέμνουσι
3492 4130 3592 4201 τὴν
3630 4132 3791 4200 σφαῖ-

2212 4239 2312 4294 ραν
2345 4221 2453 4275 οἴδε
2472 4239 2485 4253 ·
2513 4220 2731 4294 ὁρίζων,
2759 4221 3157 4294 μεσημϐρινὸς,
3187 4219 3469 4290 ζωδιακὸς,
3502 4221 3788 4291 γαλαξίας,

2211 4314 2547 4385 ἰσημερινὸς,
2580 4315 2630 4367 οἰ
2674 4312 2771 4368 δύο
2810 4314 3082 4387 κόλουροι,
3108 4314 3204 4368 καὶ
3232 4316 3262 4368 ὁ
3284 4314 3619 4386 ἰσημερινὸς,
3647 4315 3792 4369 καὶὸ

2208 4404 2431 4479 ὁρίζων,
2476 4406 2571 4460 καὶ
2623 4405 2995 4477 μεσημϐρινὸς
3026 4404 3212 4477 κύκλῳ
3259 4404 3535 4477 φέρονται,
3559 4406 3654 4459 καὶ
3676 4406 3792 4458 ἴσον

2208 4498 2275 4566 τῇ
2314 4496 2595 4567 μεταφορᾷ
2624 4493 2716 4549 τὸν
2748 4494 2947 4549 κύκλον
2990 4494 3240 4566 ἔχουσιν
3279 4495 3393 4549 ἀλλ’
3424 4495 3499 4559 ὡς
3523 4495 3662 4567 πρὸς
3688 4495 3792 4565 τὴν

531 4590 679 4658 ἅπαξ
713 4590 813 4662 μὲν
866 4587 1129 4660 Φαμενὼθ
1187 4585 1362 4641 εἰκάδι
1400 4587 1636 4659 τετάρτῃ
1656 4602 1670 4618 ο
1700 4584 1945 4639 τουτέστι
1976 4584 2110 4655 Γορ-
2139 4573 2185 4631 Ῑ)
2212 4585 2361 4641 θέσιν
2386 4587 2489 4657 τῆς
2524 4586 2761 4659 σφαίρας
2795 4586 2901 4641 εἰσὶ⁵
2942 4586 3106 4652 λοξοί.
3150 4587 3208 4641 Ὀ
3235 4586 3367 4655 γοῦν
3392 4586 3657 4651 ζωδιακὸς
3691 4586 3793 4641 καὶ

532 4683 739 4737 πιαίου.
787 4680 902 4734 Καὶ
947 4682 1006 4733 ὲν
1037 4677 1193 4752 Κριῷ
1226 4679 1323 4751 μὲν
1352 4677 1577 4749 ὲαρινάς
1612 4678 1758 4731 ποιεῖ
1789 4675 2019 4747 τροπάς,
2050 4677 2109 4729 ὲν

528 4772 587 4827 δὲ
622 4771 849 4843 Χηλαϊς,
880 4771 1000 4843 ἡτοι
1046 4766 1223 4839 Ζυγῷ,
1264 4765 1688 4841 φθινοπωρινάς.
1723 4764 1882 4820 Μετά
1916 4765 2108 4819 τοῦτον

528 4865 649 4918 κατ’
699 4860 946 4915 ἐναντίαν
974 4860 1123 4914 ἐστὶν
1181 4859 1211 4911 6
1250 4857 1583 4929 καλούμενος
1611 4855 1972 4928 ἀνταρκτικὸς
1997 4872 2103 4928 χει·

530 4952 751 5024 μερινὸς
801 4949 1095 5022 τροπικός·
1123 4947 1310 5019 ἐπειδὴ
1344 4947 1495 5019 ἥλιος
1529 4949 1587 5001 ὲν
1636 4947 1920 5019 Αἰγόκερῳ
1947 4946 2107 5015 γενό-

532 5060 712 5115 μενος,
745 5042 805 5106 ὃς
856 5045 1032 5096 κεῖται
1065 5043 1123 5095 ὲν
1147 5040 1320 5112 αὐτῷ,
1349 5039 1665 5112 χειμερινάς
1702 5043 1844 5095 ποιεῖ
1879 5040 2105 5112 τροπάς.

527 5136 686 5191 Μετά
709 5134 896 5189 τοῦτόν
917 5135 1064 5187 ἐστιν
1094 5133 1124 5185 ὁ
1158 5131 1485 5203 καλούμενος
1516 5132 1897 5204 ἀνταρκτικός·
1921 5132 1955 5203 ἢ
1986 5134 2109 5187 ἐπεὶ

527 5231 846 5291 ἀντίκειται,
878 5228 913 5298 ἢ
946 5228 1068 5280 ἐπεὶ
1117 5226 1231 5289 ἴσος
1281 5226 1399 5279 ἐστὶ
1429 5224 1509 5296 τῷ
1560 5223 1827 5298 ἅρκτικῷ.
1854 5225 2009 5278 Ἔστι
2050 5223 2109 5277 δὲ

530 5320 646 5385 ῐσος
686 5324 715 5375 ὁ
754 5319 1013 5392 ἀρκτικὸς
1043 5317 1123 5389 τῷ
1175 5316 1541 5389 ἀνταρκτικῷ,
1565 5318 1595 5370 ὁ
1626 5314 1933 5388 χειμερινὸς
1972 5331 2107 5385 τρο-
2140 5364 2147 5371 .

527 5413 690 5477 πικὸς
741 5412 822 5484 τῷ
868 5409 1065 5484 θερινῷ
1112 5408 1376 5482 τροπικῷ.
1418 5411 1476 5463 '0
1506 5408 1565 5462 δὲ
1600 5407 1818 5461 πάντων
1854 5404 2055 5477 μείζων
2080 5407 2109 5459 6

533 5504 845 5577 ἰσημερινός
880 5503 996 5556 ἐστι
1025 5501 1188 5576 μέσος
1200 5499 1297 5564 ὢν,
1318 5499 1641 5572 ἰσομεγέθης
1666 5497 1742 5552 ὢν
1756 5496 1835 5570 τῷ
1854 5496 2106 5569 ζωδιακῷ

531 5597 626 5650 καὶ
662 5596 741 5669 τῷ
797 5593 1052 5666 γαλαξίᾳ.
1101 5594 1259 5648 Ἐστι
1294 5592 1352 5645 δὲ
1395 5590 1566 5657 ξὼδια
1606 5590 1674 5646 τὰ
1700 5590 1842 5645 κατά
1873 5587 2102 5643 κάθετον

599 5778 645 5812 ⁸⁷
676 5779 717 5847 Ῑ.
742 5779 990 5851 χρυσοῦς.

1078 5780 1123 5812 ιο
1156 5780 1195 5849 ί.
1226 5780 1304 5843 ὃς.

2209 4675 2391 4742 λοξίας
2421 4677 2527 4730 ὑπό
2568 4693 2733 4731 τινων
2786 4676 3031 4732 καλεῖται
3052 4695 3065 4709 ⁸
3115 4676 3303 4748 ἐπειδὴ
3325 4677 3477 4748 ἥλιος
3502 4677 3601 4742 τὰς
3636 4677 3794 4743 ὁδοὺς

2211 4769 2270 4823 ὲν
2295 4768 2446 4840 αὐτῷ
2478 4767 2768 4839 πορεύεται
2815 4768 2986 4836 λοξός.
3034 4768 3124 4823 Ἐν
3156 4768 3213 4823 δὲ
3240 4767 3319 4839 τῷ
3342 4767 3479 4839 ἡλίῳ
3514 4769 3544 4822 ὁ
3596 4769 3793 4821 Ἀπόλ-

2210 4862 2339 4928 λων,
2368 4862 2428 4927 ὃς
2461 4862 2706 4918 καλεῖται
2737 4861 2932 4930 Λοξίας
2954 4865 3061 4919 ὑπὸ
3085 4863 3194 4919 τῶν
3236 4864 3498 4936 ποιητῶν,
3531 4859 3671 4917 εἶναι
3706 4880 3795 4917 σπι·

2214 4953 2486 5007 στεύεται.
2542 4953 2803 5024 ’Δρχεται
2850 4953 2909 5008 δὲ
2937 4955 2967 5009 6
2993 4953 3258 5019 ζωδιακὸς
3292 4953 3500 5010 ἄνωθεν
3542 4953 3652 5007 ἀπὸ
3692 4953 3796 5007 τοῦ

2213 5042 2428 5115 θερινοῦ
2458 5044 2719 5116 τροπικοῢ
2742 5063 2755 5076 ·
2799 5045 2929 5102 ἔνθα
2959 5046 3172 5118 συνέχει
3201 5047 3292 5103 τὸν
3323 5047 3599 5120 Καρκίνον
3630 5046 3661 5098 6
3691 5047 3795 5100 κύ-

2211 5134 2359 5199 κλος.
2423 5135 2759 5191 Καταϐαίνει
2806 5137 2865 5192 δὲ
2896 5138 3239 5212 λοξούμενος,
3265 5138 3343 5203 ὡς
3369 5139 3508 5212 πρὸς
3543 5137 3617 5192 τά
3638 5136 3795 5192 κάτω

2214 5226 2376 5297 μέχρι
2405 5226 2499 5282 τοῦ
2520 5226 2734 5300 θερινοῦ
2765 5232 3050 5303 τροπικοῦ,
3073 5233 3207 5288 ὅπου
3233 5232 3326 5287 τὸν
3353 5230 3553 5287 κύκλον
3576 5229 3792 5301 συνέχει

2209 5317 2543 5389 Δίγόκερως.
2576 5318 2778 5375 Τοῦτον
2800 5321 2893 5375 τὸν
2926 5320 3129 5393 τρόπον
3169 5323 3200 5377 ὁ
3237 5323 3410 5394 ἥλιος,
3439 5321 3515 5385 ὡς
3554 5320 3789 5391 ἔφαμεν,

2210 5407 2437 5479 βαδίζων
2463 5408 2593 5463 ὁντα
2636 5409 2810 5478 λοξὸν,
2845 5411 2923 5483 πῆ
2948 5413 3046 5483 μὲν
3066 5414 3394 5485 ὑπερπετεῖς
3417 5413 3512 5466 καὶ
3529 5409 3792 5475 πλατείας

2205 5500 2361 5565 ὁδοὺς
2391 5501 2615 5573 βαδίζει,
2643 5504 2745 5569 τάς
2775 5505 2908 5571 ἀνω,
2941 5505 3073 5562 ὅταν
3101 5503 3136 5583 ᾖ
3160 5509 3218 5561 ὲν
3242 5507 3527 5580 Καρκίνῳ,
3550 5505 3626 5569 ὡς
3649 5503 3792 5575 πρὸς

2204 5589 2268 5645 τδ
2293 5592 2563 5666 ἡμέτερον
2584 5594 2753 5669 κλίμα
2781 5597 2838 5651 ὲν
2866 5596 3057 5670 ὑψηλῷ
3073 5598 3328 5669 κειμένου
3359 5598 3402 5630 ⁸⁸
3421 5612 3437 5630 ο
3471 5596 3551 5666 πῆ
3580 5595 3636 5649 δὲ
3668 5608 3795 5648 στο-

1384 5779 1446 5811 ³¹¹¹
1485 5778 1525 5847 f.
1563 5776 1779 5832 κωλύει.
1818 5775 1976 5831 Eon.
2034 5775 2097 5849 _”
2130 5774 2170 5834 ί.
2202 5773 2474 5842 κείμενον.
