  <div class='ocr_page' id='page_1' title='image "/cluster/home/n/w/nwhite01/storage/ocr_20150623/19:no.1/coo.31924054872993/522.png"; bbox 0 0 4132 6434; ppageno 0'>
   <div class='ocr_carea' id='block_1_1' title="bbox 387 409 516 465">
    <p class='ocr_par' dir='ltr' id='par_1_1' title="bbox 387 409 516 465">
     <span class='ocr_line' id='line_1_1' title="bbox 387 409 516 465; baseline 0 -1"><span class='ocrx_word' id='word_1_1' title='bbox 387 409 516 465; x_wconf 71' lang='lat'>100!</span> 
     </span>
    </p>
   </div>
   <div class='ocr_carea' id='block_1_2' title="bbox 1366 390 2600 464">
    <p class='ocr_par' dir='ltr' id='par_1_2' title="bbox 1366 390 2600 464">
     <span class='ocr_line' id='line_1_2' title="bbox 1366 390 2600 464; baseline -0.004 -2"><span class='ocrx_word' id='word_1_2' title='bbox 1366 390 1735 464; x_wconf 73' lang='lat' dir='ltr'>HIPPARCHI</span> <span class='ocrx_word' id='word_1_3' title='bbox 1773 408 1864 463; x_wconf 81' lang='lat' dir='ltr'>AD</span> <span class='ocrx_word' id='word_1_4' title='bbox 1901 394 2349 462; x_wconf 63' lang='lat' dir='ltr'>PHENOMENA</span> <span class='ocrx_word' id='word_1_5' title='bbox 2388 394 2513 457; x_wconf 79' lang='lat' dir='ltr'>Lm.</span> <span class='ocrx_word' id='word_1_6' title='bbox 2554 396 2600 457; x_wconf 75' lang='grc' dir='ltr'>ι.</span> 
     </span>
    </p>
   </div>
   <div class='ocr_carea' id='block_1_3' title="bbox 3484 402 3627 460">
    <p class='ocr_par' dir='ltr' id='par_1_3' title="bbox 3484 402 3627 460">
     <span class='ocr_line' id='line_1_3' title="bbox 3484 402 3627 460; baseline -0.014 -1"><span class='ocrx_word' id='word_1_7' title='bbox 3484 402 3627 460; x_wconf 74' lang='grc'>1002</span> 
     </span>
    </p>
   </div>
   <div class='ocr_carea' id='block_1_4' title="bbox 384 514 3626 603">
    <p class='ocr_par' dir='ltr' id='par_1_4' title="bbox 384 514 3626 603">
     <span class='ocr_line' id='line_1_4' title="bbox 384 514 3626 603; baseline -0.002 -23"><span class='ocrx_word' id='word_1_8' title='bbox 384 528 481 592; x_wconf 87' lang='grc' dir='ltr'>νάς</span> <span class='ocrx_word' id='word_1_9' title='bbox 513 525 607 580; x_wconf 77' lang='grc' dir='ltr'>καὶ</span> <span class='ocrx_word' id='word_1_10' title='bbox 662 519 946 596; x_wconf 73' lang='grc' dir='ltr'>χθαμαλάς</span> <span class='ocrx_word' id='word_1_11' title='bbox 979 565 993 589; x_wconf 95' lang='grc'>,</span> <span class='ocrx_word' id='word_1_12' title='bbox 1024 524 1122 591; x_wconf 70' lang='grc' dir='ltr'>τὰς</span> <span class='ocrx_word' id='word_1_13' title='bbox 1177 525 1345 589; x_wconf 83' lang='grc' dir='ltr'>κάτω,</span> <span class='ocrx_word' id='word_1_14' title='bbox 1381 527 1508 582; x_wconf 81' lang='grc' dir='ltr'>ὅταν</span> <span class='ocrx_word' id='word_1_15' title='bbox 1544 532 1601 582; x_wconf 79' lang='grc' dir='ltr'>ἐν</span> <span class='ocrx_word' id='word_1_16' title='bbox 1630 531 1910 603; x_wconf 78' lang='grc' dir='ltr'>Αίγόκερῳ</span> <span class='ocrx_word' id='word_1_17' title='bbox 1933 547 1945 560; x_wconf 93' lang='grc'>·</span> <span class='ocrx_word' id='word_1_18' title='bbox 1979 545 2027 602; x_wconf 68' lang='grc' dir='ltr'>Α</span> <span class='ocrx_word' id='word_1_19' title='bbox 2055 522 2194 581; x_wconf 81' lang='grc' dir='ltr'>αὑτά</span> <span class='ocrx_word' id='word_1_20' title='bbox 2228 524 2296 578; x_wconf 73' lang='grc' dir='ltr'>δι’</span> <span class='ocrx_word' id='word_1_21' title='bbox 2318 514 2589 595; x_wconf 74' lang='grc' dir='ltr'>ἑκατέρων</span> <span class='ocrx_word' id='word_1_22' title='bbox 2616 524 2863 596; x_wconf 83' lang='grc' dir='ltr'>ἀλλήλοις</span> <span class='ocrx_word' id='word_1_23' title='bbox 2884 524 3087 596; x_wconf 78' lang='grc' dir='ltr'>έχουσι,</span> <span class='ocrx_word' id='word_1_24' title='bbox 3115 517 3213 588; x_wconf 87' lang='grc' dir='ltr'>τάς</span> <span class='ocrx_word' id='word_1_25' title='bbox 3230 534 3287 577; x_wconf 80' lang='grc' dir='ltr'>τε</span> <span class='ocrx_word' id='word_1_26' title='bbox 3318 522 3410 578; x_wconf 81' lang='grc' dir='ltr'>τοῦ</span> <span class='ocrx_word' id='word_1_27' title='bbox 3442 526 3626 578; x_wconf 80' lang='grc' dir='ltr'>ἐνιαυ-</span> 
     </span>
    </p>
   </div>
   <div class='ocr_carea' id='block_1_5' title="bbox 384 616 1947 694">
    <p class='ocr_par' dir='ltr' id='par_1_5' title="bbox 384 616 1947 694">
     <span class='ocr_line' id='line_1_5' title="bbox 384 616 1947 694; baseline 0.001 -21"><span class='ocrx_word' id='word_1_28' title='bbox 384 620 483 683; x_wconf 81' lang='grc' dir='ltr'>τὰς</span> <span class='ocrx_word' id='word_1_29' title='bbox 505 619 562 673; x_wconf 85' lang='grc' dir='ltr'>δὲ</span> <span class='ocrx_word' id='word_1_30' title='bbox 587 616 757 690; x_wconf 82' lang='grc' dir='ltr'><strong>μέσας</strong></span> <span class='ocrx_word' id='word_1_31' title='bbox 772 620 865 671; x_wconf 75' lang='grc' dir='ltr'>καὶ</span> <span class='ocrx_word' id='word_1_32' title='bbox 880 616 1001 681; x_wconf 83' lang='grc' dir='ltr'>ῖσας</span> <span class='ocrx_word' id='word_1_33' title='bbox 1028 619 1249 689; x_wconf 84' lang='grc' dir='ltr'>ἀμφοῖν,</span> <span class='ocrx_word' id='word_1_34' title='bbox 1274 621 1450 691; x_wconf 84' lang='grc' dir='ltr'>ὅτανὴ</span> <span class='ocrx_word' id='word_1_35' title='bbox 1469 620 1622 693; x_wconf 84' lang='grc' dir='ltr'>Κριῷ</span> <span class='ocrx_word' id='word_1_36' title='bbox 1646 622 1693 654; x_wconf 76' lang='grc' dir='ltr'>⁸ο</span> <span class='ocrx_word' id='word_1_37' title='bbox 1716 622 1749 693; x_wconf 77' lang='grc' dir='ltr'>ἢ</span> <span class='ocrx_word' id='word_1_38' title='bbox 1774 618 1947 694; x_wconf 82' lang='grc' dir='ltr'>Ζυγῷ.</span> 
     </span>
    </p>
   </div>
   <div class='ocr_carea' id='block_1_6' title="bbox 971 709 1356 777">
    <p class='ocr_par' dir='ltr' id='par_1_6' title="bbox 971 709 1356 777">
     <span class='ocr_line' id='line_1_6' title="bbox 971 709 1356 777; baseline 0.01 -15"><span class='ocrx_word' id='word_1_39' title='bbox 971 709 1109 777; x_wconf 77' lang='grc' dir='ltr'>Περὶ</span> <span class='ocrx_word' id='word_1_40' title='bbox 1143 709 1356 771; x_wconf 78' lang='grc' dir='ltr'>ζωνῶν.</span> 
     </span>
    </p>
   </div>
   <div class='ocr_carea' id='block_1_7' title="bbox 457 798 1949 873">
    <p class='ocr_par' dir='ltr' id='par_1_7' title="bbox 457 798 1949 873">
     <span class='ocr_line' id='line_1_7' title="bbox 457 798 1949 873; baseline 0.003 -19"><span class='ocrx_word' id='word_1_41' title='bbox 457 798 549 868; x_wconf 66' lang='lat'>(7.&quot;.</span> <span class='ocrx_word' id='word_1_42' title='bbox 585 800 758 854; x_wconf 87' lang='grc' dir='ltr'>Ζῶναι</span> <span class='ocrx_word' id='word_1_43' title='bbox 784 799 841 853; x_wconf 83' lang='grc' dir='ltr'>δέ</span> <span class='ocrx_word' id='word_1_44' title='bbox 890 801 1027 853; x_wconf 84' lang='grc' dir='ltr'>εἰσιν</span> <span class='ocrx_word' id='word_1_45' title='bbox 1060 802 1117 855; x_wconf 85' lang='grc' dir='ltr'>ὲν</span> <span class='ocrx_word' id='word_1_46' title='bbox 1147 802 1361 873; x_wconf 81' lang='grc' dir='ltr'>οὐρανῷ</span> <span class='ocrx_word' id='word_1_47' title='bbox 1394 804 1487 857; x_wconf 74' lang='grc' dir='ltr'>καὶ</span> <span class='ocrx_word' id='word_1_48' title='bbox 1516 804 1606 857; x_wconf 66' lang='grc' dir='ltr'>ιτιι</span> <span class='ocrx_word' id='word_1_49' title='bbox 1634 802 1739 873; x_wconf 79' lang='grc' dir='ltr'>γῆς</span> <span class='ocrx_word' id='word_1_50' title='bbox 1770 803 1949 860; x_wconf 82' lang='grc' dir='ltr'>πέντε.</span> 
     </span>
    </p>
   </div>
   <div class='ocr_carea' id='block_1_8' title="bbox 381 882 1954 966">
    <p class='ocr_par' dir='ltr' id='par_1_8' title="bbox 381 882 1954 966">
     <span class='ocr_line' id='line_1_8' title="bbox 381 882 1954 966; baseline 0.001 -20"><span class='ocrx_word' id='word_1_51' title='bbox 381 885 483 946; x_wconf 74' lang='grc' dir='ltr'>Ὧν</span> <span class='ocrx_word' id='word_1_52' title='bbox 514 889 608 945; x_wconf 88' lang='grc' dir='ltr'>δύο</span> <span class='ocrx_word' id='word_1_53' title='bbox 632 892 788 961; x_wconf 85' lang='grc' dir='ltr'>μόναι</span> <span class='ocrx_word' id='word_1_54' title='bbox 808 892 1102 954; x_wconf 90' lang='grc' dir='ltr'>οἰκοῦνται,</span> <span class='ocrx_word' id='word_1_55' title='bbox 1133 893 1231 963; x_wconf 83' lang='grc' dir='ltr'>μία</span> <span class='ocrx_word' id='word_1_56' title='bbox 1259 895 1404 964; x_wconf 76' lang='grc' dir='ltr'>μὲνὴ</span> <span class='ocrx_word' id='word_1_57' title='bbox 1425 894 1624 964; x_wconf 77' lang='grc' dir='ltr'>μεταξὺ</span> <span class='ocrx_word' id='word_1_58' title='bbox 1643 882 1737 947; x_wconf 82' lang='grc' dir='ltr'>τοῦ</span> <span class='ocrx_word' id='word_1_59' title='bbox 1769 896 1954 966; x_wconf 85' lang='grc' dir='ltr'>ἀρκτι-</span> 
     </span>
    </p>
   </div>
   <div class='ocr_carea' id='block_1_9' title="bbox 387 981 1954 1057">
    <p class='ocr_par' dir='ltr' id='par_1_9' title="bbox 387 981 1954 1057">
     <span class='ocr_line' id='line_1_9' title="bbox 387 981 1954 1057; baseline 0.003 -22"><span class='ocrx_word' id='word_1_60' title='bbox 387 981 481 1035; x_wconf 77' lang='grc' dir='ltr'>κοῦ</span> <span class='ocrx_word' id='word_1_61' title='bbox 508 983 600 1036; x_wconf 80' lang='grc' dir='ltr'>καὶ</span> <span class='ocrx_word' id='word_1_62' title='bbox 634 983 845 1054; x_wconf 88' lang='grc' dir='ltr'>θερινοῦ</span> <span class='ocrx_word' id='word_1_63' title='bbox 868 982 1126 1054; x_wconf 87' lang='grc' dir='ltr'>τροπικοῦ</span> <span class='ocrx_word' id='word_1_64' title='bbox 1148 1001 1161 1015; x_wconf 75' lang='grc' dir='ltr'>ο</span> <span class='ocrx_word' id='word_1_65' title='bbox 1195 984 1356 1057; x_wconf 77' lang='grc' dir='ltr'>ἑτέρα</span> <span class='ocrx_word' id='word_1_66' title='bbox 1392 984 1447 1039; x_wconf 81' lang='grc' dir='ltr'>δὲ</span> <span class='ocrx_word' id='word_1_67' title='bbox 1471 988 1503 1055; x_wconf 86' lang='grc' dir='ltr'><strong>ή</strong></span> <span class='ocrx_word' id='word_1_68' title='bbox 1542 986 1743 1056; x_wconf 81' lang='grc' dir='ltr'>μεταξὺ</span> <span class='ocrx_word' id='word_1_69' title='bbox 1767 1003 1954 1056; x_wconf 88' lang='grc' dir='ltr'>χειμε-</span> 
     </span>
    </p>
   </div>
   <div class='ocr_carea' id='block_1_10' title="bbox 387 1073 1956 1146">
    <p class='ocr_par' dir='ltr' id='par_1_10' title="bbox 387 1073 1956 1146">
     <span class='ocr_line' id='line_1_10' title="bbox 387 1073 1956 1146; baseline 0.003 -20"><span class='ocrx_word' id='word_1_70' title='bbox 387 1073 534 1144; x_wconf 88' lang='grc' dir='ltr'>ρινοῦ</span> <span class='ocrx_word' id='word_1_71' title='bbox 583 1073 840 1146; x_wconf 89' lang='grc' dir='ltr'>τροπικοῦ</span> <span class='ocrx_word' id='word_1_72' title='bbox 878 1076 1072 1146; x_wconf 82' lang='grc' dir='ltr'><strong>μέχρις</strong></span> <span class='ocrx_word' id='word_1_73' title='bbox 1136 1076 1514 1146; x_wconf 84' lang='grc' dir='ltr'>ἀνταρκτικοῦ.</span> <span class='ocrx_word' id='word_1_74' title='bbox 1564 1078 1630 1129; x_wconf 84' lang='grc' dir='ltr'>Δί</span> <span class='ocrx_word' id='word_1_75' title='bbox 1679 1077 1737 1130; x_wconf 85' lang='grc' dir='ltr'>δὲ</span> <span class='ocrx_word' id='word_1_76' title='bbox 1773 1078 1956 1130; x_wconf 70' lang='grc' dir='ltr'>λοιπαὶ</span> 
     </span>
    </p>
   </div>
   <div class='ocr_carea' id='block_1_11' title="bbox 388 1164 1955 1240">
    <p class='ocr_par' dir='ltr' id='par_1_11' title="bbox 388 1164 1955 1240">
     <span class='ocr_line' id='line_1_11' title="bbox 388 1164 1955 1240; baseline 0.003 -23"><span class='ocrx_word' id='word_1_77' title='bbox 388 1164 658 1237; x_wconf 78' lang='grc' dir='ltr'>ἁοίκητοιο</span> <span class='ocrx_word' id='word_1_78' title='bbox 718 1165 810 1219; x_wconf 86' lang='grc' dir='ltr'>δύο</span> <span class='ocrx_word' id='word_1_79' title='bbox 847 1167 945 1237; x_wconf 82' lang='grc' dir='ltr'>μὲν</span> <span class='ocrx_word' id='word_1_80' title='bbox 976 1165 1063 1220; x_wconf 83' lang='grc' dir='ltr'>διὰ</span> <span class='ocrx_word' id='word_1_81' title='bbox 1112 1167 1445 1239; x_wconf 73' lang='grc' dir='ltr'>ψυχρότητα,</span> <span class='ocrx_word' id='word_1_82' title='bbox 1475 1170 1530 1221; x_wconf 89' lang='grc' dir='ltr'>αἰ</span> <span class='ocrx_word' id='word_1_83' title='bbox 1567 1168 1670 1222; x_wconf 78' lang='grc' dir='ltr'>ὑπὸ</span> <span class='ocrx_word' id='word_1_84' title='bbox 1698 1168 1955 1240; x_wconf 77' lang='grc' dir='ltr'>ἀρκτικὸν</span> 
     </span>
    </p>
   </div>
   <div class='ocr_carea' id='block_1_12' title="bbox 388 1257 1955 1333">
    <p class='ocr_par' dir='ltr' id='par_1_12' title="bbox 388 1257 1955 1333">
     <span class='ocr_line' id='line_1_12' title="bbox 388 1257 1955 1333; baseline 0.002 -22"><span class='ocrx_word' id='word_1_85' title='bbox 388 1257 479 1311; x_wconf 68' lang='grc' dir='ltr'>καὶ</span> <span class='ocrx_word' id='word_1_86' title='bbox 506 1259 911 1330; x_wconf 59' lang='grc' dir='ltr'>,ἀνταρκτικόψ</span> <span class='ocrx_word' id='word_1_87' title='bbox 943 1259 1040 1328; x_wconf 89' lang='grc' dir='ltr'>μία</span> <span class='ocrx_word' id='word_1_88' title='bbox 1081 1259 1137 1312; x_wconf 81' lang='grc' dir='ltr'>δὲ</span> <span class='ocrx_word' id='word_1_89' title='bbox 1173 1260 1259 1314; x_wconf 78' lang='grc' dir='ltr'>διὰ</span> <span class='ocrx_word' id='word_1_90' title='bbox 1294 1260 1622 1333; x_wconf 86' lang='grc' dir='ltr'>θερμότητα,</span> <span class='ocrx_word' id='word_1_91' title='bbox 1668 1263 1701 1331; x_wconf 84' lang='grc' dir='ltr'>ἡ</span> <span class='ocrx_word' id='word_1_92' title='bbox 1740 1261 1844 1314; x_wconf 83' lang='grc' dir='ltr'>ὑπὸ</span> <span class='ocrx_word' id='word_1_93' title='bbox 1864 1261 1955 1314; x_wconf 79' lang='grc' dir='ltr'>τὸν</span> 
     </span>
    </p>
   </div>
   <div class='ocr_carea' id='block_1_13' title="bbox 387 1348 1956 1421">
    <p class='ocr_par' dir='ltr' id='par_1_13' title="bbox 387 1348 1956 1421">
     <span class='ocr_line' id='line_1_13' title="bbox 387 1348 1956 1421; baseline 0.001 -20"><span class='ocrx_word' id='word_1_94' title='bbox 387 1348 720 1421; x_wconf 78' lang='grc' dir='ltr'>ισημερινὺν,</span> <span class='ocrx_word' id='word_1_95' title='bbox 768 1349 1012 1402; x_wconf 88' lang='grc' dir='ltr'>καλεῖται</span> <span class='ocrx_word' id='word_1_96' title='bbox 1083 1349 1509 1420; x_wconf 80' lang='grc' dir='ltr'>διακεκαυμένη.</span> <span class='ocrx_word' id='word_1_97' title='bbox 1566 1349 1836 1419; x_wconf 86' lang='grc' dir='ltr'>Οἰκοῦμεν</span> <span class='ocrx_word' id='word_1_98' title='bbox 1899 1350 1956 1402; x_wconf 79' lang='grc' dir='ltr'>δὲ</span> 
     </span>
    </p>
   </div>
   <div class='ocr_carea' id='block_1_14' title="bbox 385 1439 1952 1513">
    <p class='ocr_par' dir='ltr' id='par_1_14' title="bbox 385 1439 1952 1513">
     <span class='ocr_line' id='line_1_14' title="bbox 385 1439 1952 1513; baseline 0 -21"><span class='ocrx_word' id='word_1_99' title='bbox 385 1439 546 1510; x_wconf 80' lang='grc' dir='ltr'><strong>ἡμεῖς</strong></span> <span class='ocrx_word' id='word_1_100' title='bbox 564 1440 661 1510; x_wconf 84' lang='grc' dir='ltr'>τὴν</span> <span class='ocrx_word' id='word_1_101' title='bbox 692 1440 843 1512; x_wconf 81' lang='grc' dir='ltr'>παρά</span> <span class='ocrx_word' id='word_1_102' title='bbox 876 1440 1121 1512; x_wconf 72' lang='grc' dir='ltr'>θερινοὺς</span> <span class='ocrx_word' id='word_1_103' title='bbox 1158 1440 1479 1512; x_wconf 70' lang='grc' dir='ltr'>τροπικούς·</span> <span class='ocrx_word' id='word_1_104' title='bbox 1507 1441 1952 1513; x_wconf 76' lang='grc' dir='ltr'>τεκμαιρόμενοι,</span> 
     </span>
    </p>
   </div>
   <div class='ocr_carea' id='block_1_15' title="bbox 384 1530 1952 1604">
    <p class='ocr_par' dir='ltr' id='par_1_15' title="bbox 384 1530 1952 1604">
     <span class='ocr_line' id='line_1_15' title="bbox 384 1530 1952 1604; baseline 0 -20"><span class='ocrx_word' id='word_1_105' title='bbox 384 1530 468 1585; x_wconf 78' lang='grc' dir='ltr'>ὅτι</span> <span class='ocrx_word' id='word_1_106' title='bbox 522 1532 700 1603; x_wconf 83' lang='grc' dir='ltr'>ἡμεῖς,</span> <span class='ocrx_word' id='word_1_107' title='bbox 740 1532 940 1603; x_wconf 90' lang='grc' dir='ltr'>ταύτην</span> <span class='ocrx_word' id='word_1_108' title='bbox 983 1533 1197 1604; x_wconf 77' lang='grc' dir='ltr'>ἔχοντες</span> <span class='ocrx_word' id='word_1_109' title='bbox 1224 1534 1322 1604; x_wconf 81' lang='grc' dir='ltr'>τὴν</span> <span class='ocrx_word' id='word_1_110' title='bbox 1354 1533 1697 1604; x_wconf 77' lang='grc' dir='ltr'>οἰκουμένην,</span> <span class='ocrx_word' id='word_1_111' title='bbox 1731 1533 1879 1604; x_wconf 80' lang='grc' dir='ltr'>δεξιᾷ</span> <span class='ocrx_word' id='word_1_112' title='bbox 1911 1533 1952 1564; x_wconf 71' lang='grc'>⁸⁸</span> 
     </span>
    </p>
   </div>
   <div class='ocr_carea' id='block_1_16' title="bbox 388 1623 1956 1696">
    <p class='ocr_par' dir='ltr' id='par_1_16' title="bbox 388 1623 1956 1696">
     <span class='ocr_line' id='line_1_16' title="bbox 388 1623 1956 1696; baseline 0.001 -19"><span class='ocrx_word' id='word_1_113' title='bbox 388 1624 487 1695; x_wconf 79' lang='grc' dir='ltr'>μὲν</span> <span class='ocrx_word' id='word_1_114' title='bbox 512 1623 706 1694; x_wconf 82' lang='grc' dir='ltr'>ἔχομεν</span> <span class='ocrx_word' id='word_1_115' title='bbox 724 1625 822 1695; x_wconf 85' lang='grc' dir='ltr'>τὴν</span> <span class='ocrx_word' id='word_1_116' title='bbox 851 1623 936 1677; x_wconf 78' lang='grc' dir='ltr'>διὰ</span> <span class='ocrx_word' id='word_1_117' title='bbox 960 1623 1275 1696; x_wconf 76' lang='grc' dir='ltr'>ψυχρότητα</span> <span class='ocrx_word' id='word_1_118' title='bbox 1305 1624 1559 1695; x_wconf 87' lang='grc' dir='ltr'>ἀοίκητον</span> <span class='ocrx_word' id='word_1_119' title='bbox 1591 1624 1732 1678; x_wconf 85' lang='grc' dir='ltr'>κατά</span> <span class='ocrx_word' id='word_1_120' title='bbox 1754 1625 1956 1696; x_wconf 74' lang='grc' dir='ltr'>βορρᾶν</span> 
     </span>
    </p>
   </div>
   <div class='ocr_carea' id='block_1_17' title="bbox 386 1712 1956 1791">
    <p class='ocr_par' dir='ltr' id='par_1_17' title="bbox 386 1712 1956 1791">
     <span class='ocr_line' id='line_1_17' title="bbox 386 1712 1956 1791; baseline 0.002 -23"><span class='ocrx_word' id='word_1_121' title='bbox 386 1712 584 1785; x_wconf 82' lang='grc' dir='ltr'>ζώνην,</span> <span class='ocrx_word' id='word_1_122' title='bbox 619 1718 676 1769; x_wconf 83' lang='grc' dir='ltr'>ὲν</span> <span class='ocrx_word' id='word_1_123' title='bbox 707 1716 972 1788; x_wconf 82' lang='grc' dir='ltr'>ἀριστερᾷ</span> <span class='ocrx_word' id='word_1_124' title='bbox 1024 1716 1080 1769; x_wconf 80' lang='grc' dir='ltr'>δὲ</span> <span class='ocrx_word' id='word_1_125' title='bbox 1119 1716 1215 1787; x_wconf 85' lang='grc' dir='ltr'>τὴν</span> <span class='ocrx_word' id='word_1_126' title='bbox 1254 1715 1707 1788; x_wconf 87' lang='grc' dir='ltr'>διακεκαυμένην.</span> <span class='ocrx_word' id='word_1_127' title='bbox 1750 1717 1810 1771; x_wconf 83' lang='grc' dir='ltr'>Εἰ</span> <span class='ocrx_word' id='word_1_128' title='bbox 1850 1718 1956 1791; x_wconf 85' lang='grc' dir='ltr'>γὰρ</span> 
     </span>
    </p>
   </div>
   <div class='ocr_carea' id='block_1_18' title="bbox 383 1809 1957 1882">
    <p class='ocr_par' dir='ltr' id='par_1_18' title="bbox 383 1809 1957 1882">
     <span class='ocr_line' id='line_1_18' title="bbox 383 1809 1957 1882; baseline 0.002 -22"><span class='ocrx_word' id='word_1_129' title='bbox 383 1809 483 1881; x_wconf 74' lang='grc' dir='ltr'>τὴν</span> <span class='ocrx_word' id='word_1_130' title='bbox 536 1809 642 1862; x_wconf 84' lang='grc' dir='ltr'>ὑπὸ</span> <span class='ocrx_word' id='word_1_131' title='bbox 678 1810 1021 1880; x_wconf 79' lang='grc' dir='ltr'>χειμερινοὺς</span> <span class='ocrx_word' id='word_1_132' title='bbox 1077 1809 1370 1880; x_wconf 79' lang='grc' dir='ltr'>τροπικοὺς</span> <span class='ocrx_word' id='word_1_133' title='bbox 1413 1810 1667 1880; x_wconf 81' lang='grc' dir='ltr'>οἰκοῦμεν</span> <span class='ocrx_word' id='word_1_134' title='bbox 1708 1810 1775 1875; x_wconf 71' lang='grc'>⁸³,</span> <span class='ocrx_word' id='word_1_135' title='bbox 1810 1810 1957 1882; x_wconf 77' lang='grc' dir='ltr'>δεξιᾷ</span> 
     </span>
    </p>
   </div>
   <div class='ocr_carea' id='block_1_19' title="bbox 2050 614 3620 689">
    <p class='ocr_par' dir='ltr' id='par_1_19' title="bbox 2050 614 3620 689">
     <span class='ocr_line' id='line_1_19' title="bbox 2050 614 3620 689; baseline -0.003 -16"><span class='ocrx_word' id='word_1_136' title='bbox 2050 617 2145 673; x_wconf 88' lang='grc' dir='ltr'>τοῦ</span> <span class='ocrx_word' id='word_1_137' title='bbox 2171 617 2336 689; x_wconf 84' lang='grc' dir='ltr'>ὥρας,</span> <span class='ocrx_word' id='word_1_138' title='bbox 2368 615 2579 679; x_wconf 73' lang='grc' dir='ltr'>καὶτὰς</span> <span class='ocrx_word' id='word_1_139' title='bbox 2597 616 2820 681; x_wconf 73' lang='grc' dir='ltr'>νύκτας,</span> <span class='ocrx_word' id='word_1_140' title='bbox 2839 618 2933 670; x_wconf 70' lang='grc' dir='ltr'>καὶ</span> <span class='ocrx_word' id='word_1_141' title='bbox 2953 617 3049 680; x_wconf 76' lang='grc' dir='ltr'>τὰς</span> <span class='ocrx_word' id='word_1_142' title='bbox 3069 617 3175 687; x_wconf 79' lang='grc' dir='ltr'>ήμέ</span> <span class='ocrx_word' id='word_1_143' title='bbox 3184 632 3282 687; x_wconf 88' lang='grc' dir='ltr'>ρας</span> <span class='ocrx_word' id='word_1_144' title='bbox 3312 615 3410 677; x_wconf 73' lang='grc' dir='ltr'>τὰς</span> <span class='ocrx_word' id='word_1_145' title='bbox 3431 614 3620 669; x_wconf 77' lang='grc' dir='ltr'>αὐτάς.</span> 
     </span>
    </p>
   </div>
   <div class='ocr_carea' id='block_1_20' title="bbox 2053 707 3623 780">
    <p class='ocr_par' dir='ltr' id='par_1_20' title="bbox 2053 707 3623 780">
     <span class='ocr_line' id='line_1_20' title="bbox 2053 707 3623 780; baseline -0.003 -17"><span class='ocrx_word' id='word_1_146' title='bbox 2053 711 2116 763; x_wconf 88' lang='grc' dir='ltr'><strong>Οἱ</strong></span> <span class='ocrx_word' id='word_1_147' title='bbox 2145 709 2379 763; x_wconf 83' lang='grc' dir='ltr'>ἀντοικοι</span> <span class='ocrx_word' id='word_1_148' title='bbox 2416 707 2476 759; x_wconf 81' lang='grc' dir='ltr'>τὸ</span> <span class='ocrx_word' id='word_1_149' title='bbox 2522 708 2620 778; x_wconf 81' lang='grc' dir='ltr'>μὲν</span> <span class='ocrx_word' id='word_1_150' title='bbox 2649 707 2757 760; x_wconf 88' lang='grc' dir='ltr'>τῶν</span> <span class='ocrx_word' id='word_1_151' title='bbox 2791 708 3015 780; x_wconf 81' lang='grc' dir='ltr'>ἡμερῶν</span> <span class='ocrx_word' id='word_1_152' title='bbox 3063 708 3274 778; x_wconf 79' lang='grc' dir='ltr'>ἔχουσιν</span> <span class='ocrx_word' id='word_1_153' title='bbox 3322 707 3584 770; x_wconf 76' lang='grc' dir='ltr'>ὡσαύτως</span> <span class='ocrx_word' id='word_1_154' title='bbox 3607 725 3623 738; x_wconf 88' lang='grc'><strong>·</strong></span> 
     </span>
    </p>
   </div>
   <div class='ocr_carea' id='block_1_21' title="bbox 2051 797 3627 869">
    <p class='ocr_par' dir='ltr' id='par_1_21' title="bbox 2051 797 3627 869">
     <span class='ocr_line' id='line_1_21' title="bbox 2051 797 3627 869; baseline 0.001 -18"><span class='ocrx_word' id='word_1_155' title='bbox 2051 799 2113 851; x_wconf 82' lang='grc' dir='ltr'>τὸ</span> <span class='ocrx_word' id='word_1_156' title='bbox 2150 799 2207 852; x_wconf 79' lang='grc' dir='ltr'>δὲ</span> <span class='ocrx_word' id='word_1_157' title='bbox 2237 798 2345 852; x_wconf 87' lang='grc' dir='ltr'>τῶν</span> <span class='ocrx_word' id='word_1_158' title='bbox 2373 797 2581 869; x_wconf 90' lang='grc' dir='ltr'>καιρῶν</span> <span class='ocrx_word' id='word_1_159' title='bbox 2606 798 2705 851; x_wconf 84' lang='grc' dir='ltr'>οὐκ</span> <span class='ocrx_word' id='word_1_160' title='bbox 2726 798 2959 868; x_wconf 81' lang='grc' dir='ltr'>ἔχουσιν.</span> <span class='ocrx_word' id='word_1_161' title='bbox 2991 801 3055 851; x_wconf 82' lang='grc' dir='ltr'>Οἰ</span> <span class='ocrx_word' id='word_1_162' title='bbox 3102 798 3410 869; x_wconf 83' lang='grc' dir='ltr'>ἀντίχθονες</span> <span class='ocrx_word' id='word_1_163' title='bbox 3428 798 3489 850; x_wconf 77' lang='grc' dir='ltr'>τὸ</span> <span class='ocrx_word' id='word_1_164' title='bbox 3526 797 3627 869; x_wconf 85' lang='grc' dir='ltr'>μὲν</span> 
     </span>
    </p>
   </div>
   <div class='ocr_carea' id='block_1_22' title="bbox 2052 887 3627 961">
    <p class='ocr_par' dir='ltr' id='par_1_22' title="bbox 2052 887 3627 961">
     <span class='ocr_line' id='line_1_22' title="bbox 2052 887 3627 961; baseline -0.001 -19"><span class='ocrx_word' id='word_1_165' title='bbox 2052 888 2161 943; x_wconf 85' lang='grc' dir='ltr'>τῶν</span> <span class='ocrx_word' id='word_1_166' title='bbox 2193 887 2398 960; x_wconf 88' lang='grc' dir='ltr'>καιρῶν</span> <span class='ocrx_word' id='word_1_167' title='bbox 2431 887 2635 958; x_wconf 78' lang='grc' dir='ltr'>ἔχουσι,</span> <span class='ocrx_word' id='word_1_168' title='bbox 2675 887 2738 942; x_wconf 81' lang='grc' dir='ltr'>τὸ</span> <span class='ocrx_word' id='word_1_169' title='bbox 2788 888 2846 942; x_wconf 83' lang='grc' dir='ltr'>δὲ</span> <span class='ocrx_word' id='word_1_170' title='bbox 2871 889 2978 943; x_wconf 87' lang='grc' dir='ltr'>τῶν</span> <span class='ocrx_word' id='word_1_171' title='bbox 3013 890 3234 961; x_wconf 82' lang='grc' dir='ltr'>ἡμερῶν</span> <span class='ocrx_word' id='word_1_172' title='bbox 3261 888 3344 944; x_wconf 82' lang='grc' dir='ltr'>οῦ.</span> <span class='ocrx_word' id='word_1_173' title='bbox 3385 890 3448 943; x_wconf 82' lang='grc' dir='ltr'>Οἱ</span> <span class='ocrx_word' id='word_1_174' title='bbox 3478 887 3627 942; x_wconf 81' lang='grc' dir='ltr'>ἀντί-</span> 
     </span>
    </p>
   </div>
   <div class='ocr_carea' id='block_1_23' title="bbox 2012 981 3627 1055">
    <p class='ocr_par' dir='ltr' id='par_1_23' title="bbox 2012 981 3627 1055">
     <span class='ocr_line' id='line_1_23' title="bbox 2012 981 3627 1055; baseline 0 -19"><span class='ocrx_word' id='word_1_175' title='bbox 2012 984 2017 990; x_wconf 82' lang='grc'><em>’</em></span> <span class='ocrx_word' id='word_1_176' title='bbox 2055 984 2213 1045; x_wconf 84' lang='grc' dir='ltr'>ποδες</span> <span class='ocrx_word' id='word_1_177' title='bbox 2238 981 2358 1035; x_wconf 79' lang='grc' dir='ltr'>οῦτε</span> <span class='ocrx_word' id='word_1_178' title='bbox 2387 982 2432 1013; x_wconf 67' lang='grc'>⁸³</span> <span class='ocrx_word' id='word_1_179' title='bbox 2463 981 2570 1035; x_wconf 88' lang='grc' dir='ltr'>τῶν</span> <span class='ocrx_word' id='word_1_180' title='bbox 2603 982 2844 1054; x_wconf 80' lang='grc' dir='ltr'>ἡμερῶν,</span> <span class='ocrx_word' id='word_1_181' title='bbox 2876 982 2998 1035; x_wconf 71' lang='grc' dir='ltr'>οὔτε</span> <span class='ocrx_word' id='word_1_182' title='bbox 3029 983 3091 1036; x_wconf 81' lang='grc' dir='ltr'>τὸ</span> <span class='ocrx_word' id='word_1_183' title='bbox 3121 982 3230 1036; x_wconf 90' lang='grc' dir='ltr'>τῶν</span> <span class='ocrx_word' id='word_1_184' title='bbox 3274 983 3455 1054; x_wconf 73' lang='grc' dir='ltr'>ὡρῶν.</span> <span class='ocrx_word' id='word_1_185' title='bbox 3479 982 3627 1055; x_wconf 80' lang='grc' dir='ltr'>Πλὴν</span> 
     </span>
    </p>
   </div>
   <div class='ocr_carea' id='block_1_24' title="bbox 2055 1070 3630 1145">
    <p class='ocr_par' dir='ltr' id='par_1_24' title="bbox 2055 1070 3630 1145">
     <span class='ocr_line' id='line_1_24' title="bbox 2055 1070 3630 1145; baseline -0.001 -18"><span class='ocrx_word' id='word_1_186' title='bbox 2055 1074 2149 1127; x_wconf 73' lang='grc' dir='ltr'>καὶ</span> <span class='ocrx_word' id='word_1_187' title='bbox 2186 1072 2357 1144; x_wconf 75' lang='grc' dir='ltr'>ταύτῃ</span> <span class='ocrx_word' id='word_1_188' title='bbox 2404 1073 2451 1126; x_wconf 83' lang='grc' dir='ltr'>οἱ</span> <span class='ocrx_word' id='word_1_189' title='bbox 2492 1070 2802 1142; x_wconf 86' lang='grc' dir='ltr'>ἀντίχθονες</span> <span class='ocrx_word' id='word_1_190' title='bbox 2828 1071 3068 1143; x_wconf 83' lang='grc' dir='ltr'>ἀλλήλων</span> <span class='ocrx_word' id='word_1_191' title='bbox 3098 1071 3462 1144; x_wconf 79' lang='grc' dir='ltr'>διαφέρουσιν,</span> <span class='ocrx_word' id='word_1_192' title='bbox 3518 1074 3630 1145; x_wconf 84' lang='grc' dir='ltr'>ὅσῳ</span> 
     </span>
    </p>
   </div>
   <div class='ocr_carea' id='block_1_25' title="bbox 2054 1163 3629 1236">
    <p class='ocr_par' dir='ltr' id='par_1_25' title="bbox 2054 1163 3629 1236">
     <span class='ocr_line' id='line_1_25' title="bbox 2054 1163 3629 1236; baseline 0.001 -19"><span class='ocrx_word' id='word_1_193' title='bbox 2054 1166 2163 1219; x_wconf 88' lang='grc' dir='ltr'>τῶν</span> <span class='ocrx_word' id='word_1_194' title='bbox 2196 1165 2306 1220; x_wconf 83' lang='grc' dir='ltr'>άνω</span> <span class='ocrx_word' id='word_1_195' title='bbox 2333 1163 2571 1232; x_wconf 85' lang='grc' dir='ltr'>ἀγόντων</span> <span class='ocrx_word' id='word_1_196' title='bbox 2614 1164 2826 1236; x_wconf 84' lang='grc' dir='ltr'>μακρὰς</span> <span class='ocrx_word' id='word_1_197' title='bbox 2855 1163 3085 1235; x_wconf 84' lang='grc' dir='ltr'>ἡμέρας,</span> <span class='ocrx_word' id='word_1_198' title='bbox 3121 1165 3169 1216; x_wconf 85' lang='grc' dir='ltr'>οἱ</span> <span class='ocrx_word' id='word_1_199' title='bbox 3205 1165 3354 1217; x_wconf 88' lang='grc' dir='ltr'>κάτω</span> <span class='ocrx_word' id='word_1_200' title='bbox 3396 1164 3629 1218; x_wconf 79' lang='grc' dir='ltr'>κολοϐω-</span> 
     </span>
    </p>
   </div>
   <div class='ocr_carea' id='block_1_26' title="bbox 2055 1248 3629 1327">
    <p class='ocr_par' dir='ltr' id='par_1_26' title="bbox 2055 1248 3629 1327">
     <span class='ocr_line' id='line_1_26' title="bbox 2055 1248 3629 1327; baseline 0 -18"><span class='ocrx_word' id='word_1_201' title='bbox 2055 1257 2216 1327; x_wconf 80' lang='grc' dir='ltr'>τέρας</span> <span class='ocrx_word' id='word_1_202' title='bbox 2270 1254 2448 1325; x_wconf 75' lang='grc' dir='ltr'>έχουσι</span> <span class='ocrx_word' id='word_1_203' title='bbox 2478 1253 2574 1317; x_wconf 83' lang='grc' dir='ltr'>τὰς</span> <span class='ocrx_word' id='word_1_204' title='bbox 2602 1253 2806 1307; x_wconf 78' lang='grc' dir='ltr'>ἑαυτῶν</span> <span class='ocrx_word' id='word_1_205' title='bbox 2826 1254 3058 1326; x_wconf 81' lang='grc' dir='ltr'>ἡμέρας.</span> <span class='ocrx_word' id='word_1_206' title='bbox 3086 1248 3158 1307; x_wconf 78' lang='grc' dir='ltr'>Τὸ</span> <span class='ocrx_word' id='word_1_207' title='bbox 3188 1253 3245 1307; x_wconf 75' lang='grc' dir='ltr'>δὲ</span> <span class='ocrx_word' id='word_1_208' title='bbox 3272 1254 3441 1307; x_wconf 76' lang='grc' dir='ltr'>αἴτιον</span> <span class='ocrx_word' id='word_1_209' title='bbox 3464 1257 3497 1327; x_wconf 86' lang='grc' dir='ltr'><strong>ἡ</strong></span> <span class='ocrx_word' id='word_1_210' title='bbox 3520 1256 3629 1309; x_wconf 87' lang='grc' dir='ltr'>τῶν</span> 
     </span>
    </p>
   </div>
   <div class='ocr_carea' id='block_1_27' title="bbox 2055 1337 3631 1417">
    <p class='ocr_par' dir='ltr' id='par_1_27' title="bbox 2055 1337 3631 1417">
     <span class='ocr_line' id='line_1_27' title="bbox 2055 1337 3631 1417; baseline -0.001 -18"><span class='ocrx_word' id='word_1_211' title='bbox 2055 1345 2266 1400; x_wconf 90' lang='grc' dir='ltr'>κύκλων</span> <span class='ocrx_word' id='word_1_212' title='bbox 2288 1343 2556 1413; x_wconf 80' lang='grc' dir='ltr'>ἀνισότης.</span> <span class='ocrx_word' id='word_1_213' title='bbox 2587 1337 2880 1417; x_wconf 84' lang='grc' dir='ltr'>Στρέφεται</span> <span class='ocrx_word' id='word_1_214' title='bbox 2905 1343 2960 1396; x_wconf 81' lang='grc' dir='ltr'>δὲ</span> <span class='ocrx_word' id='word_1_215' title='bbox 2983 1343 3043 1396; x_wconf 87' lang='grc' dir='ltr'>τὸ</span> <span class='ocrx_word' id='word_1_216' title='bbox 3069 1344 3176 1396; x_wconf 77' lang='grc' dir='ltr'>πᾶν</span> <span class='ocrx_word' id='word_1_217' title='bbox 3197 1344 3328 1396; x_wconf 77' lang='grc' dir='ltr'>αὐτὸ</span> <span class='ocrx_word' id='word_1_218' title='bbox 3357 1344 3483 1415; x_wconf 81' lang='grc' dir='ltr'>περὶ</span> <span class='ocrx_word' id='word_1_219' title='bbox 3500 1344 3631 1398; x_wconf 83' lang='grc' dir='ltr'>αὐτὸ</span> 
     </span>
    </p>
   </div>
   <div class='ocr_carea' id='block_1_28' title="bbox 2055 1430 3489 1509">
    <p class='ocr_par' dir='ltr' id='par_1_28' title="bbox 2055 1430 3489 1509">
     <span class='ocr_line' id='line_1_28' title="bbox 2055 1430 3489 1509; baseline -0.001 -19"><span class='ocrx_word' id='word_1_220' title='bbox 2055 1436 2342 1509; x_wconf 78' lang='grc' dir='ltr'>ὁσημέραι,</span> <span class='ocrx_word' id='word_1_221' title='bbox 2376 1438 2471 1490; x_wconf 78' lang='grc' dir='ltr'>καὶ</span> <span class='ocrx_word' id='word_1_222' title='bbox 2496 1430 2653 1506; x_wconf 83' lang='grc' dir='ltr'>ὧραι·</span> <span class='ocrx_word' id='word_1_223' title='bbox 2685 1435 2818 1489; x_wconf 83' lang='grc' dir='ltr'>καθὸ</span> <span class='ocrx_word' id='word_1_224' title='bbox 2836 1436 2928 1489; x_wconf 77' lang='grc' dir='ltr'>καὶ</span> <span class='ocrx_word' id='word_1_225' title='bbox 2952 1437 2980 1488; x_wconf 98' lang='lat'>6</span> <span class='ocrx_word' id='word_1_226' title='bbox 3017 1434 3302 1506; x_wconf 83' lang='grc' dir='ltr'>Ἀσκραῖός</span> <span class='ocrx_word' id='word_1_227' title='bbox 3330 1451 3489 1505; x_wconf 77' lang='grc' dir='ltr'>φησιο</span> 
     </span>
    </p>
   </div>
   <div class='ocr_carea' id='block_1_29' title="bbox 2132 1525 3607 1598">
    <p class='ocr_par' dir='ltr' id='par_1_29' title="bbox 2132 1525 3607 1598">
     <span class='ocr_line' id='line_1_29' title="bbox 2132 1525 3607 1598; baseline 0.001 -18"><span class='ocrx_word' id='word_1_228' title='bbox 2132 1528 2396 1596; x_wconf 60' lang='lat' dir='ltr'>Esau/pag-</span> <span class='ocrx_word' id='word_1_229' title='bbox 2434 1526 2787 1595; x_wconf 76' lang='grc' dir='ltr'>κυκλοτερεῖ</span> <span class='ocrx_word' id='word_1_230' title='bbox 2793 1528 2979 1595; x_wconf 74' lang='grc' dir='ltr'>μανίᾳ</span> <span class='ocrx_word' id='word_1_231' title='bbox 3004 1526 3050 1559; x_wconf 64' lang='grc'>⁸⁵</span> <span class='ocrx_word' id='word_1_232' title='bbox 3076 1525 3341 1598; x_wconf 80' lang='grc' dir='ltr'>περιηγέτ</span> <span class='ocrx_word' id='word_1_233' title='bbox 3355 1528 3607 1597; x_wconf 75' lang='grc' dir='ltr'>χαίρωνο</span> 
     </span>
    </p>
   </div>
   <div class='ocr_carea' id='block_1_30' title="bbox 2059 1618 3629 1693">
    <p class='ocr_par' dir='ltr' id='par_1_30' title="bbox 2059 1618 3629 1693">
     <span class='ocr_line' id='line_1_30' title="bbox 2059 1618 3629 1693; baseline 0.001 -19"><span class='ocrx_word' id='word_1_234' title='bbox 2059 1624 2290 1691; x_wconf 83' lang='grc' dir='ltr'>σφαῖραν</span> <span class='ocrx_word' id='word_1_235' title='bbox 2323 1620 2421 1689; x_wconf 80' lang='grc' dir='ltr'>μὲν</span> <span class='ocrx_word' id='word_1_236' title='bbox 2475 1618 2707 1682; x_wconf 80' lang='grc' dir='ltr'>καλέσας</span> <span class='ocrx_word' id='word_1_237' title='bbox 2736 1618 2838 1688; x_wconf 79' lang='grc' dir='ltr'>τὴν</span> <span class='ocrx_word' id='word_1_238' title='bbox 2871 1621 3123 1690; x_wconf 83' lang='grc' dir='ltr'>σφαῖραν,</span> <span class='ocrx_word' id='word_1_239' title='bbox 3150 1619 3226 1682; x_wconf 83' lang='grc' dir='ltr'>ὡς</span> <span class='ocrx_word' id='word_1_240' title='bbox 3251 1620 3348 1673; x_wconf 66' lang='grc' dir='ltr'>καλ⁸</span> <span class='ocrx_word' id='word_1_241' title='bbox 3380 1620 3629 1693; x_wconf 87' lang='grc' dir='ltr'>Ὄμηρος</span> 
     </span>
    </p>
   </div>
   <div class='ocr_carea' id='block_1_31' title="bbox 2057 1711 3632 1787">
    <p class='ocr_par' dir='ltr' id='par_1_31' title="bbox 2057 1711 3632 1787">
     <span class='ocr_line' id='line_1_31' title="bbox 2057 1711 3632 1787; baseline -0.001 -18"><span class='ocrx_word' id='word_1_242' title='bbox 2057 1711 2309 1787; x_wconf 76' lang='grc' dir='ltr'>ἑσπέριον</span> <span class='ocrx_word' id='word_1_243' title='bbox 2355 1713 2453 1786; x_wconf 80' lang='grc' dir='ltr'>τὴν</span> <span class='ocrx_word' id='word_1_244' title='bbox 2514 1712 2785 1784; x_wconf 79' lang='grc' dir='ltr'>ἑσπέραν·</span> <span class='ocrx_word' id='word_1_245' title='bbox 2841 1713 2936 1766; x_wconf 76' lang='grc' dir='ltr'>καὶ</span> <span class='ocrx_word' id='word_1_246' title='bbox 2990 1712 3291 1784; x_wconf 83' lang='grc' dir='ltr'>κυκλοτερῆ</span> <span class='ocrx_word' id='word_1_247' title='bbox 3335 1712 3391 1765; x_wconf 86' lang='grc' dir='ltr'>δὲ</span> <span class='ocrx_word' id='word_1_248' title='bbox 3440 1712 3526 1768; x_wconf 77' lang='grc' dir='ltr'>διὰ</span> <span class='ocrx_word' id='word_1_249' title='bbox 3569 1714 3632 1768; x_wconf 80' lang='grc' dir='ltr'>τὸ</span> 
     </span>
    </p>
   </div>
   <div class='ocr_carea' id='block_1_32' title="bbox 2060 1802 3631 1877">
    <p class='ocr_par' dir='ltr' id='par_1_32' title="bbox 2060 1802 3631 1877">
     <span class='ocr_line' id='line_1_32' title="bbox 2060 1802 3631 1877; baseline 0 -18"><span class='ocrx_word' id='word_1_250' title='bbox 2060 1805 2428 1877; x_wconf 75' lang='grc' dir='ltr'>σφαιροειδές·</span> <span class='ocrx_word' id='word_1_251' title='bbox 2480 1804 2675 1875; x_wconf 85' lang='grc' dir='ltr'>μανίαν</span> <span class='ocrx_word' id='word_1_252' title='bbox 2718 1802 2774 1856; x_wconf 85' lang='grc' dir='ltr'>δὲ</span> <span class='ocrx_word' id='word_1_253' title='bbox 2812 1803 3082 1875; x_wconf 83' lang='grc' dir='ltr'>περιηγέα</span> <span class='ocrx_word' id='word_1_254' title='bbox 3133 1805 3233 1875; x_wconf 83' lang='grc' dir='ltr'>τῆς</span> <span class='ocrx_word' id='word_1_255' title='bbox 3262 1805 3501 1877; x_wconf 82' lang='grc' dir='ltr'>στροφῆς</span> <span class='ocrx_word' id='word_1_256' title='bbox 3531 1805 3631 1877; x_wconf 77' lang='grc' dir='ltr'>τὴν</span> 
     </span>
    </p>
   </div>
   <div class='ocr_carea' id='block_1_33' title="bbox 388 1890 3631 1985">
    <p class='ocr_par' dir='ltr' id='par_1_33' title="bbox 388 1890 3631 1985">
     <span class='ocr_line' id='line_1_33' title="bbox 388 1890 3631 1985; baseline 0 -37"><span class='ocrx_word' id='word_1_257' title='bbox 388 1900 489 1969; x_wconf 81' lang='grc' dir='ltr'>μὲν</span> <span class='ocrx_word' id='word_1_258' title='bbox 512 1896 578 1971; x_wconf 81' lang='grc' dir='ltr'>ἦν</span> <span class='ocrx_word' id='word_1_259' title='bbox 600 1899 663 1953; x_wconf 82' lang='grc' dir='ltr'>ἂν</span> <span class='ocrx_word' id='word_1_260' title='bbox 692 1898 879 1985; x_wconf 30' lang='grc' dir='ltr'>ἡμῖνοὴ</span> <span class='ocrx_word' id='word_1_261' title='bbox 917 1899 1343 1971; x_wconf 80' lang='grc' dir='ltr'>διακεκαυμένη,</span> <span class='ocrx_word' id='word_1_262' title='bbox 1377 1902 1639 1973; x_wconf 72' lang='grc' dir='ltr'>ἀριστερᾷ</span> <span class='ocrx_word' id='word_1_263' title='bbox 1670 1902 1726 1955; x_wconf 71' lang='grc' dir='ltr'>δὲ</span> <span class='ocrx_word' id='word_1_264' title='bbox 1758 1904 1790 1973; x_wconf 75' lang='grc' dir='ltr'><strong>ἡ</strong></span> <span class='ocrx_word' id='word_1_265' title='bbox 1823 1903 1958 1972; x_wconf 78' lang='grc' dir='ltr'>πρὸς</span> <span class='ocrx_word' id='word_1_266' title='bbox 1991 1890 2032 1945; x_wconf 89' lang='grc' dir='ltr'><strong>Β</strong></span> <span class='ocrx_word' id='word_1_267' title='bbox 2060 1897 2246 1967; x_wconf 85' lang='grc' dir='ltr'>μονήν.</span> <span class='ocrx_word' id='word_1_268' title='bbox 2278 1896 2503 1965; x_wconf 82' lang='grc' dir='ltr'>Φέρεται</span> <span class='ocrx_word' id='word_1_269' title='bbox 2527 1894 2583 1947; x_wconf 79' lang='grc' dir='ltr'>δὲ</span> <span class='ocrx_word' id='word_1_270' title='bbox 2600 1895 2632 1985; x_wconf 89' lang='lat'>6</span> <span class='ocrx_word' id='word_1_271' title='bbox 2653 1892 2880 1985; x_wconf 73' lang='grc' dir='ltr'>οὐρανὸς</span> <span class='ocrx_word' id='word_1_272' title='bbox 2910 1892 3015 1947; x_wconf 79' lang='grc' dir='ltr'>ἀπὸ</span> <span class='ocrx_word' id='word_1_273' title='bbox 3038 1893 3146 1947; x_wconf 77' lang='grc' dir='ltr'>τῶν</span> <span class='ocrx_word' id='word_1_274' title='bbox 3177 1894 3508 1948; x_wconf 83' lang='grc' dir='ltr'>ἀνατολικῶν</span> <span class='ocrx_word' id='word_1_275' title='bbox 3539 1896 3631 1949; x_wconf 78' lang='grc' dir='ltr'>ἐπὶ</span> 
     </span>
    </p>
   </div>
   <div class='ocr_carea' id='block_1_34' title="bbox 385 1986 1959 2063">
    <p class='ocr_par' dir='ltr' id='par_1_34' title="bbox 385 1986 1959 2063">
     <span class='ocr_line' id='line_1_34' title="bbox 385 1986 1959 2063; baseline 0.001 -19"><span class='ocrx_word' id='word_1_276' title='bbox 385 1991 478 2044; x_wconf 79' lang='grc' dir='ltr'>τὸν</span> <span class='ocrx_word' id='word_1_277' title='bbox 502 1991 647 2044; x_wconf 81' lang='grc' dir='ltr'>νότον</span> <span class='ocrx_word' id='word_1_278' title='bbox 672 1991 1082 2063; x_wconf 70' lang='grc' dir='ltr'>κατεψυγμένη.</span> <span class='ocrx_word' id='word_1_279' title='bbox 1120 1992 1277 2055; x_wconf 86' lang='grc' dir='ltr'>Τινὲς</span> <span class='ocrx_word' id='word_1_280' title='bbox 1308 1992 1385 2057; x_wconf 85' lang='grc' dir='ltr'>δὲ,</span> <span class='ocrx_word' id='word_1_281' title='bbox 1409 1986 1482 2047; x_wconf 81' lang='grc' dir='ltr'>ὧν</span> <span class='ocrx_word' id='word_1_282' title='bbox 1516 1995 1633 2045; x_wconf 78' lang='grc' dir='ltr'>ἐστι</span> <span class='ocrx_word' id='word_1_283' title='bbox 1670 1993 1959 2056; x_wconf 81' lang='grc' dir='ltr'>Παναίτιος</span> 
     </span>
    </p>
   </div>
   <div class='ocr_carea' id='block_1_35' title="bbox 384 2078 1962 2153">
    <p class='ocr_par' dir='ltr' id='par_1_35' title="bbox 384 2078 1962 2153">
     <span class='ocr_line' id='line_1_35' title="bbox 384 2078 1962 2153; baseline 0.002 -21"><span class='ocrx_word' id='word_1_284' title='bbox 384 2081 415 2132; x_wconf 91' lang='lat'>6</span> <span class='ocrx_word' id='word_1_285' title='bbox 452 2079 708 2143; x_wconf 82' lang='grc' dir='ltr'>Στωϊκὸς,</span> <span class='ocrx_word' id='word_1_286' title='bbox 739 2079 833 2133; x_wconf 74' lang='grc' dir='ltr'>καὶ</span> <span class='ocrx_word' id='word_1_287' title='bbox 864 2078 1114 2150; x_wconf 74' lang='grc' dir='ltr'>Εὔδωρος</span> <span class='ocrx_word' id='word_1_288' title='bbox 1150 2079 1179 2133; x_wconf 92' lang='lat'>6</span> <span class='ocrx_word' id='word_1_289' title='bbox 1229 2081 1650 2153; x_wconf 84' lang='grc' dir='ltr'>Ἀκαδημαϊκὸς,</span> <span class='ocrx_word' id='word_1_290' title='bbox 1698 2082 1962 2135; x_wconf 85' lang='grc' dir='ltr'>οἰκεῖσθαί</span> 
     </span>
    </p>
   </div>
   <div class='ocr_carea' id='block_1_36' title="bbox 389 2168 1962 2244">
    <p class='ocr_par' dir='ltr' id='par_1_36' title="bbox 389 2168 1962 2244">
     <span class='ocr_line' id='line_1_36' title="bbox 389 2168 1962 2244; baseline 0.002 -23"><span class='ocrx_word' id='word_1_291' title='bbox 389 2185 522 2238; x_wconf 89' lang='grc' dir='ltr'>φασι</span> <span class='ocrx_word' id='word_1_292' title='bbox 560 2169 678 2243; x_wconf 31' lang='grc' dir='ltr'>τὴν.</span> <span class='ocrx_word' id='word_1_293' title='bbox 711 2168 1168 2243; x_wconf 79' lang='grc' dir='ltr'>διακεκαυμένην,</span> <span class='ocrx_word' id='word_1_294' title='bbox 1226 2173 1325 2243; x_wconf 82' lang='grc' dir='ltr'>τῆς</span> <span class='ocrx_word' id='word_1_295' title='bbox 1370 2175 1620 2242; x_wconf 88' lang='grc' dir='ltr'>κράσεως</span> <span class='ocrx_word' id='word_1_296' title='bbox 1661 2172 1752 2226; x_wconf 89' lang='grc' dir='ltr'>τοῦ</span> <span class='ocrx_word' id='word_1_297' title='bbox 1801 2172 1962 2244; x_wconf 86' lang='grc' dir='ltr'>ἀέρος</span> 
     </span>
    </p>
   </div>
   <div class='ocr_carea' id='block_1_37' title="bbox 387 2257 1963 2334">
    <p class='ocr_par' dir='ltr' id='par_1_37' title="bbox 387 2257 1963 2334">
     <span class='ocr_line' id='line_1_37' title="bbox 387 2257 1963 2334; baseline 0.003 -24"><span class='ocrx_word' id='word_1_298' title='bbox 387 2258 677 2329; x_wconf 88' lang='grc' dir='ltr'>γινομένης</span> <span class='ocrx_word' id='word_1_299' title='bbox 702 2258 765 2313; x_wconf 74' lang='grc' dir='ltr'>ἐκ</span> <span class='ocrx_word' id='word_1_300' title='bbox 813 2275 874 2312; x_wconf 92' lang='grc' dir='ltr'>τε</span> <span class='ocrx_word' id='word_1_301' title='bbox 910 2259 1001 2313; x_wconf 89' lang='grc' dir='ltr'>τοῦ</span> <span class='ocrx_word' id='word_1_302' title='bbox 1040 2261 1428 2334; x_wconf 81' lang='grc' dir='ltr'>σφοδροτέρους</span> <span class='ocrx_word' id='word_1_303' title='bbox 1455 2257 1591 2315; x_wconf 80' lang='grc' dir='ltr'>εἶναι</span> <span class='ocrx_word' id='word_1_304' title='bbox 1629 2264 1807 2315; x_wconf 81' lang='grc' dir='ltr'>ἐκεῖσε</span> <span class='ocrx_word' id='word_1_305' title='bbox 1836 2264 1963 2325; x_wconf 74' lang='grc' dir='ltr'>τοὺς</span> 
     </span>
    </p>
   </div>
   <div class='ocr_carea' id='block_1_38' title="bbox 390 2345 1983 2425">
    <p class='ocr_par' dir='ltr' id='par_1_38' title="bbox 390 2345 1983 2425">
     <span class='ocr_line' id='line_1_38' title="bbox 390 2345 1983 2425; baseline 0.003 -22"><span class='ocrx_word' id='word_1_306' title='bbox 390 2349 631 2421; x_wconf 75' lang='grc' dir='ltr'>ἐτησίας,</span> <span class='ocrx_word' id='word_1_307' title='bbox 665 2351 758 2404; x_wconf 78' lang='grc' dir='ltr'>καὶ</span> <span class='ocrx_word' id='word_1_308' title='bbox 787 2353 850 2403; x_wconf 81' lang='grc' dir='ltr'>ἐκ</span> <span class='ocrx_word' id='word_1_309' title='bbox 870 2350 963 2403; x_wconf 89' lang='grc' dir='ltr'>τοῦ</span> <span class='ocrx_word' id='word_1_310' title='bbox 984 2352 1082 2422; x_wconf 80' lang='grc' dir='ltr'>τὴν</span> <span class='ocrx_word' id='word_1_311' title='bbox 1114 2353 1387 2425; x_wconf 85' lang='grc' dir='ltr'>ἀναπνοὴν</span> <span class='ocrx_word' id='word_1_312' title='bbox 1414 2356 1528 2417; x_wconf 88' lang='grc' dir='ltr'>τοῖς</span> <span class='ocrx_word' id='word_1_313' title='bbox 1567 2354 1685 2407; x_wconf 80' lang='grc' dir='ltr'>ἐκεῖ</span> <span class='ocrx_word' id='word_1_314' title='bbox 1723 2345 1983 2425; x_wconf 75' lang='grc' dir='ltr'>μεγάλης</span> 
     </span>
    </p>
   </div>
   <div class='ocr_carea' id='block_1_39' title="bbox 388 2441 1963 2518">
    <p class='ocr_par' dir='ltr' id='par_1_39' title="bbox 388 2441 1963 2518">
     <span class='ocr_line' id='line_1_39' title="bbox 388 2441 1963 2518; baseline 0.002 -22"><span class='ocrx_word' id='word_1_315' title='bbox 388 2441 663 2511; x_wconf 83' lang='grc' dir='ltr'>θαλάσσης</span> <span class='ocrx_word' id='word_1_316' title='bbox 697 2442 947 2512; x_wconf 77' lang='grc' dir='ltr'>μιγνύναι</span> <span class='ocrx_word' id='word_1_317' title='bbox 967 2442 1064 2513; x_wconf 73' lang='grc' dir='ltr'>τὴν</span> <span class='ocrx_word' id='word_1_318' title='bbox 1103 2444 1467 2515; x_wconf 86' lang='grc' dir='ltr'>ἀναθυμίασιν</span> <span class='ocrx_word' id='word_1_319' title='bbox 1496 2445 1598 2515; x_wconf 78' lang='grc' dir='ltr'>τῆς</span> <span class='ocrx_word' id='word_1_320' title='bbox 1628 2445 1963 2518; x_wconf 82' lang='grc' dir='ltr'>ψυχρότητος</span> 
     </span>
    </p>
   </div>
   <div class='ocr_carea' id='block_1_40' title="bbox 389 2533 1963 2607">
    <p class='ocr_par' dir='ltr' id='par_1_40' title="bbox 389 2533 1963 2607">
     <span class='ocr_line' id='line_1_40' title="bbox 389 2533 1963 2607; baseline 0.003 -20"><span class='ocrx_word' id='word_1_321' title='bbox 389 2534 527 2605; x_wconf 73' lang='grc' dir='ltr'>πρὸς</span> <span class='ocrx_word' id='word_1_322' title='bbox 553 2533 650 2604; x_wconf 84' lang='grc' dir='ltr'>τὴν</span> <span class='ocrx_word' id='word_1_323' title='bbox 678 2534 781 2603; x_wconf 81' lang='grc' dir='ltr'>τῆς</span> <span class='ocrx_word' id='word_1_324' title='bbox 842 2534 1172 2607; x_wconf 84' lang='grc' dir='ltr'>θερμότητος</span> <span class='ocrx_word' id='word_1_325' title='bbox 1225 2536 1442 2607; x_wconf 87' lang='grc' dir='ltr'>κράσιν.</span> <span class='ocrx_word' id='word_1_326' title='bbox 1486 2538 1792 2592; x_wconf 85' lang='grc' dir='ltr'>Καλοῦνται</span> <span class='ocrx_word' id='word_1_327' title='bbox 1824 2539 1880 2593; x_wconf 82' lang='grc' dir='ltr'>δὲ</span> <span class='ocrx_word' id='word_1_328' title='bbox 1913 2540 1963 2592; x_wconf 92' lang='grc' dir='ltr'>οἱ</span> 
     </span>
    </p>
   </div>
   <div class='ocr_carea' id='block_1_41' title="bbox 387 2623 1965 2699">
    <p class='ocr_par' dir='ltr' id='par_1_41' title="bbox 387 2623 1965 2699">
     <span class='ocr_line' id='line_1_41' title="bbox 387 2623 1965 2699; baseline 0.003 -21"><span class='ocrx_word' id='word_1_329' title='bbox 387 2624 591 2689; x_wconf 86' lang='grc' dir='ltr'>ταύτας</span> <span class='ocrx_word' id='word_1_330' title='bbox 612 2623 886 2689; x_wconf 78' lang='grc' dir='ltr'>οἰκοῦντες</span> <span class='ocrx_word' id='word_1_331' title='bbox 905 2626 1003 2689; x_wconf 77' lang='grc' dir='ltr'>τὰς</span> <span class='ocrx_word' id='word_1_332' title='bbox 1022 2626 1196 2691; x_wconf 76' lang='grc' dir='ltr'>ζώνας</span> <span class='ocrx_word' id='word_1_333' title='bbox 1224 2628 1509 2699; x_wconf 86' lang='grc' dir='ltr'>περίοικοι,</span> <span class='ocrx_word' id='word_1_334' title='bbox 1532 2629 1789 2694; x_wconf 85' lang='grc' dir='ltr'>ἅντοικοι,</span> <span class='ocrx_word' id='word_1_335' title='bbox 1820 2630 1965 2684; x_wconf 90' lang='grc' dir='ltr'>ἀντί-</span> 
     </span>
    </p>
   </div>
   <div class='ocr_carea' id='block_1_42' title="bbox 387 2717 1965 2794">
    <p class='ocr_par' dir='ltr' id='par_1_42' title="bbox 387 2717 1965 2794">
     <span class='ocr_line' id='line_1_42' title="bbox 387 2717 1965 2794; baseline 0.004 -24"><span class='ocrx_word' id='word_1_336' title='bbox 387 2717 595 2788; x_wconf 86' lang='grc' dir='ltr'>χθονες,</span> <span class='ocrx_word' id='word_1_337' title='bbox 617 2718 914 2783; x_wconf 70' lang='grc' dir='ltr'>ἀντίποδες*</span> <span class='ocrx_word' id='word_1_338' title='bbox 937 2720 1202 2791; x_wconf 85' lang='grc' dir='ltr'>περίοικοι</span> <span class='ocrx_word' id='word_1_339' title='bbox 1222 2722 1319 2792; x_wconf 81' lang='grc' dir='ltr'>μὲν</span> <span class='ocrx_word' id='word_1_340' title='bbox 1331 2723 1380 2775; x_wconf 85' lang='grc' dir='ltr'>οἰ</span> <span class='ocrx_word' id='word_1_341' title='bbox 1394 2722 1492 2793; x_wconf 80' lang='grc' dir='ltr'>τὴν</span> <span class='ocrx_word' id='word_1_342' title='bbox 1509 2723 1677 2794; x_wconf 74' lang='grc' dir='ltr'>αὐτὴν</span> <span class='ocrx_word' id='word_1_343' title='bbox 1694 2724 1965 2788; x_wconf 75' lang='grc' dir='ltr'>οἰκοῦντες</span> 
     </span>
    </p>
   </div>
   <div class='ocr_carea' id='block_1_43' title="bbox 390 2807 1964 2881">
    <p class='ocr_par' dir='ltr' id='par_1_43' title="bbox 390 2807 1964 2881">
     <span class='ocr_line' id='line_1_43' title="bbox 390 2807 1964 2881; baseline 0.005 -21"><span class='ocrx_word' id='word_1_344' title='bbox 390 2807 587 2879; x_wconf 77' lang='grc' dir='ltr'>ζώνην,</span> <span class='ocrx_word' id='word_1_345' title='bbox 622 2807 710 2861; x_wconf 85' lang='grc' dir='ltr'>διὰ</span> <span class='ocrx_word' id='word_1_346' title='bbox 736 2808 797 2862; x_wconf 87' lang='grc' dir='ltr'>τδ</span> <span class='ocrx_word' id='word_1_347' title='bbox 822 2810 947 2881; x_wconf 70' lang='grc' dir='ltr'>περί⁵</span> <span class='ocrx_word' id='word_1_348' title='bbox 974 2810 1065 2863; x_wconf 80' lang='grc' dir='ltr'>τὸν</span> <span class='ocrx_word' id='word_1_349' title='bbox 1104 2812 1266 2867; x_wconf 81' lang='grc' dir='ltr'>αὐτὸν</span> <span class='ocrx_word' id='word_1_350' title='bbox 1291 2813 1460 2867; x_wconf 86' lang='grc' dir='ltr'>οἰκεῖν</span> <span class='ocrx_word' id='word_1_351' title='bbox 1492 2813 1652 2867; x_wconf 85' lang='grc' dir='ltr'>τόπον</span> <span class='ocrx_word' id='word_1_352' title='bbox 1675 2832 1688 2847; x_wconf 91' lang='grc'><strong>·</strong></span> <span class='ocrx_word' id='word_1_353' title='bbox 1728 2814 1964 2869; x_wconf 83' lang='grc' dir='ltr'>ἄντοικοι</span> 
     </span>
    </p>
   </div>
   <div class='ocr_carea' id='block_1_44' title="bbox 386 2901 1966 2977">
    <p class='ocr_par' dir='ltr' id='par_1_44' title="bbox 386 2901 1966 2977">
     <span class='ocr_line' id='line_1_44' title="bbox 386 2901 1966 2977; baseline 0.003 -22"><span class='ocrx_word' id='word_1_354' title='bbox 386 2901 446 2955; x_wconf 79' lang='grc' dir='ltr'>δὲ</span> <span class='ocrx_word' id='word_1_355' title='bbox 474 2901 723 2970; x_wconf 86' lang='grc' dir='ltr'>ἀλλήλοις</span> <span class='ocrx_word' id='word_1_356' title='bbox 749 2903 798 2957; x_wconf 87' lang='grc' dir='ltr'>οί</span> <span class='ocrx_word' id='word_1_357' title='bbox 837 2903 934 2974; x_wconf 80' lang='grc' dir='ltr'>τὴν</span> <span class='ocrx_word' id='word_1_358' title='bbox 958 2904 1051 2955; x_wconf 77' lang='grc' dir='ltr'>ὑπ’</span> <span class='ocrx_word' id='word_1_359' title='bbox 1076 2905 1360 2977; x_wconf 82' lang='grc' dir='ltr'>Αἰγόκερω</span> <span class='ocrx_word' id='word_1_360' title='bbox 1401 2903 1577 2977; x_wconf 80' lang='grc' dir='ltr'>ζώνην</span> <span class='ocrx_word' id='word_1_361' title='bbox 1601 2909 1713 2970; x_wconf 88' lang='grc' dir='ltr'>τοῖς</span> <span class='ocrx_word' id='word_1_362' title='bbox 1736 2906 1835 2977; x_wconf 88' lang='grc' dir='ltr'>τὴν</span> <span class='ocrx_word' id='word_1_363' title='bbox 1860 2906 1966 2960; x_wconf 82' lang='grc' dir='ltr'>ὑπὸ</span> 
     </span>
    </p>
   </div>
   <div class='ocr_carea' id='block_1_45' title="bbox 386 2992 1966 3067">
    <p class='ocr_par' dir='ltr' id='par_1_45' title="bbox 386 2992 1966 3067">
     <span class='ocr_line' id='line_1_45' title="bbox 386 2992 1966 3067; baseline 0.001 -22"><span class='ocrx_word' id='word_1_364' title='bbox 386 2993 479 3046; x_wconf 85' lang='grc' dir='ltr'>τόν</span> <span class='ocrx_word' id='word_1_365' title='bbox 505 2992 776 3063; x_wconf 80' lang='grc' dir='ltr'>Καρκίνον</span> <span class='ocrx_word' id='word_1_366' title='bbox 804 2992 1042 3046; x_wconf 86' lang='grc' dir='ltr'>οἰκοῦσιν</span> <span class='ocrx_word' id='word_1_367' title='bbox 1061 3009 1074 3023; x_wconf 90' lang='grc'><strong>·</strong></span> <span class='ocrx_word' id='word_1_368' title='bbox 1103 2994 1495 3065; x_wconf 81' lang='grc' dir='ltr'>ἀντίχθονεςδὲ,</span> <span class='ocrx_word' id='word_1_369' title='bbox 1525 2995 1574 3047; x_wconf 83' lang='grc' dir='ltr'>οἳ</span> <span class='ocrx_word' id='word_1_370' title='bbox 1599 2997 1655 3047; x_wconf 85' lang='grc' dir='ltr'>ἐν</span> <span class='ocrx_word' id='word_1_371' title='bbox 1676 2994 1751 3066; x_wconf 79' lang='grc' dir='ltr'>τῷ</span> <span class='ocrx_word' id='word_1_372' title='bbox 1771 2995 1966 3067; x_wconf 81' lang='grc' dir='ltr'>θερινῷ</span> 
     </span>
    </p>
   </div>
   <div class='ocr_carea' id='block_1_46' title="bbox 271 3081 1966 3155">
    <p class='ocr_par' dir='ltr' id='par_1_46' title="bbox 271 3081 1966 3155">
     <span class='ocr_line' id='line_1_46' title="bbox 271 3081 1966 3155; baseline 0.002 -20"><span class='ocrx_word' id='word_1_373' title='bbox 271 3116 277 3121; x_wconf 80' lang='lat'><strong><em>~</em></strong></span> <span class='ocrx_word' id='word_1_374' title='bbox 390 3083 425 3155; x_wconf 79' lang='grc' dir='ltr'><strong>ἦ</strong></span> <span class='ocrx_word' id='word_1_375' title='bbox 454 3081 751 3154; x_wconf 83' lang='grc' dir='ltr'>χειμερινῷ</span> <span class='ocrx_word' id='word_1_376' title='bbox 781 3083 1029 3154; x_wconf 86' lang='grc' dir='ltr'>τροπικῷ</span> <span class='ocrx_word' id='word_1_377' title='bbox 1056 3085 1316 3139; x_wconf 83' lang='grc' dir='ltr'>οἰκοῦσιν.</span> <span class='ocrx_word' id='word_1_378' title='bbox 1349 3086 1496 3139; x_wconf 72' lang='grc' dir='ltr'>Ἀνω</span> <span class='ocrx_word' id='word_1_379' title='bbox 1524 3086 1580 3139; x_wconf 87' lang='grc' dir='ltr'>δὲ</span> <span class='ocrx_word' id='word_1_380' title='bbox 1613 3089 1660 3140; x_wconf 79' lang='grc' dir='ltr'>οἰ</span> <span class='ocrx_word' id='word_1_381' title='bbox 1696 3088 1966 3140; x_wconf 68' lang='grc' dir='ltr'>αὐτοίκαὶ</span> 
     </span>
    </p>
   </div>
   <div class='ocr_carea' id='block_1_47' title="bbox 390 3173 1962 3249">
    <p class='ocr_par' dir='ltr' id='par_1_47' title="bbox 390 3173 1962 3249">
     <span class='ocr_line' id='line_1_47' title="bbox 390 3173 1962 3249; baseline 0.002 -20"><span class='ocrx_word' id='word_1_382' title='bbox 390 3176 699 3246; x_wconf 79' lang='grc' dir='ltr'>ἀντίχθονες</span> <span class='ocrx_word' id='word_1_383' title='bbox 752 3173 1036 3243; x_wconf 76' lang='grc' dir='ltr'>λέγονταιο</span> <span class='ocrx_word' id='word_1_384' title='bbox 1086 3177 1394 3247; x_wconf 80' lang='grc' dir='ltr'>ἁντίχθονες</span> <span class='ocrx_word' id='word_1_385' title='bbox 1461 3177 1581 3249; x_wconf 82' lang='grc' dir='ltr'>μὲν,</span> <span class='ocrx_word' id='word_1_386' title='bbox 1632 3178 1720 3232; x_wconf 84' lang='grc' dir='ltr'>διὰ</span> <span class='ocrx_word' id='word_1_387' title='bbox 1764 3179 1825 3231; x_wconf 84' lang='grc' dir='ltr'>τὸ</span> <span class='ocrx_word' id='word_1_388' title='bbox 1853 3179 1962 3233; x_wconf 85' lang='grc' dir='ltr'>ἄνω</span> 
     </span>
    </p>
   </div>
   <div class='ocr_carea' id='block_1_48' title="bbox 2061 1983 3634 2058">
    <p class='ocr_par' dir='ltr' id='par_1_48' title="bbox 2061 1983 3634 2058">
     <span class='ocr_line' id='line_1_48' title="bbox 2061 1983 3634 2058; baseline 0.001 -18"><span class='ocrx_word' id='word_1_389' title='bbox 2061 1988 2160 2051; x_wconf 76' lang='grc' dir='ltr'>τὰς</span> <span class='ocrx_word' id='word_1_390' title='bbox 2172 1987 2382 2057; x_wconf 86' lang='grc' dir='ltr'>δυσμάς</span> <span class='ocrx_word' id='word_1_391' title='bbox 2401 1998 2415 2013; x_wconf 85' lang='grc'><strong><em>⁸</em></strong></span> <span class='ocrx_word' id='word_1_392' title='bbox 2438 1986 2466 2038; x_wconf 92' lang='lat'>6</span> <span class='ocrx_word' id='word_1_393' title='bbox 2481 1985 2538 2037; x_wconf 82' lang='grc' dir='ltr'>δὲ</span> <span class='ocrx_word' id='word_1_394' title='bbox 2557 1984 2707 2056; x_wconf 77' lang='grc' dir='ltr'>ἣλιος</span> <span class='ocrx_word' id='word_1_395' title='bbox 2723 1987 2814 2038; x_wconf 81' lang='grc' dir='ltr'>καὶ</span> <span class='ocrx_word' id='word_1_396' title='bbox 2826 1983 2872 2037; x_wconf 87' lang='grc' dir='ltr'>οἰ</span> <span class='ocrx_word' id='word_1_397' title='bbox 2890 1985 3063 2038; x_wconf 77' lang='grc' dir='ltr'>λοιποὶ</span> <span class='ocrx_word' id='word_1_398' title='bbox 3081 1985 3348 2056; x_wconf 86' lang='grc' dir='ltr'>πλάνητες</span> <span class='ocrx_word' id='word_1_399' title='bbox 3362 1986 3458 2058; x_wconf 80' lang='grc' dir='ltr'>τὴν</span> <span class='ocrx_word' id='word_1_400' title='bbox 3479 1989 3634 2042; x_wconf 81' lang='grc' dir='ltr'>ἐναν-</span> 
     </span>
    </p>
   </div>
   <div class='ocr_carea' id='block_1_49' title="bbox 2063 2076 3632 2147">
    <p class='ocr_par' dir='ltr' id='par_1_49' title="bbox 2063 2076 3632 2147">
     <span class='ocr_line' id='line_1_49' title="bbox 2063 2076 3632 2147; baseline -0.001 -15"><span class='ocrx_word' id='word_1_401' title='bbox 2063 2079 2203 2141; x_wconf 82' lang='grc' dir='ltr'>τίαν,</span> <span class='ocrx_word' id='word_1_402' title='bbox 2220 2079 2494 2131; x_wconf 84' lang='grc' dir='ltr'>τουτέστιν</span> <span class='ocrx_word' id='word_1_403' title='bbox 2507 2077 2616 2132; x_wconf 83' lang='grc' dir='ltr'>ἀπὺ</span> <span class='ocrx_word' id='word_1_404' title='bbox 2631 2077 2739 2131; x_wconf 87' lang='grc' dir='ltr'>τῶν</span> <span class='ocrx_word' id='word_1_405' title='bbox 2767 2076 2983 2147; x_wconf 82' lang='grc' dir='ltr'>δυσμῶν</span> <span class='ocrx_word' id='word_1_406' title='bbox 3018 2078 3109 2132; x_wconf 77' lang='grc' dir='ltr'>ἐπὶ</span> <span class='ocrx_word' id='word_1_407' title='bbox 3127 2079 3226 2141; x_wconf 80' lang='grc' dir='ltr'>τάς</span> <span class='ocrx_word' id='word_1_408' title='bbox 3253 2079 3534 2143; x_wconf 85' lang='grc' dir='ltr'>ἀνατολάς·</span> <span class='ocrx_word' id='word_1_409' title='bbox 3555 2079 3632 2144; x_wconf 87' lang='grc' dir='ltr'>ὡς</span> 
     </span>
    </p>
   </div>
   <div class='ocr_carea' id='block_1_50' title="bbox 2064 2167 3629 2242">
    <p class='ocr_par' dir='ltr' id='par_1_50' title="bbox 2064 2167 3629 2242">
     <span class='ocr_line' id='line_1_50' title="bbox 2064 2167 3629 2242; baseline 0 -17"><span class='ocrx_word' id='word_1_410' title='bbox 2064 2167 2203 2225; x_wconf 83' lang='grc' dir='ltr'>εἶναι</span> <span class='ocrx_word' id='word_1_411' title='bbox 2220 2170 2411 2241; x_wconf 80' lang='grc' dir='ltr'>διπλῆν</span> <span class='ocrx_word' id='word_1_412' title='bbox 2436 2169 2648 2240; x_wconf 78' lang='grc' dir='ltr'>κίνησιν</span> <span class='ocrx_word' id='word_1_413' title='bbox 2676 2168 2823 2239; x_wconf 81' lang='grc' dir='ltr'>αὐτῷ</span> <span class='ocrx_word' id='word_1_414' title='bbox 2857 2185 2921 2238; x_wconf 91' lang='grc' dir='ltr'>γε</span> <span class='ocrx_word' id='word_1_415' title='bbox 2948 2169 3016 2234; x_wconf 65' lang='grc'>⁸⁸,</span> <span class='ocrx_word' id='word_1_416' title='bbox 3038 2170 3136 2241; x_wconf 79' lang='grc' dir='ltr'>τὴν</span> <span class='ocrx_word' id='word_1_417' title='bbox 3165 2170 3262 2240; x_wconf 80' lang='grc' dir='ltr'>μὲν</span> <span class='ocrx_word' id='word_1_418' title='bbox 3294 2170 3629 2242; x_wconf 75' lang='grc' dir='ltr'>ἐρχομένων,</span> 
     </span>
    </p>
   </div>
   <div class='ocr_carea' id='block_1_51' title="bbox 2063 2250 3630 2331">
    <p class='ocr_par' dir='ltr' id='par_1_51' title="bbox 2063 2250 3630 2331">
     <span class='ocr_line' id='line_1_51' title="bbox 2063 2250 3630 2331; baseline 0 -18"><span class='ocrx_word' id='word_1_419' title='bbox 2063 2260 2164 2330; x_wconf 81' lang='grc' dir='ltr'>τὴν</span> <span class='ocrx_word' id='word_1_420' title='bbox 2180 2260 2236 2313; x_wconf 88' lang='grc' dir='ltr'>δὲ</span> <span class='ocrx_word' id='word_1_421' title='bbox 2257 2258 2570 2331; x_wconf 79' lang='grc' dir='ltr'>φερομένων</span> <span class='ocrx_word' id='word_1_422' title='bbox 2593 2257 2845 2312; x_wconf 55' lang='lat' dir='ltr'>meum</span> <span class='ocrx_word' id='word_1_423' title='bbox 2864 2258 2956 2312; x_wconf 87' lang='grc' dir='ltr'>τοῦ</span> <span class='ocrx_word' id='word_1_424' title='bbox 2973 2250 3191 2330; x_wconf 72' lang='grc' dir='ltr'>τροχοῦ,</span> <span class='ocrx_word' id='word_1_425' title='bbox 3209 2259 3303 2312; x_wconf 59' lang='grc' dir='ltr'>καὶ¹</span> <span class='ocrx_word' id='word_1_426' title='bbox 3322 2259 3630 2331; x_wconf 76' lang='grc' dir='ltr'>μύρμηκος,</span> 
     </span>
    </p>
   </div>
   <div class='ocr_carea' id='block_1_52' title="bbox 2065 2350 3632 2426">
    <p class='ocr_par' dir='ltr' id='par_1_52' title="bbox 2065 2350 3632 2426">
     <span class='ocr_line' id='line_1_52' title="bbox 2065 2350 3632 2426; baseline 0.001 -20"><span class='ocrx_word' id='word_1_427' title='bbox 2065 2354 2159 2406; x_wconf 74' lang='grc' dir='ltr'>καὶ</span> <span class='ocrx_word' id='word_1_428' title='bbox 2175 2352 2274 2422; x_wconf 83' lang='grc' dir='ltr'>τῆς</span> <span class='ocrx_word' id='word_1_429' title='bbox 2285 2353 2430 2423; x_wconf 81' lang='grc' dir='ltr'>νηὸς,</span> <span class='ocrx_word' id='word_1_430' title='bbox 2458 2350 2551 2406; x_wconf 77' lang='grc' dir='ltr'>καὶ</span> <span class='ocrx_word' id='word_1_431' title='bbox 2567 2351 2661 2404; x_wconf 92' lang='grc' dir='ltr'>τοῦ</span> <span class='ocrx_word' id='word_1_432' title='bbox 2677 2350 2890 2423; x_wconf 67' lang='grc' dir='ltr'>ὲνξαύτῇ</span> <span class='ocrx_word' id='word_1_433' title='bbox 2914 2352 3051 2422; x_wconf 83' lang='grc' dir='ltr'>πρὸς</span> <span class='ocrx_word' id='word_1_434' title='bbox 3078 2353 3176 2424; x_wconf 80' lang='grc' dir='ltr'>τὴν</span> <span class='ocrx_word' id='word_1_435' title='bbox 3192 2353 3441 2408; x_wconf 80' lang='grc' dir='ltr'>ἐναντίαν</span> <span class='ocrx_word' id='word_1_436' title='bbox 3463 2355 3632 2426; x_wconf 77' lang='grc' dir='ltr'>αὐτῆς</span> 
     </span>
    </p>
   </div>
   <div class='ocr_carea' id='block_1_53' title="bbox 2067 2442 3636 2518">
    <p class='ocr_par' dir='ltr' id='par_1_53' title="bbox 2067 2442 3636 2518">
     <span class='ocr_line' id='line_1_53' title="bbox 2067 2442 3636 2518; baseline 0.003 -22"><span class='ocrx_word' id='word_1_437' title='bbox 2067 2442 2237 2515; x_wconf 87' lang='grc' dir='ltr'>φοράν</span> <span class='ocrx_word' id='word_1_438' title='bbox 2261 2442 2476 2514; x_wconf 74' lang='grc' dir='ltr'>ἔχοντος</span> <span class='ocrx_word' id='word_1_439' title='bbox 2524 2442 2889 2515; x_wconf 82' lang='grc' dir='ltr'>παράδειγμα.</span> <span class='ocrx_word' id='word_1_440' title='bbox 2923 2444 3194 2515; x_wconf 84' lang='grc' dir='ltr'>Πεποίηκε</span> <span class='ocrx_word' id='word_1_441' title='bbox 3230 2444 3287 2498; x_wconf 77' lang='grc' dir='ltr'>δὲ</span> <span class='ocrx_word' id='word_1_442' title='bbox 3307 2445 3464 2499; x_wconf 91' lang='grc' dir='ltr'>τοῦτο</span> <span class='ocrx_word' id='word_1_443' title='bbox 3492 2448 3520 2499; x_wconf 91' lang='lat'>6</span> <span class='ocrx_word' id='word_1_444' title='bbox 3541 2446 3636 2518; x_wconf 90' lang='grc' dir='ltr'>δη-</span> 
     </span>
    </p>
   </div>
   <div class='ocr_carea' id='block_1_54' title="bbox 2070 2535 3634 2608">
    <p class='ocr_par' dir='ltr' id='par_1_54' title="bbox 2070 2535 3634 2608">
     <span class='ocr_line' id='line_1_54' title="bbox 2070 2535 3634 2608; baseline 0.003 -20"><span class='ocrx_word' id='word_1_445' title='bbox 2070 2535 2343 2607; x_wconf 70' lang='grc' dir='ltr'>μιουργὸς,</span> <span class='ocrx_word' id='word_1_446' title='bbox 2373 2536 2458 2588; x_wconf 77' lang='grc' dir='ltr'>ἶνα</span> <span class='ocrx_word' id='word_1_447' title='bbox 2489 2535 2564 2606; x_wconf 82' lang='grc' dir='ltr'>μὴ</span> <span class='ocrx_word' id='word_1_448' title='bbox 2596 2536 2980 2607; x_wconf 85' lang='grc' dir='ltr'>μεταρυμῆσαι</span> <span class='ocrx_word' id='word_1_449' title='bbox 3013 2535 3060 2566; x_wconf 75' lang='grc'>⁸⁸</span> <span class='ocrx_word' id='word_1_450' title='bbox 3099 2537 3396 2608; x_wconf 87' lang='grc' dir='ltr'>φερόμενον</span> <span class='ocrx_word' id='word_1_451' title='bbox 3434 2538 3497 2592; x_wconf 79' lang='grc' dir='ltr'>τὸ</span> <span class='ocrx_word' id='word_1_452' title='bbox 3526 2541 3634 2593; x_wconf 79' lang='grc' dir='ltr'>πᾶν</span> 
     </span>
    </p>
   </div>
   <div class='ocr_carea' id='block_1_55' title="bbox 2066 2627 3635 2702">
    <p class='ocr_par' dir='ltr' id='par_1_55' title="bbox 2066 2627 3635 2702">
     <span class='ocr_line' id='line_1_55' title="bbox 2066 2627 3635 2702; baseline 0.004 -23"><span class='ocrx_word' id='word_1_453' title='bbox 2066 2628 2502 2699; x_wconf 76' lang='grc' dir='ltr'>ἑτεροκλινησίαν</span> <span class='ocrx_word' id='word_1_454' title='bbox 2528 2627 2626 2699; x_wconf 82' lang='grc' dir='ltr'>τὴν</span> <span class='ocrx_word' id='word_1_455' title='bbox 2658 2629 2870 2699; x_wconf 85' lang='grc' dir='ltr'>κίνησιν</span> <span class='ocrx_word' id='word_1_456' title='bbox 2919 2628 3038 2699; x_wconf 83' lang='grc' dir='ltr'>ἔχον</span> <span class='ocrx_word' id='word_1_457' title='bbox 3078 2630 3340 2702; x_wconf 66' lang='grc' dir='ltr'>σφοδράν*</span> <span class='ocrx_word' id='word_1_458' title='bbox 3382 2631 3635 2687; x_wconf 84' lang='grc' dir='ltr'>ἀνθελκό-</span> 
     </span>
    </p>
   </div>
   <div class='ocr_carea' id='block_1_56' title="bbox 2070 2719 3634 2796">
    <p class='ocr_par' dir='ltr' id='par_1_56' title="bbox 2070 2719 3634 2796">
     <span class='ocr_line' id='line_1_56' title="bbox 2070 2719 3634 2796; baseline 0.003 -23"><span class='ocrx_word' id='word_1_459' title='bbox 2070 2738 2228 2792; x_wconf 92' lang='grc' dir='ltr'>μενον</span> <span class='ocrx_word' id='word_1_460' title='bbox 2260 2719 2338 2781; x_wconf 78' lang='grc' dir='ltr'>δὲ.</span> <span class='ocrx_word' id='word_1_461' title='bbox 2373 2721 2468 2773; x_wconf 58' lang='grc' dir='ltr'>καὶ¹</span> <span class='ocrx_word' id='word_1_462' title='bbox 2497 2721 2595 2790; x_wconf 81' lang='grc' dir='ltr'>τῆς</span> <span class='ocrx_word' id='word_1_463' title='bbox 2624 2720 2836 2774; x_wconf 79' lang='grc' dir='ltr'>ἐντόνου</span> <span class='ocrx_word' id='word_1_464' title='bbox 2859 2723 3029 2792; x_wconf 71' lang='grc' dir='ltr'>φορᾶς</span> <span class='ocrx_word' id='word_1_465' title='bbox 3056 2722 3372 2794; x_wconf 88' lang='grc' dir='ltr'>μειούμενον</span> <span class='ocrx_word' id='word_1_466' title='bbox 3414 2726 3479 2796; x_wconf 82' lang='grc' dir='ltr'>τῇ</span> <span class='ocrx_word' id='word_1_467' title='bbox 3523 2724 3634 2779; x_wconf 90' lang='grc' dir='ltr'>τῶν</span> 
     </span>
    </p>
   </div>
   <div class='ocr_carea' id='block_1_57' title="bbox 2068 2811 3635 2887">
    <p class='ocr_par' dir='ltr' id='par_1_57' title="bbox 2068 2811 3635 2887">
     <span class='ocr_line' id='line_1_57' title="bbox 2068 2811 3635 2887; baseline 0.002 -19"><span class='ocrx_word' id='word_1_468' title='bbox 2068 2812 2352 2885; x_wconf 85' lang='grc' dir='ltr'>πλανητῶν</span> <span class='ocrx_word' id='word_1_469' title='bbox 2388 2811 2524 2885; x_wconf 79' lang='grc' dir='ltr'>πρὸς</span> <span class='ocrx_word' id='word_1_470' title='bbox 2568 2812 2875 2867; x_wconf 83' lang='grc' dir='ltr'>τούναντίον</span> <span class='ocrx_word' id='word_1_471' title='bbox 2900 2813 3052 2885; x_wconf 84' lang='grc' dir='ltr'>ὁλκῇ,</span> <span class='ocrx_word' id='word_1_472' title='bbox 3092 2815 3515 2887; x_wconf 80' lang='grc' dir='ltr'>εὐσταθεστέραν</span> <span class='ocrx_word' id='word_1_473' title='bbox 3533 2818 3635 2887; x_wconf 68' lang='grc' dir='ltr'>τῆς</span> 
     </span>
    </p>
   </div>
   <div class='ocr_carea' id='block_1_58' title="bbox 2066 2904 3636 2979">
    <p class='ocr_par' dir='ltr' id='par_1_58' title="bbox 2066 2904 3636 2979">
     <span class='ocr_line' id='line_1_58' title="bbox 2066 2904 3636 2979; baseline 0.001 -20"><span class='ocrx_word' id='word_1_474' title='bbox 2066 2906 2330 2977; x_wconf 85' lang='grc' dir='ltr'>κινήσεως</span> <span class='ocrx_word' id='word_1_475' title='bbox 2375 2904 2471 2975; x_wconf 82' lang='grc' dir='ltr'>τὴν</span> <span class='ocrx_word' id='word_1_476' title='bbox 2503 2905 2679 2977; x_wconf 83' lang='grc' dir='ltr'>ὁρμὴν</span> <span class='ocrx_word' id='word_1_477' title='bbox 2717 2904 3001 2975; x_wconf 81' lang='grc' dir='ltr'>λαμϐάνοι.</span> <span class='ocrx_word' id='word_1_478' title='bbox 3035 2906 3123 2970; x_wconf 77' lang='grc' dir='ltr'>Ὠς</span> <span class='ocrx_word' id='word_1_479' title='bbox 3143 2907 3200 2960; x_wconf 84' lang='grc' dir='ltr'>δὲ</span> <span class='ocrx_word' id='word_1_480' title='bbox 3236 2909 3282 2960; x_wconf 87' lang='grc' dir='ltr'>οἱ</span> <span class='ocrx_word' id='word_1_481' title='bbox 3319 2906 3475 2979; x_wconf 86' lang='grc' dir='ltr'>μῦθοι</span> <span class='ocrx_word' id='word_1_482' title='bbox 3504 2909 3636 2962; x_wconf 82' lang='grc' dir='ltr'>παί-</span> 
     </span>
    </p>
   </div>
   <div class='ocr_carea' id='block_1_59' title="bbox 2067 2997 3636 3069">
    <p class='ocr_par' dir='ltr' id='par_1_59' title="bbox 2067 2997 3636 3069">
     <span class='ocr_line' id='line_1_59' title="bbox 2067 2997 3636 3069; baseline 0.002 -20"><span class='ocrx_word' id='word_1_483' title='bbox 2067 2998 2267 3061; x_wconf 85' lang='grc' dir='ltr'>ζουσιν,</span> <span class='ocrx_word' id='word_1_484' title='bbox 2324 2997 2646 3069; x_wconf 79' lang='grc' dir='ltr'>ἀπεστράφη</span> <span class='ocrx_word' id='word_1_485' title='bbox 2689 2997 2859 3051; x_wconf 87' lang='grc' dir='ltr'>ταῦτα</span> <span class='ocrx_word' id='word_1_486' title='bbox 2916 2998 2984 3052; x_wconf 79' lang='grc' dir='ltr'>τά</span> <span class='ocrx_word' id='word_1_487' title='bbox 3042 2999 3215 3068; x_wconf 84' lang='grc' dir='ltr'>ἄστρα</span> <span class='ocrx_word' id='word_1_488' title='bbox 3256 2999 3326 3052; x_wconf 88' lang='grc' dir='ltr'>τά</span> <span class='ocrx_word' id='word_1_489' title='bbox 3376 2998 3636 3052; x_wconf 82' lang='grc' dir='ltr'>Θυέστεια</span> 
     </span>
    </p>
   </div>
   <div class='ocr_carea' id='block_1_60' title="bbox 2066 3085 3635 3158">
    <p class='ocr_par' dir='ltr' id='par_1_60' title="bbox 2066 3085 3635 3158">
     <span class='ocr_line' id='line_1_60' title="bbox 2066 3085 3635 3158; baseline -0.001 -18"><span class='ocrx_word' id='word_1_490' title='bbox 2066 3087 2275 3147; x_wconf 84' lang='grc' dir='ltr'>δεῖπνα.</span> <span class='ocrx_word' id='word_1_491' title='bbox 2306 3088 2399 3139; x_wconf 89' lang='grc' dir='ltr'>καί</span> <span class='ocrx_word' id='word_1_492' title='bbox 2440 3086 2623 3157; x_wconf 76' lang='grc' dir='ltr'>ἔμεινε</span> <span class='ocrx_word' id='word_1_493' title='bbox 2667 3089 2733 3157; x_wconf 80' lang='grc' dir='ltr'>τῇ</span> <span class='ocrx_word' id='word_1_494' title='bbox 2775 3088 2915 3158; x_wconf 79' lang='grc' dir='ltr'>φορᾷ</span> <span class='ocrx_word' id='word_1_495' title='bbox 2948 3085 3291 3156; x_wconf 84' lang='grc' dir='ltr'>πλανώμενα.</span> <span class='ocrx_word' id='word_1_496' title='bbox 3333 3087 3424 3138; x_wconf 89' lang='grc' dir='ltr'>Δεῖ</span> <span class='ocrx_word' id='word_1_497' title='bbox 3447 3086 3503 3139; x_wconf 82' lang='grc' dir='ltr'>δὲ</span> <span class='ocrx_word' id='word_1_498' title='bbox 3544 3086 3635 3139; x_wconf 77' lang='grc' dir='ltr'>τὸν</span> 
     </span>
    </p>
   </div>
   <div class='ocr_carea' id='block_1_61' title="bbox 2068 3177 3636 3251">
    <p class='ocr_par' dir='ltr' id='par_1_61' title="bbox 2068 3177 3636 3251">
     <span class='ocr_line' id='line_1_61' title="bbox 2068 3177 3636 3251; baseline -0.002 -19"><span class='ocrx_word' id='word_1_499' title='bbox 2068 3178 2165 3250; x_wconf 83' lang='grc' dir='ltr'>τὴν</span> <span class='ocrx_word' id='word_1_500' title='bbox 2221 3182 2456 3251; x_wconf 79' lang='grc' dir='ltr'>σφαῖραν</span> <span class='ocrx_word' id='word_1_501' title='bbox 2491 3178 2854 3249; x_wconf 78' lang='grc' dir='ltr'>ἐξηγούμενον</span> <span class='ocrx_word' id='word_1_502' title='bbox 2878 3180 2971 3232; x_wconf 78' lang='grc' dir='ltr'>ἀπ’</span> <span class='ocrx_word' id='word_1_503' title='bbox 2996 3180 3267 3233; x_wconf 87' lang='grc' dir='ltr'>ἀνατολῶν</span> <span class='ocrx_word' id='word_1_504' title='bbox 3293 3178 3387 3230; x_wconf 76' lang='grc' dir='ltr'>ἐπὶ</span> <span class='ocrx_word' id='word_1_505' title='bbox 3424 3177 3636 3249; x_wconf 73' lang='grc' dir='ltr'>δυσμὰς</span> 
     </span>
    </p>
   </div>
   <div class='ocr_carea' id='block_1_62' title="bbox 390 3248 3635 3343">
    <p class='ocr_par' dir='ltr' id='par_1_62' title="bbox 390 3248 3635 3343">
     <span class='ocr_line' id='line_1_62' title="bbox 390 3248 3635 3343; baseline 0.001 -25"><span class='ocrx_word' id='word_1_506' title='bbox 390 3261 527 3319; x_wconf 79' lang='grc' dir='ltr'>εἶναι</span> <span class='ocrx_word' id='word_1_507' title='bbox 555 3266 647 3319; x_wconf 75' lang='grc' dir='ltr'>καὶ</span> <span class='ocrx_word' id='word_1_508' title='bbox 670 3265 819 3318; x_wconf 75' lang='grc' dir='ltr'>κάτω</span> <span class='ocrx_word' id='word_1_509' title='bbox 840 3280 854 3294; x_wconf 82' lang='grc'><em>’</em></span> <span class='ocrx_word' id='word_1_510' title='bbox 881 3264 1162 3329; x_wconf 86' lang='grc' dir='ltr'>ἀντίποδες</span> <span class='ocrx_word' id='word_1_511' title='bbox 1188 3268 1244 3321; x_wconf 86' lang='grc' dir='ltr'>δὲ</span> <span class='ocrx_word' id='word_1_512' title='bbox 1273 3267 1361 3321; x_wconf 75' lang='grc' dir='ltr'>διὰ</span> <span class='ocrx_word' id='word_1_513' title='bbox 1387 3248 1604 3339; x_wconf 28' lang='grc' dir='ltr'>τὺεκατά</span> <span class='ocrx_word' id='word_1_514' title='bbox 1621 3268 1844 3323; x_wconf 88' lang='grc' dir='ltr'>κάθετον</span> <span class='ocrx_word' id='word_1_515' title='bbox 1873 3270 1967 3324; x_wconf 90' lang='grc' dir='ltr'>ἀλ-</span> <span class='ocrx_word' id='word_1_516' title='bbox 1992 3248 2035 3304; x_wconf 76' lang='lat' dir='ltr'>C</span> <span class='ocrx_word' id='word_1_517' title='bbox 2071 3248 2239 3343; x_wconf 78' lang='grc' dir='ltr'>αύτὴν</span> <span class='ocrx_word' id='word_1_518' title='bbox 2271 3248 2460 3335; x_wconf 76' lang='grc' dir='ltr'>κινεῖν,</span> <span class='ocrx_word' id='word_1_519' title='bbox 2491 3248 2754 3335; x_wconf 67' lang='grc' dir='ltr'>ἀνατολὰς</span> <span class='ocrx_word' id='word_1_520' title='bbox 2800 3271 3143 3342; x_wconf 78' lang='grc' dir='ltr'>λαμϐάνοντα</span> <span class='ocrx_word' id='word_1_521' title='bbox 3179 3271 3276 3343; x_wconf 85' lang='grc' dir='ltr'>τὴν</span> <span class='ocrx_word' id='word_1_522' title='bbox 3308 3270 3447 3326; x_wconf 86' lang='grc' dir='ltr'>κατά</span> <span class='ocrx_word' id='word_1_523' title='bbox 3470 3270 3635 3342; x_wconf 72' lang='grc' dir='ltr'>πρόσ-</span> 
     </span>
    </p>
   </div>
   <div class='ocr_carea' id='block_1_63' title="bbox 388 3356 1961 3432">
    <p class='ocr_par' dir='ltr' id='par_1_63' title="bbox 388 3356 1961 3432">
     <span class='ocr_line' id='line_1_63' title="bbox 388 3356 1961 3432; baseline 0.003 -21"><span class='ocrx_word' id='word_1_524' title='bbox 388 3357 565 3430; x_wconf 88' lang='grc' dir='ltr'>λή).ων</span> <span class='ocrx_word' id='word_1_525' title='bbox 612 3358 818 3411; x_wconf 62' lang='grc' dir='ltr'>στῆναι.</span> <span class='ocrx_word' id='word_1_526' title='bbox 881 3356 1168 3429; x_wconf 88' lang='grc' dir='ltr'>Συντόμως</span> <span class='ocrx_word' id='word_1_527' title='bbox 1195 3360 1251 3414; x_wconf 81' lang='grc' dir='ltr'>δὲ</span> <span class='ocrx_word' id='word_1_528' title='bbox 1290 3362 1483 3425; x_wconf 86' lang='grc' dir='ltr'>εἰπεῖν,</span> <span class='ocrx_word' id='word_1_529' title='bbox 1514 3361 1564 3414; x_wconf 87' lang='grc' dir='ltr'>οἰ</span> <span class='ocrx_word' id='word_1_530' title='bbox 1599 3361 1961 3432; x_wconf 86' lang='grc' dir='ltr'>περίοικοιτά</span> 
     </span>
    </p>
   </div>
   <div class='ocr_carea' id='block_1_64' title="bbox 461 3447 2044 3536">
    <p class='ocr_par' dir='ltr' id='par_1_64' title="bbox 461 3447 2044 3536">
     <span class='ocr_line' id='line_1_64' title="bbox 461 3447 2044 3536; baseline -0.002 -25"><span class='ocrx_word' id='word_1_531' title='bbox 461 3454 506 3485; x_wconf 72' lang='grc'>³⁰</span> <span class='ocrx_word' id='word_1_532' title='bbox 536 3453 575 3522; x_wconf 83' lang='lat' dir='ltr'>f.</span> <span class='ocrx_word' id='word_1_533' title='bbox 606 3447 733 3536; x_wconf 56' lang='grc' dir='ltr'>ἐχ</span> <span class='ocrx_word' id='word_1_534' title='bbox 751 3449 927 3536; x_wconf 56' lang='grc' dir='ltr'>Κριῷ.</span> <span class='ocrx_word' id='word_1_535' title='bbox 1003 3457 1045 3487; x_wconf 70' lang='grc' dir='ltr'>δι</span> <span class='ocrx_word' id='word_1_536' title='bbox 1078 3453 1200 3525; x_wconf 85' lang='lat' dir='ltr'>Leg.</span> <span class='ocrx_word' id='word_1_537' title='bbox 1235 3459 1291 3510; x_wconf 77' lang='grc' dir='ltr'>ἐν</span> <span class='ocrx_word' id='word_1_538' title='bbox 1324 3456 1433 3523; x_wconf 79' lang='grc' dir='ltr'>δεξ.</span> <span class='ocrx_word' id='word_1_539' title='bbox 1510 3458 1555 3489; x_wconf 69' lang='grc' dir='ltr'>δ’</span> <span class='ocrx_word' id='word_1_540' title='bbox 1588 3456 1629 3526; x_wconf 81' lang='lat' dir='ltr'>f.</span> <span class='ocrx_word' id='word_1_541' title='bbox 1665 3455 1937 3528; x_wconf 83' lang='grc' dir='ltr'>ᾠκοῦμεν,</span> <span class='ocrx_word' id='word_1_542' title='bbox 1968 3456 2044 3510; x_wconf 83' lang='grc' dir='ltr'>ὲν.</span> 
     </span>
    </p>
   </div>
   <div class='ocr_carea' id='block_1_65' title="bbox 391 3522 907 3594">
    <p class='ocr_par' dir='ltr' id='par_1_65' title="bbox 391 3522 907 3594">
     <span class='ocr_line' id='line_1_65' title="bbox 391 3522 907 3594; baseline -0.002 -18"><span class='ocrx_word' id='word_1_543' title='bbox 391 3539 500 3577; x_wconf 83' lang='lat' dir='ltr'>cor.</span> <span class='ocrx_word' id='word_1_544' title='bbox 533 3522 668 3593; x_wconf 81' lang='grc' dir='ltr'>μετά</span> <span class='ocrx_word' id='word_1_545' title='bbox 708 3522 907 3594; x_wconf 78' lang='grc' dir='ltr'>ῥύμης.</span> 
     </span>
    </p>
   </div>
   <div class='ocr_carea' id='block_1_66' title="bbox 2067 3361 3049 3433">
    <p class='ocr_par' dir='ltr' id='par_1_66' title="bbox 2067 3361 3049 3433">
     <span class='ocr_line' id='line_1_66' title="bbox 2067 3361 3049 3433; baseline 0.002 -18"><span class='ocrx_word' id='word_1_546' title='bbox 2067 3381 2214 3415; x_wconf 86' lang='grc' dir='ltr'>ωπον</span> <span class='ocrx_word' id='word_1_547' title='bbox 2242 3361 2404 3415; x_wconf 78' lang='grc' dir='ltr'>αὐτοῦ</span> <span class='ocrx_word' id='word_1_548' title='bbox 2439 3363 2532 3416; x_wconf 86' lang='grc' dir='ltr'>τοῦ</span> <span class='ocrx_word' id='word_1_549' title='bbox 2559 3363 2834 3427; x_wconf 80' lang='grc' dir='ltr'>κινοῦντος</span> <span class='ocrx_word' id='word_1_550' title='bbox 2860 3364 3049 3433; x_wconf 80' lang='grc' dir='ltr'>φοράν.</span> 
     </span>
    </p>
   </div>
   <div class='ocr_carea' id='block_1_67' title="bbox 2149 3456 3633 3529">
    <p class='ocr_par' dir='ltr' id='par_1_67' title="bbox 2149 3456 3633 3529">
     <span class='ocr_line' id='line_1_67' title="bbox 2149 3456 3633 3529; baseline 0.001 -20"><span class='ocrx_word' id='word_1_551' title='bbox 2149 3457 2195 3488; x_wconf 76' lang='grc'>⁸³</span> <span class='ocrx_word' id='word_1_552' title='bbox 2297 3456 2357 3509; x_wconf 81' lang='grc' dir='ltr'>τὸ</span> <span class='ocrx_word' id='word_1_553' title='bbox 2387 3456 2514 3511; x_wconf 88' lang='grc' dir='ltr'>τῶν.</span> <span class='ocrx_word' id='word_1_554' title='bbox 2590 3457 2638 3488; x_wconf 54' lang='grc'>⁸³</span> <span class='ocrx_word' id='word_1_555' title='bbox 2745 3459 2922 3529; x_wconf 64' lang='grc' dir='ltr'>μονίει.</span> <span class='ocrx_word' id='word_1_556' title='bbox 3000 3458 3044 3489; x_wconf 65' lang='grc'>⁸³</span> <span class='ocrx_word' id='word_1_557' title='bbox 3078 3458 3117 3526; x_wconf 77' lang='lat' dir='ltr'>f.</span> <span class='ocrx_word' id='word_1_558' title='bbox 3152 3459 3333 3511; x_wconf 79' lang='grc' dir='ltr'>αὐτῶν</span> <span class='ocrx_word' id='word_1_559' title='bbox 3354 3474 3439 3526; x_wconf 90' lang='grc' dir='ltr'>γε.</span> <span class='ocrx_word' id='word_1_560' title='bbox 3517 3459 3562 3490; x_wconf 75' lang='grc'><strong><em>⁵⁸</em></strong></span> 
     </span>
    </p>
   </div>
   <div class='ocr_carea' id='block_1_68' title="bbox 399 3633 3608 3664">
    <p class='ocr_par' dir='ltr' id='par_1_68' title="bbox 399 3633 3608 3664">
     <span class='ocr_line' id='line_1_68' title="bbox 399 3633 3608 3664; baseline 0.002 -17"><span class='ocrx_word' id='word_1_561' title='bbox 399 3633 3608 3664; x_wconf 51' lang='lat'>____________—_—__.______________________~</span> 
     </span>
    </p>
   </div>
   <div class='ocr_carea' id='block_1_69' title="bbox 1008 3696 3011 3837">
    <p class='ocr_par' dir='ltr' id='par_1_69' title="bbox 1008 3696 3011 3837">
     <span class='ocr_line' id='line_1_69' title="bbox 1008 3696 3011 3837; baseline 0.002 -6"><span class='ocrx_word' id='word_1_562' title='bbox 1008 3706 1118 3779; x_wconf 76' lang='lat'><strong>97</strong></span> <span class='ocrx_word' id='word_1_563' title='bbox 1152 3696 2059 3833; x_wconf 76' lang='lat' dir='ltr'>IIIIIAPXOY</span> <span class='ocrx_word' id='word_1_564' title='bbox 2130 3700 3011 3837; x_wconf 80' lang='grc' dir='ltr'>ΒΙΘΥΝΟΥ(⁵¹)</span> 
     </span>
    </p>
   </div>
   <div class='ocr_carea' id='block_1_70' title="bbox 493 3894 3531 4002">
    <p class='ocr_par' dir='ltr' id='par_1_70' title="bbox 493 3894 3531 4002">
     <span class='ocr_line' id='line_1_70' title="bbox 493 3894 3531 4002; baseline 0.001 -4"><span class='ocrx_word' id='word_1_565' title='bbox 493 3909 719 3998; x_wconf 86' lang='grc' dir='ltr'>ΤΩΝ</span> <span class='ocrx_word' id='word_1_566' title='bbox 769 3902 1197 3997; x_wconf 84' lang='grc' dir='ltr'>ΑΡΑΤΟΥ</span> <span class='ocrx_word' id='word_1_567' title='bbox 1258 3907 1455 3993; x_wconf 89' lang='grc' dir='ltr'><strong>ΚΑΙ</strong></span> <span class='ocrx_word' id='word_1_568' title='bbox 1493 3894 2027 3994; x_wconf 86' lang='grc' dir='ltr'>ΕΥΔΟΞΟΥ</span> <span class='ocrx_word' id='word_1_569' title='bbox 2081 3905 2820 3998; x_wconf 86' lang='grc' dir='ltr'>ΦΑΙΝΟΜΕΝΩΝ</span> <span class='ocrx_word' id='word_1_570' title='bbox 2857 3903 3531 4002; x_wconf 84' lang='grc' dir='ltr'>ΕΞΗΓΗΣΕΩΝ</span> 
     </span>
    </p>
   </div>
   <div class='ocr_carea' id='block_1_71' title="bbox 1358 4057 2670 4189">
    <p class='ocr_par' dir='ltr' id='par_1_71' title="bbox 1358 4057 2670 4189">
     <span class='ocr_line' id='line_1_71' title="bbox 1358 4057 2670 4189; baseline 0.008 -12"><span class='ocrx_word' id='word_1_571' title='bbox 1358 4057 2031 4178; x_wconf 89' lang='grc' dir='ltr'>ΒΙΒΛΙΑ</span> <span class='ocrx_word' id='word_1_572' title='bbox 2178 4065 2670 4189; x_wconf 88' lang='grc' dir='ltr'>ΤΡΙΑ.</span> 
     </span>
    </p>
   </div>
   <div class='ocr_carea' id='block_1_72' title="bbox 1533 4250 2485 4414">
    <p class='ocr_par' dir='ltr' id='par_1_72' title="bbox 1533 4250 2485 4338">
     <span class='ocr_line' id='line_1_72' title="bbox 1533 4250 2485 4338; baseline -0.002 -1"><span class='ocrx_word' id='word_1_573' title='bbox 1533 4251 1969 4338; x_wconf 87' lang='grc' dir='ltr'>ΒΙΒΛΙΟΝ</span> <span class='ocrx_word' id='word_1_574' title='bbox 2006 4250 2485 4338; x_wconf 81' lang='grc' dir='ltr'>ΠΡΩΤΟΝ.</span> 
     </span>
    </p>
   </div>
   <div class='ocr_carea' id='block_1_73' title="bbox 1209 4480 2830 4614">
    <p class='ocr_par' dir='ltr' id='par_1_73' title="bbox 1209 4480 2830 4614">
     <span class='ocr_line' id='line_1_73' title="bbox 1209 4480 2830 4614; baseline 0.001 -5"><span class='ocrx_word' id='word_1_575' title='bbox 1209 4480 1681 4611; x_wconf 89' lang='grc' dir='ltr'>ΗΙΡΡΑ</span> <span class='ocrx_word' id='word_1_576' title='bbox 1701 4487 2086 4614; x_wconf 79' lang='lat' dir='ltr'>RCHI</span> <span class='ocrx_word' id='word_1_577' title='bbox 2163 4486 2830 4613; x_wconf 85' lang='lat' dir='ltr'>BITHYNI</span> 
     </span>
    </p>
   </div>
   <div class='ocr_carea' id='block_1_74' title="bbox 391 4693 3632 4795">
    <p class='ocr_par' dir='ltr' id='par_1_74' title="bbox 391 4693 3632 4795">
     <span class='ocr_line' id='line_1_74' title="bbox 391 4693 3632 4795; baseline 0.001 -2"><span class='ocrx_word' id='word_1_578' title='bbox 391 4702 543 4793; x_wconf 84' lang='lat' dir='ltr'>AD</span> <span class='ocrx_word' id='word_1_579' title='bbox 600 4700 950 4795; x_wconf 80' lang='lat' dir='ltr'><strong>ARATI</strong></span> <span class='ocrx_word' id='word_1_580' title='bbox 1025 4699 1178 4792; x_wconf 84' lang='lat' dir='ltr'>ET</span> <span class='ocrx_word' id='word_1_581' title='bbox 1244 4695 1718 4791; x_wconf 83' lang='lat' dir='ltr'>EUDOXI</span> <span class='ocrx_word' id='word_1_582' title='bbox 1793 4693 2596 4788; x_wconf 68' lang='lat' dir='ltr'>PHENOMENA</span> <span class='ocrx_word' id='word_1_583' title='bbox 2664 4693 3632 4795; x_wconf 80' lang='lat' dir='ltr'>ENARRATIONUM</span> 
     </span>
    </p>
   </div>
   <div class='ocr_carea' id='block_1_75' title="bbox 1572 4854 2454 5021">
    <p class='ocr_par' dir='ltr' id='par_1_75' title="bbox 1572 4854 2454 5021">
     <span class='ocr_line' id='line_1_75' title="bbox 1572 4854 2454 5021; baseline -0.006 -31"><span class='ocrx_word' id='word_1_584' title='bbox 1572 4854 1979 4990; x_wconf 82' lang='lat' dir='ltr'>LIBRI</span> <span class='ocrx_word' id='word_1_585' title='bbox 2041 4874 2454 5021; x_wconf 82' lang='lat' dir='ltr'>TRES,</span> 
     </span>
    </p>
   </div>
   <div class='ocr_carea' id='block_1_76' title="bbox 1410 5048 2680 5109">
    <p class='ocr_par' dir='ltr' id='par_1_76' title="bbox 1410 5048 2680 5109">
     <span class='ocr_line' id='line_1_76' title="bbox 1410 5048 2680 5109; baseline 0 -4"><span class='ocrx_word' id='word_1_586' title='bbox 1410 5049 1772 5109; x_wconf 83' lang='lat' dir='ltr'>DIONYSIO</span> <span class='ocrx_word' id='word_1_587' title='bbox 1807 5051 1999 5108; x_wconf 84' lang='lat' dir='ltr'>PETA</span> <span class='ocrx_word' id='word_1_588' title='bbox 2011 5049 2139 5107; x_wconf 77' lang='lat' dir='ltr'>V10</span> <span class='ocrx_word' id='word_1_589' title='bbox 2179 5048 2680 5109; x_wconf 82' lang='lat' dir='ltr'>INTERPRETE.</span> 
     </span>
    </p>
   </div>
   <div class='ocr_carea' id='block_1_77' title="bbox 1557 5191 2494 5283">
    <p class='ocr_par' dir='ltr' id='par_1_77' title="bbox 1557 5191 2494 5283">
     <span class='ocr_line' id='line_1_77' title="bbox 1557 5191 2494 5283; baseline -0.002 -3"><span class='ocrx_word' id='word_1_590' title='bbox 1557 5193 1913 5281; x_wconf 84' lang='lat' dir='ltr'>LIBER</span> <span class='ocrx_word' id='word_1_591' title='bbox 2000 5191 2494 5283; x_wconf 83' lang='lat' dir='ltr'>PRIMUS.</span> 
     </span>
    </p>
   </div>
   <div class='ocr_carea' id='block_1_78' title="bbox 462 5410 1991 5488">
    <p class='ocr_par' dir='ltr' id='par_1_78' title="bbox 462 5410 1964 5488">
     <span class='ocr_line' id='line_1_78' title="bbox 462 5410 1964 5488; baseline 0.003 -23"><span class='ocrx_word' id='word_1_592' title='bbox 462 5410 541 5466; x_wconf 68' lang='grc' dir='ltr'>Δι’.</span> <span class='ocrx_word' id='word_1_593' title='bbox 571 5411 869 5485; x_wconf 83' lang='grc' dir='ltr'>Ἵππαρχος</span> <span class='ocrx_word' id='word_1_594' title='bbox 886 5415 1184 5488; x_wconf 80' lang='grc' dir='ltr'>Αἰσχρίωνι</span> <span class='ocrx_word' id='word_1_595' title='bbox 1204 5414 1418 5487; x_wconf 84' lang='grc' dir='ltr'>χαίρειν</span> <span class='ocrx_word' id='word_1_596' title='bbox 1434 5413 1532 5470; x_wconf 75' lang='grc'>⁸⁸⁸.</span> <span class='ocrx_word' id='word_1_597' title='bbox 1568 5414 1771 5477; x_wconf 86' lang='grc' dir='ltr'>Ἡδέως</span> <span class='ocrx_word' id='word_1_598' title='bbox 1795 5415 1964 5484; x_wconf 78' lang='grc' dir='ltr'>ἐπέγ-</span> 
     </span>
    </p>
   </div>
   <div class='ocr_carea' id='block_1_79' title="bbox 2059 5410 3645 5488">
    <p class='ocr_par' dir='ltr' id='par_1_79' title="bbox 2142 5410 3645 5484">
     <span class='ocr_line' id='line_1_79' title="bbox 2142 5410 3645 5484; baseline 0.002 -17"><span class='ocrx_word' id='word_1_599' title='bbox 2142 5414 2183 5469; x_wconf 86' lang='lat' dir='ltr'>I.</span> <span class='ocrx_word' id='word_1_600' title='bbox 2215 5411 2560 5484; x_wconf 81' lang='lat' dir='ltr'><strong>Hipparchus</strong></span> <span class='ocrx_word' id='word_1_601' title='bbox 2582 5410 2897 5467; x_wconf 63' lang='lat' dir='ltr'>IEschrioni</span> <span class='ocrx_word' id='word_1_602' title='bbox 2933 5412 3185 5468; x_wconf 87' lang='lat' dir='ltr'><strong>salutem.</strong></span> <span class='ocrx_word' id='word_1_603' title='bbox 3219 5410 3469 5483; x_wconf 77' lang='lat' dir='ltr'><strong>Magnam</strong></span> <span class='ocrx_word' id='word_1_604' title='bbox 3522 5412 3645 5482; x_wconf 76' lang='lat' dir='ltr'>cepi</span> 
     </span>
    </p>
   </div>
   <div class='ocr_carea' id='block_1_80' title="bbox 393 5502 1963 5577">
    <p class='ocr_par' dir='ltr' id='par_1_80' title="bbox 393 5502 1963 5577">
     <span class='ocr_line' id='line_1_80' title="bbox 393 5502 1963 5577; baseline 0.002 -21"><span class='ocrx_word' id='word_1_605' title='bbox 393 5517 498 5556; x_wconf 84' lang='grc' dir='ltr'>νων</span> <span class='ocrx_word' id='word_1_606' title='bbox 525 5502 615 5557; x_wconf 76' lang='grc' dir='ltr'>διὰ</span> <span class='ocrx_word' id='word_1_607' title='bbox 637 5503 737 5574; x_wconf 82' lang='grc' dir='ltr'>τῆς</span> <span class='ocrx_word' id='word_1_608' title='bbox 763 5505 1053 5576; x_wconf 69' lang='grc' dir='ltr'>ἐπιστολῆς</span> <span class='ocrx_word' id='word_1_609' title='bbox 1075 5508 1138 5560; x_wconf 81' lang='grc' dir='ltr'>τὸ</span> <span class='ocrx_word' id='word_1_610' title='bbox 1160 5505 1418 5577; x_wconf 81' lang='grc' dir='ltr'>ἐπίμονόν</span> <span class='ocrx_word' id='word_1_611' title='bbox 1450 5520 1543 5557; x_wconf 86' lang='grc' dir='ltr'>σου</span> <span class='ocrx_word' id='word_1_612' title='bbox 1573 5503 1672 5575; x_wconf 83' lang='grc' dir='ltr'>τῆς</span> <span class='ocrx_word' id='word_1_613' title='bbox 1698 5504 1837 5575; x_wconf 84' lang='grc' dir='ltr'>πρὸς</span> <span class='ocrx_word' id='word_1_614' title='bbox 1872 5523 1963 5574; x_wconf 71' lang='grc' dir='ltr'>φιο</span> 
     </span>
    </p>
   </div>
   <div class='ocr_carea' id='block_1_81' title="bbox 464 5600 1505 5693">
    <p class='ocr_par' dir='ltr' id='par_1_81' title="bbox 464 5600 1505 5693">
     <span class='ocr_line' id='line_1_81' title="bbox 464 5600 1505 5693; baseline 0.004 -20"><span class='ocrx_word' id='word_1_615' title='bbox 464 5617 531 5651; x_wconf 74' lang='grc'>⁸⁸·</span> <span class='ocrx_word' id='word_1_616' title='bbox 564 5620 722 5677; x_wconf 72' lang='lat' dir='ltr'><strong><em>Abest</em></strong></span> <span class='ocrx_word' id='word_1_617' title='bbox 748 5622 858 5676; x_wconf 67' lang='lat' dir='ltr'>hac</span> <span class='ocrx_word' id='word_1_618' title='bbox 876 5623 1128 5678; x_wconf 76' lang='lat' dir='ltr'>salutatio</span> <span class='ocrx_word' id='word_1_619' title='bbox 1145 5641 1181 5678; x_wconf 84' lang='grc' dir='ltr'>α</span> <span class='ocrx_word' id='word_1_620' title='bbox 1205 5621 1362 5693; x_wconf 79' lang='lat' dir='ltr'>Regia</span> <span class='ocrx_word' id='word_1_621' title='bbox 1385 5600 1505 5677; x_wconf 83' lang='lat' dir='ltr'>cod</span> 
     </span>
    </p>
   </div>
   <div class='ocr_carea' id='block_1_82' title="bbox 2068 5504 3646 5577">
    <p class='ocr_par' dir='ltr' id='par_1_82' title="bbox 2068 5504 3646 5577">
     <span class='ocr_line' id='line_1_82' title="bbox 2068 5504 3646 5577; baseline -0.001 -15"><span class='ocrx_word' id='word_1_622' title='bbox 2068 5508 2406 5577; x_wconf 76' lang='lat' dir='ltr'><strong>voluptatem</strong></span> <span class='ocrx_word' id='word_1_623' title='bbox 2436 5521 2503 5562; x_wconf 75' lang='lat' dir='ltr'>ex</span> <span class='ocrx_word' id='word_1_624' title='bbox 2534 5504 2735 5560; x_wconf 81' lang='lat' dir='ltr'><strong>litteris</strong></span> <span class='ocrx_word' id='word_1_625' title='bbox 2765 5505 2899 5571; x_wconf 81' lang='lat' dir='ltr'><strong><em>tuis,</em></strong></span> <span class='ocrx_word' id='word_1_626' title='bbox 2924 5519 3051 5561; x_wconf 88' lang='lat' dir='ltr'>cum</span> <span class='ocrx_word' id='word_1_627' title='bbox 3071 5520 3139 5560; x_wconf 80' lang='lat' dir='ltr'><strong>ex</strong></span> <span class='ocrx_word' id='word_1_628' title='bbox 3168 5506 3237 5562; x_wconf 85' lang='lat' dir='ltr'>iis</span> <span class='ocrx_word' id='word_1_629' title='bbox 3265 5506 3507 5562; x_wconf 80' lang='lat' dir='ltr'><strong>intellexi</strong></span> <span class='ocrx_word' id='word_1_630' title='bbox 3531 5518 3646 5562; x_wconf 82' lang='lat' dir='ltr'>stu-</span> 
     </span>
    </p>
   </div>
   <div class='ocr_carea' id='block_1_83' title="bbox 461 5711 3623 5788">
    <p class='ocr_par' dir='ltr' id='par_1_83' title="bbox 461 5711 3623 5788">
     <span class='ocr_line' id='line_1_83' title="bbox 461 5711 3623 5788; baseline 0.001 -21"><span class='ocrx_word' id='word_1_631' title='bbox 461 5712 935 5788; x_wconf 68' lang='lat' dir='ltr'>(51)_Prnpositum</span> <span class='ocrx_word' id='word_1_632' title='bbox 970 5718 1073 5772; x_wconf 90' lang='lat' dir='ltr'>hoc</span> <span class='ocrx_word' id='word_1_633' title='bbox 1100 5718 1154 5771; x_wconf 90' lang='lat' dir='ltr'><strong>in</strong></span> <span class='ocrx_word' id='word_1_634' title='bbox 1183 5732 1345 5787; x_wconf 86' lang='lat' dir='ltr'><strong>opere</strong></span> <span class='ocrx_word' id='word_1_635' title='bbox 1375 5724 1460 5773; x_wconf 76' lang='lat' dir='ltr'>est</span> <span class='ocrx_word' id='word_1_636' title='bbox 1492 5714 1802 5788; x_wconf 82' lang='lat' dir='ltr'><strong>Hipparcho</strong></span> <span class='ocrx_word' id='word_1_637' title='bbox 1828 5716 1940 5770; x_wconf 84' lang='grc' dir='ltr'>τῶν</span> <span class='ocrx_word' id='word_1_638' title='bbox 2045 5713 2259 5770; x_wconf 78' lang='lat' dir='ltr'>Eudoxi</span> <span class='ocrx_word' id='word_1_639' title='bbox 2289 5721 2344 5769; x_wconf 83' lang='lat' dir='ltr'>et</span> <span class='ocrx_word' id='word_1_640' title='bbox 2397 5711 2544 5767; x_wconf 80' lang='lat' dir='ltr'><strong>Arati</strong></span> <span class='ocrx_word' id='word_1_641' title='bbox 2579 5711 2737 5788; x_wconf 48' lang='lat' dir='ltr'><strong>Illyris</strong></span> <span class='ocrx_word' id='word_1_642' title='bbox 2782 5719 2837 5788; x_wconf 78' lang='lat' dir='ltr'><strong><em>et</em></strong></span> <span class='ocrx_word' id='word_1_643' title='bbox 2862 5712 3185 5788; x_wconf 73' lang='lat' dir='ltr'><strong>auctoritate</strong></span> <span class='ocrx_word' id='word_1_644' title='bbox 3218 5715 3272 5768; x_wconf 88' lang='lat' dir='ltr'><strong>in</strong></span> <span class='ocrx_word' id='word_1_645' title='bbox 3297 5715 3464 5788; x_wconf 14' lang='lat' dir='ltr'><strong>fillam</strong></span> <span class='ocrx_word' id='word_1_646' title='bbox 3511 5717 3623 5770; x_wconf 78' lang='lat' dir='ltr'>im-</span> 
     </span>
    </p>
   </div>
   <div class='ocr_carea' id='block_1_84' title="bbox 390 5781 3651 5861">
    <p class='ocr_par' dir='ltr' id='par_1_84' title="bbox 390 5781 3651 5861">
     <span class='ocr_line' id='line_1_84' title="bbox 390 5781 3651 5861; baseline 0.001 -22"><span class='ocrx_word' id='word_1_647' title='bbox 390 5781 641 5840; x_wconf 78' lang='grc' dir='ltr'>ἀπλανῶν</span> <span class='ocrx_word' id='word_1_648' title='bbox 669 5781 973 5844; x_wconf 78' lang='lat' dir='ltr'><strong>dbctrinam</strong></span> <span class='ocrx_word' id='word_1_649' title='bbox 1009 5790 1079 5844; x_wconf 87' lang='lat' dir='ltr'><strong>ab</strong></span> <span class='ocrx_word' id='word_1_650' title='bbox 1099 5781 1378 5857; x_wconf 61' lang='lat' dir='ltr'><strong>erroribus</strong></span> <span class='ocrx_word' id='word_1_651' title='bbox 1401 5781 1713 5861; x_wconf 52' lang='lat' dir='ltr'><strong>repurgare,</strong></span> <span class='ocrx_word' id='word_1_652' title='bbox 1746 5788 1840 5859; x_wconf 85' lang='lat' dir='ltr'>qui</span> <span class='ocrx_word' id='word_1_653' title='bbox 1866 5804 1934 5844; x_wconf 78' lang='lat' dir='ltr'>ex</span> <span class='ocrx_word' id='word_1_654' title='bbox 2051 5792 2294 5857; x_wconf 77' lang='lat' dir='ltr'><strong>pserant,</strong></span> <span class='ocrx_word' id='word_1_655' title='bbox 2323 5800 2555 5856; x_wconf 89' lang='lat' dir='ltr'><strong>quorum</strong></span> <span class='ocrx_word' id='word_1_656' title='bbox 2590 5783 2682 5839; x_wconf 87' lang='lat' dir='ltr'><strong>ille</strong></span> <span class='ocrx_word' id='word_1_657' title='bbox 2717 5787 2973 5855; x_wconf 82' lang='lat' dir='ltr'>Driuceps</span> <span class='ocrx_word' id='word_1_658' title='bbox 2997 5784 3065 5839; x_wconf 84' lang='lat' dir='ltr'><strong>ad</strong></span> <span class='ocrx_word' id='word_1_659' title='bbox 3100 5785 3241 5843; x_wconf 81' lang='lat' dir='ltr'><strong>hanc</strong></span> <span class='ocrx_word' id='word_1_660' title='bbox 3276 5787 3421 5841; x_wconf 72' lang='lat' dir='ltr'>diem</span> <span class='ocrx_word' id='word_1_661' title='bbox 3468 5800 3651 5844; x_wconf 60' lang='lat' dir='ltr'><strong>astro-</strong></span> 
     </span>
    </p>
   </div>
   <div class='ocr_carea' id='block_1_85' title="bbox 783 5881 1425 5946">
    <p class='ocr_par' dir='ltr' id='par_1_85' title="bbox 783 5881 1425 5946">
     <span class='ocr_line' id='line_1_85' title="bbox 783 5881 1425 5946; baseline -0.002 -2"><span class='ocrx_word' id='word_1_662' title='bbox 783 5883 1055 5945; x_wconf 77' lang='grc' dir='ltr'>ΡΑτιιοι..</span> <span class='ocrx_word' id='word_1_663' title='bbox 1097 5884 1216 5946; x_wconf 72' lang='lat' dir='ltr'>Gn.</span> <span class='ocrx_word' id='word_1_664' title='bbox 1250 5881 1425 5944; x_wconf 80' lang='lat' dir='ltr'>XIX.</span> 
     </span>
    </p>
   </div>
   <div class='ocr_carea' id='block_1_86' title="bbox 3304 5880 3382 5939">
    <p class='ocr_par' dir='ltr' id='par_1_86' title="bbox 3304 5880 3382 5939">
     <span class='ocr_line' id='line_1_86' title="bbox 3304 5880 3382 5939; baseline 0.013 -1"><span class='ocrx_word' id='word_1_665' title='bbox 3304 5880 3382 5939; x_wconf 77' lang='lat'>32</span> 
     </span>
    </p>
   </div>
  </div>
