4132 6468
523 382 664 441 1003

1507 382 1601 465 AQ
1626 377 1894 437 EUSEBII
1931 376 2331 438 CﬂRONICON
2364 381 2728 440 APPENDIX.

3622 375 3764 444 ιθοι

522 499 614 557 dio
643 509 697 555 te
724 514 852 572 erga
886 499 1206 572 disciplinas
1231 516 1295 555 ac
1325 500 1598 557 voluntate
1638 515 1761 556 esse
1788 499 2074 555 constanti.

2188 498 2451 570 λομαθίαν
2477 499 2816 564 οίκειὼσεως.
2853 500 2933 554 Τά
2948 516 3005 553 τε
3035 464 3140 570 γὰρ
3160 499 3365 568 φυσικὰ
3379 497 3487 553 τῶν
3503 496 3764 571 ἐπιζητη-

523 592 735 649 Etenim
768 607 890 663 qua:
926 592 994 647 de
1031 593 1373 649 naturalibus
1402 592 1600 654 rebus,
1631 589 1806 661 deque
1853 587 1922 646 iis
1968 605 2089 660 qua:

523 684 592 739 ab
623 685 790 739 Arato
834 683 1037 755 scripta
1068 693 1196 741 sunt
1226 684 1283 738 in
1315 682 1618 747 coortibus,
1652 696 1683 735 a
1725 695 1812 735 me
1839 679 2091 735 sciscita-

520 777 635 840 ris,
674 790 1002 848 propensum
1046 776 1101 831 in
1135 776 1306 832 bonas
1336 783 1482 830 artes
1529 775 1775 829 animum
1816 779 1971 826 tuum
2014 771 2089 825 si-

514 870 814 942 gniﬁcant;
847 876 1008 940 atque
1030 869 1131 923 hoc
1159 876 1311 923 tanto
1336 868 1561 938 majoris
1595 882 1625 920 a
1654 881 1740 922 me
1772 864 1851 931 ﬁt,
1883 871 2088 936 quanto

519 980 588 1018 ex
635 962 1068 1018 clarissimorum
1112 960 1345 1016 fratrum
1387 969 1704 1017 nostrorum
1751 960 1924 1024 obitu,
1980 958 2087 1013 ire.

519 1055 897 1125 quentioribus
925 1054 1047 1109 vitae
1070 1053 1233 1124 hujus
1262 1054 1494 1126 negotiis
1524 1052 1833 1123 implicatus
1859 1051 2084 1107 teneris.

520 1148 599 1202 Ac
632 1147 700 1202 de
730 1146 940 1202 caeteris
965 1144 1186 1216 quidem
1235 1144 1366 1215 quid
1410 1146 1639 1200 sentiam
1673 1152 1864 1215 postea
1902 1142 2085 1198 decla-

518 1239 683 1300 rabo;
709 1252 856 1292 nunc
883 1237 950 1293 de
976 1236 1045 1292 iis
1067 1251 1187 1306 qua:
1208 1236 1262 1291 in
1293 1234 1656 1291 Phwnomem‘s
1680 1234 1893 1305 prodita
1924 1242 2088 1290 suunt

508 1328 590 1383 ab
620 1328 807 1394 Arato,
853 1327 1066 1382 institui
1086 1327 1165 1382 .ad
1198 1336 1257 1385 te
1287 1327 1549 1390 scribere,
1582 1336 1640 1381 ut
1673 1325 1924 1381 universe
1956 1325 2086 1395 quid

518 1426 665 1473 recte
697 1425 791 1473 aut
832 1432 995 1474 secus
1041 1418 1096 1472 in
1138 1418 1246 1474 illis
1284 1418 1546 1488 scriptum
1586 1416 1658 1471 sit
1704 1417 1983 1487 aperiam:
2019 1433 2083 1472 ex

510 1509 719 1581 quibus
766 1524 890 1591 cum
943 1508 1231 1580 perspicua
1281 1508 1381 1563 tibi
1423 1516 1586 1563 erunt
1624 1509 1830 1572 omnia,
1862 1517 1977 1562 tum
2020 1523 2086 1563 ea

512 1601 773 1666 maxime,
792 1616 925 1679 quae
964 1601 1019 1655 in
1050 1609 1144 1655 tua
1186 1602 1592 1671 percontatione
1620 1599 1873 1671 posuisti.

586 1697 764 1763 Atque
796 1693 949 1747 Arati
991 1692 1209 1763 quidem
1244 1691 1597 1748 Phamomena
1646 1706 1769 1747 cum
1815 1691 1906 1746 alii
1936 1698 2087 1746 com-

510 1787 702 1859 ‘plures
730 1780 1072 1867 interpretati
1100 1792 1271 1842 sunt:
1316 1792 1432 1839 tum
1486 1784 1579 1840 ille
1614 1784 1750 1854 ipse,
1795 1784 1889 1854 qui
1925 1790 2084 1839 aetate

514 1884 704 1933 nostra
732 1877 885 1953 vixit,
908 1875 1327 1932 mathematicus
1356 1876 1599 1930 omnium
1622 1876 1838 1932 videtur
1862 1890 2085 1932 accura-

513 1967 726 2025 tissime
752 1967 1275 2037 diligentiSsimeque
1307 1965 1618 2035 scripsisse.
1643 1964 1845 2021 Verum
1886 1967 2086 2021 carmi-

503 2074 645 2115 -num
673 2050 833 2115 istius
862 2065 1040 2138 poeta!
1067 2058 1367 2113 sententias
1412 2057 1711 2129 explicare,
1746 2073 1833 2113 res
1861 2068 1946 2114 est
1972 2073 2085 2113 non

512 2165 729 2225 magna,
766 2166 887 2223 meo
915 2151 1131 2221 quidem
1153 2149 1383 2221 judicio.
1418 2164 1551 2204 cura
1578 2157 1633 2205 et
1672 2151 1971 2205 attentione
2000 2149 2085 2204 di-

513 2260 639 2314 gna.
669 2242 766 2300 Est
792 2244 936 2320 enim
959 2243 1187 2314 simplex
1238 2250 1293 2297 et
1325 2243 1583 2299 concisus
1615 2242 1705 2297 hic
1740 2251 1897 2312 poeta
1924 2259 1937 2294 :
1968 2251 2082 2297 tum

509 2337 597 2393 vel
640 2336 902 2392 mediocri
944 2350 1125 2391 rerqu
1179 2333 1533 2405 intelligentia
1575 2334 1815 2405 praeditis
1860 2336 2082 2405 cognitu

441 2502 445 2506 ι
509 2430 744 2486 facilis:
786 2444 908 2500 quae
957 2440 1135 2484 autem
1185 2428 1503 2483 coelestibus
1544 2428 1612 2483 de
1664 2427 1827 2482 rebus
1870 2427 1939 2483 ab
1988 2428 2082 2484 illo

509 2520 714 2592 scripta
747 2528 896 2584 sunt,
944 2519 1127 2574 animo
1159 2535 1373 2589 capere,
1409 2535 1474 2575 ac
1525 2520 1656 2591 quid
1705 2520 2079 2591 apparentium

505 2619 692 2668 rerum
736 2611 1124 2683 experimentis
1169 2618 1566 2677 consentanec,
1625 2612 1756 2683 quid
1808 2608 2082 2669 contrarie

508 2703 713 2760 dictum
744 2703 836 2768 sit,
868 2718 1167 2775 agnoscere
1192 2722 1206 2771 ;
1237 2703 1340 2759 hac
1365 2712 1420 2759 et
1445 2704 1603 2775 longe
1639 2705 1882 2760 omnium
1909 2705 2082 2763 utilis-

506 2793 730 2858 simum,
765 2804 819 2850 et
867 2794 1141 2866 imprimis
1178 2794 1558 2849 mathematica
1588 2794 1818 2849 scientia
1857 2795 2078 2867 dignum

508 2888 742 2944 videtur.
783 2886 1147 2953 Quamobrem
1194 2901 1316 2942 cum
1354 2885 1409 2940 in
1450 2887 1746 2957 plerisque,
1791 2894 1846 2942 et
1890 2889 2081 2960 praeci-

507 2981 636 3054 puis
666 2982 891 3035 Aratum
931 2994 1212 3037 cernerem
1253 2978 1322 3033 ab
1353 2980 1742 3050 apparentibus
1772 2980 2080 3051 cuiusmodi

506 3073 686 3147 reipsa
714 3075 1038 3145 contingunt
1066 3072 1323 3129 aberrare
1349 3091 1363 3125 :
1394 3083 1448 3127 et
1478 3076 1533 3127 in
1561 3073 1752 3129 iisdem
1797 3089 1937 3145 pene
1964 3088 2081 3129 om-

2191 591 2390 648 θέντων
2406 594 2510 647 ὑπὸ
2523 593 2617 647 σοῦ
2645 594 2739 648 καὶ
2771 592 2837 647 τὰ
2859 592 2986 665 περὶ
3000 592 3107 646 τῶν
3129 590 3279 663 παρά
3308 593 3516 664 Ἀράτῳ
3535 592 3764 664 λεγομέ-

2189 700 2293 736 νων
2315 694 2374 737 εν
2385 686 2507 749 ταῖς
2535 684 2916 749 συνανατολαίς
2944 684 3277 754 ἱκανωτέραν
3302 682 3546 753 ἐνέφαινέ
3568 701 3658 755 μοι
3676 702 3764 754 φι-

2189 774 2465 846 λοτεχνίαν
2482 792 2496 807 ·
2518 776 2613 831 καὶ
2640 775 2819 847 πολλῷ
2838 793 2900 845 γε
2933 775 3150 848 μᾶλλον,
3170 775 3280 845 ὅσῳ
3306 775 3682 839 πεπλεόνακας
3706 778 3765 829 ὲν

2187 869 2306 930 ταῖς
2335 866 2612 936 βιωτικαῖς
2649 867 2925 938 ἀσχολίαις
2953 866 3041 920 διὰ
3070 866 3167 939 τὴν
3188 865 3297 920 τῶν
3320 864 3765 935 ἀξιολογωτάτων

2187 957 2433 1027 ἀδελφῶν
2476 957 2634 1030 ἡμῶν
2663 958 2941 1030 τελευτήν.
2992 958 3131 1031 Περὶ
3176 956 3275 1028 μὲν
3307 952 3402 1010 οὖν
3434 955 3544 1009 τῶν
3587 955 3765 1010 ἄλλων

2190 1050 2330 1121 μετὰ
2352 1049 2526 1104 ταῦτά
2550 1067 2631 1104 σοι
2660 1051 2757 1123 τὴν
2789 1050 2925 1104 ίδίαν
2945 1051 3127 1121 κρίσιν
3148 1049 3468 1120 διασαφήσω
3486 1064 3499 1077 ·
3533 1049 3665 1119 περὶ
3704 1048 3762 1100 δὲ

2186 1142 2296 1197 τῶν
2317 1143 2422 1196 ὑπὸ
2457 1141 2683 1215 Ἀράτου
2713 1142 3019 1212 λεγομένων
3038 1143 3095 1195 ὲν
3116 1143 3227 1205 τοῖς
3248 1139 3632 1210 Φαινομὲνοις
3668 1139 3763 1192 νῦν

2186 1234 2546 1306 προτέθειμαί
2587 1252 2669 1288 σοι
2724 1235 2967 1307 γράψαι,
3021 1235 3130 1288 πᾶν
3179 1233 3407 1288 καθόλου
3469 1233 3532 1286 τὺ
3578 1232 3760 1297 καλῶς

2185 1329 2220 1400 ἢ
2277 1329 2464 1393 κακῶς
2519 1327 2810 1400 λεγόμενον
2881 1330 3065 1394 αὐτοῖς
3109 1327 3506 1382 ὑποδεικνύων·
3565 1327 3626 1391 ἐξ
3682 1320 3759 1381 ὧν

2184 1422 2337 1475 ἔσται
2372 1439 2456 1476 σοι
2483 1422 2694 1494 φανερά
2726 1423 2923 1489 πάντα,
2953 1424 3049 1477 καὶ
3084 1422 3153 1476 τά
3192 1421 3344 1493 παρά
3373 1420 3467 1475 σοῦ
3497 1421 3759 1492 διαπορη-

2185 1512 2368 1569 θέντα.

2257 1696 2489 1768 Ζήτησιν
2515 1695 2557 1726 ⁵⁷
2586 1693 2685 1766 μὲν
2698 1689 2791 1749 οὖν
2818 1692 2926 1747 τῶν
2968 1693 3194 1765 ’Δράτου
3227 1692 3625 1762 Φαινομένωνε
3663 1692 3761 1747 καὶ

2183 1788 2331 1844 ἄλλοι
2361 1787 2582 1852 πλέονες
2614 1788 3001 1859 συντετάχασιν
3020 1804 3034 1818 ·
3080 1787 3483 1866 ἐπιμελέστατα
3523 1785 3581 1840 δὲ
3613 1786 3761 1839 δοκεῖ

2185 1880 2401 1935 πάντων
2429 1874 2590 1944 αὐτὸς
2630 1880 2675 1911 ⁸³
2709 1882 2737 1934 ό
2769 1879 2892 1933 καθ’
2921 1880 3067 1951 ἡμᾶς
3098 1877 3476 1951 μαθηματικὸς
3503 1876 3594 1930 τὸν
3628 1879 3760 1949 περὶ

2183 1971 2364 2025 αὐτῶν
2388 1970 2717 2042 πεποιῆσθαι
2744 1971 2919 2041 λόγον.
2964 1969 3122 2023 Ἀλλά
3148 1956 3209 2023 τὸ
3241 1970 3340 2041 μὲν
3381 1968 3758 2040 ἐξηγήσασθαι

2181 2063 2281 2134 τὴν
2304 2064 2361 2116 ὲν
2386 2063 2498 2126 τοῖς
2556 2064 2822 2134 ποιήμασι
2846 2061 3084 2114 διάνοιαν
3114 2061 3173 2113 ού
3211 2059 3457 2131 μεγάλης
3499 2060 3757 2130 ἐπιστρο-

2184 2155 2290 2226 φῆς
2324 2154 2668 2226 προσδεῖσθαι
2706 2152 2911 2224 νομίζω
2930 2170 2943 2183 ·
2975 2152 3178 2217 ἁπλοῦς
3211 2170 3269 2205 τε
3291 2152 3399 2223 γὰρ
3442 2150 3536 2205 καὶ
3566 2151 3756 2204 σύντο.

2185 2245 2285 2316 μός
2329 2247 2445 2298 ἐστι
2476 2245 2734 2317 ποιητήςο
2785 2243 2953 2297 ἔτιδὲ
3002 2243 3175 2316 σαφὴς
3219 2245 3333 2308 τοῖς
3376 2244 3471 2296 καὶ
3515 2242 3752 2313 μετρίως

2181 2335 2719 2408 παρηκολουθηκόσι·
2757 2337 2818 2390 τὸ
2846 2335 2903 2390 δὲ
2934 2338 3169 2389 συνεῖναι
3211 2334 3282 2388 τά
3313 2333 3582 2404 λεγόμενα
3622 2332 3758 2405 περὶ

2179 2426 2289 2481 τῶν
2337 2427 2604 2499 οὐρανίων
2656 2429 2747 2481 ὑπ’
2790 2427 2975 2494 αὐτοῦ,
3023 2427 3147 2480 τίνα
3184 2443 3244 2479 τε
3305 2423 3608 2497 συμφώνως
3640 2428 3756 2489 τοῖς

2180 2522 2523 2593 φαινομένοις
2545 2521 2975 2594 ἀναγέγραπται,
3006 2520 3100 2574 καὶ
3120 2519 3240 2573 τίνα
3272 2518 3753 2590 διημαρτημένως,

2178 2612 2323 2667 τοῦτ’
2347 2612 2767 2685 ὠφελιμώτατον
2799 2615 3047 2685 ἡγήσαιτ’
3077 2614 3142 2667 ἀν
3176 2629 3279 2677 τις,
3316 2612 3408 2666 καὶ
3438 2611 3753 2683 μαθηματι-

2180 2705 2282 2776 κῆς
2331 2705 2462 2759 ῐδιον
2501 2706 2811 2778 ἐμπειρίας.
2846 2704 3079 2776 Θεωρῶν
3109 2704 3155 2757 δ’
3199 2700 3295 2758 οὖν
3334 2705 3445 2766 τοῖς
3479 2702 3756 2766 πλείστοις

2180 2797 2273 2850 καὶ
2311 2798 2747 2868 χρησιμωτάτοις
2783 2794 3154 2866 διαφωνοῦντα
3197 2794 3290 2849 τὸν
3326 2796 3564 2866 Ἄρατον
3615 2793 3755 2866 πρὸς

2179 2887 2247 2942 τὰ
2274 2890 2592 2961 φαινόμενα,
2638 2889 2732 2943 καὶ
2756 2889 3015 2961 γινόμενα
3057 2889 3197 2943 κατά
3237 2886 3521 2958 ἀλήθειαν,
3542 2887 3756 2949 τούτοις

2178 2980 2236 3034 δὲ
2265 2979 2436 3035 ἅπασι
2469 2976 2653 3052 σχεδὸν
2681 2981 2741 3034 ού
2779 2981 2937 3053 μόνον
2967 2981 3091 3045 τοὺς
3117 2980 3330 3046 ἀλλους,
3372 2978 3508 3034 ἀλλά
3537 2977 3630 3032 καὶ
3659 2976 3757 3031 τὸν

2183 3074 2447 3129 Ἀτταλον
2478 3073 3014 3146 συνεπιγραφόμενον
3035 3090 3049 3105 θ
3085 3073 3275 3145 ἔκρινα
3305 3070 3407 3142 τῆς
3448 3071 3548 3142 σῆς
3589 3070 3755 3122 ἕνεκα

508 3169 670 3225 hibus
703 3167 981 3223 erroribus
1014 3180 1124 3221 non
1157 3163 1335 3221 solum
1368 3163 1632 3234 reliquos,
1669 3165 1763 3220 sed
1797 3167 1963 3221 etiam
1986 3165 2074 3221 At-

2180 3166 2504 3238 φιλομαθίας
2537 3165 2757 3237 καὶτῆς
2799 3166 2987 3236 κοινῆς
3018 3163 3282 3233 ὡφελείας
3326 3160 3638 3232 ἀναγράψαι
3683 3158 3754 3213 τὰ

506 3262 674 3316 talum
705 3260 882 3331 ipsum
911 3274 1037 3315 esse
1061 3266 1358 3322 versatum,
1388 3255 1564 3311 visum
1611 3255 1745 3311 mihi
1788 3264 1893 3320 est,
1924 3266 1984 3312 ut
2022 3266 2077 3315 et

504 3350 686 3407 studio
715 3338 841 3422 erga
873 3349 1085 3405 litteras
1117 3357 1233 3415 tuo,
1259 3353 1314 3402 et
1356 3346 1634 3402 communi
1677 3347 1898 3403 utilitati
1943 3364 2076 3405 cuna

502 3443 768 3507 s’ulerem,
800 3453 863 3495 ea
894 3438 1155 3495 mandare
1184 3438 1314 3493 huic
1336 3439 1497 3504 libro,
1522 3439 1578 3493 in
1610 3440 1809 3510 quibus
1832 3449 2074 3496 erratum

504 3531 705 3588 abillis
732 3545 855 3587 esse
882 3531 1152 3601 perspexi.
1186 3528 1342 3597 Quod
1370 3529 1483 3601 98
1500 3545 1608 3585 non
1642 3545 1706 3585 eo
1732 3531 1995 3602 suscipio,
2012 3534 2075 3587 ut

503 3639 570 3679 ex
599 3624 833 3679 aliorum
861 3620 1287 3693 reprehensione
1308 3621 1486 3675 inanis
1499 3621 1781 3689 cujusdam
1799 3623 2074 3694 opinionis

504 3715 742 3770 fructum
775 3713 1061 3784 colligam;
1091 3712 1146 3768 id
1167 3714 1312 3770 enim
1336 3726 1557 3779 vanum,
1582 3721 1637 3769 et
1663 3714 1926 3770 illiberale
1951 3730 2075 3771 esse

504 3804 721 3876 iudico;
768 3804 877 3861 imo
915 3819 1042 3859 vero
1082 3803 1150 3859 lis
1186 3803 1444 3859 omnibus
1488 3818 1519 3860 e
1556 3806 1832 3861 contrario
1871 3808 2072 3877 gratias

503 3895 782 3952 habendas
831 3909 1054 3961 censeo,
1080 3895 1194 3966 {qui
1240 3895 1550 3952 communis
1593 3897 1849 3954 utilitatis
1898 3901 2072 3970 gratia

503 3986 757 4060 privatim
789 3985 1071 4042 elaborare
1099 3986 1425 4053 voluerunt;
1454 3987 1549 4042 sed
1575 3995 1635 4041 ut
1659 4003 1836 4059 neque
1865 3998 1945 4055 tu,
1978 4007 2072 4048 nea-

503 4093 610 4149 que
648 4076 879 4133 studiosi
922 4076 1101 4132 crteri
1154 4077 1210 4131 in
1259 4076 1563 4133 ccclestium
1614 4080 2071 4151 contemplatione

502 4184 684 4225 rerum
712 4183 744 4224 a
776 4169 1003 4225 veritate
1030 4168 1244 4240 longius
1282 4169 1654 4239 abhorreatls;
1685 4171 1833 4243 quod
1871 4176 2069 4232 merito

502 4260 773 4331 plerisque
814 4259 1033 4315 accidit.
1066 4257 1203 4314 Nam
1243 4259 1491 4330 poeticus
1532 4260 1683 4333 lepor
1712 4262 1802 4331 iis,
1831 4280 1953 4336 qua;
1981 4267 2068 4322 di-

500 4359 720 4416 cuntur,
754 4349 940 4406 nescio
968 4365 1131 4420 quam
1189 4347 1347 4406 ﬁdem
1380 4360 1437 4406 et
1463 4352 1846 4409 auctoritatem
1880 4358 2069 4412 conci-

500 4443 623 4504 liat;
650 4457 714 4497 ac
738 4441 1129 4512 propemodum
1150 4456 1359 4505 omnes,
1388 4441 1480 4514 qui
1506 4449 1723 4514 poetam
1748 4443 1894 4500 hunc
1915 4461 2068 4503 com-

2179 3258 2440 3314 δοκοῦντά
2466 3275 2557 3329 μοι
2608 3256 3032 3330 διημαρτῆσθαι.
3068 3254 3238 3309 Τοῦτο
3267 3253 3325 3308 δὲ
3359 3253 3583 3324 ποιῆσαι
3620 3268 3755 3323 προ-

2180 3350 2381 3423 εθέμην
2411 3351 2512 3405 οὐκ
2541 3353 2607 3406 ὲκ
2648 3350 2741 3406 τοῦ
2786 3350 2913 3414 τοὺς
2957 3348 3146 3413 ἄλλους
3193 3348 3436 3418 ἐλέγχειν
3455 3346 3754 3416 φαντασίαν

2179 3440 2585 3510 ἀπενέγκασθαι
2616 3439 3042 3512 προαιρούμενος
3064 3454 3077 3464 ⁸
3109 3436 3262 3491 κενὸν
3291 3436 3400 3507 γάρ
3430 3435 3526 3489 καὶ
3558 3434 3755 3507 μικρό-

2178 3531 2347 3602 ψυχον
2378 3531 2690 3595 παντελῶς·
2742 3530 3052 3585 τούναντίον
3099 3528 3157 3582 δὲ
3208 3528 3319 3582 δεῖν
3348 3528 3530 3598 οῐομαι
3589 3527 3757 3580 πᾶσιν

2177 3626 2327 3696 ἡμᾶς
2352 3625 2714 3697 εὐχαριστεῖν,
2749 3624 2864 3676 ὅσοι
2898 3622 2998 3692 τῆς
3028 3621 3213 3692 κοινῆς
3256 3620 3442 3674 ἕνεκεν
3483 3617 3756 3688 ὠφελείας

2179 3714 2286 3768 ἴδια
2320 3715 2365 3747 ⁸⁸
2395 3716 2576 3768 πονεῖν
2611 3712 2994 3783 ἀναδεχόμεναι
3021 3710 3381 3780 τυγχάνουσιν
3399 3724 3413 3738 ’
3442 3707 3555 3762 ἀλλ’
3587 3705 3754 3759 ἓνεκα

2177 3808 2271 3863 τοῦ
2303 3810 2437 3880 μήτε
2463 3807 2546 3873 σὲ,
2579 3810 2716 3878 μήτε
2746 3806 2872 3869 τοὺς
2900 3805 3119 3866 λοιποὺς
3146 3802 3254 3856 τῶν
3276 3800 3593 3871 φιλομαθῶν
3617 3801 3757 3854 ἀπο-ι

2177 3899 2481 3955 πλανᾶσθαι
2509 3900 2608 3970 τῆς
2641 3898 2769 3970 περὶ
2796 3897 2866 3951 τά
2908 3896 3207 3967 φαινόμενα
3240 3894 3382 3948 κατά
3423 3892 3516 3945 τὸν
3547 3892 3755 3962 κόσμον

2178 3992 2443 4066 θεωρίαςο
2492 3992 2631 4063 ὅπερ
2658 3990 2892 4060 εὐλόγως·
2929 3988 3113 4042 πολλοὶ
3141 3985 3496 4041 πεπόνθασιν.
3535 3984 3601 4037 Ἥ
3640 3983 3755 4056 γὰρ

2174 4084 2283 4139 τῶν
2319 4083 2640 4155 ποιημάτων
2666 4082 2827 4155 χάρις
2855 4080 3194 4148 ἀξιοπιστίαν
3229 4079 3351 4134 τινά
3383 4080 3497 4141 τοῖς
3521 4076 3751 4147 λεγομέ-

2175 4192 2288 4239 νοις
2313 4173 2658 4247 περιτίθησιο
2706 4176 2803 4228 καὶ
2848 4174 3048 4238 πάντες
3092 4173 3278 4244 σχεδὸν
3316 4172 3368 4225 οἱ
3400 4171 3490 4224 τὸν
3519 4169 3750 4240 ποιητὴν

2136 4302 2141 4307 ι
2174 4266 2361 4321 τοῦτον
2407 4266 2759 4338 ἐξηγούμενοι
2795 4266 3173 4337 προστίθενται
3200 4266 3314 4327 τοῖς
3342 4262 3435 4316 ὑπ’
3462 4259 3629 4314 αὑτοῦ
3655 4258 3749 4311 λε-

2175 4358 2445 4428 γομένοις.
2504 4358 2923 4429 Ἐμπειρότερον
2960 4356 3018 4411 δὲ
3057 4354 3285 4422 Εὔδοξος
3331 4355 3431 4425 τὴν
3466 4352 3636 4422 αὐτὴν
3665 4349 3749 4421 τῷ

2186 4450 2397 4522 Ἀράτῳ
2442 4451 2570 4521 περὶ
2612 4449 2722 4503 τῶν
2751 4448 3091 4519 φαινομένων
3133 4444 3383 4511 σύνταξιν
3430 4442 3738 4513 ἀναγέγρα-

498 4530 781 4588 mentariis
831 4530 949 4586 suis
994 4531 1356 4597 illustrarunt,
1403 4531 1473 4587 iis
1526 4547 1647 4601 qua:
1705 4533 1774 4589 ab
1824 4549 1893 4591 eo
1938 4551 2069 4595 sunt

2176 4550 2288 4612 φεν.
2319 4540 2568 4612 Εύλόγως
2588 4537 2681 4597 οὖν
2708 4542 2802 4596 καὶ
2824 4542 2890 4595 ὲκ
2914 4540 3015 4611 τῆς
3058 4539 3167 4594 τῶν
3188 4537 3459 4592 τοσούτων
3495 4536 3592 4589 καὶ
3641 4548 3742 4605 τηο

567 4705 611 4738 ιτ
648 4705 688 4760 τ,
711 4704 987 4777 tam-low.
1065 4705 1113 4737 “
1140 4705 1180 4774 f.
1219 4704 1498 4769 Ἄτταλος.
1575 4707 1621 4739 ⁸⁸
1656 4706 1698 4776 f.
1733 4706 1859 4778 ἰδίᾳ.

496 4884 693 4958 ηοιιιίαι
716 4892 885 4958 totam
905 4901 1024 4941 eam
1047 4896 1254 4958 partem
1276 4884 1495 4942 duobus
1515 4885 1677 4943 libris
1705 4887 2057 4958 comprehen-

497 4955 671 5026 derat.
712 4955 916 5026 Aratus
942 4955 1073 5012 vero
1103 4955 1317 5026 poetico
1372 4958 1559 5026 lepore
1609 4955 1888 5013 conditam
1932 4973 2060 5013 cum

496 5025 690 5097 iisdem
706 5025 855 5097 vitiis
885 5025 1245 5095 periculOsius
1275 5025 1440 5080 etiam
1492 5026 1559 5080 ad
1585 5035 1836 5097 posteros
1883 5036 2067 5083 trans-

501 5096 755 5167 miserat.
786 5095 1130 5167 _Accessit_et
1161 5097 1355 5167 tertius
1386 5095 1876 5167 Antei—poematis
1899 5098 2064 5153 inter-

497 5179 643 5247 pres,
666 5165 760 5237 qui
785 5162 1099 5247 Hipparchi,
1132 5171 1194 5218 ut
1227 5166 1442 5247 opiuor,
1475 5162 1698 5247 saeculo,
1741 5168 2060 5247 paulo_ante

495 5235 700 5307 ipsum,
733 5235 1254 5307 commentarios‘ad
1286 5237 1439 5307 illum
1478 5235 1760 5291 auctoreni
1814 5239 2060 5307 scripse-

495 5303 842 5377 rat,Attalus
880 5305 1306 5377 grammaticus,
1338 5305 1545 5361 Contra
1599 5307 1700 5363 hos
1751 5315 1865 5363 tres
1920 5303 2060 5377 opus

497 5372 1025 5446 istudelucubr‘avitA
1057 5372 1421 5446 Hipparchus,
1453 5390 1518 5430 ac
1557 5383 1731 5432 totum
1776 5372 2061 5432 distribuit

495 5445 552 5499 in
601 5445 948 5518 librostres.
998 5444 1216 5518 Primus
1267 5445 1426 5499 initio
1476 5446 1806 5502 testimoniis
1851 5448 2060 5518 aliquot

498 5514 754 5587 ostendit,
772 5517 993 5573 Aratum
1006 5516 1076 5571 ab
1092 5515 1704 5587 Eudoxomutuoomnia
1719 5514 2023 5587 sumpsisse
2039 5534 2054 5583 ;

498 5585 578 5659 sic
612 5593 671 5640 ut
700 5589 755 5659 in
799 5587 985 5642 multis
1008 5586 1386 5659 tantummodo
1424 5586 1819 5659 paraphrasten
1849 5585 2054 5659 egerit.

494 5652 627 5708 Post
646 5657 941 5726 amborum,
976 5664 1155 5710 errata
1187 5663 1342 5710 notat
1368 5652 1443 5710 in'
1461 5652 1639 5711 stellis
1666 5672 1762 5726 per
1807 5652 1950 5721 sese,
2001 5666 2056 5713 et

494 5738 683 5798 earum
712 5728 841 5789 situ,
865 5725 951 5798 vel
968 5726 1359 5798 descriptione,
1422 5740 1526 5781 nec
1559 5725 1682 5781 non’
1712 5727 1903 5790 Attali,
1954 5729 2053 5798 qui

494 5795 783 5864 utriusque
804 5795 1031 5866 vestigia
1063 5806 1385 5867 permutus
1414 5804 1525 5864 est,
1584 5798 1817 5854 maxime
1866 5795 2051 5855 autem

2159 4888 2218 4944 in
2262 4885 2602 4965 delineaudis
2623 4885 2920 4957 parallelis,
2947 4886 3180 4958 aliisque
3206 4886 3433 4944 circulis
3461 4887 3751 4965 aberrasse

2164 4958 2443 5013 convincit
2460 4971 2677 5012 omnes.

2236 5025 2523 5099 Secundus
2546 5027 2684 5082 liber
2711 5025 2967 5081 bifariam
3017 5036 3202 5099 sectus
3232 5032 3337 5082 est.
3375 5025 3557 5082 Prima
3617 5044 3747 5099 pars

2162 5098 2335 5169 trium,
2360 5097 2578 5169 illorum
2627 5098 3136 5169 peccatacastigat
3185 5098 3241 5151 in
3286 5104 3563 5152 astrorum
3612 5097 3745 5151 συν-

2161 5166 2589 5238 ανατολαῖς,ίκαὶ
2620 5166 3077 5235 συγκαταδύσεσι,
3104 5182 3248 5238 quos
3266 5177 3505 5232 coortus,
3527 5178 3746 5223 etcaoc-

2161 5254 2316 5319 casus
2337 5237 2611 5319 appellare
2639 5238 2806 5319 licet;
2854 5237 3134 5307 posterior
3192 5238 3262 5319 de
3293 5238 3641 5319 iisdem_agit
3671 5254 3743 5319 ex

2158 5308 2238 5363 rei
2269 5308 2517 5373 veritate,
2538 5319 2593 5378 et
2625 5309 2884 5378 opinione
2907 5321 3008 5361 sua
3047 5308 3367 5363 constitutis
3409 5308 3464 5362 in
3500 5308 3742 5364 boreali-

2158 5378 2264 5434 bus
2295 5377 2619 5433 asterismis.

2229 5447 2448 5503 Tertius
2478 5446 2799 5502 australium
2856 5448 3268 5504 asterismorum
3308 5455 3465 5504 ortus
3494 5456 3550 5503 et
3580 5462 3745 5504 occa-

2158 5533 2257 5589 sus
2287 5519 2559 5589 explicat;
2592 5518 2787 5573 deinde
2806 5517 3098 5574 duodecim
3128 5518 3431 5588 imaginum
3455 5526 3612 5575 ortus
3649 5520 3742 5574 iti-

2157 5587 2280 5643 dem
2317 5587 2623 5660 et‘occasus
2643 5605 2658 5653 ;
2681 5595 2965 5660 postremo
2992 5589 3060 5644 de
3086 5587 3388 5644 intervallis
3412 5591 3740 5660 asterispto-

2157 5657 2548 5734 rum_disserit_,
2601 5658 2802 5726 quibus
2852 5659 3115 5716 horarum
3162 5666 3400 5731 quatuor
3428 5668 3485 5717 et
3510 5657 3739 5734 -viginti

2158 5729 2334 5801 spatia
2360 5725 2722 5797 complentur.
3179 5725 3198 5731 “
3510 5725 3532 5735 ⁶
