4132 6428
172 4898 203 4912 Ὦ

348 403 371 457 1
381 403 482 459 005

1317 387 1681 452 BIPPARCHI
1719 396 1809 451 AD
1846 389 2291 451 PILENOMENA
2311 395 2439 451 LIB.
2480 396 2520 450 l.
2552 384 2575 439 ι’

3435 406 3574 469 1006

346 518 607 573 λικούτων
654 513 1046 587 μαθηματικῶν
1099 512 1416 584 συμφωνίας
1494 510 1799 577 ἀξιόπιστος
1874 513 1901 583 ἡ

2012 509 2155 564 dicta
2192 511 2559 565 consentiunt.
2595 508 2853 568 Eudoxus
2885 523 3065 571 autem
3094 514 3160 571 ad
3200 519 3466 587 eamdem,
3516 523 3571 577 in

346 610 563 681 ποίησις
608 605 770 661 αὐτοῦ
810 604 1247 677 διαλαμϐάνεται,
1306 603 1561 672 Καίτοιγε
1603 602 1697 656 τοῦ
1748 602 1909 674 Ἀρά-

343 719 437 756 του
477 701 574 773 μὲν
632 699 761 763 ἴσως
812 698 913 752 οὐκ
963 697 1109 762 ἀξιον
1158 694 1515 764 ἐφάπτεσθαι,
1562 694 1653 746 καὶ
1699 693 1794 747 ἑάν
1851 693 1907 746 ἑν

343 808 453 845 τισι
487 789 789 844 διαπίπτων
832 788 1070 858 τυγχάνῃ
1093 803 1107 816 ·
1145 788 1213 856 τῇ
1252 783 1362 856 γὰρ
1402 782 1628 847 Εὐδόξου
1660 781 1906 846 συντάξει

346 883 819 955 κατακολουθήσας
862 880 933 934 τὰ
986 878 1280 949 φαινόμενα
1322 878 1595 949 γέγραφεν
1616 894 1631 908 ο
1677 875 1810 941 ἀλλ’,
1845 875 1907 928 οὐ

345 976 592 1036 κατιδίαν
657 973 1085 1045 παρατηρήσας,
1157 971 1190 1041 ἢ
1264 967 1649 1039 μαθηματικὴν
1726 967 1906 1039 κρίσιν

344 1062 826 1134 ἐπαγγελλομένων
874 1063 931 1115 ἐν
989 1062 1100 1123 τοῖς
1160 1057 1428 1129 οὐρανίοις
1485 1056 1902 1129 προσφέρεσθαι,

344 1156 440 1210 καὶ
470 1153 941 1226 διαμαρτανόντων
966 1150 1075 1205 τῶν
1095 1151 1154 1203 ἐν
1175 1150 1357 1212 αὐτοῖς
1381 1148 1449 1204 ⁵ο.

2008 616 2171 671 quam
2213 604 2414 657 Aratus
2452 601 2730 669 incubuit,
2777 608 3152 677 apparentium
3191 612 3573 669 tractationem

2010 692 2182 745 multo
2210 691 2471 761 majorem
2514 708 2673 748 usum
2714 709 2777 750 ac
2816 697 3067 766 peritiam
3109 702 3360 757 contulit.
3401 701 3577 761 Habet

2008 782 2175 854 igitur
2201 798 2266 838 ex
2294 789 2377 837 tot
2402 790 2791 857 tantorumque
2821 789 3330 848 mathematicorum
3377 794 3576 850 suﬂ'ra-

2009 877 2097 946 gio
2126 877 2374 933 veritatis
2418 878 2731 947 opinionem
2781 895 2919 951 opus
2948 883 3082 939 illud
3120 886 3411 954 poeticum.
3467 884 3577 943 Sel

2010 983 2119 1023 non
2146 978 2230 1024 est
2255 969 2508 1037 fortasse,
2538 971 2682 1042 quod
2720 972 2945 1029 Aratum
2984 990 3326 1043 accusemus,
3365 979 3413 1035 si
3443 979 3572 1050 quid

2011 1061 2061 1115 ei
2118 1063 2322 1118 erroris
2363 1064 2604 1120 oblatum
2648 1067 2754 1131 sit;
2797 1069 2993 1139 quippe
3031 1069 3123 1140 qui
3171 1069 3381 1127 Eudoxi
3423 1086 3579 1126 com.

2013 1153 2339 1207 mentarium
2370 1161 2612 1219 secutus,
2653 1164 2764 1212 non
2796 1158 3172 1215 observatione
3204 1159 3422 1230 propria
3466 1159 3576 1229 fre-

343 1261 457 1319 tus,
531 1253 880 1323 phaanomena
938 1246 1286 1316 conscripsit.
1327 1244 1435 1301 Sed
1497 1244 1577 1299 illi
1627 1243 1808 1314 potius
1869 1246 2230 1317 castigatione
2264 1248 2414 1322 digni
2469 1261 2617 1318 sunt,
2667 1253 2760 1323 qui
2804 1254 3190 1310 mathematice
3242 1255 3461 1327 dignam
3505 1255 3575 1312 de
3639 1240 3651 1250 ’

342 1347 414 1404 iis
450 1344 733 1418 iudicandi
773 1343 1024 1415 peritiam
1064 1340 1321 1413 professi,
1366 1340 1425 1395 in
1477 1339 1671 1395 iisdem
1718 1348 1901 1395 tamen
1938 1342 2213 1399 aberrant.

411 1462 595 1533 Χωρὶς
616 1461 673 1514 δὲ
697 1458 806 1512 τῶν
833 1457 1185 1529 ἠγνοημένων
1213 1458 1271 1509 ἑν
1295 1457 1408 1518 τοῖς
1437 1454 1780 1525 φαινομένοις
1801 1454 1906 1509 ὑπό
1969 1498 1980 1514 .

341 1572 401 1610 τε
429 1552 659 1620 Εὐδόξου
698 1552 794 1606 καὶ
834 1550 928 1605 τοῦ
973 1551 1223 1623 Ἀράτου,
1257 1549 1352 1603 καὶ
1392 1546 1485 1602 τοῦ
1512 1564 1908 1618 συνεπιγραφο-

344 1646 507 1718 μένου
538 1647 657 1708 ταῖς
684 1643 912 1713 φάσεσιν
939 1641 1139 1707 αὐτῶν,
1170 1638 1529 1709 ἀναγέγραφά
1566 1656 1646 1692 σοι
1682 1639 1777 1692 καὶ
1804 1639 1904 1704 τὰς

341 1736 460 1789 κατ’
522 1732 778 1804 ἀλήθειαν
832 1730 1120 1802 γινομένας
1184 1729 1414 1783 ἑκάστου
1475 1726 1584 1780 τῶν
1653 1727 1905 1782 ἀπλανῶν

339 1824 552 1896 ἄστρων
585 1824 680 1877 σὺν
710 1823 889 1886 αὐτοῖς
910 1824 1021 1885 τοῖς
1052 1818 1568 1892 κατηστερισμένοις
1601 1817 1667 1887 ιβ’
1694 1817 1903 1882 ζωδίοις

342 1913 697 1978 συνανατολάς
727 1914 822 1967 καὶ
850 1911 1274 1981 ωγκάταδύσεις
1294 1927 1308 1941 ·
1345 1910 1450 1975 ἵνα,
1481 1909 1902 1979 παρακολουθῶν

338 2007 587 2070 ἑκάστοις
610 2004 872 2079 ἀκριϐῶς,
899 2006 994 2058 καὶ
1020 2003 1118 2068 τὰς
1138 2002 1247 2057 τῶν
1272 2001 1448 2058 ἀλλων
1478 2002 1737 2056 ἁπάντων
1768 2002 1905 2055 ἀπο-

339 2097 530 2167 φάσεις
561 2100 619 2151 tv
645 2096 854 2160 τούτοις
896 2094 1212 2169 δοκιμάζῃς.
1263 2094 1374 2147 Καὶ
1411 2091 1660 2163 διασαφῶ
1693 2093 1794 2164 μὲν
1838 2092 1900 2145 οὐ

342 2189 501 2260 μόνον
525 2188 624 2260 τὴν
652 2186 1031 2259 συνανατολὴν,
1075 2187 1108 2258 ἢ
1152 2184 1549 2255 συγκατάδυσιν
1568 2201 1584 2217 ο
1619 2183 1700 2238 ἔτι
1729 2185 1787 2238 δὲ
1812 2184 1904 2238 καὶ

340 2280 481 2345 τίνες
510 2279 736 2352 ἀστέρες
766 2278 997 2333 ἑκάστου
1031 2278 1138 2333 τῶν
1188 2276 1402 2349 ἄστρων
1453 2276 1660 2349 πρῶτοί
1703 2292 1761 2329 τε
1812 2276 1903 2328 καὶ

338 2372 553 2443 ἔσχατοι
584 2360 1002 2435 ἀνατέλλουσιν,
1044 2369 1079 2441 ἢ
1122 2368 1403 2422 δύνουσιν·
1460 2369 1555 2422 καὶ
1596 2368 1742 2432 τίνες
1793 2367 1902 2422 τῶν

338 2461 511 2515 ἄλλων
570 2460 815 2531 ἀστέρων
869 2458 1328 2531 μσουρανοῦσινο
1385 2458 1617 2515 ἕκαστόν
1678 2476 1739 2513 τε
1794 2459 1903 2513 τῶν

337 2550 592 2606 ἀπλανῶν
644 2551 858 2622 ἄστρων
908 2551 1004 2604 σὺν
1050 2550 1231 2614 αὐτοῖς
1276 2552 1388 2615 τοῖς
1447 2550 1513 2622 ιβ’
1570 2549 1780 2615 ζωδίοις
1843 2552 1901 2605 ὲν

338 2643 532 2705 πόσαις
566 2643 902 2713 ῐσημεριναῐς
950 2640 1121 2713 ῶραις
1150 2639 1445 2702 ἀνατέλλει,
1481 2641 1515 2712 ἢ
1564 2640 1727 2696 δύνει.
1778 2640 1902 2694 Ἐπὶ

337 2734 472 2787 πᾶσι
531 2732 587 2785 δὲ
640 2731 885 2801 διασαφῶ
935 2732 1027 2786 καὶ
1090 2731 1236 2795 τίνες
1298 2732 1525 2803 ἀστέρες
1583 2729 1902 2803 ἀφορίζουσι

337 2826 515 2885 πάντα
563 2824 631 2879 τὰ
676 2825 1084 2894 εἰκοσιτέσσαρα
1128 2822 1327 2895 ὡριαία
1368 2824 1727 2895 διαστήματα.
1757 2823 1901 2877 Διότι

337 2916 445 2987 γὰρ
475 2917 703 2969 ἑκαστον
716 2908 937 2967 ’τούτων
971 2914 1228 2968 συντείνει
1268 2914 1404 2985 πρὸς
1447 2913 1617 2968 πολλά
1649 2913 1745 2967 καὶ
1769 2916 1903 2986 χρή-

339 3026 474 3079 σιμα
519 3007 629 3060 τῶν
670 3008 728 3059 ἑν
771 3008 885 3070 τοῖς
919 3005 1204 3077 μαθήμασι
1242 3005 1634 3077 θεωρημάτων,
1673 3005 1903 3059 εὐκατα-

337 3099 522 3171 νόητον
556 3092 694 3150 εἶναι
728 3096 821 3150 καὶ⁹
854 3096 936 3149 σοὶ
965 3096 1187 3166 νομίζω.

2078 1457 2191 1532 Ego
2217 1476 2346 1517 vero
2369 1469 2567 1533 praeter
2593 1462 2803 1519 Eudoxi
2827 1471 2882 1520 et
2905 1465 3057 1520 Arati
3088 1471 3143 1521 et
3175 1465 3295 1535 ejus
3322 1464 3417 1537 qui
3457 1479 3577 1520 am-

2005 1550 2198 1606 borum
2227 1554 2560 1623 apparentiis
2588 1553 2912 1625 astipulator
2944 1554 3124 1619 venit,
3153 1554 3209 1610 in
3259 1553 3574 1624 pbaanome-

2005 1643 2093 1699 nis
2121 1651 2322 1708 errata,
2357 1643 2585 1699 lixarum
2619 1660 2838 1716 quoque
2881 1645 3160 1702 stellarum
3194 1645 3439 1700 omnium
3476 1659 3571 1700 ve-

2005 1747 2099 1789 ros
2122 1748 2245 1789 cum
2278 1734 2563 1789 duodecim
2593 1735 2824 1792 stellatis
2854 1735 3028 1807 signis
3055 1741 3211 1791 ortus
3232 1748 3576 1806 occasusque

2005 1827 2297 1897 perscripsi
2323 1826 2455 1893 tibi;
2492 1834 2574 1894 ut,
2615 1809 2870 1883 accurate
2898 1827 3166 1896 perceptis
3190 1825 3441 1899 singulis,
3468 1840 3575 1881 ca-

2003 1927 2242 1974 terorum
2293 1918 2351 1973 in
2388 1918 2511 1974 istis
2560 1919 2779 1974 decreta
2824 1917 3130 1988 cujusmodi
3181 1918 3291 1975 sint
3338 1917 3571 1989 probare

1999 2009 2199 2080 possis.
2228 2008 2415 2081 Neque
2451 2025 2578 2066 vero
2619 2018 2831 2065 tantum
2869 2010 2994 2067 illos
3026 2010 3308 2066 stellarum
3335 2023 3461 2065 cum
3489 2007 3538 2064 si

2001 2102 2123 2173 gnis
2147 2108 2301 2158 ortus
2345 2117 2686 2175 occasusque
2729 2117 3065 2174 persequar:
3112 2100 3210 2159 sed
3253 2100 3419 2157 etiam
3451 2116 3573 2173 quae

2000 2192 2338 2264 singulorum
2365 2195 2780 2251 asterismorum
2808 2194 2978 2252 stellae
2998 2193 3207 2264 primas,
3239 2208 3361 2264 quae
3387 2192 3572 2249 novis-

2000 2283 2151 2339 simae
2179 2285 2448 2350 oriantur,
2466 2293 2559 2340 aut
2587 2286 2858 2352 occidant,
2884 2301 3070 2357 quaeve
3093 2285 3323 2340 aliarum
3353 2284 3571 2341 culmen

1999 2382 2251 2443 teneant;
2301 2382 2417 2431 tum
2470 2391 2809 2447 unaquaeque
2867 2376 3150 2433 stellarum
3211 2376 3571 2432 inerrantium

2000 2473 2133 2537 quot
2168 2466 2639 2537 aequinoctialibus
2668 2467 2820 2523 horis
2849 2482 2974 2523 cum
3001 2467 3288 2523 duodecim
3321 2466 3459 2538 ipsis
3492 2467 3570 2522 si-

1999 2559 2126 2629 gnis
2167 2566 2346 2613 ortum
2391 2573 2755 2630 occasumque
2799 2558 2985 2613 faciat.
3032 2549 3316 2614 Postremo
3346 2566 3401 2613 et
3436 2556 3571 2612 illud

1999 2663 2290 2721 exponam,
2318 2648 2648 2720 quibusnam
2679 2649 2852 2705 stellis
2881 2650 3092 2723 singula
3124 2649 3313 2720 viginti
3338 2656 3571 2719 quatuor

2000 2738 2221 2796 horaria
2263 2744 2440 2811 spatia
2488 2741 2868 2796 terminentur.
2899 2739 3035 2796 Nam
3065 2741 3260 2797 borum
3291 2740 3570 2812 quodlibet

2001 2827 2070 2884 ad
2091 2829 2291 2886 multas
2319 2838 2373 2885 et
2404 2831 2706 2901 praecipuas
2737 2838 2920 2901 partes
2945 2831 3447 2887 mathematicarum
3476 2845 3569 2886 ar-

2000 2921 2139 2976 tium
2183 2921 2643 2992 opportunitatem
2689 2922 2884 2979 all'erre
2930 2935 3223 2983 summam.
3268 2920 3429 2977 facile
3468 2920 3569 2978 tibi

1999 3020 2342 3095 perspectum
2379 3027 2501 3069 esse
2527 3012 2763 3069 confido.

403 3206 481 3260 B'.
521 3206 643 3259 Ὅτι
678 3205 774 3277 μὲν
806 3202 898 3258 οὖν
929 3206 995 3277 τῇ
1017 3204 1245 3271 Εὐδόξου
1270 3205 1397 3275 περὶ
1428 3203 1537 3261 τῶν
1562 3205 1898 3277 φαινομένων

2071 3214 2140 3272 ιι.
2168 3215 2396 3272 Aratum
2431 3217 2598 3289 igitur
2641 3216 2854 3273 Eudoxi
2894 3218 2962 3273 de
3006 3218 3378 3289 phaenomenis
3420 3232 3570 3274 com-

336 3300 622 3371 ἀναγραφῇ
655 3296 1126 3369 κατηκολούθηκεν
1155 3300 1184 3350 ὁ
1218 3298 1473 3369 ¹Ἄρατος,
1512 3297 1673 3370 μάθοι
1707 3297 1804 3368 μὲν
1832 3297 1898 3352 ἄν

336 3410 420 3457 τις
447 3392 535 3446 διὰ
566 3391 844 3456 πλειόνων,
890 3388 1209 3462 παρατιθεὶς
1250 3391 1363 3453 τοῖς
1406 3390 1701 3461 ποιήμασιν
1732 3388 1896 3443 αὐτοῦ

335 3488 464 3555 περὶ
521 3486 748 3541 ἑκάστου
816 3483 924 3537 τῶν
985 3481 1289 3553 λεγομένων
1345 3480 1445 3545 τὰς
1513 3479 1606 3534 τοῦ
1669 3480 1895 3547 Εὐδόξου

336 3579 505 3644 λέξεις
527 3596 540 3610 ·
570 3580 669 3633 οὐκ
699 3581 967 3651 ἄχρηστον
998 3576 1055 3630 δὲ
1086 3576 1180 3630 καὶ
1205 3573 1298 3629 νῦν
1326 3574 1394 3629 δι’
1431 3574 1625 3643 ὀλίγων
1651 3574 1898 3646 ὑπομνῆ-

337 3685 448 3734 σαι,
475 3668 563 3723 διὰ
608 3668 670 3722 τὺ
717 3665 1062 3732 διστάζεσθαι
1102 3663 1260 3719 τοῦτο
1305 3663 1458 3736 παρὰ
1497 3666 1611 3741 τοῖς
1660 3663 1892 3728 πολλοῖς.

346 3758 698 3831 Ἀναφέρεται
742 3757 800 3810 δὲ
830 3758 908 3821 είς
942 3756 1033 3810 τὸν
1064 3746 1287 3819 Εὔδοξον
1320 3754 1363 3826 β’
1395 3754 1573 3825 βιϐλία
1615 3754 1743 3826 περὶ
1788 3753 1896 3808 τῶν

334 3848 695 3919 Φαινομένων,
729 3847 993 3919 σύμφωνα
1021 3845 1163 3900 κατά
1189 3844 1368 3900 πάντα
1411 3844 1593 3916 σχεδὸν
1629 3845 1893 3916 ἀλλήλοις,

334 3937 473 4009 πλὴν
518 3938 712 4007 ὀλίγων
744 3938 965 4009 σφόδρα.
997 3939 1072 3991 Τὸ
1106 3938 1205 4009 μὲν
1246 3934 1339 3992 οὖν
1364 3936 1423 3990 ἓν
1454 3936 1631 3991 αὐτῶν
1669 3939 1897 4009 ἐπιγρά-

335 4044 494 4098 φεται
525 4028 874 4097 Ἕνοπτρον,
923 4027 987 4081 τὸ
1023 4027 1081 4081 δὲ
1130 4028 1314 4099 ἕτερον
1367 4029 1721 4098 Φαινόμενα.
1752 4028 1895 4099 Πρὸς

335 4118 402 4174 τὰ
444 4120 773 4190 Φαινόμενα
814 4120 872 4174 δὲ
916 4121 1014 4194 τὴν
1065 4121 1282 4191 ποίησιν
1323 4120 1660 4191 συντέταχεν.
1710 4121 1796 4176 Ἐν
1829 4119 1895 4192 δὴ

335 4208 506 4280 τούτῳ
546 4210 624 4281 τῷ
673 4211 1005 4282 συντάγματι
1052 4209 1278 4275 Εὔδοξος
1320 4211 1446 4282 περὶ
1492 4209 1590 4281 μὲν
1627 4209 1723 4264 τοῦ
1757 4208 1897 4281 Δρά-

335 4315 522 4363 κοντος
574 4299 745 4364 οὐτως
793 4303 1024 4372 γράφει·
1074 4320 1092 4353 ι
1129 4301 1347 4369 Μεταξὺ
1393 4301 1451 4354 δὲ
1493 4300 1601 4357 τῶν
1644 4301 1894 4374 ’Λρκτων

334 4390 480 4445 ἐστὶν
522 4392 556 4462 ή
603 4391 696 4445 τοῦ
730 4394 943 4463 Ὄφεως
970 4392 1125 4465 οὐρὰ,
1157 4394 1248 4447 τὸν
1280 4392 1475 4465 μικρὸν
1506 4391 1710 4463 ἀστέρα
1754 4392 1893 4464 ὑπὲρ

332 4482 432 4552 τῆς
460 4482 709 4554 κεφαλῆς
735 4483 928 4555 ἔχουσα
964 4486 1065 4555 τῆς
1097 4485 1335 4558 μεγάλης
1373 4486 1639 4557 Ἀρκτουο
1672 4484 1894 4556 καμπὴν

1998 3310 2325 3364 mentarium
2369 3325 2494 3366 esse
2534 3319 2806 3374 secutum,
2860 3319 2986 3365 cum
3030 3325 3098 3365 ex
3139 3310 3388 3381 pluribus
3432 3324 3567 3366 con-

1997 3408 2148 3456 stare
2181 3407 2380 3470 potest,
2413 3400 2461 3456 si
2490 3402 2617 3471 quis
2655 3415 2781 3456 cum
2817 3400 2964 3458 illius
3009 3416 3173 3471 opere
3211 3402 3424 3473 poetico
3471 3416 3569 3473 per

1997 3491 2179 3562 capita
2227 3492 2461 3563 singula,
2509 3491 2678 3549 verba
2729 3492 2943 3549 Eudoxi
2994 3491 3247 3549 conferre
3298 3492 3564 3549 voluerit:

1996 3592 2115 3638 tum
2144 3584 2249 3638 hoc
2289 3584 2409 3639 loco
2435 3597 2866 3639 commemorare
2909 3583 3169 3649 breviter,
3204 3581 3348 3637 haud
3377 3583 3569 3639 inutile

1996 3675 2240 3742 videtur;
2270 3676 2416 3747 quod
2444 3690 2508 3731 ea
2528 3690 2620 3733 res
2645 3691 2676 3730 a
2698 3675 2975 3731 nonnullis
2997 3683 3223 3732 vocetur
3243 3676 3299 3730 in
3318 3674 3566 3732 dubium.

1995 3760 2113 3819 Duo
2153 3771 2283 3819 sunt
2333 3764 2401 3819 de
2448 3764 2817 3836 phaanomenis
2853 3765 3000 3832 libri,
3054 3764 3149 3836 qui
3197 3763 3422 3820 Eudoxo
3467 3767 3569 3819 tri-

1995 3853 2270 3922 buuntur;
2304 3869 2442 3925 pene
2474 3855 2531 3910 in
2567 3855 2823 3911 omnibus
2858 3856 3265 3911 consentientes
3309 3846 3566 3914 invicem.

1996 3955 2194 4018 praeter
2219 3945 2550 4016 paucissima
2578 3945 2846 4016 quaedam.
2871 3942 3079 4000 Horum
3105 3944 3242 4001 alter
3269 3943 3570 4013 inscriptus

1996 4046 2081 4095 est
2110 4037 2428 4109 Speculum,
2461 4037 2618 4103 alter,
2664 4036 3037 4093 Phanomena.
3071 4036 3155 4092 Ad
3193 4035 3341 4091 hunc
3386 4041 3571 4106 poste-

1995 4130 2197 4187 riorem
2236 4146 2374 4201 opus
2414 4145 2576 4188 suum
2619 4128 2819 4185 Aratus
2865 4128 3062 4201 exegit.
3102 4126 3162 4182 ln
3193 4127 3298 4182 hoc
3338 4140 3469 4182 vero
3497 4124 3568 4180 de

1996 4221 2243 4279 Dracone
2285 4223 2362 4278 ita
2394 4222 2588 4278 scribit
2629 4220 2927 4277 Eudoxus:
2978 4238 2998 4273 ι
3031 4217 3178 4273 Inter
3218 4215 3389 4273 Ursas
3414 4218 3566 4270 'vero

1999 4313 2280 4385 Serpentis
2306 4320 2390 4369 est
2437 4312 2611 4369 cauda
2646 4329 2661 4365 :
2709 4327 2832 4384 quae
2879 4311 3028 4365 illam
3069 4308 3321 4380 exiguam
3349 4304 3565 4363 stellam

1998 4419 2166 4474 supra
2210 4412 2373 4475 caput
2410 4404 2610 4465 attollit
2651 4402 2875 4471 majoris
2918 4399 3101 4467 Ursae;
3138 4396 3335 4453 ﬂexum
3383 4400 3565 4449 autem

1998 4494 2067 4550 ad
2101 4496 2329 4551 minoris
2363 4494 2513 4552 Ursae
2547 4501 2714 4565 caput
2746 4493 2935 4554 habet;
2962 4501 3016 4546 et
3049 4490 3153 4546 sub
3190 4486 3357 4559 pedes
3386 4484 3564 4556 porri-

332 4573 389 4628 δὲ
415 4573 529 4645 ἔχει
556 4576 708 4645 παρά
734 4575 832 4646 τὴν
862 4577 1100 4649 κεφαλὴν
1129 4578 1226 4650 τῆς
1266 4579 1468 4649 μικρᾶς
1510 4576 1769 4647 Ἀρκτου,
1801 4576 1896 4629 καὶ

2002 4589 2166 4660 gitur,
2193 4588 2266 4644 ibi
2290 4589 2518 4643 alterum
2548 4585 2751 4641 faciens
2779 4584 3012 4651 ﬂexum;
3042 4596 3106 4637 ac
3133 4593 3325 4637 rursus
3351 4576 3564 4647 erigens

332 4665 705 4737 παρατέταται
734 4667 837 4720 ὑπὸ
866 4669 992 4729 τοὺς
1023 4667 1187 4731 πόδας
1205 4684 1219 4697 ·
1259 4667 1451 4738 ἑτέραν
1474 4666 1531 4720 δὲ
1558 4666 1784 4738 καμπὴν
1812 4670 1897 4721 ἑν-

333 4756 504 4811 ταῦθα
528 4757 909 4829 ποιησάμενος,
945 4758 1104 4813 πάλιν
1134 4758 1405 4815 ἀνανεύων
1435 4758 1743 4830 ἔμπροσθεν
1783 4757 1894 4828 ἔχει

308 4812 429 4929 ὶτὴν
460 4812 701 4920 κεφαλην
725 4812 746 4879 ·“
780 4871 800 4901 ι
844 4812 969 4904 ’δὲ
1014 4851 1265 4923 ΙἌρατος,
1299 4812 1480 4916 ὡςνᾶν.
1511 4812 1893 4922 παραγράφῶν

337 4940 519 5007 ταῦτα,
555 4941 718 5012 φησίν
738 4958 753 4974 ο

337 5076 529 5148 semp
569 5077 656 5148 ὅγξ
689 5077 885 5145 ἄλλην
924 5078 1043 5148 μὲν
1081 5076 1263 5148 νεάτῃ
1302 5077 1651 5148 ἐπιτείνεται
1705 5074 1853 5148 οὐρῇ
1879 5092 1893 5108 '

336 5147 575 5217 ’Ἄλλην
597 5146 666 5217 δὲ
701 5148 918 5216 σπείρῃ
930 5146 1363 5217 περιτέμνεται.
1408 5147 1472 5203 Ἠ
1652 5150 1705 5201 οι
1742 5146 1893 5217 ᾅκρη

338 5215 498 5284 Οὺρὴ
542 5216 663 5286 πάρ
711 5215 985 5287 κεφαλὴν
1014 5215 1280 5285 ίἙλῖκης
1325 5216 1892 5314 datortmivst'a.r

335 5354 552 5425 Σπείρῃ
590 5353 657 5426 ὅθί
694 5354 763 5410 ἐν
793 5356 1148 5427 Κυνόσουρα
1184 5355 1335 5425 κάρη
1365 5353 1511 5425 ἔχει.
1560 5354 1631 5410 Ἦ
1650 5301 1886 5427 ᾂθκῖιοέθ

337 5494 589 5565 Eat-2km
615 5492 913 5565 κεφαλὴν,
939 5497 1039 5551 καί
1081 5499 1136 5551 οὶ
1161 5494 1345 5562 ποδός
1365 5495 1599 5565 ἔρχεται
1624 5421 1877 5563 (Imm

347 5562 449 5618 Ἐκ
485 5564 537 5618 δ’
565 5559 734 5630 αὖτίς
764 5559 1131 5635 παλίνορσος
1161 5559 1487 5635 ἀνατρέχει.

2002 4697 2145 4747 sese,
2191 4683 2248 4737 in
2295 4679 2568 4735 anteriora
2597 4685 2760 4748 caput
2796 4675 3056 4732 extendit.
3098 4691 3117 4726 ι
3166 4671 3368 4726 Aratus
3398 4681 3565 4739 porro

2000 4772 2149 4827 velut
2171 4771 2276 4826 ista
2300 4768 2638 4833 describens,
2671 4767 2752 4823 sic
2788 4764 3065 4836 loquitur:

1996 5077 2100 5133 Sed
2128 5076 2210 5130 hic
2237 5076 2463 5130 alteram
2491 5073 2699 5145 quidem
2734 5081 2967 5145 extrema
2988 5063 3458 5145 emetituccauda:

1994 5148 2234 5202 Alteram
2264 5162 2380 5200 vero
2405 5136 2553 5215 spira
2593 5140 3092 5215 circumscribit._Ei
3119 5136 3327 5210 quidem
3357 5147 3564 5189 summa

1996 5217 2185 5274 Cauda
2212 5215 2280 5269 ad
2309 5208 2463 5284 caput
2498 5215 2706 5270 Helices
2737 5214 2957 5285 quiescit
3000 5208 3170 5266 Ursa}.

1997 5346 2066 5403 1η
2088 5349 2234 5418 spira
2258 5361 2377 5400 vero
2398 5343 2674 5418 Cynosura
2694 5351 2851 5415 caput
2871 5342 3044 5397 habet.
3068 5338 3198 5397 Hau:
3222 5333 3563 5479 αιιῗξέἒὲἐζεα

3242 5420 3245 5423 ν
3321 5423 3338 5458 2

1996 5485 2703 5614 ἓιςιιιτυέινιέξτῖίιέῖεεέ
3174 5420 3375 5550 “at:

404 5748 449 5779 '°
471 5747 593 5819 Reg.
624 5749 1083 5825 ἐπαγγελλόμενος
1114 5752 1171 5807 ἑν
1195 5753 1305 5817 τοῖς
1323 5752 1441 5825 οὐρ.
1474 5766 1632 5822 προσ.
1664 5749 1756 5805 καὶ
1791 5728 2172 5819 διαμαρτάνων
2202 5739 2311 5796 τῶν
2334 5740 2394 5794 ἑν
2422 5739 2512 5795 αὐ.
