4132 6440
382 373 518 426 1013
1365 371 1728 427 HiPPARCHI
1774 371 1862 424 AD
1903 369 1972 423 [Ἰῖ

2075 367 2348 423 NOMENA
2390 370 2515 425 LIB.
2545 371 2584 425 1.
3476 377 3627 434 lilii.

379 485 458 550 τῷ
481 482 905 554 ἐπιγραφομένῳ
941 483 1233 552 Ἑνόπτρῳ
1260 484 1351 538 τὸν
1373 485 1628 557 τροπικὸν
1657 483 1946 554 τέμνεσθαί

2075 498 2210 550 |uem
2266 484 2599 552 Ἔνοπτρον
2643 484 2952 556 inscripsit,
3005 487 3272 556 tropicum
3321 489 3394 542 ita
3437 494 3610 545 secari

383 594 546 648 φησιν
566 575 759 639 οὕτως,
790 574 930 629 ὥστε
957 575 1112 644 λόγον
1143 576 1284 647 ἔχειν
1310 577 1375 630 τὰ
1402 582 1661 650 τμήματα
1697 577 1829 648 πρὸς
1857 577 1947 630 άλ-

2075 575 2230 637 Iocet,
2270 585 2328 628 ut
2363 591 2426 628 ea
2463 577 2533 629 sit
2568 576 2706 629 ratio
2741 585 3145 648 scgmeutorum
3191 581 3334 635 inter
3375 597 3452 644 se,
3493 599 3618 647 eum

383 670 518 740 ληλα
545 670 635 724 τὸν
660 671 842 734 αὐτὸν,
874 665 986 722 οἷον
1015 668 1127 738 ἔχει
1159 669 1227 722 τὰ
1264 676 1304 723 ε’
1338 669 1473 740 πρὸς
1501 671 1568 723 τὰ
1601 676 1668 737 γ’.
2049 675 2131 721 est
2155 668 2187 721 5
2211 668 2274 721 ad
2309 668 2361 721 5.

455 787 531 840 A’.
565 787 685 838 Ὅτι
723 785 819 856 μὲν
851 780 942 838 οῦν
967 785 1178 855 Εὐδόξῳ
1205 784 1645 855 ἐπακολουθήσας
1667 786 1694 836 6
1719 786 1951 854 Ἄρατος

388 879 678 948 συντέταχε
711 877 780 930 τὰ
805 879 1155 948 «ῥαινόμενα,
1182 877 1378 940 ἱκανῶς
1407 873 1557 947 οἶμαι
1576 875 1843 930 δεικνύναι
1866 875 1952 929 διὰ

385 969 494 1023 τῶν
520 970 930 1041 προειρημένων
949 986 962 998 ·
997 972 1055 1023 ὲν
1083 965 1165 1033 οἷς
1199 969 1256 1022 δὲ
1301 969 1679 1023 διαπίπτουσιν
1707 963 1852 1022 οὗτοί
1891 985 1951 1019 τε

388 1064 481 1115 καὶ
500 1064 548 1115 οἱ
573 1063 1101 1134 συνεπιγραφόμενοι
1127 1064 1330 1126 αὐτοῖς,
1350 1056 1423 1118 ὧν
1445 1065 1560 1116 ἐστι
1586 1063 1680 1117 καὶ
1708 1064 1736 1118 6
1759 1064 1954 1117 Ἀττα-

390 1153 499 1217 λος,
530 1153 624 1207 νῦν
653 1154 1006 1225 ὐποδείξομεν
1029 1172 1044 1187 ο
1078 1153 1425 1226 ἐκθησόμεθα
1457 1155 1514 1208 δὲ
1536 1155 1735 1219 εὐθέως
1773 1156 1867 1208 καὶ
1897 1157 1954 1216 ὲν

2126 782 2276 851 101
2312 783 2396 837 IV.
2417 783 2638 836 Aratum
2658 783 2822 854 igitur
2840 783 3062 840 Eudoxo
3080 787 3133 838 in
3150 787 3403 840 Omnibus
3424 800 3613 841 asseu.

2055 874 2273 928 lieutem
2330 871 2682 928 Phwnomeua
2733 889 2830 930 sua
2885 877 3300 946 conscripsisse,
3351 877 3486 931 satis
3529 894 3616 931 me

2057 966 2292 1020 arbitror
2317 967 2582 1022 hactenus
2609 965 2934 1022 ostendisse.
2993 967 3149 1022 Nunc
3180 977 3249 1024 eat
3263 969 3618 1024 'denionstra-

2053 1059 2254 1123 bimus,
2308 1060 2364 1113 in
2420 1061 2620 1130 quibus
2674 1068 2784 1114 tam
2849 1061 3170 1117 aberrarunt
3219 1061 3379 1116 iidem
3433 1061 3615 1122 ambo,

2053 1166 2220 1220 quam
2255 1151 2347 1220 qui
2377 1151 2485 1206 illis
2523 1150 2970 1221 subscripserunt
3003 1170 3015 1204 :
3055 1167 3086 1205 e
3114 1151 3312 1221 quibus
3346 1157 3428 1205 est
3461 1150 3618 1203 Atta-

388 1239 470 1307 οἷς
497 1245 600 1316 ἰδία
623 1246 850 1308 ἕκαστος
878 1245 1057 1299 αὐτῶν
1089 1246 1465 1318 διαμαρτάνει,
1495 1247 1839 1318 Προληπτέον
1874 1247 1952 1309 δὲ,

388 1336 522 1392 διότι
567 1338 830 1402 Ἀτταλος
879 1339 1012 1392 πᾶσι
1060 1339 1244 1409 σχεδὸν
1283 1341 1396 1403 τοῖς
1437 1339 1543 1392 ὑπὸ
1590 1339 1685 1392 τοῦ
1729 1339 1964 1410 Ἀράτου,

390 1427 702 1499 λεγομένοις
736 1431 864 1500 περὶ
899 1431 1008 1484 τῶν
1049 1431 1313 1500 οὐρανίων
1355 1431 1842 1502 συνεπιγράφεται,
1881 1431 1956 1494 ὡς

394 1522 696 1592 συμφώνως
742 1524 856 1585 τοῖς
900 1522 1244 1593 φαινομένοις
1277 1521 1370 1574 ὑπ’
1412 1521 1576 1575 αὐτοῦ
1623 1521 1958 1593 λεγομένοις,

395 1613 533 1684 πλὴν
567 1615 650 1684 ἐφ’
681 1614 799 1678 ἑνὸς
835 1616 930 1670 καὶ
974 1616 1257 1686 δευτέρου·
1294 1615 1330 1670 ἃ
1373 1615 1437 1687 δὴ
1476 1616 1570 1668 καὶ
1609 1614 1956 1686 ὐποδείξομεν

393 1704 453 1757 ὲν
493 1709 607 1770 τοῖς
649 1707 866 1778 ἐφεξῆς.
929 1707 1089 1775 Λέγει
1125 1707 1254 1776 γοῦν
1320 1708 1377 1760 ὲν
1421 1707 1496 1778 τῷ
1561 1707 1826 1778 προοιμίῳ
1869 1707 1958 1760 τὸν

393 1801 592 1871 τρόπον
626 1800 849 1854 τοῦτονο
897 1818 917 1851 ι
942 1801 1033 1856 Διὸ
1071 1801 1136 1870 δὴ
1177 1802 1296 1855 τότε
1349 1801 1441 1854 τοῦ
1480 1801 1706 1872 Ἀράτου
1758 1800 1958 1870 βιϐλίον

392 1889 872 1960 ὲξαπεστάλκαμέν
899 1909 980 1966 σοι
1007 1891 1380 1962 διωρθωμένον
1411 1893 1500 1961 ὐφ’
1529 1891 1709 1962 ἡμῶν,
1737 1893 1832 1945 καὶ¹
1859 1893 1960 1962 τὴν

395 1982 656 2054 ἐξήγησιν
707 1984 905 2047 αὐτοῦ,
933 1987 1042 2048 τοῖς
1084 2002 1143 2037 τε
1179 1984 1522 2055 φαινομένοις
1569 1984 1773 2039 ἕκαστα
1819 1985 1957 2055 σύμ-

397 2092 548 2143 φωνα
587 2077 910 2145 ποιήσαντες
935 2078 1028 2130 καὶ
1055 2081 1166 2141 τοῖς
1197 2079 1300 2131 ὑπὸ
1330 2078 1424 2131 τοῦ
1461 2077 1684 2148 ποιητοῦ
1715 2094 1961 2149 γεγραμ-

399 2166 580 2236 μένοις
609 2167 873 2220 ἀδιόλουθα
919 2188 936 2218 ι
970 2169 1080 2222 Καὶ
1119 2170 1277 2223 πάλιν
1309 2169 1436 2239 ἑξῆς
1483 2186 1646 2238 φησιο
1682 2188 1700 2220 ι
1723 2169 1874 2240 Τάχα
1901 2169 1960 2223 δέ

396 2272 540 2320 τινες
567 2256 880 2327 ἐπιζητοῦσι
903 2258 1004 2312 τίνι
1029 2259 1169 2330 λόγῳ
1201 2259 1509 2322 πεισθέντες
1540 2260 1716 2330 φαμὲν
1742 2259 1963 2312 ἀκολού-

398 2345 507 2410 θως
534 2351 600 2419 τῇ
645 2347 740 2402 τοῦ
785 2349 1010 2420 ποιητοῦ
1049 2351 1360 2421 προαιρέσει
1402 2350 1500 2422 τὴν
1545 2350 1826 2420 διόρθωσιν
1868 2350 1960 2404 τοῦ

401 2437 609 2507 βιϐλίου
642 2440 991 2510 πεποιῆσθαι.
1025 2441 1212 2512 Ἡμεῖς
1237 2442 1294 2495 δὲ
1326 2443 1760 2514 ἀναγκαιοτάτην
1786 2443 1964 2497 αἰτίαν

398 2530 720 2602 ἀποδίδομεν
749 2531 846 2604 τὴν
873 2533 964 2587 τοῦ
1010 2534 1232 2604 ποιητοῦ
1278 2535 1612 2605 συμφωνίαν.
1650 2554 1668 2586 ι
1697 2534 1964 2606 Τοιαύτην

398 2615 490 2674 οῦν
517 2621 730 2692 ἔχοντος
753 2623 846 2677 τοῦ
882 2627 1134 2680 Ἀττάλου
1165 2627 1263 2700 τὴν
1294 2628 1564 2699 διάληψιν,
1599 2630 1701 2683 ὃσα
1737 2627 1804 2682 ἂν
1829 2629 1963 2682 ἀπο-

397 2711 730 2786 δεικνύωμεν
759 2715 866 2769 τῶν
890 2717 992 2770 ὑπὸ
1011 2717 1104 2770 τοῦ
1143 2719 1368 2791 ’Λράτου
1395 2721 1486 2773 καὶ
1516 2719 1747 2787 Εὐδόξου
1774 2719 1966 2783 κοινῶς

400 2803 707 2874 λεγομένων
733 2806 1104 2874 διαφωνοῦντα
1133 2810 1267 2880 πρὸς
1297 2810 1365 2862 τὰ
1396 2809 1716 2880 φαινόμενα,
1755 2809 1836 2863 δεῖ
1860 2809 1968 2864 δια-

400 2893 700 2964 λαμϐάνειν
721 2899 814 2951 καὶ
841 2899 930 2951 τὸν
956 2898 1215 2952 Ἀτταλον
1249 2900 1377 2970 περὶ
1406 2900 1514 2954 τῶν
1541 2901 1716 2954 αὐτῶν
1736 2903 1968 2972 διημαρ-

401 2986 648 3057 τημένως
681 2990 1228 3060 συναποφαινόμενον.

2056 1241 2162 1295 lus.
2197 1241 2406 1306 Quibus
2445 1255 2509 1294 ea
2550 1241 2806 1312 deinceps
2843 1241 3182 1311 adjiciemus,
3219 1257 3338 1312 quae
3370 1243 3618 1312 privatim

2058 1332 2125 1386 ab
2160 1346 2487 1402 unoquoque
2517 1341 2737 1402 peccata
2783 1341 2930 1388 sunt.
2973 1333 3080 1388 Sed
3117 1333 3247 1388 illud
3287 1341 3443 1387 antea
3472 1335 3620 1404 cogi-

2057 1423 2280 1485 tandum
2327 1433 2411 1478 est
2444 1443 2457 1477 ε
2491 1422 2726 1478 Attalum
2757 1425 3012 1480 omnibus
3044 1423 3179 1488 fere,
3215 1440 3336 1495 quae
3361 1424 3428 1478 ab
3454 1423 3621 1478 Arato

2059 1514 2374 1574 cmlestibus
2416 1513 2484 1569 de
2530 1514 2695 1570 rebus
2730 1515 2944 1586 prodita
2988 1524 3140 1580 sunt,
3181 1515 3461 1578 assentiri,
3499 1523 3622 1568 tan-

2060 1620 2222 1676 quam
2277 1612 2426 1660 recte
2471 1615 2525 1659 et
2581 1612 2946 1675 congruenter
3008 1605 3099 1669 iis,
3153 1619 3276 1675 qua:
3337 1611 3619 1675 apparent,

2059 1698 2330 1768 explicata
2378 1696 2618 1763 fuerint;
2664 1697 2711 1752 si
2755 1712 2924 1752 unum
2973 1697 3060 1752 vel
3103 1697 3330 1751 alterum
3357 1695 3620 1766 excipias,

2059 1791 2127 1846 de
2169 1790 2370 1859 quibus
2418 1799 2603 1860 postea
2655 1788 2886 1845 dicetur.
2923 1789 3015 1844 Sic
3052 1789 3216 1860 igitur
3255 1789 3312 1842 in
3360 1787 3625 1858 procemio

2066 1883 2305 1953 loquitur
2343 1883 2556 1938 Attalus
2614 1902 2626 1936 :
2683 1901 2702 1934 ι
2753 1881 3045 1953 Propterea
3085 1895 3187 1936 nos
3232 1879 3382 1933 Arati
3425 1878 3624 1933 librum

2061 1977 2126 2031 ad
2171 1984 2222 2031 te
2256 1975 2502 2032 misimus
2532 1973 2877 2030 emendatum
2906 1988 2936 2027 a
2965 1973 3144 2037 nobis,
3175 1987 3284 2026 una
3320 1986 3444 2027 cum
3479 1970 3626 2026 illius

2064 2068 2528 2140 interpretatione,
2585 2067 2720 2123 adeo
2775 2074 2835 2122 ut
2885 2074 2939 2121 et
2995 2064 3332 2137 apparentiis
3392 2077 3628 2118 consen-

2064 2167 2225 2215 tanea
2271 2166 2326 2215 et
2383 2173 2506 2213 cum
2546 2165 2717 2228 poetae
2761 2157 3076 2214 narratione
3122 2153 3480 2226 congruentia
3515 2153 3628 2207 sin-

2065 2254 2192 2323 gula
2237 2251 2561 2307 faceremus.
2605 2270 2624 2303 »
2663 2250 2808 2306 Idem
2852 2250 3111 2320 deinceps
3144 2247 3211 2303 ad
3251 2261 3374 2303 eum
3405 2245 3628 2301 modum

2066 2345 2255 2401 scribit
2315 2361 2329 2396 :
2377 2362 2396 2394 ‹
2459 2342 2714 2410 Quaerent
2762 2342 2930 2412 aliqui
2978 2340 3210 2395 fortasse
3257 2352 3367 2408 qua
3418 2335 3632 2390 ratione

2067 2438 2194 2494 freti
2237 2437 2558 2502 dixerimus,
2591 2443 2958 2492 consentanee
2996 2441 3169 2504 poetae
3197 2430 3476 2502 proposito
3505 2428 3631 2482 libri

2069 2547 2170 2588 nos
2214 2531 2364 2587 illius
2413 2529 2848 2586 emendationem
2902 2526 3226 2583 instituisse.
3277 2523 3452 2594 Hujus
3502 2536 3631 2576 vero

2072 2638 2293 2680 causam
2315 2638 2415 2678 nos
2451 2621 2780 2694 praecipuam
2822 2619 3164 2682 adducimus,
3197 2624 3370 2687 poeta
3400 2629 3636 2670 consen-

2072 2717 2302 2774 sionem.
2374 2735 2394 2768 ι
2439 2717 2574 2772 Cum
2641 2717 2755 2770 haec
2814 2713 2977 2767 Attali
3027 2712 3292 2767 sententia
3341 2709 3434 2771 sit,
3493 2723 3634 2777 quae.

2072 2825 2288 2881 cunque
2327 2810 2398 2864 ab
2450 2808 2635 2872 Arato,
2678 2809 2761 2863 vel
2817 2807 3041 2862 Eudoxo
3089 2803 3448 2859 communiter
3487 2801 3633 2855 dicta

2073 2901 2298 2956 minime
2353 2915 2477 2955 cum
2535 2899 2865 2971 apparentiis
2927 2895 3220 2951 convenire
3294 2894 3634 2947 demonstra-

2076 2994 2276 3057 bimus,
2309 2992 2499 3048 eadem
2534 2993 2602 3046 ab
2635 2990 2816 3045 Attalo
2844 3004 3058 3061 quoque
3093 2985 3390 3058 putandum
3416 2984 3635 3053 scripta

2071 3102 2193 3143 esse
2223 3085 2504 3140 mendose.

475 3183 548 3236 E'.
583 3183 807 3254 Πρῶτον
845 3185 942 3254 μὲν
977 3179 1068 3238 οὖν
1107 3187 1135 3238 6
1179 3186 1413 3256 ’Ἄρατος
1450 3187 1660 3256 ἀγνοεῖν
1696 3203 1785 3256 μοι
1827 3185 1971 3238 δοκεῖ

2147 3195 2213 3251 ν.
2250 3195 2493 3251 Primum
2521 3195 2684 3266 igitur
2699 3194 2898 3248 Aratus
2926 3193 2976 3246 in
3000 3189 3186 3246 mundi
3223 3189 3331 3243 situ
3351 3187 3636 3242 aberrasse

403 3274 467 3326 15
517 3273 750 3346 ἕγκλιμα
777 3274 870 3327 τοῦ
916 3277 1142 3347 κόσμου,
1189 3277 1423 3347 νομίζων
1453 3281 1510 3331 ἐν
1542 3281 1653 3342 τοῖς
1698 3279 1824 3349 περὶ
1875 3277 1971 3350 τὴν

417 3364 645 3435 Ἑλλάδα
677 3367 861 3431 τόποις
907 3368 1146 3422 τοιοῦτον
1191 3365 1348 3436 εἶναι,
1384 3370 1524 3424 ὥστε
1557 3371 1654 3432 τὴν
1713 3371 1972 3443 μεγίστην

406 3457 621 3529 ἡμέραν
671 3457 826 3528 λόγον
859 3459 1000 3530 ἔχειν
1039 3461 1175 3531 πρὸς
1206 3461 1304 3532 τὴν
1337 3462 1622 3533 ἐλαχίστην
1666 3462 1757 3516 τὸν
1789 3463 1970 3526 αὐτὸν,

407 3551 467 3604 ὃν
492 3552 602 3622 έχει
630 3553 700 3606 τὰ
724 3559 764 3606 ε’
805 3554 940 3623 πρὸς
978 3553 1047 3607 τὰ
1077 3562 1143 3622 γ’.
1180 3556 1340 3625 Λέγει
1370 3556 1478 3628 γὰρ
1506 3557 1598 3611 ἐπὶ
1638 3555 1732 3610 τοῦ
1763 3556 1972 3628 θερινοῦ

407 3661 670 3714 τροπικου
695 3661 708 3675 ο

417 3803 527 3874 Τοῦ
559 3803 686 3874 μὲν,
705 3803 855 3858 ὅσον
881 3821 946 3858 τε
969 3805 1235 3874 μάλιστα
1266 3806 1338 3860 δι’
1365 3805 1518 3859 ὀκτὼ
1545 3807 1939 3874 μετρηθέντος

410 3872 598 3946 Πέντε
616 3873 735 3946 per
763 3872 1292 3946 ἐνδιαό-τρέφετιιι,
1317 3877 1415 3930 καὶ
1447 3872 1737 3946 ὑπέρτερα
1769 3875 1940 3943 γαίης
1959 3892 1972 3907 ⁶

417 3944 494 3996 Τὰ
532 3945 662 4012 τρία
693 3943 752 3996 '6’
780 3945 850 3998 ἐν
875 3943 1121 4016 περάτῃ.

485 4098 860 4169 Συμφωνεῖται
886 4099 971 4170 δὴ,
987 4099 1121 4153 διότι
1152 4101 1211 4153 ἐν
1237 4101 1335 4172 μὲν
1352 4103 1464 4166 τοῖς
1485 4101 1614 4173 περὶ
1636 4102 1736 4172 τὴν
1759 4081 1979 4156 Ἑλλάδα

414 4187 602 4251 τόποις
638 4191 666 4242 6
710 4189 945 4260 γνώμων
986 4191 1144 4258 λόγον
1193 4177 1308 4269 ἔχει
1344 4191 1482 4263 πρὸς
1517 4192 1617 4262 τὴν
1663 4193 1980 4262 ἰσημερινὴν

418 4281 599 4346 σκιὰν,
639 4280 698 4335 ὂν
731 4282 842 4352 ἔχει
873 4282 941 4336 τὰ
971 4283 1213 4354 τέσσαρα
1256 4284 1394 4355 πρὸς
1430 4284 1502 4338 τὰ
1538 4284 1685 4356 τρία.
1739 4285 1884 4337 Ἐκεῖ
1917 4285 1982 4356 δὴ

413 4375 593 4428 τοίνυν
622 4375 656 4445 ἡ
690 4374 918 4446 μεγίστη
954 4375 1137 4446 ἡμέρα
1178 4375 1326 4430 ἐστὶν
1363 4375 1533 4447 ὡρῶν,
1562 4375 1892 4449 ίσημερινῶν
1923 4375 1980 4429 ιδ’

2072 3291 2292 3346 videtur
2330 3309 2342 3344 :
2382 3289 2475 3360 qui
2504 3287 2768 3358 ejusmodi
2807 3287 2958 3341 illum
2992 3298 3114 3340 esse
3151 3291 3302 3354 putat
3326 3281 3380 3334 in
3403 3277 3632 3345 Cra-cia,

2081 3390 2140 3437 ut
2163 3382 2398 3436 maxima
2427 3381 2545 3436 dies
2565 3395 2682 3435 eam
2716 3378 2783 3432 ad
2810 3377 3088 3432 minimam
3121 3374 3384 3429 rationem
3416 3371 3632 3436 habeat,

2075 3489 2237 3543 quam
2278 3474 2518 3543 quinque
2549 3473 2748 3527 habent
2780 3469 2846 3524 ad
2877 3468 3000 3522 tria.
3031 3465 3166 3521 Nam
3209 3465 3275 3520 de
3315 3462 3501 3518 aestivo
3529 3468 3638 3516 tro-

2075 3568 2194 3638 pico
2224 3566 2302 3622 sic
2325 3565 2564 3636 loquitur
2594 3583 2607 3618 :

2084 3810 2197 3865 Hoc
2226 3826 2372 3872 sapae,
2402 3817 2629 3877 quantus
2649 3815 2874 3876 quantus
2903 3814 3002 3866 est,
3034 3804 3089 3856 in
3116 3810 3228 3855 octo
3255 3807 3429 3869 partes
3451 3796 3659 3869 diviso,

2082 3880 2319 3950 Quinque
2347 3878 2552 3950 quidem
2578 3881 2852 3931 volvuntur
2873 3887 3032 3943 supra
3069 3883 3260 3926 terram
3290 3887 3309 3935 ;

2081 3951 2208 4004 Tres
2238 3949 2412 4003 autem
2442 3949 2606 4017 infra.

2152 4108 2250 4164 Est
2289 4115 2468 4163 autem
2517 4105 2659 4176 apud
2707 4119 2896 4168 omnes
2935 4103 2992 4158 in
3029 4099 3307 4164 confesso,
3341 4099 3397 4154 in
3424 4096 3667 4153 Graeciae

2083 4205 2263 4254 tractu
2294 4185 2619 4268 gnomonem
2669 4195 2810 4250 hanc
2841 4193 2907 4248 ad
2933 4189 3364 4262 mquinoctialem
3397 4187 3644 4240 umbram

2085 4288 2492 4360 proportionem
2531 4285 2763 4346 habere,
2814 4297 2936 4354 quae
2984 4289 3070 4336 est
3109 4285 3342 4350 quatuor
3391 4273 3459 4329 ad
3515 4273 3642 4327 tria.

2084 4378 2264 4446 Quare
2321 4377 2518 4434 ibidem
2578 4375 2813 4430 maxima
2867 4373 2985 4429 dies
3037 4373 3295 4426 horarum
3346 4374 3427 4422 est
3478 4365 3646 4435 aequi-

417 4467 514 4520 καὶ
553 4471 603 4533 γ’
644 4465 871 4534 ἔγγιστα
919 4465 1374 4536 πεμπτημορίων.
1411 4464 1483 4517 Τὸ
1531 4464 1588 4517 δὲ
1633 4464 1845 4537 έξαρμα
1887 4465 1972 4519 τοῦ

2090 4471 2406 4528 noctialium
2437 4471 2503 4523 M
2543 4476 2597 4524 et
2647 4466 2730 4522 ὅθ’
2759 4465 2997 4520 circiter.
3030 4461 3148 4518 Poli
3195 4467 3372 4516 autem
3417 4455 3646 4511 altitudo

419 4557 584 4610 πόλου
623 4557 828 4628 μοιρῶν
870 4557 948 4622 λζ’
976 4557 1052 4620 ὡς
1096 4556 1344 4626 ἔγγιστα.
1390 4559 1564 4612 Ὅπου
1600 4559 1716 4630 δὲή
1752 4560 1979 4632 μεγίστη

418 4649 604 4721 ἡμέρα
642 4649 801 4719 λόγον
847 4649 961 4720 ἔχει
1007 4651 1142 4723 πρὸς
1183 4651 1280 4722 τὴν
1311 4652 1624 4723 ἐλαχίστην,
1660 4652 1719 4706 δν
1766 4652 1878 4724 ἔχει
1918 4654 1987 4706 τὰ

421 4747 461 4794 ε’
491 4743 627 4812 πρὸς
655 4741 724 4795 τὰ
751 4747 821 4810 γ’,
841 4743 958 4794 ἐκεῖ
987 4743 1019 4812 ἡ
1053 4743 1153 4814 μὲν
1183 4744 1416 4815 μεγίστη
1449 4744 1631 4816 ἡμέρα
1661 4745 1806 4800 ἐστὶν
1827 4743 1986 4816 ὡρῶν

425 4838 486 4884 ιε’
505 4849 517 4861 ο
546 4831 609 4883 τὸ
630 4831 688 4895 δὲ
716 4831 931 4903 έξαρμα
963 4831 1072 4884 τοῦ.
1095 4831 1256 4885 πόλου
1285 4833 1488 4905 μοιρῶν
1511 4840 1598 4905 μα’
1631 4833 1706 4896 ὡς
1740 4833 1986 4902 ἔγγιστα.

424 4922 592 4992 Δῆλον
615 4921 817 4986 τοίνυν,
834 4921 916 4974 ὅτι
940 4921 1000 4974 οὐ
1025 4919 1248 4975 δυνατὸν
1271 4923 1330 4975 ὲν
1357 4924 1470 4985 τοῖς
1495 4924 1623 4994 περὶ
1644 4922 1743 4994 τὴν
1766 4920 1990 4977 Ἐλλάδα

423 5011 518 5064 τὸν
548 5011 946 5083 προειρημένον
978 5007 1118 5064 εἶναι
1151 5009 1308 5079 λόγον
1344 5011 1446 5082 τῆς
1483 5011 1745 5082 μεγίστης
1778 5011 1991 5084 ἡμέρας

427 5103 565 5175 πρὸς
593 5104 694 5176 τὴν
739 5103 1050 5175 ἐλαχίστην,
1081 5102 1220 5157 ἀλλὰ
1253 5103 1452 5174 μᾶλλον
1479 5105 1535 5156 ὲν
1587 5106 1699 5167 τοῖς
1730 5105 1858 5176 περὶ
1899 5103 1991 5156 τὸν

441 5195 834 5265 Ἑλλήσποντον
877 5196 1084 5258 τόποις.
1123 5195 1382 5264 Καίτοιγε
1423 5197 1452 5248 6
1487 5196 1584 5266 μὲν
1610 5195 1865 5267 Ἄρατος,
1893 5195 1994 5248 οὐκ

432 5287 526 5356 ἀφ’
551 5289 744 5341 ἑαυτοῦ
773 5288 953 5359 κρίσιν
983 5288 1112 5359 περὶ
1140 5287 1248 5341 τῶν
1279 5287 1534 5340 τοιούτων
1569 5289 1992 5360 προφερόμενος,

433 5380 710 5450 γέγραφεν
737 5421 750 5445 ,
788 5379 927 5432 ἀλλὰ
969 5379 1048 5451 τῷ
1076 5379 1294 5450 Εὐδόξῳ
1326 5380 1421 5433 καὶ
1466 5380 1594 5451 περὶ
1638 5380 1827 5433 τούτου
1861 5396 1994 5433 κατ-

431 5474 800 5546 ακολουθήσας
818 5491 832 5504 ο
872 5476 920 5528 εί
944 5474 1000 5528 δὲ
1028 5475 1121 5529 καὶ
1149 5476 1242 5544 ἀφ’
1275 5472 1468 5528 ἑαυτοῦ
1489 5473 1784 5545 γέγραφεν,
1803 5473 1862 5525 οὐ
1884 5473 1998 5526 δια-

438 5564 689 5639 σαφήσας
726 5569 783 5620 ὲν
805 5568 976 5632 ποίοις
996 5569 1144 5622 ἐστὶν
1171 5571 1204 5641 ἡ
1231 5567 1598 5640 προειρημένη
1640 5567 1876 5636 ἔγκλισις
1902 5565 1996 5620 τοῦ

439 5663 680 5734 κόσμου,
733 5662 874 5733 τάχα
932 5662 998 5716 ἂν
1054 5663 1194 5718 κατά
1241 5679 1304 5730 γε
1350 5660 1508 5713 τοῦτο
1553 5660 1887 5732 διακρούοιτο
1936 5659 1998 5712 τὸ

439 5753 707 5829 ἐγκλημα.
794 5755 850 5808 '0
912 5753 1158 5826 μέντοιγε
1223 5752 1484 5817 Ἀτταλος
1560 5750 1998 5832 ὁμολογουμένως

2088 4564 2321 4632 partium
2353 4572 2437 4616 est
2466 4559 2576 4615 fere
2611 4558 2700 4612 37.
2738 4557 2807 4610 At
2854 4555 2946 4610 ubi
2983 4553 3232 4608 maximae
3277 4549 3384 4604 diei
3419 4547 3557 4602 ratio
3578 4545 3647 4600 ad

2091 4652 2468 4708 brevissimam
2507 4647 2775 4713 eiusmodi
2807 4653 2910 4710 est,
2946 4643 3125 4714 qualis
3150 4648 3233 4697 est
3254 4641 3288 4696 6
3316 4637 3384 4693 ad
3403 4637 3458 4698 5.
3492 4636 3565 4690 ibi
3593 4643 3650 4690 et

2091 4745 2210 4800 dies
2250 4743 2484 4797 maxima
2533 4739 2792 4794 horarum
2833 4746 2918 4791 est
2960 4734 3047 4798 15,
3099 4740 3155 4786 et
3194 4731 3352 4802 polus
3391 4727 3648 4799 gradibus

2087 4837 2151 4888 M
2186 4834 2405 4889 circiter
2434 4830 2719 4886 attollitur.
2755 4827 2993 4898 Apparet
3017 4840 3148 4896 ergo
3181 4822 3298 4878 ﬁeri
3321 4836 3432 4875 non
3464 4832 3646 4888 posse,

2093 4934 2154 4981 ut
2192 4926 2245 4980 in
2287 4922 2493 4978 Graecia
2529 4920 2670 4975 ratio
2709 4920 2799 4973 illa
2842 4920 2912 4974 sit
2949 4917 3202 4971 maxime
3236 4914 3342 4969 diei
3387 4911 3455 4966 ad
3497 4911 3652 4966 mini.

2091 5032 2234 5071 mam
2263 5059 2278 5084 ,
2336 5014 2430 5071 sed
2483 5013 2664 5084 potius
2709 5013 2761 5068 id
2816 5013 2870 5066 in
2917 5007 3250 5080 Hellesponti
3290 5014 3466 5060 tractu
3520 5018 3647 5058 con-

2091 5109 2318 5178 tingere.
2373 5103 2696 5174 Quanquam
2737 5115 2846 5159 non
2881 5118 2950 5157 ex
2990 5106 3183 5170 suopte
3214 5095 3422 5165 judicio
3468 5095 3536 5150 iis
3586 5099 3654 5149 de

2091 5201 2258 5255 rebus
2291 5197 2652 5269 pronuntians
2698 5197 2803 5251 ista
2830 5193 3053 5262 scripsit
3078 5184 3309 5254 Aratus;
3340 5187 3432 5242 sed
3461 5186 3517 5240 in
3546 5185 3654 5239 illis

2095 5293 2257 5349 etiam
2301 5292 2546 5350 imitatus
2591 5289 2894 5345 Eudoxum.
2942 5283 3095 5352 Quod
3143 5282 3188 5336 si
3238 5279 3503 5351 judicium
3540 5275 3657 5344 ipse

2097 5400 2260 5442 suum
2303 5381 2716 5454 interposuerit,
2781 5389 2960 5434 tamen
3010 5392 3134 5432 cum
3179 5374 3234 5430 id
3275 5388 3385 5428 non
3432 5384 3656 5440 expres-

2097 5477 2266 5542 serit,
2311 5477 2640 5548 quibusnam
2696 5471 3008 5544 regionibus
3050 5468 3210 5522 talem
3255 5464 3377 5519 cmli
3423 5464 3657 5531 positum

2099 5571 2441 5632 attribuerit,
2512 5568 2618 5622 hac
2660 5566 2873 5620 ratione
2930 5562 3144 5632 culpam
3191 5573 3222 5612 a
3273 5571 3332 5612 se
3377 5553 3660 5624 deprecari

2099 5663 2332 5718 videtur.
2369 5659 2583 5716 Attalus
2622 5673 2752 5713 vero
2799 5655 2935 5712 citra
2967 5647 3394 5708 controversiam
3425 5643 3653 5712 castiga-
3745 5685 3758 5699 ,

2107 5756 2258 5814 tione
2302 5753 2500 5825 dignus
2551 5757 2655 5819 est,
2709 5749 2802 5823 qui
2859 5745 3060 5806 diserte
3114 5741 3303 5800 scribit
3353 5739 3409 5794 in
3456 5734 3678 5796 (ἂι-ωιτῘά
