4132 6442
366 372 504 435 1017

1354 366 1722 424 HIPPARCHI
1758 365 1849 420 AD
1885 359 2331 419 PHENOMENA
2360 360 2490 416 LIB.
2531 357 2575 418 L.

3474 357 3614 416 lOiS

363 487 546 552 τοῦτο,
581 486 630 538 ει
655 484 716 551 ἐξ
744 483 1006 556 ἑκατέρου
1035 483 1234 555 μέρους
1259 483 1361 553 τῆς
1387 483 1617 554 σπείρης
1639 482 1945 553 ἀμφότεραι

2061 486 2310 534 narentur
2340 477 2517 533 Ursae.
2549 475 2819 531 Praeterea
2850 474 2923 531 de
2955 474 3205 531 Dracone
3232 474 3370 531 falso
3401 474 3614 535 etillud

370 578 580 631 ἔκειντο
614 578 668 631 αἱ
698 578 945 649 Ἀρκτοι.
976 576 1098 629 Ἔτι
1125 575 1181 629 δὲ
1213 576 1399 645 ἀγνοεῖ
1421 576 1550 648 περὶ
1580 573 1674 628 τοῦ
1702 575 1940 647 Δράκον-

372 686 486 732 τος,
511 668 685 738 λέγων
717 666 888 731 οὕτως
908 683 922 698 ⁶

373 783 571 850 Λοξόν
598 783 651 837 δ’
674 782 806 837 ἐστὶ
837 782 987 852 κάρη
1005 800 1018 813 ·
1054 783 1291 837 νεύοντι
1317 780 1385 835 δὲ
1414 781 1662 851 πάμπαν
1682 782 1888 836 ἔοικεν·

378 923 598 991 Ἃκρην
626 924 715 987 εὶς
743 921 978 989 Ἑλίκης
1009 919 1200 988 οὺρήν
1219 936 1232 949 ο
1258 918 1426 988 μάλα
1462 917 1514 971 δ’
1534 918 1666 972 ἐστὶ
1704 920 1830 971 κατ’
1853 917 1946 971 ἰθὺ

375 1054 488 1113 Καὶ
510 1054 724 1124 στόμα,
752 1054 849 1108 καὶ
882 1053 1197 1123 κροτάφοιο
1220 1053 1294 1108 τὰ
1323 1052 1492 1117 δεξιὰ
1533 1052 1745 1121 νειάτῳ
1773 1052 1943 1122 οὐρῇ.

377 1165 453 1219 Οὐ
484 1166 592 1236 γὰρ
624 1167 652 1218 ὁ
680 1164 853 1231 δεξιὸς
879 1164 1170 1235 κρόταφος,
1217 1163 1331 1216 ἀλλ’
1365 1167 1393 1217 6
1424 1164 1712 1236 ἀριστερὸς
1745 1164 1831 1216 ἐπ’
1860 1163 1948 1215 εὑ-

379 1253 533 1318 θείας
566 1255 684 1308 ἐστὶ
718 1258 785 1325 τῇ
816 1254 1037 1327 γλώσσῃ
1066 1255 1159 1308 τοῦ
1195 1256 1410 1323 Ὄφεως
1444 1257 1510 1325 τῇ
1554 1255 1698 1325 ἄκρᾳ
1725 1256 1821 1325 τῆς
1851 1271 1948 1322 με-

377 1345 551 1417 γάλης
590 1349 847 1418 Ἄρκτου.
878 1347 951 1399 Τὸ
983 1348 1082 1419 μὲν
1117 1347 1226 1419 γὰρ
1257 1347 1456 1417 λέγειν,
1485 1350 1565 1401 ὄτι
1608 1349 1948 1418 ἀντεστραμ-

386 1438 557 1508 μένην
596 1441 695 1511 τὴν
745 1440 987 1511 κεφαλὴν
1013 1438 1109 1492 τοῦ
1153 1439 1456 1509 Δράκοντος
1493 1439 1824 1503 ὑποτίθεται,
1858 1439 1951 1491 καὶ

378 1531 499 1602 οὐχὶ
526 1533 605 1594 εἰς
632 1530 701 1584 τά
729 1532 879 1596 ἐντὸς
908 1531 1003 1585 τοῦ
1027 1532 1231 1601 κόσμου
1261 1530 1740 1602 ὲπεστραμμένην,
1776 1530 1949 1585 καθά-

381 1639 486 1693 περ
508 1624 668 1694 φησὶν
690 1626 718 1677 6
736 1624 1015 1686 Ἄτταλος,
1034 1623 1231 1686 τελέως
1250 1624 1394 1675 ἐστὶν
1414 1622 1951 1675 ἀπίθανον.”Απαντα

380 1713 489 1785 γὰρ
517 1715 585 1766 τὰ
623 1714 797 1785 ἄστρα
842 1714 1161 1786 ὴστερίσθαι
1205 1714 1340 1784 πρὸς
1368 1713 1466 1784 τὴν
1507 1714 1780 1786 ἡμετέραν
1820 1714 1953 1768 θεω-

382 1804 523 1870 ρίαν,
554 1807 648 1858 καὶ
677 1806 751 1869 ὡς
793 1805 858 1859 ἂν
892 1807 1028 1876 πρὸς
1049 1808 1195 1877 ἡμᾶς
1231 1806 1604 1877 ἐστραμμένα,
1631 1808 1679 1858 εἰ
1709 1807 1783 1877 μή
1807 1824 1859 1859 τι
1879 1806 1949 1839 ⁸⁸⁴

379 1896 733 1967 κατάγραφον
756 1897 801 1927 ⁸⁷
836 1896 1013 1950 αὐτῶν
1042 1899 1178 1949 ἐστι.
1222 1897 1458 1967 Φανερὸν
1498 1896 1555 1949 δὲ
1602 1895 1761 1949 τοῦτο
1807 1898 1952 1949 ποιεῖ

380 1988 476 2046 καὶ
515 1991 544 2041 6
584 1989 816 2059 ’Ἄρατος
851 1986 941 2041 διὰ
984 1988 1268 2044 πλειόνων.
1325 1989 1441 2057 Ἐφ’
1483 1981 1558 2043 ὧν
1585 1987 1694 2065 γὰρ
1725 1985 1948 2058 δεξιὸνῆ

381 2080 671 2153 ἀριστερὸν
709 2080 874 2151 μέρος
907 2081 1107 2151 ἄστρου
1141 2081 1412 2151 διασαφεῖ,
1441 2082 1532 2134 ἐπὶ
1574 2080 1787 2135 πάντων
1816 2097 1953 2150 συμ-

381 2177 552 2244 φωνεῖ
590 2176 655 2244 τῇ
692 2173 1069 2246 προειρημένῃ
1094 2173 1347 2227 ὑποθέσει
1365 2189 1379 2203 ⁸
1416 2172 1510 2225 καὶ
1535 2171 1709 2234 ἄλλως
1733 2171 1791 2224 δὲ
1818 2170 1954 2223 πλα-

383 2264 673 2337 σματώδης
719 2266 865 2317 ἐστὶν
904 2267 937 2335 ἡ
975 2263 1231 2328 ὑπόθεσις
1275 2264 1368 2317 καὶ
1420 2262 1763 2335 ήρμοσμένη.
1810 2262 1954 2333 Πρὸς

380 2357 557 2428 τούτῳ
588 2374 647 2410 τε
679 2355 758 2426 τῷ
796 2357 1101 2426 ἁγνοήματι
1148 2355 1430 2427 βοηθήσειε
1468 2355 1562 2407 καὶ
1602 2353 1662 2406 τὸ
1706 2353 1834 2425 περὶ
1863 2353 1954 2407 τὸν

382 2450 667 2521 ἀριστερὸν
698 2448 832 2502 πόδα
856 2447 950 2501 τοῦ
967 2448 1053 2501 Ἐν
1083 2447 1326 2515 γούνασι,
1351 2446 1479 2520 περὶ
1509 2440 1570 2500 οῦ
1603 2445 1955 2518 προελθόντες

384 2542 637 2614 ἐροῦμεν.

458 2634 597 2705 Περὶ
615 2633 671 2687 δὲ
695 2633 796 2704 τῆς
824 2632 1028 2696 θέσεως
1049 2632 1146 2703 τῆς
1178 2630 1272 2685 τοῦ
1301 2632 1603 2703 Δράκοντος
1627 2631 1866 2702 κεφαλῆς
1905 2631 1955 2684 oi

389 2725 486 2802 μὲν
522 2725 651 2796 περὶ
698 2724 924 2791 Εὔδοξον
971 2726 1066 2782 καὶ
1102 2725 1338 2795 ’Ἄρατον
1370 2723 1677 2795 συμφώνως
1718 2726 1956 2793 ἀποφαί-

385 2833 565 2873 νονται
603 2814 674 2868 τὰ
714 2816 1046 2886 φαινόμεναο
1083 2816 1112 2868 6
1151 2816 1209 2868 δὲ
1262 2815 1523 2879 ’Ἄτταλος
1575 2815 1853 2886 διαφωνεῖ.
1900 2816 1957 2869 '0

388 2907 629 2979 μὲνγὰρ
671 2907 938 2977 Ἄρατος,
988 2906 1297 2961 ἀκολουθῶν
1329 2906 1407 2977 τῷ
1438 2907 1686 2976 Εὐδόξῳ,
1729 2907 1822 2961 ἐπὶ
1862 2906 1956 2961 τοῦ

386 2996 637 3069 φανεροῦ·
684 2997 882 3052 κύκλου
937 3000 1101 3070 φησὶν
1171 2999 1341 3070 αὐτὴν
1413 2997 1731 3068 φαίνεσθαι,
1785 2998 1958 3068 λέγων

385 3106 550 3143 ουτω·

387 3202 567 3269 Κείνῃ
597 3201 715 3269 πάρ
752 3201 990 3270 κεφαλῇ
1010 3200 1083 3271 τῇ
1106 3203 1414 3256 reiecerat
1431 3202 1498 3263 ⁸⁸,
1524 3195 1629 3272 ᾗχί
1655 3215 1765 3270 περ
1784 3201 1960 3270 ἄκραι
1986 3201 2030 3260 C

386 3272 718 3342 Μίαγονται
740 3271 947 3338 δύσιές
968 3290 1033 3326 τε
1063 3273 1161 3326 καὶ
1190 3273 1437 3326 ἀντολαὶ
1461 3271 1793 3342 ἀλλήλῃσι.

401 3405 461 3460 '0
488 3406 546 3459 δὲ
585 3407 848 3471 ’Ἄτταλος
897 3406 1078 3478 μικρῷ
1109 3407 1433 3479 νοτιωτέραν
1462 3407 1631 3479 αὐτὴν
1668 3404 1807 3462 εῖναί
1828 3426 1961 3480 φησι

388 3497 483 3552 τοῦ
516 3499 603 3552 ἀεὶ
640 3498 874 3571 φανεροῦ
909 3498 1141 3552 κύκλου·
1176 3498 1314 3552 ὥστε
1349 3498 1518 3570 αὐτὴν
1562 3498 1668 3553 ὑπὸ
1704 3499 1796 3553 τὸν
1844 3500 1961 3570 ὁρί-

390 3591 551 3655 ζοντα
580 3591 787 3663 βραχὺν
808 3592 1052 3660 γίνεσθαι
1081 3591 1293 3664 χρόνον.
1319 3592 1442 3644 Ὅτι
1465 3592 1520 3645 δὲ
1545 3593 1804 3662 διαφωνεῖ
1827 3592 1962 3663 πρὸς

388 3683 450 3755 τδ
478 3684 800 3754 φαινόμενον
830 3686 860 3738 6
885 3683 1168 3747 Ἄτταλος,
1201 3682 1375 3745 οὕτως
1404 3683 1470 3738 ἂν
1501 3682 1867 3755 ὲπιλογισθείη
1888 3699 1901 3712 ’
1936 3684 1965 3736 6

393 3774 492 3842 μὲν
522 3772 630 3843 γὰρ
661 3774 718 3824 ἐν
756 3773 910 3844 ἄκρῳ
938 3771 1017 3842 τῷ
1053 3772 1279 3843 στόματι
1307 3770 1402 3824 τοῦ
1439 3773 1741 3844 Δράκοντος
1772 3772 1964 3842 ἀπέχει

389 3861 483 3916 τοῦ
511 3862 670 3915 πόλου
706 3862 908 3934 μοιρῶν
936 3862 1006 3915 λδ¹
1024 3864 1116 3926 καὶ
1147 3860 1195 3932 γ’
1224 3862 1637 3936 πεμπτημόριαο
1664 3865 1692 3916 6
1711 3862 1768 3914 δὲ
1794 3863 1967 3926 νότιος

391 3954 554 4007 αὐτοῦ
577 3952 852 4024 ὀφθαλμὸς
879 3954 1082 4025 μοιρῶν
1107 3952 1201 4007 Is"
1233 3956 1261 4007 6
1283 3954 1339 4007 δὲ
1362 3954 1534 4017 νότιος
1550 3953 1818 4025 κρόταφος
1851 3970 1970 4024 μοι·

395 4044 502 4118 ρῶν
530 4044 606 4108 λζ’
625 4061 639 4074 ·
672 4046 700 4097 6
727 4045 784 4098 δὲ
804 4046 890 4098 ἀεὶ
922 4044 1155 4131 φανερὸς
1176 4045 1370 4109 κύκλος
1390 4048 1449 4100 ἐν
1476 4049 1585 4110 τοῖς
1600 4047 1728 4118 περὶ
1742 4046 1969 4119 Ἀθήνας

392 4133 580 4197 τόποις
609 4134 703 4187 καί¹
735 4135 764 4186 ὁ
794 4133 1026 4206 γνώμων
1054 4135 1328 4207 ὲπίτριτός
1356 4137 1473 4190 ἐστι
1500 4138 1601 4207 τῆς
1646 4138 1968 4209 ἱσημερινῆς

394 4225 573 4288 σκιᾶς,
590 4225 685 4277 καὶ
701 4225 809 4278 άπὸ
824 4224 918 4278 τοῦ
937 4225 1098 4279 πόλου
1116 4226 1308 4297 ἀπέχει
1320 4245 1385 4279 πε
1393 4228 1447 4298 ρὶ
1462 4226 1663 4299 μοιρῶν
1680 4226 1777 4291 λζ’.
1799 4226 1969 4297 Δῆλον

394 4310 487 4368 οῦν
509 4315 590 4368 ὅτι
614 4315 701 4368 ἀεὶ
748 4316 809 4371 ὲν
844 4316 923 4387 τῷ
949 4316 1167 4388 φανερῷ
1193 4318 1344 4389 τόπῳ
1376 4318 1603 4387 φέρεται
1637 4317 1731 4371 καὶ
1759 4316 1968 4387 κεφαλὴ

394 4406 488 4459 τοῦ
514 4407 837 4482 Δράκοντος,
861 4411 952 4461 τὸν
976 4408 1263 4480 ἀριστερὸν
1293 4409 1564 4481 κρόταφον
1596 4409 1754 4480 μόνον
1773 4408 1971 4478 ἔχουσα

2048 571 2116 627 ab
2145 572 2311 624 Arato
2338 568 2598 624 scribitur
2626 588 2640 624 :

2054 767 2274 839 Obliquo
2305 783 2422 823 vero
2442 774 2521 821 est
2538 765 2706 835 capite
2731 780 2750 818 :
2775 764 3053 819 inclinant:
3077 779 3193 819 vero
3223 779 3278 818 se
3294 778 3511 885 prmus:

2144 860 2152 867 -
3343 850 3440 885 διιη
3485 849 3511 885 e

2050 907 2364 963 Extremam
2408 904 2477 960 ad
2515 903 2725 960 Helices
2761 903 2988 957 caudam
3019 920 3039 968 ;
3076 831 3513 958 αάηιοᾱιιύῗᾚΐέό
3539 842 3617 886 ut

3219 973 3295 1043 [in
3318 973 3516 1043 directo
3542 979 3621 1025 est

2155 1048 2228 1103 Ει
2263 1066 2320 1103 os
2353 1056 2403 1102 et
2432 1047 2679 1115 temporis
2709 1045 2899 1098 dextra
2922 1060 3047 1114 pars
3075 1051 3319 1097 extrema:
3342 1042 3547 1102 cauda-2.

2044 1165 2163 1220 Non
2193 1163 2336 1219 enim
2370 1160 2620 1215 dextrum
2655 1168 2891 1228 tempus,
2929 1156 3023 1211 sed
3066 1155 3353 1210 sinistrum
3392 1153 3619 1223 majoris

2048 1256 2202 1312 Ursa:
2229 1254 2284 1307 in
2310 1251 2518 1305 directo
2535 1256 2619 1303 est
2639 1247 2707 1302 ad
2729 1247 2971 1316 linguam
2997 1244 3278 1315 Serpentis
3296 1252 3616 1298 extremam.

2046 1347 2185 1402 Nam
2218 1343 2364 1414 quod
2408 1341 2623 1394 Attalus
2672 1337 2892 1400 asserit,
2936 1336 2992 1389 in
3037 1334 3307 1390 contraria
3337 1348 3552 1386 versum
3587 1348 3621 1385 a

2049 1444 2208 1508 poeta
2248 1433 2374 1504 tingi
2406 1439 2570 1501 caput
2598 1427 2886 1491 Draconis,
2916 1440 3018 1481 nec
3048 1425 3115 1479 ad
3148 1425 3334 1479 mundi
3359 1424 3622 1477 interiora

2050 1542 2411 1585 conversum,
2463 1523 2617 1577 nullo
2668 1519 2830 1574 modo
2899 1518 3180 1588 probabile
3238 1524 3343 1572 est.
3406 1515 3620 1570 Etenim

2049 1619 2227 1675 sidera
2270 1616 2450 1672 omnia
2503 1613 2568 1667 ad
2618 1621 2903 1681 aspectum
2947 1616 3198 1664 nostrum
3244 1609 3619 1664 conformata.

2049 1721 2103 1767 et
2143 1709 2212 1764 ad
2252 1724 2354 1763 nos
2382 1719 2646 1761 conversa
2690 1709 2866 1766 sunt;
2916 1716 3257 1771 quaecunque
3295 1699 3408 1754 illic
3450 1697 3623 1769 ﬁgura

2050 1812 2199 1858 certa
2232 1801 2577 1855 detineantur
2616 1816 2631 1852 :
2662 1795 2809 1866 quod
2838 1795 3041 1849 Aratus
3073 1793 3189 1863 ipse
3223 1806 3333 1845 non
3365 1806 3473 1845 uno
3504 1791 3625 1846 loco

2052 1892 2342 1965 signiﬁcat.
2376 1889 2511 1944 Nam
2556 1889 2868 1957 ubicunque
2918 1886 3189 1948 dextram,
3221 1888 3315 1938 aut
3343 1882 3622 1937 sinistram

2052 1995 2260 2058 partem
2315 1982 2571 2053 imaginis
2632 1980 2927 2050 exprimit,
2976 1993 3103 2032 cum
3151 1993 3215 2033 co
3268 1977 3424 2047 ipso,
3479 1975 3628 2045 quod

2054 2077 2359 2149 posuimus,
2398 2074 2709 2140 consentit;
2749 2078 3109 2143 praeterquam
3156 2066 3301 2137 quod
3347 2079 3628 2120 commen-

2053 2169 2175 2226 titia
2204 2175 2258 2224 et
2283 2167 2352 2221 ad
2385 2181 2502 2220 rem
2550 2165 2617 2220 de
2650 2163 2923 2219 industria
2950 2159 3180 2216 conﬁcta
3219 2158 3325 2211 ista
3368 2155 3511 2211 ratio
3542 2155 3627 2210 vi-

2052 2262 2232 2317 detur.
2288 2258 2433 2325 Quin
2476 2256 2544 2311 ad
2590 2257 2840 2312 eumdem
2887 2254 3050 2308 etiam
3104 2264 3349 2306 errorem
3396 2245 3627 2302 convino-

2053 2351 2284 2409 cendum
2316 2350 2553 2421 pertinet
2584 2348 2729 2418 quod
2769 2345 2838 2400 de
2878 2344 3106 2400 sinistro
3149 2340 3286 2411 pede
3330 2336 3633 2409 lngeniculi

2054 2444 2277 2513 scripsit
2310 2461 2324 2497 :
2356 2441 2424 2496 de
2454 2454 2566 2511 quo
2598 2439 2654 2494 in
2681 2435 3040 2509 sequentibus
3064 2440 3274 2503 agetur.

2122 2621 2243 2677 Jam
2283 2619 2432 2693 quod
2484 2619 2552 2675 ad
2599 2617 2768 2674 situm
2821 2614 3020 2685 capitis
3071 2609 3338 2667 Draconis
3390 2613 3631 2678 spectat,

2056 2713 2316 2769 Eudoxus
2360 2719 2414 2766 et
2447 2709 2648 2762 Aratus
2699 2706 2756 2760 in
2790 2720 2856 2760 eo
2886 2699 3276 2758 constituendo
3316 2697 3456 2753 belle
3502 2710 3628 2750 cum

2056 2804 2394 2877 apparentiis
2445 2804 2759 2869 congruunt
2806 2812 2820 2848 :
2873 2795 3023 2851 solus
3078 2791 3337 2848 dissentit
3386 2790 3631 2849 Attalus.

2056 2904 2260 2953 Aratus
2302 2894 2449 2950 enim
2516 2890 2731 2946 Eudoxi
2777 2887 3004 2956 vestigia
3064 2893 3287 2940 secutus
3339 2882 3396 2937 in
3460 2895 3631 2953 appa~

2056 2997 2212 3045 rente
2274 3000 2489 3057 semper
2558 2983 2766 3039 circulo
2814 2978 2966 3035 cerni
3016 2977 3151 3032 illud
3208 2981 3483 3031 asseverat
3543 2971 3638 3029 his

2055 3082 2240 3157 verbis
2281 3096 2294 3131 :

2169 3191 2318 3248 Illud
2343 3192 2505 3262 ferme
2531 3196 2686 3259 caput
2716 3186 2814 3239 hac
2849 3186 3017 3245 natat,
3051 3181 3141 3262 ubi
3169 3189 3386 3260 extremi

2167 3251 2459 3318 Miscentur
2485 3251 2804 3327 occasusque
2832 3265 2881 3309 et
2906 3264 3054 3307 ortus
3074 3251 3312 3307 invicem.

2132 3396 2353 3451 Attalus
2380 3409 2510 3449 vero
2533 3392 2697 3463 paulo
2736 3390 2813 3443 ait
2850 3386 3147 3443 australius
3176 3382 3229 3437 id
3259 3396 3383 3437 esse
3418 3393 3637 3449 semper

2064 3497 2358 3561 apparente
2402 3486 2609 3542 circulo
2645 3499 2659 3535 :
2709 3482 2846 3537 adeo
2882 3487 2945 3535 ut
2983 3477 3199 3533 modico
3242 3484 3485 3543 tempore
3531 3470 3637 3525 sub

2064 3583 2349 3638 horizonte
2380 3578 2687 3633 delitescat.
2717 3573 2777 3628 ln
2805 3586 2915 3644 quo
2944 3569 3056 3624 falli
3088 3567 3331 3621 Attalum
3359 3565 3473 3618 haec
3494 3562 3640 3617 ratio

2065 3672 2377 3745 persuadet.
2431 3668 2567 3723 Nam
2619 3665 2797 3729 stella,
2851 3677 2973 3734 quae
3014 3661 3070 3714 in
3115 3666 3362 3715 extremo
3405 3661 3490 3710 est
3541 3667 3638 3707 ore

2066 3744 2356 3829 Draconis,
2388 3762 2541 3816 abest
2573 3774 2604 3812 a
2633 3758 2757 3829 polo
2802 3754 3054 3827 partibus
3086 3751 3177 3816 54,
3219 3748 3341 3814 36';
3380 3744 3644 3800 australis

2068 3865 2252 3912 autem
2289 3852 2535 3924 ejusdem
2560 3851 2753 3907 oculus
2788 3848 3039 3920 partibus
3080 3845 3185 3911 ‘55;
3230 3841 3470 3897 australe
3510 3845 3643 3894 tem-

2067 3961 2172 4018 pus
2234 3944 2490 4015 partibus
2535 3942 2622 3996 57.
2673 3940 2743 3994 At
2791 3938 3031 3994 circulus
3087 3948 3305 4004 semper
3366 3943 3643 4001 apparens

2071 4036 2321 4097 Athenis,
2354 4042 2408 4090 et
2439 4046 2678 4103 gnomon
2708 4028 3091 4099 sesquitcrtius
3120 4032 3205 4080 est
3239 4019 3642 4092 aequinoctialis

2070 4127 2299 4191 umbrat,
2327 4132 2383 4180 et
2412 4139 2443 4177 a
2478 4122 2602 4193 polo
2630 4121 2879 4191 partibus
2905 4120 3061 4174 abest
3091 4116 3180 4171 3'7.
3208 4115 3436 4169 Constat
3476 4113 3644 4181 igitur

2070 4232 2286 4287 semper
2332 4216 2389 4270 in
2434 4220 2733 4285 apparente
2770 4211 2896 4267 caeli
2932 4210 3151 4280 regione
3186 4206 3331 4273 ,ferri
3377 4204 3646 4259 Draconis

2071 4319 2256 4383 caput,
2290 4311 2522 4382 ejusque
2568 4310 2856 4365 sinistrum
2887 4315 3104 4376 tempus
3143 4305 3409 4360 duntaxat
3452 4301 3509 4355 in
3550 4301 3644 4355 illa

2072 4406 2241 4462 situm
2286 4420 2410 4460 esse
2459 4407 2725 4472 :‘neque,
2768 4408 2830 4455 ut
2881 4400 3062 4454 Attalo
3108 4398 3303 4468 placet,
3346 4391 3646 4448 australius

395 4498 485 4550 ἐπ’
515 4498 710 4551 αὑτοῦ·
744 4500 838 4551 καὶ
878 4499 1003 4576 οὐχ,
1047 4500 1178 4563 ὼςηὸ
1204 4499 1466 4565 ’Ἄτταλός
1494 4518 1649 4572 φησι,
1680 4498 1961 4571 νοτιωτέρα

429 4584 456 4606 τ
584 4590 638 4606 θ’
769 4589 793 4606 n
910 4592 922 4606 ς
1077 4591 1091 4606 ι
1291 4593 1304 4606 ι
1357 4592 1369 4606 ο
1495 4591 1561 4606 ης

2073 4510 2214 4563 esse,
2241 4509 2306 4549 ac
2332 4492 2485 4549 brevi
2521 4502 2765 4563 tempore
2791 4489 3042 4545 occidere
3071 4486 3234 4542 simul
3253 4492 3308 4541 et
3330 4482 3482 4540 oriri.

396 4584 553 4655 οὖσα,
580 4590 727 4643 δύνει
767 4589 970 4661 βραχὺν
996 4591 1184 4663 χρόνον
1220 4593 1314 4646 καὶ
1346 4591 1646 4648 ἀνατέλλει.

469 4682 541 4735 Z’.
596 4682 719 4736 Ἐπὶ
754 4680 819 4736 δὲ
860 4682 955 4735 τοῦ
1005 4676 1091 4737 Ἐν
1134 4683 1358 4752 γούνασι
1408 4683 1825 4755 παρεωρακέναι
1878 4700 1969 4754 μοι

397 4771 643 4826 δοκοῦσιν
674 4772 703 4825 ὅ
743 4788 805 4847 τε
839 4770 1066 4838 Εὔδοξος
1115 4774 1209 4827 καὶ
1239 4774 1268 4827 6
1301 4775 1535 4843 ’Ἄρατος
1555 4790 1569 4804 ο
1605 4773 1719 4827 ἀλλ’
1771 4773 1832 4825 οὐ
1893 4773 1972 4827 δι-

400 4863 800 4935 ημαρτηκέναι,
820 4864 1066 4929 εἰπόντες
1090 4865 1180 4918 τὸν
1205 4865 1379 4932 δεξιὸν
1418 4864 1554 4918 πόδα
1570 4865 1661 4917 ἐπὶ
1684 4863 1852 4936 μέσης
1872 4863 1971 4934 τῆς

399 4955 642 5027 κεφαλῆς
673 4955 767 5010 τοῦ
791 4956 1095 5033 Δράκοντος
1128 4957 1364 5012 κεῖσθαι.
1399 4958 1457 5011 '0
1490 4957 1738 5028 μέντοιγε
1778 4957 1977 5010 Ἀττα-

400 5044 493 5121 λος
522 5046 674 5120 παρὰ
703 5048 763 5109 τὸ
797 5046 1043 5119 βούλημα
1079 5046 1172 5101 τοῦ
1206 5048 1431 5119 ποιητοῦ
1458 5048 1606 5103 δοκεῖ
1637 5066 1726 5120 μοι
1760 5048 1821 5100 τὸ
1844 5048 1972 5118 ἡμι-

405 5137 607 5209 στίχιον
640 5140 1005 5210 μετατιθέναι,
1037 5141 1266 5212 γράφων
1291 5140 1463 5205 οὕτως
1482 5159 1495 5171 ·

635 5280 931 5353 ,ρμεσσου
951 5273 1007 5327 δ’·
1034 5274 1329 5345 ἐφύπερθε
1363 5274 1628 5343 καρήνου
1650 5291 1664 5308 ·

402 5409 497 5464 καὶ
517 5410 615 5480 τὴν
639 5408 877 5482 κεφαλὴν
897 5408 990 5463 τοῦ
1016 5409 1317 5481 Δράκοντος
1335 5407 1439 5474 ἔξω
1470 5408 1564 5462 τοῦ
1599 5408 1803 5480 κόσμου
1825 5407 1978 5480 στρέ-

404 5517 554 5570 φων·
587 5494 675 5555 ἵνα
715 5502 937 5572 γένηται
957 5501 1088 5554 αὐτὸ
1121 5499 1182 5553 τὸ
1206 5499 1375 5566 δεξιὸν
1404 5499 1565 5571 μέρος
1597 5497 1695 5568 τῆς
1737 5495 1979 5567 κεφαλῆς

406 5593 548 5649 κατὰ
574 5593 666 5648 τὸν
699 5593 855 5648 πόδα.
884 5592 967 5647 Τά
997 5609 1057 5647 τε
1090 5592 1197 5665 γὰρ
1229 5591 1406 5661 ἄστρα
1437 5590 1610 5645 πάντα
1638 5591 1717 5652 εἰς
1746 5588 1811 5663 τὸ¹
1828 5587 1977 5651 ἐντὸς

2146 4667 2259 4722 VII.
2290 4667 2463 4724 Porro
2480 4667 2741 4727 Eudoxus
2779 4675 2833 4721 et
2868 4663 3069 4720 Aratus
3113 4662 3182 4718 de
3200 4659 3514 4733 Ingeniculo
3534 4673 3648 4715 non

2077 4759 2362 4830 ignorasse
2388 4758 2542 4821 mihi,
2566 4757 2661 4814 sed
2689 4757 2914 4826 insuper
2936 4755 3193 4810 habuisse
3216 4753 3488 4818 videntur,
3521 4765 3648 4806 cum

2078 4851 2270 4907 dicunt
2336 4851 2591 4906 dextrum
2660 4850 2805 4903 illius
2874 4845 3065 4918 pedem
3111 4845 3169 4899 in
3237 4842 3418 4899 medio
3471 4841 3651 4912 capite

2079 4942 2348 4997 Draconis
2376 4957 2498 4997 esse
2527 4942 2788 5012 positum.
2826 4938 3042 4993 Attalus
3083 4951 3232 5001 vero,
3262 4942 3458 5006 prmter
3498 4949 3653 4988 men-

2080 5042 2189 5089 tem
2241 5040 2415 5105 poetae
2456 5031 2591 5086 mihi
2629 5031 2844 5086 videtur
2892 5028 3300 5085 hemistichium
3342 5025 3449 5080 hoc
3488 5023 3654 5078 modo

2080 5126 2486 5197 transposuisse
2526 5142 2539 5177 ι

2284 5260 2519 5316 Medium
2546 5274 2665 5313 vero
2696 5272 2857 5327 supra
2884 5264 3076 5326 caput;

2084 5407 2137 5454 et
2188 5404 2351 5465 caput
2392 5392 2659 5447 Draconis
2701 5404 2854 5446 extra
2879 5388 3163 5461 {mundum
3207 5384 3344 5441 verti
3385 5380 3587 5451 ﬁngere
3634 5393 3651 5431 :

2084 5498 2145 5544 ut
2202 5488 2395 5544 dextra
2447 5486 2564 5556 ipsa
2622 5501 2748 5556 pars
2794 5484 2990 5555 capitis
3044 5481 3111 5536 ad
3163 5478 3355 5552 pedem
3408 5474 3514 5529 sita
3559 5470 3653 5525 sit.

2087 5583 2300 5655 Quippe
2351 5579 2803 5637 constellationes
2841 5592 3030 5633 omnes
3075 5574 3129 5630 in
3174 5569 3433 5629 interiora
3466 5561 3657 5620 mundi

477 5752 546 5800 ⁶.⁸⁴
578 5751 618 5821 Ῑ.
661 5750 715 5804 εἴ
732 5769 805 5808 τι.
883 5753 926 5785 ³⁷
956 5751 1079 5824 Reg.
1112 5705 1480 5821 καταγράφον.
1569 5748 1615 5781 ⁵⁸
1651 5743 1765 5819 Scr.
1787 5746 2082 5835 Κείνηπου
2120 5739 2327 5815 κεφαλὴ
2353 5742 2417 5813 τῇ
2452 5740 2687 5831 νήχεται.
