4132 6438
399 420 533 478 ιοὶι

1383 391 1753 453 HIPPABCHI
1790 389 1881 447 AD
1917 379 2365 444 ΡΗᾸΕΝΟΜΕΝΑ
2402 376 2530 435 LIB.
2570 375 2612 431 l.

3514 356 3648 416 102’)

396 564 507 610 τος,
539 541 696 613 ὀρθόν
732 554 864 609 φησι
907 531 1123 589 κεῖσθαι
1172 526 1334 584 αὑτὸν
1380 527 1446 595 τῇ
1496 522 1666 585 θέσει,
1704 514 1974 613 βεϐηκότα

2096 508 2242 563 ,alem
2270 506 2318 563 ei
2350 505 2517 560 situm
2550 497 2759 562 tribuit,
2794 502 2854 551 ut
2882 492 3057 549 oculis
3084 486 3299 559 Scorpii
3345 499 3406 539 ac
3437 481 3647 555 pectori

2175 605 2188 613 -
2288 597 2299 607 -
2351 595 2503 613 Α».-.
2560 588 2761 613 VM“...
2798 599 2961 613 Am.-.‘
2999 583 3231 613 ηἷνιῖοίιιη
3259 578 3518 613 ιΙιιιιΙειπςιΙ
3565 574 3647 613 ἰη-

397 605 549 693 ἔνντε
572 605 697 696 ’τοῖς
743 605 1040 700 όῴθαλμοῖς
1072 621 1166 677 τοῦ
1201 618 1472 691 Σκορπίου
1519 614 1615 669 καὶ
1649 610 1728 681 τῷ
1765 605 1974 700 στήθει.

397 732 478 802 Τῇ
508 723 849 798 δὲάριστερᾷ
878 718 1034 791 μόνον
1067 714 1254 785 κνήμῃ
1275 709 1501 802 βέϐηκεν
1532 699 1976 802 ἀῖτοτετμημένῃ,

404 789 606 892 μεταξὺ
638 813 866 885 κειμένῃ
894 809 989 863 τοῦ
1021 824 1080 860 τε
1112 802 1366 876 μετώπου
1389 796 1597 853 καὶτοῦ
1627 793 1857 864 στήθους
1883 789 1977 843 τοῦ

401 887 670 986 Σκορπίου
692 928 705 941 ·
739 909 798 963 τὸ
830 907 887 960 δὲ
918 903 1090 968 δεξιὸν
1130 898 1317 962 σκέλος
1368 896 1480 967 ἔχει
1533 887 1977 958 συνεσταλμένον.

399 976 536 1059 Οὐδὲ.
581 1004 611 1055 0
662 998 892 1063 Εΰδοξος
928 994 987 1047 δὲ
1040 991 1308 1059 διασαφεῖ,
1338 987 1419 1040 ὅτι
1469 984 1618 1038 ἔστιν
1663 979 1841 1053 ὀρθός.
1878 976 1982 1030 Τὸν

401 1093 511 1166 γὰρ
542 1090 713 1158 δεξιὸν
746 1087 882 1142 πόδα
914 1081 1078 1139 αὑτοῦ
1122 1072 1263 1151 ὗπὲρ
1306 1078 1368 1131 τὺ
1401 1074 1559 1146 σῶμα
1595 1071 1810 1126 κεῖσθαί
1849 1085 1983 1139 φησι

402 1159 497 1240 τοῖό
551 1181 842 1255 Σκορπίου,
872 1179 948 1242 ὡς
976 1177 1071 1230 καὶ
1101 1176 1213 1246 ἔχει
1239 1173 1306 1242 τῇ
1339 1166 1588 1239 ἀληθείᾳ,
1624 1162 1720 1217 καὶ
1759 1161 1860 1215 οὐκ
1892 1159 1986 1213 ἐπὶ

403 1272 498 1339 τοῦ
532 1272 778 1345 στήθους.

475 1342 633 1420 Δοκεῒ
652 1365 710 1421 δέ
740 1381 830 1435 μοι
862 1356 1108 1430 καὶπερὶ
1137 1356 1246 1409 τῶν
1270 1357 1328 1409 ὲν
1358 1354 1477 1415 ταῖς
1510 1349 1667 1422 χερσὶ
1693 1345 1786 1400 τοῦ
1833 1342 1978 1412 Ὀφι-

406 1460 568 1530 ούχου
597 1457 839 1530 ἀστέρων
869 1451 1013 1507 κατά
1041 1451 1103 1504 τὸ
1141 1445 1369 1519 μέγεθος
1395 1442 1571 1499 αὐτῶν
1601 1437 1987 1509 ἀγνοεῖν.Τοὺς

406 1553 516 1625 γὰρ
561 1554 619 1605 ὲν
669 1552 781 1613 τοῖς
814 1547 986 1619 ὤμοις
1026 1542 1119 1598 τοῦ
1159 1538 1443 1609 Ὀφιοὺχου
1489 1536 1668 1605 φήσας
1702 1530 1988 1602 λαμπροὺς

407 1641 570 1715 εἶναι,
597 1644 737 1699 ὥστε
764 1642 860 1696 καὶ
886 1642 945 1694 έν
976 1634 1296 1705 πανσελήνῳ
1329 1626 1672 1700 θεωρεῖσθαι,
1702 1622 1947 1694 ἐπιφέρει
1970 1636 1983 1649 ·

410 1888 429 1907 .
461 1893 475 1906 .
513 1888 527 1903 .
570 1888 585 1903 .
626 1887 639 1901 .
682 1886 696 1898 .
734 1885 747 1898 .
778 1841 926 1908 ἀτὰρ
958 1835 1237 1908 χέρες·μού
1268 1829 1410 1908 noui:
1447 1827 1632 1880 ἐΐσαι·

409 1895 756 1987 λειττῆ
793 1895 868 1979 τῇ
886 1895 998 1963 ’καὶ
1021 1895 1585 1974 ἶτῆἐξεπίδέδρομεν
1617 1895 1818 1966 αἴγλη.

493 2029 633 2084 Ἀλλ’
665 2029 715 2081 οἱ
746 2027 804 2077 έν
831 2027 949 2085 ταῖς
976 2019 1133 2092 χερσὶ
1158 2015 1254 2110 τος)
1295 2012 1593 2086 Ὀφιούχου]
1622 2011 1851 2082 ἀστέρες
1879 2025 1992 2061 κοι-

410 2122 492 2179 νοί
510 2123 620 2174 εἰσι
653 2119 746 2173 καὶ
777 2114 871 2169 τοῦ
908 2115 1142 2181 Ὄφεως,
1166 2101 1418 2179 καθάπερ
1455 2108 1551 2160 καὶ
1579 2107 1608 2158 0
1635 2101 1797 2166 αὐτὸς
1822 2102 1993 2172 ’Δρα-

410 2235 503 2284 ⁸ἰῖος
534 2215 683 2284 λέγει
705 2230 719 2244 ο

493 2306 833 2375 Ἀμφότεροι
860 2300 913 2355 δ’
946 2301 1148 2369 Ὄφιος
1187 2292 1576 2361 πεπονήαται.

483 2419 546 2472 0i
573 2416 617 2469 δ’
651 2416 710 2468 ὲν
737 2413 815 2485 τῷ
851 2415 1012 2482 Ὀφει
1066 2409 1316 2480 ἀστέρες,
1359 2397 1435 2458 ὧν
1485 2403 1667 2474 ἔχεται
1708 2402 1738 2455 0
1782 2399 1994 2470 Ὀφιοῦ-

413 2526 528 2580 χος,
563 2507 624 2561 οὐ
673 2502 981 2575 λειπόμενοι
1028 2503 1135 2556 εἱσι
1168 2503 1235 2572 τῇ
1274 2494 1618 2569 λαμπρότητι
1657 2492 1766 2548 τῶν
1797 2493 1854 2545 ὲν
1885 2493 1996 2554 τοῖς

410 2579 610 2666 ὤμοις*
665 2591 843 2663 πολλῷ
868 2591 925 2645 δὲ
956 2589 1324 2667 λαμπρότεροι
1352 2583 1463 2658 (55)
1484 2584 1533 2636 οἱ
1556 2584 1614 2637 ἐν
1658 2584 1769 2645 τοῖς
1800 2579 1992 2652 ὤμοις.

416 2689 510 2741 Διὸ
537 2687 634 2741 καὶ
664 2686 1010 2757 ὲπιστήσειεν
1036 2683 1103 2737 ἄν
1134 2700 1220 2746 τις
1245 2680 1362 2743 πῶς
1386 2679 1483 2734 καὶ
1501 2681 1530 2733 0
1553 2674 1811 2738 ’Ἄτταλός
1835 2690 1997 2744 φησιν

409 2781 604 2843 αὐτοὺς
636 2779 837 2843 ἱκανῶς
868 2776 1156 2849 λαμπροὺς
1185 2772 1346 2829 εἶναι.

484 2918 559 2972 Θ’.
608 2915 766 2985 Ἑξῆς
790 2914 848 2967 δὲ
873 2913 1004 2983 περὶ
1034 2910 1143 2985 τῶν
1174 2907 1370 2985 Χῃλῷν
1398 2905 1686 2985 όιἊρατος
1714 2901 1894 2970 λέγει’

497 2968 661 3043 bili
681 2968 762 3039 ’ἀί
791 2984 909 3054 μὲν
950 2968 1158 3050 ξραέων
1207 2968 1609 3054 ὲὲειδευέες
1634 2968 1997 3054 έπιμέμφέες]

1523 3042 1743 3117 [οὐδὲν
1758 3042 1996 3112 ἀγαυαί.

483 3170 620 3241 Φησὶ
663 3169 720 3223 δὲ
748 3169 778 3221 0
821 3164 1085 3228 ’Ἄτταλος
1119 3163 1193 3236 μὴ
1222 3161 1311 3216 διὰ
1348 3159 1411 3215 τὸ
1451 3158 1678 3232 μικροὺς
1708 3152 1848 3212 εἶναι
1875 3157 2002 3219 τοὺς
2026 3195 2069 3253 C

422 3266 481 3317 ὲν
513 3264 633 3324 ταῖς
664 3259 869 3331 Χηλαῖς
915 3256 1152 3326 ἀστέρας
1183 3254 1365 3323 λέγειν
1394 3251 1485 3305 τὸν
1522 3251 1757 3320 Ἀρατον
1802 3246 2002 3318 φαέων

412 3352 782 3425 ἑπιμεμφέας
829 3350 1000 3414 αὑτὰς
1058 3344 1235 3402 εἶναι’
1281 3344 1418 3400 ἀλλά
1468 3342 1559 3397 διὰ
1609 3343 1671 3396 τὸ
1713 3341 1756 3394 0'
1809 3339 2001 3411 μόνους

415 3442 555 3501 εἶναι
606 3446 732 3507 τοὺς
782 3442 1020 3504 πάντας
1051 3439 1146 3503 οὓς
1199 3437 1274 3510 μὴ
1316 3433 1668 3508 συμπληροῦν
1697 3432 1799 3505 τὴν
1821 3429 2003 3501 ὁμοιό-

413 3555 553 3609 τητα
583 3536 789 3590 αὐτῶν
817 3535 880 3588 τὸ
904 3535 961 3588 δὲ
989 3532 1186 3604 μηδὲν
1219 3530 1449 3602 drade
1484 3527 1667 3596 λέγειν
1699 3523 1881 3589 αὑτὸν,
1912 3522 2001 3575 διὰ

416 3632 478 3685 τὸ
513 3630 648 3703 μηδὲ
692 3629 884 3700 ὁμοίας
910 3625 1079 3690 αὐτὰς
1103 3624 1388 3695 ὑπάρχειν.
1423 3621 1496 3674 Οὐ
1526 3619 1673 3673 δοκεῖ
1695 3618 1759 3689 δή
1798 3632 1887 3688 μοι
1914 3613 2003 3667 διὰ

414 3724 573 3779 τοῦτο
608 3722 790 3792 λέγειν
823 3719 994 3783 αὐτὰς
1021 3717 1221 3789 spatione
1260 3712 1646 3784 ἐπιμεμφέας,
1680 3709 1781 3763 καὶ
1807 3706 2003 3778 μηδὲν

415 3816 669 3887 ἀγαυὰς.
702 3813 817 3867 ἀλλ’
845 3813 921 3876 ὡς
958 3811 1024 3865 ἂν
1059 3809 1137 3881 μὴ
1163 3807 1448 3880 λαμπράς.
1480 3805 1592 3859 Καὶ
1636 3804 1745 3876 γὰρ
1792 3805 1851 3857 ὲν
1883 3804 2002 3865 ταῖς

418 3903 801 3967 συνανατολαῖς
826 3900 971 3955 οὓτω
991 3900 1140 3969 λέγει
1167 3898 1296 3969 περὶ
1329 3895 1506 3950 αὐτῶν
1524 3912 1538 3926 ο

423 4014 560 4067 Οὐδ’
594 4014 676 4068 ἂν
703 4012 1099 4080 ἐπερχόμεναι
1132 4005 1345 4075 Χηλαὶ,
1376 4002 1478 4059 καὶ
1506 4002 1698 4059 λεπτὰ
1738 3962 2003 4074 scaevam

423 4085 753 4153 Ἀερραστοι
787 4081 1077 4153 παρίοιεν.

432 4176 712 4251 Ἐπιφέρει
744 4173 875 4246 γοῦν
899 4172 1119 4236 εὐθέωςο

423 4305 440 4320 .
486 4308 499 4322 .
678 4302 695 4317 .
731 4262 937 4317 ..ἐπεὶ
968 4261 1124 4333 μέγα
1164 4257 1331 4333 σῆμα
1362 4257 1602 4333 Boeben;-

433 4338 673 4407 Ἀθρόος
705 4326 986 4392 ἀντέλλεὶ
1012 4326 1424 4400 βεϐολημένος
1465 4326 1848 4398 Ἀρκτούροιο.

503 4450 592 4513 Ὠς
647 4449 714 4502 ἂν
759 4447 826 4501 ὲκ
865 4447 960 4501 τοῦ
1002 4444 1330 4517 Ἀρκτούρου
1367 4443 1522 4515 ήμῶν
1566 4439 1877 4512 δυναμένων
1905 4454 2002 4507 ση-

2077 605 2262 654 rectus
2287 595 2528 651 insistat.
2560 588 2764 646 Verum
2796 599 2961 640 crure
2999 583 3231 638 sinistro
3259 578 3525 632 duntaxat
3565 574 3651 627 in-

2079 689 2247 753 sistit,
2279 686 2579 753 eddemque
2609 679 2831 742 mutilo;
2875 675 3019 747 quod
3048 674 3190 728 inter
3222 670 3455 724 frontem
3481 665 3651 720 Scor-

2081 782 2155 852 pii
2185 794 2250 835 ac
2293 785 2486 849 pectus
2523 771 2810 829 incumbit.
2853 769 3115 824 Dextrum
3155 777 3322 834 porro
3350 774 3480 814 crus
3518 773 3654 811 con-

2083 879 2317 927 tractum
2367 868 2550 922 habet.
2611 863 2721 919 Sed
2757 877 2859 918 nec
2894 859 3157 915 Eudoxus
3194 855 3247 909 id
3276 868 3397 908 esse
3443 857 3655 905 rectum

2083 972 2269 1035 aperte
2297 958 2589 1033 significat.
2608 954 2744 1011 Nam
2774 954 3025 1009 dextrum
3057 949 3249 1020 pedem
3288 945 3460 1015 ipsius
3488 955 3657 1011 supra

2086 1057 2300 1129 Scorpii
2340 1068 2544 1124 corpus
2586 1050 2752 1105 situm
2793 1060 2917 1102 esse
2965 1042 3158 1104 refert,
3197 1036 3344 1109 quod
3380 1043 3436 1091 et
3465 1045 3657 1089 verum

2083 1159 2198 1216 est,
2230 1163 2341 1205 non
2369 1152 2552 1201 autem
2572 1154 2739 1212 supra
2763 1142 2983 1209 pectus.

2155 1329 2423 1384 Praeterea
2442 1322 2662 1379 videtur
2695 1323 2841 1376 idem
2870 1328 3033 1389 poeta
3071 1321 3129 1370 ln
3173 1308 3449 1382 Ophiuchi
3477 1308 3662 1365 stella-

2086 1437 2209 1477 rum
2258 1414 2635 1489 magnitudine
2686 1410 2996 1470 deﬁnienda
3046 1420 3237 1464 errore
3287 1405 3494 1472 lapsus.
3524 1401 3662 1457 Cum

2086 1514 2233 1571 enim
2266 1512 2474 1573 stellas,
2501 1525 2625 1580 qua:
2651 1509 2707 1563 in
2738 1502 3021 1576 Anguiferi
3060 1506 3189 1556 sunt
3228 1498 3478 1559 humero,
3524 1493 3665 1547 luci.

2088 1608 2188 1663 das
2240 1620 2363 1661 esse
2417 1603 2673 1664 dixisset,
2714 1599 2852 1654 adeo
2885 1603 2946 1651 ut
2998 1594 3055 1649 in
3108 1587 3410 1663 plenilunio
3445 1599 3667 1657 quoque

2089 1697 2334 1756 discerni
2368 1703 2592 1768 queant,
2634 1706 2763 1747 mox
2784 1686 3010 1757 subjicit
3048 1704 3063 1740 :

2501 1803 2605 1859 Sed
2621 1817 2808 1857 manus
2841 1815 2946 1853 non
2973 1795 3195 1849 multum
3226 1790 3453 1860 mquales
3493 1801 3511 1840 :

2018 1860 2062 1915 Β
2171 1847 2370 1936 regis;
2386 1844 2668 1932 ἐπὶπῖἲᾶἁὲ
2676 1844 2901 1927 "ﬂuit?
2913 1844 3136 1923 esse;
3147 1844 3431 1933 splendor.

2164 1991 2272 2049 Sed
2300 2006 2421 2063 quae
2451 1990 2508 2045 in
2537 1986 2813 2059 Ophiuchi
2852 1990 2983 2039 sunt
3006 1978 3261 2035 manibus
3298 1975 3489 2036 stellae,
3515 1986 3667 2026 com-

2092 2101 2287 2142 munes
2324 2091 2453 2140 sunt
2479 2088 2534 2138 et
2557 2078 2810 2150 Serpenti
2831 2117 2846 2143 ,
2873 2070 3338 2148 quemadmodum
3370 2079 3427 2124 et
3461 2066 3669 2121 Aratus

2094 2179 2211 2249 ipse
2232 2182 2466 2232 testatur
2491 2189 2505 2224 :

2164 2267 2344 2322 Ambae
2370 2275 2544 2320 autem
2568 2264 2814 2334 Serpenle
2846 2263 3163 2331 fatigantur.

2167 2380 2367 2438 Verum
2400 2395 2521 2450 quae
2552 2379 2609 2434 in
2648 2377 2915 2448 Serpente
2944 2381 3076 2431 sunt
3105 2372 3295 2436 stellm,
3325 2368 3526 2441 quibus
3573 2366 3675 2422 ad—l

2096 2477 2266 2530 haeret
2295 2472 2638 2544 Ophiuchus,
2693 2468 2983 2540 splendore
3030 2481 3142 2522 non
3189 2465 3390 2520 cedunt
3427 2460 3516 2524 iis,
3551 2471 3673 2528 quae

2099 2573 2229 2623 sunt
2253 2566 2310 2621 in
2354 2562 2621 2626 humeris,
2650 2575 2844 2618 verum
2881 2557 3028 2614 haud
3065 2556 3237 2612 multo
3267 2562 3395 2610 sunt
3432 2549 3673 2623 splendi-

2097 2657 2302 2712 diores.
2326 2653 2407 2709 Ex
2429 2668 2538 2725 quo
2574 2650 2831 2707 dubitare
2869 2648 3050 2720 possit
3086 2646 3285 2717 aliquis
3315 2645 3538 2715 quinam
3578 2655 3674 2697 eas

2098 2748 2314 2803 Attalus
2343 2744 2635 2801 admodum
2668 2740 2987 2814 splendidas
3013 2754 3138 2796 esse
3162 2737 3379 2794 dixerit.

2175 2879 2334 2952 ιοά.
2356 2878 2448 2933 IX.
2477 2877 2748 2952 Deinceps
2765 2875 2966 2952 Aratus
2987 2873 3055 2927 de
3075 2868 3258 2952 Chelis
3286 2889 3298 2952 ξ

2103 2940 2325 3011 δεῖΠῶ
2345 2952 2459 3005 luce
2490 2940 2786 3020 indigentes
2811 2946 2971 3017 (alias
3000 2940 3308 3013 culpandus)
3344 2952 3675 3020 nequaquam

3397 3006 3672 3080 [ἱιιείσηεε.

2173 3136 2276 3193 Hic
2307 3136 2547 3197 Attalus,
2575 3148 2685 3189 non
2710 3131 2857 3202 quod
2895 3143 3078 3201 partae
3110 3126 3231 3183 ista:
3256 3126 3366 3182 sint
3404 3124 3459 3178 in
3489 3121 3676 3177 Chelis

2102 3230 2292 3295 stellae,
2335 3230 2404 3285 ab
2446 3228 2613 3282 Arato
2663 3223 2950 3280 luminibus
3001 3218 3298 3290 culpandus
3338 3215 3523 3273 vocari
3572 3229 3677 3285 pu-

2100 3330 2182 3378 tat
2215 3340 2228 3377 :
2261 3320 2358 3377 sed
2404 3320 2549 3391 quod
2578 3332 2807 3373 numero
2848 3315 2962 3371 sint
2992 3330 3101 3370 non
3128 3311 3366 3381 amplius
3386 3300 3676 3378 quatuor,

2101 3428 2278 3483 neque
2329 3409 2747 3467 similitudinem
2788 3420 2947 3462 suam
3006 3403 3310 3474 impleant;
3355 3398 3466 3454 dici
3518 3410 3676 3459 vero,

2102 3518 2426 3575 nequaquam
2494 3500 2762 3571 insignes,
2835 3495 2984 3568 quod
3052 3508 3229 3565 neque
3292 3491 3404 3546 sint
3468 3486 3679 3544 similes

2102 3590 2418 3671 ipszengo
2488 3610 2622 3651 vero
2690 3593 2967 3649 nominari
3028 3598 3315 3662 propterea
3390 3583 3678 3641 luminibus

2103 3684 2394 3755 culpandus
2437 3693 2487 3739 et
2542 3699 2871 3755 nequaquam
2903 3681 3162 3743 illustres,
3222 3693 3333 3732 non
3391 3676 3675 3731 arbitror:

2102 3779 2197 3834 sed
2229 3777 2374 3849 quod
2413 3777 2640 3831 minime
2680 3776 2793 3831 sint
2842 3772 3160 3845 splendidae.
3194 3769 3410 3826 Etenim
3456 3781 3582 3823 cum
3614 3765 3685 3820 de

2101 3870 2385 3926 coortibus
2412 3869 2544 3941 agit,
2576 3868 2652 3923 ita
2690 3867 2759 3923 de
2788 3867 2899 3922 illis
2927 3864 3172 3936 loquitur
3202 3878 3217 3916 :

2105 3984 2287 4053 Neque
2317 3983 2593 4037 subeuntes
2619 3980 2819 4049 Chelis,
2848 3998 2910 4036 ac
2936 3979 3161 4036 tenuiter
3195 3979 3427 4034 lucentes

2104 4056 2359 4111 Obscura:
2382 4062 2717 4122 pratereant.

2103 4147 2291 4219 Itaque
2314 4147 2501 4203 statim
2533 4144 2759 4215 subjicit
2783 4162 2799 4200 :

2211 4280 2224 4291 .
2254 4281 2267 4293 .
2310 4277 2324 4291 .
2360 4235 2801 4306 Quandoquidem
2825 4233 3304 4306 magnum_signum
3337 4231 3529 4287 Bootes

2211 4303 2517 4378 Conferlim
2548 4303 2722 4361 oritur
2743 4303 3027 4361 distinctus
3054 4303 3304 4357 Arcturo.

2172 4421 2331 4490 Quod
2361 4420 2562 4478 Chelas
2589 4436 2687 4491 per
2712 4418 3013 4474 Arcturum
3037 4416 3349 4472 discernere
3373 4411 3682 4483 possimus:

425 4502 761 4612 μειώσασθαι
792 4536 892 4601 τὰς
924 4502 1130 4608 Χηλάςο
1159 4502 1280 4591 καθ’
1308 4502 1476 4599 αὑτὰς
1504 4534 1561 4588 δὲ
1592 4533 1666 4605 μὴ
1685 4502 1892 4604 ,όᾳδίως
1918 4502 1996 4585 διὰ

2111 4529 2210 4585 per
2238 4528 2361 4570 sese
2381 4528 2511 4569 vero
2545 4525 2917 4582 nequaquam,
2959 4517 3018 4562 ut
3044 4507 3166 4578 ejus
3192 4505 3382 4578 opinio
3415 4503 3554 4572 fert;
3586 4502 3687 4572 qui

421 4634 521 4704 τὴν
553 4630 856 4704 μικρότητα
884 4629 1085 4684 αὐτῶν·
1113 4630 1190 4694 ὡς
1215 4624 1797 4700 ὑπολαμϐάνει(54)τε
1826 4624 2002 4695 ἀμαυ-

429 4724 556 4797 ροὺς
609 4721 846 4794 ἀστέρας
883 4720 1075 4792 ἔχοντα
1118 4720 1228 4775 τῶν
1266 4721 1483 4793 ἄστρων
1534 4718 1764 4773 εἴθισται
1818 4715 2003 4777 καλεῖν

422 4817 499 4881 ὡς
532 4816 625 4870 ἐπὶ
655 4813 814 4881 πολὺ,
846 4813 1041 4896 λεπτά
1068 4814 1162 4867 καὶ
1189 4812 1370 4869 οὐδὲν
1404 4812 1618 4882 ἀγαυὰ.

493 4912 551 4963 ι’.
583 4908 670 4963 Ἐν
696 4907 753 4961 δὲ
783 4909 896 4971 τοῖς
924 4905 1054 4977 ἑξῆς
1080 4906 1209 4977 περὶ
1238 4906 1339 4977 τῆς
1361 4908 1598 4979 Ἀρκτου
1624 4902 1902 4966 παντελῶς
1919 4903 2005 4957 δοιε

427 5000 584 5054 κοῦσι
619 5017 709 5073 μοι
730 4999 972 5069 ἀγνοεῖν
1006 5000 1036 5053 0
1072 4999 1170 5070 μὲν
1200 4997 1428 5066 Εΰδοξος
1445 4996 1588 5051 οὕτω
1606 4996 1798 5066 λέγων·
1827 5014 1846 5047 ι
1867 4993 2007 5049 Ὑπὸ

424 5089 482 5142 δὲ
500 5088 599 5161 τὴν
620 5089 862 5160 κεφαλὴν
888 5088 988 5158 τῆς
1022 5087 1266 5160 μεγάλης
1284 5088 1519 5158 Ἄρκτου
1545 5086 1597 5139 οἱ
1618 5085 1837 5157 Δίδυμοι
1858 5086 2004 5137 κεῖν·-

424 5197 534 5258 sar
568 5180 710 5234 κατά
736 5179 899 5251 μέσον
921 5179 977 5233 δὲ
1002 5182 1030 5233 0
1054 5178 1346 5251 Καρκίνος
1362 5177 1468 5230 ὑπὸ
1496 5177 1553 5230 δὲ
1576 5177 1702 5241 τοὺς
1724 5174 2005 5239 ὀπισθίους

425 5270 591 5334 πόδας
618 5270 648 5323 0
674 5270 855 5324 Λέων·
900 5289 919 5322 ι
960 5270 989 5322 0
1019 5268 1075 5322 δὲ
1116 5270 1351 5340 Ἀρατος
1370 5284 1384 5297 ·

424 5362 604 5428 Κρατὶ
620 5361 686 5432 δέ
700 5366 754 5416 οἱ
777 5362 1017 5432 Δίδυμοι
1035 5380 1049 5392 ·
1083 5360 1290 5430 μέσσῃ
1308 5359 1360 5432 δ’
1388 5358 1508 5415 ὑπὸ
1532 5361 1825 5432 Καρκίνος
1847 5361 2002 5416 ἐστι·

423 5434 621 5487 Ποσσὶ
646 5431 699 5504 δέ
725 5430 1221 5502 όπισθὸτέροισι⁶¹
1252 5430 1419 5485 Λέων
1441 5430 1558 5485 ὑπὸ
1580 5432 1736 5486 καλὰ
1753 5433 2002 5501 φαείνει.

496 5547 542 5580 ⁸⁸
570 5565 658 5616 rp.
700 5548 793 5600 ὑπ’
816 5547 1189 5619 ἀμφοτέροισι.

500 5661 615 5732 (5'5)
644 5660 859 5727 Πολλῷ
884 5660 955 5715 δὲ
978 5663 1396 5732 λαμπρότεροι.
1427 5658 1696 5732 Videntur
1722 5659 1840 5716 haec
1890 5661 1995 5715 mi-

2110 4607 2376 4663 obscuras
2401 4605 2845 4661 constellationes
2874 4608 2936 4656 ut
2976 4601 3268 4673 plurimum
3310 4611 3505 4653 vocare
3546 4594 3687 4658 solet

2111 4709 2287 4759 tenues
2319 4706 2375 4755 et
2413 4697 2627 4751 minime
2646 4693 2904 4750 illustres.

2181 4896 2251 4957 Χ.
2283 4893 2367 4950 Ad
2407 4893 2523 4948 haec
2556 4891 2625 4947 de
2651 4888 2794 4946 Ursa
2824 4888 3045 4960 penitus
3079 4885 3367 4942 aberrasse
3392 4882 3685 4951 videntur,

2112 4985 2384 5058 imprimis
2399 4983 2662 5039 Eudoxus
2686 4980 2834 5036 hunc
2862 4980 2918 5034 in
2936 4977 3158 5034 modum
3186 4975 3473 5032 scribens:
3515 4992 3533 5026 ι
3570 4972 3689 5028 Sub

2111 5079 2293 5151 capite
2330 5076 2558 5147 majoris
2592 5074 2749 5132 Ursa:
2806 5072 2896 5128 siti
2942 5080 3073 5128 sunt
3119 5067 3365 5131 Gemini;
3405 5066 3461 5120 in
3504 5064 3685 5120 medio

2109 5186 2243 5228 vero
2287 5169 2538 5235 Cancer;
2585 5167 2690 5223 sub
2753 5164 3152 5237 posterioribus
3192 5161 3425 5233 pedibus
3495 5155 3628 5212 Leo.
3660 5174 3679 5208 ι

2107 5267 2311 5320 Aratus
2335 5267 2515 5317 autem
2545 5277 2559 5312 :

2116 5357 2229 5415 Sub
2246 5355 2422 5425 capite
2440 5368 2559 5425 uero
2576 5351 2746 5425 illius,
2762 5346 2974 5425 _Gem_ini
2999 5363 3017 5401 :
3035 5344 3144 5425 sub
3165 5342 3336 5425 medio
3364 5340 3566 5403 Cancer
3580 5343 3683 5401 est.

2115 5414 2189 5489 At
2208 5414 2446 5498 pedibus
2475 5422 2571 5478 sub
2598 5419 2849 5475 ambobus
2871 5416 2977 5473 Leo
2997 5417 3141 5472 clare
3168 5414 3331 5487 fulget

2101 5656 2268 5721 talus,
2298 5663 2404 5709 nec
2452 5655 2637 5704 tamen
2689 5644 2948 5702 dillitetur-
2998 5640 3162 5714 paulo
3208 5637 3390 5693 minus
3438 5633 3690 5701 illustres,

430 5726 537 5795 nus
568 5726 800 5802 integra.
827 5726 1074 5803 corrige,
1096 5726 1158 5786 οὗ
1186 5726 1368 5803 ποὶῖλῷ
1384 5732 1464 5803 δέ.
1484 5731 1719 5803 ςὸιθιιιιε,
1768 5746 1897 5803 quae,
1931 5732 1995 5787 in

2102 5726 2294 5803 ίυίέξβξ

432 5803 689 5866 manibus
706 5801 842 5857 Sunt
867 5801 1226 5872 Serpeutarii,
1254 5801 1399 5857 haud
1431 5802 1568 5859 adeo
1596 5801 1995 5873 splendidiores

435 5887 558 5930 csse
592 5874 704 5929 vult
736 5874 800 5930 iis
834 5889 956 5946 qua:
987 5884 1115 5931 sunt
1168 5874 1221 5931 in
1250 5873 1513 5942 humeris,
1534 5881 1609 5929 'ut
1636 5872 1869 5945 putavit
1901 5872 1992 5927 Δις

2174 5779 2291 5868 (30)
2320 5791 2857 5869 Leviter‘corruptus
2892 5787 3069 5845 locus.
3096 5779 3261 5842 Forte
3279 5780 3684 5869 ὑπολαμϐάνειν

2102 5861 2197 5941 τις
2226 5861 2332 5927 etc.
2343 5907 2358 5937 ,
2393 5861 2653 5953 εἰθίσθαι.
