4132 6410
533 374 553 426 l
566 373 670 428 0’23

1520 361 1611 416 AD
1647 359 1925 417 EUSEBll
1961 354 2355 412 CHRONICON
2391 349 2758 410 APPENDIX.

3642 347 3786 414 ωτι

528 493 742 558 Quibus
771 489 986 545 Attalus
1027 487 1319 558 creterique
1371 484 1726 542 subscribunt
1766 493 1976 536 omnes.
2037 477 2093 532 lu

2200 468 2295 537 Οἷς
2325 474 2353 526 ὅ
2383 488 2443 525 τε
2480 469 2747 532 Ἄτταλος
2803 465 2897 521 καὶ
2947 468 2996 520 οἱ
3052 466 3225 521 λοιποὶ
3290 467 3489 532 πάντες
3557 484 3780 523 συνεπι-

530 581 634 635 ltoc
665 595 796 634 vero
828 579 961 644 falli,
1003 594 1070 634 ex
1095 593 1163 634 eo
1199 575 1547 631 manifestum
1569 579 1674 628 est.
1706 569 1840 625 Nam
1870 566 2096 637 majoris

530 671 686 726 Ursae
719 678 888 740 caput
917 686 985 725 ex
1009 671 1251 733 illorum,
1278 683 1417 738 quos
1447 665 1582 728 dixi,
1608 664 1900 728 sententia,
1940 661 2096 718 Stella

527 768 615 814 cst
640 761 914 815 borealior
940 760 1174 815 duarum
1208 756 1644 812 antecedentium
1679 756 1735 808 in
1780 754 2046 808 laterculo
2078 767 2094 806 ;

529 860 586 904 at
619 852 675 906 in
713 853 942 922 pedibus
967 851 1330 908 anterioribus
1361 851 1463 904 sita
1503 857 1590 903 est
1616 847 1931 903 earumdem
1964 847 2090 901 stel-

529 944 706 996 larum
739 945 1052 997 australior.
1098 941 1252 1008 Quod
1296 943 1441 996 enim
1481 940 1692 995 stellam
1726 941 1886 994 istam
1923 939 1978 993 in
2005 954 2098 994 ca-

529 1035 644 1104 pite
673 1034 962 1100 collocent,
999 1037 1134 1090 satis
1167 1049 1234 1089 eo
1265 1033 1664 1096 demonstrant,
1691 1035 1836 1102 quod
1881 1032 2096 1087 stellam

528 1125 586 1178 in
611 1135 852 1180 extrema
884 1125 1148 1182 Draconis
1171 1127 1343 1180 cauda
1374 1125 1631 1196 positam,
1660 1125 1714 1178 in
1735 1125 1890 1180 Ursae
1915 1125 2096 1194 capite

528 1213 882 1268 constitutam
913 1229 1034 1269 esse
1083 1215 1286 1270 dicant.
1320 1213 1485 1284 Atqui
1509 1214 1661 1268 nulla
1688 1221 1774 1268 est
1800 1215 1904 1268 alia
1938 1215 2096 1270 stella

523 1302 682 1370 juxta
709 1320 826 1359 eam
850 1345 864 1370 ,
899 1322 1020 1376 quae
1059 1316 1146 1362 est
1187 1309 1244 1361 in
1298 1315 1542 1363 extrema
1584 1305 1760 1362 cauda
1804 1305 2092 1372 Draconis,

529 1400 890 1466 praeterquam
936 1399 1210 1453 borealior
1248 1399 1686 1454 antecedentium
1716 1399 1772 1452 in
1803 1398 2090 1454 laterculo.

529 1483 810 1555 Siquidem
843 1489 1000 1543 stella
1037 1490 1142 1543 ista
1173 1505 1295 1560 quae
1319 1497 1402 1544 est
1436 1489 1492 1543 in
1536 1491 1881 1546 extremitate
1906 1490 2094 1546 cauda-

528 1573 815 1638 Draconis,
845 1578 1052 1633 obtinet
1086 1580 1140 1634 in
1186 1581 1446 1650 parallelo
1493 1581 1703 1636 circulo
1740 1580 1940 1638 Leonis
1970 1598 2095 1652 par-

528 1675 638 1720 tem
668 1667 918 1734 tertiam;
951 1669 1107 1722 stella
1136 1684 1298 1737 vero,
1326 1669 1394 1724 de
1417 1685 1524 1740 qua
1552 1670 1812 1736 diximus,
1843 1674 1901 1726 in
1929 1672 2094 1728 later-

527 1757 655 1810 culo
687 1757 814 1822 sita,
844 1759 1008 1828 paulo
1060 1761 1248 1815 minus
1307 1763 1467 1816 tertia
1499 1769 1654 1832 parte
1675 1763 1796 1832 ejus
1837 1773 2089 1834 occupat.

2204 564 2525 636 γράφονται.
2552 563 2677 614 Ὀτι
2710 557 2768 613 δὲ
2800 557 3102 626 ἀγνοοῦσιν,
3135 559 3198 611 ἐκ
3225 557 3426 612 τούτων
3458 559 3574 612 ἐστὶ
3615 576 3778 628 φανε-

2207 655 2317 727 ρόν.
2364 654 2428 706 Ἡ
2459 653 2556 724 μὲν
2579 651 2689 722 γὰρ
2732 649 2940 721 κεφαλὴ
2969 650 3066 720 τῆς
3097 649 3338 718 μεγάλης
3373 650 3608 720 Ἄρκτου
3638 650 3778 704 κατὰ

2204 747 2334 807 τοὺς
2360 741 2792 814 προειρημένους
2815 739 3014 811 ἄνδρας
3036 739 3180 792 ἐστὶν
3196 741 3225 792 6
3252 738 3584 812 βορειότερος
3604 741 3777 818 ἀστὴρ

2202 835 2308 888 τῶν
2389 835 2496 888 τῶν
2515 833 2828 904 ἡγουμένων
2847 833 2904 886 ἐν
2919 830 2995 901 τῷ
3011 830 3255 899 πλινθίῳ”
3275 830 3366 882 ἐπὶ
3387 830 3444 883 δὲ
3459 831 3566 884 τῶν
3578 832 3775 902 ἐμπρο-

2205 927 2368 980 σθίων
2397 925 2571 980 ποδῶν
2599 927 2774 978 κεῖται
2802 926 2830 978 6
2855 923 3170 995 νοτιιῖπερος
3185 920 3294 975 τῶν
3316 922 3493 976 αὐτῶν
3507 922 3781 995 ἀστέρων,

2204 1017 2328 1070 Ὅτι
2364 1018 2460 1088 μὲν
2485 1016 2594 1088 γὰρ
2622 1018 2650 1071 6
2679 1014 3074 1090 προειρημένος
3104 1013 3274 1086 ἀστὴρ
3309 1013 3428 1067 κατ’
3461 1013 3656 1078 αὐτοὺς
3683 1016 3775 1067 ἐπί

2199 1112 2299 1180 τῆς
2348 1111 2590 1180 κεφαλῆς
2621 1113 2818 1173 κεῖται,
2865 1109 3098 1180 φανερὸν
3155 1108 3312 1161 τοῦτο
3342 1106 3584 1162 ποιοῦσιν
3620 1106 3684 1160 ἔκ
3711 1124 3773 1173 τε

2199 1201 2294 1256 τοῦ
2314 1202 2490 1270 λέγειν
2511 1203 2601 1256 τὸν
2621 1203 2676 1254 ἐν
2704 1203 2846 1272 ἄκρᾳ
2874 1203 2937 1272 τῇ
2969 1201 3104 1271 οὐρᾷ
3123 1199 3215 1254 τοῦ
3240 1200 3542 1271 Δράκοντος
3569 1199 3774 1270 ἀστέρα

2201 1293 2412 1347 κεῖσθαι
2437 1293 2578 1348 κατὰ
2602 1292 2701 1364 τὴν
2743 1291 2982 1362 κεφαλὴν
3009 1291 3109 1360 τῆς
3144 1293 3404 1363 Ἀρκτου.
3453 1291 3568 1344 Οὐκ
3615 1290 3772 1356 ἄλλος

2199 1383 2308 1456 γάρ
2359 1387 2536 1440 κεῖται
2585 1384 2761 1455 ἀστὴρ
2813 1381 2956 1436 κατὰ
3002 1383 3095 1436 τὸν
3128 1385 3185 1437 ἐν
3227 1382 3373 1455 ἄκρᾳ
3400 1385 3466 1455 τῇ
3499 1384 3638 1454 οὐρᾷ
3675 1383 3770 1438 τοῦ

2199 1475 2519 1546 Δράκοντος,
2551 1475 2662 1528 ἀλλ’
2691 1475 2721 1528 6
2751 1473 3086 1546 βορειότερος
3117 1475 3224 1527 τῶν
3257 1474 3574 1546 ἡγουμένων
3609 1475 3667 1527 ἐν
3693 1473 3772 1546 τῷ

2201 1566 2446 1638 πλινθίῳ·
2483 1568 2512 1620 6
2545 1567 2642 1638 μὲν
2695 1569 2804 1638 γὰρ
2835 1569 2893 1620 ὲν
2920 1567 3065 1638 ἄκρᾳ
3094 1571 3160 1639 τῇ
3187 1567 3324 1639 οὐρᾷ
3349 1567 3442 1620 τοῦ
3471 1567 3770 1638 Δράκοντος

2199 1656 2408 1727 ἐπέχει,
2455 1656 2532 1720 ὡς
2575 1657 2717 1710 κατὰ
2758 1657 3096 1728 παράλληλον
3153 1655 3370 1721 κύκλον,
3418 1655 3514 1710 τοῦ
3543 1657 3771 1720 Λέοντος

2203 1747 2312 1819 μοί.
2345 1755 2394 1817 γ’
2414 1766 2427 1780 ο
2456 1751 2484 1802 6
2511 1749 2566 1802 δὲ
2605 1749 2891 1820 εἰρημένος
2928 1749 3102 1820 ἀστὴρ
3138 1749 3195 1802 ἐν
3224 1747 3302 1820 τῷ
3334 1749 3560 1819 πλινθίῳ
3583 1749 3772 1820 ἐπέχει

527 1847 664 1902 Nam
701 1848 844 1918 quod
881 1851 936 1904 in
965 1854 1334 1908 anterioribus
1365 1855 1594 1924 pedibus
1616 1857 1910 1910 australior
1939 1864 2089 1912 ante-

2193 1835 2286 1890 τοῦ
2302 1837 2525 1901 Λέοντος
2542 1837 2724 1909 μικρῷ
2759 1837 2982 1890 ἔλασσον
3002 1837 3110 1890 τῶν
3133 1843 3183 1906 γ’
3202 1835 3424 1908 μοιρῶν.
3456 1837 3575 1890 Ὅτι
3601 1836 3658 1888 δέ
3677 1837 3772 1888 ἐπὶ

529 1939 838 1994 cedentium
879 1941 934 1994 in
976 1941 1239 1999 laterculo
1261 1946 1368 1999 sita
1397 1947 1489 2011 sit,
1519 1946 1677 2001 docet
1712 1945 1967 2002 Eudoxus
2011 1947 2096 2004 his

529 2030 713 2085 verbis
747 2051 760 2086 :
804 2051 823 2083 ι
868 2035 1010 2089 Ante
1047 2035 1216 2105 pedes
1277 2037 1582 2094 anteriores
1609 2037 1764 2095 Ursae
1814 2041 1970 2095 stella
2011 2049 2097 2096 est

531 2121 734 2176 lucida.
775 2141 796 2173 ι
825 2121 961 2178 Tum
989 2123 1228 2181 Aratus:

531 2297 722 2421 Sit-alis
755 2299 804 2384 ei
838 2310 958 2356 ante
991 2303 1142 2369 pedes
1175 2303 1345 2373 fertur
1370 2304 1617 2375 claraque
1651 2323 1974 2421 magnaque,

584 2385 655 2421 na
683 2371 892 2421 auulem
929 2372 1026 2421 sub
1055 2374 1310 2421 humeris-
1339 2391 1444 2421 una
1479 2393 1597 2421 vero
1628 2377 1733 2421 lum
1775 2394 1804 2421 η
1833 2389 1974 2421 Imm:

585 2323 722 2355 rem
755 2323 803 2354 et
838 2323 958 2356 ante
991 2323 1142 2369 peues
1175 2323 1345 2373 [ertur
1370 2323 1617 2375 claraque
1651 2323 1736 2360 ma
1775 2323 1974 2377 naque,

584 2385 655 2422 na
683 2371 892 2440 quidem
929 2372 1026 2426 sub
1055 2374 1310 2442 humeris,
1339 2391 1444 2430 una
1479 2393 1597 2430 vero
1627 2323 1804 2430 lumgo
1833 2389 1979 2431 tenus
2007 2377 2100 2432 de-

1689 2446 2094 2519 [scendeutibus.

598 2548 735 2604 Nam
786 2555 1168 2611 australiorem
1221 2558 1660 2614 antecedentium
1715 2561 1771 2616 in
1831 2563 2096 2619 laterculo

529 2641 788 2710 praecedit
812 2659 921 2698 una
946 2649 1324 2704 tantummodo
1344 2649 1522 2705 lucida
1557 2652 1747 2719 stella;
1771 2669 1893 2724 quae
1919 2657 1973 2708 in
1997 2670 2096 2710 an-

528 2732 824 2791 terioribus
851 2739 1104 2796 cruribus
1129 2741 1396 2813 hodieque
1425 2753 1780 2802 monstratur.
1807 2795 1812 2803 ,

598 2826 794 2896 Atque,
815 2838 874 2884 ut
899 2832 1152 2889 universe
1173 2833 1426 2902 dixerim,
1451 2843 1663 2894 veteres
1680 2853 1870 2894 omnes
1886 2847 2094 2909 septem

529 2917 662 2973 solis
700 2920 872 2976 stellis
920 2922 1118 2978 Ursam
1159 2925 1502 2997 conﬁgurare
1545 2929 1810 2984 solebant.
1861 2928 1947 2984 Fit
1991 2947 2092 2985 au-

529 3019 657 3074 tem,
686 3012 830 3080 quod
859 3028 890 3066 a
925 3014 1084 3070 nobis
1109 3015 1316 3072 dictum
1350 3027 1454 3088 est,
1486 3021 1541 3074 in
1563 3021 1774 3076 minore
1807 3021 1944 3078 Ursa
1979 3039 2094 3078 ma-

529 3098 804 3158 nifestius.
835 3102 1067 3160 Constat
1094 3108 1240 3162 enim
1272 3118 1437 3180 caput
1471 3110 1590 3180 ejus
1621 3127 1684 3166 ac
1717 3112 1882 3182 pedes
1921 3115 1974 3169 in
2019 3115 2090 3170 iis

526 3199 765 3260 quatuor
786 3195 1048 3250 collocari
1067 3199 1264 3262 stellis,
1302 3177 1424 3272 quae
1449 3177 1774 3258 laterculuin
1811 3205 2088 3262 ambiunt:
2115 3177 2160 3236 ο

527 3281 727 3352 quippe
777 3286 940 3342 nulla:
981 3287 1117 3358 ipsis
1157 3291 1406 3362 adjacent
1433 3293 1553 3348 alia:
1589 3294 1904 3366 splendidae,
1947 3298 2093 3352 velut

527 3375 721 3444 majori
769 3376 1068 3447 laterculo;
1105 3391 1164 3436 ut
1193 3382 1343 3440 illius
1390 3393 1554 3455 caput
1597 3401 1662 3440 ae
1705 3387 1872 3457 pedes
1909 3388 2094 3443 defor-

525 3474 696 3533 ment,
724 3483 844 3538 qua:
872 3468 1133 3529 Draconis
1178 3475 1328 3544 spira
1368 3476 1700 3544 circumdat,
1729 3485 1790 3534 ut
1831 3478 1975 3535 idem
2002 3495 2092 3537 as-

527 3558 662 3612 serit
693 3574 711 3610 ε-

529 3755 594 3812 In
619 3761 764 3828 spira
793 3777 910 3816 vero
935 3760 1213 3834 Cynosura
1245 3777 1402 3836 caput
1429 3769 1600 3824 habet.
1632 3768 1761 3844 ῌωσ
1785 3779 1956 3844 autem
1987 3777 2092 3844 cir-

674 3899 710 3913 ’,
953 3911 960 3913 Α
1063 3905 1076 3913 _
1259 3909 1270 3913 _
1381 3907 1391 3913 _
1633 3839 1774 3913 [cum
1810 3843 1984 3912 ipsum

541 3897 780 3954 Volvitur
805 3911 961 3970 caput
979 3942 994 3968 ,
1028 3905 1174 3976 eique
1201 3909 1270 3961 ad
1292 3907 1474 3979 pedem
1501 3897 1664 3981 usque
1694 3897 1944 3981 pervenit.

601 4007 730 4076 Quae
753 4027 876 4066 cum
901 4013 978 4068 ita
1009 4031 1068 4072 se
1098 4016 1356 4086 habeant,
1387 4019 1481 4092 qui
1523 4019 1642 4077 ﬁeri
1672 4029 1870 4092 potest,
1895 4033 1954 4079 ut
1986 4027 2100 4082 sub.

532 4098 667 4156 Ursa
697 4100 909 4158 Gemini
963 4119 1028 4161 ac
1057 4106 1266 4164 Cancer
1287 4109 1536 4180 jaceant,
1569 4115 1612 4170 si
1651 4113 1869 4184 quidem
1926 4125 2090 4188 caput

526 4193 939 4266 anterioresque
965 4198 1130 4268 pedes
1153 4201 1210 4254 in
1235 4199 1435 4258 Leonis
1455 4211 1610 4274 parte
1639 4206 1796 4260 tertia
1815 4207 2088 4264 collocen-

525 4285 654 4339 tur?
703 4287 974 4352 Quocirca
1016 4291 1168 4347 solus
1215 4293 1319 4348 sub
1351 4291 1489 4348 Ursa
1535 4293 1648 4350 Leo
1669 4297 2088 4354 constituendus

523 4384 628 4432 est.
664 4375 799 4432 Nam
818 4396 940 4450 quae
967 4382 1020 4436 in
1055 4384 1450 4453 posterioribus
1476 4387 1617 4442 inest
1641 4385 1794 4444 Ursae
1829 4389 2084 4459 pedibus,

524 4469 581 4522 in
607 4469 808 4538 quibus
836 4473 1136 4528 australior
1167 4476 1576 4532 succedentium
1608 4477 1662 4532 in
1694 4479 1958 4536 laterculo
1979 4479 2084 4534 sita
2113 4513 2163 4575 υ

520 4567 628 4625 est,
659 4558 858 4616 Leonis
899 4563 1082 4619 minus
1112 4564 1323 4620 obtinet
1351 4576 1505 4636 parte
1529 4566 1620 4622 25.
1651 4567 1887 4625 Omnino
1931 4585 2082 4636 vero,

522 4649 570 4705 si
624 4651 964 4720 propositum
1015 4651 1119 4707 hoc
1162 4665 1328 4722 esset,
1366 4671 1465 4725 per
1507 4663 1674 4710 totam
1713 4655 1906 4712 Ursam
1937 4666 2086 4714 aste-

521 4738 724 4795 rismos
775 4740 919 4795 ullos
947 4740 1271 4813 designare;
1309 4746 1412 4799 sub
1433 4760 1498 4800 ea
1523 4744 1802 4818 Virginem
1845 4748 2084 4806 maxime

518 4842 722 4900 ponere
753 4831 998 4900 oportuit
1027 4850 1039 4886 :
1073 4832 1184 4887 imo
1221 4832 1512 4890 Cltelarum
1560 4835 1806 4906 profecto
1846 4829 2084 4908 partem.

517 4918 732 4974 Etenim
758 4936 880 4992 qua:
905 4931 989 4978 est
1012 4923 1066 4978 in
1091 4933 1333 4980 extrema
1351 4925 1504 4982 Ursae
1530 4927 1726 4993 cauda,
1756 4928 1825 4984 de
1849 4938 2078 5001 septem,

513 5026 638 5082 quae
667 5019 797 5067 sunt
843 5012 911 5066 ad
935 5017 1225 5098 orientem,
1253 5017 1446 5072 ultima
1465 5056 1481 5083 ,
1515 5019 1813 5074 secundum
1841 5023 2079 5092 paralle-

513 5102 625 5156 lum
657 5103 1023 5174 aequinoctiali
1055 5107 1322 5162 circulum
1353 5116 1562 5178 partem
1599 5111 1887 5167 Chelarum
1923 5113 2079 5184 105

511 5191 724 5248 obtinet
743 5203 995 5263 quartam
1017 5214 1033 5264 ;
1053 5196 1199 5267 quod
1219 5198 1300 5252 sic
1330 5198 1558 5270 intelligi
1585 5201 1728 5266 volo,
1759 5209 1819 5256 ut
1846 5205 2076 5274 tr0pica,

411 5315 424 5332 ι
512 5290 566 5336 et
597 5285 1005 5354 mquinoctialia
1043 5296 1244 5358 puncta
1283 5289 1338 5344 in
1370 5289 1649 5362 signorum
1678 5293 1964 5365 principiis
1993 5294 2078 5348 lo-

512 5382 732 5432 centur.
765 5374 862 5431 Sin
892 5393 954 5433 ea
1004 5394 1131 5434 cum
1159 5379 1384 5437 Eudoxo
1414 5382 1611 5439 mediis
1662 5383 1833 5457 signis
1882 5383 2081 5441 inseri-

583 5531 629 5561 “
661 5531 702 5600 f.
737 5533 767 5586 6
794 5533 920 5604 γάρ.

586 5683 698 5759 (.53)
727 5689 796 5739 El
811 5687 1082 5759 μέντοιγε
1121 5688 1192 5743 τὰ
1219 5687 1516 5759 είρημένα.
1553 5687 1688 5745 Vide
1719 5707 1839 5759 quae
1867 5691 1934 5745 de
1967 5690 2062 5746 Eu-

2197 1928 2306 1980 τῶν
2357 1927 2708 1999 ἐμπροσθίων
2761 1927 2938 1982 ποδῶν
2987 1931 3160 1982 κεῖται
3197 1930 3228 1981 6
3287 1925 3604 1999 νοτιὼτερος
3661 1925 3772 1981 τῶν

2197 2019 2515 2090 ἡγουμένων
2563 2022 2620 2073 ἐν
2656 2019 2736 2092 τῷ
2764 2019 3010 2091 πλινθίῳ,
3039 2021 3269 2092 φανερὸν
3299 2022 3444 2072 ποιεῖ
3470 2021 3499 2072 6
3529 2019 3626 2090 μὲν
3665 2017 3772 2072 Εὐ-

2155 2099 2162 2104 ’
2196 2108 2347 2173 δοξος
2379 2108 2552 2178 λέγων
2580 2107 2752 2172 οὕτως
2772 2127 2785 2140 θ
2820 2127 2839 2160 ι
2865 2110 2978 2181 Πρὸ
2997 2110 3054 2164 δὲ
3071 2109 3179 2162 τῶν
3209 2108 3554 2180 ἐμπροσθίων
3593 2107 3772 2164 ποδῶν

2194 2195 2296 2265 τῆς
2329 2197 2566 2266 ’Ἄρκτου
2602 2197 2776 2268 ἀστήρ
2802 2197 2918 2250 ἐστι
2943 2197 3192 2268 λαμπρός
3211 2215 3224 2228 ·
3260 2217 3278 2250 s
3297 2201 3326 2252 6
3357 2195 3414 2250 δὲ
3441 2199 3712 2268 Ἀρατοςο,

2192 2305 2330 2382 ρζός
2361 2312 2416 2382 οι
2443 2308 2563 2382 πρὸξ
2591 2309 2792 2382 ποδῶν
2820 2310 3056 2382 φέρεται
3087 2313 3272 2382 καλός
3299 2328 3361 2365 τε
3391 2312 3580 2382 μέγας
3605 2329 3672 2366 τε

2187 2374 2440 2448 Εἶςίμὲν
2465 2374 2565 2434 ὑπ’
2591 2374 2852 2450 digeritur"
2878 2374 2966 2448 εἷς
2991 2381 3042 2434 δ’
3073 2374 3312 2446 ίξυόθὲν
3335 2374 3676 2436 κάτιόνὲων.

2268 2557 2375 2611 Τοῦ
2405 2557 2846 2630 γὰρνοτιωτέρου
2872 2557 2980 2612 τῶν
3005 2558 3322 2630 ἡγουμένων
3354 2559 3411 2611 ἐν
3438 2557 3515 2630 τῷ
3541 2558 3776 2632 πλινθίῳ

2193 2644 2274 2713 εἷς
2321 2651 2481 2721 μόνος
2527 2654 2848 2723 προηγεῖται
2877 2651 3128 2723 λαμπρὸς
3152 2651 3346 2722 ἀστὴρ,
3379 2651 3408 2703 6
3441 2651 3535 2705 νῦν
3565 2652 3624 2706 ἐν
3651 2655 3774 2717 τοῖς

2192 2743 2548 2814 ἐμπροσθίοις
2578 2743 2791 2797 σκέλεσι
2817 2743 3183 2814 δεικνύμενος.

2265 2832 2510 2888 Καθόλου
2537 2851 2597 2888 τε
2624 2837 2672 2888 οἱ
2696 2835 2912 2906 ἀρχαῖοι
2942 2835 3141 2900 πάντες
3168 2835 3268 2906 τὴν
3293 2836 3525 2906 ’Ἄρκτον
3555 2835 3620 2889 ἐκ
3653 2834 3770 2888 τῶν

2192 2925 2236 2990 ζ’
2267 2926 2441 2996 μόνων
2468 2927 2712 2998 ἀστέρων
2727 2925 3030 2981 διετύπουν.
3056 2927 3290 2998 Φανερδν
3311 2926 3367 2980 δὲ
3395 2927 3592 2998 μᾶλλον
3623 2927 3770 2996 γίνε-

2190 3035 2278 3072 ται
2307 3018 2369 3071 τὸ
2392 3017 2679 3090 λεγόμενον
2710 3019 2799 3088 ὐφ’
2837 3019 2994 3090 ἡμῶν
3029 3019 3121 3073 ἐπὶ
3146 3019 3247 3088 τῆς
3271 3021 3473 3090 μικρᾶς
3505 3020 3761 3091 Ἄρκτου.

2204 3108 2679 3180 Ὀμολογουμένως
2725 3109 2834 3182 γάρ
2888 3110 2974 3164 ἐπ’
3017 3110 3233 3180 ἐκείνης
3267 3110 3302 3179 ἧ
3338 3127 3398 3162 τε
3433 3109 3643 3181 κεφαλὴ
3672 3110 3769 3164 καὶ

2192 3198 2242 3251 οἱ
2281 3197 2440 3262 πόδες
2469 3200 2528 3253 ἐν
2559 3201 2672 3262 τοῖς
2703 3199 2996 3270 τέσσαρσιν
3024 3199 3115 3252 ὐπ’
3143 3197 3322 3251 αὐτῶν
3366 3197 3622 3262 τίθενται,
3652 3199 3766 3262 τοῖς

2190 3289 2253 3344 τὸ
2279 3289 2518 3344 πλινθίον
2544 3290 2915 3361 περιέχουσινο
2949 3289 3098 3346 ἄλλοι
3145 3287 3254 3360 γὰρ
3293 3289 3477 3353 αὐτοῖς
3511 3290 3766 3358 ἐκφανεῖς

2191 3381 2268 3434 οὐ.
2297 3380 2674 3452 παράκεινται,
2695 3379 2944 3453 καθάπερ
2971 3379 3048 3450 τῷ
3083 3378 3302 3450 μεγάλῳ
3331 3377 3584 3449 πλινθίῳ·
3623 3377 3766 3432 ὥστε

2193 3474 2598 3546 συσχηματίσαι
2629 3473 2730 3544 τὴν
2762 3471 3002 3543 κεφαλὴν
3039 3471 3207 3541 αὐτῆς
3261 3470 3354 3523 καὶ
3402 3471 3525 3534 τοὺς
3575 3470 3764 3534 πόδας,

2191 3563 2763 3635 περιλαμϐανομένους
2802 3562 2906 3616 ὐπὸ
2932 3562 3030 3633 τῆς
3062 3561 3290 3632 σπείρας
3317 3559 3411 3613 τοῦ
3439 3559 3762 3632 Δράκοντοςο

2189 3653 2266 3718 ὥς
2297 3670 2429 3725 φησι
2450 3671 2464 3685 υ

2193 3769 2412 3838 Σπείρῃ
2455 3766 2506 3819 δ’
2557 3766 2628 3820 ἐν
2684 3767 3039 3832 Κυνόσουρα
3085 3762 3236 3834 κάρη
3273 3763 3397 3834 ἔχει
3415 3778 3432 3794 ο
3463 3763 3766 3888 ραὲἕὴξαΐ

3486 3851 3524 3888 α

2188 3899 2446 3971 Eligitur
2473 3899 2770 3968 κεφαλὴν,
2796 3901 2896 3954 καί
2925 3905 2978 3956 οἱ
3002 3902 3189 3969 ποδὸς
3213 3833 3679 3974 ἔρχεται

2259 4010 2462 4065 Τούτου
2493 4011 2538 4065 δ’
2567 4010 2738 4075 οὓτως
2762 4011 2995 4082 ἔχοντος,
3018 4014 3134 4080 πῶς
3159 4017 3274 4068 ἐστι
3291 4014 3513 4070 δυνατὸν
3533 4013 3638 4068 ὐπδ
3661 4016 3769 4085 τὴν

2193 4106 2426 4176 ’Ἄρκτον
2451 4103 2576 4166 τούς
2606 4119 2666 4156 τε
2689 4103 2952 4175 Διδύμους
2981 4106 3076 4160 καὶ
3103 4106 3195 4159 τὸν
3226 4106 3499 4178 Καρκίνον
3526 4105 3762 4172 κεῖσθαι,

2189 4193 2346 4264 εἴπερ
2370 4193 2404 4264 ἦ
2434 4209 2492 4246 τε
2521 4192 2748 4264 κεφαλὴ,
2767 4195 2860 4246 καὶ
2895 4195 2944 4247 οἱ
2969 4194 3466 4268 ἐμπρόσθιοιπόδες
3490 4195 3633 4250 κατὰ
3662 4196 3763 4268 τὴν

2187 4292 2236 4353 γ’
2270 4285 2362 4339 τοῦ
2388 4285 2624 4360 Λέοντος.
2655 4289 2861 4341 κεῖνται
2891 4290 3118 4358 μοῖραν;
3149 4290 3241 4341 Δεῖ
3259 4284 3352 4343 οὖν
3376 4289 3482 4342 ὐπὸ
3520 4289 3618 4360 μὲν
3661 4287 3763 4360 τὴν

2193 4377 2426 4448 Ἀρκτον
2453 4377 2544 4431 τὸν
2557 4377 2763 4431 Λέοντα
2805 4377 2970 4447 μόνον,
2987 4378 3263 4448 τετάχθαι.
3295 4381 3359 4432 Ol
3377 4378 3485 4450 γὰρ
3497 4379 3542 4411 ⁶¹
3557 4379 3618 4434 ἐν
3647 4381 3762 4444 τοῖς

2187 4467 2453 4532 ὀπισθίοις
2476 4467 2646 4538 αὐτῆς
2671 4467 2851 4537 ποσὶν,
2872 4469 2956 4537 ἐφ’
2979 4461 3054 4521 ῶν
3086 4471 3233 4523 ἐστιν
3253 4472 3282 4524 6
3308 4469 3626 4542 νοτιώτερος
3648 4469 3762 4524 τῶν

2192 4558 2472 4628 ἑπομένων
2497 4561 2555 4612 ἐν
2585 4558 2664 4630 τῷ
2685 4557 2931 4629 πλινθίῳ,
2955 4558 3048 4614 τοῦ
3075 4559 3301 4624 Λέοντος
3327 4561 3509 4632 ἐπέχει
3535 4560 3763 4614 ἔλασσον

2187 4648 2298 4703 τῶν
2315 4655 2390 4702 κε’
2411 4647 2634 4720 μοιρῶν.
2663 4649 2787 4712 Τοῖς
2810 4647 2854 4702 δ’
2868 4649 3030 4720 ὅλοις,
3047 4649 3205 4722 εἴπερ
3221 4650 3504 4722 προέκειτο
3520 4651 3760 4722 σημῆναι

2187 4758 2308 4795 τινα
2329 4741 2494 4806 quam
2509 4740 2631 4795 καθ’
2648 4741 2775 4813 ὃλην
2806 4742 2904 4812 τὴν
2942 4741 3195 4814 ΙἈρκτον,
3223 4743 3327 4798 ἔδει
3354 4743 3450 4814 τὴν
3483 4744 3760 4815 Παρθένον

2188 4833 2280 4902 ὐπ’
2311 4832 2479 4903 αὐτὴν
2516 4831 2696 4897 τάξαι,
2726 4833 2819 4886 καὶ
2851 4833 2916 4905 νὴ
2965 4833 3062 4886 Δία
3105 4833 3269 4904 μέρος
3302 4833 3428 4899 τῶνυ
3450 4834 3663 4905 Χηλῶν.
3698 4835 3760 4890 '0

2187 4925 2297 4998 γὰρ
2323 4926 2382 4980 ἐν
2409 4926 2555 4996 ἄκρᾳ.
2589 4926 2654 4995 τῇ
2681 4924 2817 4996 οὐρᾷ
2845 4925 2943 4994 τῆς
2979 4926 3234 4996 Ἀρκτου,
3259 4925 3318 4989 ὃς
3355 4927 3501 4981 ἐστιν
3534 4925 3760 4998 ἔσχατος

2184 5019 2292 5072 τῶν
2321 5017 2456 5090 πρὸς
2489 5017 2749 5084 ἀνατολὰς
2767 5017 2874 5070 τῶν
2899 5016 2942 5080 ζ’
2985 5017 3127 5071 κατὰ
3163 5018 3505 5091 παράλληλον
3532 5019 3609 5090 τῷ
3643 5020 3760 5091 ἰση-

2188 5108 2392 5181 μερινῷ
2435 5107 2638 5179 κύκλῳ,
2671 5107 2854 5179 ἐπέχει
2903 5108 3098 5180 Χηλῶν
3141 5111 3248 5180 μοῖ.
3275 5109 3319 5163 δ’
3333 5126 3346 5140 ·
3411 5109 3554 5178 λέγω
3591 5109 3648 5164 δὲ
3680 5111 3760 5176 ὡς

2183 5201 2294 5256 τῶν
2340 5200 2617 5272 τροπικῶν
2645 5200 2739 5254 καὶ
2779 5201 3106 5274 ίσημερινῶν
3141 5203 3380 5273 στημείων
3414 5203 3472 5254 ὲν
3505 5205 3625 5266 ταῖς
3655 5203 3758 5276 ἁρ-

2187 5296 2306 5364 χαῖς
2343 5292 2450 5348 τῶν
2495 5293 2698 5359 ζωδίων
2720 5293 3094 5364 ὑπαρχόντων.
3119 5295 3181 5347 El
3211 5294 3393 5363 μέντοι
3419 5311 3482 5363 γε
3512 5293 3584 5347 τά
3605 5295 3760 5366 εἰρη-

2191 5385 2326 5458 μένα
2360 5385 2474 5457 (55)
2504 5385 2645 5440 κατὰ
2693 5385 2840 5457 μέσα,
2871 5384 2939 5439 τὰ
2973 5383 3138 5448 ξώδια
3163 5388 3360 5455 κεῖται,
3399 5385 3476 5450 ὡς
3528 5383 3756 5450 Εὔδοξός

2179 5692 2520 5768 disputamus
2544 5694 2704 5768 infra,
2733 5695 2842 5750 col.
2865 5694 3018 5750 ιδιι.
3041 5695 3336 5765 Depravata
3356 5704 3483 5752 sunt
3511 5711 3631 5768 quae
3662 5711 3751 5768 sev

515 5750 643 5808 duxi
676 5750 967 5824 sententia,
1017 5750 1071 5813 et
1113 5750 1283 5816 mira'
1312 5750 1608 5832 Hipparchi
1655 5750 2076 5822 bal'lucinatione
2183 5750 2444 5840 qtluntur.
2488 5750 2797 5838 Legendum
2854 5781 3038 5825 assero
3087 5750 3233 5824 n'ouo
3276 5750 3624 5826 intlemversu'
3656 5750 3756 5832 τὸνι
