4132 6442
432 378 570 435 1025

1462 373 1832 429 HIPPARCHI
1874 374 1966 428 AD
2001 372 2453 431 ΡΗᾸΞΝΟΜΕΝΑ
2489 375 2619 432 LIB.
2653 375 2693 433 1.

3559 384 3700 440 i026

429 517 593 571 φησιν
614 540 627 565 ,
662 499 766 553 ὑπὸ
795 498 895 571 μὲν
938 499 1064 563 τοὺς
1108 493 1387 561 ὀπισθῖους
1420 497 1586 562 πόδας
1617 498 1718 569 τῆς
1768 499 1986 571 Ἀρκτοι

2110 499 2328 565 bamus,
2369 499 2473 554 sub
2502 500 2657 556 Ursae
2698 508 3099 571 posterioribus
3143 501 3379 573 pedibus
3417 517 3528 558 non
3560 500 3700 558 Leo-

429 591 491 643 οῦ
517 588 606 643 τὸν
644 590 849 644 Λέοντα
895 590 1001 643 ἔδει
1033 590 1257 653 τιθέναι,
1285 588 1420 642 ἀλλὰ
1467 588 1564 660 τὴν
1614 588 1909 661 Παρθένον.
1951 590 2010 644 Ὀ

432 682 530 749 μὲν
577 681 687 753 γὰρ
729 681 1043 753 νοτιώτερος
1097 682 1205 734 τῶν
1256 680 1536 751 ἑπομένων
1583 682 1640 734 ὲν
1674 680 1753 752 τῷ
1783 680 2010 753 πλινθίῳ

428 771 617 842 ἐπέχει
673 773 817 826 κατὰ
858 772 955 843 τὴν
1010 772 1411 845 προειρημένην
1454 772 1716 844 διαίρεσιν
1754 771 1849 825 τοῦ
1905 771 2011 836 Cu»

426 864 616 918 διακοῦ
692 865 791 936 τῆς
851 864 1128 936 Παρθένου
1184 865 1293 935 μοί.
1364 870 1428 916 ι”
1482 865 1512 917 ὁ
1554 863 1613 917 δὲ
1676 862 2009 935 βορειότερος

426 959 526 1026 τῆς
583 956 859 1028 Παρθένου
912 956 1040 1028 περὶ
1091 956 1200 1026 μοί.
1254 963 1348 1021 ις’.
1386 955 1544 1010 Κατὰ
1581 955 1638 1008 δὲ
1680 956 1783 1026 τὴν
1839 972 2009 1025 κεφα-

427 1045 525 1118 λὴν
566 1047 660 1099 καὶ
691 1048 817 1110 τοὺς
848 1046 1211 1118 ἐμπροσθίους
1239 1046 1405 1110 πόδας
1437 1046 1542 1099 ἔδει
1577 1044 1883 1099 τεθεικέναι
1915 1045 2007 1099 τὸν

428 1138 700 1209 Καρκίνον
717 1140 783 1192 ⁷⁰.
815 1141 877 1191 υἱ
905 1138 1013 1210 γὰρ
1062 1138 1355 1210 ἡγούμενοι
1408 1137 1517 1191 τῶν
1563 1139 1620 1191 ἐν
1666 1137 1743 1208 τῷ
1778 1136 2008 1208 πλινθίῳ

425 1230 675 1299 ὲφέξουσι
714 1230 855 1284 κατὰ
880 1230 978 1300 τὴν
1012 1229 1414 1301 προειρημένην
1441 1229 1701 1301 διαίρεσιν
1732 1229 2006 1301 Καρκίνου

429 1323 539 1394 μοί.
570 1330 660 1394 ιη’,
696 1323 865 1392 Δῆλον
916 1322 973 1376 δὲ
1022 1323 1116 1376 καὶ
1155 1324 1220 1375 ἐκ
1255 1322 1364 1375 τῶν
1397 1321 1725 1393 εἰρημένων,
1748 1323 1843 1374 καὶ
1873 1321 2006 1374 διότι

426 1412 514 1484 ὑφ’
553 1414 680 1485 ὃλην
713 1414 810 1485 τὴν
840 1415 1095 1483 Ἀρκτον,
1128 1413 1270 1468 κατᾶ
1302 1414 1393 1467 τὸν
1415 1412 1660 1479 Εὔδοξον,
1685 1413 1766 1466 δεῖ
1793 1412 2005 1465 κεῖσθαι

422 1500 514 1559 τὸν
541 1505 834 1578 Καρκίνον,
853 1506 948 1559 καὶ
967 1506 1059 1559 τὸν
1091 1506 1314 1570 Λέοντα,
1339 1506 1435 1559 καὶ⁸
1464 1504 1561 1575 τὴν
1592 1503 1887 1574 Παρθένον,
1910 1504 2003 1557 καὶ

423 1597 518 1662 τὰς
535 1598 737 1670 Χηλάς.
754 1599 813 1651 '0
828 1597 936 1669 γὰρ
954 1600 1011 1650 ὲν
1030 1598 1174 1669 ἄκρᾳ
1187 1600 1252 1668 τῇ
1271 1599 1331 1651 οὐ
1342 1599 1408 1669 ρᾷ
1426 1597 1525 1667 τῆς
1541 1598 1776 1666 ’Ἄρκτου
1794 1597 2000 1665 ἐπέχει,

421 1688 562 1742 κατὰ
591 1688 687 1760 τὴν
720 1688 889 1759 αὐτὴν
917 1686 1180 1756 διαίρεσιν
1209 1684 1302 1738 τοῦ
1335 1685 1624 1750 ζωδιακοῦ,
1655 1684 1849 1755 Χηλῶν
1876 1687 2003 1756 περὶ

425 1780 534 1852 μοί.
578 1780 664 1833 ιθν.

2117 607 2264 656 netu,
2305 591 2400 646 sed
2429 590 2708 662 Virginem
2740 600 2980 649 statuere
3006 595 3283 650 convenit.
3321 594 3456 649 Nam
3483 607 3698 652 austra-

2117 686 2222 739 lior
2275 684 2687 739 succedentium
2729 685 2785 739 in
2835 687 3122 752 laterculo,
3164 703 3231 742 ex
3276 703 3339 742 ea
3371 704 3535 757 quam
3583 689 3698 743 dixi

2116 775 2412 846 partitione
2441 777 2675 841 zodiaci,
2706 777 2976 831 decimam
3007 787 3219 849 partem
3246 778 3491 849 Virginis
3522 788 3695 843 tenet;

2116 867 2391 923 borealior
2422 878 2635 932 autem,
2664 868 2908 940 Virginis
2955 872 3177 925 circiter
3202 872 3288 926 l6.
3324 872 3495 927 Porro
3544 873 3695 926 circa

2115 968 2280 1031 caput
2309 969 2362 1015 et
2391 963 2693 1016 anteriores
2721 960 2886 1031 pedes
2915 963 3271 1017 collocandus
3304 972 3423 1017 erat
3459 963 3692 1018 Cancer.

2114 1056 2327 1126 Quippe
2361 1056 2731 1127 praecedentes
2764 1072 2952 1111 earum
2983 1075 3105 1128 quae
3132 1069 3263 1113 sunt
3297 1059 3352 1112 in
3402 1060 3691 1125 laterculo,

2113 1168 2181 1208 ex
2212 1155 2303 1207 illa
2332 1153 2544 1225 zodiaci
2580 1154 2854 1209 divisione
2879 1161 3089 1224 partem
3124 1155 3323 1209 Caneri
3366 1156 3432 1209 l8
3477 1156 3696 1210 obtine-

2112 1244 2269 1299 bunt.
2305 1244 2384 1299 Ex
2412 1245 2577 1301 dictis
2618 1255 2798 1300 autem
2831 1247 3054 1301 evidens
3083 1255 3188 1311 est,
3231 1248 3335 1303 sub
3366 1246 3508 1302 Ursa
3553 1258 3688 1312 tota,

2111 1336 2416 1391 secundum
2444 1336 2756 1404 Eudoxum,
2785 1336 3355 1401 Cancrum,Leonem,
3387 1338 3687 1409 Virginem,

2111 1436 2164 1482 et
2192 1428 2391 1484 Chelas
2422 1429 2682 1483 collocari
2708 1429 2926 1483 debere.
2946 1429 3080 1483 Nam
3111 1445 3232 1500 quae
3247 1437 3331 1484 est
3359 1432 3414 1484 in
3443 1438 3690 1485 extrema

2111 1518 2268 1574 Ursa:
2296 1521 2491 1584 cauda,
2517 1536 2584 1575 ex
2621 1520 2809 1575 eadem
2839 1520 2932 1574 illa
2974 1520 3248 1578 divisione
3280 1522 3513 1589 zodiaci,
3544 1522 3687 1577 Che-

2111 1610 2531 1683 larum.partem
2571 1613 2780 1668 obtinet
2809 1613 2920 1669 fere
2945 1614 3027 1671 19d

490 1876 593 1927 lA'.
618 1872 786 1927 Πάλιν
814 1872 860 1924 δ’
890 1872 918 1924 ὁ
950 1870 1184 1940 ’Ἄρατος
1217 1867 1345 1941 περὶ
1378 1866 1473 1922 τοῦ
1514 1868 1759 1940 Ἠνιόχου
1801 1869 1986 1939 λέγων,

2169 1854 2261 1910 XI.
2290 1854 2505 1911 Rursus
2558 1856 2760 1911 Aratus
2805 1854 2873 1910 de
2907 1855 3109 1927 Auriga
3146 1856 3377 1926 loquens
3411 1856 3516 1910 ista
3546 1854 3678 1911 sub-

420 1967 673 2036 ὲπιφέρει
704 1963 859 2019 ταυτί
885 1982 897 1993 ·

432 2074 585 2128 Ἀλλ’
613 2071 728 2125 αἰεί
761 2071 981 2138 Ταῦρος
1010 2071 1122 2141 (56)
1150 2069 1622 2140 προφερέστερος
1660 2072 1946 2141 Ἡνιόχοιο

417 2145 522 2208 Είς
545 2142 757 2211 ἑτέρην
784 2141 1131 2209 καταϐῆναι,
1165 2142 1471 2210 ὀμηλυσίῃ
1507 2158 1619 2209 περ
1648 2142 1938 2197 ἀνελθών-ι

488 2234 789 2301 Διαφωνείν
813 2227 906 2285 οῦν
932 2247 1025 2302 μοι
1049 2230 1197 2283 δοκεῖ
1236 2230 1372 2301 πρὸς
1391 2230 1458 2282 τὰ
1489 2231 1789 2301 φαινόμενα
1818 2231 1911 2285 καὶ
1938 2233 1997 2285 ἐν

416 2323 643 2386 ⁶ιιούτοις.
672 2322 779 2375 Τοῦ
816 2320 923 2393 γὰρ
967 2321 1210 2392 Ἠνιόχου
1254 2322 1304 2374 οι
1349 2320 1511 2383 πόδες
1557 2320 1717 2390 μόνον
1765 2322 1880 2393 ἅμα
1916 2322 1996 2393 τῷ

415 2404 615 2489 Ταύρῳ
648 2414 1162 2483 συναναφαίνονταιο
1206 2413 1266 2466 τὸ
1309 2412 1367 2466 δὲ
1400 2411 1585 2465 λοιπὸν
1627 2412 1791 2466 αὑτοῦ
1836 2413 1995 2485 σῶμα

414 2513 526 2573 τοῖς
568 2508 765 2580 Ἰχθύσι
798 2509 892 2561 καὶ
920 2507 997 2577 τῷ
1031 2506 1186 2578 Κριῷ
1230 2505 1629 2559 συνανατέλλει.
1676 2507 1789 2559 Καὶ
1832 2505 1995 2570 αὐτὸς

413 2600 472 2654 δὲ
501 2601 558 2654 ὲν
588 2602 700 2664 τοῖς
734 2599 861 2669 ἑξῆς
895 2616 1060 2669 φησιν
1083 2615 1096 2628 ·

426 2732 577 2787 Ἀλλ’
625 2733 872 2802 Ἔριφοι,
902 2732 1079 2787 λαιοῦ
1120 2749 1184 2786 τε
1229 2730 1410 2801 θέναρ
1455 2731 1673 2799 ποδὸς,
1713 2732 1844 2821 Ατὶγζ
1872 2730 1993 2813 σρν

1775 2821 1887 2857 αυτ

418 2874 617 2942 Ταύρῳ
646 2870 1107 2942 συμφορέονται.
1751 2804 1929 2874 [αντη

419 3023 564 3083 ‘AM’
590 3030 691 3082 ὅσα
713 3027 860 3097 λέγει
888 3027 1087 3099 Ταύρῳ
1116 3044 1513 3100 συμφερεσοαι,
1541 3028 1714 3082 ταῦτα
1742 3032 1861 3082 κατ’
1893 3046 1990 3083 αυ-

411 3121 501 3173 τὸν
532 3121 647 3191 ἄμα
682 3119 760 3190 τῷ
792 3118 946 3190 Κριῷ
975 3119 1289 3172 ἀνατέλλειο
1327 3121 1420 3173 ἐπὶ
1462 3120 1678 3174 πάντων
1724 3120 1834 3192 γὰρ
1881 3120 1989 3173 τῶν

2095 1948 2249 2018 jicit:

2099 2064 2203 2120 Sed
2232 2076 2432 2133 semper
2459 2062 2668 2117 Taurus
2689 2062 2905 2130 pronior
2938 2062 3136 2131 Auriga

2098 2134 2166 2189 In
2180 2131 2425 2188 occasum
2439 2134 2816 2195 descendendo,
2829 2135 2946 2201 pari
2961 2148 3177 2185 ascensu
3194 2131 3429 2201 alioquin
3441 2141 3675 2185 exortus.

2167 2225 2227 2281 ln
2258 2226 2457 2297 quibus
2488 2226 2557 2281 ab
2592 2225 2927 2295 apparentiis
2970 2225 3105 2294 ipsis
3149 2223 3415 2278 dissidere
3445 2222 3577 2277 mihi
3605 2222 3682 2274 vi-

2096 2318 2277 2374 detur.
2313 2316 2528 2372 Etenim
2568 2315 2786 2387 Aurigae
2831 2315 3099 2369 duntaxat
3130 2314 3297 2385 pedes
3322 2328 3447 2367 cum
3493 2308 3680 2365 Tauro

2096 2411 2259 2465 simul
2282 2418 2601 2479 emergunt;
2640 2409 2910 2478 reliquum
2947 2412 3148 2477 corpus
3182 2422 3308 2459 cum
3339 2402 3592 2459 Piscibus
3618 2409 3679 2457 et

2094 2502 2281 2557 Ariete
2342 2501 2685 2557 conscendit.
2738 2500 2882 2566 Quin
2935 2499 3077 2553 idem
3137 2499 3256 2569 ipse
3304 2498 3564 2566 deinceps
3602 2494 3677 2548 ita

2096 2593 2288 2647 scribit
2315 2610 2328 2646 :
2548 2588 2551 2593 ”

2093 2725 2197 2781 Sed
2229 2724 2410 2787 Ha'di,
2430 2725 2738 2793 sinistriquc
2768 2725 2885 2778 uola
2914 2723 3059 2788 pedis
3085 2722 3262 2792 Capra
3289 2732 3407 2776 cum
3435 2723 3553 2792 ipsa

2094 2857 2226 2914 Cum
2271 2858 2448 2913 Tauro
2486 2858 2759 2928 feruntur.‘

2160 3020 2230 3075 At
2256 3033 2597 3089 quaecunque
2630 3014 2758 3071 ferri
2787 3030 2909 3069 cum
2958 3010 3141 3069 Tauro
3180 3015 3399 3079 asserit,
3443 3030 3505 3070 ea
3548 3030 3673 3071 cum

2089 3114 2273 3169 Ariete
2318 3127 2556 3184 quoque,
2608 3118 2669 3162 ut
2720 3108 2859 3163 idem
2911 3109 3096 3171 sentit,
3140 3115 3388 3163 exortum
3420 3106 3623 3161 faciunt
3656 3127 3672 3160 :

410 3214 625 3283 ἄστρων
666 3212 765 3276 τὰς
814 3210 1177 3274 συνανατολὰς
1229 3210 1371 3264 οὕτω
1416 3212 1698 3283 σημαίνει·
1734 3207 1846 3265 οἷον
1894 3213 1986 3284 τῆς

2093 3205 2349 3275 quoniam
2386 3202 2439 3255 in
2470 3199 2983 3257 constellationibus
3017 3198 3272 3252 omnibus
3302 3205 3526 3251 coortus
3569 3197 3674 3251 hoc

412 3303 587 3376 ἀρχῆς
613 3302 701 3357 τοῦ
732 3302 920 3366 ζωδίου
946 3303 1039 3356 ἐπὶ
1059 3302 1159 3371 τῆς
1196 3302 1457 3374 ἀνατολῆς
1491 3303 1678 3375 οὔσης,
1713 3304 1834 3358 τινα
1860 3306 1990 3359 dwa-

410 3394 709 3449 τεταλκότα
757 3396 924 3464 ἐγγὺς
964 3394 1060 3447 τοῦ
1102 3393 1373 3465 ὁρίζοντος
1421 3396 1692 3463 φαίνεται.
1738 3394 1845 3448 Τοῦ
1891 3396 1989 3465 μὲν

410 3486 700 3559 ἀριστεροῦ
742 3486 900 3550 ποδὸς
936 3485 1071 3539 πολὺ
1119 3485 1505 3557 προανατέλλει
1542 3489 1571 3540 ὁ
1620 3486 1792 3553 δεξιὸς
1819 3481 1988 3558 ὦμος,

409 3580 504 3635 καὶ
534 3580 568 3651 ή
608 3579 756 3644 δεξιὰ
793 3578 933 3650 χείρ.
984 3578 1255 3650 Πρόδηλον
1286 3574 1379 3632 οὖν
1410 3579 1491 3632 ὅτι
1529 3579 1622 3632 καὶ
1664 3581 1786 3632 κατ’
1830 3578 1991 3633 αὑτὸν

410 3664 501 3727 τὺν
534 3672 767 3743 ⁸Ἄρατον
794 3671 864 3724 τὰ
892 3670 1027 3742 πρὸς
1055 3673 1166 3733 τοῖς
1191 3670 1317 3722 ποσὶ
1348 3670 1506 3740 μόνον
1534 3669 1611 3740 τῷ
1640 3669 1839 3741 Ταύρῳ
1867 3687 1991 3722 συν-

410 3760 686 3814 ανατέλλει
706 3777 721 3791 ·
750 3760 810 3814 τὸ
850 3759 907 3812 δὲ
935 3760 1120 3813 λοιπὸν
1153 3759 1341 3830 σῶμα,
1375 3759 1471 3813 καὶ
1514 3760 1676 3823 αὐτὸς
1706 3759 1992 3831 ἀριστερὸς

408 3975 616 4034 Λέοντα
632 3992 730 4049 pro
743 3977 833 4030 τὸν
858 3976 1155 4049 Καρκίνον,
1186 3984 1395 4049 et__mox
1442 3972 1671 4049 Λέοντος
1723 3977 1831 4049 μοί.
1858 4047 1865 4049 _
1888 3984 1980 4049 ιη’,

408 4062 511 4119 pro
525 4044 821 4119 Κᾳρκίνου.
841 4044 1199 4103 Asterismum
1226 4046 1377 4102 Ursae
1412 4048 1637 4115 majoris
1658 4044 1892 4118 antiqui,
1925 4044 1985 4102 ut

410 4064 511 4119 pro
528 4064 821 4171 napxtvou.
841 4064 1199 4103 A3terismum
1228 4064 1377 4102 ursa:
1412 4064 1637 4115 majoris
1658 4064 1892 4118 antiqui,
1925 4064 1985 4102 ut

410 4117 617 4172 referti
648 4119 960 4188 ipparchus,
991 4126 1197 4188 septem
1225 4134 1332 4171 non
1367 4119 1601 4188 amplius
1633 4118 1985 4174 circumscri-

409 4202 569 4257 psere
599 4192 793 4250 stellis,
828 4205 950 4257 qua:
982 4197 1316 4257 componunt
1348 4188 1444 4258 τὴν
1480 4188 1746 4258 Ἄμαξαν.
1788 4190 1864 4242 Ex
1895 4190 1981 4244 his

409 4260 791 4315 antecedentes
839 4261 959 4313 dua:
1005 4259 1059 4312 in
1107 4258 1401 4324 laterculo;
1455 4274 1686 4328 quantm
1730 4260 1982 4328 superior

409 4330 605 4399 capitis
628 4330 745 4382 loco
779 4330 1140 4392 censebatur;
1211 4328 1455 4391 inferior,
1495 4329 1692 4398 pedum
1740 4331 1979 4383 anterio-

408 4398 560 4464 ruin;
582 4401 635 4452 in
660 4399 829 4469 gradu
851 4398 1048 4453 Leonis
1080 4399 1240 4453 tertio
1266 4400 1633 4462 collocantur,
1678 4400 1976 4469 secundum

408 4482 537 4539 eam
558 4468 770 4539 zodiaci
797 4471 1164 4537 partitionem,
1204 4483 1325 4538 quae
1364 4469 1663 4523 cardinalia
1687 4471 1842 4539 signa
1867 4468 1976 4522 τῶν

408 4535 613 4609 ζῳδίων
655 4535 831 4609 initiis
859 4539 1124 4601 ascribit;
1190 4535 1245 4592 at
1272 4539 1605 4608 posteriores
1633 4535 1823 4607 pedes;
1856 4554 1979 4609 quae

409 4617 540 4663 sunt
589 4607 836 4662 laterculi
876 4609 1205 4678 posteriores
1264 4607 1408 4672 duae,
1440 4610 1495 4663 in
1546 4609 1718 4678 gradu
1774 4607 1975 4664 Leonis

382 4679 600 4749 ‘quinto
628 4686 687 4749 et
710 4677 974 4749 vicesimo
1003 4689 1298 4747 ponuntur.
1316 4678 1440 4749 .lam
1476 4679 1523 4734 si
1555 4677 1975 4749 ’aequinoetialia

408 4756 466 4802 et
495 4748 802 4803 solstitialia
834 4756 1034 4816 puncta
1070 4748 1262 4803 mediis
1311 4748 1364 4802 iu
1419 4749 1593 4816 signis
1635 4748 1969 4814 constituas,

408 4818 514 4871 hoc
540 4825 627 4872 est
658 4818 702 4872 si
729 4816 1039 4887 quindecim
1067 4818 1351 4888 gradibus,
1404 4816 1494 4874 vel
1532 4819 1762 4873 dimidio
1804 4819 1975 4874 dede-

408 4888 709 4959 catemorio
766 4894 1074 4959 antevertas
1137 4890 1477 4959 singulorum
1537 4889 1714 4955 initia,
1750 4905 1974 4944 necesse

406 4965 492 5011 est
526 4958 603 5011 uti
633 4958 1011 5024 australiorem
1031 4958 1437 5012 succedentium
1464 4959 1518 5012 in
1550 4959 1833 5024 laterculo,
1883 4961 1970 5014 cui

408 5020 744 5100 posteriores
786 5026 954 5100 pedes
980 5026 1328 5100 alliuguntur,
1353 5028 1699 5100 adVirginis
1739 5020 1970 5100 gradum

408 5095 679 5167 decimum
700 5112 730 5150 a
756 5095 862 5167 sitv
893 5096 1090 5167 Leonis
1114 5095 1132 5150 Ξ
1166 5098 1245 5153 sic
1270 5095 1572 5154 anteriores
1604 5095 1767 5167 pedes
1794 5114 1823 5151 a
1856 5106 1971 5153 ter-

408 5166 485 5239 tio
511 5165 730 5239 Leonis,
761 5166 1155 5239 adudecimum
1193 5175 1443 5223 octavum
1468 5165 1688 5239 _utique
1740 5169 1968 5223 descen-

406 5235 554 5306 dere.
584 5235 818 5291 Proinde
842 5236 1046 5306 liquido
1062 5244 1275 5291 constat
1293 5235 1689 5291 emendandum
1715 5239 1796 5293 sic
1818 5254 1963 5302 esse,

405 5314 466 5358 ut
495 5304 597 5377 Leo
622 5321 721 5375 pro
740 5304 955 5377 Cancro
987 5308 1276 5377 utrobique
1304 5315 1619 5376 reponatur.
1650 5307 1767 5364 Nisi
1825 5307 1967 5363 forte

404 5376 705 5447 παρόραμα
730 5376 789 5432 id
816 5378 1122 5446 scriptoris,
1154 5376 1263 5430 non
1293 5376 1599 5447 ἁμάρτημα
1657 5379 1778 5431 fuit.
1834 5376 1966 5447 Hip-

403 5449 644 5514 parchus
673 5454 727 5501 et
761 5447 984 5517 antiqui
1006 5448 1372 5515 longitudines
1400 5449 1677 5502 stellarum
1709 5452 1761 5501 in
1790 5449 1965 5517 aequi-

402 5517 645 5578 noctiali,
692 5515 777 5570 vel
835 5515 1209 5586 ei’parallelo
1262 5517 1470 5571 circulo
1524 5515 1961 5586 coxuputabant:

402 5600 563 5656 quem
594 5588 756 5641 etiam
782 5586 1084 5651 zodiacum,
1114 5587 1342 5656 ejusque
1374 5598 1554 5656 partes
1583 5586 1746 5651 ζώδία
1780 5589 1961 5642 uomi-

401 5654 627 5718 nabant,
650 5656 795 5725 quod
825 5658 981 5711 valde
1007 5654 1196 5711 miror.
1226 5654 1318 5711 Sic
1349 5654 1404 5711 et
1436 5657 1489 5711 in
1514 5659 1664 5713 calce
1695 5659 1823 5713 libri
1858 5660 1963 5713 bu-

397 5724 698 5799 jusﬁdﬁiov
730 5728 962 5799 appellat
987 5726 1470 5799 δωδεκατημόριον.

472 5796 583 5868 (56)
635 5799 790 5851 Ἀλλ’
835 5796 1385 5869 αἰεὶ-ΤαῦροςίῊίο
1426 5797 1676 5871 equidem
1732 5798 1962 5868 φιλονει-

2094 3297 2259 3353 modo
2290 3294 2597 3366 significat;
2625 3293 2773 3347 velut
2795 3292 2951 3345 initio
2968 3292 3107 3361 signi
3139 3291 3195 3344 in
3225 3291 3509 3345 horizonte
3535 3305 3672 3344 con-

2096 3392 2312 3453 stituto,
2353 3402 2602 3458 quamam
2636 3392 2826 3440 exorta
2860 3384 3106 3454 proxime
3136 3382 3475 3451 horizontem
3508 3398 3673 3453 appa-

2096 3491 2269 3540 reant.
2303 3481 2475 3536 Porro
2496 3480 2654 3550 longe
2682 3485 2807 3533 ante
2830 3478 3113 3532 sinistrum
3143 3474 3333 3544 pedem
3357 3476 3547 3529 dexter
3568 3475 3673 3526 hu-

2096 3589 2303 3639 merus,
2345 3571 2644 3640 dextraque
2702 3583 2899 3622 manus
2952 3566 3147 3621 oritur.
3194 3564 3272 3618 Ex
3312 3581 3418 3635 quo
3466 3564 3671 3634 liquido

2088 3673 2326 3728 constat,
2376 3662 2677 3719 secundum
2721 3661 2947 3713 Aratum
2992 3658 3192 3728 ipsum,
3229 3673 3291 3712 ea
3333 3657 3508 3713 solum
3550 3673 3671 3726 qua:

2088 3757 2156 3812 ad
2189 3756 2355 3829 pedes
2385 3762 2534 3818 sunt.
2557 3752 2691 3810 oriri
2724 3767 2850 3813 cum
2892 3741 3105 3819 Tauro;
3142 3748 3411 3821 reliquum
3444 3764 3670 3819 corpus.

2090 3975 2233 4049 ictam
2269 3971 2566 4049 Hipparchi
2627 3973 2853 4049 .audare
2902 3989 3013 4029 non
3036 3989 3300 4049 possum,
3332 3978 3426 4048 qui
3462 3987 3664 4049 prater

2086 4047 2179 4116 jus
2208 4042 2433 4121 Aratum
2465 4046 2769 4121 redarguit.
2806 4042 2925 4121 an
2958 4042 3105 4099 enim
3160 4042 3366 4121 totum"
3397 4042 3664 4121 Aurigam

2090 4113 2213 4170 cum
2244 4115 2426 4189 T:iu_ro
2459 4116 2533 4169 ait
2560 4126 2810 4189 etiortum
2847 4113 3049 4189 facere,
3078 4117 3334 4189 sericum
3373 4113 3666 4189 pedes'ille

2090 4202 2221 4260 suos
2249 4187 2315 4240 ad
2342 4185 2582 4260 Taurum
2606 4186 2837 4260 haheat,
2887 4185 2954 4260 de
2978 4186 3064 4240 his
3100 4185 3410 4260 ipsis_loqui
3463 4203 3665 4260 putan-

2087 4257 2190 4313 dus
2217 4267 2318 4320 est,
2350 4265 2407 4309 ut
2441 4256 2864 4331 hic_s_ensus_s_it,
2898 4257 3195 4331 interprete
3219 4256 3479 4323 Theone;
3511 4278 3662 4331 qua:-

2084 4336 2304 4396 ‘cunque
2331 4335 2514 4395 partes
2537 4325 2802 4380 Heniochi
2843 4341 2967 4396 cum
3030 4327 3212 4381 Tauro
3255 4325 3656 4395 conscendunt,

2085 4412 2179 4453 eas
2215 4394 2386 4451 simul
2415 4412 2525 4451 non
2560 4397 2847 4467 occidere.
2883 4394 3045 4467 _Nam
3086 4413 3152 4449 ex
3200 4398 3288 4459 iis,
3338 4414 3458 4467 quae
3492 4394 3660 4457 simul

2085 4471 2356 4530 oriuntur,
2385 4466 2714 4531 horealiora,
2755 4465 2899 4534 quod
2933 4468 3194 4537 majorem
3230 4465 3418 4521 arcum
3473 4473 3657 4537 paral-

2083 4537 2171 4592 leli
2208 4540 2290 4592 sui
2327 4537 2521 4590 circuli
2554 4551 2718 4605 supra
2759 4537 3025 4589 llnitorem
3060 4536 3314 4601 habeant,
3365 4536 3567 4596 lentius
3598 4543 3655 4596 in

2082 4622 2341 4663 occasum
2374 4609 2715 4675 praecipitant
2742 4621 2757 4671 ;
2790 4607 3119 4659 australiora
3157 4622 3284 4660 vero
3308 4610 3473 4663 citius
3504 4614 3656 4666 oeci-

2079 4678 2237 4748 dunt.
2288 4678 2505 4729 Atenim
2547 4685 2738 4748 contra
2787 4676 2930 4748 hanc
2992 4677 3391 4744 expositionem
3457 4681 3654 4748 objicit

2084 4747 2449 4818 Hipparchus,
2504 4747 2677 4818 etiam;
2716 4761 2837 4818 qlia:
2866 4742 2933 4818 ad
2990 4742 3153 4818 pedes
3205 4758 3334 4801 sunt
3386 4742 3649 4805 Heniochi

2076 4814 2540 4888 respondentibus
2577 4816 2693 4888 sibi
2735 4814 2912 4888 Tauri
2951 4815 3212 4888 partibus
3265 4827 3320 4872 et
3371 4822 3652 4888 ροειμιιίιιε

2075 4884 2301 4950 Oriri,et
2338 4887 2491 4956 prius
2539 4886 2814 4940 occidere.
2881 4884 2986 4939 Sed
3020 4903 3127 4939 non
3163 4886 3217 4939 id
3241 4884 3431 4943 verum
3468 4900 3553 4945 est
3593 4892 3650 4945 in

2074 4955 2352 5011 omnibus.
2386 4955 2642 5021 Quaedam
2667 4957 2810 5011 enim
2837 4957 3126 5025 utrobique
3177 4959 3341 5013 simul
3388 4965 3650 5014 exoriun-

2075 5036 2183 5082 tur.
2214 5027 2277 5080 Et
2313 5028 2558 5095 profecto
2583 5027 2753 5081 falsus
2791 5025 3280 5096 estHipparehus;
3327 5030 3485 5096 cujus
3540 5031 3647 5084 hoc

2072 5098 2247 5170 oratio
2276 5096 2582 5170 signiﬁcat,
2615 5098 2819 5170 nullam
2844 5095 3007 5150 Tauri
3042 5103 3249 5170 partem
3306 5095 3429 5153 cum
3488 5109 3647 5170 parte

2071 5167 2268 5237 pedum
2302 5168 2562 5222 Heniochi
2600 5168 2763 5221 simul
2797 5170 3114 5237 ascendere.
3146 5167 3262 5221 Non
3297 5167 3504 5225 minus'
3534 5170 3642 5224 fal-

2047 5236 2193 5309 ‘sum
2226 5249 2313 5291 est
2349 5238 2494 5307 quod
2536 5238 2613 5290 ait
2639 5239 2804 5309 pedes
2832 5236 3096 5309 Heniochi
3124 5245 3267 5290 totos
3297 5241 3451 5309 prius
3494 5240 3644 5295 oeci-

2069 5308 2219 5370 det‘e,
2257 5306 2428 5376 quam
2448 5309 2711 5361 Taurum.
2754 5306 2868 5361 Hoc
2898 5310 2978 5360 vel
3013 5306 3311 5377 Hipparchi
3340 5311 3513 5377 ipsius
3543 5327 3642 5363 au-

2068 5379 2321 5432 ctoritate
2367 5379 2733 5440 convincitur,
2784 5378 2875 5447 qui
2906 5378 2997 5431 lib.
3033 5394 3115 5438 Ill,
3143 5394 3292 5431 num.
3323 5378 3440 5443 XV,
3496 5379 3641 5433 Tau-

2067 5461 2188 5520 rum
2212 5449 2286 5520 ait
2305 5449 2555 5520 occidere
2580 5462 2703 5500 cum
2739 5448 2946 5500 zodiaci
2972 5456 3279 5517 parte,qtul:
3307 5460 3391 5504 est
3412 5466 3441 5504 a
3466 5451 3638 5520 gradu

2065 5516 2267 5573 Arietis
2296 5534 2385 5582 xx,
2416 5518 2481 5570 ad
2514 5517 2677 5571 Tauri
2708 5532 2855 5578 xxvi,
2881 5520 3127 5570 ultimam
3156 5516 3331 5572 autem
3361 5516 3634 5586 oi-cfdere,

2066 5604 2188 5653 qua;
2218 5596 2302 5643 est
2330 5589 2753 5642 iuvextremitate
2783 5589 2992 5641 sinistri
3021 5603 3211 5641 cornu.
3250 5591 3320 5642 At
3348 5592 3488 5647 idem
3532 5590 3639 5647 hoc

2065 5656 2207 5730 libro
2242 5659 2416 5728 primo
2432 5666 2485 5711 et
2513 5672 2739 5730 numero
2770 5656 2835 5730 XI
2871 5666 2946 5711 ait
2977 5657 3227 5730 dextrum
3279 5662 3466 5730 pedem
3526 5661 3636 5717 He-

2065 5725 2599 5802 niochi'eumgradii
2628 5725 2997 5802 Taurihxxvu
3057 5725 3412 5802 descendere.
3467 5732 3642 5802 Igitur

2064 5799 2214 5866 prius
2235 5806 2382 5855 totus
2408 5798 2624 5856 Taurus
2653 5798 2856 5855 occidit
2887 5814 3050 5871 quam
3085 5802 3251 5870 pedes
3279 5798 3565 5862 Heniochi.
