4132 6446
497 351 637 408 10ῒῖ

1522 346 1610 409 ΑΒ
1646 346 1914 408 EUSEBH
1955 343 2349 404 CHRONICON
2374 348 2750 408 .APPENDIX.

3600 365 3740 421 1028

490 471 782 543 ipsumque
814 464 949 527 adeo
974 471 1255 529 sinistrum
1292 472 1501 544 pedem,
1533 487 1657 527 cum
1691 473 1906 527 'Ariete.
1952 471 2049 526 Ne-

2159 471 2295 537 ποῦς
2328 473 2409 544 τῷ
2459 473 2634 546 Κριῷ.
2678 476 2788 529 Καὶ
2834 475 2940 548 μὴν
2996 477 3119 531 οὐδὲ
3159 476 3317 532 τοῦτό
3358 480 3477 532 ἐστι
3513 478 3742 551 βοηθοῦν

490 579 601 634 que
628 579 760 619 vero
782 573 996 634 poetam
1034 565 1302 629 sublevat,
1331 564 1478 635 quod
1516 579 1626 619 non
1659 566 1728 620 de
1764 571 1881 619 toto
1916 572 2062 620 aste-

491 656 664 710 rismo
691 655 839 725 loqui
867 655 1132 720 voluerit,
1174 655 1270 710 sed
1299 655 1403 708 hoc
1443 663 1653 709 tantum
1684 654 1902 718 dixerit,
1939 662 2064 710 ante

492 757 675 818 partes
714 762 905 802 omnes
947 747 1183 817 Auriga,
1230 760 1352 816 qua
1403 756 1525 800 ctnn
1577 746 1698 817 ipso
1751 755 1877 802 sunt
1909 755 2060 812 orta,

489 836 732 893 Taurum
767 837 1036 892 occidere.
1074 837 1206 891 Nam
1254 844 1309 891 et
1357 835 1461 892 hoc
1495 837 1672 906 ipsum
1712 844 1796 892 est
1840 836 2059 891 falsum.

490 929 702 999 Quippe
721 938 903 999 partes
949 928 1095 982 illius
1125 926 1193 981 ad
1224 927 1387 997 pedes
1415 926 1534 982 sita
1567 934 1779 982 tantum
1814 926 1969 981 abest
2003 931 2063 979 ut

490 1035 747 1075 occasum
796 1018 962 1073 Tauri
1003 1018 1443 1088 subsequantur,
1487 1024 1547 1071 ut
1594 1031 1662 1073 eo
1707 1017 1861 1088 prius
1915 1016 2065 1070 occi-

489 1110 643 1164 dant.
667 1108 1066 1179 Propemodum
1103 1108 1287 1179 itaque
1316 1123 1440 1163 cum
1465 1105 1632 1162 Tauri
1656 1118 1809 1177 parte
1849 1107 1919 1161 27
1965 1100 2063 1163 dc-

488 1202 757 1257 scendunt
784 1217 868 1265 ea,
899 1217 1019 1271 qua
1052 1208 1181 1256 sunt
1213 1201 1279 1256 ad
1319 1199 1485 1270 pedes
1531 1198 1815 1255 Heniochi.
1860 1196 2063 1266 Quam»

486 1295 674 1350 obrem
703 1294 748 1349 si
772 1295 1105 1364 apparentiis
1128 1300 1496 1348 consentanea
1526 1291 1814 1354 scriberet,
1852 1299 1913 1345 ut
1944 1291 2065 1360 opi-

487 1393 654 1441 natur
696 1368 913 1440 Attalus
942 1426 957 1446 .
1005 1385 1180 1439 multo
1228 1391 1283 1438 et
1332 1384 1538 1439 sentire
1586 1368 1780 1437 melius
1816 1395 1953 1446 erat,
2009 1388 2065 1436 et

488 1475 865 1530 admirabilius
892 1474 1099 1538 dicere,
1130 1483 1435 1529 extremum
1458 1471 1649 1543 pedem
1674 1471 1889 1539 Auriga
1915 1479 2064 1541 post-

487 1568 706 1623 modum
736 1568 909 1623 exorti
940 1568 1094 1637 prius
1122 1580 1377 1621 occasum
1413 1563 1612 1627 lacere,
1652 1579 1817 1633 quam
1854 1562 1958 1619 hoc
1977 1578 2065 1618 as-

487 1676 779 1726 severare;
809 1659 963 1729 prius
986 1674 1107 1713 cum
1139 1666 1319 1713 ortum
1350 1655 1594 1719 fecisset,
1646 1653 1925 1724 posterius
1969 1668 2065 1709 oc-

487 1754 686 1809 cidere.

550 1846 666 1901 ΧΙΙ.
695 1844 1007 1900 Secundum
1040 1844 1154 1898 haec
1194 1842 1251 1897 in
1286 1836 1503 1911 Cepheo
1548 1838 1825 1895 communi
1868 1844 2060 1894 omnes

485 1955 671 1995 errore
698 1939 832 2009 lapsi
886 1944 1034 1999 sunt,
1070 1935 1408 1990 afﬁrmantes
1438 1934 1604 2004 pedes
1637 1932 1813 2004 ipsius
1842 1944 1965 1986 cum
1995 1944 2061 1987 ea

486 2033 663 2099 stella,
702 2047 824 2102 qua
851 2031 904 2085 in
941 2038 1184 2085 extrema
1216 2038 1303 2084 est
1330 2018 1486 2082 Ursa
1509 2026 1704 2089 cauda,
1729 2025 2058 2095 triangulum

484 2125 858 2195 aquilaterum
891 2122 1110 2180 el’licere
1137 2130 1154 2175 ':
1188 2120 1334 2192 quod
1369 2120 1573 2175 Aratus
1611 2119 1697 2173 his
1731 2117 1913 2173 verbis
1956 2132 2055 2173 ex-

484 2216 650 2287 plicat
674 2234 688 2270 :

525 2328 684 2399 106
704 2325 958 2399 ‘(Equulis
993 2327 1041 2381 ei
1078 2327 1216 2381 linea
1240 2324 1310 2379 ‘ab
1340 2323 1863 2399 extrematenditur‘
1886 2321 2059 2399 cauda

517 2394 611 2452 Xd'
625 2394 776 2467 p'edes
796 2394 1004 2459 ambos,
1040 2413 1156 2468 qua:
1190 2414 1223 2450 α
1253 2396 1379 2466 pede
1404 2395 1471 2449 ad
1505 2396 1686 2465 pedem
1719 2394 2024 2465 porrigitur.

551 2552 687 2607 Nam
717 2553 862 2609 latus
892 2519 1236 2610 interrallum
1271 2548 1468 2623 pedum
1502 2552 1736 2607 metiens
1774 2550 1957 2605 minus
1976 2559 2060 2606 est

485 2647 751 2702 alterutro
786 2645 1123 2717 reliquorum
1160 2663 1173 2700 :
1198 2644 1332 2700 adeo
1363 2652 1425 2698 ut
1456 2644 1755 2714 aqualibus
1781 2641 2057 2707 cruribus,

2163 565 2312 637 αὐτῷ
2337 582 2350 596 ·
2375 566 2509 620 διότι
2541 567 2602 620 οὐ
2635 569 2763 639 περὶ
2800 568 2924 623 ὅλου
2967 568 3117 637 λέγει
3140 608 3155 631 .
3189 569 3303 623 ἀλλ’
3345 571 3427 623 ὅτι
3464 571 3576 626 τῶν
3623 573 3743 643 ἅμα

2164 656 2313 728 αύτῷ
2343 658 2836 713 συνανατειλάντων
2861 658 3041 731 μερῶν
3068 658 3163 713 τοῦ
3203 659 3446 731 Ἦνιόχου
3476 662 3740 733 πρότερος

2164 747 2452 804 καταδύνει
2474 749 2503 802 6
2535 749 2767 820 Ταῦρος.
2797 749 3010 813 Ψεῦδος
3041 750 3151 821 γάρ
3189 751 3303 804 ἐστι
3337 752 3433 804 καὶ
3453 750 3630 806 τοῦτο.
3657 753 3743 808 Τὰ

2162 840 2273 910 γὰρ
2305 840 2440 911 πρὸς
2482 842 2596 904 τοῖς
2638 841 2798 894 ποσὶν
2837 840 3001 895 αὑτοῦ
3045 841 3186 913 μέρη
3224 842 3323 912 οὐχ
3370 836 3483 896 οἷον
3525 843 3743 915 ὑστερεῖ

2163 932 2256 986 τοῦ
2273 932 2511 1004 Ταύρου,
2539 933 2677 987 ἀλλὰ
2691 935 2784 988 καὶ
2808 934 3225 1005 προκαταδύνει.
3246 934 3448 1003 Ἐγγὶω
3463 935 3596 1004 γοῦν
3622 937 3737 1007 (57)

2162 1025 2230 1079 τὰ
2259 1025 2318 1078 ὲν
2346 1024 2423 1095 τῷ
2459 1025 2616 1095 δεξιῷ
2660 1025 2779 1079 ποδῒ
2823 1025 2917 1079 τοῦ
2958 1025 3202 1097 Ἦνιὸχου
3234 1028 3301 1097 τῇ
3352 1025 3433 1089 κζ’
3481 1027 3594 1098 μοι.
3640 1028 3736 1082 τοῦ

2163 1116 2378 1188 Ταύρου
2446 1116 2856 1184 συγκαταδύνει.
2909 1116 3081 1188 Εἴπερ
3128 1114 3221 1171 οὖν
3271 1117 3579 1185 ἀκολούθως
3626 1123 3739 1185 τοῖς

2164 1208 2505 1278 φαινομένοις
2534 1208 2790 1278 ἔγραφεν,
2839 1209 2915 1273 ὡς
2961 1211 2990 1263 6
3037 1210 3298 1274 Ἄτταλος
3344 1210 3735 1282 ὑπολαμϐάνει,

2163 1299 2343 1369 πολλῷ
2391 1299 2596 1369 βέλτιον
2633 1295 2723 1372 ἦν,
2766 1300 2862 1354 καὶ
2906 1301 3335 1374 παραδοξότερον
3380 1302 3559 1372 λέγειν
3585 1343 3601 1368 ,
3644 1303 3738 1358 τὸν

2164 1392 2301 1448 πόδα
2331 1391 2499 1464 ἄκρον
2529 1391 2623 1446 τοῦ
2661 1392 2903 1462 Ἡνιόχου
2936 1392 3161 1465 ὕστερον
3199 1386 3578 1459 ἁνατεῐλαντος
3606 1396 3739 1467 πρό-

2162 1502 2318 1557 τερον
2358 1486 2695 1551 καταδύνειν,
2728 1486 2822 1540 καὶ
2859 1485 2934 1558 μὴ
2974 1487 3088 1541 ana
3126 1480 3482 1542 ἀνατεὶλαντα
3514 1488 3737 1561 ὕστερον

2161 1579 2359 1634 δύνειν.

2234 1845 2336 1901 ῙΒ’.
2380 1843 2540 1916 Ἑξῆς
2567 1844 2821 1913 ἀγνοοῦσι
2859 1844 3056 1908 πάντες
3078 1840 3205 1917 περὶ
3232 1843 3325 1899 τοῦ
3355 1845 3592 1915 Κηφέως
3610 1883 3627 1908 ,
3654 1843 3738 1899 ὅτι

2160 1938 2211 1992 οἱ
2235 1937 2395 2001 πόδες
2428 1936 2592 1991 αὐτοῦ
2618 1935 2758 2008 μετὰ
2786 1935 2881 1990 τοῦ
2917 1938 2975 1991 έν
3013 1936 3158 2008 ἄκρᾳ
3201 1938 3265 2007 τῇ
3295 1936 3431 2009 οὐρᾷ
3461 1935 3563 2005 τῆς
3599 1937 3738 2007 ’Δρ-

2162 2048 2290 2085 κτου
2323 2030 2586 2100 τρίγωνον
2639 2028 2955 2101 ἰσόπλευρον
3006 2021 3349 2101 περιέχουσιν
3373 2044 3389 2061 ο
3433 2028 3510 2091 ὡς
3566 2027 3660 2083 καὶ
3703 2028 3740 2083 6

2165 2122 2400 2195 Ἄρατός
2427 2139 2591 2195 φησιν
2608 2139 2623 2153 ·

2164 2324 2302 2391 Ἰση
2328 2327 2382 2377 οἱ
2410 2324 2643 2393 στάθμη
2676 2322 2894 2390 νεάτης
2908 2322 3283 2393 ἀποτείνεται
3317 2324 3562 2390 Ἄρκτου

2160 2386 2264 2461 Εἰς
2278 2384 2885 2466 ἐτόδαςξάμᾷὸτέρουξξ
2893 2392 3052 2461 ὅσση
3068 2384 3252 2457 ποδὸς
3261 2393 3349 2458 εις
3368 2384 3523 2447 Ξτόδα
3538 2392 3737 2448 τείνει.

2174 2556 2238 2609 Ἦ
2254 2554 2364 2627 γὰρ
2385 2552 2588 2626 μεταξὺ
2605 2553 2714 2607 τῶν
2733 2552 2909 2608 ποδῶν
2924 2552 3165 2608 ἐλάσσων
3187 2553 3335 2606 ἐστὶν
3346 2551 3611 2624 ἑκατέρας
3625 2551 3738 2607 τῶν

2159 2646 2361 2701 λοιπῶν
2382 2664 2395 2677 ·
2436 2646 2575 2699 ὥστε
2608 2643 2881 2709 ἰσοσκελὲς
2924 2645 3188 2717 τρίγωνον
3224 2638 3499 2714 γῐνεσθαι,
3531 2645 3625 2700 καὶ
3656 2644 3736 2717 μὴ

484 2756 598 2795 non
633 2739 896 2797 lateribus
941 2738 1218 2802 omnibus,
1272 2744 1536 2793 constans
1571 2737 1881 2808 triangulus
1912 2737 2049 2792 exsi-

2162 2738 2499 2810 ἰσόπλευρον.

483 2834 613 2882 stat.

550 2940 633 2995 Ad
664 2940 779 2995 hac
800 2939 1000 2995 Aratus
1031 2938 1097 2995 de
1125 2939 1264 3011 Lyra
1298 2940 1378 2995 sic
1404 2940 1651 3010 loquitur
1683 2958 1696 2994 :

480 3032 772 3113 Collocavit
807 3041 981 3156 alutam
1008 3032 1106 3103 (ait
1123 3032 1295 3103 ipsam
1323 3032 1658 3104 Mercurius)
1684 3032 2056 3104 anteignotam

688 3116 823 3156 simu
852 3117 1074 3156 acrum:

688 3116 1033 3157 simulacrum
1056 3117 1074 3164 ,'

2229 2941 2338 2994 Kal.
2366 2939 2459 2993 ἐπὶ
2477 2939 2574 3009 τῆς
2605 2936 2788 3009 Δύρας
2809 2936 2867 2991 δὲ
2891 2936 3088 3008 ὁμοίως
3118 2934 3264 3005 λέγει
3292 2938 3322 2991 δ
3354 2937 3615 3008 Ἄρατος.

2157 3032 2337 3088 Κάόὃ’
2365 3032 2530 3087 ἔθετο
2576 3029 2764 3100 (φησὶν
2791 3029 2959 3100 αὐτὴν
3006 3028 3035 3083 6
3074 3029 3735 3100 ίΕ-ρμῆςγπροπάροιθεν

3080 3098 3402 3170 [ἀπευθέος
3428 3100 3692 3155 εἰδώλοιο
3712 3119 3730 3135 ο

479 3193 583 3250 sita
611 3201 697 3251 est
741 3203 919 3250 autem
949 3194 1015 3250 ad
1057 3202 1238 3250 ortum
1271 3192 1594 3265 lngeniculi.
1633 3195 1747 3252 Nec
1776 3207 1861 3253 est
1904 3194 2049 3267 quod

2156 3196 2332 3248 κεῖται
2368 3193 2427 3247 δὲ
2466 3192 2603 3265 πρὸς
2632 3189 2896 3253 ἀνατολὰς
2940 3189 3033 3245 τοῦ
3074 3157 3161 3244 :Ev
3198 3157 3439 3260 γούναοι.
3475 3192 3586 3245 Καὶ
3625 3191 3735 3262 μὴν

478 3285 678 3355 aliquis
715 3284 819 3339 hoc
863 3285 987 3340 loco
1037 3284 1386 3355 respondeat,
1424 3287 1652 3341 Aratum
1692 3302 1778 3350 ea,
1820 3302 1942 3358 qua
1984 3286 2051 3341 ad

476 3386 656 3432 ortum
686 3377 791 3432 sita
825 3383 975 3441 sunt,
999 3377 1306 3433 masculino
1327 3393 1527 3449 genere
1549 3381 1704 3450 prius
1726 3380 2050 3451 appellasse.

475 3468 612 3523 Nam
644 3484 675 3525 e
704 3469 981 3524 contrario
1005 3468 1211 3539 passim
1244 3468 1315 3523 ad
1359 3484 1620 3526 occasum
1656 3472 1836 3541 posita
1869 3471 2054 3542 priora

475 3562 742 3616 nominat.
773 3560 911 3615 Hinc
942 3561 1038 3615 ubi
1070 3559 1139 3615 de
1166 3561 1351 3618 Ariete
1391 3563 1554 3618 verba
1586 3561 1735 3628 fecit,
1769 3564 1839 3620 de
1880 3563 2055 3620 Pisci-

474 3653 581 3708 bus
610 3653 794 3708 statim
833 3652 1075 3723 subjicit,
1128 3667 1192 3708 ac
1239 3653 1372 3710 dicit
1404 3673 1416 3709 :
1448 3656 1542 3725 qui
1595 3664 1649 3711 et
1702 3655 1856 3711 illum
1900 3665 2054 3713 ante-

475 3744 696 3800 cedunt.

548 3832 667 3888 Non
699 3834 881 3894 minus
904 3835 971 3895 de
994 3834 1292 3911 Cassiepea
1316 3836 1469 3897 falso
1498 3837 1608 3894 ista
1639 3845 1770 3894 sunt
1790 3837 1860 3895 ab
1884 3837 2052 3895 Arato

476 3931 683 3997 scripta
717 3947 730 3983 :

1107 4084 1120 4097 .
1151 4084 1164 4097 .
1190 4084 1202 4097 .
1223 4060 1326 4098 non
1348 4043 1499 4099 valde
1531 4044 1701 4099 multa

479 4111 658 4182 Noctu
682 4127 937 4182 apparens
968 4114 1222 4182 pleniluni
1259 4113 1563 4182 Cassiepea.

478 4181 604 4238 Non
631 4185 768 4238 enim
787 4185 953 4252 ipsam
971 4181 1162 4239 multa:
1187 4181 1480 4256 crebraque
1499 4184 1769 4239 illustrant
1783 4186 1969 4243 stella.

545 4292 682 4349 Cum
712 4293 983 4365 pleraeque
1011 4294 1203 4360 stella,
1237 4310 1360 4366 qua
1400 4295 1457 4350 in
1505 4294 1599 4350 illa
1648 4304 2046 4366 monstrantur,

476 4384 767 4455 splendore
795 4386 1021 4440 vincant
1051 4399 1146 4441 eas
1177 4400 1301 4457 qua
1328 4394 1459 4443 sunt
1482 4386 1537 4441 in
1565 4386 1808 4443 humeris
1840 4387 2048 4460 Ophiu-

2155 3287 2279 3342 οὐδὲ
2307 3285 2465 3339 τοῦτό
2496 3287 2642 3338 ἐστιν
2671 3284 2846 3337 εἰπεῖν
2867 3321 2882 3345 ,
2914 3282 2995 3335 ὅτι
3036 3280 3104 3336 τὰ
3140 3281 3278 3353 πρὸς
3315 3281 3579 3346 ἀνατολὰς
3619 3283 3734 3337 κεί-

2158 3396 2297 3452 μενα
2333 3376 2639 3450 ἀρρενικῶς
2670 3376 2933 3449 πρότερον
2970 3374 3124 3429 καλεῖ
3150 3376 3180 3427 6
3210 3375 3461 3447 Ἄρατος.
3495 3375 3732 3431 Τούναν-

2152 3471 2267 3526 τίον
2304 3469 2414 3542 γὰρ
2454 3471 2514 3526 ὲν
2556 3468 2770 3533 πολλοῖς
2808 3469 2879 3522 τὰ
2918 3464 3055 3539 πρὸς
3093 3465 3245 3520 δύσιν
3301 3466 3442 3539 μέρη
3489 3467 3732 3540 πρότερα

2153 3562 2324 3617 καλεῖ.
2360 3561 2578 3626 Εὐθέως
2621 3561 2753 3627 γοῦν
2789 3561 2860 3617 τὰ
2886 3562 3015 3633 περὶ
3050 3559 3143 3614 τοῦ
3178 3557 3348 3631 Κριοῦ
3376 3557 3566 3622 εἰπὼν,
3605 3560 3728 3613 ἑπι-

2154 3654 2310 3727 φέρει
2337 3654 2406 3709 τὰ
2447 3653 2578 3727 περὶ
2604 3654 2728 3717 τοὺς
2766 3650 2999 3724 Ἰχθύας,
3036 3651 3130 3707 καί
3184 3668 3368 3723 φησιν·
3395 3650 3446 3705 οἲ
3469 3652 3563 3706 καὶ
3594 3667 3730 3723 προ-

2151 3744 2414 3817 ηγοῦνται
2439 3744 2627 3799 αὐτοῦ.
2915 3742 2925 3754 ’

2221 3839 2447 3902 Ψευδῶς
2476 3837 2533 3891 δὲ
2562 3834 2656 3891 καὶ
2680 3833 2839 3892 τοῦτο
2870 3837 2899 3890 6
2931 3836 3163 3908 ’Ἄρατος
3191 3836 3318 3906 περὶ
3366 3837 3466 3906 τῆς
3487 3835 3727 3889 Κασσιε-

2153 3931 2314 3998 πείας
2341 3930 2492 3999 λέγει
2511 3945 2525 3958 ·
2549 3924 2632 3982 ὅτι
2663 3927 2814 3982 ἔστιν

3032 4042 3171 4096 ...οὐ
3188 4032 3354 4111 μάλα
3383 4039 3584 4110 πολλὴ

2148 4118 2333 4187 Νυκτζ
2368 4108 3081 4187 φαινομένη-παμμ-ἡνιδι
3112 4108 3508 4187 Κασσιέπεια·

2152 4190 2235 4243 Οὐ
2262 4182 2383 4258 γάῤ
2396 4203 2505 4257 μιν
2528 4182 2749 4240 πολλοὶ
2772 4183 2871 4237 καὶ
2901 4182 3207 4251 ἐπημοιΰοὶ
3229 4186 3509 4251 τανόωσι.

2147 4303 2212 4356 Οἱ
2234 4300 2343 4372 γὰρ
2372 4299 2609 4353 πλεῖστοι
2629 4295 2738 4350 τῶν
2760 4297 2818 4349 ὲν
2849 4295 2984 4365 αὐτῇ
3015 4292 3380 4364 δεικνυμένων
3411 4294 3722 4366 λαμπρότε-

2151 4395 2233 4466 ροι
2278 4395 2387 4447 εἰσι
2445 4390 2554 4444 τῶν
2612 4392 2671 4443 ὲν
2725 4391 2837 4453 τοῖς
2880 4386 3050 4459 ὤμοις
3100 4385 3194 4439 τοῦ
3250 4385 3574 4457 Ὀφιούχουο
3622 4385 3719 4450 οὓς

474 4475 565 4529 cbi
599 4494 612 4530 :
643 4490 780 4545 quas
808 4475 950 4543 idem
978 4486 1163 4532 tamen
1196 4478 1353 4548 plena
1384 4492 1602 4548 quoque
1641 4478 1772 4533 luna
1820 4482 2043 4552 conspi-

2151 4502 2278 4557 φησι
2311 4484 2405 4538 καὶ
2428 4485 2486 4537 ὲν
2512 4482 2580 4552 τῇ
2614 4480 2932 4551 πανσελήνῳ
2961 4478 3211 4547 ἐκφανεῖς
3240 4472 3401 4541 εἶναι,
3431 4476 3605 4548 λέγων
3630 4476 3720 4532 οὖ·-

473 4579 609 4621 cuas
635 4581 758 4622 esse
787 4575 1055 4622 memorat
1096 4567 1183 4625 bis
1214 4568 1465 4625 versibus
1500 4588 1512 4623 :

545 4701 657 4773 (57)
698 4698 898 4776 Ἐγγζῳ
919 4703 1097 4776 γοῦν.-
1118 4702 1247 4776 For.
1298 4706 1466 4774 ἐγγὺς
1495 4702 1679 4776 Δγοῦν.
1724 4702 1794 4759 Ut
1820 4704 2042 4776 'probet

472 4769 815 4842 Hipparchus
838 4769 1103 4829 Heniochi
1151 4774 1315 4843 pedes
1340 4769 1465 4828 eam
1494 4769 1659 4829 Tauri
1692 4769 1901 4844 partem
1947 4792 2043 4832 oc-

472 4856 608 4914 casu
634 4858 736 4898 suo
768 4852 1113 4912 pravertere,
1173 4859 1407 4914 quacum
1457 4846 1633 4899 exorti
1691 4846 1927 4911 fuerant,
1971 4862 2038 4902 ex

471 4926 541 4965 eo
578 4911 729 4986 ducit
757 4911 1334 4986 argumentutn,_quod
1359 4929 1483 4986 qua
1504 4915 1663 4969 stella
1714 4916 1769 4969 in
1819 4916 2040 4986 Auriga

472 4981 767 5055 asterismo
789 4981 1061 5055 postrema
1082 4981 1281 5051 pedum
1312 4981 1535 5047 occidit,
1567 5000 1762 5054 nempe
1793 5000 1877 5047 ea,
1914 4981 2040 5055 qua

470 5049 726 5123 dextrum
758 5049 949 5123 pedem
978 5049 1219 5118 obtinet,
1248 5069 1373 5109 cum
1405 5068 1552 5108 xxv"
1571 5049 1725 5123 parte
1753 5055 1920 5110 Tauri
1933 5049 2038 5113 'de-

473 5120 774 5194 primatur;
794 5120 970 5193 Hujus
996 5125 1296 5194 argumenti
1312 5123 1474 5194 nulla
1495 5120 1587 5194 vis
1605 5131 1710 5186 est,
1737 5127 1844 5181 nisi
1872 5125 1923 5179 id
1943 5141 2034 5181 as-

471 5191 846 5263 signitlcetur:
881 5191 1091 5263 restare
1132 5193 1381 5263 proinde
1409 5193 1611 5262 gradus
1660 5194 1832 5263 Tauri
1892 5204 2028 5260 tres,

468 5261 565 5330 qui
598 5262 837 5332 nondum
862 5261 1180 5325 occiderint,
1211 5278 1335 5317 cum
1367 5261 1479 5332 jam
1518 5262 1800 5319 occidendi
1860 5264 2023 5322 ﬁnem

469 5332 638 5399 pedes
666 5331 929 5388 Heniochi
957 5333 1185 5388 fecerint
1202 5334 1343 5405 5_qui
1361 5331 1483 5405 cum
1515 5349 1660 5405 xxv"
1683 5344 1837 5405 parte
1859 5334 2028 5389 Tauri

468 5414 727 5457 occasum
758 5411 1160 5459 consummant.
1201 5402 1296 5458 Est
1324 5404 1381 5456 in
1407 5402 1621 5473 Auriga
1644 5402 1779 5473 pede
1803 5405 2020 5469 dextro,

466 5478 524 5546 et
550 5473 974 5546 au_strali,_istella
1002 5473 1273 5546 quagiam,
1304 5487 1468 5546 super
1503 5476 2027 5546 extremamcuspi-

467 5539 591 5615 dem
621 5542 860 5615 borealis
894 5539 1068 5615 cornu
1100 5541 1265 5615 Tauri
1320 5539 1525 5598 directe
1546 5544 1746 5615 posita,
1796 5544 1864 5600 de
1915 5539 2023 5615 q'ua

469 5606 811 5679 Hipparchus
850 5613 1107 5684 loquitur.
1135 5612 1311 5684 Hujus
1332 5626 1398 5667 ea
1429 5606 1631 5684 saeculo
1680 5606 1785 5669 sita
1815 5606 2021 5671 erat'in

2066 4628 2069 4631 .
2146 4592 2293 4640 τως·

2144 4709 2265 4765 dem
2294 4717 2447 4780 parte
2469 4720 2639 4772 xxvn,
2667 4711 2729 4780 ut
2760 4718 2827 4759 ex
2861 4702 3061 4758 tabulis
3090 4700 3299 4780 nostris
3331 4697 3717 4780 _depr_ehend_i-

2143 4768 2313 4843 mus:
2359 4792 2590 4843 prorsus
2625 4768 2726 4829 'ad
2788 4781 3044 4843 mentem
3091 4768 3442 4843 Hipparchi.‘
3479 4768 3716 4843 Proinde

2143 4794 2310 4843 mus,
2400 4794 2590 4832 rorsus
2658 4794 2726 4829 au
2789 4794 3025 4828 mentem
3091 4794 3408 4843 nlpparcut.
3479 4794 3709 4824 rrumut:

2141 4851 2285 4920 ratio
2324 4794 2415 4902 ilra
2463 4861 2574 4901 non
2629 4845 2788 4920 aliter
2828 4841 3097 4920 procedit,
3147 4858 3313 4920 quam
3360 4849 3421 4895 ut
3467 4838 3709 4920 προσλη-

2139 4919 2233 4989 ψις
2255 4920 2328 4974 sit
2351 4933 2437 4982 ea,
2472 4914 2791 4989 quamdixi.
2827 4911 3003 4989 :Atqui
3056 4911 3403 4989 manifestus
3419 4921 3525 4989 est.
3554 4911 3712 4964 in'eo

2141 4979 2537 5058 paralogismus
2585 4979 3305 5058 Hipparchifasterismutn
3360 4979 3528 5058 Tauri
3581 4993 3723 5033 cum

2138 5050 2260 5128 ejus
2284 5050 2724 5113 dodecatemorio
2738 5051 3151 5128 confundentis.
3165 5050 3438 5128 Taurum,
3462 5050 3706 5128 inquam.

2137 5119 2296 5201 cujus
2328 5142 2459 5201 cum
2481 5132 2633 5201 parte
2660 5138 2829 5201 ιιινιι⁵
2846 5123 3038 5201 dexter
3060 5119 3442 5201 pes_Henio'chi
3468 5119 3669 5201 occidit
3692 5136 3708 5185 ;

2135 5189 2281 5267 quod
2317 5207 2400 5253 est
2429 5189 2907 5267 dodecatemurion
2962 5193 3017 5247 in
3055 5189 3281 5267 Zodiaco
3330 5189 3524 5267 Tauri,
3577 5204 3709 5267 _c_um

2135 5258 2353 5324 stellata
2400 5266 2573 5336 elligie
2604 5264 2797 5336 Tauri,
2828 5264 2897 5318 de
2915 5277 3024 5336 qua
3058 5262 3283 5336 scripsit
3313 5259 3538 5336 Aratus,
3576 5258 3709 5336 Hip-

2133 5339 2372 5407 parchus
2402 5330 2777 5407 imprudenter
2799 5330 3140 5407 permiscuit.
3170 5330 3306 5407 Nam
3336 5332 3393 5407 si_
3416 5330 3498 5407 de_
3519 5330 3710 5407 asteri-

2133 5400 2254 5463 smo
2281 5408 2398 5464 solo
2439 5400 2776 5477 loqueretur,
2800 5400 2921 5477 'non
2968 5404 3145 5477 solum
3176 5400 3429 5477 absurde
3470 5401 3704 5477 faceret,

2131 5479 2224 5548 qui
2248 5470 2594 5534 asterismum
2628 5477 2682 5530 in
2713 5474 2915 5546 gradus
2946 5489 3054 5548 xax
3079 5473 3387 5548 divideret,_
3412 5471 3507 5528 sed
3533 5470 3705 5548 etiam

2130 5538 2793 5620 s'ecutniipsepugnarét;
2825 5552 2885 5599 ut
2913 5544 3011 5620 qui
3037 5552 3207 5620 totam
3249 5540 3478 5620 elligietn
3533 5538 3702 5620 Tauri

2130 5629 2257 5675 ante
2284 5610 2438 5673 illum
2462 5610 2644 5688 ipsum
2670 5610 2876 5688 pedem
2927 5610 3196 5688 Heniochi
3242 5610 3498 5688 occidere
3557 5610 3702 5665 libro

468 5687 625 5746 parte
652 5684 883 5753 amplius
914 5682 1026 5738 ixu
1066 5682 1486 5740 dodecatemorii
1529 5684 1717 5753 Tauri,
1743 5685 2021 5741 oriebatur
2126 5691 2314 5753 tertio,
2342 5682 2501 5743 num.’
2522 5685 2622 5741 XV
2652 5682 2925 5741 docuerit.
2958 5683 3066 5739 Sed
3098 5682 3225 5739 vide
3258 5682 3327 5737 de
3355 5683 3458 5738 hoc
3509 5693 3703 5737 errore

465 5763 592 5803 cum
629 5750 967 5821 ejus’parte8
1000 5753 1099 5822 l/3
1120 5754 1361 5821 circiter,
1404 5751 1686 5810 occidebat
1706 5769 1831 5811 cum
1870 5755 2021 5826 ejus-
2126 5750 2329 5815 summi
2362 5758 2467 5815 viri
2493 5772 2618 5827 qua
2649 5756 2796 5814 infra
2823 5756 2932 5814 col.
2963 5754 3103 5813 1547
3135 5754 3413 5826 disputata
3436 5757 3590 5810 sunt.
