4132 6436
520 355 654 414 1051

1545 352 1636 412 ΔΙ)
1672 350 1945 414 EUSEBII
1983 349 2382 414 CHBONICON
2418 356 2784 416 APPENDIX.

3637 369 3793 426 1032

516 488 608 529 res
644 481 773 528 sunt
801 471 869 528 iis
894 487 1016 544 qua:
1052 481 1179 528 sunt
1210 473 1266 527 in
1319 464 1680 529 Andromedae
1710 475 1932 547 cingulo
1974 491 1990 528 :
2027 491 2093 531 ac

2199 475 2452 548 πρότεροί
2485 479 2589 532 εισι
2627 477 2735 533 τῶν
2763 479 2820 531 ἐν
2849 480 2914 550 τῇ
2946 478 3090 553 ζώνῃ
3121 479 3219 552 τῆς
3250 480 3608 554 Ἀνδρομέδας
3631 501 3647 516 ·
3688 485 3795 556 ιγ-

517 565 767 635 proxime
797 561 864 618 ad
891 579 984 619 eas
1010 564 1276 619 accedunt
1309 579 1430 634 qua:
1488 565 1543 618 in
1587 566 1866 637 triangulo
1909 577 2038 624 sunt
2077 587 2091 622 :

519 662 581 710 ut
609 655 679 709 ab
704 653 784 709 eis
812 669 924 708 non
952 653 1183 708 multum
1209 661 1569 724 superentur;
1604 655 1699 710 sed
1733 664 1789 711 et
1843 656 1936 711 illa
1983 671 2098 726 prae

518 749 732 804 caeteris
766 746 1062 817 conspicua
1099 754 1206 812 est,
1255 761 1378 816 quae
1431 745 1490 800 in
1549 747 1918 804 anterioribus
1950 749 2099 806 illius

518 840 750 911 pedibus
778 846 863 894 est
883 839 1081 910 posita.
1109 837 1273 893 Falso
1311 838 1538 908 insuper
1566 847 1622 894 et
1663 840 1799 896 illud
1823 841 1892 896 ab
1929 841 2099 897 Arato

516 934 725 988 dictum
751 940 836 988 est
862 949 874 982 :

523 1043 646 1098 Illa:
671 1060 786 1099 vero
810 1042 980 1098 adhuc
1005 1043 1274 1110 anterius;
1302 1052 1558 1114 praeterea
1583 1053 1757 1186 aufer-1‘:
1785 1043 1838 1096 in
1872 1058 2097 1125 procur-

1680 1131 1722 1167 ει
1761 1130 1821 1168 Its
1848 1125 2021 1169 austrt

1680 1125 1821 1168 ειυαε
1848 1125 2021 1169 austrt

521 1183 745 1239 Pisces..
760 1223 774 1236 .

585 1276 724 1332 Nam
754 1292 1099 1347 nequaquam
1147 1277 1308 1332 ambo
1337 1285 1468 1334 sunt
1493 1277 1681 1332 Pisces
1733 1277 2097 1334 australiores

514 1369 741 1436 Ariete,
771 1371 867 1425 sed
923 1386 1066 1426 unus
1109 1371 1376 1424 duntaxat
1411 1371 1654 1428 illorum.
1713 1367 1928 1424 Etenim
1975 1385 2098 1441 quae

516 1469 647 1514 sunt
682 1461 735 1514 in
764 1471 945 1516 rostro
978 1462 1302 1517 borealioris
1326 1460 1590 1525 Piscium,
1627 1461 1790 1530 paulo
1821 1476 1946 1514 cum
1983 1461 2097 1516 sint

515 1553 874 1608 australiores
899 1553 1230 1609 succedente
1259 1568 1446 1606 earum
1473 1568 1594 1622 qua:
1626 1551 1681 1606 in
1736 1551 2098 1608 Andromeda:

515 1645 787 1714 cinguloa
817 1634 1230 1714 septentrionali
1265 1646 1391 1715 polo
1418 1645 1627 1700 distant
1684 1645 1934 1715 partibus
1979 1643 2091 1711 70;

516 1737 852 1790 antecedens
875 1751 1004 1790 vero
1027 1751 1214 1790 earum
1248 1751 1369 1806 qua:
1391 1745 1519 1790 sunt
1552 1736 1606 1789 in
1641 1735 1816 1789 cauda
1847 1736 2016 1790 distat
2065 1750 2096 1789 a

2201 581 2364 634 γιστα
2386 567 2443 621 δὲ
2465 569 2558 621 καὶ
2591 568 2697 622 τῶν
2734 571 2792 622 ὲν
2816 568 2893 640 τῷ
2915 570 3166 643 τριγώνῳ
3216 573 3278 626 οὑ
3305 574 3440 628 πολὺ
3467 573 3794 648 λειπόμενοι

2201 657 2400 712 αὐτῶν.
2450 658 2647 744 Καλῶς
2685 659 2742 713 δέ
2785 661 2932 714 ἐστιν
2975 662 3214 735 ἐκφανὴς
3241 665 3336 718 καὶ
3370 667 3400 719 6
3445 668 3503 720 ἐν
3545 671 3658 732 τοῖς
3681 669 3793 740 έμο

2199 750 2479 822 προσθίοις
2511 751 2674 806 αὑτοῦ
2717 754 2843 807 ποσὶ
2882 755 3150 825 κείμενος.
3187 757 3414 822 Ψευδῶς
3461 758 3519 813 δὲ
3561 759 3793 829 λέγεται

2199 844 2294 896 καὶ
2320 844 2492 897 ταῦτα
2516 844 2621 898 ὑπὸ
2641 845 2735 898 τοῦ
2781 846 3010 917 Ἀράτου
3034 863 3049 878 ο

2203 1049 2268 1102 Ol
2297 1044 2351 1101 δ’
2384 1045 2474 1116 ἄρ’
2502 1048 2586 1102 ἔτι
2610 1047 2896 1116 προτέρω·
2929 1047 3018 1102 ἔτι
3043 1049 3094 1102 δ’
3122 1050 3192 1103 ἐι·
3218 1049 3552 1120 προϐολῇσι
3579 1053 3790 1108 νότοιο

2211 1182 2426 1252 Ἰχθύες
2437 1227 2450 1240 .
2462 1227 2473 1239 .
2484 1223 2498 1238 .
2507 1224 2522 1237 .

2269 1278 2343 1331 Οὐ
2374 1277 2482 1347 γὰρ
2499 1277 2796 1349 ἀμφότεροι
2809 1276 3115 1347 νοτιώτεροί
3143 1278 3247 1330 εἰσι
3263 1275 3360 1329 τοῦ
3379 1275 3573 1348 Κριοῦ,
3608 1277 3725 1330 ἀλλ’
3750 1280 3788 1332 ὁ

2197 1363 2278 1434 εἷς
2310 1370 2507 1423 αὐτῶν.
2545 1369 2651 1423 Τοῦ
2697 1370 2805 1441 γὰρ
2835 1369 3171 1441 βορειοτέρου
3207 1368 3409 1440 Ἰχθύος
3444 1369 3495 1422 οἱ
3546 1369 3643 1440 μὲν
3684 1368 3784 1424 ἐπὶ

2197 1461 2290 1515 τοῦ
2332 1462 2584 1534 ῥύγχους,
2632 1462 2814 1534 μικρῷ
2858 1461 3164 1532 νοτιὼτεροι
3196 1463 3346 1525 ὄντες
3377 1460 3470 1515 τοῦ
3510 1451 3782 1532 ἑπομένου

2195 1553 2303 1607 τῶν
2342 1555 2399 1608 ὲν
2435 1557 2500 1625 τῇ
2547 1553 2689 1625 ζώνῃ
2721 1554 2822 1624 τῆς
2859 1554 3234 1626 Ἀνδρομέδας,
3276 1553 3386 1608 ἀπὸ
3419 1553 3515 1608 τοῦ
3567 1553 3784 1626 βορείου

2198 1645 2361 1699 πόλου
2403 1646 2664 1716 ἀπέχουσι
2719 1646 2828 1717 μοί.
2863 1646 2926 1699 οὐ
2961 1648 2990 1699 6
3031 1646 3086 1699 δὲ
3127 1645 3432 1717 ἡγούμενος
3474 1643 3584 1699 τιῖιν
3625 1647 3681 1699 ὲν
3707 1648 3781 1717 τῇ

2197 1739 2332 1812 οὐρᾷ
2355 1739 2546 1809 ἀπέχει
2570 1738 2663 1791 τοῦ
2695 1737 2905 1810 βορείου
2932 1738 3096 1791 πόλου
3123 1737 3235 1808 μοί.
3257 1743 3336 1806 οη’
3353 1741 3366 1766 ³
3394 1735 3505 1790 τῶν
3532 1735 3589 1790 δὲ
3616 1737 3673 1790 ὲν
3699 1735 3786 1806 τῷ

515 1831 644 1902 polo
665 1830 868 1885 boreali
899 1830 1150 1900 partibus
1177 1825 1276 1896 78;
1305 1829 1589 1884 stellarum
1621 1845 1786 1900 porro
1815 1845 1936 1899 qua:
1967 1837 2094 1883 sunt

2196 1831 2351 1904 Κριῷ
2368 1831 2613 1903 ἀστέρων
2629 1833 2656 1884 6
2690 1831 2787 1901 μὲν
2811 1829 3146 1902 βορειότερος
3171 1829 3265 1882 καὶ
3286 1829 3379 1882 ἐπὶ
3415 1827 3510 1884 τοῦ
3544 1819 3784 1899 ῥῦγχους

517 1920 573 1976 in
603 1922 786 1977 Ariete
816 1923 1088 1977 borealior
1114 1925 1168 1975 in
1203 1929 1392 1992 rostro.
1423 1921 1527 1977 sita
1580 1921 1736 1976 abest
1763 1935 1794 1974 a
1825 1921 1950 1991 polo
1973 1935 2099 1990 ραι-η

514 2014 664 2069 tibus
692 2013 852 2083 paulo
896 2013 1078 2069 minus
1115 2011 1182 2066 78
1235 2031 1251 2067 :
1289 2013 1370 2067 sic
1413 2013 1576 2068 etiam
1605 2027 1664 2068 se
1705 2012 1869 2067 habet
1905 2027 2098 2068 earum

516 2123 638 2177 qua:
673 2113 802 2161 sunt
840 2104 896 2159 in
952 2106 1126 2160 cauda
1162 2106 1457 2161 borealior.
1502 2103 1572 2160 At
1599 2119 1720 2174 qua:
1773 2119 1870 2174 per
1921 2112 2097 2158 totum

515 2213 718 2269 corpus
741 2197 945 2252 Arietis
974 2197 1161 2252 insunt
1191 2197 1380 2260 stellae,
1419 2212 1610 2251 omnes
1662 2195 1773 2250 illis
1806 2195 2096 2249 australio-

517 2306 605 2347 res
643 2297 789 2344 sunt.
821 2286 1002 2355 Quare
1029 2305 1138 2343 non
1170 2289 1396 2344 dubium
1415 2295 1500 2343 est
1527 2288 1658 2359 quin
1688 2280 1930 2344 Piscium
1963 2286 2100 2342 alter

518 2382 591 2438 sit
613 2380 797 2436 Ariete
820 2381 1113 2436 borealior.

587 2474 788 2532 Verum
839 2473 986 2544 quod
1022 2473 1087 2527 ad
1119 2473 1361 2528 Arietem
1409 2470 1652 2542 spectat,’
1693 2469 1750 2524 in
1803 2469 1889 2525 his
1920 2469 2094 2524 Attali

513 2569 700 2625 verbis
727 2569 898 2622 altera
923 2567 1147 2638 insuper
1175 2565 1398 2620 inscitia
1424 2571 1530 2620 est.
1561 2583 1580 2615 ι
1618 2563 1755 2618 Cum
1786 2563 1934 2618 enim
1976 2563 2098 2616 ani-

517 2659 887 2714 madverteret
911 2657 1152 2712 Arietem
1175 2671 1352 2726 neque
1381 2655 1515 2710 satis
1535 2667 1798 2726 expresse
1853 2653 2097 2710 delinea-

517 2760 656 2815 tum,
689 2764 864 2819 neque
894 2747 1096 2802 lucidis
1140 2747 1318 2802 stellis
1356 2761 1480 2801 esse
1511 2745 1796 2816 praeditum
1817 2785 1834 2810 ,
1867 2759 1989 2816 quae
2011 2743 2097 2798 lu-

513 2850 673 2896 cente
699 2839 826 2894 luna
850 2839 1065 2910 plenam
1087 2838 1307 2893 videndi
1334 2838 1420 2892 sui
1454 2838 1667 2909 copiam
1697 2835 1904 2892 faciant
1929 2853 1943 2903 ;
1970 2852 2096 2891 cum

513 2933 1003 3006 prOpinquioribus
1034 2931 1266 2987 estellis
1314 2931 1482 2986 situm
1548 2930 1766 2984 illarum
1819 2930 2097 3000 explicare

515 3027 737 3094 nititur,
779 3034 894 3081 tum
925 3041 994 3080 ex
1026 3025 1094 3080 iis
1128 3041 1249 3095 quas
1280 3026 1335 3078 in
1369 3019 1560 3078 eodem
1589 3039 1714 3078 cum
1745 3022 1932 3079 Ariete
1985 3024 2096 3077 cir-

513 3118 640 3172 culo
676 3122 989 3171 moventur.
1027 3133 1046 3166 ι
1085 3113 1195 3168 Sed
1228 3120 1288 3168 ut
1309 3113 1556 3166 omittam
1585 3111 1799 3166 lucidas
1828 3111 1885 3166 in
1911 3111 2095 3166 Ariete

2201 1923 2450 1994 κείμενος
2496 1923 2688 1994 ἀπέχει
2734 1924 2930 1994 μοίρας
2976 1921 3157 1994 μικρῷ
3198 1921 3490 1986 λειπούσας
3517 1922 3625 1976 τῶν
3654 1929 3736 1991 οη⁹
3760 1937 3781 1954 ⁶

2201 2015 2400 2086 ὁμοίως
2424 2015 2481 2068 δὲ
2509 2015 2684 2087 τούτῳ
2724 2016 2820 2068 καὶ
2851 2019 2880 2070 6
2913 2015 3248 2088 βορειότεροι·
3280 2015 3388 2070 τῶν
3417 2017 3474 2069 ὲν
3503 2018 3569 2086 τῇ
3616 2015 3777 2088 οὐρᾷ.

2201 2107 2263 2160 Οἱ
2290 2103 2346 2158 δὲ
2384 2108 2442 2158 ἐν
2467 2105 2573 2176 ὅλῳ
2613 2105 2692 2177 τῷ
2719 2106 2930 2176 σώματι
2975 2107 3216 2178 κείμενοι
3245 2105 3340 2160 τοῦ
3367 2105 3543 2177 Κριοῦ
3578 2107 3786 2170 πάντες

2201 2199 2308 2252 εἰσὶ
2352 2197 2658 2272 νοτιώτεροι
2699 2198 2925 2253 τούτων.
2958 2199 3125 2271 Δῆλον
3173 2195 3266 2253 οὖν
3315 2200 3396 2253 ὅτι
3440 2197 3786 2270 βορειότερὸς

2199 2289 2348 2342 ἐστιν
2377 2291 2406 2342 6
2427 2285 2506 2353 εἷς
2529 2290 2638 2342 τῶν
2680 2289 2900 2361 Ἰχθύων
2931 2289 3026 2343 τοῦ
3054 2289 3244 2362 Κριοῦ.

2283 2469 2371 2523 Ἔν
2394 2467 2452 2522 δὲ
2478 2471 2592 2532 τοῖς
2618 2470 2745 2540 περὶ
2769 2471 2858 2525 τὸν
2891 2469 3062 2542 Κριὸν
3089 2473 3183 2525 καὶ
3209 2473 3238 2526 6
3275 2475 3538 2538 ’Ἄτταλος
3569 2475 3782 2544 ἀγνοεῖ,

2199 2559 2372 2629 λέγων
2400 2559 2572 2625 οὕτως
2592 2578 2606 2592 ο
2644 2581 2662 2612 ι
2696 2563 2990 2616 Κατανοῶν
3015 2563 3072 2616 δὲ
3097 2565 3190 2618 τὸν
3231 2567 3400 2637 Κριὸν
3455 2566 3578 2620 οὔτε
3619 2570 3782 2639 ἀκρι-

2199 2650 2310 2715 ϐῶς
2334 2651 2822 2724 διατετυπωμένον,
2853 2653 2976 2708 οὔτε
2996 2655 3282 2728 λαμπροὺς
3300 2659 3537 2728 ἀστέρας
3563 2659 3778 2730 ἔχοντα,

2197 2744 2526 2815 δυναμένους
2571 2744 2627 2800 δὲ
2673 2747 2766 2800 καὶ
2796 2748 2854 2801 ὲν
2887 2747 3083 2821 σελήνῃ
3129 2749 3396 2821 λαμπρῶς
3435 2750 3779 2823 θεωρεῖσθαι,

2197 2835 2286 2890 διά
2310 2854 2370 2890 τε
2397 2837 2506 2890 τῶν
2523 2839 2942 2911 παρακειμένων
2973 2841 3216 2910 ἀστέρων
3233 2845 3488 2914 πειρᾶται
3511 2844 3612 2915 τὴν
3627 2843 3782 2897 θέσιν

2198 2925 2374 2980 αὐτῶν
2389 2928 2671 2998 διασαφεῖν
2691 2968 2708 2995 ,
2737 2930 2830 2984 καὶ
2851 2929 2940 2983 διὰ
2957 2931 3063 2983 τῶν
3096 2930 3186 2984 τὸν
3205 2933 3366 2986 αὑτὸν
3398 2933 3546 3004 αὐτῷ
3576 2933 3782 2988 κύκλον

2199 3021 2534 3093 φερομένων.
2567 3041 2586 3074 ι
2631 3023 2815 3095 Χωρὶς
2851 3023 2960 3094 γὰρ
2996 3023 3091 3077 τοῦ
3129 3024 3417 3097 λαμπροὺς
3439 3026 3600 3079 αὑτὸν
3631 3025 3782 3097 ἔχειν

2197 3110 2454 3182 ἀστέρας,
2479 3111 2606 3176 τοὺς
2634 3113 2692 3165 ὲν
2718 3115 2784 3183 τῇ
2816 3114 3048 3185 κεφαλῇ,
3075 3113 3150 3178 ὡς
3186 3115 3416 3185 ἔφαμεν,
3447 3118 3542 3170 καὶ
3566 3117 3690 3181 τοὺς
3716 3119 3781 3170 ὲν

513 3206 703 3261 stellas
731 3219 876 3268 esse,
899 3219 1021 3274 quae
1050 3210 1200 3268 sunt,
1253 3209 1314 3257 ut
1346 3202 1608 3266 diximus,
1637 3201 1690 3255 in
1719 3201 1932 3271 capite,
1994 3215 2094 3255 nec

2195 3204 2310 3266 τοῖς
2351 3203 2702 3275 ἐμπροσθίοις
2741 3205 2889 3270 ποσὶ,
2921 3207 3015 3260 καὶ
3048 3207 3442 3278 ἀπεκδέχεσθαι
3487 3226 3577 3279 μοι
3605 3209 3779 3274 δοκεῖ,

513 3312 625 3352 non
654 3297 710 3351 in
735 3296 1107 3352 anterioribus
1143 3294 1375 3365 pedibus
1412 3313 1425 3348 :
1463 3294 1596 3348 illud
1620 3293 1782 3349 etiam
1808 3308 2094 3364 perperam

511 3387 792 3458 accepisse
831 3385 1069 3452 videtur,
1107 3386 1428 3442 existimans
1474 3386 1641 3441 situm
1673 3385 1878 3440 Arietis
1910 3384 2096 3440 decla-

510 3494 667 3536 rasse
689 3491 903 3550 poetam
934 3465 1288 3549 perSpicuum
1328 3477 1447 3533 fore
1491 3478 1558 3533 iis
1587 3493 1618 3532 e
1646 3477 1822 3532 stellis
1872 3488 1994 3547 qute
2036 3477 2094 3531 in

511 3573 704 3628 eodem
737 3587 862 3626 cum
892 3571 1010 3642 ipso
1031 3571 1239 3627 circulo
1269 3570 1562 3626 feruntur:
1595 3569 1757 3639 cujus
1795 3568 1878 3623 rei
1919 3569 2092 3639 gratia

511 3662 649 3718 illud
681 3663 954 3718 observat.
989 3661 1194 3718 Verum
1247 3662 1398 3734 quod
1444 3661 1687 3716 Arietem
1735 3659 2094 3730 consequitur

511 3770 812 3827 exponens,
840 3757 946 3812 ista
965 3755 1192 3824 subiicit
1227 3773 1242 3810 :

586 3867 656 3924 In
683 3867 852 3923 medio
883 3884 1000 3922 vero
1038 3869 1158 3921 terit
1188 3870 1366 3937 ingens
1395 3867 1582 3937 coelum
1607 3881 1626 3920 :
1657 3866 1748 3920 ubi
1773 3875 2025 3922 extrema.-

587 3937 784 4002 Chelw,
810 3947 860 3993 et
893 3939 1164 4009 cingulum
1196 3935 1367 3991 oritur
1403 3935 1644 3996 Orionis.

582 4053 724 4112 XIV.
748 4054 807 4110 In
842 4055 1199 4126 sequentibus
1234 4069 1365 4110 vero
1399 4053 1544 4110 alius
1598 4067 1757 4109 error
1795 4061 1883 4108 est
1911 4047 2088 4119 Arati,

512 4163 639 4205 cum
665 4148 732 4204 de
764 4148 966 4205 Perseo
989 4149 1069 4204 sic
1092 4147 1332 4218 loquitur
1367 4165 1382 4202 :

583 4263 834 4318 Proxime
865 4279 982 4316 vero
1008 4263 1284 4317 sinistrum
1315 4277 1450 4332 genu
1482 4259 1774 4315 admodum
1797 4277 1976 4316 omnes

588 4333 832 4405 Vergiliae
861 4333 1128 4403 feruntur.

577 4425 715 4480 Nam
764 4426 925 4496 longe
969 4425 1122 4480 abest
1161 4439 1192 4478 a
1245 4423 1503 4496 Vergiliis
1567 4423 1854 4480 sinistrum
1898 4421 2087 4477 Persei

2199 3296 2595 3368 ὑπολαμϐάνων
2628 3297 2908 3368 διασαφεῖν
2952 3298 3116 3352 αὐτὸν
3154 3300 3253 3372 τὴν
3286 3299 3434 3354 θέσιν
3468 3300 3560 3354 τοῦ
3603 3300 3781 3371 Κριοῦ

2197 3389 2436 3460 φανερὰν
2465 3389 2683 3445 ἔσεσθαι
2714 3390 2802 3444 διὰ
2835 3390 2944 3444 τῶν
2975 3390 3065 3444 τὸν
3090 3391 3252 3445 αὐτὸν
3292 3391 3489 3446 κύκλον
3515 3392 3592 3464 τῷ
3619 3393 3782 3464 Κριῷ

2197 3481 2511 3553 φερομένων
2535 3498 2549 3512 ·
2581 3482 2675 3535 καὶ
2712 3481 2900 3536 τούτου
2926 3483 3087 3553 χάριν
3127 3484 3572 3555 ἐπισημαίνεται.
3612 3484 3781 3538 Ἀλλὰ

2193 3573 2256 3626 τὸ
2328 3573 2711 3647 παρεπόμενον
2763 3575 2842 3647 τῷ
2913 3574 3070 3647 Κριῷ
3133 3575 3452 3646 διασαφῶν,
3529 3575 3780 3646 ἐπιλέγει

2193 3666 2366 3732 οὕτως
2383 3682 2398 3700 ³

2193 3861 2460 3923 Μεσσόθι
2496 3867 2566 3938 δὲ
2597 3867 2777 3938 τρίϐει
2804 3865 2996 3937 μέγαν
3019 3867 3297 3936 οὐρανὸν,
3322 3861 3428 3938 ᾗχι
3452 3883 3562 3938 περ
3596 3867 3780 3936 ἄκραι

2191 3939 2381 4007 Χηλαὶ
2413 3938 2511 3993 καὶ
2548 3937 2696 4007 ζώνη
2731 3939 3141 4006 περιτέλλεται
3191 3937 3485 4007 Ὠρίωνος.

2261 4049 2359 4104 1Δ’.
2402 4050 2488 4104 Ἔν
2523 4051 2578 4104 δὲ
2611 4053 2724 4116 τοῖς
2751 4050 2879 4123 έξῆς
2899 4051 3083 4120 ἀγνοεῖ
3109 4053 3138 4104 6
3164 4052 3418 4122 Ἄρατος,
3448 4051 3621 4120 λέγων
3642 4051 3777 4123 περὶ

2189 4140 2284 4195 τοῦ
2311 4142 2565 4213 Περσέως
2583 4155 2596 4170 °

2263 4260 2426 4328 ’Λγχι
2456 4257 2524 4311 δέ
2550 4261 2604 4312 οἱ
2631 4257 2852 4326 σκαιῆς
2881 4255 3262 4325 ἐπιγουνίδος
3299 4255 3479 4324 ἤλιθα
3508 4252 3700 4310 πᾶσαι

2260 4328 2556 4396 Πληϊάδες
2586 4330 2917 4398 φορέονται.

2260 4419 2402 4474 Πολὺ
2443 4420 2552 4491 γὰρ
2594 4420 2790 4490 ἀπέχει
2821 4419 2883 4472 τὸ
2914 4419 3198 4490 ἀριστερὸν
3226 4417 3355 4487 γόνυ
3394 4413 3488 4470 τοῦ
3515 4414 3776 4487 Περσέως

404 4511 410 4516 ’
508 4534 670 4591 genu.
700 4519 918 4572 Attalus
961 4533 1095 4574 vero
1153 4519 1318 4574 etiam
1376 4517 1702 4588 particulam
1743 4515 1873 4586 ἄγχι
1921 4521 2085 4584 negat

2195 4511 2298 4566 ἀπὸ
2319 4510 2428 4566 τῶν
2459 4511 2762 4582 Πληῖάδων.
2817 4511 2875 4564 '0
2897 4510 2955 4564 δὲ
2983 4511 3248 4574 ’Ἄτταλός
3291 4525 3422 4582 φησι
3456 4508 3590 4580 μηδὲ
3623 4507 3772 4561 ἑνδέ-

507 4610 764 4680 usurpari
788 4623 888 4680 pro
920 4623 987 4665 eo
1011 4608 1158 4680 quod
1196 4619 1278 4665 est
1310 4624 1500 4678 prope;
1545 4607 1644 4663 sed
1674 4606 1817 4662 idem
1857 4621 1983 4662 esse
2021 4620 2084 4662 ac

2195 4602 2380 4675 χεσθαι
2445 4603 2504 4656 τὸ
2550 4601 2692 4672 ἄγχι
2741 4601 2862 4656 ἀντὶ
2893 4601 2988 4656 τοῦ
3051 4602 3265 4672 ἐγγὺς,
3325 4601 3439 4655 ἀλλ’
3492 4599 3614 4654 ἀντὶ⁷
3671 4596 3771 4652 τοῦ

506 4702 763 4772 proxime.
807 4699 970 4755 Putat
1041 4701 1188 4756 enim
1250 4699 1506 4771 Vergiliis
1552 4698 2087 4770 propinquissimum

506 4793 752 4850 omnium
774 4793 1053 4849 stellarum
1070 4807 1194 4849 esse
1223 4807 1361 4863 genu
1379 4792 1685 4848 sinistrum.
1704 4787 1868 4845 Falso
1889 4788 1941 4844 id
1971 4788 2087 4859 qui-

505 4887 652 4972 dem.
674 4885 885 4942 Etenim
913 4885 1033 4941 duae
1047 4885 1260 4950 lucidas,
1281 4899 1404 4956 quae
1421 4893 1552 4941 sunt
1568 4885 1622 4938 in
1644 4883 1874 4939 sinistro
1895 4881 2084 4938 Persei

507 4975 665 5046 pede,
698 4983 816 5030 tum
847 4991 970 5046 quae
1023 4975 1079 5030 in
1135 4975 1360 5031 sinistra
1423 4974 1578 5037 tibia,
1629 4974 1918 5044 propiores
1957 4979 2086 5030 sunt

506 5065 764 5142 Vergiliis
785 5083 947 5140 quam
968 5083 1109 5140 genu
1133 5067 1450 5124 sinistrum.

573 5246 674 5302 Est
706 5245 761 5302 id
789 5246 954 5302 etiam
979 5245 1136 5300 Arati
1162 5243 1678 5316 falsum,Vergilias
1711 5260 1807 5302 sex
1836 5252 2086 5300 tantum-

503 5337 670 5396 modo
696 5344 949 5394 constare
979 5337 1176 5403 stellis,
1199 5337 1402 5409 quippe

575 5489 640 5522 ...
670 5459 886 5522 septem,
915 5449 1113 5522 inquit,
1138 5450 1248 5506 illa.-
1277 5461 1454 5520 aperte
1486 5460 1760 5515 uocantur,

573 5520 680 5576 Sea:
709 5519 839 5576 sola:
858 5519 1094 5593 quamvis
1118 5519 1378 5577 exsistant
1410 5523 1708 5592 conspicua
1737 5519 1931 5579 oculis.

568 5629 673 5689 Sed
698 5635 800 5690 hoc
831 5636 985 5692 illum
1009 5635 1161 5707 fugit.
1196 5635 1332 5693 Nam
1378 5640 1423 5696 si
1461 5639 1588 5712 quis
1617 5652 1812 5720 serena
1844 5646 1896 5693 et
1925 5635 2083 5691 illuni

2186 4691 2509 4763 ἐγγυτάτω.
2559 4691 2816 4746 Βούλεται
2867 4693 2979 4764 γὰρ
3022 4692 3233 4762 λέγειν,
3296 4693 3482 4763 φησὶν,
3533 4690 3769 4761 ἐγγυτά-

2186 4803 2263 4840 τω
2287 4785 2396 4839 τῶν
2433 4785 2718 4856 Πληῖάδων
2755 4785 2969 4838 κεῖσθαι
2993 4785 3055 4838 τὸ
3099 4784 3390 4857 ἀριστερὸν
3435 4783 3564 4852 γόνυ
3615 4782 3772 4854 παρὰ

2187 4877 2312 4940 τοὺς
2334 4875 2556 4940 λοιποὺς
2585 4875 2845 4948 ἀστέρας.
2871 4877 2984 4930 Οὐκ
3015 4872 3074 4931 εὖ
3099 4877 3155 4930 δὲ
3193 4875 3340 4945 λέγει
3371 4874 3551 4929 τοῦτο.
3576 4876 3638 4930 Οἱ
3660 4875 3772 4945 γὰρ

2187 4970 2246 5021 ὲν
2278 4966 2355 5038 τῷ
2399 4967 2673 5039 ἀριστερῷ
2706 4967 2828 5022 ποδὶ
2868 4966 2963 5020 τοῦ
3003 4967 3258 5038 Περσέως
3292 4965 3337 5036 β’
3373 4964 3638 5036 λαμπροὶ,
3674 4965 3772 5018 καὶ

2186 5057 2268 5111 ἐτι
2292 5060 2350 5112 ὲν
2386 5060 2454 5129 τῇ
2497 5058 2760 5128 ἀριστερᾷ
2796 5058 3004 5130 κνήμῃ,
3033 5055 3212 5126 πολλῷ
3237 5053 3480 5123 ὲγγίονές
3523 5055 3629 5106 εισι
3659 5052 3771 5105 τῶν

2187 5149 2470 5221 Πληῖάδων
2491 5151 2635 5222 ἤπερ
2658 5150 2720 5203 τδ
2746 5149 3032 5222 ἀριστερὸν
3057 5149 3210 5218 γόνυ.

2257 5241 2484 5306 Ψευδῶς
2520 5242 2578 5296 δὲ
2619 5242 2837 5312 λέγεται
2886 5242 2990 5295 ὑπὸ
3023 5240 3116 5295 τοῦ
3162 5241 3390 5314 Ἀράτου
3439 5241 3536 5295 καὶ
3568 5239 3630 5292 τὸ
3672 5237 3770 5302 τὰς

2186 5334 2460 5408 Πληϊάδας
2485 5333 2543 5401 ἒξ
2577 5333 2736 5406 μόνον
2763 5333 3000 5405 ἀστέρας
3033 5333 3342 5404 περιέχειν·

2190 5445 2429 5518 ..ηέπτὰ
2454 5448 2582 5518 γὰρ,
2613 5449 2797 5518 φησὶν,
2821 5445 3044 5501 ἐκεῖνοι
3071 5443 3400 5514 ἐπιρρήδην
3427 5445 3767 5508 καλέονται,

2193 5518 2302 5584 Ἓξ
2334 5514 2598 5585 οἷαίπερ
2622 5514 2837 5573 ἐοῦσαι
2864 5518 3199 5584 ἐπόψιοι....

2256 5631 2523 5687 Λανθὰνει
2537 5631 2593 5685 δὲ
2617 5630 2798 5686 αὐτόν.
2822 5628 2914 5700 Τῷ
2933 5628 3042 5700 γὰρ
3057 5627 3362 5682 ἀτενίσαντι
3379 5628 3436 5680 ὲν
3454 5625 3662 5697 ,αἰθρίῳ
3673 5625 3766 5678 καὶ

503 5731 665 5778 nocte
709 5725 956 5792 intendat
993 5703 1204 5793 oculos,
1261 5703 1495 5799 septem.
1525 5731 1580 5784 in
1633 5704 1724 5784 illa
1793 5727 2082 5784 constella-

2195 5703 2432 5797 ἀσελήνῳ
2477 5725 2634 5779 νυκτὶ
2671 5723 2966 5792 φαίνονται·
2987 5721 3217 5794 ἀστέρες
3256 5718 3302 5784 ζ’
3336 5722 3394 5773 ἐν
3437 5720 3573 5776 αὑτῆ
3610 5734 3766 5782 περι-

502 5812 652 5872 tione
679 5815 848 5872 stellae
901 5817 1166 5876 contineri
1215 5819 1487 5878 videntur.
1527 5817 1682 5878 Unde
1733 5820 1884 5878 subit
1935 5817 2074 5878 illud

2186 5816 2452 5889 εχόμενοι.
2511 5817 2646 5872 ῢθεν
2681 5813 2777 5870 καὶ
2806 5812 3186 5884 διαπορήσειεν
3223 5811 3290 5867 ἄν
3317 5825 3402 5873 τις
3437 5807 3554 5872 πῶς
3581 5819 3610 5862 0
3634 5806 3777 5884 ’.ἀτί
