4132 6442
358 454 491 510 1053

1365 435 1732 496 HIPPARCHI
1769 432 1860 489 AD
1886 426 2337 487 PH/ENOMENA
2379 424 2504 482 LIB.
2544 426 2586 478 Ι.

3452 413 3587 468 1054

351 570 528 630 ταλος,
547 564 740 637 ἐξηγοῦ
750 579 908 635 μενος
935 560 1004 614 τὰ
1022 577 1086 613 πε
1096 559 1149 631 pl.
1163 557 1261 622 τὰς
1284 556 1571 626 Πληϊάδας,
1592 550 1920 624 παρέπεμψε
1952 593 1962 614 ,

2064 546 2233 607 lirari,
2258 540 2714 613 quemadmodum
2745 538 2961 593 Attalus
2983 550 3047 591 ea
3081 549 3202 606 quae
3230 534 3299 589 de
3335 530 3592 601 Vergiliis

356 661 447 715 καὶ
479 659 635 712 τοῦτο
669 657 978 727 διάπτωμα,
1011 653 1085 716 ὡς
1117 648 1176 704 εὖ
1212 651 1493 721 εἰρηκότος
1526 646 1710 700 αὑτοῦ.

430 835 596 889 Πάλιν
629 849 687 885 τε
731 834 758 884 ὁ
791 831 1024 900 Ἀρατος
1064 842 1122 879 εν
1161 828 1271 886 τοῖς
1312 822 1437 890 ἑξῆς
1467 821 1652 888 ἀγνοεῖ
1699 818 1789 870 ἐπὶ
1834 814 1924 868 τοῦ

363 925 614 999 Ὄρνιθος
641 924 813 990 λέγων
833 938 846 951 ·

373 1040 537 1095 Ἀλλ’
564 1040 597 1089 ὀ
617 1034 733 1106 μὲν
754 1035 1007 1103 ἡερόεις·
1034 1033 1108 1087 τὰ
1132 1032 1198 1086 δέ
1226 1035 1279 1086 οἱ
1300 1028 1790 1098 ἐπιτετρήχηντάι

368 1174 701 1240 ’Δστρασιν
742 1171 813 1225 οὔ
861 1186 916 1222 τι
960 1170 1103 1235 λίην
1145 1166 1459 1238 μεγάλοις,
1510 1162 1658 1241 ἀτὰρ
1705 1164 1777 1216 οὑ
1818 1159 1933 1241 μέν

1622 1234 1930 1301 ἀφαυροῖς.

367 1353 477 1409 Καὶ
495 1354 601 1426 γὰρ
626 1353 851 1416 πολλοὺς
878 1353 969 1405 καὶ
990 1350 1273 1422 λαμπροὺς
1288 1348 1519 1419 ἀστέρας
1541 1346 1650 1416 ἔχει
1675 1347 1704 1397 ὁ
1727 1346 1931 1415 Ὄρνις·

367 1446 457 1500 τὸν
485 1447 542 1500 δὲ
568 1447 626 1500 ὲν
666 1449 732 1517 τῇ
761 1446 895 1516 οὐρᾷ
940 1445 1034 1497 καὶ
1061 1444 1263 1515 σφόδρα
1310 1439 1576 1510 λαμπρὸν,
1612 1437 1837 1507 ἔγγιστά
1878 1453 1936 1488 τε

372 1539 486 1593 ἴσον
516 1536 592 1608 τῷ
621 1538 678 1591 ὲν
708 1539 774 1608 τῇ
806 1536 960 1607 Λύρᾳ
986 1534 1241 1607 λαμπρῷ.

445 1709 545 1764 IE'.
581 1709 669 1763 Ἑν
700 1695 757 1763 δὲ
806 1711 919 1772 τοῖς
964 1696 1088 1780 ἑξῆς
1126 1709 1155 1760 ὁ
1193 1697 1423 1779 ’Ἄρατος
1469 1705 1637 1759 εἰπὼν
1683 1704 1809 1777 περὶ
1848 1702 1939 1757 τοῦ

380 1802 581 1875 μηκέτι
616 1802 726 1855 δεῖν
758 1801 1134 1865 πυκνοπλοεῖν,
1178 1801 1305 1854 ὅταν
1337 1799 1426 1853 τὸν
1463 1798 1695 1868 Τοξότην
1737 1798 1766 1849 ὁ
1793 1797 1942 1866 ἥλιος

2028 638 2173 691 dicta
2209 643 2357 699 sunt,
2387 647 2674 698 enarrans,
2701 631 2801 684 hoc
2849 636 3088 684 erratum
3122 624 3379 697 praeterit,
3435 622 3593 691 quasi

2030 730 2085 783 in
2108 744 2173 782 eo
2207 736 2350 780 recte
2373 726 2461 779 ille
2483 724 2767 779 sensisset.

2119 818 2275 872 Aliud
2300 817 2447 871 Arati
2473 815 2526 869 in
2567 812 2921 884 aequantibus
2951 810 3156 864 erroris
3184 817 3366 878 caput,
3410 804 3500 858 ubi
3528 805 3596 857 de

2031 909 2219 980 Cygno
2246 906 2467 963 disserit
2500 923 2514 959 :

2044 1021 2234 1074 Verum
2259 1021 2304 1073 is
2335 1018 2565 1089 quidem,
2592 1017 2688 1081 ait,
2716 1015 2969 1069 obscurus
2999 1030 3016 1067 :
3045 1013 3146 1066 alte
3181 1022 3354 1149 atatem
3380 1009 3428 1064 ei
3451 1025 3598 1077 aspe-

3234 1092 3366 1133 rata'
3402 1091 3522 1133 sunt

3234 1092 3366 1133 rata'
3402 1091 3522 1133 sunt

2038 1160 2219 1216 Stellis
2251 1158 2394 1212 haud
2426 1159 2556 1211 adeo
2585 1154 2832 1225 magnis:
2863 1168 3024 1231 neque
3081 1162 3252 1203 tamen
3302 1149 3594 1202 imbecillis.

2108 1328 2281 1391 Habet
2304 1335 2448 1390 enim
2482 1331 2702 1405 Cygnus
2743 1347 2868 1386 cum
2907 1328 3092 1400 plures
3125 1321 3441 1395 lucidasque
3473 1333 3603 1379 stet-

2040 1431 2120 1484 las
2153 1445 2167 1481 z
2199 1437 2313 1482 tum
2337 1442 2478 1491 eam,
2508 1441 2627 1495 qua:
2653 1425 2706 1477 in
2755 1422 2931 1476 cauda
2989 1429 3104 1483 est,
3155 1415 3491 1490 splendidam
3548 1414 3607 1469 in

2042 1520 2252 1591 primis.
2285 1526 2345 1591 et,
2394 1519 2443 1572 ei
2498 1506 2892 1586 propemodum
2943 1512 3225 1582 aequalem,
3275 1524 3396 1580 quae
3429 1507 3606 1562 lucida

2041 1618 2124 1664 est
2164 1608 2218 1662 in
2245 1592 2507 1661 Fidicula.

2112 1693 2230 1749 XV.
2269 1694 2534 1763 Deinceps
2568 1692 2732 1748 etiam
2763 1701 3050 1761 postquam
3076 1688 3263 1745 docuit
3289 1688 3490 1742 Aratus
3510 1677 3611 1740 fre-

2046 1787 2427 1859 quentioribus
2456 1784 2905 1860 navigationibus
2927 1783 3003 1837 uti
3023 1796 3131 1836 non
3167 1788 3440 1850 oportere,
3485 1793 3609 1832 cum

373 1871 604 1965 ἄρξηται
627 1891 1065 1962 διαπορεύεσθαι,
1105 1894 1306 1962 σημεῖα
1333 1889 1650 1961 βουλόμενος
1676 1887 1949 1954 ὑποδεῖξαι

2064 1880 2133 1935 sol
2157 1880 2399 1932 transire
2432 1875 2784 1945 Sagittarium
2804 1873 3016 1943 incipit,
3049 1873 3154 1927 hoc
3186 1871 3364 1942 ipsum
3397 1876 3615 1939 tempus

373 1981 468 2035 τοῦ
495 1980 688 2052 καιροῦ
716 1980 926 2043 τούτου,
968 1979 1161 2049 φησίν·

378 2094 547 2165 Σῆμα
570 2092 636 2147 δέ
648 2110 737 2148 τοι
754 2093 955 2165 κείνης
967 2091 985 2160 (
992 2091 1173 2165 719360)
1186 2091 1363 2165 ὥρης,
1380 2092 1478 2165 καὶ
1500 2091 1694 2165 μηνὸς
1706 2090 1942 2165 ἐκείνου

377 2162 669 2232 Σκορπίος
691 2162 999 2217 ἀντέλλων
1022 2163 1113 2231 εἵη
1147 2162 1420 2231 πυμάτης
1444 2163 1541 2215 ἐπὶ
1562 2162 1801 2232 νυκτός.

382 2230 551 2290 Ἤτοι
573 2236 684 2303 γὰρ
704 2232 858 2303 μέγα
896 2231 1075 2296 τόξον
1104 2230 1424 2287 ἀνέλκεται
1458 2232 1659 2301 ἐγγύθι
1688 2230 1942 2297 κέντρου

386 2366 678 2433 Τοξευτής
695 2382 708 2397 ο
742 2366 949 2433 ὀλίγον
972 2363 1039 2418 δὲ
1074 2364 1417 2434 παροξτερος
1436 2362 1671 2434 ἵσταται
1689 2360 1875 2434 nigrai}

382 2429 672 2505 Σκορπίος·
687 2429 1010 2491 ἀντέλλων·
1024 2437 1055 2489 o'
1070 2435 1120 2487 δ’
1137 2429 1443 2503 ἀνέρχεται
1458 2433 1672 2486 αὐτίκα
1684 2429 1849 2501 μᾶλλ
1856 2447 1946 2485 ον.

390 2567 583 2639 Τῆμος
619 2566 716 2639 καὶ
748 2566 982 2639 κεφαλὴ
1020 2566 1463 2639 Κυνοοζουρίδος
1482 2567 1702 2639 ρκρόθι
1734 2562 1952 2630 νυκτὸς

388 2634 537 2706 ’Υψι
555 2634 719 2707 μάλα
748 2634 1011 2707 τροχάει·
1048 2641 1081 2691 ό
1104 2636 1173 2689 δὲ
1198 2636 1400 2707 δύεται
1426 2635 1571 2704 ἠῶθι
1595 2634 1710 2707 πρὸ

398 2703 635 2779 Ἀθρὸος
683 2703 888 2778 ’0ρῖωᾷ⁴ξ
904 2725 917 2737 ·
956 2707 1193 2777 Κηφεὺς
1223 2706 1274 2760 δ’
1296 2707 1416 2761 ἀπὸ
1450 2703 1648 2775 χειρὸς
1676 2705 1769 2759 ἐπ’
1797 2703 1951 2769 ιξύν.

388 2820 524 2893 Περὶ
547 2820 602 2873 δὲ
643 2819 832 2873 τούτου
871 2820 899 2873 ὁ
934 2817 1196 2880 ’Ἄτταλος
1236 2814 1726 2889 προενεγκάμενος,
1761 2814 1959 2867 αὐτίκα

388 2913 591 2987 γράφει
614 2913 770 2966 ταυτί
792 2928 806 2942 ο
846 2929 865 2963 ι
905 2910 988 2964 Τὰ
1020 2911 1115 2981 μὲν
1150 2904 1243 2963 οὖν
1276 2908 1438 2961 λοιπὰ
1462 2906 1696 2979 μετρίως
1742 2907 1958 2978 εἴρηκεν

390 3007 421 3058 ὁ
462 3004 691 3076 ποιητής
714 3019 728 3033 ·
764 3002 826 3056 τὸ
852 3001 909 3055 δὲ
952 3002 1081 3075 περὶ
1123 2999 1217 3053 τοῦ
1246 2999 1482 3070 Κηφέως
1521 2997 1961 3069 ὁμολογουμένως

391 3095 647 3168 ἠγνόηκε,
683 3095 861 3164 φήσας
904 3093 1064 3146 αὐτὸν
1090 3091 1308 3145 δύεσθαι
1340 3090 1481 3145 κατὰ
1521 3089 1710 3161 καιρὸν
1752 3088 1959 3143 τοῦτον.

2044 1972 2211 2026 certis
2233 1969 2453 2024 indiciis
2484 1976 2635 2021 notat
2674 1966 2762 2020 his
2790 1966 3039 2020 versibus
3068 1979 3085 2017 :

2050 2076 2310 2135 Indicium
2339 2084 2516 2134 autem
2550 2078 2648 2131 tibi
2670 2078 2816 2131 illius
2845 2077 3117 2146 temporis.
3150 2085 3198 2129 et
3234 2075 3426 2130 mensis
3466 2071 3616 2128 illius

2049 2151 2296 2217 Scorpius
2324 2151 2563 2213 exoriens
2590 2158 2706 2202 esto
2730 2158 2963 2201 extrema
2987 2146 3081 2200 sub
3112 2157 3283 2200 nocte.

2052 2215 2215 2291 108
2236 2218 2676 2289 Quandoquidem
2705 2233 2953 2287 magnum
2983 2232 3165 2269 arcum
3194 2215 3420 2338 (καί-σιεἱῖ
3462 2228 3620 2283 prope

3301 2303 3396 2338 acu
3422 2301 3539 2338 eum

3301 2301 3539 2339 aculeum

2052 2360 2380 2431 Sagittarius
2416 2375 2435 2414 :
2483 2358 2574 2431 sed
2595 2359 2872 2431 aliquanto
2903 2356 3139 2411 anterior
3168 2286 3547 2431 conii‘sii‘tleigfia

2053 2426 2303 2498 Scorpius
2353 2430 2642 2493 exoriens;
2684 2426 2768 2481 hic
2825 2438 3000 2482 autem
3052 2426 3303 2498 ascendit
3346 2426 3618 2498 confestim

3211 2495 3304 2569 [ad
3310 2496 3537 2550 modum.

2056 2571 2190 2625 Tum
2221 2582 2427 2640 quoque
2450 2578 2607 2637 caput
2632 2568 2922 2639 Cynosura:
2950 2575 3184 2621 extrema
3211 2576 3359 2621 nocte

2056 2641 2279 2695 Excelse
2306 2639 2458 2694 valde
2482 2640 2675 2708 fertur.
2709 2640 2899 2692 occidit
2920 2648 3096 2691 autem
3125 2653 3278 2690 mane

2057 2711 2349 2779 Confertim
2377 2704 2578 2773 Orion;
2612 2708 2843 2778 Cepheus
2868 2725 2983 2762 vero
3019 2725 3051 2761 a
3083 2723 3241 2760 manu
3276 2704 3343 2761 ad
3366 2704 3620 2759 lumbum.

2127 2821 2337 2890 Quibus
2365 2821 2594 2892 prolatis
2622 2820 2857 2883 Attalus,
2884 2821 2959 2874 ita
2982 2819 3228 2876 scribit:
3270 2838 3289 2871 ι
3328 2818 3497 2887 Igitur
3520 2834 3626 2873 cae-

2061 2922 2175 2968 tera
2205 2912 2422 2984 quidem
2454 2921 2625 2983 poetae
2652 2912 2955 2967 tolerabilia
2988 2919 3138 2966 sunt.
3171 2911 3231 2965 ιη
3256 2910 3471 2981 Cepheo
3499 2919 3627 2966 vero

2062 3004 2337 3060 manifesti
2369 3004 2575 3059 erroris
2605 3010 2841 3067 tenetur,
2871 3016 2995 3057 cum
3036 3003 3186 3057 hunc
3219 3002 3295 3057 ait
3321 3002 3467 3057 circa
3493 3002 3627 3056 illud

2062 3107 2279 3168 tempus
2332 3095 2601 3153 occidere.
2656 3097 2771 3151 Non
2814 3098 2959 3153 enim
3014 3112 3273 3153 occasum
3304 3105 3436 3151 tunc
3474 3096 3627 3159 facit,

394 3188 469 3240 Οὐ
499 3185 607 3255 γὰρ
633 3184 801 3249 δύσιν,
849 3183 962 3237 ἀλλ’
996 3185 1060 3236 ὲκ
1091 3182 1197 3236 τῶν
1244 3182 1499 3236 ἐναντίων
1544 3180 1804 3251 ἀνατολὴν
1839 3179 1962 3234 τότε

2065 3187 2162 3244 sed
2191 3187 2373 3258 potius
2406 3194 2658 3242 exortum
2688 3201 2700 3237 :
2735 3194 2899 3256 atque
2922 3186 3023 3241 hoc
3051 3202 3130 3241 ex-
3158 3187 3408 3255 ipsismet
3460 3194 3632 3256 poetae

395 3278 650 3331 ποιεῖται.
696 3276 806 3328 Καὶ
836 3275 993 3329 τοῦτο
1031 3274 1098 3327 δι’
1129 3272 1307 3328 αὐτῶν
1348 3272 1456 3327 τῶν
1502 3272 1820 3345 ποιημάτων
1858 3288 1963 3341 φα-

396 3366 551 3439 νερὸν
594 3365 819 3435 γίνεται.
850 3365 960 3436 Τῆς
992 3364 1091 3435 μὲν
1118 3364 1227 3436 γὰρ
1263 3361 1467 3428 δύσεώς
1489 3379 1651 3435 φησιν
1678 3362 1839 3416 αὐτὸν
1866 3362 1965 3432 ἄρ-

397 3454 606 3526 χεσθαι,
634 3454 755 3508 καθ’
782 3454 841 3507 ὃν
866 3454 1057 3530 καιρὸν
1100 3454 1156 3506 αἱ
1197 3451 1395 3524 Χηλαὶ,
1444 3452 1579 3524 πρὸς
1622 3454 1690 3523 τῇ
1734 3450 1964 3521 ἀνατολῇ

398 3544 577 3610 οὖσαι,
611 3545 892 3617 μέλλουσιν
915 3545 1298 3617 ἀναφέρεσθαι.
1333 3544 1517 3599 Πάντα
1555 3543 1599 3597 δ’
1629 3542 1794 3598 αὑτοῦ
1820 3541 1967 3596 δεδυ-

399 3641 554 3696 κέναι
575 3638 643 3692 τὰ
662 3639 822 3710 μέρη,
845 3638 913 3692 τὰ
929 3637 1200 3709 δυνάμενα
1226 3637 1463 3703 δύεσθαι,
1493 3638 1620 3691 ὅταν
1643 3637 1673 3690 ὁ
1703 3635 1969 3708 Σκορπιος

401 3730 538 3803 πρὸς
580 3732 646 3801 τῇ
682 3728 912 3800 ἀνατολῇ
956 3727 1200 3797 γένηται.
1254 3746 1273 3779 ι
1305 3728 1461 3781 Δοκεῖ
1499 3722 1591 3781 οὖν
1627 3742 1718 3797 μοι
1755 3728 1968 3795 ἀγνοεῖν

400 3822 432 3875 ὁ
460 3820 739 3887 Ἄτταλος,
774 3821 998 3891 φάσκων
1039 3818 1109 3871 τὰ
1143 3817 1242 3889 μὲν
1287 3820 1413 3888 περὶ
1457 3817 1557 3888 τῆς
1596 3817 1838 3888 κεφαλῆς
1869 3815 1969 3886 τῆς

406 3914 606 3983 μικρᾶς
633 3912 868 3982 ’Δρκτου
886 3948 901 3976 ,
926 3911 1019 3964 καλ⁸
1048 3910 1287 3982 περὶτοῦ
1329 3908 1578 3980 Ὠρίωνος
1614 3907 1789 3980 ὀρθῶς
1814 3908 1967 3979 εἰρη-

404 4002 665 4056 κέναιτδν
683 4002 917 4072 ’Ἄρατον
935 4015 947 4029 ⁸
970 4001 1096 4072 περὶ
1122 3999 1178 4053 δὲ
1206 3998 1300 4053 τοῦ
1331 3999 1563 4068 Κηφέως
1597 3997 1971 4071 διημαρτημέ-

375 4112 528 4160 -νως.
555 4094 872 4149 Τούναντίον
916 4092 1024 4164 γὰρ
1051 4093 1179 4165 περὶ
1230 4092 1326 4164 μὲν
1368 4091 1462 4146 τοῦ
1509 4091 1744 4162 Κηφέως
1783 4092 1969 4162 εἴρηκε

408 4184 844 4259 συμφώνωςιτοῖς
878 4185 1239 4256 φαινομένοις·
1269 4183 1397 4254 περὶ
1414 4183 1471 4236 δὲ
1502 4182 1611 4236 τῶν
1634 4180 1829 4248 ἄλλων,
1857 4183 1971 4236 δια-

407 4276 618 4347 φώνως.

382 4434 385 4441 λ
480 4369 595 4436 ις’.
622 4368 820 4423 Τούτου
843 4369 887 4421 δ’
910 4368 989 4422 ἔτι
1015 4369 1276 4440 πρότερον
1295 4367 1677 4440 διαμαρτάνειν
1701 4365 1969 4437 umboni,

408 4459 801 4530 ὑπολαμϐάνων
834 4460 925 4513 τὸν
961 4462 1193 4531 ’Λρατον
1218 4460 1287 4514 τὰ
1315 4460 1580 4532 εἰρημένα
1606 4461 1807 4531 σημεῖα.
1841 4459 1973 4512 ὐπο-

2064 3278 2319 3333 versibus
2373 3285 2619 3348 apparet.
2666 3274 2771 3331 Per
2813 3275 2870 3330 id
2921 3277 3066 3331 enim
3119 3283 3334 3347 tempus
3373 3287 3629 3330 occasum

2066 3368 2244 3439 ipsum
2269 3368 2344 3421 ait
2367 3369 2631 3439 incipere,
2659 3381 2769 3438 quo
2803 3367 2869 3421 ad
2920 3366 3185 3421 orientem
3224 3368 3415 3436 positae
3454 3364 3634 3421 Cbelae

2061 3460 2289 3532 jamjam
2324 3475 2620 3517 emersura:
2660 3467 2809 3515 sunt.
2836 3458 3104 3513 Omnibus
3157 3472 3286 3513 vero
3337 3457 3451 3513 suis
3485 3456 3635 3511 ccci-

2066 3552 2216 3608 disse
2269 3552 2554 3623 partibus,
2615 3564 2739 3622 quae
2790 3550 3010 3621 quidem
3074 3549 3325 3605 occidere
3371 3558 3634 3619 possunt,

2068 3638 2289 3709 quando
2319 3637 2583 3710 Scorpius
2615 3640 2671 3693 in
2698 3639 2908 3695 Oriente
2941 3638 3082 3694 situs
3103 3647 3205 3693 est.
3242 3658 3262 3691 ι
3297 3637 3479 3709 Longe
3506 3655 3637 3710 ergo

2071 3730 2245 3787 falsus
2274 3730 2533 3801 opinione
2578 3731 2710 3784 mihi
2739 3730 2954 3785 videtur
2994 3729 3209 3785 Attalus
3249 3745 3525 3795 asserens,
3570 3731 3639 3785 de

2069 3823 2248 3892 capite
2288 3823 2515 3878 minoris
2548 3822 2722 3886 Ursae,
2754 3821 2931 3892 deque
2973 3819 3197 3886 Orione,
3236 3836 3346 3876 non
3381 3823 3523 3878 male
3573 3824 3641 3878 ab

2069 3912 2238 3988 Arato
2280 3913 2692 3984 pronuntiatum
2743 3928 2913 3968 esse:
2957 3913 3026 3968 de
3062 3912 3279 3983 Cepheo
3334 3926 3465 3969 vero
3514 3929 3639 3985 per-

2070 4022 2277 4079 peram.
2307 4007 2443 4062 Nam
2466 4024 2497 4063 e
2519 4008 2802 4077 contrario
2831 4007 2900 4063 de
2918 4005 3137 4078 Cepheo
3171 4007 3264 4062 ille
3293 4007 3517 4077 quidem
3545 4022 3643 4077 ap-

2070 4098 2385 4168 parentium
2439 4096 2565 4154 ﬁdei
2602 4106 2972 4179 consentanee
3026 4096 3247 4166 scripsit
3292 4096 3387 4151 :in
3432 4097 3643 4151 caeteris

2072 4188 2345 4244 abhorret.

2141 4357 2284 4423 XVI.
2316 4364 2517 4423 Verum
2550 4382 2661 4438 prae
2692 4367 2780 4424 his
2805 4367 3062 4424 omnibus
3082 4367 3642 4437 peccareinsuperin

2072 4473 2140 4515 eo
2167 4458 2404 4526 videtur,
2420 4458 2567 4531 quod
2594 4459 2820 4514 Aratum
2839 4465 3062 4514 censeat
3083 4457 3239 4528 signa
3260 4457 3349 4513 illa
3366 4471 3486 4528 quae
3498 4458 3643 4512 dicta
3756 4514 3763 4521 ,

408 4552 636 4621 γράφειν
668 4553 799 4621 ἡμῖν
848 4552 945 4621 τῆς
991 4551 1084 4605 τοῦ
1116 4551 1344 4618 Τοξότου
1390 4552 1676 4619 ἀνατολῆς.
1707 4551 1825 4604 Ὅτι
1874 4549 1962 4621 μὲν

2077 4559 2226 4617 sunt,
2279 4549 2562 4620 Sagittarii
2585 4555 2741 4603 ortus
2782 4547 3053 4602 attulisse.
3086 4544 3242 4612 Quod
3275 4546 3423 4600 enim
3465 4559 3529 4600 ea
3571 4547 3646 4599 sit

408 4641 517 4710 γὰρ
554 4640 711 4694 τοῦτο
757 4641 1053 4712 ἐκδέχεται,
1104 4643 1332 4714 φανερὸν
1388 4644 1484 4713 μὲν
1537 4639 1607 4714 ἦν
1644 4642 1739 4696 καὶ
1761 4643 1826 4694 ὲκ
1864 4640 1972 4694 τῶν

408 4734 913 4805 προγεγραμμένων
967 4733 1132 4788 αὐτοῦ
1182 4735 1413 4801 λέξεων·
1464 4735 1632 4806 χωρὶς
1680 4734 1738 4788 δὲ
1773 4732 1973 4787 τούτων

408 4820 502 4875 καὶ
540 4819 719 4892 ῥητῶς
749 4822 808 4874 ἐν
838 4824 950 4885 τοῖς
993 4821 1120 4894 ἑξῆς
1146 4840 1308 4895 φησιν
1352 4822 1557 4886 οὓτωςτ
1596 4842 1616 4875 ‹
1657 4821 1975 4893 Ὀμολογου-

378 4975 386 4981 _
411 4910 589 4981 μένως
613 4910 678 4982 δὴ
705 4910 845 4964 κατὰ
866 4909 1051 4964 τοῦτον
1079 4912 1166 4965 τὸν
1206 4912 1396 4984 καιρὸν
1433 4913 1650 4966 πάντων
1676 4910 1840 4966 αὑτοῦ
1865 4911 1975 4965 τῶν

407 5000 564 5064 ἐκτὸς
588 4998 682 5054 τοῦ
714 5001 974 5071 ἁρκτικοῦ
1005 4998 1203 5055 κύκλου
1241 5003 1506 5073 κειμένων
1538 5002 1718 5077 μερῶν
1768 5002 1977 5057 δεδυκό-

404 5105 534 5151 των,
570 5090 669 5162 ἠδη
701 5091 798 5161 μὲν
823 5106 952 5160 φανε
963 5090 1053 5160 ρόν
1086 5092 1255 5155 ἐστιν,
1285 5094 1386 5157 ὅτι,
1425 5091 1520 5146 τοῦ
1558 5093 1787 5159 Τοξότου
1837 5093 1975 5165 πρὸς

403 5183 470 5250 τῇ
492 5180 732 5251 ’ἀνατολῇ
764 5179 934 5245 ὄντος,
956 5181 1016 5233 οὐ
1044 5184 1275 5235 ποιεῖται
1306 5181 1404 5253 τὴν
1431 5183 1605 5254 ἀρχὴν
1627 5184 1726 5255 τῆς
1748 5183 1970 5246 δύσεωςο

403 5271 545 5343 πλὴν
573 5273 662 5327 ἵνα
692 5275 1018 5353 σαφέστερον
1043 5274 1286 5344 γένηται,
1313 5274 1445 5328 διότι
1476 5274 1617 5328 κατὰ
1640 5275 1736 5347 τὴν
1764 5276 1858 5329 τοῦ
1883 5276 1976 5329 Tt.-

404 5365 558 5430 ξότου
592 5366 856 5436 ἀνατολὴν
902 5366 962 5418 οὐ
992 5364 1162 5429 δύσιν,
1196 5365 1310 5419 ἀλλ’
1341 5366 1601 5437 ἀνατολὴν
1645 5366 1808 5420 αὑτοῦ
1836 5383 1975 5437 συμ-

406 5456 577 5510 ϐαίνει
636 5456 901 5527 γίνεσθαι,
950 5458 1201 5528 λάὸωμεν
1240 5458 1300 5510 τὸ
1347 5458 1635 5527 λεγόμενον
1687 5458 1778 5510 ὑπ’
1808 5457 1973 5511 αὑτοῦ

479 5607 688 5684 (59-60)
714 5607 882 5684 Σῆμα
895 5608 962 5663 δέ
977 5627 1065 5684 τοι
1090 5611 1312 5684 κείνης.
1328 5609 1519 5666 Ortum
1548 5611 1681 5667 solis
1705 5612 1763 5684 in
1788 5610 1973 5684 Sagit-

405 5681 549 5734 tario
578 5680 735 5750 positi
760 5681 882 5754 haee
906 5682 1422 5754 verbaLrespiciunt,
1450 5684 1682 5754 quando
1700 5680 1964 5754 Scorpius

406 5758 534 5820 ante
579 5740 996 5820 lucem_ot‘itur.
1062 5740 1313 5807 Ridicule
1364 5740 1594 5820 proinde
1650 5740 1967 5811 Solinitinus

406 5816 744 5874 Exercitator
758 5818 823 5874 de
850 5835 1051 5875 occasu
1079 5823 1210 5876 solis
1227 5816 1482 5890 explicat,
1504 5832 1791 5894 propterea
1819 5827 1967 5895 quod

723 5913 990 5976 ΡΑτιιοι..
1020 5915 1136 5977 Gn,
1173 5914 1351 5978 XIX.

2079 4644 2228 4700 illius
2265 4641 2557 4706 sententia,
2593 4655 2716 4695 cum
2747 4637 3290 4694 ex-antecedentibus
3321 4637 3441 4707 ejus
3461 4637 3645 4693 verbis

2078 4736 2213 4791 satis
2241 4741 2466 4805 apparet
2497 4738 2653 4786 :tum
2708 4745 2829 4787 eam
2870 4730 3074 4786 diserte
3124 4737 3313 4801 postea
3344 4728 3641 4801 signiﬁcat.
3674 4736 3681 4743 ‘

2083 4844 2101 4876 ‹
2130 4823 2266 4880 Cum
2293 4823 2481 4895 Igitur,
2508 4824 2607 4885 ait,
2637 4820 2774 4875 citra
2812 4820 3209 4877 dubitationem
3244 4820 3408 4875 ullam
3458 4835 3555 4889 per
3589 4820 3645 4874 id

2078 4924 2296 4986 tempus
2326 4921 2509 4985 partes
2543 4913 2692 4968 illius
2718 4927 2928 4975 omnes,
2961 4926 3081 4981 qua:
3114 4921 3244 4966 sunt
3274 4912 3428 4966 extra
3472 4911 3647 4965 circu-

2079 5007 2191 5060 lum
2220 4990 2507 5068 arcticum,
2535 5017 2793 5059 occasum
2836 5002 3099 5066 fecerint,
3134 5002 3357 5058 evidens
3414 5009 3500 5057 est
3538 5017 3647 5056 nou

2078 5107 2211 5153 tunc
2251 5098 2466 5153 initium
2523 5096 2812 5152 occidendi
2870 5096 3068 5161 facere,
3133 5112 3259 5151 cum
3322 5096 3647 5167 Sagittarius

2077 5191 2344 5245 orientem
2371 5198 2536 5245 tenet.-
2571 5186 2770 5243 Verum
2793 5196 2853 5243 ut
2903 5203 2970 5243 eo
3009 5187 3356 5244 manifestius
3409 5193 3646 5250 constet,
3700 5216 3707 5221 -

2077 5295 2174 5352 per
2198 5289 2379 5335 ortum
2412 5277 2694 5349 Sagittarii
2724 5294 2834 5334 non
2862 5280 3011 5335 illius
3026 5288 3300 5342 exortum,
3332 5278 3427 5352 sed
3481 5293 3644 5333 Occa-

2080 5350 2200 5425 sum
2232 5368 2495 5433 incidere,
2523 5384 2804 5425 sumamus
2820 5369 2899 5436 id,
2930 5369 3075 5438 quod
3098 5370 3246 5425 circa
3264 5350 3405 5424 idem
3433 5377 3649 5438 tempus

2077 5462 2298 5517 evenire
2350 5459 2443 5516 ille
2477 5461 2693 5517 scribit.
2727 5480 2745 5513 ι
2773 5460 2899 5516 Hac
2946 5462 3035 5516 ille
3084 5480 3100 5517 :
3134 5475 3256 5530 quae
3288 5460 3355 5513 ab
3374 5473 3438 5514 co
3466 5459 3652 5515 falsis-

2076 5616 2270 5690 ἀκρόθι
2300 5618 2495 5690 νυκτός
2522 5618 2601 5673 de
2633 5618 2854 5690 ineunte
2879 5625 3043 5674 nocte
3070 5616 3321 5690 dicatur;
3356 5632 3465 5690 quo
3515 5616 3651 5690 nihil

2077 5683 2326 5759 ineptius;
2362 5687 2471 5743 dic‘i
2518 5688 2714 5759 potuit.
2746 5684 2893 5759 Huic
2949 5701 3081 5759 ergo
3122 5683 3404 5745 silentium
3448 5687 3652 5743 indicet

2075 5755 2441 5827 Hipparchus,
2467 5755 2560 5828 qui
2596 5755 2789 5829 dicpéﬂt
2840 5755 3040 5821 νυκτός
3063 5759 3134 5812 de
3174 5767 3417 5815 extrema
3466 5766 3648 5821 nocte.

2077 5829 2155 5881 uti
2181 5841 2406 5884 necesse
2424 5839 2539 5884 erat
2561 5867 2578 5895 ,
2608 5829 2998 5900 interpretatus
3018 5837 3117 5885 est.

3295 5919 3372 5979 33
