4132 6440
517 432 538 485 1
549 431 654 485 035

515 552 650 605 sime
681 555 812 604 sunt
841 551 1086 614 accepta.
1131 539 1300 608 Quod,
1321 547 1500 591 autem
1534 536 1692 604 signa
1727 532 1818 585 illa
1867 543 1978 582 non
2011 525 2078 581 ad
2109 531 2152 588 Α
2183 521 2312 594 accpi.
2343 519 2432 574 τὸν
2481 535 2516 570 κ

2179 586 2391 682 ψευδές.
2439 610 2560 661 Ὅτι
2581 586 2642 659 δὲ
2670 605 2902 674 ’Ἄρατος
2929 599 2996 652 τὰ
3021 594 3286 668 εἰρημένα
3313 593 3514 661 σημεῖα
3541 588 3602 640 οὐ
3627 586 3766 658 πρὸς

2181 703 2276 774 τὴν
2308 700 2403 754 τοῦ
2445 697 2674 762 Τοξότου
2708 690 2972 762 ἀνατολὴν
3009 688 3243 756 τίθησιν,
3277 682 3410 736 ἀλλὰ
3447 679 3565 733 κατ’
3593 677 3764 745 αὐτὴν

2179 795 2278 866 τὴν
2309 791 2398 846 τοῦ
2442 791 2712 861 Σκορπίου
2755 783 3040 853 ἀνατολὴν,
3083 777 3314 848 φανερὸν
3344 774 3490 826 ποιεῖ
3534 769 3695 832 αὑτὸς
3735 768 3767 820 6

513 650 766 699 exortum
810 637 1091 710 Sagittarii
1151 633 1558 689 accommodata
1611 627 1722 684 sint
1765 625 1836 680 ab
1873 624 2077 682 Arato,

516 735 612 791 sed
644 733 708 788 ad
733 741 914 787 ortum
980 729 1194 797 Scorpii
1229 727 1456 796 ipsemet
1505 729 1664 792 poeta
1717 717 2079 772 demonstrat.

517 825 970 894 Quandoquidem
993 821 1138 876 enim
1171 819 1283 874 sole
1305 819 1358 870 in
1389 813 1687 885 Sagittario
1734 810 1936 879 posito,
1995 807 2086 861 hic

516 924 634 992 ipse
657 919 828 973 videri
872 913 1196 985 Sagittarius
1241 925 1350 964 non
1385 915 1625 978 poterat;
1661 911 1714 958 et
1753 901 1916 970 hujus
1950 909 2086 954 tem-

517 989 669 1084 poris
693 1010 968 1079 explicare
999 1007 1152 1074 signa
1201 1001 1456 1072 cupiebat
1493 1016 1506 1050 :
1539 1011 1662 1068 quae
1692 995 1880 1064 utique
1909 989 2086 1046 sensi-

519 1083 622 1160 bus
649 1101 855 1173 percipi
892 1099 1112 1162 debent,
1145 1104 1207 1148 ut
1231 1095 1388 1163 signa
1413 1092 1522 1146 sint
1551 1103 1564 1139 :
1603 1093 1726 1140 ante
1755 1083 1888 1138 solis
1925 1095 2086 1136 exor—

516 1205 655 1260 tum,
682 1203 954 1249 nocturno
995 1190 1172 1243 adhuc
1203 1195 1466 1256 tempore,
1497 1197 1621 1236 cum
1677 1189 1822 1233 astra
1853 1189 2088 1231 cernun-

518 1298 643 1355 tur;
687 1289 924 1356 signum,
971 1281 1169 1351 inquit,
1222 1287 1342 1333 esto
1401 1273 1661 1343 Scorpius
1699 1268 1956 1324 exoriens
1987 1264 2088 1318 sub

519 1379 699 1435 noctis
748 1378 978 1432 exitum.
1025 1373 1210 1442 Itaque
1257 1375 1686 1424 consentaneum
1741 1369 1826 1416 est
1881 1357 2088 1426 reliqua

519 1473 684 1527 etiam
715 1469 919 1524 indicia
950 1467 1185 1522 durante
1211 1463 1389 1518 adhuc
1415 1468 1575 1514 nocte
1608 1455 1764 1510 nobis
1784 1453 1936 1507 illum
1959 1463 2088 1520 pro-

519 1581 745 1636 ponere,
773 1564 820 1619 si
852 1560 1070 1633 quidem
1091 1557 1295 1613 indicia
1336 1555 1466 1609 sint.
1513 1549 1668 1618 Quod
1725 1563 1794 1602 ex
1835 1559 1902 1600 eo
1947 1557 2087 1615 prat-

521 1635 668 1713 terea
703 1656 830 1710 licet
876 1664 1226 1724 cognoscere.
1283 1645 1416 1700 Nam
1471 1643 1672 1697 Aratus
1721 1638 1790 1694 de
1823 1635 1966 1693 Ursa
2009 1635 2091 1691 sic

523 1750 764 1822 loquitur
781 1767 796 1803 ι

679 1931 825 1986 Tunc
855 1939 904 1984 et
929 1936 1086 2000 caput
1117 1926 1405 1998 Cynosura:
1426 1930 1662 1977 extrema
1693 1924 1874 1979 nocte,

523 2057 585 2101 ut
610 2045 684 2100 ad
707 2051 1009 2100 extremam
1047 2047 1262 2094 noctem
1289 2037 1394 2090 ista
1422 2032 1754 2104 pertineant.
1789 2024 1866 2079 De
1889 2023 2092 2078 Orione

521 2151 656 2193 νει-ο
676 2155 690 2189 ε

669 2295 684 2306 .
721 2289 736 2304 .
771 2287 785 2304 .
819 2288 832 2302 .
867 2290 881 2302 .
913 2248 998 2300 hic
1021 2252 1198 2298 autem
1224 2239 1414 2296 occidit
1443 2237 1700 2292 diluculo.

593 2362 754 2432 Quod
775 2370 858 2418 est
881 2369 1010 2416 ante
1029 2371 1310 2420 auroram,
1359 2367 1469 2408 non
1509 2350 1700 2419 utique
1751 2327 1878 2401 ante
1923 2343 2093 2399 solem

521 2459 635 2527 jam
657 2454 950 2516 orientem,
979 2459 1032 2506 et
1073 2457 1298 2506 exortus
1327 2445 1502 2500 initio.
1536 2441 1640 2496 Sed
1685 2439 1867 2493 Attalo
1917 2434 2098 2490 fraudi

525 2550 581 2606 id
611 2549 738 2612 fuit,
769 2545 914 2618 quod
959 2559 1083 2598 cum
1115 2541 1299 2598 verbis
1341 2537 1450 2593 illis
1485 2535 1552 2590 de
1577 2531 1871 2605 Sagittario
1900 2528 2096 2592 dictis,

634 2703 648 2717 .
688 2703 702 2717 .
740 2701 756 2714 .
791 2697 806 2713 .
843 2701 857 2713 .
895 2659 978 2711 hic
999 2672 1114 2711 vero
1145 2651 1442 2709 conscendit
1469 2648 1689 2706 subinde
1719 2647 1886 2718 magis
1913 2661 1934 2710 ;

530 2803 635 2859 ista
668 2797 964 2869 copulavit,
993 2805 1138 2856 tunc,
1167 2799 1222 2847 et
1246 2799 1400 2858 caput
1423 2787 1733 2858 Cynosuraz,
1766 2791 1821 2840 et
1842 2782 2102 2849 deinceps

531 2891 766 2960 reliqua.
799 2887 876 2941 Ac
908 2883 1124 2939 tametsi
1157 2883 1256 2936 hoc
1293 2879 1370 2933 illi
1413 2890 1738 2932 concessum
1795 2872 1993 2938 fuerit;
2033 2886 2103 2925 ne

534 2984 616 3039 sic
639 2979 854 3051 quidem
909 2974 1266 3030 tolerabiliter
1296 2972 1366 3026 ab
1413 2971 1581 3024 Arato
1627 2967 1831 3021 dictum
1881 2971 1988 3026 est,
2043 2969 2106 3016 ut

533 3081 693 3146 putat
720 3070 976 3126 Attalus:
1008 3068 1112 3122 hoc
1147 3065 1377 3130 oriente,
1429 3061 1580 3116 ualde
1633 3058 1854 3114 sublime
1888 3071 2098 3110 currere

531 3165 762 3222 minoris
793 3161 946 3218 Ursa:
973 3168 1155 3230 caput.
1183 3157 1320 3212 Nam
1371 3171 1495 3211 cum
1521 3153 1809 3208 admodum
1869 3149 1972 3203 hoc
2003 3163 2103 3202 su-

534 3258 702 3312 blime
735 3255 908 3312 fertur
949 3261 1003 3308 et
1042 3253 1329 3314 culminat,
1370 3255 1582 3303 tantum
1604 3246 1758 3301 abest
1785 3253 1844 3297 ut
1871 3241 2100 3313 Sagitta-
2128 3239 2168 3294 C

533 3353 651 3406 rius
679 3349 925 3411 oriatur,
953 3355 1012 3400 ut
1043 3345 1098 3400 id
1129 3344 1406 3414 Aquarius
1443 3341 1630 3396 faciat.
1661 3336 1878 3392 Etenim
1927 3337 2102 3390 mino-

531 3443 612 3498 ris
637 3439 793 3496 Ursae
824 3445 1012 3508 caput,
1051 3433 1352 3491 secundum
1383 3431 1704 3502 parallelum
1735 3425 2106 3498 :equinoctiali

536 3533 826 3596 circulum,
853 3527 1428 3598 Scorpiipostremam
1481 3531 1696 3593 partem
1724 3521 1952 3574 obtinet.
1997 3517 2108 3571 llae

537 3639 668 3680 vero
697 3622 1057 3685 culminante,
1091 3619 1146 3672 in
1175 3616 1401 3672 zodiaco
1446 3615 1712 3669 culminat
1765 3611 1927 3666 tertia
1979 3623 2110 3679 pars

541 3714 845 3785 Sagittarii.
879 3711 998 3780 Qua
1039 3725 1236 3766 rursus
1267 3708 1625 3770 culminante,
1653 3707 1709 3759 in
1735 3703 1962 3759 Graecia:
1995 3713 2111 3756 tra-

545 3813 664 3868 ctu,
709 3811 763 3858 et
804 3803 1120 3870 ubicunque
1173 3798 1496 3868 longissima
1549 3795 1668 3850 dies
1722 3801 1808 3850 est
1853 3793 2112 3846 horarum

540 3894 1008 3966 mquinoctialium
1035 3891 1101 3945 H
1127 3891 1248 3964 1/2,
1268 3890 1448 3944 oritur
1471 3885 1692 3957 Aquarii
1719 3899 1846 3955 pars
1875 3881 1960 3938 l7.
1985 3881 2116 3938 Cul-

541 3987 784 4042 minante
802 4000 934 4056 ergo
961 3983 1188 4039 minoris
1211 3981 1366 4037 Ursae
1395 3979 1574 4050 capite
1601 3999 1614 4033 :
1638 3977 1784 4049 quod
1813 3977 1916 4032 ista
1945 3975 2116 4046 signi-

544 4079 739 4132 ﬁcant:
762 4076 988 4131 sublime
1019 4074 1169 4130 valde
1193 4074 1396 4134 currit;
1429 4059 1564 4125 tunc
1594 4084 1934 4140 nequaquam
1959 4065 2119 4122 Scor-

545 4171 670 4240 pius
701 4171 836 4225 oriri
867 4169 1059 4239 incipit
1086 4188 1100 4223 ι
1127 4166 1222 4224 sed
1261 4166 1487 4237 Aquarii
1535 4165 1774 4234 amplius
1829 4173 1985 4233 parte
2031 4160 2118 4215 di-

546 4262 714 4316 midia
741 4269 826 4317 est
853 4271 1128 4325 exortum,
1175 4275 1286 4314 una
1317 4274 1444 4314 cum
1487 4258 1700 4326 integro
1749 4256 1998 4326 Scorpio.
2039 4253 2118 4307 Ex

545 4354 632 4408 his
660 4359 886 4423 apparet
915 4367 1024 4407 non
1059 4351 1192 4408 illud
1216 4352 1366 4405 Arati
1395 4349 1682 4405 tolerabile
1705 4363 1850 4411 esse,
1887 4355 1942 4401 ut
1967 4348 2122 4399 Atta-

545 4448 632 4502 lus
669 4446 990 4504 existimat;
1038 4446 1132 4502 sed
1165 4445 1342 4500 tribus
1374 4445 1608 4514 amplius
1647 4443 1820 4513 signis
1854 4441 1925 4496 ab
1953 4453 2118 4510 appa-

545 4540 782 4594 rentium
811 4537 917 4594 ﬁde
947 4538 1237 4594 dissidere.
1274 4535 1409 4592 Nam
1444 4537 1596 4609 quod
1641 4549 1988 4606 nequaquam
2041 4542 2124 4588 to-

1532 413 1623 468 AD
1664 409 1930 464 EUSEBH
1972 398 2364 461 CIIRONICON
2405 393 2767 452 APPENDIX.

3617 377 3758 434 1036

2519 515 2672 588 αιρὸν
2705 511 2914 566 τοῦτον.
2958 527 2976 560 t
3021 509 3082 560 '0
3125 504 3180 558 δὲ
3227 500 3586 570 ἀπεκδέχεται
3616 496 3765 549 ἆπαν

2184 886 2433 956 ποιητής.
2481 882 2632 934 Ἐπεὶ
2680 877 2808 950 γὰρ,
2839 875 2932 928 τοῦ
2967 873 3117 943 ἡλίου
3150 869 3301 930 ὄντος
3329 867 3384 918 ἐν
3423 861 3503 932 τῷ
3537 859 3762 930 Τοξότῃ,

2182 977 2242 1028 οὐ
2273 973 2492 1027 δυνατὸν
2519 967 2587 1042 ἦν
2632 965 2953 1040 Θεωρεῖσοαι
2983 961 3072 1014 τὸν
3107 957 3368 1024 Τοξότηψ
3412 951 3506 1005 τοῦ
3541 949 3598 1003 δὲ
3643 964 3767 1000 και-

2188 1069 2280 1141 ροῦ
2312 1067 2518 1121 ἐκείνου
2547 1065 2752 1134 σημεῖα
2777 1061 2906 1130 ἡμῖν
2937 1053 3233 1108 immatur
3257 1048 3294 1102 ὃ.
3321 1048 3398 1100 δεῖ
3425 1045 3640 1104 πάντως
3681 1042 3766 1093 αἰ-

2188 1158 2360 1230 σθητὰ
2391 1153 2548 1220 εἶναι,
2575 1155 2621 1206 εἰ
2645 1151 2824 1224 μέλλοι
2860 1149 3058 1219 σημεῖα
3089 1141 3303 1196 ἔσεσθαι
3323 1155 3336 1168 °
3377 1135 3483 1208 πρὸ
3515 1135 3614 1205 τῆς
3639 1133 3772 1186 ἀνα-

2185 1251 2344 1321 τολῆς
2373 1245 2464 1301 οὖν
2484 1245 2578 1300 τοῦ
2609 1244 2780 1314 ἡλίου,
2813 1240 2892 1292 ἑτι
2918 1238 3018 1306 τῆς
3051 1234 3242 1296 νυκτὸς
3271 1227 3644 1298 ἐνεστηκυίας,
3675 1223 3772 1278 καὶ

2191 1342 2534 1414 βλεπομένων
2561 1339 2668 1392 τῶν
2703 1337 2937 1406 ἄστρων,
2959 1331 3202 1400 σημεῖον,
3233 1325 3416 1396 φησὶν,
3444 1322 3582 1375 ῑἔστω
3611 1321 3774 1390 Σκορ-

2191 1436 2312 1498 πίος
2361 1429 2667 1486 ἀνατέλλων
2698 1424 2970 1496 ληγούσης
3015 1421 3116 1490 τῆς
3153 1417 3378 1478 νυκτός·
3423 1411 3643 1480 εὗλογον
3679 1409 3774 1463 καὶ

2189 1525 2258 1580 τὰ
2282 1521 2446 1578 λοιπὰ
2476 1521 2675 1589 σημεῖα
2704 1517 2780 1569 έτι
2819 1512 3008 1574 νυκτὸς
3039 1507 3206 1578 οὔσης
3235 1503 3578 1575 ὑπογράφειν
3610 1499 3772 1552 αὐτὸν

2191 1621 2343 1691 ἡμῖν,
2393 1617 2442 1668 εἱ
2477 1612 2657 1684 μέλλοι
2699 1610 2898 1679 σημεῖα
2951 1600 3112 1656 εἶναι.
3163 1599 3331 1670 Δῆλον
3375 1597 3433 1650 δὲ
3483 1593 3640 1647 τοῦτο
3681 1591 3774 1645 καὶ

2287 1681 2378 1762 τοῦ
2416 1681 2578 1760 αυτὸν
2614 1703 2704 1756 τὸν
2738 1693 2969 1771 ’Ᾱρατον
3014 1695 3105 1749 ἐπὶ
3138 1694 3238 1766 μὲν
3273 1691 3372 1761 τῆς
3405 1691 3644 1758 Ἄρκτου
3685 1681 3780 1738 λέὲ

2195 1819 2312 1870 γειν
2331 1816 2346 1830 ⁸

2120 1893 2163 1948 Β
2197 1913 2390 1984 Τῆμος
2421 1911 2520 1966 καὶ
2549 1905 2782 1979 κεφαλή
2809 1899 3260 1968 Κυνοσουρίδος
3292 1894 3500 1964 ἀκρόθι
3533 1888 3774 1956 νυκτόςθ

2191 2027 2268 2090 ὡς
2282 2025 2346 2079 ἂν
2372 2023 2499 2096 περὶ
2519 2021 2588 2074 τὰ
2605 2020 2814 2090 ἔσχατα
2829 2017 2926 2088 τῆς
2945 2013 3137 2073 νυκτός
3157 2027 3172 2040 ·
3191 2008 3282 2062 ἐπὶ
3303 2007 3360 2060 δὲ
3379 2003 3474 2058 τοῦ
3503 2003 3778 2076 Ὠρίωνος·

2715 2175 2748 2225 o’
2777 2169 2845 2222 δὲ
2873 2167 3074 2222 δύεται
3105 2161 3249 2230 ἠῶθι
3277 2162 3411 2229 πρό.

2263 2274 2440 2343 Ὅπερ
2471 2268 2588 2323 ἐστὶ
2623 2265 2730 2338 πρὸ
2756 2264 2855 2332 τῆς
2893 2261 3046 2332 ἠοῦς,
3075 2261 3170 2312 καὶ
3195 2257 3254 2310 οὐ
3291 2254 3366 2326 μὲι
3405 2253 3503 2306 Δία
3551 2249 3656 2321 πρδ
3687 2247 3781 2302 τοῦ

2197 2364 2346 2436 ἡλίου
2377 2340 2476 2434 ἠδη
2528 2357 2906 2418 ἀνατέλλοντος
2953 2353 3010 2406 ὲν
3040 2353 3106 2421 τῇ
3141 2349 3284 2420 ἀρχῇ
3329 2344 3540 2399 τούτου.
3585 2340 3786 2396 Ἐπλα-

2199 2433 2336 2526 νήθη
2369 2453 2426 2506 δὲ
2462 2455 2490 2506 ὁ
2521 2449 2781 2512 ’Ἄτταλος
2815 2447 2906 2499 διὰ
2953 2445 3014 2498 to
3046 2442 3124 2512 τῷ
3171 2439 3268 2493 ἐπὶ
3313 2437 3406 2492 τοῦ
3439 2435 3670 2502 Τοξότου
3707 2433 3786 2486 εἰ-

2203 2563 2272 2618 ρη
2283 2545 2448 2614 μένῳ,

2561 2656 2592 2706 ό
2620 2651 2672 2704 δ’
2703 2648 3014 2718 ἀνέρχεται
3047 2643 3263 2698 αὐτίκα
3298 2637 3571 2708 μᾶλλον·

2206 2793 2498 2846 συνάπτειν
2573 2787 2635 2840 τὸ
2704 2783 2919 2854 τῆμος,
2979 2780 3074 2834 καὶ
3131 2774 3367 2845 κεφαλὴ
3421 2769 3790 2836 Κυνοσουρί-

2203 2885 2328 2952 δος,
2380 2883 2474 2936 καὶ
2505 2881 2572 2934 τὰ
2617 2878 2762 2948 ἑξῆς.
2794 2877 2941 2946 Πλὴν
2979 2873 3033 2926 εἴ
3059 2889 3140 2936 τις
3187 2870 3281 2923 καὶ
3311 2866 3469 2921 τοῦτο
3499 2863 3790 2934 συγχωρή-

2207 2994 2350 3031 σειεν
2393 2973 2561 3044 αὐτῷ,
2604 2971 2712 3025 οὐδ’
2747 2969 2920 3030 οὕτως
2953 2965 3176 3018 δύναται
3215 2965 3244 3016 6
3273 2961 3508 3032 Ἄρατος
3555 2955 3790 3028 μετρίως

2205 3071 2412 3138 λέγειν,
2441 3065 2516 3129 ὥς
2567 3080 2730 3135 φησιν
2775 3063 2804 3114 ὁ
2849 3057 3128 3122 Ἄτταλος,
3177 3055 3368 3110 τούτου
3411 3052 3790 3114 ἀνατέλλοντος

2207 3163 2318 3230 ὕψι
2377 3157 2545 3229 μάλα
2613 3153 2888 3225 τροχάειν
2957 3151 3056 3221 τὴν
3119 3148 3362 3218 κεφαλὴν
3425 3147 3527 3216 τῆς
3590 3143 3794 3215 μικρᾶς

2207 3253 2466 3322 Ἄρκτου.
2499 3249 2713 3319 Ταύτης
2746 3245 2854 3316 γὰρ
2883 3243 2978 3314 ὕψι
3033 3241 3178 3313 μάλα
3207 3239 3515 3311 φερομένης
3557 3236 3651 3290 καὶ
3697 3251 3795 3306 με-

2215 3343 2603 3416 σουρανούσης,
2647 3341 2746 3409 οὐχ
2774 3339 2855 3392 ὅτι
2881 3336 3115 3405 Τοξότης
3149 3331 3446 3392 ἀνατέλλει,
3481 3326 3798 3400 ἀλλ”Υδρο-

2211 3438 2355 3508 χόος.
2405 3435 2470 3487 Ἡ
2509 3434 2608 3504 μὲν
2637 3431 2744 3502 γὰρ
2793 3427 3002 3498 κεφαλὴ
3025 3427 3126 3496 τῆς
3166 3426 3366 3496 μικρᾶς
3403 3423 3642 3492 Ἄρκτου
3693 3422 3794 3473 έπ-

2214 3528 2325 3598 έχει
2355 3525 2498 3580 κατὰ
2530 3525 2621 3576 τὸν
2663 3519 3006 3594 παράλληλον
3029 3517 3106 3587 τῷ
3147 3512 3446 3586 ἰσημερινῷ
3486 3511 3672 3581 κύκλῳ
3695 3509 3796 3578 τὴν

2217 3617 2474 3689 τελευτὴν
2495 3615 2586 3669 τοῦ
2623 3613 2892 3686 Σκορπίου
2931 3609 3066 3682 (61).
3097 3607 3312 3677 Ταύτης
3343 3606 3400 3658 δὲ
3433 3601 3798 3676 μεσουρανοῦ-

2217 3727 2318 3780 σης
2347 3710 2404 3760 ὲν
2425 3705 2503 3776 τῷ
2521 3701 2788 3773 ζωδιακῷ,
2813 3702 3136 3772 μεσουρανεῖ
3155 3700 3190 3768 ἡ
3205 3698 3362 3768 τρίτη
3395 3698 3557 3766 μοῖρα
3575 3692 3670 3746 τοῦ
3697 3691 3798 3745 Το-

2217 3801 2368 3868 ξότου
2388 3816 2401 3830 ·
2429 3795 2498 3870 ἧς
2536 3795 2974 3867 μεσουρανούσης
3017 3795 3075 3846 ὲν
3104 3795 3216 3855 τοῖς
3261 3789 3389 3862 περὶ
3439 3787 3536 3859 τὴν
3573 3785 3802 3842 Ἐλλάδα

2215 3893 2423 3954 τόποις,
2458 3891 2552 3942 καὶ
2595 3889 2728 3942 ὃπου
2751 3886 2958 3956 ἐστὶνὴ
2995 3883 3220 3955 μεγίστη
3257 3881 3439 3954 ἡμέρα
3491 3877 3650 3951 ὡρῶν
3681 3881 3802 3948 ίση-

2221 3982 2457 4056 μερινῶν
2511 3978 2570 4034 ιδ’
2596 3981 2674 4044 ⁷³,
2731 3977 3010 4032 ἀνατέλλει
3054 3974 3148 4028 τοῦ
3208 3974 3493 4044 ’Υδροχόου
3545 3974 3654 4042 μοῖ.
3708 3970 3798 4034 ιζ’.

2221 4076 2390 4129 Ὅταν
2410 4075 2516 4145 ἄρα
2549 4075 2584 4144 ἡ
2607 4069 2818 4142 κεφαλὴ
2837 4071 2936 4140 τῆς
2964 4069 3164 4139 μικρᾶς
3195 4067 3432 4136 ’Ἄρκτου
3467 4063 3798 4134 μεσουρανῇ.

2219 4167 2356 4238 ὅπερ
2421 4165 2540 4218 ἐστὶ
2594 4163 2812 4226 ταυτὸν,
2867 4161 2975 4228 ὕψι
3003 4159 3170 4228 μάλα
3207 4155 3477 4226 τροχάειο
3545 4155 3666 4210 τότε
3703 4156 3804 4225 οὐχ

2219 4261 2250 4313 6
2289 4258 2554 4330 Σκορπίος
2601 4257 2827 4327 ἄρχεται
2855 4251 3186 4310 ἀνατέλλειν.
3220 4249 3358 4304 ἀλλὰ
3383 4249 3478 4302 τοῦ
3515 4246 3799 4318 ’Υδροχόου

2225 4350 2408 4404 πλεῖον
2441 4349 2474 4420 ἦ
2499 4349 2560 4402 τὸ
2581 4349 2752 4419 ἥμισυ
2782 4342 3114 4400 ἀνατέταλκε
3145 4341 3342 4412 μέρος·
3375 4343 3404 4395 6
3429 4341 3488 4394 δὲ
3535 4337 3800 4411 Σκορπίος

2223 4441 2324 4513 ήδη
2347 4443 2484 4505 ὅλος.
2528 4441 2614 4503 Ὠς
2645 4441 2741 4510 μὲν
2781 4433 2875 4492 οὖν
2905 4437 2971 4490 οὐ
3007 4435 3244 4507 μετρίως
3269 4435 3486 4505 εἴρηται
3529 4430 3690 4486 τοῦτο
3724 4427 3804 4498 τῷ

2238 4535 2470 4606 ’Δράτῳ,
2501 4532 2576 4596 ὡς
2601 4533 2630 4585 6
2661 4529 2922 4593 Ἄτταλός
2953 4545 3134 4600 φησιν,
3163 4525 3302 4580 ἀλλὰ
3328 4525 3567 4578 πλείοσιν
3591 4523 3625 4594 ἢ
3657 4523 3804 4595 τρισὶ

547 4637 638 4684 tus
665 4627 836 4682 Orion
857 4628 1095 4694 occidat,
1127 4625 1358 4698 Scorpio
1388 4625 1738 4684 commodum
1769 4625 2016 4690 oriente;
2063 4631 2107 4677 ul

2227 4625 2440 4690 ζωδίοις
2487 4623 2748 4693 διαφωνεῖ
2795 4621 2931 4692 πρὸς
2963 4619 3024 4672 τὸ
3077 4617 3421 4688 φαινόμενον,
3457 4615 3693 4687 φανερὸν
3739 4615 3806 4666 ἐκ

549 4730 660 4775 tam
686 4721 894 4776 Aratus
921 4719 1175 4784 affirmat,
1207 4735 1370 4790 quam
1425 4719 1642 4775 Attalus
1691 4717 1874 4774 eidem
1923 4731 2116 4772 assen-

545 4815 721 4900 tiens;
749 4811 842 4868 sed
862 4813 1072 4868 oriente
1099 4811 1282 4880 potius
1307 4810 1640 4882 Sagittario;
1671 4811 1732 4865 fit
1755 4827 1822 4866 ex
1848 4824 1913 4866 eo
1943 4809 2120 4864 mani-

549 4903 772 4958 festum.
805 4901 940 4956 Nam
969 4905 1024 4958 in
1048 4901 1274 4958 Gracia
1298 4910 1502 4964 tractu,
1535 4903 1628 4958 ubi
1659 4902 1982 4972 longissima
2007 4901 2125 4956 dies

548 5003 634 5051 est
669 4996 932 5050 horarum
981 4995 1050 5050 14
1089 4995 1223 5067 1/2,
1275 4995 1527 5051 occidere
1575 5011 1670 5065 pes
1703 4995 1850 5050 illius
1901 4996 2126 5050 sinister

552 5087 713 5158 109
741 5087 931 5157 incipit
951 5087 1234 5142 occidente
1252 5085 1420 5142 Tauri
1451 5097 1606 5159 parte
1621 5089 1671 5152 7,
1701 5095 1978 5158 postremo
1993 5101 2134 5142 vero-

473 5225 490 5241 ,
547 5183 735 5236 dexter
785 5181 934 5236 illius
1015 5180 1280 5236 humerus
1330 5181 1556 5244 occidit,
1608 5181 1896 5236 occidente
1953 5179 2124 5234 Tauri

547 5278 704 5338 parte
734 5269 829 5326 2.1.
853 5270 1011 5337 Quod
1043 5271 1090 5326 si
1130 5271 1494 5336 coliorobum,
1529 5273 1676 5341 quod
1725 5271 1867 5342 gerit
1927 5272 2122 5328 dextra

550 5377 737 5426 manu,
767 5361 1069 5436 adjungere
1093 5373 1332 5434 oportet,
1363 5380 1492 5420 cum
1527 5367 1718 5420 ultima
1751 5366 1918 5420 Tauri
1967 5373 2126 5436 parte

636 5517 684 5549 "
714 5517 756 5586 Ῑ.
787 5517 866 5584 ιδ’,
891 5515 980 5572 S".

629 5675 741 5743 (61)
777 5673 896 5742 Τὴν
939 5673 1230 5742 τελευτὴν
1248 5672 1357 5728 τοῦ
1383 5672 1701 5740 Σκορπίου.
1743 5669 2034 5743 νει-ειεξιτ
2073 5670 2120 5726 si

557 5739 1082 5825 adaequinoctialem
1123 5739 1394 5825 erigatur,
1435 5739 1538 5824 ista
1597 5743 1769 5825 finitio
1811 5742 1952 5825 loci...
1983 5739 2120 5794 Nam

561 5811 813 5872 ascensio
843 5825 990 5869 recta
1025 5811 1324 5883 superioris
1374 5815 1428 5868 in
1463 5815 1678 5867 minore
1725 5811 1997 5867 laterculo
2037 5821 2120 5866 est

2211 4713 2331 4771 ’τῶν
2369 4717 2675 4789 εἰρημένων
2695 4731 2707 4744 ·
2747 4715 2832 4767 ὅτι
2870 4713 2928 4767 δὲ
2971 4711 3093 4765 οὔτε
3135 4711 3328 4784 Ὠρίων
3355 4711 3474 4774 ὅλος
3513 4709 3680 4772 δύνει,
3709 4706 3806 4762 τοῦ

2227 4809 2497 4881 Σκορπίου
2526 4806 2828 4880 ἀρχομένου
2855 4803 3185 4869 ἀνατέλλειν,
3221 4803 3296 4867 ὼς
3321 4803 3350 4856 ὅ
3373 4817 3431 4854 τε
3469 4803 3705 4874 Ἄρατος
3725 4799 3812 4852 λέ-

2231 4921 2318 4972 γει
2353 4903 2449 4957 ttat
2467 4905 2498 4956 6
2528 4901 2792 4964 Ἄτταλος
2821 4897 2970 4970 αὑτῷ
3002 4897 3481 4970 συναποφαίνεται,
3509 4894 3645 4949 ἀλλὰ
3673 4893 3812 4965 μᾶλ-

2231 4997 2328 5050 λον
2343 4995 2437 5050 τοῦ
2463 4993 2692 5058 Τοξὸτου
2711 5034 2727 5060 ,
2759 4991 2988 5062 φανερὸν
3013 4991 3078 5044 ἂν
3101 4989 3314 5059 γένοιτο
3335 4989 3424 5042 διὰ
3448 4987 3674 5041 τούτων.
3723 4985 3810 5038 Ἐν

2228 5089 2336 5160 γὰρ
2367 5091 2482 5151 τοῖς
2509 5085 2640 5157 περὶ
2670 5084 2768 5156 τὴν
2813 5083 3038 5138 Ἐλλάδα
3063 5081 3272 5146 τόποις,
3302 5081 3436 5134 ὅπου
3466 5079 3615 5132 ἐστὶν
3653 5081 3686 5148 ἡ
3713 5093 3808 5147 με·

2227 5181 2386 5249 γίστη
2425 5178 2604 5249 ἡμέρα
2639 5175 2796 5248 ὡρῶν
2835 5175 2893 5228 ιδ’
2925 5175 3008 5239 S",
3046 5175 3272 5246 ἄρχεται
3319 5173 3417 5243 μὲν
3451 5171 3626 5223 δύνειν
3668 5166 3810 5222 κατὰ

2226 5271 2317 5324 τὸν
2343 5268 2628 5342 ἀριστερὸν
2671 5267 2826 5348 ποδα,
2853 5265 3112 5335 ὃυνούσης
3145 5263 3359 5335 Ταύρου
3395 5263 3504 5333 μοί.
3541 5259 3616 5325 ζυ
3648 5259 3810 5329 ἔσχα-

2225 5381 2317 5418 τον
2349 5363 2404 5416 δὲ
2429 5361 2574 5416 δύνει
2605 5359 2746 5414 κατὰ
2775 5358 2868 5411 τὸν
2912 5357 3086 5420 δεξιὸν
3114 5349 3288 5426 ὦμον,
3315 5353 3581 5424 δυνούσης
3607 5353 3706 5422 τῆς
3735 5349 3812 5404 κδ’

2228 5671 2421 5753 δίεπε,
2455 5673 2506 5753 1,
2703 5671 2906 5743 quibus
2963 5671 3260 5742 respondet
3307 5669 3509 5740 gradus
3533 5667 3816 5740 Sagittarii

2227 5749 2450 5796 circiter
2479 5749 2696 5794 tertius.
