4132 6432
522 409 557 464 »Ι
569 409 671 465 059

1557 407 1645 460 ΑΙ)
1684 405 1953 461 EUSEBII
1994 407 2383 464 CHRONICON
2427 408 2791 465 APPENDIX.

3633 414 3773 471 1040

534 544 659 583 nem
686 524 874 581 mundi
909 525 1213 595 capiamus.
1244 521 1380 577 Nam
1409 522 1505 576 ubi
1535 522 1653 577 dies
1693 525 1927 578 maxima
1966 540 2099 579 cou-

2207 534 2283 591 ιε’,
2352 530 2469 583 ἐκεῖ
2528 528 2647 591 ὅλος
2708 531 2737 581 6
2786 528 3008 597 Κηφεὺς
3067 530 3125 581 ὲν
3168 527 3246 597 τῷ
3309 528 3556 600 ἀρκτικῷ
3613 530 3773 604 φέρο-

536 626 643 673 stat
671 617 824 671 horis
860 616 927 670 l5
955 633 970 682 ;
1003 614 1077 670 ibi
1110 613 1362 683 Cepheus
1406 615 1612 683 integer
1638 615 1692 669 in
1723 614 1944 672 Arctico
1988 618 2098 672 cir-

532 709 659 764 culo
685 709 950 764 defertur.
1486 760 1491 767 ,

605 797 812 853 Praeter
854 797 970 852 haec
1016 796 1071 850 in
1115 796 1293 866 Argus
1335 794 1754 851 constellatione
1792 798 1976 866 lapsus
2014 807 2099 853 est

533 892 758 953 Aratus.
787 905 912 946 cum
943 890 1136 945 scribit
1170 886 1435 959 quidquid
1462 889 1610 944 illius
1652 896 1739 944 est
1775 904 1805 942 a
1836 905 1998 960 prora
2030 890 2099 944 ad

536 984 738 1036 malum
769 996 962 1051 usque,
997 981 1169 1036 stellis
1200 994 1411 1045 carere,
1447 980 1593 1049 quod
1618 980 1705 1037 his
1732 981 1983 1037 versibus
2003 996 2100 1035 ex-

534 1073 721 1142 primit
748 1091 764 1127 :

534 1183 613 1253 At:
635 1183 830 1251 partim
858 1182 1106 1253 obscura,
1137 1192 1184 1236 et
1218 1182 1385 1237 stellis
1416 1200 1602 1237 carens
1638 1199 1801 1253 usque
1829 1183 1898 1238 ad
1927 1186 2099 1251 ipsum

536 1252 740 1305 Malum
771 1268 804 1304 α
825 1268 986 1321 prora
1013 1251 1202 1321 fertur,
1237 1254 1293 1306 in
1325 1254 1530 1308 casteris
1561 1263 1669 1307 tota
1695 1251 1990 1323 splendens.

605 1366 817 1422 Etenim
848 1382 969 1438 quae
1001 1382 1032 1421 a
1057 1367 1377 1438 praecisione
1407 1369 1565 1423 navis
1598 1368 1715 1424 sita:
1748 1377 1877 1423 sunt
1904 1369 2097 1434 stellae,

534 1473 765 1528 quarunt
794 1460 965 1513 altera
986 1458 1264 1512 borealior
1291 1466 1377 1514 est
1410 1458 1466 1512 in
1490 1458 1647 1523 foris,
1695 1459 1865 1513 altera
1886 1467 2100 1516 austra-

534 1550 639 1603 lior
668 1549 725 1602 in
761 1548 971 1611 carina,
1012 1547 1242 1601 multum
1278 1546 1558 1601 declinant
1579 1548 1645 1602 ad
1673 1548 1957 1604 orientem.

606 1724 791 1780 XVIII.
823 1724 1133 1780 Secundum
1162 1724 1277 1779 haec
1306 1726 1505 1782 Aratus
1530 1724 1769 1794 reliquas
1804 1723 2100 1780 australio-

535 1834 624 1874 res
657 1817 882 1873 zodiaco
912 1816 1476 1886 persequensstellas.
1502 1816 1607 1871 ista
1634 1816 1891 1885 subjicit’:

539 2019 641 2074 Ha:
688 2035 806 2073 vero
847 2021 1031 2090 exiguo
1074 2020 1285 2089 spatio,
1334 2022 1523 2090 exiguo
1572 2035 1690 2073 vero
1738 2018 1794 2073 in
1830 2017 2105 2101 splendore

1953 2088 1987 2141 't

541 2161 686 2216 Inter
709 2162 1002 2224 Temonem,
1033 2172 1082 2215 et
1106 2160 1289 2215 Cetum
1319 2160 1614 2221 volvuntur,
1827 2086 1964 2160 [pou
1989 2105 2034 2144 ⁸

539 2233 699 2289 Cassii
729 2233 969 2287 cadentes
992 2231 1088 2285 sub
1116 2229 1632 2307 lateribusLeporis.

538 2344 601 2398 In
654 2343 741 2399 bis
790 2341 1081 2397 oscitantia
1150 2341 1338 2411 lapsus
1408 2339 1627 2395 videtur
1685 2337 1791 2411 (sic
1833 2336 1980 2393 enim
2023 2337 2105 2391 lo-

538 2432 815 2505 quendum
850 2430 979 2503 est),
1026 2446 1152 2486 cum
1200 2438 1356 2500 putat
1388 2430 1613 2486 Clavum
1647 2429 1790 2483 inter
1827 2435 1881 2483 et
1910 2427 2102 2483 Cetum

537 2526 672 2581 sitas
698 2538 822 2579 esse
851 2523 1040 2579 stellas
1071 2522 1310 2578 nominis
1339 2529 1614 2593 expertes.
1645 2519 1757 2576 Has
1783 2521 1930 2576 enim
1960 2520 2103 2575 inter

540 2615 787 2672 Flavium
826 2625 880 2671 et
899 2614 1124 2670 Clavum
1164 2608 1418 2669 collocari
1458 2615 1731 2669 convenit.
1763 2611 1974 2684 Quippe
2003 2608 2103 2667 Le-

537 2710 660 2781 pori
686 2709 754 2765 ad
798 2708 1080 2764 meridiem
1113 2706 1376 2762 obversus
1416 2716 1501 2762 est
1528 2704 1716 2762 Orion.
1741 2704 1880 2760 Huic
1923 2712 2103 2760 autem

537 2800 609 2855 ad
640 2799 920 2856 meridiem
964 2799 1144 2853 adhuc
1188 2798 1378 2869 posita:
1408 2806 1538 2854 sunt
1567 2812 1851 2868 anonymte
1892 2796 2099 2853 stellas:

536 2908 678 2964 quas
719 2891 786 2946 ad
835 2891 1100 2946 orientem
1129 2890 1329 2944 Clavus
1372 2888 1538 2945 Navis
1570 2889 1790 2960 excipit.
1837 2886 2006 2942 Porro
2036 2885 2104 2941 ab

541 2985 765 3041 sinistro
784 2982 919 3053 pede
939 2982 1158 3038 Orionis
1193 2980 1420 3037 Fluvius
1442 2982 1510 3036 ad
1533 2981 1726 3039 Cetum
1757 2980 1980 3052 quidem
2013 2996 2104 3037 us-

539 3090 647 3148 que
688 3074 755 3130 ad
785 3087 1041 3130 occasum
1069 3073 1345 3145 pertinet;
1384 3080 1507 3144 post
1536 3072 1605 3127 ad
1653 3073 1919 3128 orientem
1966 3089 2101 3129 con-

540 3178 755 3232 versus,
804 3181 996 3222 rursus
1024 3165 1093 3221 ad
1133 3163 1436 3229 meridiem,
1488 3174 1543 3221 et
1573 3179 1831 3220 occasum
1875 3163 2103 3221 reﬂecti-

539 3268 652 3316 tur.
671 3260 874 3315 Aratus
893 3272 1025 3314 vero
1054 3259 1284 3328 ipsemet
1307 3256 1502 3313 Cetum
1529 3257 1604 3311 ait
1632 3272 1754 3313 esse
1777 3257 1965 3324 situm,

544 3466 703 3539 110
729 3457 1013 3520 Paululum
1047 3480 1209 3535 supra
1243 3464 1489 3521 Flavium
1520 3464 1784 3535 jacentem
1813 3462 2104 3517 stellatum.

609 3579 949 3657 Patet'igitur
972 3579 1158 3635 stellas
1183 3578 1375 3649 Lepori
1402 3577 1678 3648 subiectas
1691 3576 1939 3631 Fluvium
1964 3576 2107 3631 inter

541 3686 607 3728 ac
641 3670 933 3726 Temonem
977 3685 1099 3726 esse
1145 3671 1508 3726 collocandas.
1553 3669 1611 3723 In
1661 3685 1772 3739 quo
1814 3667 2104 3724 nobiscum

542 3762 709 3818 etiam
749 3762 918 3816 sentit
950 3760 1232 3816 Eudoxus.
1268 3760 1406 3815 Nam
1438 3761 1494 3815 in
1543 3760 1723 3815 altero
1750 3760 1888 3815 libro
1917 3760 1995 3816 sic
2029 3760 2107 3814 lo-

541 3851 769 3922 quitur:
806 3870 824 3903 ι
860 3851 974 3907 Sub
1005 3850 1143 3919 Ceto
1167 3849 1392 3907 Fluvius
1418 3853 1631 3922 positus
1650 3860 1755 3913 est,
1787 3852 1880 3921 qui
1916 3851 2109 3923 incipit

542 3959 575 3997 ι
599 3942 824 3998 sinistro
849 3942 984 4012 pede
1010 3940 1252 3999 Orionis.
1290 3944 1437 3999 Inter
1465 3941 1715 3998 Fluvium
1737 3955 1792 3999 et
1814 3942 2106 3999 Temonem

541 4037 739 4105 Argus,
770 4034 873 4089 sub
893 4032 1121 4104 Lepore,
1153 4034 1306 4091 locus
1327 4044 1410 4091 est
1438 4036 1686 4106 exiguus.
1715 4030 1986 4091 ‘obscuras
2009 4035 2104 4089 ba-

543 4127 677 4183 bens
708 4126 911 4181 stellas.
948 4145 966 4177 »
1002 4124 1059 4179 In
1090 4126 1260 4181 altero
1292 4128 1432 4183 libro
1470 4129 1575 4183 ista
1620 4127 1811 4183 scribit
1848 4145 1863 4182 :
1906 4145 1926 4178 ι
1961 4125 2108 4182 Inter

540 4215 718 4284 Argus
738 4213 1055 4278 Temonem,
1090 4216 1194 4269 sub
1222 4215 1451 4287 Lepore,
1480 4216 1730 4272 obscuris
1759 4217 1933 4273 stellis
1966 4231 2107 4287 prte-

540 4306 692 4361 tlitus
725 4316 809 4361 est
836 4308 987 4363 orbis
1028 4308 1280 4379 exiguus.
1315 4327 1333 4359 ι
1366 4308 1585 4363 Attalus
1620 4323 1751 4364 vero
1794 4308 2103 4365 oscitantite

543 4397 689 4454 illius
724 4399 935 4454 Arateis
965 4414 1077 4454 non
1108 4400 1377 4463 meminit,
1402 4409 1554 4455 ratus
1584 4401 1654 4455 ab
1694 4399 1864 4457 Arato
1891 4401 1947 4456 id
1978 4417 2105 4457 vere

539 4506 664 4546 esse
697 4491 1003 4561 proditum;
1051 4493 1301 4547 eumdem
1347 4507 1478 4549 vero
1522 4493 1892 4564 reprehendit,
1943 4496 2101 4566 quasi

2203 635 2316 673 ται.

2288 798 2494 864 Ἀγνοεῖ
2541 797 2598 850 δὲ
2645 798 2673 850 6
2705 798 2938 867 Ἀρατος
2974 798 3069 851 καὶ
3112 798 3171 850 ὲν
3218 797 3297 866 τῷ
3328 797 3645 869 ἀστερισμῷ
3673 798 3772 869 τῆς

2218 888 2468 960 Ἀργοῦς.
2538 888 2677 958 Φησὶ
2730 888 2839 960 γὰρ
2905 888 3072 958 αὐτῆς
3129 887 3190 940 τὸ
3228 888 3335 941 ἀπὸ
3389 888 3488 957 τῆς
3548 886 3773 961 πρώρας

2211 980 2376 1052 μέρος
2433 979 2537 1041 ἕως
2582 977 2677 1031 τοῦ
2736 979 2882 1033 ἱστοῦ
2947 980 3328 1052 ἁναστέριστον
3382 973 3550 1043 εἶναι,
3600 978 3772 1048 λέγων

2205 1074 2377 1138 οὕτως
2411 1092 2425 1105 '

2204 1189 2313 1246 Kal
2340 1191 2413 1244 τὰ
2434 1190 2551 1260 μὲν
2567 1190 2759 1260 ἠερίη,
2780 1185 3239 1260 καὶοᾴνάστερος
3258 1182 3565 1260 ρχριπαβ
3589 1181 3772 1260 ain-6y

2219 1260 2405 1315 Ἰστόν
2433 1250 2554 1316 ἆπό
2592 1250 2828 1329 abripi“
2852 1255 3109 1326 φέρεται,
3129 1250 3214 1309 ’τὰ
3247 1250 3319 1308 δέ
3331 1250 3522 1309 Ἑτάσαή
3535 1250 3769 1322 φαεινή.

2209 1375 2272 1428 Ol
2310 1373 2422 1445 γὰρ
2466 1374 2531 1425 ὲκ
2560 1372 2659 1443 τῆς
2704 1368 2986 1439 ἀποτομῆς
3014 1367 3110 1422 τοῦ
3150 1367 3334 1421 πλοίου
3363 1364 3605 1436 κείμενοι
3636 1365 3772 1436 λαμ-

2208 1468 2334 1539 προὶ
2362 1466 2607 1537 ἀστέρες,
2656 1457 2731 1517 ὧν
2774 1466 2804 1517 6
2854 1462 2951 1533 μὲν
2995 1461 3327 1534 βορειότερος
3376 1461 3436 1512 ὲν
3476 1458 3554 1529 τῷ
3603 1476 3772 1512 κατα-

2209 1558 2487 1631 στρώματί
2530 1559 2716 1621 ἐστιν,
2772 1557 2801 1609 6
2840 1556 2897 1609 δὲ
2946 1552 3261 1624 νοτιώτερος
3302 1553 3361 1603 ὲν
3416 1553 3483 1622 τῇ
3538 1548 3770 1622 τρόπιδι,

2210 1648 2341 1702 πολὺ
2370 1640 2505 1719 πρὸς
2530 1640 2792 1718 ἀνατολὴν
2821 1644 3315 1716 παραλλάσσουσιν.

2275 1742 2384 1795 IH'.
2436 1740 2526 1796 Ἐν
2567 1740 2622 1793 δὲ
2669 1741 2780 1802 τοῖς
2824 1737 3019 1807 ἐφεξῆς
3061 1738 3091 1789 6
3139 1736 3393 1806 Ἄρατος,
3425 1730 3664 1787 ἐπελθὼν
3704 1732 3772 1785 τὰ

2208 1831 2365 1886 λοιπὰ
2396 1830 2504 1885 τῶν
2548 1828 2879 1900 νοτιωτέρων
2921 1826 3137 1897 ἄστρων
3182 1824 3277 1879 τοῦ
3309 1823 3597 1889 ζωδιακοῦ,
3647 1826 3776 1879 sm-

2206 1924 2361 1996 φέρει
2393 1922 2549 1976 ταυτί
2568 1938 2580 1953 ·

2205 2041 2268 2093 Ol
2292 2036 2344 2090 6’
2378 2036 2560 2105 ὀλίγῳ
2579 2033 2772 2104 μέτρῳ
2791 2049 2804 2063 ’
2840 2033 3013 2102 ὀλίγῃ
3043 2030 3096 2085 δ’
3128 2030 3456 2102 ἐγκείμενοι
3479 2028 3662 2098 αἴγλῃ

2202 2170 2470 2226 Μεσσόθι
2502 2168 2809 2236 Πηδαλίου
2838 2167 2936 2221 καὶ
2964 2166 3183 2234 Κήτεος
3214 2168 3618 2227 εἱλίσσονται,

2200 2241 2486 2297 Γλαυκοῦ
2515 2237 2857 2307 πεπτηῶτες
2878 2238 2995 2292 ὑπὸ
3028 2238 3329 2307 “arma;
3362 2236 3628 2306 Λαγωοῦ.

2215 2353 2303 2407 Ἐν
2329 2353 2386 2407 δὲ
2411 2352 2622 2414 τούτοις
2664 2351 3079 2422 παρεωρακέναι
3122 2367 3212 2420 μοι
3235 2348 3387 2401 δοκεῖ
3437 2336 3631 2417 (οῦτως
3663 2347 3775 2419 γὰρ

2201 2446 2284 2500 δεῖ
2324 2443 2545 2514 λέγειν),
2581 2442 2866 2496 ὑπολαϐὼν
2894 2440 3096 2513 μεταξὺ
3128 2440 3221 2494 τοῦ
3264 2441 3533 2512 Πηδαλίου
3556 2441 3647 2494 καὶ
3674 2439 3772 2494 τοῦ

2202 2539 2418 2610 Κήτους
2449 2535 2662 2590 κεῖσθαι
2711 2537 2838 2598 τοὺς
2880 2533 3194 2605 ἀνωνύμους
3236 2533 3491 2604 ἀστέρας.
3542 2536 3633 2586 Δεῖ
3662 2533 3774 2605 γὰρ

2202 2630 2399 2693 αὐτοὺς
2457 2626 2657 2699 μεταξὺ
2720 2625 2815 2679 τοῦ
2864 2625 3118 2696 Ποταμοῦ
3185 2625 3279 2678 καὶ
3337 2624 3434 2677 τοῦ
3505 2624 3773 2696 Πηδαλίου

2203 2720 2448 2776 κεῖσθαιο
2486 2709 2621 2790 προς
2655 2717 3005 2790 μεσημϐρίαν
3047 2718 3143 2788 μὲν
3169 2716 3276 2789 γὰρ
3316 2716 3410 2770 τοῦ
3454 2716 3705 2789 Ὠρίωνος
3744 2718 3773 2763 1⁸

2202 2812 2428 2882 Λαγωδς
2473 2814 2685 2865 κεῖταιο
2731 2811 2921 2864 τούτου
2971 2810 3027 2863 δὲ
3073 2809 3152 2863 ἔτι
3182 2810 3319 2880 πρὸς
3347 2808 3692 2879 μεσημϐρίαν
3722 2809 3776 2860 οἱ

2215 2901 2510 2973 Ἀνώνυμοι
2550 2899 2863 2971 λεγόμενον
2906 2900 3109 2953 τούτων
3150 2899 3207 2953 δὲ
3239 2899 3371 2971 πρὸς
3412 2888 3674 2961 ἀνατολὰς
3713 2897 3775 2950 τὸ

2203 2995 2465 3066 Πηδάλιον
2491 2993 2588 3066 τῆς
2631 2991 2857 3064 Ἀργοῦς
2879 3007 2893 3022 ·
2930 2992 3036 3046 ἀπὸ
3069 2992 3125 3045 δὲ
3157 2990 3251 3044 τοῦ
3283 2989 3569 3063 ἀριστεροῦ
3614 2989 3773 3051 ποδὸς

2201 3086 2295 3141 τοῦ
2342 3085 2590 3156 Ὠρίωνος
2617 3086 2646 3138 6
2678 3083 2926 3154 Ποταμδς
2957 3083 3061 3146 ἕως
3099 3082 3197 3153 μὲν
3241 3081 3336 3136 τοῦ
3381 3084 3595 3152 Κήτους
3639 3080 3777 3152 πρὸς

2209 3177 2364 3231 δύσιν
2414 3174 2676 3244 καθήκει·
2733 3172 2871 3246 μετὰ
2924 3172 2983 3226 δὲ
3034 3170 3207 3226 ταῦτα
3266 3171 3595 3243 ἐπιστρέψας
3638 3169 3777 3243 πρὸς

2203 3263 2464 3328 ἀνατολὰς
2521 3263 2680 3317 πάλιν
2729 3261 3045 3333 ἐπιστρέφει
3100 3261 3235 3333 πρὸς
3286 3260 3630 3333 μεσημϐρίαν
3679 3260 3778 3313 καὶ

2202 3357 2372 3411 δύσιν.
2407 3356 2577 3420 Αὐτὸς
2606 3355 2665 3409 δὲ
2697 3357 2726 3409 6
2766 3355 3000 3427 Ἀρατος
3044 3353 3105 3407 τὸ
3137 3353 3315 3424 Κῆτός
3357 3364 3492 3424 φησι
3525 3350 3773 3405 κεῖσθαι⁹

2208 3464 2393 3520 Βαιύν
2441 3463 2594 3533 ὑπὲρ
2636 3462 2911 3533 Ποταμοῦ
2945 3462 3324 3533 βεϐλημένον
3361 3456 3776 3532 ἀστερόεντος.

2205 3579 2370 3651 Δῆλον
2415 3574 2528 3643 οῦν,
2571 3580 2655 3632 ὅτι
2704 3566 2851 3641 τοὺς
2879 3577 2985 3631 ὑπὸ
3034 3575 3113 3648 τῷ
3162 3575 3373 3647 Δαγωῷ
3426 3576 3660 3649 ἀστέρας
3697 3574 3782 3630 6:!

2205 3671 2415 3726 κεῖσθαι
2448 3668 2650 3742 μεταξὺ
2680 3669 2771 3724 τοῦ
2801 3668 3053 3741 Ποταμοῦ
3085 3669 3178 3722 καὶ
3207 3668 3301 3722 τοῦ
3330 3668 3621 3741 Πηδαλίου.
3667 3668 3783 3722 Καὶ

2206 3761 2429 3828 Εὔδοξος
2457 3762 2536 3827 δὲ,
2569 3762 2645 3825 ὡς
2671 3763 2831 3833 ἡμεῖς
2866 3777 3064 3831 φαμεν,
3100 3758 3243 3815 οὕτω
3261 3758 3441 3828 λέγει·
3476 3761 3535 3812 ὲν
3564 3758 3662 3829 μὲν
3700 3759 3781 3827 τῷ

2206 3853 2285 3907 ἑνὶ
2331 3853 2664 3924 συντάγματι
2706 3852 2797 3906 τὸν
2838 3851 3038 3922 τρόπον
3083 3847 3271 3903 τοῦτον
3294 3866 3307 3879 ·
3368 3866 3388 3900 ι
3438 3847 3576 3902 Ὑπὸ
3614 3848 3673 3902 δὲ
3716 3849 3784 3901 τὸ

2207 3945 2384 4017 Κῆτος
2432 3946 2463 3998 6
2495 3943 2745 4015 Ποταμὺς
2787 3947 2999 4007 κεῖται,
3048 3941 3350 4014 ἀρξάμενος
3378 3940 3486 3994 ἀπὸ
3528 3938 3622 3993 τοῦ
3652 3940 3778 4011 ἀρι-

2208 4034 2400 4107 στεροῦ
2439 4035 2599 4099 ποδὸς
2639 4033 2733 4088 τοῦ
2784 4035 3056 4107 Ὠρίωνος.
3100 4031 3320 4098 Μεταξὺ
3367 4031 3425 4085 δὲ
3467 4031 3561 4086 τοῦ
3603 4032 3779 4085 Ποτα-

2210 4125 2310 4196 μοῦ
2338 4127 2433 4180 καὶ
2458 4124 2552 4179 τοῦ
2580 4125 2847 4195 Πηδαλίου
2875 4124 2975 4196 τῆς
3025 4122 3252 4195 Ἀργοῦς
3282 4123 3390 4178 ὑπὸ
3424 4123 3514 4177 τὸν
3552 4122 3777 4193 Λαγωὸν

2204 4216 2367 4280 τόπος
2411 4217 2558 4269 ἐστὶν
2601 4217 2662 4269 οὐ
2696 4215 2880 4281 πολὺς,
2912 4216 3191 4288 ἀμαυροὺς
3242 4215 3480 4285 ἀστέρας
3522 4214 3693 4285 ἔχων
3752 4233 3770 4265 ι

2206 4307 2263 4360 ὲν
2292 4306 2348 4360 δὲ
2379 4305 2457 4377 τῷ
2484 4306 2655 4378 ἑτέρῳ
2682 4307 3019 4379 συντάγματι
3060 4322 3224 4377 φησιν
3255 4306 3426 4370 οὕτως
3447 4323 3460 4335 ο
3500 4325 3519 4359 s
3555 4306 3775 4373 Μεταξὺ

2204 4395 2261 4449 δὲ
2288 4394 2382 4449 τοῦ
2410 4397 2511 4467 τῆς
2550 4396 2777 4468 Ἀργοῦς
2800 4397 3066 4467 Πηδαλίου
3094 4398 3198 4451 ὑπὸ
3225 4397 3314 4451 τὸν
3344 4397 3570 4466 Λαγωὸν
3599 4399 3777 4470 ἀμαυ-

2206 4490 2332 4561 ροὺς
2358 4488 2591 4560 ἀστέρας
2621 4488 2780 4560 ἔχων,
2819 4490 2963 4543 ἐστιν
3006 4490 3231 4560 οὐρανὸς
3272 4491 3333 4543 οὐ
3381 4490 3573 4562 μέγας.
3628 4508 3648 4542 t
3709 4490 3775 4543 'O

541 4598 651 4638 non
693 4591 840 4640 recte
880 4576 946 4637 ac
991 4584 1228 4641 scienter
1273 4584 1329 4639 in
1377 4583 1750 4642 deseribendis
1778 4584 1931 4641 hisce
1973 4600 2101 4641 ver-

2207 4580 2264 4635 δὲ
2296 4580 2556 4644 Ἄτταλος
2593 4581 2780 4634 τούτου
2813 4581 2910 4651 μὲν
2929 4580 3023 4634 τοῦ
3057 4581 3447 4654 παροράματος
3489 4582 3589 4634 οὑκ
3611 4581 3775 4651 ἐμνή-

541 4681 694 4729 setur
713 4692 726 4728 :

538 4930 608 5005 ᾼι
635 4930 839 5005 modico
854 4933 1059 5005 spatio,
1092 4932 1293 5005 modico
1319 4935 1441 5005 item
1471 4934 1644 5005 insita:
1672 4931 1890 5005 fulgori,

541 4997 608 5073 [ιι
641 4999 811 5073 medio
844 4997 1214 5067 Gubernacnli,
1245 5003 1435 5073 etCeti
1460 4997 1759 5073 volvuntur,

540 5067 729 5123 Glauci
745 5070 982 5137 jacentes
1012 5073 1107 5126 sub
1132 5071 1382 5126 lateribus
1406 5072 1622 5133 Leporis

540 5137 771 5193 Nomine
800 5151 1053 5196 carentes.
1090 5142 1213 5196 Non
1244 5144 1383 5196 enim
1427 5143 1537 5197 illa:
1565 5144 1786 5207 confecti
1826 5145 2102 5199 simulacri

539 5208 760 5283 S_parsm
784 5222 904 5263 sunt
930 5212 1173 5266 membris
1201 5214 1434 5267 similes:
1464 5216 1645 5283 qualia
1668 5215 1837 5268 multa

414 5286 425 5297 ’
540 5278 625 5350 Ea:
665 5280 847 5334 ordine
892 5283 1182 5336 inccdentia
1227 5278 1594 5350 perambulant
1630 5286 1840 5339 easdem
1887 5287 2103 5341 semitas

553 5348 876 5405 Vertentibus
911 5354 1099 5416 annis;
1130 5348 1247 5422 qute
1276 5355 1539 5422 quispiam
1561 5354 1829 5408 hominum
1846 5373 1949 5409 non
1991 5374 2105 5410 am-

1483 5420 1642 5495 [plius
1692 5427 2033 5494 superstitum

541 5485 869 5554 Obseruauit,
894 5499 945 5544 et
974 5491 1225 5561 cogitavit
1252 5493 1432 5547 omnia
1468 5485 1780 5549 nominatim
1816 5497 2101 5565 appellare,

540 5615 831 5695 gonfertim
860 5624 1115 5693 ﬁgurans.
1146 5623 1269 5679 Non
1288 5627 1427 5680 enim
1455 5629 1627 5695 potuit
1649 5631 1886 5684 omnium

541 5685 869 5770 siina—iuuant
886 5685 1259 5770 distinctarum
1288 5685 1474 5770 nomen
1494 5698 1662 5760 edere,
1690 5716 1850 5770 neque
1878 5700 2099 5755 discere.

538 5754 728 5811 Multae
769 5778 990 5834 namque
1027 5766 1261 5833 passim;
1296 5767 1583 5820 multarum
1628 5754 1842 5839 insuper
1876 5754 2104 5840 mortales

1892 5839 2035 5912 [sunt

2210 4669 2332 4743 σθη,
2360 4669 2584 4735 δεόντως
2624 4672 2903 4743 εἰρηκέναι
2945 4672 3179 4742 νομίζων
3225 4672 3319 4727 τὸν
3352 4673 3585 4744 Ἀρατον
3606 4689 3620 4702 ·
3655 4672 3775 4723 ἑπι-

2206 4760 2540 4832 λαμϐάνεται
2565 4762 2624 4815 δὲ
2649 4762 2834 4828 αὑτοῦ,
2856 4762 2989 4816 διότι
3021 4763 3297 4827 ἀδυνάτως
3325 4763 3694 4836 ἀνέστραπται
3717 4766 3776 4818 ὲν

2207 4851 2415 4917 τούτοις
2435 4868 2450 4884 ·

2210 4945 2275 4997 Ol
2305 4942 2356 4996 δ’
2384 4944 2565 5016 ὀλίγῳ
2582 4941 2794 5016 μέτρῳ,
2821 4945 2995 5015 ὀλίγῃ
3030 4945 3081 5016 6‘
3106 4946 3438 5016 ἐγκείμενοι
3466 4945 3648 5015 alyn/1n

2205 5012 2805 5083 ΜεσσόθιξΠηδαλίου
2837 5012 2939 5068 καί
2966 5012 3062 5083 Κή
3074 5012 3204 5081 τεὸς
3223 5012 3600 5071 εἱλίσσονται

2204 5081 2486 5154 luat)er
2512 5081 2853 5154 πεπτηῶτες
2879 5086 2995 5139 ὑπὸ
3021 5081 3321 5154 πλευρῇσι
3347 5085 3592 5154 Aurum")

2204 5151 2492 5225 Νῴνυμοι.
2519 5154 2601 5205 Οὐ
2767 5154 2860 5208 τοί
2885 5172 2951 5224 γε
2988 5151 3347 5225 τετυγμένον
3379 5151 3646 5209 εἰδώλοιο

2205 5220 2533 5291 Βέϐληνται
2553 5220 2881 5291 μελέεσσιν
2893 5220 3184 5290 ’ἐοικότεᾷ
3225 5221 3319 5278 alii
3344 5241 3408 5278 τε
3431 5226 3633 5278 πολλὰ

2217 5290 2443 5363 Ἑξείης
2466 5293 2797 5363 στιχόωντα
2830 5293 3180 5363 παρέρχεται
3213 5294 3364 5348 αὐτὰ
3396 5294 3651 5347 κέλευθα

2219 5361 2552 5429 Ἀνυμένων
2572 5362 2752 5416 ἐτέων
2773 5380 2785 5392 ·
2817 5362 2890 5416 τά
2912 5361 3002 5429 τις·
3019 5361 3265 5432 ’ἀνδρῶν
3287 5368 3397 5417 οὐκ
3442 5364 3524 5417 ἔτ’
3553 5364 3772 5421 ἐόντωῑ

2219 5495 2548 5566 'Eppdaar’,
2594 5497 2687 5566 ἠδ’
2733 5499 3010 5567 ἐνόησεν,
3060 5499 3271 5555 ἅπαντ’
3321 5499 3620 5570 ὀνομαοςτι-
3667 5515 3774 5552 κα-

2210 5637 2425 5711 ’ᾙοῖἕθα
2448 5637 2914 5711 maxime-.013
2946 5639 3054 5710 γάρ
3085 5643 3134 5711 γ’
3166 5639 3505 5711 ἐδυνήσέιτο
3526 5568 3775 5694 ξέῖτῗξῖ

2210 5707 2366 5779 ρίόθι
2395 5691 2763 5779 κέκριρἐιξωῖ
2779 5691 2942 5779 limit
2952 5691 3186 5773 938'»;
3201 5691 3602 5779 iit'at.

2206 5777 2427 5830 Πολλοὶ
2461 5776 2569 5846 γὰρ
2597 5776 2789 5846 πάντη
2808 5796 2823 5809 ο
2857 5776 3091 5835 πολέων
3118 5780 3170 5834 δ’
3211 5779 3309 5833 ἐπὶ
3342 5777 3447 5833 ἶσα
3470 5776 3771 5834 πέλονται
