4132 6434
364 404 490 465 l0.“

1377 397 1740 454 HIPPABCHI
1781 396 1869 450 AD
1907 391 2351 449 ΡΗιΕΝΟΜΕΝΔ
2390 392 2516 447 LIB.
2543 393 2582 448 1.

3455 391 3594 445 1041

360 528 555 598 Μέτρα
578 542 641 581 τηε
675 533 772 577 καὶ
803 521 975 592 χροιή
999 538 1011 551 ·
1045 521 1264 586 πάντες
1307 535 1372 572 τε
1394 519 1511 589 μὲν
1536 515 1925 587 ἀμφιέλικτοι.

2034 511 2546 584 Hagnitudinesque,
2581 520 2630 564 et
2669 519 2845 575 color;
2882 523 3060 562 omnes
3096 507 3272 577 utique
3292 505 3595 598 ἐἰν-ξιφιυο-

365 662 450 729 Τῷ
474 662 572 715 καὶ
613 659 936 729 ὀμητερέας
965 658 1279 729 οίνέείοςατο
1308 654 1678 729 ποιήσασθαι

372 722 671 801 ’Ᾰστέραξ,
873 722 1103 792 emas,
1141 726 1307 793 ἄλλῳ
1350 725 1790 845 παρακείμενοῖ
1794 722 1929 845 1%:-

361 872 540 927 Εἵδεα
565 867 1128 938 σημαίνοιεν,νᾶφαρ,
1144 866 1195 919 δ’
1227 863 1531 938 ῥνομαοντὰ
1558 792 1926 938 γένοινὲῗῶ

365 932 762 1009 Ἀστραοτκαί
791 940 901 990 οὐκ
932 932 1021 991 ἑτι
1066 932 1182 990 νῦν
1221 936 1291 989 ἐν
1332 932 1585 1004 θαύματι
1634 932 1928 1014 λᾴρπεζαι

373 1082 538 1134 Ἀλλ’
563 1082 617 1133 οἱ
642 1076 758 1147 μὲν
787 1074 1064 1147 καθαροῖς
1093 1074 1447 1147 ἐναρηρότες
1478 1002 1923 1147 εὶδώλοίὲἵῖηρ.

359 1141 674 1204 Φαίνοντᾰι
693 1164 719 1187 ἠ
752 1146 825 1199 τὰ
854 1145 905 1197 δ’
933 1141 1136 1212 ἔνερθε
1171 1141 1548 1211 διωκομένοιο
1584 1141 1828 1210 Λαγωοῦ

359 1220 563 1273 Πάντα
615 1216 754 1288 μάλ’
793 1210 1110 1284 ἠερόεντα,
1155 1213 1259 1267 ’καὶ
1309 1210 1420 1268 οὐκ
1471 1211 1775 1353 dit-opacat
1823 1210 1929 1279 φέ-

1742 1296 1925 1333 ονται.

364 1396 553 1451 Ταῦτα
603 1395 661 1449 δὲ
720 1409 1187 1469 προενεγκάμενος
1236 1395 1265 1445 6
1320 1389 1580 1454 Ἀτταλος
1637 1387 1886 1457 ἐπιφέρει
1911 1403 1925 1417 ·

367 1508 386 1540 ε
442 1489 531 1543 Ἐν
568 1489 625 1542 δὲ
659 1487 869 1550 τούτοις
914 1484 1315 1557 ἀδυνατώτερον
1356 1487 1385 1537 6
1413 1481 1638 1553 ποιητὴς
1669 1480 1930 1550 ἀνέστρα-

364 1599 514 1647 πται,
540 1580 797 1643 πολλάκις
827 1578 919 1631 ἐπὶ
939 1577 1035 1648 τὴν
1064 1577 1228 1647 αὐτὴν
1252 1575 1487 1631 διάνοιαν
1518 1571 1928 1641 ἐπιφερόμενος,

362 1672 456 1725 καὶ
510 1671 572 1729 οὐ
645 1669 939 1739 δυνάμενος
993 1668 1085 1720 τὸν
1141 1666 1295 1740 λόγον
1360 1662 1779 1735 εὐπεριγράφως
1846 1660 1931 1724 ἐξ-

361 1767 626 1832 ενεγκεῖν.
654 1762 909 1816 Βούλεται
945 1760 1053 1830 γὰρ
1084 1758 1344 1831 δηλῶσαι,
1368 1758 1497 1809 διότι
1530 1756 1579 1808 οἱ
1610 1752 1809 1826 μεταξὺ
1836 1751 1928 1804 τοῦ

3292 574 3521 647 [lubiles.

2032 653 2211 718 Quare
2236 662 2286 706 et
2310 652 2471 706 simul
2498 649 2744 703 collectas
2767 648 2931 701 visum
2970 658 3046 702 est
3077 647 3125 700 ei
3144 647 3314 715 facere

2030 720 2251 788 Stellas,
2285 731 2343 774 ut
2365 720 2651 775 ordinatim
2681 720 2775 772 alii
2809 718 3071 787 adjacens,
3098 718 3209 770 alia

2034 856 2298 927 Imagines
2318 857 2623 927 efﬁgiarent,
2652 871 2873 924 moxque
2894 853 3232 927 appellabilia
3252 854 3433 927 ﬁerent

2034 924 2258 991 Sidera;
2297 924 2451 997 atque
2478 925 2621 979 haud
2665 926 2891 994 amplius
2925 942 3042 978 cum
3080 924 3595 1065 adﬁirat‘ior‘ieununc

3206 1010 3295 1047 uce
3346 1010 3371 1046 s
3397 1008 3424 1047 e
3468 1009 3521 1047 a.

2034 1066 2139 1123 Sed
2172 1067 2254 1121 hae
2278 1066 2484 1137 quidem
2515 1065 3100 1137 conspicuisinsignita:
3126 1062 3442 1133 imaginibus

2035 1134 2330 1205 Apparent;
2365 1137 2491 1206 alia;
2516 1136 2695 1190 subter
2720 1136 3000 1206 [ugientem
3029 1134 3281 1206 Leporem

2037 1202 2227 1262 Omnes
2258 1208 2413 1275 plane
2443 1205 2697 1269 obscuraz,
2719 1202 2907 1259 et'sine
2935 1206 3141 1259 nomine
3163 1202 3421 1271 feruntur.

2101 1385 2198 1441 His
2245 1386 2299 1440 in
2345 1386 2581 1441 medium
2627 1386 2827 1450 allatis,
2860 1387 3075 1443 Attalus
3120 1385 3321 1442 infert:
3351 1385 3455 1440 «In
3502 1384 3593 1439 his

2030 1478 2193 1545 paulo
2228 1475 2500 1533 infelicius
2528 1486 2686 1547 poeta
2714 1477 3078 1545 conﬂictatur,
3109 1477 3438 1533 ineamdem
3468 1491 3595 1531 sen-

2031 1569 2254 1622 tentiam
2308 1569 2596 1625 incurrens
2637 1570 2871 1639 saepius;
2899 1585 3075 1639 neque
3123 1570 3305 1640 plane,
3358 1583 3422 1622 ac
3454 1568 3595 1622 citra

2032 1658 2288 1728 ambages
2310 1659 2611 1713 orationem
2638 1659 2940 1728 esplicaus.
2973 1658 3087 1714 Hoc
3107 1660 3252 1714 enim
3280 1656 3594 1729 significare

2033 1742 2178 1815 vult;
2213 1748 2398 1805 stellas
2442 1750 2583 1805 inter
2619 1748 2810 1804 Cetum
2861 1758 2915 1804 et
2947 1748 3390 1805 Gubernaculum
3432 1750 3591 1817 sitas,

365 1858 577 1929 Κήτους
626 1855 720 1907 καὶ
764 1852 856 1906 τοῦ
897 1850 1162 1922 Πηδαλίου
1205 1847 1527 1917 τεταγμένοι
1556 1845 1811 1899 ὑποκάτω
1835 1842 1926 1897 τοῦ

2031 1852 2095 1893 ac
2132 1838 2327 1909 chori
2374 1839 2652 1909 subiectas
2700 1840 2847 1893 nulla
2890 1840 3305 1896 constellatione
3344 1843 3591 1911 censeri;

362 1946 610 2016 Δαγωοῦ,
636 1947 697 1998 ὲν
722 1944 893 1997 οὐδενὶ
922 1943 1104 2013 ἄστρῳ
1130 1938 1607 2011 καταριθμοῦνται,
1636 1935 1750 1996 ἀλλ’
1792 1934 1930 1990 εἰσιν

361 2037 653 2107 ἀνώνυμοι.
698 2033 913 2089 Πολλῶν
967 2032 1075 2103 γὰρ
1112 2029 1462 2102 ὑπαρχόντων
1523 2026 1787 2098 ἀστέρων,
1837 2024 1930 2078 καὶ

363 2128 517 2183 ἐνίων
549 2128 618 2181 τὰ
648 2125 850 2197 μεγέθη
890 2125 985 2177 καὶ
1006 2123 1074 2177 τὰ
1107 2121 1374 2195 χρώματα
1414 2121 1577 2190 ὅμοια
1621 2118 1872 2187 ἐχόντων,
1902 2117 1931 2168 6

362 2218 577 2293 πρῶτος
625 2216 878 2283 διατάξας
924 2214 993 2268 τὰ
1049 2214 1252 2286 ἄστρα,
1306 2215 1399 2267 καὶ
1453 2212 1594 2266 κατά
1647 2210 1931 2273 συστάσεις

362 2313 611 2377 ἑκάστοις
637 2313 806 2382 ὄνομα
846 2309 1109 2381 περιθεὶς,
1144 2309 1244 2362 οὐκ
1276 2307 1342 2363 ἂν
1371 2305 1621 2377 ἐδυνήθη,
1658 2303 1931 2375 σποράδην

361 2406 539 2459 αὐτῶν
563 2403 847 2475 κειμένων,
880 2402 975 2473 τὴν
1006 2400 1298 2469 ἐπίγνωσιν
1321 2398 1499 2453 αὐτῶν
1536 2396 1856 2468 λαμϐάνειν,
1882 2396 1931 2449 εί

364 2492 440 2562 μὴ
480 2489 656 2543 λαϐὼν
699 2488 759 2553 ἐξ
806 2488 985 2542 αὐτῶν
1020 2489 1146 2551 τοὺς
1180 2487 1511 2558 δυναμένους
1546 2489 1662 2558 μετ’
1691 2485 1931 2557 ἀλλήλων

360 2580 731 2651 διασημαίνειν
779 2596 834 2630 τι
883 2576 991 2631 τῶν
1038 2576 1273 2648 ἄστρων,
1319 2574 1492 2640 οὕτως
1546 2574 1932 2646 κατωνόμασεν

360 2672 520 2726 αὑτά.
558 2692 577 2724 υ
608 2675 766 2725 Δοκεῖ
795 2671 853 2724 δέ
901 2686 990 2741 μοι
1020 2671 1127 2723 πᾶν
1150 2669 1459 2723 τούναντίον
1481 2670 1509 2722 6
1539 2669 1637 2738 μὲν
1673 2668 1931 2732 Ἀτταλος

365 2765 440 2836 μὴ
472 2765 871 2836 κικρατηκέναι
912 2764 1012 2834 τῆς
1038 2761 1130 2816 τοῦ
1164 2761 1390 2830 ποιητοῦ
1423 2760 1694 2824 διανοίας⁸
1728 2761 1823 2814 καὶ⁵
1868 2762 1930 2813 οὑ

365 2856 523 2927 μόνον
567 2855 744 2916 τοῦτο,
795 2854 930 2908 ἀλλά
973 2855 1067 2907 καὶ
1110 2854 1175 2925 ἥν
1230 2852 1487 2926 προέθετο
1530 2853 1770 2906 διάνοιαν
1823 2852 1932 2905 τῶν

364 2947 562 3017 στίχων
602 2945 913 3011 ἀποδοῦναι,
949 2944 1083 3015 μηδὲ
1111 2941 1313 3012 ταύτην
1342 2942 1528 3010 σαφῶς
1551 2983 1566 3007 ,
1609 2943 1722 2995 ἀλλ’
1766 2943 1930 2995 ἀσυν-

363 3035 501 3101 ἐτως
535 3036 904 3107 ἐξενηνοχέναι
927 3053 943 3068 ο
974 3038 1003 3088 6
1025 3035 1206 3106 μέντοι
1227 3052 1291 3103 γε
1323 3036 1553 3107 Ἀρατος
1586 3035 1931 3107 κεκρατημέ-

363 3145 468 3192 νως
528 3125 940 3180 ἀποδεδωκέναι.
993 3125 1249 3179 Βούλεται
1299 3126 1406 3197 γὰρ
1452 3126 1669 3195 λέγειν,·
1706 3127 1787 3180 ὅτι
1835 3145 1930 3197 με-

361 3219 493 3284 ταξὺ
524 3219 616 3272 τοῦ
644 3218 906 3289 Πηδαλίου
945 3217 1041 3272 καὶ
1071 3217 1163 3271 τοῦ
1204 3219 1417 3290 Κήτους
1450 3219 1554 3271 ὑπὸ
1585 3219 1675 3271 τὸν
1704 3218 1926 3287 Λαγωὸν

363 3314 566 3364 κεῖνται
594 3310 819 3381 ἀστέρες
851 3308 1140 3380 ἀνώνυμοι,
1177 3309 1345 3377 ὀλίγοι
1382 3309 1461 3381 τῷ
1505 3310 1696 3381 πλήθει
1730 3312 1823 3365 καὶ
1851 3311 1928 3382 τῷ

366 3402 604 3472 μεγέθει.
636 3402 710 3456 Οὐ
738 3404 845 3473 γάρ
877 3400 1048 3465 οὕτως
1075 3403 1301 3466 κεῖνται,
1334 3400 1473 3454 ὥστε
1510 3402 1574 3453 ὲκ
1599 3401 1699 3471 τῆς
1728 3401 1928 3466 θέσεως

362 3494 540 3547 αὐτῶν
563 3494 762 3565 ὁμοίως
784 3492 1228 3564 διαμορφωθῆναι
1258 3491 1394 3557 ζῶα,
1433 3493 1467 3566 ἢ
1499 3492 1929 3563 κατασκεύασμα

358 3605 432 3651 τι,
462 3581 551 3640 οἷά
590 3588 705 3638 ἐστι
749 3585 821 3638 τὰ
863 3584 1025 3637 λοιπά
1056 3585 1250 3656 ἄστρα,
1292 3583 1327 3637 ἀ
1357 3583 1655 3652 διετύπωσέ
1698 3600 1781 3646 τις
1819 3583 1927 3637 τῶν

330 3678 600 3748 ,ἀρχαίων
619 3694 633 3709 ’
662 3680 762 3731 οῦκ
790 3677 871 3730 ἔτι
897 3678 954 3731 δὲ
984 3676 1290 3743 ἐπεϐάλετο⁴
1324 3677 1500 3729 πάντα
1527 3676 1925 3747 διαμορφῶσαι.

361 3766 575 3820 Πολλῶν
601 3767 707 3838 γὰρ
739 3768 907 3820 ὄντων
953 3767 1195 3837 ἀστέρων
1227 3765 1334 3820 τῶν
1369 3767 1488 3819 κατ’
1523 3766 1658 3819 ἰδίαν
1681 3765 1927 3838 διερριμ-

364 3855 561 3926 μένων,
590 3857 688 3909 οὐκ
718 3855 783 3909 ἂν
817 3855 1044 3928 ἐδυνήθη
1081 3855 1160 3908 svi.
1213 3855 1454 3926 σχήματι
1513 3853 1836 3924 μεταλαϐεῖν
1879 3855 1926 3886 ⁷⁸

360 3947 554 4011 αὐτοὺς
582 3947 762 4017 ἤλιθα
790 3946 1115 4017 μορφώσας
1135 3963 1146 3975 ·
1185 3946 1250 4007 δι’
1281 3948 1345 4017 ἣν
1372 3945 1548 3999 αἰτίαν
1576 3945 1748 4010 ἔδοξεν
1780 3943 1926 4016 αὐτῷ

359 4039 483 4101 τοὺς
531 4040 966 4109 παρακειμένους
1022 4056 1137 4102 πως
1195 4037 1445 4108 ἀλλήλοις
1498 4039 1770 4108 ἀστέρας,
1832 4038 1926 4091 καὶ

358 4127 667 4200 ὁμηγερέες
744 4128 822 4198 τῷ
872 4128 1096 4199 ὀνόματι
1149 4127 1473 4190 διαπλάσαι,
1531 4128 1624 4179 καὶ
1666 4127 1925 4196 ὀνοματο-

360 4235 607 4289 ποιησαι.

431 4334 527 4388 ΙΘ’.
545 4334 699 4404 Ἑξῆς
713 4335 770 4391 δέ
786 4351 946 4405 φησιν
960 4336 989 4388 6
1008 4335 1239 4405 ’Ἄρατος
1267 4335 1394 4406 περὶ
1410 4333 1504 4389 τοῦ
1519 4336 1887 4409 Θυμιατηρίου
1909 4356 1922 4369 ο

359 4447 554 4515 Αὐτὰρ
590 4449 693 4501 ὑπ’
725 4448 1014 4517 αἰθομένῳ
1048 4446 1273 4518 κέντρῳ,
1295 4448 1504 4517 τέραος
1527 4449 1808 4518 μεγάλοιο

359 4518 675 4587 Σκορπίου,
706 4517 843 4586 ἄγχι
873 4519 1092 4577 νότοιο.
1123 4517 1412 4585 Θυτήριον
1442 4517 1763 4587 ιιὶωρεῖταιυ⁵

366 4586 483 4643 Τοῦ
504 4586 580 4656 δή
614 4603 703 4640 τοι
731 4588 937 4656 ὀλίγον
963 4588 1079 4657 μὲν
1118 4587 1218 4638 ἐπὶ
1249 4590 1471 4657 χρόνον
1511 4586 1684 4660 ὑψόθ’
1718 4592 1924 4656 ἐόντος

359 4724 649 4796 Πεύσεαιο
691 4724 1026 4796 ἀντιπέρην
1069 4726 1180 4796 γὰρ
1225 4729 1477 4792 ἀείρεται
1532 4728 1918 4795 Ἀρκτούροιο.

359 4795 467 4874 [fui
496 4792 610 4874 τοῦ
630 4794 747 4862 μὲν
766 4795 950 4874 μείᾴαΔ
966 4792 1173 4874 animi).
1196 4792 1623 4874 petriqgoleldt
1652 4792 1922 4874 κέλὲιζθοι

370 4864 724 4935 Ἀρκτούρου
749 4879 763 4893 ’
812 4864 878 4918 τὸ
916 4864 984 4917 δὲ
1032 4864 1264 4921 θᾶσσον
1311 4864 1410 4937 1335’
1466 4869 1752 5006 ἑσπερίην
1785 4868 1922 4948 ,ἅλα

1714 4955 1916 4991 rectm.

1714 4955 1916 4991 νειται.

440 5045 529 5100 Ἑν
555 5046 611 5099 δὲ
636 5045 845 5110 τούτοις
890 5047 1035 5101 δοκεῖ
1064 5066 1154 5118 μοι
1192 5051 1403 5117 ἀγνοεῖν
1432 5053 1460 5103 6
1488 5052 1739 5122 ΙἈρατος,
1782 5052 1920 5105 ὑπο-

357 5136 645 5207 λαμϐάνων
692 5141 815 5192 ὅσον
862 5139 1056 5210 ἀπέχει
1088 5139 1117 5191 6
1162 5141 1486 5213 Ἀρκτοῦρος
1535 5142 1643 5196 ἀπὸ
1688 5142 1784 5195 τοῦ
1834 5144 1920 5196 ἀεὶ

358 5226 591 5299 φανεροῦ
629 5228 815 5294 πόλου,
863 5230 1113 5283 τοσοῦτον
1155 5231 1377 5302 ἀπέχειν
1418 5232 1513 5285 καὶ
1546 5232 1608 5286 τὺ
1646 5232 1921 5305 Θυμιατή-

356 5336 472 5391 ριον
502 5319 610 5372 ἀπὸ
636 5318 729 5373 τοῦ
776 5322 950 5374 νοτίου
983 5321 1146 5376 πόλου
1167 5340 1183 5355 ⁸
1212 5324 1412 5393 ὁμοίως
1446 5323 1502 5376 δὲ
1530 5322 1624 5376 καὶ
1658 5325 1687 5375 6
1727 5325 1921 5376 Ἀττα-

356 5412 446 5475 λος
470 5449 485 5475 ,
543 5412 619 5476 ὡς
661 5412 726 5466 ἂν
777 5415 1304 5486 συναποφαινόμενος
1349 5415 1517 5486 αὐτῷ,
1554 5418 1750 5484 ἀγνοεῖ.
1807 5419 1921 5484 Ἐξ-

354 5502 660 5583 ηγούμενος
686 5503 796 5576 γὰρ
823 5505 923 5576 τὴν
951 5508 1187 5561 διάνοιαν
1222 5507 1330 5560 τῶν
1354 5508 1654 5579 εἰρημένων
1702 5509 1917 5580 στίχων,

354 5591 498 5661 λέγει
530 5592 701 5656 οὕτως
721 5612 734 5625 ο
774 5586 797 5646 ι’
831 5597 967 5668 Περὶ
993 5597 1059 5663 δὲ,
1085 5598 1177 5664 τοῦ
1203 5598 1569 5669 Θυμιατηρίου
1606 5599 1919 5672 ποιούμενος

435 5796 482 5827 ⁷⁸
512 5794 632 5865 Req.
672 5797 1014 5865 μεταϐαλεῖν.

2031 1930 2126 1985 sed
2157 1931 2522 2001 appellatione
2554 1946 2762 1987 carere.
2804 1931 2940 1987 Cum
2971 1932 3116 1986 enim
3148 1933 3317 1988 stellae
3347 1935 3594 2004 complu—

2029 2038 2118 2078 res
2151 2031 2355 2089 essent,
2390 2030 2444 2078 et
2476 2039 2542 2078 es.
2567 2024 2634 2078 iis
2664 2025 2870 2094 aliquot
2899 2024 3292 2096 magnitudine,
3325 2041 3389 2080 ac
3410 2026 3596 2081 colore

2030 2116 2278 2183 similes;
2314 2117 2405 2186 qui
2437 2117 2647 2187 primus
2677 2117 2856 2172 sidera
2887 2117 3138 2187 digessit,
3163 2126 3216 2172 et
3238 2133 3336 2187 per
3362 2119 3593 2173 constel-

2018 2207 2262 2262 lationes
2307 2206 2618 2263 distributis
2657 2209 2890 2277 singulis
2940 2207 3330 2279 appeiiationes
3372 2209 3591 2273 indidit,

2031 2315 2138 2354 non
2186 2299 2455 2370 potuisset
2496 2300 2729 2370 sparsim
2775 2315 2870 2354 eas
2918 2301 3212 2355 collocatas
3245 2300 3591 2371 dignoscere,

2029 2393 2136 2447 nisi
2163 2392 2315 2463 prius
2343 2408 2439 2449 cas
2460 2408 2491 2448 e
2523 2392 2680 2447 turba
2706 2393 3010 2466 selegisset,
3041 2408 3163 2464 quae
3200 2394 3255 2447 in
3283 2409 3449 2447 unum
3472 2393 3592 2448 col-

2030 2485 2183 2541 lectae
2226 2493 2427 2542 certam
2471 2468 2817 2558 conligurare
2852 2494 3075 2559 possent
3121 2486 3381 2557 elligiem;
3433 2493 3597 2557 atque

2029 2578 2105 2632 ita
2168 2578 2283 2645 suis
2338 2580 2619 2643 vocabulis
2669 2580 2921 2646 alliceret.
2961 2600 2979 2632 s
3034 2579 3195 2649 Atqui
3256 2579 3592 2634 contrarium

2029 2680 2259 2736 prorsus
2296 2667 2794 2738 existimozneque
2844 2669 3086 2722 Attalum
3132 2676 3306 2737 poetze
3355 2676 3593 2724 mentem

2032 2766 2342 2813 assecutum
2380 2757 2580 2825 fuisse;
2615 2767 2669 2831 et
2712 2775 2877 2830 quam
2913 2775 3169 2815 versuum
3204 2760 3421 2815 illorum
3465 2776 3594 2815 sen-

2032 2849 2253 2902 tentiam
2303 2851 2575 2920 explicare
2623 2852 2916 2914 cupiebat,
2968 2852 3203 2907 obscure
3238 2851 3596 2923 impcriteque

2029 2939 2339 2997 declarasse
2366 2960 2381 2994 :
2407 2942 2634 2998 Aratum
2658 2942 2889 3013 denique
2917 2943 2971 2998 id
3001 2943 3148 3013 quod
3180 2958 3272 2998 res
3301 2950 3385 2999 est
3414 2943 3597 3013 perfe-

2032 3042 2116 3086 cte
2144 3031 2504 3102 signiﬁcasse.
2556 3034 2653 3090 llic
2693 3036 2837 3090 enim
2868 3036 3038 3089 voluit
3066 3037 3207 3089 inter
3238 3033 3593 3090 Gubernacu-

2032 3124 2141 3177 lum
2163 3132 2217 3180 et
2245 3124 2432 3180 Cetum
2463 3126 2566 3180 sub
2594 3126 2801 3197 Lepore
2829 3127 2965 3181 sitas
2987 3141 3109 3181 esse
3138 3135 3388 3181 carentes
3415 3128 3592 3179 nomi-

2033 3214 2196 3269 nibus
2239 3215 2445 3279 stellas,
2474 3231 2702 3271 numero
2738 3225 2793 3271 et
2838 3215 3212 3286 magnitudine
3247 3218 3448 3286 pariter
3476 3217 3593 3271 exi-

2028 3321 2186 3375 guas.
2233 3305 2351 3360 Non
2383 3307 2527 3362 enim
2563 3307 2636 3362 ita
2672 3308 2971 3362 collocatas
3009 3323 3152 3367 esse.
3185 3316 3243 3361 ut
3278 3291 3357 3363 {ex
3399 3322 3588 3363 earum

2030 3395 2137 3448 situ
2173 3397 2396 3465 perinde
2430 3397 2761 3452 conformari
2794 3407 2998 3469 queant
3035 3399 3310 3465 animalia,
3346 3399 3431 3454 vel
3460 3414 3592 3454 con-

2030 3488 2355 3544 stellationis
2399 3489 2636 3559 aliquid;
2671 3491 2980 3561 cuiusmodi
3018 3498 3145 3546 sunt
3173 3500 3321 3547 astra
3357 3492 3589 3562 reliqua.

2029 3592 2149 3647 quae
2183 3590 2424 3633 veterum
2456 3580 2657 3650 aliquis
2687 3582 2741 3635 in
2782 3580 3237 3653 formasredegit
3268 3603 3280 3636 :
3306 3584 3381 3637 ita
3411 3593 3590 3639 tamen

2030 3653 2088 3721 ut
2124 3682 2235 3722 non
2285 3669 2540 3725 omnibus
2588 3669 2815 3742 ﬁguram
2868 3671 3093 3726 auderet
3138 3670 3410 3742 aliingere.
3456 3669 3590 3725 Nam

2035 3774 2160 3814 cum
2198 3761 2383 3831 plures
2410 3769 2595 3817 essent
2630 3763 2818 3825 stcllm,
2860 3763 3287 3834 singulatimque
3310 3763 3590 3834 dispersae,

2029 3867 2308 3921 nunquam
2347 3868 2441 3908 eas
2472 3854 2740 3931 potuisset
2772 3868 2881 3909 una
2923 3855 3176 3925 quapiam
3227 3854 3398 3926 efﬁgie
3443 3871 3592 3910 com-

2028 3943 2219 4013 plecti,
2256 3962 2275 3995 ι
2306 3944 2594 4000 confertim
2621 3946 2882 4016 elligians.
2913 3965 2932 3999 ι
2968 3947 3140 4013 Quam
3169 3948 3239 4001 ob
3260 3962 3480 4003 causam
3513 3949 3593 4002 vi-

2028 4050 2149 4090 sum
2174 4043 2257 4090 est
2283 4035 2358 4089 illi
2388 4036 2598 4091 vicinas
2627 4036 2856 4092 invicem
2890 4039 3096 4106 stellas,
3126 4021 3258 4094 etin
3290 4055 3456 4095 unum
3478 4040 3595 4094 ccl-

2027 4126 2199 4181 lectas
2230 4127 2398 4183 certis
2426 4128 2907 4200 comprehendere,
2954 4145 3017 4184 ac
3052 4129 3397 4185 conlormare
3425 4145 3590 4185 voca-

2025 4218 2189 4275 bulis.

2096 4331 2236 4401 XIX.
2285 4331 2415 4389 Post
2444 4333 2558 4389 haec
2581 4334 2783 4390 Aratus
2819 4335 2887 4390 de
2916 4334 3022 4388 Ara
3055 4336 3128 4389 ita
3160 4335 3350 4391 scribit
3377 4355 3392 4390 :

2027 4446 2098 4516 At
2118 4445 2214 4500 sub
2245 4447 2504 4516 flagrante
2527 4446 2706 4500 aculeo
2736 4448 2956 4500 monstri
2982 4447 3204 4516 ingentis

2032 4514 2260 4584 Scorpii,
2296 4514 2454 4585 prope
2476 4526 2738 4581 austrum,
2770 4519 2879 4570 Ara
2908 4514 3132 4584 pendet:

2031 4586 2207 4652 Quam
2253 4597 2388 4641 certe
2437 4586 2698 4640 modicum
2752 4586 2961 4655 quidem
3005 4586 3074 4640 ad
3128 4596 3327 4655 tempus
3375 4602 3587 4641 sursum

3163 4655 3514 4727 [exsistentem

2025 4725 2226 4781 Senties
2248 4741 2268 4782 :
2292 4743 2320 4780 e
2350 4726 2557 4791 regione
2586 4726 2725 4780 enim
2746 4726 3010 4780 attollitur
3032 4725 3269 4781 Arcturi.

2024 4798 2091 4848 At
2114 4796 2270 4865 hujus
2292 4782 2501 4865 quidem
2530 4796 2820 4865 admodum
2836 4797 3059 4849 multum
3081 4796 3328 4851 sublimes
3352 4806 3470 4850 sunt
3491 4799 3586 4853 via:

2026 4863 2274 4921 Arcturi:
2293 4863 2390 4919 illa
2412 4882 2529 4920 vero
2555 4866 2711 4919 citius
2736 4863 2831 4920 sub
2856 4866 3129 4920 occiduum
3154 4883 3299 4921 mare
3327 4867 3476 4920 redit.

2093 5042 2153 5098 ln
2197 5044 2285 5099 his
2321 5043 2689 5098 lialluciuatus
2715 5044 2847 5098 mihi
2894 5044 3109 5099 videtur
3146 5043 3366 5106 Aratus,
3393 5044 3586 5099 existi-

2021 5152 2179 5191 mans
2208 5143 2472 5205 quantum
2506 5134 2576 5188 ab
2612 5141 2905 5204 apparente
2937 5149 3152 5203 semper
3187 5134 3397 5189 circulo
3419 5133 3585 5188 distat

2020 5229 2310 5293 Arcturus,
2336 5235 2547 5281 tantum
2594 5227 2663 5281 ab
2708 5226 2933 5281 australi
2962 5225 3089 5295 polo
3132 5224 3296 5278 Aram
3328 5239 3451 5279 esse
3497 5239 3585 5278 re-

2021 5330 2220 5375 motam
2248 5336 2264 5385 ;
2294 5327 2410 5374 tum
2444 5300 2605 5375 etiam
2631 5320 2845 5375 Attalus
2868 5320 3045 5375 eidem
3074 5332 3333 5373 assensus
3355 5319 3580 5381 erravit,

2022 5411 2156 5464 Nam
2195 5426 2384 5467 eorum
2428 5425 2709 5476 versuum,
2740 5426 2879 5480 quos
2920 5409 3224 5477 attulimus,
3256 5408 3582 5466 sententiam

2025 5504 2112 5559 his
2140 5503 2320 5558 verbis
2340 5503 2577 5572 explicat
2602 5521 2615 5555 :
2654 5520 2673 5553 ι
2699 5500 2774 5558 De
2796 5502 2903 5556 Ara
2928 5515 3234 5557 sermonem
3265 5480 3603 5564 iustituens,‘

2030 5594 2105 5648 ait
2130 5593 2303 5676 ipsam
2335 5593 2714 5663 adnunquam
2739 5601 3085 5664 apparentem
3119 5592 3383 5648 circulum
3419 5591 3581 5646 sitam
