4132 6430
480 389 610 445 1047

1457 387 1548 440 AD
1585 381 1856 442 unseen
1887 341 2280 438 canonicos
2318 379 2682 435 APPENDIX.

3567 371 3706 428 1048

478 504 570 558 sed
613 501 933 573 obscuriori]
953 517 1020 558 ac
1061 503 1349 574 perexiguo
1397 503 1732 558 discrimine.
1765 521 1781 552 ι
1831 497 2032 554 Verum

2144 500 2162 551 5
2191 495 2340 568 ἣλιος
2371 497 2688 566 ποιούμενος
2709 511 2722 526 ·
2755 495 3084 566 ἀδηλοτέραν
3125 493 3181 546 δὲ
3213 487 3412 560 πολλῷ,
3445 487 3542 542 καὶ
3573 505 3712 542 παν-

475 592 580 646 hac
611 591 668 644 in
703 605 758 644 re
806 589 1080 646 inscitiam
1115 607 1268 648 suam
1315 591 1618 660 prodidisse
1649 591 1780 646 mihi
1829 589 2039 643 videtur

475 681 712 744 Attalus,
747 696 870 734 cum
913 681 1190 737 existimat
1223 682 1390 736 solem
1433 681 1704 736 interdum
1745 682 2038 736 australio-

479 787 604 836 res,
657 773 930 836 interdum
975 773 1303 828 borealiorcs
1361 773 1560 827 habere
1613 778 2033 829 conversiones:

477 861 709 934 ideoque
739 863 878 918 latos
901 862 1028 932 tingi
1063 863 1302 918 circulus
1323 847 1597 932 oportere.
1617 863 1829 918 Etenim
1860 865 1904 919 si
1931 881 2039 918 non

477 967 578 1022 per
609 954 844 1016 medium
863 953 1142 1022 signorum
1165 953 1430 1008 circulum
1457 955 1536 1008 sol
1561 963 1828 1020 movetur,
1857 955 1952 1010 sed
1971 955 2040 1008 ab

475 1059 542 1098 eo
569 1043 802 1100 declinat
836 1045 888 1098 in
923 1045 1362 1120 septentrionem.
1387 1045 1472 1099 vel
1513 1047 1816 1110 meridiem,
1845 1061 2037 1116 quem-

482 1133 768 1190 admodum
813 1136 982 1190 luna:
1015 1151 1358 1205 consequens
1387 1144 1473 1192 est
1521 1137 1794 1202 umbram,
1845 1153 1964 1208 qua:
2007 1154 2062 1194 a.

481 1239 626 1284 terra
654 1227 922 1296 provenit,
955 1228 1142 1284 eodem
1187 1228 1348 1282 modo
1389 1229 1608 1284 variari.
1667 1229 1788 1296 Quo
1839 1231 2036 1299 posito,

481 1317 623 1372 inme
671 1317 907 1386 deliquia
957 1317 1248 1386 plurimum
1303 1319 1370 1372 ab
1417 1321 1809 1390 astrologorum
1845 1322 2042 1390 praedi-

477 1407 754 1472 ctionibus
791 1408 1106 1476 discrepare
1149 1423 1374 1464 necesse
1401 1409 1490 1472 sit,
1545 1425 1668 1464 cum
1701 1411 1804 1465 hoc
1831 1412 1908 1466 illi
1947 1427 2040 1466 su-

475 1503 626 1547 mant
664 1493 716 1547 in
749 1495 898 1549 omni
932 1497 1249 1565 operatione
1287 1513 1386 1552 sua
1415 1515 1430 1564 ;
1465 1499 1700 1554 medium
1746 1500 1952 1556 umbrae
1983 1501 2038 1554 in

475 1590 793 1648 transeunte
821 1599 916 1654 per
943 1583 1120 1640 media
1157 1587 1314 1658 signa
1349 1587 1556 1642 circulo
1601 1591 1828 1644 moveri.
1873 1591 2036 1660 Atqui

473 1689 584 1728 non
611 1674 732 1743 plus
765 1672 948 1744 digitis
981 1673 1198 1731 duobus
1221 1675 1492 1730 interdum
1525 1717 1539 1743 ,
1572 1677 1734 1748 idque
1773 1695 2036 1749 perraro;

481 1765 552 1819 ab
575 1765 1026 1840 exquisitissimis
1049 1767 1356 1822 ratiociniis
1381 1767 1660 1824 diﬂ‘erunt.
1690 1771 1884 1826 Dicere
1911 1787 2038 1826 vero

474 1861 679 1910 tantam
727 1855 954 1910 circulis
1002 1856 1124 1912 istis
1173 1857 1356 1914 inesse
1401 1858 1765 1928 latitudinem,
1817 1862 2042 1931 perinde
2071 1843 2117 1898 Β

473 1955 558 2002 est
598 1959 662 2000 ac
705 1946 1006 2004 latitudinis
1051 1957 1302 2018 expertes
1352 1948 1532 2006 facere
1567 1967 1580 2004 :
1613 1959 1674 2006 ut
1723 1952 1858 2006 illud
1889 1953 2044 2006 omit-

474 2043 606 2102 tam,
641 2051 749 2090 non
785 2037 918 2094 satis
945 2046 1218 2104 constare,
1249 2047 1432 2094 utrum
1449 2057 1514 2094 ex
1539 2041 1673 2096 solis
1709 2057 1780 2095 an
1803 2057 1870 2098 ex
1901 2043 2042 2098 luna:

475 2134 624 2180 motu
652 2127 954 2198 contingat,
1007 2135 1066 2182 ut
1099 2129 1156 2183 in
1197 2115 1482 2187 lunaribus
1529 2133 1781 2204 deliquiis
1833 2143 2040 2188 tantum

473 2217 754 2274 varietatis
782 2218 1008 2274 incidat.
1041 2220 1121 2275 Ad
1151 2219 1266 2276 haec
1295 2223 1534 2292 tr0picos
1573 2223 1836 2279 duntaxat
1866 2226 2044 2281 circu-

475 2310 558 2364 los
590 2325 652 2365 ea
679 2311 746 2364 de
766 2325 932 2365 causa
951 2311 1293 2367 latitudinem
1314 2313 1514 2368 habere
1531 2321 1640 2368 tam
1657 2315 1858 2370 Aratus
1878 2331 2042 2386 quam

473 2398 842 2454 mathematici
871 2399 1178 2466 finxerunt;
1217 2404 1652 2472 aequinoctialem
1676 2421 1806 2461 vero
1835 2422 2044 2476 nequa-

475 2505 660 2560 quam.
691 2489 797 2546 Sed
822 2501 878 2546 ut
913 2495 1167 2550 universe
1199 2495 1414 2565 loquar,
1461 2497 1873 2556 mathematicos
1907 2499 2042 2556 istos

475 2595 687 2648 omnes,
735 2599 872 2653 quos
921 2583 1057 2646 dixi.
1095 2586 1329 2642 arbitror
1357 2589 1560 2642 nullam
1603 2591 1825 2659 tr0picis
1859 2592 2042 2646 circu-

479 2676 566 2744 lis,
613 2687 708 2732 aut
755 2677 1160 2748 aequinoctiali,
1211 2689 1303 2734 aut
1353 2697 1568 2752 semper
1603 2687 1906 2755 apparenti,
1957 2689 2042 2743 vel

476 2781 692 2836 semper
717 2769 953 2832 occulto,
985 2769 1326 2826 latitudinem
1363 2773 1640 2829 tribuisse.
1695 2773 1829 2830 Nam
1863 2793 1929 2833 ne
1957 2793 2044 2832 co-

475 2857 700 2934 gitando
729 2859 946 2927 quidem
983 2859 1110 2930 ﬁngi
1155 2869 1352 2931 potest,
1389 2863 1552 2918 ullam
1609 2865 1755 2934 ipsos
1801 2867 2043 2922 latitudi-

477 2965 598 3004 nem
629 2951 846 3007 habere.
903 2951 979 3006 ita
1030 2953 1230 3024 quippe
1277 2955 1522 3027 singulos
1571 2957 1866 3015 informare
1911 2975 2040 3015 con-

477 3044 786 3112 templando
815 3045 1075 3112 solemus,
1099 3057 1158 3101 ut
1193 3048 1522 3118 cogitatione
1558 3059 1894 3108 constantem
1923 3053 2042 3108 sola

479 3132 697 3194 lineam,
741 3149 840 3188 nec
879 3134 1165 3190 latitudine
1205 3135 1482 3206 praeditam
1517 3138 1771 3194 habeant.
1819 3139 2043 3196 Prteterv

475 3239 538 3279 ea
587 3239 708 3279 cum
761 3233 1014 3282 asserunt
1087 3228 1520 3296 aequinoctialem
1577 3237 1630 3284 et
1689 3230 1972 3286 zodiacum
2012 3247 2042 3287 e

475 3316 726 3373 maximis
757 3319 812 3372 in
861 3319 1072 3388 spltrera
1125 3321 1350 3376 circulis
1397 3337 1541 3385 esse,
1607 3323 1760 3377 etab
1810 3331 2044 3394 utroque

477 3407 722 3478 bipertiri
756 3409 1022 3480 Sphaeram
1061 3431 1074 3466 :
1105 3421 1216 3466 tum
1256 3413 1488 3476 zodiaci,
1525 3415 1840 3484 aequatoris,
1895 3415 2044 3470 hori-

475 3495 652 3562 aontis
679 3503 734 3549 et
765 3498 1054 3552 meridiani
1087 3499 1228 3554 idem
1259 3516 1382 3556 esse
1413 3511 1658 3556 centrum
1691 3521 1705 3568 ;
1757 3503 2040 3559 zodiacum

477 3585 698 3654 insuper
729 3587 782 3641 in
840 3603 950 3644 uno
991 3599 1194 3658 puncto
1245 3593 1486 3660 tr0picos
1536 3593 1892 3663 contingere;
1944 3610 2044 3650 nec

475 3689 586 3737 non
621 3673 892 3743 ejusmodi
941 3679 1047 3732 alia
1101 3679 1358 3750 pleraque
1393 3697 1406 3732 :
1443 3683 1576 3737 satis
1607 3683 1862 3738 omnibus
1913 3683 2046 3740 iisce

475 3767 850 3824 demonstrant
895 3769 1132 3824 circulos
1163 3772 1284 3826 illos
1331 3771 1632 3828 latitudinis
1669 3787 1790 3828 esse
1820 3789 2044 3844 prorsus

475 3865 754 3928 expertus.
792 3858 934 3913 Nihil
970 3861 1114 3914 enim
1157 3876 1222 3916 ex
1257 3861 1324 3916 iis
1367 3863 1620 3918 omnibus
1664 3871 1812 3919 recte
1861 3873 2044 3934 posset

475 3951 753 4018 usurpari,
781 3951 826 4005 si
859 3951 949 4003 lati
980 3961 1162 4006 essent
1195 3953 1357 4008 iidem
1406 3954 1594 4008 circuli
1622 3973 1637 4022 ;
1691 3970 1792 4010 nec
1841 3957 1894 4010 in
1937 3973 2042 4011 una

477 4047 686 4095 tantum
712 4040 818 4106 die,
845 4041 936 4096 sed
967 4042 1214 4112 pluribus
1237 4045 1624 4113 mquinoctium
1651 4043 2044 4118 ﬁeret.Quippe

477 4131 560 4185 sol
595 4131 828 4200 plurium
875 4135 928 4188 in
974 4135 1336 4204 aequinoctiali
1363 4136 1570 4190 circulo
1602 4137 1809 4192 dierum
1835 4153 2040 4194 moram

476 4221 699 4287 faceret,
737 4225 782 4278 si
821 4225 866 4279 is
893 4227 1179 4282 latitudine
1207 4235 1505 4283 constaret.
1556 4228 1692 4282 Tum
1725 4230 1778 4283 in
1817 4245 2045 4300 gnomo-

477 4315 616 4370 nicis
659 4317 914 4372 omnibus
959 4319 1314 4374 conficiendis
1353 4319 1660 4376 rationibus
1707 4320 1812 4375 hoc
1847 4319 2042 4380 funda-

477 4407 640 4460 menti
669 4408 840 4462 instar
881 4409 1206 4478 adhibetur;
1251 4411 1418 4464 latum
1449 4411 1676 4466 istorum
1709 4411 2040 4466 circulorum

2143 587 2311 651 τελῶς
2347 588 2554 658 ὀλίγην.
2591 606 2608 638 ι
2660 589 2816 640 Δοκεῖ
2847 587 2909 656 δή
2947 601 3037 655 μοι
3075 583 3169 636 καὶ
3197 583 3255 634 ἐν
3285 581 3492 644 τούτοις
3517 581 3546 632 ὁ
3577 581 3710 632 Ἀτ-

2139 680 2298 742 ταλος
2327 680 2556 746 ἀγνοεῖν,
2596 677 2992 748 ὑπολαμϐάνων
3031 675 3122 728 τὸν
3145 675 3294 744 ἥλιον
3323 673 3454 726 ποτὲ
3485 671 3584 743 μὲν
3627 689 3711 724 νο-

2141 776 2422 846 τιωτέρας,
2447 775 2576 828 ποτὲ
2603 775 2659 827 δὲ
2691 773 3029 844 βορειοτέρας
3055 769 3320 824 ποιεῖσθαι
3349 767 3446 832 τὰς
3471 765 3706 838 τροπάς·

2143 867 2236 919 καὶ
2263 867 2348 920 διὰ
2369 865 2526 918 τοῦτο
2545 865 2654 918 δεῖν
2679 867 2806 928 τοὺς
2830 863 3062 926 κύκλους
3091 862 3310 924 πλατεῖς
3336 859 3706 914 ὑποτίθεσθαι.

2143 955 2206 1008 Ei
2235 955 2344 1026 γὰρ
2379 956 2452 1026 μὴ
2480 954 2573 1008 τὸν
2605 955 2692 1008 διὰ
2736 955 2914 1026 μέσων
2955 953 3064 1007 τῶν
3103 951 3306 1016 ζωδίων
3339 951 3560 1022 φέρεται
3607 953 3708 1004 κύ-

2143 1048 2268 1101 κλον
2297 1051 2325 1101 ὸ
2355 1047 2523 1118 ἥλιος,
2553 1047 2686 1101 ἀλλὰ
2713 1045 3082 1118 παραλλάσσει
3105 1041 3292 1096 τούτου
3319 1042 3454 1116 πρὸς
3473 1042 3710 1113 ἄρκτους

2143 1139 2236 1190 καὶ
2271 1136 2406 1208 πρὸς
2441 1134 2806 1206 μεσημϐρίαν,
2841 1133 2918 1196 ὡς
2947 1133 3100 1202 καὶὴ
3149 1130 3344 1200 σελήνη
3371 1144 3382 1156 ’
3417 1127 3592 1197 δῆλον,
3627 1126 3708 1180 ὅτι

2143 1230 2236 1282 καὶ
2264 1230 2296 1297 ἡ
2329 1228 2436 1281 ἀπὸ
2465 1227 2564 1296 τῆς
2607 1227 2707 1296 γῆς
2736 1225 2864 1278 σκιὰ
2889 1223 3088 1294 ὁμοίως
3113 1223 3296 1284 αὐτοῖς
3317 1219 3704 1292 παραλλάσσει.

2141 1319 2340 1374 Τούτου
2377 1319 2433 1372 δὲ
2459 1319 2766 1388 γινομένου,
2791 1317 2896 1369 ἔδει
2923 1316 3022 1378 τὰς
3057 1315 3155 1385 τῆς
3185 1313 3412 1384 σελήνης
3441 1309 3709 1380 ἐκλείψεις

2141 1412 2275 1464 πολὺ
2329 1411 2616 1480 διαφωνεῖν
2669 1409 2806 1479 πρὸς
2846 1407 2944 1472 τὰς
2991 1405 3429 1476 συντασσομένας
3467 1403 3570 1456 ὑπὸ
3601 1401 3708 1456 τῶν

2140 1503 2479 1576 ἀστρολόγων
2505 1502 2834 1572 προρρήσεις
2857 1517 2872 1530 ·
2907 1497 3309 1568 ὑποτιθεμένων
3339 1495 3402 1566 δὴ
3435 1495 3612 1549 αὐτῶν
3649 1495 3710 1546 ὲν

2139 1599 2258 1659 ταῖς
2285 1594 2688 1666 πραγματείαις
2717 1592 2778 1646 τὸ
2811 1591 2972 1662 μέσον
3003 1589 3104 1658 τῆς
3135 1589 3290 1650 σκιᾶς
3324 1585 3581 1658 φέρεσθαι
3617 1585 3710 1638 ἐπὶ

2139 1686 2234 1738 τοῦ
2259 1685 2348 1738 διὰ
2380 1686 2560 1755 μέσων
2587 1683 2694 1737 τῶν
2720 1682 2922 1746 ζωδίων
2951 1681 3170 1735 κύκλου.
3197 1681 3272 1730 (id
3300 1675 3624 1745 διαφωνοῦσι
3653 1675 3710 1728 δὲ

2143 1777 2302 1830 πλέον
2333 1777 2366 1848 ἢ
2401 1775 2682 1838 δακτύλοις
2723 1773 2862 1838 δυσὶ,
2919 1771 3159 1832 σπανίως
3201 1769 3259 1822 δὲ
3305 1768 3510 1840 σφόδρα
3555 1767 3709 1831 ποτὲ,

2146 1869 2282 1939 πρὸς
2321 1868 2418 1932 τὰς
2452 1867 2782 1940 χαριέστατα
2827 1862 3260 1932 συντεταγμένας
3307 1857 3709 1932 πραγματείας.

2146 1960 2219 2012 Τό
2245 1976 2310 2026 γε
2349 1957 2454 2030 μὴν
2481 1957 2656 2026 λέγειν
2689 1954 3004 2025 τηλικοῦτον
3033 1953 3234 2017 πλάτος
3273 1952 3418 2023 ἔχειν
3449 1949 3546 2004 καὶ
3582 1947 3710 2011 τοὺς

2147 2047 2376 2110 κύκλους
2409 2045 2521 2100 ίσον
2549 2047 2666 2098 ἐστὶ
2693 2044 2772 2114 τῷ
2799 2041 3060 2106 ἀπλατεῖς
3097 2042 3292 2104 αὐτοὺς
3323 2035 3668 2093 ὑποτίθεσθαι
3689 2053 3704 2066 ·

2145 2139 2312 2211 χωρὶς
2342 2138 2434 2191 τοῦ
2465 2138 2555 2190 καὶ
2577 2135 2707 2189 αὐτὸ
2729 2133 2886 2188 τοῦτο
2905 2132 3096 2204 ἄδηλον
3119 2127 3278 2196 εἶναι,
3309 2131 3532 2198 πότερον
3561 2125 3710 2198 παρά

2145 2231 2246 2301 τὴν
2283 2229 2377 2282 τοῦ
2407 2229 2560 2298 ἡλίου
2611 2228 2823 2296 κίνησιν
2855 2226 2887 2296 ἢ
2925 2223 3077 2295 παρὰ
3113 2225 3212 2295 τὴν
3245 2223 3344 2294 τῆς
3387 2221 3614 2290 σελήνης
3639 2217 3712 2272 τὰ

2151 2320 2350 2393 μεγέθη
2379 2319 2484 2372 τῶν
2511 2317 2608 2388 τῆς
2637 2317 2864 2386 σελήνης
2889 2313 3180 2384 ἐκλείψεων
3209 2314 3300 2367 ἐπὶ
3325 2311 3575 2366 τοσοῦτον
3599 2310 3714 2364 δια-

2149 2413 2330 2482 φωνεῖ.
2359 2411 2586 2464 Ἔπειτα
2617 2408 2744 2471 τοὺς
2769 2410 3059 2478 τροπικοὺς
3093 2407 3248 2478 μόνον
3275 2403 3362 2457 διὰ
3387 2403 3546 2456 τοῦτο
3577 2402 3714 2456 πλα-

2145 2506 2258 2568 τεῖς
2285 2504 2313 2555 ὃ
2351 2519 2409 2554 τε
2443 2503 2674 2572 Ἀρατος
2716 2500 2864 2568 ἔλεγε
2911 2499 3007 2552 καὶ
3044 2497 3093 2548 οἱ
3127 2495 3492 2566 μαθηματιιιολ⁴
3533 2491 3714 2546 ὕπετίυ

2147 2594 2328 2648 θεντο·
2357 2593 2449 2646 τὸν
2476 2592 2532 2646 δὲ
2567 2591 2872 2662 ἰσημερινὸν
2917 2589 3016 2641 οὐκ
3047 2587 3145 2640 ἔτι.
3181 2585 3419 2640 Καθόλου
3459 2601 3518 2636 τε
3558 2579 3710 2652 οἶμαι

2145 2681 2270 2742 τοὺς
2301 2679 2714 2750 μαθηματικοὺς
2747 2678 2990 2739 ἅπαντας
3020 2677 3144 2738 τοὺς
3171 2674 3490 2746 εἰρημένους
3535 2671 3710 2725 ἀπλα·

2145 2773 2258 2834 τεῖς
2285 2769 2630 2824 ὑποτίθεσθαι
2655 2769 2779 2833 τοὺς
2808 2769 3120 2840 τροπικοὺς,
3145 2765 3238 2820 καὶ
3261 2766 3350 2820 τὸν
3379 2761 3708 2836 ίιτημερινδν,

2147 2861 2356 2916 καὶτὸν
2401 2863 2487 2916 ἀεὶ
2516 2861 2767 2934 φανερὸν,
2805 2861 2896 2912 καὶ
2937 2859 3027 2912 τὸν
3065 2859 3151 2911 ἀεὶ
3180 2855 3380 2926 ἀφανῆ.
3429 2855 3562 2910 Οὐδὲ
3602 2855 3710 2924 γὰρ

2146 2956 2429 3024 ἐπινοῆσαι
2459 2955 2679 3008 δυνατόν
2718 2956 2834 3006 ἐστι
2873 2951 3092 3014 τούτους
3135 2951 3336 3012 πλάτος
3365 2949 3602 3020 ἔχοντας.
3636 2947 3710 3000 Ti)

2144 3047 2253 3118 γὰρ
2287 3046 2413 3100 ἴδιον
2450 3045 2678 3100 ἑκάστου
2703 3042 3027 3117 περινοητὴν
3059 3041 3104 3073 ⁸⁸
3145 3040 3239 3096 καὶ
3283 3039 3498 3110 ἀπλατῆ
3532 3055 3712 3110 γραμ-

2150 3139 2256 3210 μὴν
2288 3138 2408 3208 ἔχον
2451 3136 2770 3210 θεωρεῖσθαι
2809 3133 3174 3206 συμϐέϐηκεν.
3201 3133 3322 3184 Ἔτι
3363 3131 3420 3184 δὲ
3453 3129 3546 3184 καὶ
3581 3131 3711 3184 ὅταν

2143 3227 2340 3296 λέγωσι
2387 3227 2477 3280 τὸν
2511 3225 2820 3298 ἰσημερινὸν
2849 3223 2944 3277 καὶ
2985 3224 3076 3276 τὸν
3103 3222 3364 3286 ζωδιακὸν
3403 3221 3512 3274 τῶν
3557 3219 3711 3290 μεγίο

2144 3335 2282 3372 στων
2307 3311 2444 3370 εἶναι
2475 3319 2532 3370 ὲν
2567 3319 2632 3388 τῇ
2667 3315 2871 3386 σφαίρᾳ
2911 3313 3146 3378 κύκλων,
3189 3314 3282 3368 καὶ
3313 3311 3710 3382 διχοτομεῖσθαι

2142 3409 2240 3482 τὴν
2275 3412 2506 3480 σφαῖραν
2540 3409 2628 3476 ὑφ’
2667 3406 2931 3476 ἑκατέρου
2959 3405 3157 3468 αὐτῶν,
3191 3409 3284 3457 καὶ
3315 3403 3374 3456 τὸ
3417 3402 3548 3456 αὐτὸ
3585 3403 3710 3456 κέν-

2143 3519 2268 3572 τρον
2293 3499 2388 3554 τοῦ
2423 3497 2711 3564 ζωδιακοῦ,
2739 3497 2834 3551 καὶ
2861 3495 2956 3549 τοῦ
2989 3493 3326 3567 ίσημερινοῦ,
3359 3493 3452 3546 καὶ
3479 3491 3572 3546 τοῦ
3597 3493 3712 3564 ὁρί-

2145 3591 2344 3658 ζοντος,
2373 3591 2467 3644 καὶ
2511 3589 2604 3644 τοῦ
2643 3587 3035 3660 μεσημϐρινοῦ,
3063 3587 3156 3640 καὶ
3180 3585 3271 3640 τὸν
3297 3584 3555 3650 ζωδιακὸν
3579 3584 3712 3654 ἐφά-

2145 3685 2372 3739 πτεσθαι
2419 3684 2526 3737 τῶν
2573 3683 2848 3756 τροπικῶν
2891 3683 3012 3736 καθ’
3051 3680 3110 3733 ἓν
3153 3681 3408 3750 σημεῖον⁸
3443 3677 3539 3732 καὶ
3577 3676 3712 3731 ἄλλα.

2145 3777 2360 3831 πλείονα
2404 3775 2654 3830 τοιαῦτα·
2689 3775 2944 3837 ἀπλατεῖς
2999 3773 3192 3836 αὐτοὺς
3235 3773 3329 3826 καὶ
3374 3770 3464 3824 διὰ
3507 3769 3712 3824 τούτων

2147 3869 2516 3941 σημαίνουσιν.
2551 3867 2713 3920 Οὐδὲν
2746 3867 2853 3938 γὰρ
2877 3864 2984 3918 τῶν
3013 3862 3423 3935 προειρημένων
3449 3860 3616 3929 ὑγιῶς
3645 3859 3712 3912 ἂν

2143 3961 2369 4029 λέγοιτο,
2397 3960 2458 4013 τὸ
2484 3958 2684 4020 πλάτος
2709 3957 2888 4011 αὐτῶν
2909 3955 3138 4025 ἐχόντων
3162 3971 3177 3984 ο
3207 3951 3494 4024 ἰσημερίαν
3520 3967 3580 4004 τε
3611 3951 3712 4004 οὐκ

2145 4053 2212 4107 ἂν
2245 4057 2302 4106 ὲν
2335 4053 2432 4123 μιᾷ
2463 4050 2644 4123 ἡμέρᾳ
2675 4046 2828 4122 ἦγεν,
2861 4049 2975 4102 ἀλλ’
3009 4049 3066 4102 ὲν
3099 4047 3330 4100 πλείοσι.
3373 4045 3484 4098 Καὶ
3528 4043 3636 4114 γὰρ
3681 4045 3712 4096 6

2141 4145 2293 4216 ἥλιος
2315 4142 2561 4206 πλείονας
2593 4143 2658 4196 ἂν
2679 4142 2780 4211 τῆς
2810 4141 2938 4211 μιᾶς
2973 4139 3184 4210 ἡμέρας
3213 4140 3268 4192 ὲν
3299 4135 3378 4208 τῷ
3415 4133 3712 4207 ἰσημερινῷ

2144 4237 2396 4300 ἐποιεῖτο,
2432 4233 2631 4298 πλάτος
2665 4251 2728 4302 γε
2752 4233 2816 4304 δὴ
2847 4233 3060 4302 ἔχοντος
3089 4229 3277 4284 αὐτοῦ.
3308 4230 3390 4282 Τά
3411 4245 3472 4280 τε
3502 4243 3712 4296 γνωμο-

2143 4324 2268 4380 νικὰ
2295 4323 2624 4394 θεωρήματα
2655 4323 2830 4376 πάντα
2857 4322 3175 4392 γράφουσιν,
3207 4319 3462 4381 ἀπλατεῖς
3505 4317 3712 4380 πάντας

2143 4419 2266 4480 τοὺς
2293 4415 2524 4478 κύκλους
2565 4413 2972 4482 ὑποτιθέμενοι·
3005 4412 3081 4476 ὡς
3115 4411 3180 4466 ἂν
3213 4411 3322 4463 τῶν
3351 4410 3450 4480 μὲν
3483 4409 3589 4462 ὑπὸ
3615 4407 3710 4461 τοῦ

475 4509 598 4562 esse
621 4497 848 4562 nullum,
881 4514 1004 4552 cum
1035 4501 1232 4570 partim
1264 4502 1332 4554 ab
1359 4501 1477 4572 ipso
1501 4511 1692 4556 centro
1721 4502 1876 4566 solis,
1913 4517 2040 4572 par-

2144 4508 2366 4579 κέντρου
2388 4505 2481 4560 τοῦ
2505 4505 2652 4576 ἡλίου
2679 4503 3058 4574 γραφομένων,
3091 4501 3199 4554 τῶν
3233 4501 3288 4554 δὲ
3319 4500 3422 4554 ὑπο
3451 4500 3550 4570 τῆς
3571 4501 3712 4570 ἠμε-

476 4585 570 4648 tim
615 4587 684 4639 ab
724 4589 886 4642 oculo
925 4589 1326 4646 describantur.
1366 4593 1592 4646 Aratum
1619 4609 1770 4658 vero,
1813 4593 2040 4662 perinde

475 4693 538 4732 ac
565 4679 996 4744 mathematicos,
1031 4683 1168 4736 citra
1212 4685 1550 4739 latitudinem
1597 4685 1762 4736 ullam
1803 4685 2039 4740 circulos

474 4773 610 4825 istos
651 4773 956 4842 concipere,
1016 4790 1082 4846 ex
1127 4790 1192 4828 eo
1242 4775 1420 4844 quivis
1465 4775 1742 4846 intelliget,
1785 4775 1929 4846 quod
1971 4775 2040 4830 de

471 4871 746 4931 aequatore
779 4865 999 4932 scripsit
1034 4885 1044 4918 :

511 4995 578 5068 [η
615 5013 674 5068 eo
711 5013 829 5051 vero
853 4997 962 5050 dies
985 4996 1223 5068 noctibus
1255 4998 1481 5068 mquales
1508 5007 1628 5051 sunt
1655 4997 1889 5066 utrisque

511 5066 790 5120 Desinente
819 5077 1000 5121 testate
1019 5106 1034 5132 ,
1063 5068 1140 5120 vel
1163 5066 1369 5121 ineunte
1395 5083 1528 5120 rere.

541 5199 676 5255 Nam
711 5201 908 5270 alioqui
943 5217 1050 5256 non
1097 5203 1149 5255 in
1195 5219 1361 5256 unum
1399 5202 1664 5256 duntaxat
1704 5201 1846 5257 diem
1887 5217 2034 5262 vere.

473 5299 864 5360 autumnoque,
900 5293 992 5348 sed
1031 5294 1082 5344 in
1117 5293 1300 5360 plures
1329 5293 1714 5358 aequinoctium
1765 5291 2034 5356 redderet,

473 5382 520 5435 si
563 5381 902 5436 latitudinem
941 5383 1182 5436 haberet.
1219 5383 1444 5437 Constat
1477 5383 1604 5438 item
1627 5397 1692 5436 ex
1721 5383 1788 5440 iis
1825 5397 1944 5452 quae
1973 5381 2040 5436 de

477 5473 682 5543 tropico
711 5473 859 5526 canit
889 5491 902 5525 :

561 5688 608 5718 '°
647 5687 767 5758 Reg.
821 5691 1214 5762 περινοητικήν.
1291 5689 1332 5722 ³¹
1371 5709 1466 5762 7p.
1497 5689 1588 5758 τοῦ
1613 5705 1660 5742 τ.

2145 4603 2307 4671 τέρας
2338 4599 2530 4669 ὅψεως.
2560 4599 2680 4650 Ὅτι
2703 4597 2758 4650 δὲ
2786 4595 2880 4650 καὶ
2909 4597 3138 4666 ’Ἄρατος
3169 4595 3282 4656 τοῖς
3316 4592 3712 4664 μαθηματικοῖς

2145 4691 2450 4753 ἀκολούθως
2483 4689 2740 4752 ἀπλατεῖς
2787 4687 2982 4750 αὐτοὺς
3013 4689 3122 4738 νοεῖ
3154 4685 3510 4756 ὑπάρχοντας,
3553 4683 3710 4754 μάθοι

2137 4767 2210 4838 ἄν
2237 4800 2318 4846 τις
2343 4781 2406 4834 ἐκ
2430 4799 2488 4834 τε
2513 4779 2606 4834 τοῦ
2635 4779 2762 4849 περὶ¹
2793 4777 2890 4846 τοῦ⁴
2922 4776 3231 4849 ἰσημερινοῦ
3261 4775 3437 4844 λέγειν
3454 4793 3466 4804 ·

2155 4999 2256 5050 Ἑν
2284 4995 2352 5050 δέ
2379 4997 2430 5047 οἱ
2462 4993 2656 5062 ἤματα
2685 4991 2863 5054 νυξὶν
2890 4993 3178 5062 ἰσαίνεται
3201 4989 3606 5062 ἀμφοτέρῃσιν

2144 5067 2464 5129 Φθίνοιτος
2488 5059 2721 5131 Ὁέρεος,
2748 5062 2879 5114 τότε
2903 5061 2944 5094 ⁸¹
2971 5063 3024 5114 δ’
3055 5059 3253 5130 εἴαρος
3276 5059 3633 5130 ἱσταμένοιο.

2144 5199 2218 5250 Οὐ
2259 5197 2370 5268 γὰρ
2402 5197 2493 5250 ἐπὶ
2540 5199 2666 5266 μίαν
2699 5198 2858 5266 μόνον
2899 5195 3112 5268 ἡμέραν
3167 5197 3452 5268 ἰσημερίαν
3485 5191 3618 5266 ἦγεν
3651 5197 3708 5252 εν

2143 5306 2201 5341 τε
2241 5287 2318 5358 τῷ
2367 5288 2486 5359 ἔαρι
2529 5289 2620 5342 καὶ
2664 5289 2742 5358 τῷ
2783 5287 3128 5358 φθινοπώρῳ,
3177 5287 3310 5341 ἀλλὰ
3355 5288 3620 5356 πλείονας,
3657 5293 3706 5342 εί

2144 5379 2343 5444 πλάτος
2391 5377 2521 5452 εἶχε.
2571 5381 2682 5435 Καὶ
2729 5381 2890 5436 πάλιν
2935 5382 3000 5434 ὲκ
3043 5377 3136 5432 τοῦ
3185 5379 3278 5434 ἐπὶ
3318 5378 3410 5432 τοῦ
3448 5381 3704 5452 τροπικοῦ

2145 5489 2320 5539 Λεγειν
2345 5487 2367 5522 ·.
