4132 6430
355 387 487 445 ιοϐι

1320 386 1688 443 BIPPARCHI
1718 386 1810 441 AD
1851 385 2300 444 ΡΠΙΕΝΟΜΕΝᾹ
2342 388 2472 444 LIB.
2518 389 2559 443 I.

3466 395 3606 454 1063

353 505 594 576 κεφαλῆς
630 500 724 559 τοῦ
759 504 958 575 ’Υδρου
1006 504 1299 576 ἡγούμενοι
1345 503 1604 575 ἐπέχουσι
1660 502 1937 574 Καρκίνου

2043 501 2239 559 Cancri
2267 506 2518 561 obtinent
2547 514 2733 576 partes
2759 508 2996 579 amplius
3028 509 3239 564 decem.
3260 507 3491 564 Planum
3521 522 3608 567 est

355 596 537 651 πλεῖον
575 597 609 667 ἢ
659 594 769 665 μοί.
807 602 858 650 ι’.
898 594 1066 665 Δῆλον
1115 590 1228 660 οὖν,
1258 595 1340 649 ὃτι
1385 594 1563 667 πολλῷ
1591 594 1773 648 πλεῖον
1804 595 1935 648 ὑπο-

353 670 595 743 λείπεται
627 687 721 742 τοῦ
760 688 1049 759 εἰρημένου
1096 686 1295 741 κύκλου
1330 689 1359 740 6
1390 687 1561 759 αὐχὴν
1588 686 1681 740 τοῦ
1713 686 1929 759 ’Ύδρου.

425 783 560 836 KH’.
587 782 723 853 Περὶ
744 781 802 835 6's
826 782 924 853 τῆς
966 780 1191 852 ’Δργούς
1216 781 1315 851 οὐχ
1344 780 1511 850 ὑγιῶς
1547 780 1784 852 εἴρηται.
1813 780 1935 834 Τῶν

354 874 401 929 δ’
430 875 487 927 ἐν
516 876 581 945 τῇ
611 873 747 945 οὐρᾷ
772 873 865 926 τοῦ
919 873 1092 926 νοτίου
1137 872 1336 944 Ἰχθύος
1375 873 1611 943 μάλιστα
1643 875 1671 926 6
1690 871 1937 944 670651.5-

355 984 445 1031 νος
485 967 675 1037 ἀπέχει
725 965 817 1019 τού
862 972 910 1019 α’
945 965 1126 1019 πλεῖον
1158 966 1190 1037 ἢ
1222 964 1332 1036 μοί.
1375 971 1482 1033 κγ’.
1529 964 1794 1018 Τοσοῦτον
1826 964 1936 1036 ἄρα

358 1058 707 1114 ὑπολείπεται
749 1057 843 1112 τοῦ
883 1057 1284 1129 προειρημένου
1329 1056 1549 1121 κύκλου,
1591 1056 1686 1110 καὶ
1721 1056 1821 1110 οὐκ
1848 1056 1934 1109 ἐπ’

358 1150 521 1205 αὑτοῦ
566 1149 808 1222 φέρεται.
851 1150 905 1203 Ὀ
941 1149 997 1202 δὲ
1036 1148 1240 1214 Ὀῖστὸς
1286 1148 1403 1212 ὅλος
1451 1148 1798 1202 ὑπολείπεται
1839 1145 1934 1201 τοῦ

360 1242 757 1316 προειρημένου
792 1241 1016 1306 κύκλου,
1038 1243 1134 1296 καὶ
1161 1242 1222 1295 οὺ
1248 1241 1336 1295 διὰ
1368 1241 1533 1313 μέσου
1555 1242 1812 1313 τέμνεται
1844 1241 1935 1294 ὑπ’

359 1335 545 1391 αὑτοῦ.
582 1337 640 1390 ’0
671 1335 779 1407 γὰρ
816 1334 1118 1407 ἡγούμενος
1145 1337 1203 1388 ἐν
1224 1334 1373 1406 αὐτῷ
1405 1335 1581 1407 ἀστὴρ
1603 1335 1799 1406 ἀπέχει
1829 1332 1937 1387 ἀπὸ

363 1428 473 1502 μοί.
509 1434 556 1481 α’
586 1428 653 1481 ⁷⁰.
686 1428 799 1480 υύκ
828 1426 938 1498 ἄρα
968 1425 1191 1480 δυνατὸν
1215 1425 1615 1498 διχοτομεῖσθαι
1641 1425 1805 1479 αὐτὸν
1833 1423 1939 1477 ὑπὸ

359 1518 453 1574 τοῦ
495 1517 895 1591 προειρημένου
934 1516 1156 1572 κύκλου.
1208 1517 1434 1587 Ὁμοίως
1462 1517 1519 1571 δὲ
1556 1518 1650 1570 καὶ
1690 1520 1720 1571 6
1750 1519 1939 1589 Ὄρνις

358 1609 479 1676 ὅλος
511 1609 646 1683 πρὸς
694 1609 957 1674 ἀνατολὰς
999 1612 1172 1663 κεῖται
1220 1609 1313 1663 τοῦ
1367 1610 1656 1682 εἰρημένου
1712 1607 1940 1663 κύκλου.

374 1698 431 1759 ’0
483 1701 593 1776 γὰρ
641 1701 942 1773 ἡγούμενος
996 1703 1084 1754 ἐπ’
1135 1701 1299 1756 αὐτοῦ
1357 1703 1453 1756 καὶ
1499 1703 1585 1755 ἐπ’
1631 1701 1801 1773 ἄκρου
1842 1700 1938 1755 τοῦ

366 1795 595 1869 ῥύγχους
625 1794 818 1867 ἀπέχει
848 1794 960 1866 μοί.
998 1800 1046 1848 α’
1074 1792 1161 1849 S".
1196 1794 1316 1848 Τῶν
1342 1793 1398 1849 δὲ
1425 1797 1483 1848 ὲν
1521 1794 1671 1866 ἄκρᾳ,
1696 1798 1764 1866 τῇ
1791 1794 1946 1866 δεξιᾷ

362 1890 645 1961 πτέρυγιὸ
675 1887 908 1960 μάλιστα
942 1888 1079 1960 πρὸς
1123 1887 1275 1941 δύσιν
1308 1887 1558 1959 κείμενος
1603 1887 1798 1957 ἀπέχει
1842 1886 1938 1941 τοῦ

360 1984 410 2034 α’
442 1980 502 2033 ού
534 1978 748 2048 πλέονῆ
791 1977 903 2048 μοί.
941 1984 993 2042 ς’
1023 1978 1108 2033 S".
1137 1979 1250 2033 Οὐκ
1285 1979 1392 2050 ἄρα
1434 1978 1660 2032 δυνατὸν
1694 1977 1813 2032 οὐδὲ
1849 1979 1941 2032 τὸν

361 2071 566 2142 αὐχένα
586 2069 680 2126 τοῦ
716 2068 965 2140 Ὄρνιθος
1001 2068 1125 2124 οὔτε
1152 2071 1251 2141 τὴν
1282 2070 1463 2136 δεξιὰν
1493 2069 1738 2142 πτέρυγα
1772 2069 1940 2126 αὑτοῦ

361 2162 456 2217 ἐπὶ
486 2162 580 2217 τοῦ
606 2161 897 2235 εἰρημένου
921 2160 1120 2215 κύκλου
1147 2161 1380 2216 κεῖσθαι.

431 2253 536 2308 Τοῦ
570 2271 632 2323 γε
665 2254 771 2326 μὴν
810 2253 1044 2324 Κηφέως
1087 2255 1126 2325 ἡ
1161 2252 1423 2325 ἀριστερά
1468 2253 1588 2326 χεὶρ
1631 2252 1767 2306 πολὺ
1806 2252 1943 2317 ὅλως

362 2344 732 2418 παραλλάσσει
763 2345 854 2399 τὸν
899 2344 1187 2418 εἰρημένον
1234 2344 1432 2399 κύκλον
1471 2345 1611 2416 προς
1652 2343 1938 2408 ἀνατολάς.

361 2439 470 2493 Καὶ
502 2438 610 2511 γὰρ
636 2441 687 2493 οι
719 2440 777 2493 ὲν
801 2441 866 2510 τῇ
901 2438 1109 2510 κεφαλῇ
1136 2436 1324 2501 αὐτοῦ,
1352 2437 1402 2490 οί
1452 2437 1743 2509 ἡγούμενοι
1781 2437 1941 2509 μάλι-

363 2546 482 2593 στα,
520 2529 614 2584 τοῦ
653 2530 938 2603 ’Υδροχόου
971 2530 1226 2603 ἐπέχουσι
1267 2529 1448 2585 πλεῖον
1479 2531 1513 2602 ἢ
1547 2533 1654 2602 μοί.
1693 2538 1745 2586 ι’.
1786 2532 1846 2585 '0
1884 2531 1943 2586 δὲ

360 2620 421 2674 ὲν
440 2622 507 2692 τῇ
532 2621 793 2693 ἀριστερᾷ
820 2621 963 2693 χειρὶ
1000 2619 1250 2692 λαμπρὸς
1282 2621 1479 2693 ἀστὴρ,
1519 2624 1548 2674 6
1588 2625 1646 2676 ἐν
1675 2621 1754 2694 τῷ
1785 2621 1940 2693 ὤμῳ,

360 2712 421 2769 ὃν
471 2730 618 2779 τινες
658 2712 907 2779 τιθέασι,
965 2713 1061 2767 τοῦ
1101 2714 1386 2787 ’Υδροχόου
1434 2714 1619 2787 ἐπέχει
1679 2718 1788 2787 μοί.
1842 2715 1939 2769 κε’.

360 2807 519 2880 Παρά
549 2806 744 2878 μικρὸν
767 2802 860 2860 οὖν
894 2805 938 2876 β’
971 2806 1136 2872 ζὼδια
1167 2806 1557 2878 παραλλάσσει.
1589 2808 1725 2878 Περὶ
1761 2809 1943 2879 μέντοι

359 2898 459 2968 τῆς
504 2897 731 2969 καμπῆς
757 2896 850 2950 τοῦ
883 2899 1096 2967 Ὄφεως
1146 2898 1240 2951 καὶ
1270 2897 1370 2969 τῆς
1402 2899 1569 2970 οὐρᾶς
1609 2900 1708 2970 τῆς
1742 2902 1944 2971 μικρᾶς

364 2991 603 3060 ⁸Ἄρκτου
636 2988 810 3061 ὀρθῶς
837 2990 1168 3060 ἀπεφήνατο.

433 3080 564 3136 KG’.
585 3080 688 3134 ο⁹Εν
720 3080 778 3133 δὲ
801 3079 879 3151 τῷ
901 3081 1071 3152 ἑτέρῳ
1099 3080 1342 3153 κολούρῳ
1381 3083 1514 3152 φησὶ
1549 3081 1762 3137 κεῖσθαι
1786 3084 1814 3138 6
1845 3084 1943 3155 μὲν

2036 595 2203 667 igitur
2240 596 2441 651 collum
2493 596 2665 670 Hydri
2696 598 2928 669 longiori
2981 598 3161 654 adhuc
3202 600 3273 656 ab
3302 614 3370 655 eo
3402 600 3613 658 circulo

2036 687 2214 755 spatio
2240 685 2470 741 distare.

2107 776 2343 833 XXVIII.
2381 776 2517 833 Nam
2548 777 2617 834 de
2643 778 2790 851 Argo
2831 779 2972 838 falsa
3005 791 3134 837 sunt
3174 798 3298 855 qua:
3343 784 3486 841 idem
3522 784 3616 841 ille

2036 872 2281 942 scripsit.
2316 874 2375 929 In
2414 860 2678 931 australis
2705 890 2836 931 vero
2872 875 3050 932 Piscis
3077 878 3251 932 cauda
3296 877 3614 948 praecedens

2038 966 2276 1022 maxime
2296 967 2466 1022 distat
2485 983 2513 1021 a
2534 972 2707 1038 primo
2723 969 3323 1041 par.ibusamplius?.3.
3348 969 3616 1025 Tantum-

2041 1056 2166 1111 dem
2193 1071 2325 1126 ergo
2350 1057 2591 1112 abestab
2618 1072 2683 1113 co
2711 1073 2871 1128 quem
2902 1057 3013 1112 dixi
3044 1059 3274 1122 circulo,
3312 1075 3410 1115 nec
3448 1060 3504 1114 iu
3547 1076 3617 1116 eo

2038 1158 2307 1203 movetur.
2340 1152 2410 1203 At
2467 1149 2682 1220 Sagitta
2734 1158 2941 1221 quanta
2980 1159 3185 1220 quanta
3224 1159 3308 1205 cst
3342 1152 3510 1206 distat
3545 1153 3618 1207 ab

2037 1241 2230 1297 eodem
2257 1241 2493 1307 circulo,
2527 1257 2629 1297 nec
2658 1243 2729 1298 ab
2759 1258 2825 1299 eo
2847 1243 3026 1297 media
3057 1253 3296 1298 secatur.
3318 1241 3452 1297 Nam
3476 1260 3617 1316 prat-

2038 1327 2245 1382 cedcns
2275 1327 2329 1381 in
2367 1328 2485 1397 ipsa
2523 1330 2682 1384 stella
2713 1328 2885 1384 distat
2915 1337 3071 1399 parte
3101 1344 3230 1382 una.
3261 1327 3444 1395 Quare
3470 1328 3615 1384 bifa-

2038 1420 2179 1474 riam
2202 1420 2269 1475 ab
2304 1421 2398 1475 illo
2434 1422 2645 1476 circulo
2686 1421 2855 1476 dividi
2890 1438 2996 1475 non
3032 1429 3229 1491 potest.
3266 1419 3533 1476 Similiter
3561 1427 3618 1478 ct

2038 1510 2261 1582 Cygnus
2288 1518 2441 1569 totus
2471 1516 2540 1569 ad
2588 1514 2856 1569 orientem
2888 1513 3155 1568 obversus
3177 1521 3263 1568 est
3294 1513 3344 1568 ci
3380 1514 3615 1571 circulo.

2041 1602 2219 1675 Ilujus
2253 1606 2399 1660 cnim
2427 1605 2766 1676 praecedens,
2797 1615 2852 1661 et
2884 1608 2939 1661 in
2982 1616 3233 1663 extremo
3262 1615 3445 1664 rostro
3484 1606 3614 1673 sita,

2040 1696 2210 1752 distat
2239 1708 2391 1767 parte
2424 1696 2448 1750 1
2486 1697 2609 1769 1/2.
2632 1697 2831 1752 Earum
2859 1699 3018 1770 117
3036 1714 3182 1763 vero,
3212 1715 3334 1771 quae
3357 1700 3411 1755 in
3434 1711 3617 1757 extre-

2042 1789 2234 1844 mitate
2251 1797 2382 1844 sunt
2411 1790 2510 1845 ala:
2528 1790 2755 1854 dextrae,
2774 1806 2897 1862 qua:
2917 1794 2983 1846 ad
3008 1792 3348 1849 occidentem
3380 1795 3618 1850 maxime

2042 1884 2278 1948 spectat,
2302 1881 2460 1934 abest
2479 1893 2509 1932 a
2540 1880 2710 1950 priori
2728 1890 2883 1951 parte
2910 1896 3019 1937 non
3042 1882 3328 1953 ampliusG
3357 1884 3476 1956 1/2.
3495 1883 3617 1943 Non

2042 1973 2225 2036 potest
2243 1965 2410 2036 igitur
2428 1982 2497 2022 ne
2526 1968 2729 2024 collum
2758 1969 2979 2040 quidem
2997 1970 3193 2044 Cygni,
3216 1990 3398 2046 neque
3425 1977 3618 2033 dextra

2040 2059 2163 2130 ejus
2194 2058 2280 2113 ala
2304 2059 2361 2114 in
2384 2060 2477 2116 illo
2509 2060 2719 2118 circulo
2749 2064 3027 2122 collocari.

2109 2237 2232 2294 Jam
2272 2241 2496 2298 sinistra
2534 2242 2740 2315 Cephei
2773 2261 2975 2304 manus
3003 2249 3164 2320 longe
3187 2250 3255 2304 ab
3287 2261 3479 2308 eadem
3506 2252 3619 2309 cir-

2042 2332 2170 2386 culo
2207 2332 2449 2388 dccliuat
2487 2335 2556 2390 ad
2597 2339 2886 2393 orientem.
2928 2338 3065 2395 Nam
3098 2357 3221 2411 quae
3259 2351 3390 2398 sunt
3441 2344 3498 2400 in
3551 2346 3621 2401 il—

2041 2424 2151 2479 lius
2184 2426 2385 2497 capite,
2429 2432 2730 2498 praesertim
2769 2433 3178 2499 antecedentes,
3216 2437 3441 2507 Aquarii
3492 2453 3620 2511 par-

2042 2523 2151 2572 tem
2185 2517 2436 2574 obtincnt
2467 2523 2705 2602 amplius
2748 2515 3039 2580 decimam.
3074 2524 3281 2582 Lucida
3312 2545 3461 2592 vero.
3497 2546 3623 2602 qua

2041 2619 2127 2664 est
2156 2609 2211 2664 in
2241 2610 2466 2668 sinistra
2501 2599 2686 2679 manu.
2733 2632 2898 2687 quam
2936 2619 3166 2676 humero
3205 2624 3426 2691 quidam
3466 2599 3625 2682 attri-

2043 2700 2242 2768 buunt,
2300 2703 2528 2775 Aquarii
2571 2708 2785 2764 obtinet
2828 2719 3039 2781 partem
3071 2713 3164 2770 25.
3220 2713 3622 2786 PrOpemodum

2042 2809 2175 2865 ergo
2243 2795 2524 2866 signorum
2585 2799 2820 2856 duorum
2876 2804 3166 2860 intervallo
3228 2805 3485 2863 declinat.
3547 2808 3624 2864 Da

2043 2884 2183 2941 ﬂexu
2226 2885 2507 2961 Serpentis
2540 2901 2594 2947 et
2644 2894 2821 2949 cauda
2874 2897 3104 2953 minoris
3140 2898 3291 2955 Ursa:
3331 2909 3480 2958 recte
3531 2903 3624 2958 illo

2044 2979 2255 3033 statuit.

2117 3065 2306 3121 XXIX.
2333 3066 2390 3122 In
2408 3069 2579 3127 altero
2599 3072 2786 3127 coluro
2807 3074 2967 3129 sitam
2990 3091 3113 3133 esse
3134 3082 3326 3137 scribit
3343 3084 3624 3140 sinistram

360 3171 461 3245 τὴν
491 3171 782 3243 ἀριστερὰν
814 3174 971 3244 χεῖρα
996 3170 1093 3225 τοῦ
1132 3172 1582 3246 ’Δρκτοφύλακος,
1611 3175 1704 3228 καὶ
1728 3175 1773 3206 ⁷⁸
1800 3153 1943 3246 μέσα

2046 3153 2462 3229 Arctopltylacis
2491 3176 2731 3228 manum,
2764 3179 2828 3219 ac
2855 3180 2952 3236 per
2983 3170 3221 3224 medium
3252 3173 3429 3243 ipsum
3449 3182 3626 3231 trans-

361 3264 527 3321 αὐτοῦ
563 3264 709 3318 κατὰ
748 3265 919 3337 μῆκος
941 3283 955 3297 ·
983 3261 1101 3319 εἶτα
1136 3265 1206 3319 τὰ
1240 3266 1381 3337 μέσα
1423 3265 1532 3319 τῶν
1574 3266 1768 3338 Χηλῶν
1804 3268 1945 3323 κατά

364 3356 594 3422 πλάτος·
623 3358 717 3412 καὶ
748 3357 841 3411 τοῦ
870 3357 1180 3430 Κενταύρου
1203 3357 1300 3429 τὴν
1322 3355 1500 3422 δεξιὰν
1524 3361 1702 3429 χεῖρα,
1739 3358 1833 3412 καὶ
1876 3360 1949 3415 τὰ

363 3447 673 3521 ἐμπρόσθια
702 3448 937 3517 γόνατασ
963 3450 1100 3521 μετά
1146 3447 1204 3502 δὲ
1246 3446 1337 3501 τόν
1366 3447 1551 3518 ἀφανῆ
1590 3447 1773 3513 πόλον,
1802 3465 1948 3519 καμ-

365 3542 473 3613 πήν
509 3558 569 3595 τε
597 3539 692 3595 τοῦ
730 3540 1008 3612 Ποταμοῦ,
1038 3540 1132 3595 καὶ
1167 3539 1381 3610 Κήτους
1414 3538 1515 3611 τὴν
1557 3539 1821 3610 κεφαλὴν,
1853 3542 1948 3594 xat

361 3632 457 3687 τοῦ
487 3631 657 3706 Κριοῦ
692 3633 760 3688 τὰ
782 3632 928 3686 νῶτα
968 3632 1110 3686 κατά
1151 3632 1373 3696 πλάτος,
1422 3631 1517 3686 καῑι
1558 3630 1658 3687 τοῦ
1690 3631 1948 3703 Περσέως

362 3724 462 3797 τὴν
490 3724 730 3796 κεφαλὴν
761 3725 859 3778 καὶ
890 3724 987 3797 τὴν
1013 3723 1192 3792 δεξιὰν
1223 3726 1402 3796 χεῖρα.

444 3813 513 3870 Ἦ
564 3816 662 3887 μὲν
713 3811 806 3870 οὖν
862 3816 1124 3888 ἀριστερά
1178 3818 1300 3889 χεὶρ
1358 3815 1455 3871 τοῦ
1510 3816 1948 3889 Ἀρκτοφύλακος

362 3908 716 3965 ὑπολείπεται
752 3909 845 3963 τοῦ
874 3909 1165 3981 εἰρημένου
1212 3907 1411 3962 κύκλου
1454 3909 1529 3973 ὡς
1562 3909 1735 3980 ἥμισυ
1783 3910 1949 3980 μέρος

362 4001 581 4068 ζωδίου,
618 4002 709 4055 καὶ
734 4002 839 4056 οὐκ
863 4003 949 4055 ἐπ’
974 4000 1139 4055 αὐτοῦ
1170 4001 1393 4073 φέρεται
1431 4001 1527 4055 τοῦ
1566 4000 1657 4056 διὰ
1683 4000 1793 4054 τῶν
1828 4003 1947 4072 ἰση-

364 4093 604 4167 μιρινῶν
646 4094 889 4165 σημείων
929 4092 1152 4157 κύκλου,
1178 4093 1254 4157 ῶς
1280 4091 1509 4157 Εὖδοξός
1538 4109 1725 4163 φησιν.
1757 4094 1816 4147 ὐ
1838 4093 1949 4165 γὰρ

360 4184 663 4259 ἡγούμενος
699 4183 809 4238 τῶν
856 4185 914 4238 iv
952 4185 1088 4257 αὐτῇ
1115 4184 1301 4255 ἐπέχει
1338 4183 1533 4255 Χηλῶν
1566 4182 1805 4256 πλείονῆ
1835 4187 1948 4255 μοῖ.

363 4280 460 4346 ιγ.
494 4276 702 4345 Ἀγνοεί
728 4274 786 4328 δὲ
810 4275 905 4329 καὶ
933 4274 1096 4347 μέσον
1123 4273 1290 4329 αὑτοῦ
1317 4274 1381 4327 τὸ
1408 4273 1570 4344 σῶμα
1601 4273 1744 4328 κατά
1775 4274 1949 4345 μῆκος

362 4368 474 4424 ὑπὸ
493 4367 589 4422 τοῦ
610 4366 902 4441 εἰρημένου
931 4365 1132 4421 κύκλου
1152 4365 1446 4439 τέμνεσθαι
1461 4366 1654 4435 λέγων·
1671 4368 1701 4421 6
1718 4366 1820 4438 μὲν
1840 4366 1953 4440 γὰρ

363 4461 462 4515 ἐπὶ
487 4461 586 4532 τῆς
616 4458 857 4531 κεφαλῆς
894 4460 1071 4533 ἀστὴρ
1106 4460 1291 4531 ἐπέχει
1317 4459 1516 4532 Χηλῶν
1539 4460 1668 4532 περὶ
1708 4461 1819 4532 μοι.
1873 4466 1948 4527 ις’

2046 3248 2128 3304 ire
2198 3252 2499 3307 secundqu
2570 3256 3001 3328 longitudinem;
3065 3262 3263 3319 deinde
3326 3263 3622 3323 Cltelarum

2045 3342 2283 3397 medium
2310 3345 2609 3402 secundum
2651 3350 3020 3409 latitudinem.
3054 3354 3314 3411 Centauri
3357 3367 3624 3429 praeterea

2045 3431 2295 3489 dextram
2338 3451 2557 3491 manum
2622 3447 2679 3495 et
2730 3443 3007 3498 anteriora
3052 3461 3250 3516 genua.
3304 3445 3434 3505 Post
3479 3466 3626 3508 nun.

2045 3539 2209 3595 quam
2243 3539 2594 3598 apparentem
2629 3533 2836 3602 polum,
2864 3535 3063 3592 ﬂexum
3108 3536 3396 3607 Fluminis,
3423 3550 3478 3598 et
3502 3543 3621 3601 Ceti

2044 3627 2226 3685 caput,
2250 3625 2305 3672 et
2340 3618 2543 3676 Arietis
2573 3629 2721 3693 terga
2754 3627 3058 3681 secundum
3102 3629 3472 3700 latitudinem,
3498 3633 3623 3693 Per-

2045 3707 2125 3762 sei
2163 3719 2330 3779 caput
2368 3725 2493 3765 cum
2528 3712 2722 3768 dextra
2761 3731 2948 3773 manu.

2115 3798 2280 3870 Atqui
2314 3802 2446 3857 laeva
2498 3819 2695 3862 manus
2744 3810 3160 3883 Arctopltylacis
3192 3815 3347 3873 abest
3397 3817 3468 3873 ab
3515 3819 3624 3877 isto

2044 3894 2254 3950 circulo
2291 3896 2577 3954 intervallo
2635 3900 2748 3957 fere
2779 3902 2990 3958 dimidii
3026 3906 3204 3977 signi;
3271 3924 3372 3965 nec
3419 3910 3475 3966 in
3505 3912 3625 3985 ipso

2046 3989 2255 4044 circulo
2279 3991 2383 4053 sita
2412 3999 2518 4054 est,
2544 3994 2635 4063 qui
2657 4010 2753 4064 per
2767 3997 3171 4067 aequinoctialia
3205 4009 3405 4070 puncta
3437 4011 3621 4061 trans.

2047 4080 2129 4148 it,
2184 4090 2244 4136 ut
2291 4082 2550 4140 Eudoxus
2595 4087 2843 4145 allirmat.
2895 4089 3111 4147 Etenim
3162 4095 3495 4151 antecedens
3527 4111 3622 4152 ea-

2046 4187 2191 4233 rum.
2232 4190 2355 4245 quae
2393 4177 2449 4232 iu
2490 4178 2581 4232 illa
2622 4190 2773 4244 sunt,
2806 4181 3100 4239 Cltelarum
3149 4186 3362 4241 obtinet
3411 4196 3624 4258 partem

2048 4267 2285 4336 amplius
2334 4268 2420 4324 1‘5.
2470 4267 2739 4328 Praeterea
2773 4273 2827 4327 in
2871 4290 2936 4329 eo
2982 4290 3202 4345 quoque
3255 4277 3630 4336 ballucinatus

2047 4367 2157 4426 est,
2195 4358 2345 4430 quod
2393 4361 2633 4417 medium
2675 4378 2875 4434 corpus
2919 4365 3087 4431 illius,
3119 4368 3421 4425 secundum
3451 4368 3623 4440 longi-

2048 4451 2319 4516 tudinem,
2351 4452 2429 4509 ου·
2460 4468 2527 4509 eo
2564 4469 2726 4523 quem
2774 4456 3015 4512 diximus
3062 4458 3239 4513 secari
3282 4459 3493 4515 circulo
3521 4475 3625 4531 puo

364 4551 465 4609 καὶ
500 4551 774 4623 δίμοιρον·
817 4554 848 4606 6
882 4550 941 4605 δὲ
971 4553 1031 4604 ἐν
1057 4551 1136 4623 τῷ
1173 4549 1335 4622 δεξιῷ
1378 4550 1502 4606 ποδὶ
1535 4551 1721 4623 ἐπέχει
1750 4550 1943 4623 Χηλῶν

2050 4552 2149 4601 tat.
2181 4544 2397 4601 Etenim
2424 4560 2547 4615 qua
2573 4552 2658 4601 est
2686 4545 2739 4601 in
2766 4545 2886 4615 ejus
2918 4547 3096 4617 capite
3120 4549 3300 4612 stella,
3326 4548 3626 4607 Chelarum

364 4643 497 4716 περὶ
526 4644 636 4714 μοί.
660 4642 736 4696 κδ’
761 4640 848 4709 ἓν,
877 4642 918 4696 δ’
935 4659 949 4675 ·
973 4644 1004 4697 6
1040 4642 1097 4697 δὲ
1119 4644 1178 4698 ἐν
1210 4644 1276 4715 τῇ
1311 4640 1456 4715 ζώνη
1482 4641 1732 4714 λαμπρὸς
1760 4641 1950 4713 ἐπέχει

363 4732 561 4808 Χηλῶν
591 4734 720 4805 περὶ
753 4736 860 4806 μοί.
911 4732 970 4787 ιδ’
1003 4735 1098 4789 καὶ
1124 4733 1172 4804 γ’
1188 4750 1202 4767 ο
1236 4737 1266 4790 6
1301 4734 1363 4789 δὲ
1396 4736 1455 4788 ὲν
1495 4736 1563 4807 τῇ
1606 4733 1758 4807 δεξιᾷ
1806 4734 1948 4807 χειρὶ

364 4826 461 4882 τοῦ
509 4824 823 4897 Κενταύρου
867 4825 1217 4881 ὑπολείπεται
1266 4826 1361 4881 τοῦ
1409 4825 1701 4898 εἰρημένου
1750 4825 1947 4880 κύκλου

367 4918 495 4989 περ)⁴
525 4917 570 4971 δ’
604 4916 768 4989 μέρος
812 4916 1022 4982 ζωδίου.
1071 4918 1286 4990 Ἐπέχει
1337 4918 1446 4991 γάρ
1488 4918 1683 4990 Χηλῶν
1717 4920 1830 4990 μοτ.
1874 4925 1944 4989 η’.

376 5008 441 5063 Ἦ
468 5009 528 5064 δὲ
552 5008 762 5081 κεφαλὴ
786 5009 880 5063 τοῦ
912 5010 1127 5081 Κητους
1164 5010 1515 5065 ὑπολείπεται
1554 5012 1652 5082 μὲν
1691 5009 1787 5065 τοῦ
1817 5027 1953 5082 προ-

366 5117 487 5173 ειρη
496 5101 657 5171 μένου
683 5100 883 5155 κύκλου
902 5118 915 5132 ·
944 5102 1006 5154 οὐ
1033 5100 1167 5156 πολὺ
1189 5102 1270 5156 δέ.
1305 5104 1363 5157 '0
1386 5103 1500 5173 γὰρ
1520 5102 1816 5174 σύνδεσμος
1839 5102 1950 5157 τῶν

380 5191 622 5262 Ἰχθύων,
667 5192 729 5257 ὃς
774 5195 953 5247 κεῖται
1003 5192 1144 5265 μετά
1182 5193 1282 5263 τὴν
1333 5194 1575 5268 κεφαλὴν
1610 5181 1706 5248 τοῦ
1741 5192 1950 5267 Κήτους

368 5283 461 5338 ἐπὶ
488 5284 588 5355 τῆς
616 5283 805 5353 λοφίας
840 5283 1029 5348 αὐτοῦ,
1063 5283 1248 5356 ἐπέχει
1285 5282 1458 5355 Κριοῦ
1491 5285 1600 5355 μοῖ.
1631 5291 1702 5354 γ’.
1734 5285 1797 5342 δ’.
1839 5285 1951 5339 Καὶ

373 5376 480 5448 μὴν
508 5376 629 5431 οὐδὲ
655 5375 749 5430 τοῦ
789 5376 963 5450 Κριοῦ
987 5377 1059 5432 τά
1101 5377 1245 5431 νῶτα
1278 5376 1369 5431 ἐπὶ
1407 5375 1500 5430 τοῦ
1530 5377 1819 5450 είρημένου
1849 5377 1948 5433 κύ-

366 5467 498 5522 κλου
530 5472 741 5524 κεῖται·
780 5469 919 5524 ἀλλά
956 5469 1307 5524 ὑπολείπεται
1353 5470 1534 5524 πλεῖον
1564 5470 1598 5543 ἦ
1633 5470 1815 5542 τρίτον
1855 5469 1951 5540 μέ-

371 5572 465 5629 ρος
494 5555 705 5623 ζωδίου.
753 5559 811 5612 ’0
843 5557 952 5632 γὰρ
981 5560 1041 5612 ἐν
1072 5557 1224 5631 μέσῳ
1263 5558 1342 5629 τῷ
1382 5557 1537 5630 νώτῳ
1568 5556 1733 5612 αὐτοῦ
1766 5557 1953 5630 κείμε-

370 5665 461 5714 νος
484 5650 657 5723 ἀστὴρ
684 5652 870 5725 ἐπέχει
901 5652 1071 5721 Κριοῦ
1112 5654 1220 5723 μοτ.
1259 5659 1326 5706 ια’
1371 5651 1455 5707 S".
1503 5652 1733 5724 Ὁμοίως
1774 5651 1831 5706 δέ
1856 5651 1950 5707 καὶ

443 5808 489 5838 ⁷⁵
521 5823 609 5879 πλ
645 5807 752 5863 ἀπ’)
776 5810 884 5864 τῶν
915 5817 982 5864 α’.
1060 5812 1099 5843 ⁷¹
1212 5810 1305 5864 καὶ
1333 5810 1423 5863 τά.

2049 4646 2260 4708 partem
2286 4637 2498 4694 obtinet
2523 4638 2744 4694 circiter
2769 4638 2837 4694 I6
2868 4640 3011 4712 2/3;
3034 4655 3157 4711 qua:
3181 4642 3236 4697 in
3257 4641 3451 4700 dextro
3465 4644 3628 4715 pede,

2046 4728 2338 4784 Chelarum
2372 4729 2593 4784 circiter
2617 4728 2709 4795 24,
2736 4730 2856 4796 65';
2893 4745 3016 4801 quae
3044 4732 3100 4786 in
3134 4747 3274 4788 zona
3304 4742 3389 4790 est
3420 4734 3626 4804 lucida,

2023 4818 2339 4877 'Cltelarum
2378 4818 2496 4876 fere
2518 4829 2728 4891 partem
2757 4822 2845 4887 14,
2867 4821 2987 4891 20';
3028 4838 3151 4893 qua:
3175 4824 3228 4879 in
3260 4825 3457 4883 dextra
3483 4827 3626 4884 Cen-

2047 4911 2195 4965 tauri
2219 4927 2402 4976 manu,
2436 4911 2593 4968 abest
2612 4911 2682 4968 ab
2711 4913 2805 4968 illo
2832 4914 3040 4969 circulo
3068 4916 3372 4985 quadrante
3402 4918 3629 4976 circiter

2050 5003 2217 5075 signi.
2235 5001 2371 5057 Nam
2391 5003 2687 5061 Chelarum
2718 5012 2927 5075 partem
2943 5006 3156 5063 obtinet
3171 5008 3225 5063 8.
3251 5008 3429 5080 Caput
3458 5025 3624 5081 porro

2048 5093 2166 5150 Ceti
2223 5096 2392 5151 distat
2437 5097 2657 5168 quidem
2710 5099 2780 5154 ab
2839 5098 3030 5155 eodem
3086 5102 3324 5168 circulo;
3374 5104 3470 5159 sed
3513 5119 3626 5159 non

2049 5201 2250 5257 magno
2284 5187 2482 5257 spatio.
2510 5186 2722 5260 Quippe
2752 5190 2931 5246 nodus
2955 5189 3219 5257 Piscium,
3260 5194 3353 5265 qui
3378 5203 3503 5265 post
3531 5209 3625 5251 ca-

2050 5287 2148 5348 put
2176 5276 2298 5334 Ceti
2355 5277 2570 5350 positus
2607 5290 2711 5345 est,
2770 5283 2826 5336 in
2860 5283 3092 5353 ejusque
3122 5289 3357 5355 cervice,
3413 5286 3623 5342 obtinet

2049 5370 2253 5427 Arietis
2282 5382 2490 5443 partem
2533 5372 2587 5438 5,
2618 5372 2719 5429 ιδ’.
2759 5373 2867 5430 Sed
2900 5391 2999 5431 nec
3032 5376 3233 5433 Arietis
3263 5387 3413 5450 terga
3444 5377 3497 5433 in
3530 5378 3633 5435 illo

2049 5464 2243 5519 eodem
2272 5466 2483 5520 circulo
2522 5466 2842 5522 collocanda
2880 5476 3028 5523 sunt.
3078 5470 3120 5523 A
3149 5485 3260 5541 quo
3289 5471 3521 5541 amplius
3547 5472 3624 5527 si-

2051 5557 2142 5629 gni
2173 5558 2377 5615 triente
2404 5559 2632 5615 distant.
2672 5558 2809 5615 Nam
2837 5576 2960 5632 qua:
2996 5563 3155 5618 stella
3193 5564 3335 5620 inest
3355 5565 3409 5619 in
3444 5563 3631 5621 medio

2052 5651 2201 5708 illius
2216 5659 2390 5723 tergo,
2421 5653 2622 5711 Arietis
2661 5655 2872 5710 obtinet
2903 5663 3113 5725 partem
3149 5657 3382 5726 amplius
3403 5655 3464 5711 Η
3498 5655 3627 5729 1/2.
