4132 6426
351 416 487 473 1065

1296 401 1663 460 ΗΙΡΡΑΒΟΗἹ
1693 400 1782 456 AD
1806 396 2261 456 ΡΗΕΕΝΟΜΕΝΑ
2290 401 2416 456 LIB.
2452 403 2525 457 ll.

3444 403 3582 460 l066

349 533 523 588 ϐαίνει
557 528 819 602 διαφορὰν
861 530 921 582 ἐν
960 527 1080 591 ταῖς
1123 524 1405 587 ἀνατολαῖς
1450 522 1557 575 τῶν
1598 519 1664 590 ιβ’
1697 517 1912 584 ζωδίωνε

2026 524 2139 571 tum
2177 518 2472 575 discrimen
2498 528 2581 575 est
2605 520 2659 574 in
2702 520 2990 575 duodecim
3022 520 3302 591 signorum
3335 520 3581 575 ortibus:

349 622 603 690 ἀγνοήσει
638 618 737 689 τὴν
780 616 880 687 τῆς
926 613 1118 678 νυκτὸς
1161 611 1310 683 ὥραν
1348 612 1378 663 6
1420 609 1499 679 τῷ
1544 606 1922 678 προειρημένῳ

351 707 693 779 συλλογισμῷ
724 706 1024 779 χρώμενος.
1058 704 1306 759 Μάλιστα
1335 701 1378 754 δ’
1406 701 1472 756 ἄν
1514 717 1596 763 τις
1618 697 1921 768 θαυμάσειε

349 799 467 862 πῶς
523 799 619 852 καὶ
664 801 692 851 6
728 796 988 860 ’Ἄτταλος
1034 791 1485 862 συγκατατίθεται
1538 788 1731 859 τούτῳ.
1761 787 1921 855 Λέγει

350 891 461 961 γὰρ
489 890 578 943 τὸν
602 889 797 960 τρόπον
826 887 1012 941 τοῦτον
1030 903 1044 916 ⁸
1080 905 1098 937 ι
1143 886 1230 939 Ἐν
1267 884 1323 938 δὲ
1360 884 1471 946 τοῖς
1497 881 1770 953 ἐχομένοις
1802 896 1922 933 πει-

354 983 513 1053 ρᾶται
542 979 933 1045 ὑποδεικνύειν,
972 978 1089 1043 πῶς
1118 978 1182 1032 ἄν
1210 994 1294 1039 τις
1326 974 1415 1028 διὰ
1449 975 1557 1029 τῶν
1584 974 1797 1045 ἄστρων
1833 969 1922 1023 δύ-

349 1090 499 1128 ναιτο
526 1073 622 1145 τὴν
648 1072 794 1144 ὤραν
827 1071 927 1140 τῆς
951 1070 1141 1134 νυκτὸς
1166 1065 1601 1139 ἐπιγιγνώσκειν.
1636 1064 1790 1118 Ἐπεὶ
1814 1063 1922 1134 γάρ

346 1165 496 1218 ἐστιν
527 1163 669 1236 ἀρχὴ
693 1162 882 1225 νυκτὸς
903 1161 1054 1234 ἡλίου
1082 1160 1262 1222 δύσιςο
1299 1159 1328 1211 ό
1352 1158 1408 1211 δὲ
1435 1158 1585 1229 ἥλιος
1613 1156 1700 1211 ἀεὶ
1724 1155 1780 1208 ἕν
1817 1172 1921 1207 τινι

346 1255 457 1310 τῶν
481 1256 546 1326 ιβ’
573 1254 776 1323 ζωδίων
803 1254 916 1307 ἐστί
936 1271 948 1284 ·
982 1251 1159 1323 δῆλον,
1183 1251 1263 1304 ὅτι
1287 1249 1365 1320 τῷ
1387 1247 1708 1319 γινώσκοντι
1736 1248 1795 1299 ἐν
1817 1245 1920 1299 τίνι

345 1365 407 1401 τε
427 1347 600 1417 ζωδίῳ
617 1349 646 1399 6
669 1345 818 1417 ἥλιός
844 1346 980 1407 ἐστι,
1001 1345 1093 1397 καὶ
1118 1343 1176 1395 ὲν
1204 1341 1377 1414 πόστῃ
1403 1340 1563 1412 μοίρᾳ
1587 1338 1680 1393 τοῦ
1707 1338 1919 1404 ξωδίου,

348 1440 528 1511 ῥᾴδιόν
564 1441 707 1491 ἐστιν
737 1435 1050 1505 ἐπιγνῶναι,
1097 1434 1194 1488 καὶ
1241 1435 1390 1485 ποῖον
1437 1431 1622 1496 ζώδιον
1678 1432 1735 1482 ὲν
1776 1431 1918 1500 ἀρχῇ

344 1532 443 1601 τῆς
472 1529 661 1592 νυκτὸς
691 1528 989 1592 ἀνατέλλει,
1019 1526 1115 1579 καὶ
1153 1524 1280 1595 ποίᾳ
1327 1522 1507 1594 μοίρᾳ,
1548 1522 1625 1593 Τῇ
1670 1519 1779 1593 γὰρ
1816 1519 1920 1572 ὑπὸ

344 1622 437 1676 τοῦ
468 1622 618 1694 ἡλίου
646 1619 984 1691 κατεχομένη
1022 1615 1185 1688 μοίρᾳ
1227 1617 1260 1686 ἡ
1309 1614 1450 1669 κατά
1483 1613 1770 1684 διάμετρον
1807 1628 1920 1664 κει-

347 1716 486 1786 μένη
512 1715 611 1786 τὴν
636 1714 899 1784 ἀνατολὴν
937 1710 1076 1765 κατά
1096 1709 1192 1780 τὴν
1224 1706 1397 1778 ἀρχὴν
1425 1706 1525 1776 τῆς
1546 1703 1739 1768 νυκτὸς
1764 1703 1921 1773 ποιή-

345 1825 449 1863 σει.
482 1807 651 1861 Τοῦτο
686 1807 743 1860 δὲ
785 1802 1194 1877 προῖστορηκὼς
1225 1802 1318 1856 καὶ
1350 1796 1694 1869 ἐπεγνωκὼς,
1735 1797 1816 1850 ὅτι
1860 1795 1918 1848 ἐν

269 1894 286 1908 ’
340 1902 493 1970 πάσῃ
539 1900 693 1952 νυκτὶ⁸
732 1904 786 1963 ς’
836 1896 1001 1961 ζώδια
1050 1893 1186 1966 πρὸς
1227 1895 1293 1964 τῇ
1336 1890 1564 1960 ἀνατολῇ
1615 1887 1916 1957 ἀνίσχουσι,

343 1991 611 2059 γνώσεται
664 1990 754 2043 καὶ
804 1987 967 2041 πόσον
1006 1988 1104 2056 τῆς
1137 1983 1327 2048 νυκτὸς
1368 1979 1737 2053 παρεληλυθός
1778 1980 1915 2042 ἐστι,

342 2084 439 2136 καὶ
462 2083 624 2135 πόσον
656 2082 716 2134 τὸ
738 2079 920 2134 λοιπὸν
940 2079 1045 2142 ἓως
1076 2078 1174 2149 τῆς
1197 2075 1292 2130 τοῦ
1328 2074 1477 2147 ἡλίου
1508 2071 1787 2143 ἀνατολῆς.
1820 2089 1839 2122 ι

418 2259 570 2315 Μετά
609 2260 665 2313 δὲ
708 2255 880 2311 ταῦτα
903 2257 1127 2328 λέληθεν
1167 2253 1514 2326 ἀμφοτέρους
1555 2251 1790 2315 αὐτοὺς,
1831 2248 1915 2302 ὅτι

327 2352 451 2405 ὀὐδ’
478 2351 544 2405 ἂν
564 2349 695 2405 αὐτὸ
717 2349 778 2403 τὸ
808 2348 994 2412 ζώδιον
1028 2347 1198 2418 βλέπῃ
1225 2363 1309 2409 τις
1340 2342 1723 2405 ἀνατεταλκὸς,
1758 2340 1915 2393 δυνα-

339 2444 434 2507 τός
464 2444 611 2496 ἐστιν
640 2440 883 2512 ἀκριϐῶς
906 2440 1006 2511 τὴν
1052 2438 1202 2510 ὥραν
1229 2437 1331 2507 τῆς
1363 2435 1558 2498 νυκτὸς
1598 2431 1916 2501 συλλογίσα-

342 2536 468 2590 σθαι
518 2530 662 2588 κατά
705 2533 798 2586 τὸν
846 2529 1245 2604 προειρημένον
1297 2527 1517 2600 τρόπον.
1560 2525 1625 2578 Et
1671 2524 1766 2595 μὲν
1804 2522 1914 2595 γὰρ

339 2628 572 2682 ἕκαστον
614 2625 725 2680 τῶν
751 2622 1158 2696 ἡστερισμένων
1188 2620 1290 2697 ¹καὶ.
1319 2618 1672 2691 βλεπομένων
1705 2615 1912 2681 ζωδίων

271 2781 275 2785 θ
340 2715 744 2789 συνεπληροῦτο
770 2713 891 2769 καθ’
920 2713 980 2767 ἓν
1008 2710 1478 2783 δωδεκατημόριον
1509 2706 1609 2761 τοῦ
1643 2703 1912 2770 ζωδιακοῦ

336 2811 565 2875 κύκλου,
582 2808 716 2880 παρ’
741 2806 909 2878 αὐτὴν
942 2806 1110 2877 μόνην
1136 2802 1237 2875 τὴν
1264 2803 1322 2855 ἐν
1349 2804 1466 2864 ταῖς
1491 2798 1778 2861 ἀνατολαῖς
1804 2795 1914 2851 τῶν

337 2904 546 2975 χρόνων
590 2899 881 2968 ἀνισότητα
928 2896 1312 2964 διεπίπτομεν⁶
1364 2892 1488 2945 ἐπεὶ
1526 2889 1582 2943 δὲ
1629 2888 1750 2942 οὐδὲ
1798 2890 1912 2951 τοῖς

326 2991 829 3063 ηδωδεκατημορίοις
868 2990 960 3043 ῐσα
982 2988 1100 3042 ἐστὶ⁸
1130 2987 1203 3041 τὰ
1242 2984 1543 3054 φαινόμενα
1576 2980 1762 3047 ζώδια,
1798 2979 1910 3032 οὒτ’

338 3090 399 3140 ἐν
426 3089 540 3149 τοῖς
580 3084 729 3146 ἰδίοις
760 3083 934 3135 κεῖται
976 3080 1161 3140 τόποις
1203 3077 1418 3131 ἅπαντα
1440 3092 1453 3105 ·
1484 3074 1623 3128 ἀ).λά
1661 3072 1784 3127 τινά
1812 3072 1909 3143 μὲν

1948 1857 1992 1912 Β

2022 611 2116 678 qui
2139 609 2350 665 ratione
2370 611 2459 665 illa
2494 612 2570 665 ιιιὶ
2587 612 2736 675 velit,
2766 612 2953 666 horam
2984 613 3166 667 noctis
3186 610 3404 681 assequi
3440 612 3590 666 nullo

2022 700 2184 754 modo
2221 700 2443 769 poterit.
2499 700 2605 756 Sed
2644 702 2775 756 illud
2839 702 3030 755 mirari
3091 701 3260 766 subit,
3317 701 3593 772 quomodo

2024 791 2149 845 huic
2185 793 2346 846 etiam
2402 792 2665 848 doctrinae
2711 793 3051 864 subscriptor
3091 793 3308 851 Attalus
3346 792 3588 848 accedat.

2022 878 2101 933 lia
2155 881 2355 950 quippe
2391 881 2668 950 loquitur:
2710 900 2729 932 ι
2769 880 2829 936 ln
2868 883 3223 952 sequentibus
3274 897 3440 954 porro
3494 882 3593 936 de-

2023 982 2329 1028 monstrare
2356 983 2588 1028 conatur
2620 989 2729 1046 qua
2766 976 2979 1030 ratione
3023 975 3294 1045 quispiam
3334 990 3365 1029 e
3392 973 3590 1029 sideri-

2022 1063 2127 1119 bus
2151 1071 2476 1119 nocturnam
2512 1066 2699 1121 horam
2728 1065 3025 1135 conjectari
3055 1064 3275 1136 poterit.
3300 1063 3436 1120 Nam
3464 1079 3592 1118 cum

2022 1157 2097 1211 sit
2122 1157 2301 1213 noctis
2330 1157 2553 1213 initium
2593 1159 2727 1215 solis
2756 1162 3012 1224 occasus,
3042 1158 3124 1213 sol
3153 1166 3338 1213 autem
3382 1156 3593 1211 duode-

2022 1249 2127 1304 cim
2168 1249 2448 1320 signorum
2489 1265 2707 1320 semper
2748 1250 2803 1304 in
2849 1251 3032 1320 aliquo
3065 1257 3355 1316 versetur;
3386 1250 3593 1320 perspi-

2021 1354 2186 1395 cuum
2231 1347 2335 1406 est,
2370 1342 2463 1411 qui
2490 1341 2543 1395 id
2571 1344 2908 1412 cognoverit,
2952 1344 3006 1396 in
3041 1359 3150 1414 quo
3196 1343 3352 1413 signo
3379 1342 3462 1397 sol
3494 1357 3592 1412 po-

2022 1433 2160 1488 situs
2195 1434 2287 1497 sit,
2334 1440 2390 1488 et
2445 1448 2553 1503 qua
2596 1434 2716 1503 ejus
2754 1434 2895 1503 signi
2933 1441 3109 1505 parte,
3148 1434 3305 1490 facile
3342 1435 3591 1488 animad-

2020 1539 2309 1579 versurum
2359 1538 2518 1587 esse,
2566 1524 2709 1594 quod
2755 1524 2992 1594 signum,
3040 1535 3095 1580 et
3142 1540 3251 1594 qua
3306 1524 3466 1595 119
3504 1524 3590 1579 sui

2022 1622 2175 1684 parte
2204 1616 2312 1671 sub
2355 1616 2571 1672 initium
2618 1617 2802 1672 noctis
2837 1617 3070 1672 oriatur.
3114 1616 3323 1686 Quippe
3355 1631 3484 1686 pars
3514 1618 3588 1678 ei,

2021 1720 2186 1775 quam
2214 1707 2296 1762 sol
2323 1708 2554 1772 obtinet,
2586 1725 2652 1763 ex
2679 1707 2945 1763 diametro
2974 1707 3333 1778 respondens,
3365 1709 3591 1762 ineunte

2022 1806 2182 1852 nocte
2223 1799 2577 1855 conscendet.
2620 1798 2735 1854 Hoc
2774 1800 3024 1870 quisquis
3057 1809 3186 1855 ante
3223 1798 3497 1864 didicerit,
3533 1807 3590 1854 et

2020 1889 2290 1959 cognorit,
2339 1889 2397 1944 in
2424 1891 2573 1944 omni
2612 1899 2771 1947 nocte
2799 1906 2896 1947 sex
2929 1891 2997 1945 ab
3034 1891 3243 1946 oriente
3278 1891 3431 1961 signa
3455 1905 3588 1945 con-

2020 1996 2263 2050 surgere,
2297 1995 2406 2035 non
2459 1981 2736 2051 ignorabit
2784 1990 2989 2051 quanta
3032 1996 3162 2052 pars
3194 1981 3373 2036 noctis
3405 1989 3588 2035 trans-

2020 2079 2140 2126 acta
2167 2072 2355 2137 fuerit,
2380 2081 2435 2128 et
2469 2082 2732 2144 quantum
2756 2090 2820 2128 ex
2853 2089 2916 2129 ea
2946 2073 3015 2128 ad
3045 2082 3226 2129 ortum
3251 2090 3427 2144 usque
3454 2075 3587 2131 solis

2017 2164 2278 2234 supersit.
2310 2183 2329 2215 ι

2086 2254 2352 2309 Praeterea
2387 2254 2492 2309 hoc
2522 2255 2682 2309 ambo
2711 2255 2790 2309 illi
2815 2272 3156 2328 nequaquam
3187 2258 3588 2314 animadverte-

2016 2353 2176 2408 runt,
2225 2347 2442 2401 tametsi
2497 2345 2631 2401 illud
2688 2347 2864 2417 ipsum
2915 2350 3132 2420 signum
3172 2362 3422 2406 exortum
3471 2350 3587 2421 jam

2014 2449 2138 2491 esse
2185 2437 2382 2492 viderit
2431 2440 2725 2509 quispiam,
2766 2455 2878 2496 non
2933 2457 3095 2512 posse
3142 2448 3325 2497 tamen
3377 2443 3589 2499 ratione

2016 2526 2146 2592 ista,
2171 2544 2335 2599 quam
2371 2530 2645 2599 diximus,
2678 2542 2881 2588 certam
2933 2536 3109 2590 noctis
3149 2534 3342 2589 horam
3383 2551 3588 2607 cogno-

2015 2631 2191 2673 scere.
2227 2616 2437 2675 Etenim
2478 2622 2524 2675 si
2554 2622 3026 2686 eonstellatarum,
3069 2630 3122 2678 et
3168 2624 3586 2694 aspectabilium
3662 2682 3665 2689 _

2013 2709 2311 2781 imaginum
2357 2711 2612 2781 qualibet
2653 2721 2807 2782 parte
2854 2729 2960 2767 una
3007 2714 3328 2769 duodecima
3372 2716 3587 2771 zodiaci

2011 2800 2350 2863 deﬁniretur,
2382 2802 2499 2855 sola
2532 2810 2838 2872 temporum
2878 2804 2931 2857 in
2981 2805 3195 2860 ortibus
3241 2806 3586 2875 inaequalitas

2011 2907 2253 2947 errorem
2300 2892 2459 2947 nobis
2502 2892 2739 2950 oﬂ‘crret.
2786 2894 2892 2949 Sed
2932 2898 3188 2965 quoniam
3231 2913 3407 2968 neque
3455 2914 3581 2954 cum

2013 2985 2308 3054 segmentis
2346 2984 2480 3054 ipsis
2524 2984 2881 3054 adaequantur
2907 3000 3029 3055 qua:
3067 3000 3097 3039 a
3146 2987 3306 3043 nobis
3347 3003 3585 3044 cernun-

2012 3079 2103 3126 tur
2155 3072 2440 3142 imagines,
2480 3089 2658 3144 neque
2708 3076 2945 3146 propriis
2993 3076 3047 3130 in
3098 3077 3232 3132 locis
3283 3078 3402 3134 sitae
3453 3089 3584 3135 sunt

338 3177 519 3231 αὐτῶν
544 3173 810 3228 ἐλάσσονά
857 3174 971 3225 ἐστι
1008 3169 1103 3224 τοῦ
1134 3164 1603 3238 δωδεκατημορίου
1627 3205 1642 3230 ,
1688 3163 1810 3218 τινὰ
1850 3162 1908 3216 δὲ

2012 3179 2224 3230 omnes,
2274 3166 2368 3223 sed
2409 3168 2655 3237 quaedam
2691 3167 3129 3226 dodecatemorio
3163 3188 3264 3226 suo
3304 3174 3578 3240 minores,

339 3266 521 3337 πολλῷ
573 3264 827 3337 μείζονα·
859 3261 1111 3333 καθάπερ
1151 3259 1354 3322 εὐθέως
1400 3260 1430 3312 6
1486 3258 1583 3328 μὲν
1634 3255 1909 3328 Καρκίνος

326 3359 461 3412 οὐδὲ
482 3358 544 3412 τὸ
580 3357 761 3427 τρίτον
804 3356 971 3425 μέρος
1000 3354 1185 3423 ἐπέχει
1209 3352 1305 3406 τοῦ
1335 3348 1807 3420 δωδεκατημορίου
1826 3364 1839 3376 ·
1873 3346 1908 3417 ἡ

336 3448 397 3501 δέ
422 3447 696 3519 Παρθένος
732 3445 942 3498 καὶτοῦ
979 3444 1226 3506 Λέοντος,
1266 3441 1362 3495 καὶ
1405 3439 1513 3493 τῶν
1554 3437 1749 3509 Χηλῶν
1789 3437 1909 3489 ἐπι-

340 3538 609 3612 λαμϐάνει
628 3555 643 3567 ·
676 3537 785 3591 τῶν
809 3536 866 3589 δὲ
901 3532 1118 3606 Ἰχθύων
1149 3534 1179 3586 6
1210 3531 1527 3601 νοτιώτερος
1562 3529 1681 3593 ὅλος
1719 3528 1907 3600 σχεδὸν

332 3632 395 3685 ὲν
419 3630 500 3702 τῷ
530 3629 623 3684 τοῦ
654 3628 934 3700 Ὑδροχόου
974 3628 1147 3681 κεῖται
1173 3624 1446 3695 δωδεκατη
1456 3622 1659 3694 μορίῳ·
1693 3619 1810 3683 πῶς
1837 3620 1905 3674 ἂν

331 3724 419 3795 εἴη
455 3721 680 3777 δυνατὸν
731 3722 798 3774 ὲκ
840 3719 938 3791 τῆς
980 3716 1236 3788 τοιαύτης
1277 3715 1387 3770 τῶν
1437 3713 1646 3769 δώδεκα
1701 3711 1906 3777 ζωδίων

328 3816 591 3886 ἐπιτολῆς
623 3814 722 3886 τῆς
749 3812 940 3876 νυκτὸς
979 3810 1129 3883 ὥραν
1160 3805 1612 3878 συλλογίσασθαι;
1644 3805 1815 3858 Ὅταν
1847 3802 1906 3856 δέ

327 3926 461 3965 τινα
484 3906 663 3962 αὐτῶν
700 3906 831 3978 μηδὲ
863 3908 920 3958 ἐν
952 3902 1027 3975 τῷ
1054 3900 1303 3972 ζωδιακῷ
1328 3898 1515 3971 κύκλῳ
1543 3897 1785 3968 τυγχάνῃ
1808 3895 1907 3949 ὅλα

322 4005 586 4074 κείμενα,
621 3998 755 4054 ἀλλά
781 3995 957 4068 πολλῴ
996 3994 1329 4067 βορειότερα,
1365 3990 1616 4061 καθάπερ
1649 3989 1761 4060 ἔχει
1790 3988 1820 4041 ὅ
1844 4003 1905 4040 τε

314 4095 489 4150 Λέων
542 4093 637 4146 καὶ
684 4093 714 4145 ὁ
763 4089 1096 4162 βορειότερος
1141 4084 1250 4140 τῶν
1300 4083 1520 4155 Ἰχθύων
1543 4099 1559 4114 ·
1593 4081 1775 4153 δῆλον,
1825 4080 1907 4134 ὅτι

326 4185 520 4257 πολλῷ
546 4184 743 4256 μᾶλλον
771 4184 1023 4252 ἀγνοήσει
1053 4178 1152 4248 τὴν
1180 4176 1329 4249 ὥραν
1366 4177 1395 4230 6
1422 4177 1488 4229 ἐκ
1517 4176 1618 4247 τῆς
1639 4171 1906 4245 ἀνατολῆς

324 4280 446 4335 τῶν
485 4276 822 4349 φαινομένων
855 4273 1060 4339 ξωδίων
1096 4269 1452 4340 συλλογισμὸς
1484 4268 1685 4323 αὐτῶν.

395 4371 623 4434 Εὐθέως
650 4364 743 4422 οὗν
778 4366 872 4421 τοῦ
894 4364 942 4398 ⁷⁸
973 4363 1364 4436 ήστερισμένου
1398 4360 1676 4433 Καρκίνου
1710 4361 1907 4416 ἀνατε-

320 4461 670 4531 ταλκότος,ἡ
701 4459 795 4513 τοῦ
842 4457 1066 4519 Λέοντος
1095 4454 1304 4526 κεφαλὴ
1353 4452 1682 4524 ἀναφέρεται
1729 4454 1787 4506 ἐν
1816 4451 1907 4524 ⁸τῷ

326 4553 681 4623 ὑποκειμένῳ
721 4548 986 4621 ὁρίζοντι,
1024 4545 1514 4618 συνανατελλούσης
1545 4547 1681 4618 αὐτῇ
1722 4546 1820 4617 τῆς
1851 4552 1903 4617 η’
1933 4533 1979 4588 D

326 4644 532 4716 pcipe;
560 4640 655 4694 τοῦ
694 4638 994 4710 Καρκίνου.
1023 4638 1082 4690 '0
1129 4638 1362 4709 Ἄρατος
1411 4636 1630 4707 θεωρῶν
1671 4637 1771 4710 τὴν
1808 4655 1902 4692 κε-

334 4735 511 4806 φαλὴν
537 4730 631 4785 τοῦ
667 4731 892 4792 Λέοντος
922 4728 1332 4793 ἀνατέλλουσαν,
1363 4730 1459 4784 καὶ
1500 4731 1902 4802 ὑπολαμϐάνων

331 4826 396 4879 τὸ
443 4824 583 4880 κατά
617 4823 709 4876 τὸν
751 4822 956 4875 Λέοντα
1004 4820 1469 4894 δωδεκατημόριον
1508 4822 1897 4895 ἀναφέρεσθαι,

330 4917 510 4987 τρισὶν
540 4915 681 4977 ὅλοις
708 4911 997 4983 ἡμιωρίοις
1014 4911 1294 4982 ἀγνοήσει.
1329 4911 1497 4967 Πάλιν
1535 4915 1565 4966 6
1598 4914 1699 4984 μὲν
1733 4915 1904 4986 Σκορ-

335 5008 459 5072 πίος
485 5008 710 5079 ἄρχεται
740 5005 839 5076 μὲν
873 5002 1048 5056 δύνειν
1069 5003 1465 5075 ἀνατελλούσης
1497 5006 1669 5078 Κριοῦ
1705 5008 1900 5080 μοίρας

333 5098 783 5168 τρισκαιδεκάτης
846 5095 1048 5166 μέσηςο
1097 5094 1216 5158 ὅλος
1263 5095 1320 5149 δὲ
1363 5096 1468 5149 ὑπὸ
1522 5098 1613 5151 τὸν
1652 5099 1901 5171 ὁρίζοντα

332 5188 543 5255 γίνεται
577 5187 970 5257 ἀνατελλούσης
1001 5185 1101 5256 τῆς
1130 5192 1181 5251 ς’
1218 5186 1327 5257 μοί.
1357 5186 1448 5241 τοῦ
1481 5188 1723 5261 Ταύρου·
1765 5192 1906 5247 ἀπο-

331 5277 652 5352 δεδείχαμεν
684 5279 792 5351 γὰρ
817 5277 886 5331 τὰ
927 5278 1153 5330 τοιαῦτα
1186 5278 1365 5331 πάντα
1395 5280 1453 5331 ἐν
1485 5283 1597 5344 τοῖς
1635 5282 1765 5353 περὶ
1794 5284 1902 5338 τῶν

333 5371 729 5425 συνανατολῶν.
769 5370 937 5441 Δῆλον
963 5367 1076 5433 οὖν,
1121 5371 1204 5423 ὅτι
1248 5371 1416 5442 χωρὶς
1459 5371 1553 5425 τοῦ
1587 5373 1646 5424 ἐν
1696 5374 1905 5439 ἀνίσοις

331 5462 546 5532 χρόνοις
575 5462 645 5515 τά
667 5462 732 5532 ιβ’
767 5460 930 5524 ζώδια
958 5460 1344 5534 ἀναφέρεσθαι,
1378 5460 1467 5515 διά
1493 5460 1555 5514 τὸ
1586 5463 1679 5515 καὶ
1713 5464 1901 5516 ἀνισο-

336 5554 543 5626 μεγέθη
571 5551 706 5608 εῖναι
732 5552 799 5607 τά
832 5552 1016 5617 ξὼδια,
1054 5554 1148 5607 καὶ
1178 5554 1426 5618 ἀτάκτως
1456 5552 1688 5617 κεῖσθαι,
1727 5554 1901 5609 πολλά

332 5640 761 5719 διαμαρτήσεται
794 5647 859 5717 τῇ
890 5644 1010 5716 ὥρᾳ
1031 5646 1059 5697 ὁ
1088 5644 1223 5716 πρὸς
1257 5645 1348 5699 τὸν
1386 5636 1733 5716 φαινόμενοί
1746 5634 1909 5700 ἀστεῖ

408 5793 463 5826 ’⁸
499 5794 538 5851 Ι.
569 5796 691 5848 ἐπεὶ
726 5794 842 5849 τοῦ.

579 5891 850 5952 Ρλτιιοι..
898 5888 1016 5951 Gn.
1063 5889 1239 5953 XIX.

2008 3257 2255 3325 quaedam
2304 3258 2542 3328 majores
2586 3260 2759 3315 multo
2804 3270 2934 3316 sunt
2967 3281 2981 3316 ε
3016 3270 3076 3316 ut
3117 3265 3348 3333 exempli
3385 3280 3579 3334 causa,

2008 3349 2220 3405 Cancer
2271 3366 2341 3406 ne
2392 3353 2610 3407 tertiam
2650 3353 2875 3423 quidem
2932 3357 3197 3426 segmenti
3228 3356 3314 3412 sui
3367 3365 3579 3427 partem

2007 3453 2271 3512 occupat;
2300 3450 2494 3499 contra
2534 3443 2697 3517 Virgo
2725 3446 2792 3501 de
2816 3445 2997 3502 Leone
3030 3462 3094 3503 ac
3123 3446 3306 3504 Chelis
3336 3449 3581 3519 decerpit

2008 3534 2235 3605 aliquid,
2271 3534 2511 3592 Piscium
2568 3538 2859 3593 australior
2900 3546 3048 3594 totus
3099 3539 3211 3594 fere
3252 3540 3308 3595 in
3351 3541 3578 3612 Aquarii

2007 3627 2447 3683 dedecatemorio
2490 3631 2701 3698 positus
2732 3637 2816 3686 est
2847 3649 2861 3686 :
2897 3633 2990 3702 qui
3032 3629 3148 3687 ﬁeri
3175 3639 3374 3703 potest,
3406 3642 3467 3688 ut
3508 3650 3579 3689 ex

2007 3718 2277 3787 ejusmodi
2325 3721 2604 3790 signorum
2651 3722 2936 3778 duodecim
2980 3736 3173 3780 exortu
3216 3728 3579 3783 noctishora

2006 3810 2333 3880 colligatur?
2353 3811 2492 3866 Cum
2516 3820 2695 3867 autem
2719 3830 2787 3868 ex
2811 3814 2919 3870 il-lis
2947 3815 3112 3870 etiam
3146 3817 3324 3888 aliqua
3354 3819 3579 3875 zodiaco

2005 3903 2216 3959 circulo
2242 3918 2350 3957 non
2375 3910 2490 3959 tota
2519 3905 2926 3969 contineantur,
2953 3907 3047 3962 sed
3074 3908 3246 3962 multo
3268 3908 3579 3965 borealiora

2005 3993 2137 4056 sint,
2169 3992 2317 4049 velut
2357 3991 2468 4049 Leo
2507 4003 2562 4049 et
2605 3992 2848 4050 Piscium
2898 3995 3194 4059 borealior,
3232 3997 3457 4054 evidens
3493 4009 3579 4053 est

2007 4082 2225 4138 illorum
2256 4081 2520 4138 rationem
2570 4084 2641 4140 ab
2687 4092 2813 4141 ortu
2859 4086 3236 4158 apparentium
3278 4088 3577 4160 imaginum

2006 4175 2384 4230 aberraturam
2417 4190 2538 4232 esse
2566 4175 2801 4247 longius.

2076 4354 2318 4412 Primum
2345 4357 2490 4413 enim
2521 4359 2732 4414 stellata
2756 4357 2951 4413 Cancri
2978 4358 3213 4430 imagine
3228 4360 3340 4429 jam
3363 4369 3575 4431 exorta,

2006 4450 2204 4508 Leonis
2233 4461 2396 4524 caput
2424 4454 2480 4508 in
2514 4470 2581 4510 eo
2608 4471 2768 4525 quem
2808 4455 3096 4510 statuimus
3127 4457 3411 4511 borizonte
3437 4472 3576 4512 con-

2007 4546 2220 4601 scendit
2255 4562 2364 4600 una
2403 4562 2527 4601 cum
2571 4555 2762 4600 octava
2806 4553 2959 4615 parte
2987 4546 3206 4600 Cancri.
3241 4545 3406 4618 Igitur
3439 4546 3578 4601 Ara-

2009 4646 2098 4693 tus
2126 4637 2325 4695 Leonis
2352 4645 2517 4709 caput
2561 4638 2694 4693 oriri
2738 4638 3101 4709 prospiciens,
3134 4652 3198 4692 ac
3234 4637 3436 4693 Leonis
3475 4641 3577 4695 do-

2006 4733 2431 4788 decatemorium
2473 4739 2670 4800 putans
2719 4730 3032 4792 ascendere,
3068 4729 3389 4799 sesquihora
3437 4731 3577 4785 inte-

2007 4836 2103 4891 gra
2136 4819 2369 4875 ialletur.
2403 4820 2532 4873 Item
2569 4818 2828 4887 Scorpius
2854 4819 3101 4873 occidere
3144 4818 3338 4887 incipit
3366 4821 3579 4875 oriente

2006 4923 2164 4983 parte
2191 4913 2258 4967 l3
2285 4912 2460 4966 media
2493 4912 2722 4977 Arietis;
2764 4918 2911 4966 totus
2941 4926 3070 4966 vero
3098 4912 3203 4966 sub
3236 4911 3576 4966 horizontem

2006 5006 2262 5060 conditur
2299 5005 2510 5059 oriente
2541 5010 2693 5058 sexta
2727 5000 2891 5057 Tauri
2928 5010 3102 5073 parte.
3139 5002 3271 5068 Quae
3319 5018 3419 5057 nos
3461 5018 3576 5057 Olll-

2005 5099 2098 5152 nia
2147 5100 2204 5151 in
2251 5104 2440 5152 nostra
2488 5095 2556 5150 de
2602 5097 2882 5150 coortihus
2933 5094 3302 5163 disputatione
3351 5092 3578 5146 deumn-

2007 5189 2324 5245 stravimus.
2371 5189 2610 5258 Apparet
2652 5202 2782 5258 ergo
2820 5203 2929 5242 non
2974 5186 3148 5242 solum
3188 5185 3331 5255 quod
3371 5183 3587 5241 duode-Z

2005 5285 2115 5339 cim
2160 5283 2424 5353 imagines
2468 5283 2825 5351 inaequalibus
2870 5280 3209 5351 temporibus
3250 5277 3576 5338 ascendunt,

2006 5374 2100 5430 sed
2137 5375 2302 5429 etiam
2336 5375 2481 5444 quod
2510 5375 2632 5429 aliis
2663 5376 2781 5429 aliae
2813 5374 2990 5445 majus
3025 5371 3260 5443 spatium
3282 5379 3576 5441 occupant.

2005 5472 2062 5519 et
2103 5466 2221 5520 sine
2258 5464 2449 5518 ordine
2480 5465 2758 5519 collocatae
2803 5473 2963 5529 sunt;
2996 5462 3291 5534 plurimum
3337 5461 3395 5516 in
3422 5460 3580 5516 aesti-

2006 5552 2206 5608 manda
2243 5553 2378 5608 hora
2405 5553 2687 5623 deceptum
2732 5552 2819 5616 iri,
2845 5554 2939 5622 qui
2971 5571 3038 5608 ex
3081 5542 3470 5624 apparentibus
3501 5560 3580 5608 si-

2007 5646 2267 5702 mulacris
2312 5646 2595 5718 signorum
2642 5643 2931 5702 duodecim
2977 5646 3274 5716 conjectari
3317 5648 3574 5703 voluerit.

3258 5899 3341 5959 35-
