4132 6414
515 365 648 422 1067

1495 347 1582 401 AD
1623 339 1890 398 EUSEBII
1923 331 2320 394 CIIRONICON
2369 333 2734 390 APPENDIX.

3620 325 3762 384 i068

513 484 716 536 Horam
741 477 923 548 itaque
954 472 1129 530 noctis
1155 485 1256 526 nec
1275 473 1465 524 exacte
1497 480 1678 538 posse,
1702 475 1878 530 neque
1898 455 2083 528 proxi-

2187 455 2382 524 ρισμὸν
2402 454 2510 508 τῶν
2547 453 2612 524 ιβ’
2646 453 2852 518 ζωδίων
2891 451 2982 504 τὸν
3027 447 3384 534 συλλογισμὸν
3413 445 3758 517 ποιούμενος.

513 587 602 628 me
637 567 990 642 deprehendi,
1025 566 1072 622 si
1111 565 1346 619 ortivum
1389 560 1604 630 signum
1651 555 1979 614 intueamur,
2014 563 2082 603 ex

515 663 586 720 iis
608 677 730 733 quae
757 671 888 717 sunt
915 659 1061 714 dicta
1089 655 1296 726 liquido
1319 657 1552 707 constat.

585 815 674 870 Ill.
709 813 974 882 Deinceps
1003 811 1187 882 igitur,
1221 816 1278 862 ut
1299 807 1404 860 hoc
1433 815 1736 860 sumamus,
1759 809 1978 854 coortus
2017 796 2084 850 ab

517 907 614 960 illo
662 917 924 966 sincrum,
966 899 1354 971 oppositosque
1401 897 1699 950 descensus
1747 893 1816 946 ad
1875 889 2084 944 zodiaci

519 996 714 1052 circuli
761 1003 1055 1065 segmenta,
1091 1007 1200 1045 non
1244 989 1312 1043 ad
1365 987 1608 1043 stellatas
1659 983 1922 1054 imagines
1963 994 2086 1036 esse

518 1089 856 1160 descriptos;
889 1083 1170 1140 videamus
1199 1079 1458 1152 quidnam
1487 1080 1544 1132 in
1571 1078 1692 1132 istis
1719 1079 2086 1130 consentanee

519 1185 586 1239 iis
637 1197 757 1252 quae
797 1181 1063 1250 videntur‘
1105 1177 1160 1231 in
1210 1174 1435 1236 mundo,
1477 1171 1561 1226 vel
1611 1169 1960 1224 dissentanea
2014 1164 2086 1218 sit

516 1267 744 1329 dictum.
791 1269 853 1324 In
905 1283 1012 1338 quo
1061 1267 1295 1338 primum
1343 1261 1478 1316 illud
1527 1257 1935 1329 intelligendum
1978 1260 2083 1316 est,

515 1362 724 1418 zodiaci
755 1359 946 1414 circuli
981 1357 1327 1429 partitionem
1356 1353 1422 1406 ab
1448 1353 1613 1404 Arato
1643 1350 1723 1405 sic
1757 1345 1990 1410 institui,
2025 1349 2086 1398 ut

517 1471 548 1511 a
589 1455 816 1526 tropicis
861 1459 916 1508 et
953 1446 1426 1520 aequinoctialibus
1463 1443 1682 1514 punctis
1719 1439 1966 1507 incipiat,
1993 1451 2086 1491 ea-

516 1557 622 1618 que
654 1547 764 1603 sint
795 1544 950 1600 initia
984 1543 1287 1613 signorum.
1327 1533 1586 1592 Eudoxus
1627 1541 1808 1588 autem
1841 1531 1920 1618 ita
1943 1529 2086 1584 divi—

513 1615 615 1704 dit,
643 1647 702 1692 ut
733 1637 824 1690 illa
855 1641 1058 1706 puncta
1083 1631 1258 1686 media
1293 1629 1422 1692 sint,
1455 1627 1548 1682 illa
1579 1625 1778 1680 Cancri
1813 1633 1868 1678 et
1891 1615 2090 1691 Capri—

515 1731 693 1797 corni,
725 1729 843 1784 haec
889 1725 1090 1781 Arietis
1137 1731 1189 1780 et
1221 1721 1534 1777 Clielarum.
1563 1716 1721 1784 Quod
1754 1715 1822 1770 ad
1857 1716 2086 1768 Aratum

2187 543 2310 596 ’Ότι
2347 543 2445 614 μὲν
2476 539 2570 596 οὖν
2615 542 2874 596 ἀδύνατον
2905 539 3179 612 ἀκριϐῶς,
3207 539 3240 610 ἢ
3265 539 3340 601 ὡς
3377 537 3623 606 ἔγγιστα,
3661 538 3764 608 τ’ὴν

2185 635 2284 705 τῆς
2316 634 2512 697 νυκτὸς
2545 633 2696 706 ῶραν
2729 633 3024 701 ἐπιγνῶναι
3051 635 3132 695 εἰς
3168 631 3228 684 τὸ
3263 631 3400 702 πρὸς
3427 633 3495 700 τῇ
3527 629 3762 702 ἀνατολῇ

2185 725 2372 789 ζῶδιον
2397 723 2819 795 ἀναϐλέψαντας,
2841 725 2904 778 ὲκ
2921 724 3028 776 τῶν
3045 725 3164 794 είρη
3175 721 3348 793 μένων
3371 721 3484 774 ἐστὶ
3506 719 3758 792 φανερόν.

2255 819 2328 872 Γ’.
2393 817 2692 890 Ἐχομένως
2735 817 2790 870 δὲ
2845 815 3168 886 ὑποθέμενοι
3221 813 3320 876 τὰς
3393 811 3762 874 συνανατολάς

2186 909 2335 980 αύτῷ
2367 909 2462 962 καὶ
2495 909 2595 972 τὰς
2643 907 3090 969 ἀντικαταδύσεις
3125 905 3234 958 τῶν
3281 904 3495 977 ἄστρων
3531 903 3665 975 πρὸς
3691 903 3762 956 τὰ

2185 1001 2625 1072 δωδεκατημόρια
2682 1001 2775 1054 τοῦ
2839 997 3100 1064 ζωδιακοῦ
3172 998 3368 1050 κύκλου
3411 1011 3764 1068 πεπραγμα-

2187 1093 2431 1156 τεῦσθαι,
2461 1093 2553 1147 καὶ
2579 1093 2651 1163 μὴ
2679 1091 2816 1164 πρὸς
2839 1091 2906 1144 τὰ
2929 1089 3315 1160 ἠστερισμένα,
3333 1086 3762 1158 ἐπισκεψώμεθα

2189 1185 2286 1236 καὶ
2314 1185 2376 1236 τὸ
2412 1186 2468 1238 tv
2499 1184 2686 1243 αὐταῖς
2729 1181 3032 1254 συμφώνως
3067 1182 3099 1252 ἢ
3147 1179 3430 1248 διαφώνως
3468 1179 3761 1250 λεγόμενον

2189 1275 2326 1344 πρὸς
2354 1273 2420 1326 τά
2461 1276 2517 1326 tv
2555 1273 2634 1342 τῷ
2678 1273 2866 1342 κόσμῳ
2907 1271 3228 1340 φαινόμενα.
3259 1265 3662 1340 Προδιειλήφθω
3701 1267 3762 1320 δὲ

2189 1365 2426 1438 πρῶτον,
2477 1366 2558 1418 ὅτι
2605 1365 2702 1436 τὴν
2733 1365 2994 1436 διαίρεσιν
3038 1363 3132 1416 τοῦ
3181 1359 3441 1426 ζωδιακοῦ
3491 1357 3690 1413 κύκλου
3731 1359 3762 1412 ό

2191 1456 2290 1528 μὲν
2331 1455 2565 1525 ’Ἄρατος
2601 1455 2892 1525 πεποίηται
2933 1453 3042 1507 ἀπὸ
3079 1451 3188 1506 τῶν
3241 1449 3518 1524 τροπικῶν
3557 1465 3618 1502 τε
3663 1447 3762 1502 καὶ

2194 1545 2526 1618 ῑσημερινῶν
2583 1545 2825 1616 σημείων
2883 1544 3218 1616 ἀρχόμενοςο
3266 1542 3407 1595 ὥστε
3459 1539 3634 1594 ταῦτα
3687 1537 3763 1593 τὰ

2191 1639 2393 1708 σημεῖα
2437 1635 2610 1708 ἀρχὰς
2659 1629 2796 1687 εῖναι
2853 1633 3090 1698 ζωδίων·
3145 1635 3174 1686 ὁ
3221 1631 3280 1685 δὲ
3331 1629 3562 1696 Εὔδοξος
3615 1629 3764 1684 οὕτω

2189 1728 2459 1799 διῄρηται,
2506 1725 2646 1778 ὥστε
2674 1723 2742 1777 τά
2783 1723 3048 1794 εἰρημένα
3081 1725 3281 1794 σημεῖα
3313 1721 3454 1793 μέσα
3487 1717 3658 1774 εἶναι·
3689 1719 3762 1774 τά

515 1793 745 1895 spectat,
767 1819 902 1876 satis
932 1833 998 1874 ex
1023 1817 1092 1872 iis
1120 1814 1357 1870 ostendit
1387 1827 1446 1868 se
1469 1811 1560 1866 illa
1593 1817 1793 1880 puncta
1821 1805 1876 1860 in
1900 1805 2084 1875 signo-

2313 1793 2405 1869 τοῦ
2429 1813 2706 1886 Καρκίνου
2733 1813 2828 1866 καὶ
2842 1793 2944 1865 τοῦ
2967 1793 3250 1882 Αίγόκερω
3267 1826 3282 1840 ·
3305 1809 3372 1864 τὰ
3389 1809 3448 1862 δὲ
3471 1805 3565 1860 τοῦ
3583 1804 3760 1878 Κριοῦ

511 1929 636 1969 rum
675 1925 898 1968 suorum
935 1909 1104 1964 initiis
1139 1921 1375 1978 ponere;
1410 1903 1553 1975 quod
1587 1901 1654 1956 de
1691 1897 1914 1954 circulis
1951 1911 2089 1966 qua-

510 2015 640 2062 tuor
678 2006 980 2068 disserens,
1021 2001 1248 2072 tr0picis
1285 1997 1538 2052 videlicet
1573 1991 1810 2056 duobus,
1841 1989 2090 2060 aequino-

511 2099 662 2156 ctiali
705 2105 760 2154 et
801 2095 1047 2158 zodiaco,
1079 2101 1191 2147 tres
1231 2087 1451 2161 quidem
1483 2087 1701 2141 illorum
1742 2081 1875 2137 oriri
1903 2087 1959 2135 et
1991 2093 2086 2134 oc-

511 2193 694 2248 cidere
727 2189 1017 2262 parallelos
1046 2185 1278 2239 invicem
1313 2179 1540 2246 scribit;
1575 2185 1630 2232 et
1669 2177 1864 2230 horum
1897 2173 2088 2242 singu~

510 2285 599 2340 los
638 2285 694 2338 in
730 2261 852 2336 uno
898 2278 1198 2346 eodemque
1244 2278 1448 2344 puncto
1495 2267 1630 2322 oriri
1679 2265 1756 2318 ait
1803 2270 1897 2318 aut
1939 2261 2088 2317 occi-

515 2373 680 2442 dere;
715 2373 996 2428 zodiacum
1053 2374 1234 2421 autem
1293 2365 1349 2418 in
1405 2368 1558 2414 tanto
1603 2355 1904 2412 horizontis
1953 2367 2086 2408 arcu

515 2474 670 2522 ortus
716 2457 1298 2531 occasusque-:‘facere,
1330 2459 1571 2524 quantus
1619 2449 1687 2504 ab
1731 2457 1854 2503 ortu
1895 2445 2088 2516 Capri-

516 2557 672 2612 corni
716 2555 784 2608 ad
831 2559 1010 2608 ortum
1051 2548 1256 2606 Cancri
1299 2546 1570 2619 pertinet;
1607 2539 1754 2613 quod
1789 2539 1860 2596 iis
1899 2537 2084 2595 verbis

516 2648 754 2720 explicat
787 2665 802 2701 :

517 3000 682 3068 Atque
711 2997 753 3051 ii
771 2994 996 3067 quidem
1031 2993 1394 3063 oriunturque,
1417 2999 1484 3044 'et
1527 3003 1592 3045 ea:
1631 2989 2083 3132 οάῖενεοάίηίῗηιε

1743 3077 1850 3114 occa
1893 3077 1961 3114 un

1743 3077 1961 3114 occiaun

2189 1909 2284 1963 καὶ
2309 1905 2417 1960 τῶν
2445 1903 2658 1974 Χηλῶν.
2697 1904 2756 1956 '0
2789 1903 2886 1974 μὲν
2910 1897 3004 1956 οὖν
3039 1903 3272 1972 Ἄρατος
3295 1899 3385 1954 διά
3413 1899 3618 1952 τούτων
3655 1896 3762 1968 μά-

2187 1999 2345 2052 λιστα
2375 1991 2604 2068 φανερὸς
2639 1993 2948 2062 γίνεται-τὰ
2991 1992 3258 2063 εἰρημένα
3299 1993 3500 2062 σημεῖα
3549 1990 3608 2042 tv
3637 1991 3762 2052 ταῖς

2185 2089 2378 2162 ἀρχαῖς
2399 2087 2570 2150 τιθεὶς
2593 2087 2702 2140 τῶν
2725 2085 2866 2139 κατά
2893 2083 3066 2138 ταῦτα
3088 2084 3364 2152 δωδεκατη
3373 2081 3597 2153 μορίων.
3621 2079 3762 2152 Περὶ

2187 2177 2296 2248 γὰρ
2321 2175 2430 2230 τῶν
2467 2175 2508 2228 δ’
2543 2175 2760 2228 κύκλων
2809 2175 3002 2242 λέγων,
3031 2173 3124 2226 δύο
3161 2171 3269 2224 τῶν
3319 2169 3596 2242 τροπικῶν
3619 2209 3634 2234 ,
3665 2169 3764 2222 καὶ

2185 2267 2279 2322 τοῦ
2306 2266 2644 2339 ίσημερινοῦ,
2677 2265 2772 2319 καὶ
2797 2265 2890 2318 τοῦ
2923 2263 3210 2330 ζωδιακοῦ,
3233 2264 3358 2327 τοὺς
3395 2263 3494 2332 μὲν
3519 2267 3569 2329 γ’
3595 2275 3763 2330 φησιν

2185 2360 2496 2414 ἀνατέλλειν
2527 2377 2586 2412 τε
2633 2359 2728 2412 καὶ
2757 2358 2933 2412 δύνειν
2971 2356 3330 2428 παραλλήλως
3375 2355 3622 2416 ἑαυτοῖς⁹
3669 2351 3765 2406 καὶ

2184 2453 2414 2506 ἕκαστον
2466 2451 2645 2505 αὐτῶν
2693 2451 2812 2504 καθ’
2843 2450 2900 2504 ἓν
2939 2451 3033 2503 καὶ
3075 2449 3136 2502 τὸ
3181 2447 3313 2501 αὐτὸ
3359 2449 3581 2519 σημεῖον
3625 2446 3762 2498 ἀναν

2181 2543 2422 2610 τέλλειν,
2459 2545 2552 2597 καὶ
2593 2543 2752 2598 πάλιν
2813 2539 3020 2596 δύύειν·
3057 2539 3146 2596 τὸν
3178 2541 3234 2596 δὲ
3267 2539 3527 2605 ζωδιακὸν
3576 2541 3634 2592 tv
3685 2539 3758 2610 τῇ

2181 2635 2409 2708 τοιαύτῃ
2439 2633 2765 2706 περιφερείᾳ
2799 2633 2895 2686 τοῦ
2923 2633 3194 2704 ὁρίζοντος
3233 2631 3332 2694 τὰς
3369 2629 3632 2693 ἀνατολὰς
3661 2629 3761 2682 καὶ

2180 2729 2364 2792 δύσεις
2397 2727 2690 2793 ποιεῖσθαι,
2721 2725 2917 2797 ἡλίκην
2967 2725 3286 2796 παραχωρεί
3339 2723 3398 2774 tv
3453 2719 3602 2791 αὐτῷ
3647 2719 3762 2773 ἀπὸ

2181 2822 2282 2894 τῆς
2303 2819 2397 2873 τοῦ
2435 2817 2716 2888 Αἰγόκερω
2751 2815 3016 2886 ἀνατολῆς
3043 2815 3148 2878 ἕως
3179 2815 3286 2896 ,τῆς
3333 2811 3426 2866 τοῦ
3473 2812 3756 2884 Καρκίνου

2180 2909 2476 2978 ἀνατολῆςι
2512 2906 2659 2975 λέγει
2691 2905 2746 2958 δὲ
2771 2903 2943 2967 οὕτως
2961 2921 2974 2934 ·

2177 3001 2292 3057 Καὶ
2325 2999 2398 3054 τὰ
2430 2998 2547 3070 μὲν
2582 2995 2860 3054 ἀντέλλει
2895 3011 2979 3064 τε,
3015 2996 3113 3051 καί
3148 2995 3322 3051 ἀντία
3353 2995 3535 3048 νειόθι
3561 2990 3754 3056 δύνει,

517 3137 707 3194 Omnes
757 3134 1151 3207 aquidistanter
1179 3149 1198 3188 :
1227 3147 1363 3187 unus
1395 3139 1570 3186 autem
1607 3141 1690 3187 est
1719 3127 2080 3207 ipsarum-cu-

2185 3136 2384 3192 Πάντα
2405 3133 2800 3206 παραϐλήδην
2819 3150 2834 3164 ·
2855 3133 2966 3204 μία
2987 3131 3054 3186 δέ
3081 3131 3282 3201 σφεών
3300 3129 3470 3184 ἐστιν
3493 3127 3756 3182 έκὰστου

1847 3217 2008 3260 ιιιευη

515 3276 816 3332 Ordinatim
845 3275 1088 3344 utrinque
1124 3273 1399 3328 descensus
1431 3287 1798 3341 ascensusque.
1825 3199 1848 3274 [

521 3347 712 3400 Verum
741 3349 838 3400 iste
861 3343 1056 3400 Oceani
1086 3353 1288 3396 tantum
1319 3343 1604 3412 pertransit
1633 3359 1844 3412 aquam,

514 3419 786 3484 Quantum
819 3434 852 3470 a
885 3415 1204 3483 Capricorno
1241 3419 1548 3484 ascendente
1575 3413 1810 3466 maxime

513 3483 777 3543 Cancrum
810 3486 876 3539 ad
912 3484 1270 3539 ascendentem
1308 3483 1550 3538 volvitur.

581 3593 662 3647 Ex
693 3595 780 3648 his
817 3593 987 3664 liquet
1025 3591 1236 3661 tropica
1265 3599 1471 3660 puncta
1503 3590 1562 3644 in
1593 3589 1876 3660 signorum
1907 3589 2081 3647 initiis

513 3685 582 3740 ab
631 3685 725 3738 illo
776 3683 1058 3746 constitui,
1097 3683 1330 3738 alterum
1384 3682 1440 3736 in
1487 3683 1708 3746 Cancri,
1743 3681 1974 3736 alterum
2023 3687 2080 3738 in

512 3775 832 3845 Capricorni
901 3774 1193 3844 principio.
1253 3771 1464 3843 Quippe
1517 3773 1776 3828 zodiacus
1826 3775 2082 3831 exoriens

513 3861 820 3916 horizontis
853 3875 1041 3915 areum
1083 3859 1154 3915 ab
1191 3859 1259 3916 iis
1297 3860 1516 3930 punctis
1553 3861 1610 3914 in
1641 3863 1858 3915 illorum
1897 3863 2083 3933 signo-

512 3967 639 4007 rum
690 3953 899 4008 ortibus
946 3951 1226 4008 deﬁnitum
1279 3961 1538 4022 permeat.
1575 3953 1717 4006 Idem
1771 3954 1934 4008 etiam
1983 3959 2080 4011 de-

514 4046 725 4098 clarare
770 4041 988 4098 videtur
1031 4043 1119 4098 bis
1169 4044 1439 4108 versibus,
1475 4057 1612 4114 quos
1659 4043 1727 4099 de
1763 4041 1944 4102 Leone
1989 4061 2082 4102 ce-

513 4137 649 4190 cinit
685 4156 697 4190 :

515 4227 601 4282 Ibi
629 4229 836 4298 quidem
863 4229 988 4282 solis
1015 4229 1374 4282 ardentissimi
1401 4237 1524 4284 sunt
1555 4246 1760 4288 cursus.

513 4301 589 4351 Ac
613 4307 720 4352 tum
745 4301 906 4366 spicis
939 4315 1104 4352 vacua
1131 4309 1416 4352 cernuntur
1443 4317 1590 4366 arva,

513 4369 636 4426 Sole
658 4371 886 4438 primum
909 4369 977 4422 ad
1003 4369 1226 4422 Leonem
1257 4371 1546 4426 accedente.

2195 3271 2422 3338 Ἑξείης
2451 3269 2726 3339 ἑκάτερθε
2753 3267 3094 3334 κατηλυσίῃ
3123 3265 3348 3339 ἅνοδόςί
3365 3281 3452 3318 τε.

2177 3333 2381 3410 Αὐτὰρ
2397 3333 2482 3410 όγθ
2505 3333 3030 3410 ,Ὠκεανοῖο-τόσον
3058 3337 3478 3410 παραμείϐεται
3501 3333 3682 3410 ὕδωρ,

2184 3405 2412 3466 Ὅσσον
2435 3405 2535 3466 ἀπ’
2566 3408 2925 3480 Αίγοκερῆος
2943 3409 3366 3480 ἀνερχομένοιο
3395 3405 3672 3476 μάλιστα

2179 3484 2484 3552 Καρκίνον
2505 3483 2594 3548 είς
2623 3477 2872 3534 ἀνιόντα
2901 3477 3266 3532 κυλίνδεται.
3287 3514 3303 3530 .
3326 3515 3340 3530 .
3363 3515 3378 3530 .

2253 3595 2420 3666 Δῆλον
2457 3587 2550 3647 οὖν
2579 3593 2646 3646 ὲκ
2677 3590 2902 3656 τούτων,
2935 3590 3018 3642 ὅτι
3051 3589 3120 3643 τὰ
3162 3586 3396 3658 τροπικά
3447 3589 3648 3660 σημεῖα
3695 3587 3755 3638 tv

2181 3687 2301 3748 ταῖς
2329 3687 2525 3755 ἀρχαῖς
2554 3682 2868 3735 ὑποτίθεται
2889 3699 2902 3712 ·
2932 3681 2990 3735 τὸ
3027 3681 3124 3752 μὲν
3145 3683 3202 3734 tv
3231 3683 3297 3752 τῇ
3325 3678 3420 3732 τοῦ
3453 3679 3754 3750 Καρκίνου,

2181 3775 2244 3830 τὸ
2272 3777 2314 3828 δ’
2339 3778 2394 3828 tv
2425 3777 2489 3847 τῇ
2531 3774 2621 3828 τοῦ
2655 3774 2958 3844 Αἰγόκερω.
2991 3773 3100 3844 Τὴν
3129 3773 3239 3844 γὰρ
3275 3772 3378 3824 ὑπὸ
3408 3771 3612 3824 τούτων
3645 3771 3759 3824 τῶν

2185 3866 2427 3938 σημείων
2455 3867 2513 3918 tv
2531 3867 2651 3927 ταῖς
2673 3863 2956 3926 ἀνατολαῖς
2985 3865 3160 3916 αὐτῶν
3182 3861 3625 3934 ἀποτεμνομένην
3657 3861 3756 3915 τοῦ

2182 3959 2458 4028 ὁρίζοντος
2505 3956 2858 4028 περιφέρειαν
2903 3958 2932 4008 ὁ
2978 3955 3238 4018 ζωδιακὸς
3283 3955 3585 4008 ἀνατέλλων
3629 3955 3754 4007 tm-

2183 4049 2498 4123 πορεύεται.
2533 4047 2688 4112 Δόξαι
2733 4047 2778 4101 δ’
2813 4050 2880 4100 ἂν
2913 4047 3199 4118 ἐμφαίνειν
3239 4045 3398 4099 τοῦτο
3445 4045 3540 4100 καὶ
3575 4045 3636 4113 ἐξ
3677 4039 3756 4100 ὧν

2185 4144 2313 4215 περὶ
2337 4141 2431 4194 τοῦ
2464 4141 2690 4204 Λέοντος
2717 4139 2891 4208 λέγων
2921 4141 3086 4210 φησίν
3106 4156 3119 4169 ·

2186 4237 2368 4287 Ἔνθα
2387 4234 2504 4302 μὲν
2529 4233 2753 4299 ἠελίοιο
2783 4231 3110 4298 θερείταταί
3135 4234 3254 4284 εἱσι
3285 4231 3574 4302 κέλευθοι.

2177 4308 2243 4360 Δί
2269 4303 2336 4356 δέ
2367 4300 2484 4357 που
2513 4303 2836 4370 ἀσταχύων
2871 4303 3067 4354 κενεαὶ
3094 4302 3408 4370 φαίνονται
3445 4300 3714 4369 ἆροιιραι,

2193 4375 2425 4429 Ἠελίου
2453 4372 2524 4426 τὰ
2554 4371 2756 4440 πρῶτα
2787 4371 3256 4440 συνερχομένοιο
3279 4371 3510 4425 Λέοντι.
3585 4371 3590 4376 ’

583 4482 795 4538 Etenim
825 4483 930 4538 sub
960 4491 1210 4538 exortum
1233 4483 1398 4539 Canis
1419 4491 1586 4539 aestus
1613 4483 1936 4540 intenditur.
1963 4483 2082 4540 Ori-

2185 4486 2321 4558 Περὶ
2350 4485 2457 4557 γὰρ
2491 4485 2588 4556 τὴν
2619 4483 2712 4537 τοῦ
2751 4481 2926 4546 Κυνὸς
2955 4483 3220 4554 ἀνατολὴν
3265 4483 3360 4536 καὶ
3401 4483 3470 4538 τὰ
3499 4483 3758 4554 καύματά

515 4585 600 4628 tur
629 4591 759 4629 vero
791 4584 912 4644 post
949 4575 1020 4630 50
1061 4575 1280 4629 circiter
1324 4577 1442 4630 dies
1489 4577 1558 4629 ab
1603 4577 1790 4630 aestivo
1823 4577 2079 4633 solstitio.

513 4667 696 4731 Quare
737 4675 862 4736 post
911 4667 1139 4722 totidem
1185 4667 1321 4734 dies,
1355 4681 1421 4722 ex
1477 4669 1623 4723 illius
1669 4669 1946 4738 opinione,
2000 4671 2084 4724 sol

513 4759 710 4814 Leonis
737 4759 896 4830 120
916 4760 1128 4814 initium
1152 4760 1376 4815 obtinet.
1397 4761 1456 4814 ln
1483 4763 1670 4817 eodem
1695 4777 1826 4832 ergo
1849 4764 2084 4818 solstitio

512 4851 707 4904 Cancri
743 4853 1074 4922 principium
1111 4862 1275 4909 tenet.
1305 4855 1481 4924 Atque
1519 4855 1622 4909 hac
1659 4857 1872 4910 ratione
1900 4857 2083 4910 zodia-

511 4959 636 4996 cum
684 4944 954 4998 circulum
1009 4946 1379 5001 mathematici
1423 4955 1634 5006 veteres
1685 4949 2079 5020 propemodum

511 5049 724 5100 omnes,
757 5043 851 5090 aut
877 5036 1142 5106 plerique,
1175 5039 1362 5107 partiti
1393 5050 1541 5095 sunt.

585 5191 845 5248 Eudoxus
874 5209 1004 5250 vero
1032 5197 1240 5266 tropica
1269 5208 1468 5266 puncta
1501 5213 1560 5254 se
1596 5199 1652 5254 in
1691 5201 1884 5256 mediis
1916 5201 2080 5256 collo-

513 5297 640 5338 care
671 5285 842 5356 signis
877 5287 932 5340 in
962 5287 1076 5342 hzec
1105 5289 1270 5342 verba
1312 5298 1542 5344 testatur
1580 5311 1592 5346 :
1631 5311 1649 5343 ι
1685 5291 1968 5350 Secundus
2002 5303 2086 5350 est

513 5377 774 5443 circulus,
807 5377 860 5430 in
895 5394 1004 5448 quo
1053 5381 1438 5436 conversiones
1478 5383 1680 5438 aestivae
1717 5385 1874 5438 ﬁunt.
1917 5384 1977 5438 In
2017 5399 2082 5440 eo

513 5469 678 5522 situm
720 5477 806 5525 est
845 5471 1083 5525 medium
1115 5469 1338 5526 Cancri.
1381 5493 1398 5524 ι
1437 5473 1570 5529 Item
1605 5495 1616 5530 :
1656 5495 1673 5526 ι
1709 5475 1948 5540 Tertius,
1985 5479 2082 5542 ait,

512 5573 596 5617 est
633 5564 894 5627 circulus,
925 5567 978 5620 in
1011 5583 1122 5636 quo
1173 5567 1308 5621 ﬁunt
1350 5571 1698 5638 aequinoctia.
1733 5569 1794 5625 In
1833 5587 1897 5627 eo
1925 5572 2081 5642 posi-

513 5663 629 5709 tum
659 5667 742 5712 est
772 5657 972 5714 Arietis
1011 5669 1065 5715 et
1107 5661 1400 5716 Chelarum
1431 5663 1690 5718 medium.
1730 5663 1994 5731 Quartus,
2027 5667 2082 5720 in

511 5760 623 5818 quo
657 5750 1042 5808 conversiones
1077 5753 1312 5808 hibernae
1353 5753 1626 5812 accidunt.
1675 5753 1736 5814 In
1787 5771 1852 5815 eo
1891 5757 2083 5830 Capri-

2187 4579 2422 4650 μάλιστα
2451 4577 2681 4644 γίνεται.
2713 4573 2862 4642 Αὕτη
2903 4573 2958 4625 δὲ
3005 4574 3212 4642 γίνεται
3251 4575 3390 4645 μετὰ
3433 4575 3476 4626 λ’
3527 4575 3758 4644 ἔγγιστα

2183 4669 2394 4740 ἡμέρας
2422 4665 2528 4719 ἀπὸ
2554 4665 2654 4736 τῆς
2677 4665 2894 4736 θερινῆς
2928 4665 3154 4734 τροπῆς.
3179 4665 3332 4718 Μετά
3362 4665 3626 4730 τοσαύτας
3647 4667 3756 4737 ἀρα

2183 4761 2396 4830 ἡμέρας
2444 4757 2668 4826 ἔγγιστα
2712 4755 2834 4808 κατ’
2865 4755 3024 4808 αὑτὸν
3053 4757 3080 4808 ὁ
3109 4755 3258 4825 ἥλιος
3281 4757 3338 4808 ἐν
3371 4757 3436 4826 τῇ
3485 4757 3627 4828 ἀρχῇ
3659 4755 3756 4810 τοῦ

2184 4850 2411 4912 Λέοντος
2465 4848 2694 4916 γίνεται.
2743 4847 2830 4899 Ἐν
2881 4845 3050 4917 ταύτῃ
3101 4850 3165 4918 τῇ
3217 4849 3390 4918 τροπῇ
3436 4847 3616 4901 τοίνυν
3659 4849 3760 4920 τὴν

2185 4937 2360 5009 ἀρχὴν
2389 4937 2573 5006 ὲπέχει
2625 4935 2716 4988 τοῦ
2751 4935 3049 5004 Καρκίνου.
3085 4937 3196 4990 Καὶ
3236 4936 3340 4989 ὑπὸ
3377 4937 3486 4990 τῶν
3513 4939 3761 5010 ἀρχαίων

2185 5029 2242 5082 δὲ
2285 5027 2679 5098 μαθηματικῶν
2727 5027 2942 5080 πάντων
2985 5029 3200 5098 σχεδὸν,
3233 5027 3266 5098 ἦ
3311 5029 3418 5081 τῶν
3453 5029 3720 5084 πλείστων
3741 5071 3758 5098 ,

2185 5117 2374 5171 τοῦτον
2409 5117 2498 5170 τὸν
2525 5117 2723 5188 τρόπον
2747 5121 2775 5170 ό
2803 5117 3063 5182 ζωδιακὸς
3091 5117 3286 5182 κύκλος
3309 5119 3556 5192 διῄρητο.

2259 5211 2378 5260 ’Ὁτι
2402 5209 2458 5260 δὲ
2487 5207 2712 5273 Εὔδοξος
2737 5209 2802 5262 τὰ
2839 5209 3074 5280 τροπικὰ
3105 5213 3304 5280 σημεῖα
3331 5209 3470 5263 κατὰ
3510 5211 3650 5282 μέσα
3686 5211 3760 5265 τὰ

2187 5300 2352 5365 ζώδια
2381 5301 2583 5370 τίθησι,
2623 5301 2778 5372 δῆλον
2809 5303 2954 5353 ποιεῖ
2988 5301 3076 5354 διὰ
3107 5302 3308 5355 τούτων
3330 5322 3341 5334 ·
3373 5303 3669 5374 «Δεύτερος
3699 5303 3757 5356 δέ

2185 5391 2303 5443 ἐστι
2325 5391 2541 5454 κύκλος,
2573 5394 2630 5443 tv
2655 5385 2697 5458 ᾧ
2723 5390 2930 5462 Θεριναὶ
2953 5393 3150 5462 τροπαὶ
3177 5393 3434 5460 γίνονται.
3453 5395 3607 5446 Ἔστι
3631 5393 3674 5445 δ’
3701 5393 3763 5446 tv

2185 5482 2359 5552 τούτῳ
2399 5481 2466 5534 τὰ
2511 5479 2652 5552 μέσα
2701 5481 2797 5534 τοῦ
2841 5481 3136 5552 Καρκίνου.
3165 5501 3184 5532 ι
3231 5483 3341 5535 Καὶ
3378 5481 3539 5535 πάλιν
3593 5481 3760 5551 φησί·

2192 5595 2212 5628 ι
2235 5573 2426 5646 Τρίτος
2453 5573 2497 5626 δ’
2529 5575 2642 5627 ἐστὶ
2669 5573 2887 5641 κύκλος,
2926 5577 2985 5630 tv
3016 5569 3060 5644 ᾧ
3085 5577 3140 5628 αί
3173 5575 3450 5646 ἰσημερίαι
3494 5569 3760 5644 γίνονται.

2189 5665 2346 5722 Ἐστι
2375 5669 2419 5721 δ’
2447 5673 2504 5722 ἐν
2532 5669 2705 5739 τούτῳ
2736 5667 2805 5722 τά
2835 5679 2894 5722 τε
2927 5669 3021 5722 τοῦ
3053 5667 3228 5740 Κριοῦ
3259 5661 3401 5740 μέσα
3431 5669 3524 5722 καὶ
3551 5667 3620 5720 τὰ
3651 5667 3768 5721 τῶν

2185 5759 2402 5832 Χηλῶν.
2440 5760 2708 5832 Τέταρτος
2931 5755 2976 5830 ᾧ
3007 5761 3316 5832 χειμεριναὶ
3353 5761 3558 5833 τροπαὶ
3581 5759 3766 5830 γίνον-
