4132 6428
361 350 498 419 ιϋδε

1302 331 1666 406 Hirpinum
1704 343 1794 399 AD
1823 323 2269 397 ΡὴΑεΝοΜΕΝΑ
2304 322 2436 390 Lm.
2480 325 2541 389 ιι.

3453 326 3591 386 1070

360 480 472 529 ται.
505 474 662 527 Ἔστι
706 472 749 525 δ’
802 472 860 524 ἐν
906 470 1081 539 τούτῳ
1115 466 1185 521 τά
1237 466 1376 536 μέσα
1422 462 1515 516 τοῦ
1564 461 1863 532 Αίγόκερω.
1905 476 1923 509 ι

2045 453 2187 508 :orni
2228 450 2467 506 medium
2509 455 2610 503 est.
2646 464 2670 498 ι
2711 445 2825 500 Hoc
2873 446 3048 515 ipsum
3092 443 3440 499 manifestius
3481 444 3594 499 illic

376 563 800 633 Ἐκφανέστερον
847 561 892 614 δ’
940 560 1024 612 ἔτι
1056 557 1147 612 διὰ
1196 556 1399 610 τούτων
1434 553 1743 607 ἀποδίδωσι.
1793 550 1931 621 Περὶ

362 656 472 728 γὰρ
494 655 604 709 τῶν
632 652 905 722 κολούρων
941 650 1248 720 λεγομένων
1278 646 1514 709 κύκλων,
1540 644 1590 697 οἶ
1628 642 1930 714 γράφονται

362 748 448 801 διὰ
480 747 588 799 τῶν
622 745 825 807 πόλων,
869 742 960 796 καὶ
998 741 1085 794 διὰ
1110 739 1219 792 τῶν
1252 736 1557 807 τροπικῶν,
1593 734 1688 787 καὶ
1735 733 1930 801 ἰσημε-

367 837 528 909 ρινῶν
555 835 813 906 σημείων,
834 832 997 903 φησὶν
1017 828 1215 891 οὕτως·
1246 846 1263 877 ι
1290 827 1506 897 ’Ἑτεροι
1531 825 1574 876 δ’
1595 824 1731 876 εἰσὶν
1758 822 1802 892 β’
1836 820 1931 873 κύ-

364 929 506 992 κλοι,
540 927 825 996 τέμνοντες
858 921 1117 992 ἀλλήλους
1148 919 1290 987 δίχα,
1335 918 1430 970 καὶ
1474 915 1610 986 πρὸς
1651 912 1815 984 όρθάς
1841 911 1931 965 διὰ

363 1022 475 1076 τῶν
505 1021 682 1074 πόλων
727 1018 822 1071 τοῦ
870 1017 1095 1086 κόσμου.
1144 1014 1297 1065 Ἔστι
1331 1013 1375 1065 δ’
1416 1014 1474 1064 ὲν
1505 1009 1711 1072 τούτοις
1757 1010 1931 1079 ἄστρα

363 1114 521 1168 τάδε·
553 1117 599 1164 α’
628 1110 657 1163 ὁ
696 1109 854 1171 πόλος
879 1109 908 1160 ὁ
932 1107 1019 1160 ἀεὶ
1053 1102 1287 1175 φανερὸς
1319 1101 1413 1155 τοῦ
1448 1103 1681 1172 κόσμου·
1715 1094 1833 1153 εἶτα
1870 1098 1932 1151 τὸ

369 1205 535 1276 μέσον
559 1202 660 1273 τῆς
682 1201 915 1273 ’Ἄρκτου
942 1197 1081 1252 κατὰ
1099 1196 1318 1259 πλάτος·
1340 1195 1434 1247 καὶ
1458 1193 1550 1247 τοῦ
1573 1192 1847 1263 Καρκίνου
1871 1189 1933 1243 τὸ

369 1296 553 1367 μέσον.
583 1314 599 1345 ι
639 1292 748 1347 Καὶ
799 1293 914 1362 μετ’
955 1289 1134 1357 ὀλίγον
1167 1286 1361 1359 φησίν·
1394 1305 1413 1337 ι
1437 1285 1511 1337 Ἥ
1557 1302 1616 1337 τε
1660 1284 1795 1355 ούρά
1837 1283 1931 1336 τοῦ

370 1386 543 1437 νοτίου
579 1381 780 1454 Ἰχθύος
817 1380 911 1433 καὶ
952 1378 1012 1431 τὸ
1046 1376 1206 1448 μέσον
1248 1374 1339 1428 τοῦ
1385 1374 1695 1444 Αίγόκερω·
1728 1392 1747 1423 ι
1789 1374 1846 1425 έν
1874 1372 1930 1424 δὲ

369 1472 480 1538 ﬂii;
525 1473 654 1543 ἑξῆς
704 1476 866 1542 φησιν
894 1472 955 1522 ὲν
988 1469 1066 1539 τῷ
1108 1467 1280 1537 ἑτέρῳ
1326 1464 1434 1518 τῶν
1482 1464 1571 1518 διὰ
1612 1463 1721 1516 τῶν
1755 1461 1932 1514 πόλων

369 1565 584 1619 κύκλων
642 1562 854 1617 κεῖσθαι
897 1561 993 1613 σὺν
1030 1562 1143 1622 τοῖς
1177 1558 1378 1620 ἄλλοις,
1407 1551 1488 1620 οἷς
1538 1554 1931 1626 ἐξαριθμεῖται,

370 1656 467 1709 καὶ
496 1653 566 1708 τὰ
587 1652 726 1725 μέσα
747 1650 855 1705 τῶν
876 1649 1070 1721 Χηλῶν
1098 1649 1239 1704 κατὰ
1267 1648 1487 1711 πλάτος,
1516 1646 1612 1699 καὶ
1646 1644 1742 1698 τοῦ
1759 1644 1932 1716 Κριοῦ

372 1747 441 1801 τὰ
476 1746 621 1802 νῶτα
657 1744 801 1799 κατά
828 1742 1052 1806 πλάτος.

443 1841 515 1893 Δν.
551 1834 986 1910 Προδιαληπτέον
1013 1831 1314 1895 καὶτοῦτο,
1338 1828 1425 1887 δτι
1461 1829 1562 1893 τὰς
1595 1826 1770 1900 ἀρχὰς
1804 1826 1935 1880 ὲκά-

371 1936 500 1984 οδτου
524 1928 632 1982 τῶν
657 1926 721 1998 ιβ’
751 1925 956 1991 ζωδεων
989 1923 1375 1994 ὑποτιθέμενος
1407 1922 1685 1992 όἈρατος
1716 1918 1808 1971 ἐπὶ
1838 1917 1939 1986 τῆς

371 2019 658 2088 ἀνατολῆς,
682 2018 934 2086 διασαφεῖ
957 2015 1057 2069 ὅσα
1078 2013 1156 2085 τῷ
1183 2012 1565 2085 προειρημένῳ
1588 2007 1739 2079 αὐτῷ
1764 2007 1940 2078 ζωδίιρ

376 2109 837 2165 συνανατέταλκεν
884 2107 919 2179 ἢ
973 2104 1425 2161 ἀντικαταδέδυκε
1474 2102 1585 2156 τῶν
1633 2100 1790 2164 ἐκτὸς
1844 2098 1938 2152 τοῦ

375 2200 643 2265 ζωδιακοῦ
677 2202 891 2272 ἄστρων
911 2216 925 2229 ·
958 2198 987 2251 δ
1013 2197 1110 2251 καὶ
1140 2196 1401 2250 συντείνει
1430 2194 1663 2265 μάλιστα
1705 2193 1845 2264 πρὸς
1880 2190 1942 2244 τὸ

375 2293 444 2345 ἔκ
465 2291 572 2344 τῶν
599 2290 774 2345 ἄλλων
808 2288 1024 2359 ἄστρων
1057 2284 1463 2355 συλλογίζεσθαι
1487 2283 1548 2337 τὸ
1582 2281 1773 2354 μέλλον
1808 2283 1941 2335 ἀνα-

377 2380 586 2434 τέλλειν
643 2378 1107 2448 δωδεκατημόριον
1155 2374 1252 2429 ’τοῦ
1315 2372 1603 2440 ζωδιακοῦ.
1665 2372 1835 2443 Δῆλον
1888 2372 1945 2425 δὲ

377 2472 536 2526 τοῦτο
563 2474 706 2525 ποιεῖ
724 2470 819 2524 καὶ
850 2471 943 2523 ἐπὶ
969 2470 1066 2540 τῆς
1087 2468 1194 2521 τῶν
1222 2467 1440 2538 Ἰχθύων
1465 2464 1750 2536 ἀνατολῆς,
1772 2463 1945 2532 λέγων

377 2562 571 2624 οὕτως.
593 2558 775 2614 Εἰπὼν
812 2558 921 2630 γὰρ
954 2558 1082 2630 περὶ
1114 2555 1206 2611 τοῦ
1242 2556 1462 2627 Ὕδρου,
1490 2556 1572 2610 ὅτι
1600 2554 1669 2608 τὰ
1699 2552 1797 2624 μὲν
1841 2550 1947 2607 ἀπὸ

380 2652 484 2723 τῆς
503 2651 742 2721 κεφαλῆς
768 2650 873 2714 ἕως
894 2650 994 2720 τῆς
1026 2648 1252 2720 πρώτης
1279 2648 1511 2718 σπείρας
1536 2644 1629 2698 τοῦ
1662 2644 1946 2716 ’Υδροχόου

383 2743 790 2816 ἀναφερομένου
828 2742 1076 2815 μετέωρά
1129 2742 1281 2806 ἐστι,
1318 2739 1379 2793 τὸ
1436 2738 1493 2791 δὲ
1540 2736 1725 2791 λοιπὸν
1782 2733 1947 2791 αὐτοῦ

384 2835 549 2906 σῶμα
579 2837 628 2889 οἱ
663 2833 864 2905 ’ἰχθύες
902 2834 1211 2901 ἀνάγουσιν,
1244 2829 1524 2901 ἐπιφέρει·

388 2950 553 3003 Οὕτω
578 2947 948 3019 καίμογεραί
973 2946 1186 3019 χεῖρες,
1221 2943 1334 3019 καί-
1352 2943 1560 3019 γοῦνα,
1594 2943 1692 3019 παὶ
1718 2927 1865 3019 ὦμοι

398 3013 805 3089 Ἀνδρερέδὴξ
829 3013 1208 3086 δίκαι”πάντα
1227 3030 1242 3043 -
1270 3013 1491 3083 τὰμὲν
1793 3013 1951 3066 ἄλλα

1745 3097 1879 3136 σσω

393 3159 649 3215 Τείνεται
676 3155 974 3210 Ὠκεανοῖο
995 3172 1008 3186 ο
1041 3154 1182 3210 νέον
1209 3154 1259 3207 δ’
1281 3153 1459 3207 ὁπότε
1479 3082 1877 3222 στέὲγὲξὲἷὲ

404 3229 628 3296 Ἰχθύες
659 3227 1004 3295 ἀμφότεροι,
1036 3226 1116 3296 τὰᾼ
1141 3223 1257 3296 μέν
1282 3226 1335 3276 οἱ
1368 3224 1517 3296 κατὰ
1548 3222 1717 3296 δεξιὰ
1741 3223 1947 3296 χειρὸς

383 3293 557 3354 Αὐτοὶ
577 3293 962 3365 ἐφέλκονται·
995 3295 1067 3348 τὰ
1091 3293 1142 3348 δ’
1163 3294 1448 3362 ἀριστερὰ
1477 3294 1709 3347 νειόθεν
1731 3293 1894 3347 ἕλκει

387 3367 567 3437 Κριὸς
596 3368 1008 3436 ἀνερχόμενος.
1035 3404 1050 3419 .
1075 3404 1089 3419 .
1110 3404 1126 3418 .

389 3477 492 3531 Διά
533 3479 642 3548 γὰρ
684 3475 778 3530 τοῦ
797 3516 812 3540 ,
856 3475 999 3531 νέον
1034 3477 1210 3530 ὁπότε
1254 3475 1650 3546 προτένωνται
1701 3474 1948 3545 Ἰχθύες,

389 3565 543 3639 δηλοῖ
562 3570 663 3626 οὐκ
706 3568 836 3666 ἄλλο
868 3584 944 3633 τι,
965 3568 1002 3641 ἢ
1042 3568 1171 3623 ὅταν
1199 3567 1469 3640 ἀρχωνται
1497 3569 1545 3620 oi
1572 3562 1778 3636 Ἰχθύες
1824 3566 1955 3618 ἀνα-

388 3660 617 3714 τέλλειν.
819 3660 833 3666 ’
1692 3664 1702 3675 ⁸

470 3752 588 3805 Ἔτι
633 3750 691 3805 δὲ
737 3751 869 3805 αὐτὸ
915 3750 1074 3804 τοῦτο
1130 3746 1359 3822 φανερὸν
1399 3750 1544 3801 ποιεῖ
1589 3746 1685 3800 καὶ
1738 3745 1830 3798 ἐπὶ
1857 3742 1956 3815 τῆς

390 3840 656 3913 ⁸Ἂργοῢς.
681 3843 792 3914 Τῆς
815 3843 923 3913 γὰρ
956 3841 1229 3913 Παρθένου
1258 3839 1671 3909 ἀνατελλούσης,
1704 3838 1847 3908 φησὶ
1858 3837 1958 3906 τὴν

386 3935 649 4007 πρύμναν
674 3935 843 4004 αὐτῆς
873 3934 1181 3987 ἀνατέλλειν
1208 3933 1335 4002 ὃλην
1354 3949 1367 3963 ⁸
1402 3932 1471 3986 τὰ
1503 3930 1561 3984 δὲ
1599 3927 1760 3983 λοιπά
1788 3929 1959 3997 αὐτῆς

387 4026 503 4088 ἓως
543 4024 637 4078 τοῦ
680 4023 826 4077 ἱστοῦ
865 4021 1191 4087 ἀνατέλλειν,
1235 4021 1313 4074 ὅτ’
1351 4018 1417 4073 ἂν
1461 4018 1559 4088 ὅλη
1605 4020 1639 4088 ή
1675 4014 1960 4087 Παρθένος

388 4116 672 4189 ἀνατείλῃ.
702 4113 986 4187 Προειπὼν
1017 4113 1147 4184 γάρ’

393 4233 486 4285 Οὐ
509 4230 624 4300 μέν
650 4235 763 4298 θην
790 4229 1030 4300 ὀλίγους
1055 4227 1226 4297 γαίης
1257 4223 1375 4279 ὑπὸ
1404 4221 1606 4277 νείατα
1632 4218 1853 4287 βάλλει

389 4297 701 4369 Παρθένος
735 4297 1135 4353 ἀντέλλουσα.
1158 4335 1173 4348 .
1202 4336 1213 4349 .
1242 4334 1257 4348 .

394 4415 520 4486 μετ’
546 4414 726 4482 ὀλίγον
754 4412 886 4483 φησί
905 4428 919 4441 ο

396 4567 414 4585 .
447 4570 460 4584 .
479 4567 497 4583 .
519 4566 535 4581 .
562 4524 682 4596 ερθά
704 4542 860 4591 ιενος
888 4523 957 4578 δὲ
990 4524 1161 4577 Κύων
1195 4512 1383 4586 πόδας
1409 4519 1645 4571 αἴνυται
1676 4515 1927 4580 ἄλλους,

398 4596 642 4646 Ἐλκων
673 4545 949 4646 ἐξόπιθεν
977 4595 1253 4646 πούαναν
1300 4588 1681 4646 πολυτειρέος
1706 4585 1927 4646 Ἀργοῦς

398 4588 642 4659 ΫΕλκῖυν
673 4588 949 4660 ἐξόπιθεν
977 4595 1253 4662 πρύμναν
1300 4588 1681 4662 πολυτειρέος
1703 4588 1959 4662 Ἀργοῦς.

407 4657 475 4726 Ἦ
498 4666 567 4719 δὲ
598 4657 910 4735 θέειγαίης
934 4657 1109 4717 ἰστὸν
1127 4662 1388 4730 διχόωσα
1415 4659 1540 4713 κατ’
1566 4657 1752 4711 αὐτόν
1770 4671 1788 4688 ο

403 4798 700 4869 Παρθένος
724 4794 875 4868 ἦμος
904 4797 1111 4850 ἅπασα
1138 4795 1451 4864 περαιόθεν
1478 4792 1606 4862 ἄρτι
1634 4791 1890 4861 γένηται.

471 4915 581 4968 Καὶ
625 4914 653 4965 ὁ
696 4910 921 4977 Εὔδοξος
939 4910 1014 4971 δὲ,
1044 4903 1088 4976 ᾧ
1136 4905 1608 4980 κατηκολούθηκεν
1654 4907 1683 4957 ὁ
1709 4905 1963 4975 Ἄρατος,

402 5006 492 5060 τὸν
511 5004 675 5059 αὐτὸν
701 5005 903 5076 τρόπον
932 5000 1243 5055 ὑποτίθεται
1259 5003 1316 5052 ὲν
1330 5002 1449 5063 ταῖς
1469 4995 1848 5059 συνανατολαῖς
1869 4995 1967 5057 τὰς

401 5102 577 5173 ἀρχὰς
604 5100 711 5155 τῶν
760 5099 964 5163 ζωδίων
1003 5097 1098 5150 ἐπὶ
1132 5097 1231 5166 τῆς
1274 5094 1570 5163 ἀνατολῆς·
1607 5091 1747 5145 ὥστε
1779 5091 1873 5143 καὶ
1904 5092 1971 5143 ὲκ

400 5193 592 5245 τούτου
622 5190 851 5262 φανερὸν
884 5188 1126 5259 γίνεσθαι
1163 5188 1224 5240 τὸ
1259 5184 1631 5257 προκείμενον.
1667 5181 1882 5237 Τούτων
1912 5181 1970 5234 δὲ

404 5283 974 5356 προϋποδεδειγμένων
1022 5281 1116 5334 νῦν
1147 5276 1572 5348 ἐπισκεψώμεθα
1608 5274 1707 5338 τάς
1749 5274 1841 5326 ὑπ’
1875 5272 1973 5325 αύ-

402 5375 511 5428 τῶν
530 5374 918 5445 ἀποδιδομένας
940 5370 1297 5433 συνανατολάς
1317 5386 1376 5422 τε
1398 5369 1492 5423 καὶ
1506 5363 1967 5425 ἀντικαταδύσεις.

477 5466 552 5519 Ε’.
570 5465 765 5519 ’Υποθέ
773 5481 933 5534 μενος
950 5463 1131 5516 τοίνυν
1161 5464 1190 5515 ὁ
1204 5462 1271 5514 'A
1281 5476 1438 5532 ρατος
1477 5457 1569 5511 ἐπὶ
1587 5456 1689 5526 τῆς
1710 5453 1972 5524 ἀνατολῆς

405 5554 503 5627 τὴν
534 5557 707 5627 ἀρχὴν
738 5554 832 5608 τοῦ
861 5555 1160 5627 Καρκίνου,
1179 5553 1312 5622 φησὶ
1339 5549 1430 5604 τοῦ
1460 5549 1558 5619 μὲν
1588 5546 1860 5615 Στεφάνου
1885 5545 1973 5613 δε-

405 5646 625 5700 δυκέναι
649 5647 711 5700 τὺ
737 5647 929 5718 ἥμισυ,
966 5644 1058 5698 τοῦ
1097 5644 1152 5697 δὲ
1186 5642 1358 5696 νοτίου
1398 5638 1598 5710 Ἰχθύος
1635 5635 1697 5689 τὸ
1737 5634 1843 5696 ἕως
1878 5632 1975 5704 τῆς

408 5740 648 5811 ῥάχεωςο
686 5739 780 5793 τοῦ
822 5738 880 5792 δὲ
919 5739 1008 5793 Ἐν
1041 5737 1227 5807 γόνασι
1264 5735 1333 5789 τά
1389 5732 1528 5803 ὑπὲρ
1571 5728 1667 5801 τὴν
1699 5726 1941 5797 γαστέρα
1956 5741 1986 5770 ’-

1992 4461 2039 4517 D

2028 544 2195 599 etiam
2234 540 2524 612 signiﬁcat,
2562 538 2655 593 ubi
2686 537 2757 592 de
2788 537 2997 591 coluris
3026 535 3250 589 circulis
3282 549 3470 602 agens,
3500 535 3595 604 qui

2028 649 2125 704 per
2168 632 2324 702 polos
2366 639 2420 685 et
2460 628 2669 697 tropica
2723 626 3229 695 azquinoctialiaque
3258 632 3458 693 puncta
3491 623 3597 676 du-

2028 731 2248 788 cuntur,
2290 721 2367 774 ita
2409 718 2647 774 scribit:
2690 734 2709 768 ι
2749 715 2857 768 Alii
2902 721 3029 770 sunt
3073 714 3267 769 circuli
3310 714 3419 768 duo
3456 713 3599 767 biia-

2029 814 2168 868 riam
2199 812 2430 866 invicem
2462 809 2530 863 ad
2563 816 2745 864 rectos
2779 807 3010 877 angulos
3037 814 3288 862 secantes
3315 820 3410 876 per
3442 806 3599 875 polos

2031 903 2241 959 mundi.
2272 901 2331 956 ln
2355 901 2566 971 quibus
2606 900 2720 953 haec
2762 906 2909 953 astra
2946 905 3075 952 sunt
3117 898 3351 967 primum
3384 911 3601 966 semper

2034 1010 2304 1065 apparens
2350 993 2539 1047 mundi
2584 992 2773 1061 polus;
2807 989 3005 1044 deinde
3037 989 3273 1043 medium
3314 986 3468 1043 Ursae
3511 1003 3600 1042 se-

2035 1086 2276 1142 cundum
2305 1084 2682 1147 latitudinem,
2715 1082 2953 1137 medium
2980 1080 3199 1145 Cancri,
3230 1086 3335 1134 etc.
3375 1099 3394 1130 ι
3431 1077 3603 1133 Paulo

2035 1186 2160 1249 post
2197 1176 2348 1231 addit
2380 1194 2394 1230 :
2436 1194 2456 1226 ι
2486 1173 2602 1228 Nec
2651 1190 2759 1229 non
2791 1174 2966 1228 cauda
3008 1170 3184 1227 Piscis
3223 1170 3514 1233 australis,
3545 1181 3602 1225 et

2037 1270 2273 1325 medium
2298 1267 2637 1338 Capricorni.
2652 1265 2943 1335 sDeinceps
2962 1279 3089 1320 vero
3117 1262 3329 1326 scribit,
3354 1262 3408 1316 in
3430 1263 3601 1315 altero

2036 1375 2136 1430 per
2183 1360 2339 1430 polos
2387 1368 2708 1415 transeunte
2755 1360 2964 1416 circulo
3014 1359 3179 1413 situm
3226 1371 3370 1420 esse,
3403 1363 3603 1426 praeter

2037 1453 2176 1516 alia,
2224 1466 2347 1522 quae
2392 1459 2641 1507 recenset
2682 1452 2919 1507 medium
2956 1449 3255 1506 Chelarum
3300 1447 3603 1504 secundum

2038 1543 2404 1609 latitudinem,
2423 1551 2479 1599 et
2507 1543 2806 1599 secundum
2828 1542 3073 1600 eamdem
3097 1540 3435 1597 latitudinem
3455 1538 3605 1595 Arie-

2036 1635 2109 1691 tis
2129 1641 2301 1706 terga.

1966 1768 2015 1830 3
2108 1787 2199 1843 ιν.
2228 1790 2916 1861 Observandumpraeterea
2938 1790 3075 1847 illud
3093 1790 3437 1855 est,Aratum
3455 1792 3607 1861 prin-

2038 1884 2180 1955 cipia
2205 1885 2499 1955 cujuslibet
2523 1901 2555 1940 e
2581 1884 2867 1941 duodecim
2898 1885 3073 1955 signis
3107 1885 3162 1938 in
3195 1884 3404 1939 oriente
3437 1884 3609 1939 collo-

2040 1984 2278 2042 cantem,
2306 1977 2613 2047 exprimere
2633 1992 2889 2048 quaenam
2917 1986 3073 2031 extra
3110 1976 3392 2030 zodiacum
3425 1975 3609 2047 posita

2042 2067 2222 2121 sidera
2249 2080 2374 2123 cum
2418 2066 2514 2121 illo
2543 2068 2663 2137 ipso
2706 2068 2864 2137 signo
2896 2066 3106 2137 pariter
3142 2072 3343 2130 ortum,
3369 2075 3463 2118 aut
3508 2079 3608 2119 oc-

2041 2173 2233 2213 casum
2281 2173 2349 2214 ex
2393 2158 2626 2215 adverso
2677 2159 2943 2227 fecerint;
2978 2157 3124 2229 quod
3170 2174 3236 2214 eo
3281 2171 3611 2228 magnopere

2042 2250 2296 2320 pertinet,
2327 2257 2387 2304 ut
2415 2267 2483 2307 ex
2524 2252 2647 2307 aliis
2675 2250 3181 2307 constellationibus
3216 2251 3465 2321 proxime
3498 2250 3611 2305 ori-

2044 2349 2228 2395 turum
2282 2341 2498 2413 signum
2549 2341 2761 2397 zodiaci
2792 2342 3098 2414 colligatur.
3143 2340 3297 2397 Istud
3339 2342 3503 2397 etiam
3552 2340 3610 2395 in

2045 2441 2239 2488 exortu
2267 2432 2508 2489 Piscium
2547 2435 2791 2490 declarat
2830 2435 2916 2490 his
2957 2434 3158 2489 verbis.
3190 2432 3326 2489 Cum
3359 2433 3506 2488 enim
3542 2431 3612 2487 de

2048 2522 2232 2597 Hydra
2274 2524 2527 2591 dixisset,
2571 2542 2693 2596 qua:
2741 2527 2810 2582 ab
2860 2528 2981 2596 ejus
3034 2525 3211 2596 capite
3262 2524 3331 2579 ad
3378 2523 3613 2595 primam

2048 2617 2253 2687 spiram
2301 2619 2597 2689 pertinent,
2629 2619 2957 2676 ascendente
2987 2620 3230 2691 Aquario
3287 2619 3340 2672 in
3392 2618 3614 2675 sublimi

2048 2727 2192 2778 esse,
2236 2711 2508 2783 reliquum
2554 2712 2704 2769 illius
2732 2727 2935 2784 corpus
2978 2728 3103 2768 cum
3130 2711 3395 2768 Piscibus
3422 2726 3615 2769 ascen-

2049 2803 2200 2871 dere,
2231 2819 2360 2861 mox
2390 2806 2613 2876 subiicit
2642 2826 2655 2861 :

2052 2916 2141 2973 Sic
2163 2918 2324 2971 etiam
2358 2919 2517 2972 lassis
2542 2930 2753 2981 manus,
2780 2927 2829 2971 et
2857 2934 3047 2987 genua,
3075 2928 3125 2972 et
3156 2918 3359 2972 humeri

2052 2988 2423 3055 Andromedae,
2446 2988 2734 3042 dimidiata
2754 2986 2966 3053 omnia;
2986 2989 3096 3043 hazc
3112 2989 3319 3059 quidem
3341 2996 3481 3059 ante,
3506 2986 3619 3041 alia

3409 3057 3547 3129 [post

1976 3121 2021 3183 C
2052 3126 2370 3198 Ifertingunt
2393 3142 2458 3182 ea:
2491 3127 2721 3198 Oceano,
2752 3142 2926 3182 recens
2957 3130 3164 3198 quando
3199 3120 3456 3195 prodeunt

2054 3195 2437 3266 Pisces-ambo,
2469 3197 2742 3251 dexteram
2771 3195 2978 3266 quidem
3008 3199 3059 3250 ei
3088 3213 3302 3251 manum

2051 3265 2231 3322 Pisces
2261 3268 2534 3321 attrahunt
2565 3283 2584 3320 :
2614 3277 2668 3321 at
2693 3265 2965 3321 sinistram
2991 3268 3056 3321 ab
3080 3269 3184 3321 imo
3207 3267 3376 3320 trahit

2052 3339 2202 3393 Aries
2232 3339 2537 3393 ascendens.

2121 3448 2257 3504 Nam
2287 3450 2402 3506 haec
2429 3450 2595 3507 verba
2620 3489 2636 3516 ,
2680 3467 2858 3505 recens
2890 3450 3101 3522 quando
3130 3449 3387 3521 prodeunt
3415 3448 3617 3519 Pisces,

2053 3540 2189 3596 nihil
2242 3540 2410 3605 aliud,
2449 3554 2612 3611 quam
2677 3540 2891 3595 initium
2946 3547 3100 3595 ortus
3147 3538 3387 3595 Piscium
3438 3539 3621 3609 expri-

2054 3641 2230 3687 munt.

2126 3721 2367 3793 ldipsum
2398 3730 2453 3778 et
2488 3723 2544 3777 in
2582 3725 2726 3793 Argo
2760 3723 3063 3778 clarissime
3098 3723 3455 3779 demonstrat.
3485 3723 3621 3778 Nam

2058 3814 2270 3870 oriente
2291 3813 2515 3885 Virgine
2541 3822 2709 3869 totam
2736 3814 2882 3871 illius
2905 3816 3107 3870 exoriri
3130 3817 3351 3886 puppim
3385 3816 3621 3873 asserit:

2058 3916 2256 3961 caatera
2280 3906 2454 3977 ipsius
2485 3921 2660 3976 usque
2690 3907 2758 3962 ad
2788 3907 2989 3961 malum
3020 3922 3297 3979 emergere
3325 3923 3450 3963 cum
3481 3909 3624 3963 inte-

2060 4014 2156 4070 gra
2181 3996 2352 4069 Virgo
2386 3999 2787 4055 conscenderit.
2818 3998 2956 4055 Cum
2996 4000 3139 4054 enim
3174 3998 3405 4055 dixisset
3438 4019 3452 4055 :

2064 4197 2178 4254 Nec
2197 4207 2335 4254 certe
2360 4214 2533 4267 pauca
2561 4199 2739 4253 sidera
2766 4205 2921 4253 terra:
2947 4196 3043 4252 sub
3068 4196 3254 4265 inﬁma
3280 4197 3442 4250 mittit

2074 4268 2230 4342 Virgo
2260 4272 2500 4325 exoriens
2523 4283 2544 4322 :

2064 4383 2229 4454 paulo
2255 4390 2378 4453 post
2415 4378 2492 4437 ait
2525 4403 2537 4437 :

2069 4537 2084 4551 .
2124 4536 2139 4550 .
2177 4536 2191 4550 .
2238 4496 2554 4565 prwceniens
2587 4511 2704 4549 vero
2734 4492 2901 4565 Canis
2916 4493 3086 4565 pedes
3115 4492 3301 4556 arripit
3332 4492 3466 4544 alios

2066 4562 2299 4622 Trahens
2332 4584 2364 4618 a
2396 4576 2535 4636 tergo
2562 4566 2772 4633 puppim
2803 4562 3029 4617 siellatw
3054 4562 3244 4636 Argus.

2067 4637 2197 4693 Haec
2242 4646 2417 4691 autem
2459 4630 2639 4688 currit
2666 4630 2836 4702 supra
2879 4642 3093 4695 terram,
3124 4633 3321 4702 maium
3348 4630 3632 4702 dimidiata

3163 4701 3339 4773 [juxta
3366 4701 3559 4773 ipsum,

2075 4777 2230 4847 Virgo
2258 4776 2467 4846 quando
2491 4783 2603 4829 tota
2635 4773 2698 4826 ab
2730 4771 3066 4842 inferioribus
3090 4770 3207 4839 jam
3234 4770 3523 4824 emerserit.

2135 4887 2280 4955 Quin
2324 4893 2377 4940 et
2421 4884 2701 4948 Eudoxus,
2735 4897 2898 4955 quem
2949 4890 3227 4936 auctorem
3272 4888 3495 4937 secutus
3548 4889 3632 4935 est

2067 4978 2288 5039 Aratus,
2318 4976 2507 5031 eodem
2550 4973 2712 5029 modo
2754 4975 3035 5043 signorum
3072 4972 3228 5026 initia
3264 4972 3319 5025 in
3353 4971 3632 5027 coortibus

2070 5071 2135 5125 ad
2165 5071 2434 5125 orientem
2480 5068 2671 5124 statuit
2705 5086 2719 5123 :
2755 5075 2816 5121 ut
2846 5067 2933 5120 vel
2964 5064 3090 5120 inde
3126 5064 3441 5135 planissime
3474 5064 3634 5118 nobis

2068 5164 2135 5219 de
2182 5172 2352 5234 poetae
2384 5163 2663 5233 preposito
2716 5166 2950 5216 constet.
3010 5157 3108 5213 His
3156 5171 3288 5211 vero
3341 5155 3634 5211 declaratis

2069 5255 2411 5325 inquiramus
2460 5252 2622 5307 modo
2654 5252 2708 5305 in
2739 5258 2961 5305 coortus
2999 5248 3480 5318 oppositarumque
3508 5260 3636 5315 par-

2071 5348 2209 5401 tium
2239 5359 2489 5407 occasus,
2522 5342 2830 5412 cujusmodi
2863 5344 2931 5398 ab
2961 5342 3070 5396 illis
3102 5339 3289 5395 traditi
3320 5339 3561 5393 fuerunt.

2143 5438 2211 5494 ν.
2235 5438 2546 5495 Constituto
2559 5436 2724 5506 igitur
2745 5435 2930 5489 adorie
2952 5440 3100 5489 ntem
3116 5431 3272 5486 initio
3298 5427 3518 5491 Cancri,
3549 5440 3637 5481 re—

2073 5530 2182 5587 fert
2208 5531 2407 5591 Aratus
2435 5528 2669 5583 mediam
2697 5525 2923 5580 Coronae
2960 5531 3165 5593 partem
3203 5510 3508 5585 occidisse;
3539 5531 3640 5570 au-

2076 5623 2260 5680 stralis
2290 5622 2419 5676 item
2447 5619 2620 5675 Piscis
2649 5632 2824 5687 usque
2849 5617 2916 5673 ad
2951 5616 3161 5685 spinam
3202 5610 3384 5677 dorsi;
3420 5608 3638 5679 Ingeni-

2077 5718 2186 5774 culi
2209 5713 2474 5789 quidquid
2498 5720 2583 5770 est
2601 5725 2766 5783 supra
2787 5717 3063 5774 ventrem;
3087 5704 3431 5777 Ophiuchum
3448 5701 3640 5759 hume~
