4132 6422
488 309 620 366 1071

1460 303 1559 357 AD
1587 301 1853 360 EUSEBII
1888 300 2280 357 CliRONlCON
2305 302 2666 361 APPENDIX.

3577 304 3722 364 5072

487 426 562 482 ris
610 432 798 492 tenus;
841 430 1172 495 serpentem,
1204 429 1368 492 quem
1404 419 1726 491 Ophiuchus
1778 428 1944 489 tenet,
1986 421 2049 476 ad

2155 421 2246 475 τὸν
2273 422 2331 476 δὲ
2369 422 2649 492 Ὀφιοῦχον
2697 422 2801 485 ἕως
2838 422 2946 476 τῶν
2992 422 3185 492 ὤμων·
3222 422 3313 475 τὸν
3347 420 3405 475 δὲ
3445 420 3626 489 Ὄφιν,
3658 422 3723 476 ὅν

486 533 661 592 usque
694 518 929 585 collum;
957 515 1370 587 Arctophylacis
1407 515 1639 585 amplius
1685 521 1840 584 parte
1886 513 2051 568 dimi-

484 610 595 664 dia.
627 607 710 664 Ad
746 607 862 663 hate
889 621 1084 663 zonam
1115 606 1333 663 Orionis
1363 604 1660 661 secundum
1692 606 1947 661 humeros
1978 606 2054 659 ait

483 700 709 756 exoriri.
750 697 1023 765 Quocirca
1069 698 1513 754 constellationes
1565 697 1686 751 istae
1730 711 1943 761 omnes,
1995 704 2053 751 ut

483 790 576 845 ille
606 795 813 852 censet,
846 803 970 843 eum
1001 786 1245 843 Geminis
1296 789 1493 856 partim
1539 786 1812 851 oriuntur,
1850 786 2050 855 partim

483 896 550 936 ex
598 882 828 936 adverso
859 879 1135 934 occidunt.
1180 880 1250 934 At
1285 878 1544 933 Eudoxus
1578 893 1769 933 onmes
1808 876 2053 934 illas're-

484 988 737 1038 censens,
773 988 893 1043 quae
922 971 1025 1026 sub
1057 972 1269 1025 initium
1303 970 1606 1026 occidentis
1631 969 1832 1025 Cancri
1883 982 2052 1040 supra

484 1072 688 1119 terram
728 1063 989 1127 eminent,
1020 1062 1097 1116 ait
1145 1072 1318 1117 totum
1365 1062 1734 1134 lngenieulum
1765 1076 1888 1117 esse
1918 1075 2054 1116 con-

483 1155 733 1224 spieuum
765 1172 778 1206 :
810 1154 1079 1207 Coronam
1131 1168 1352 1222 quoque
1388 1152 1708 1219 dimidiam;
1756 1151 2053 1222 Arctophy-

484 1247 618 1302 Iaeis
639 1254 692 1300 et
714 1244 982 1316 Ophiuchi
1007 1246 1221 1315 capita;
1255 1260 1363 1300 una
1389 1261 1513 1298 cum
1557 1244 1729 1299 cauda
1757 1243 2049 1314 serpentis,

482 1340 574 1411 qui
600 1354 764 1393 manu
791 1346 1059 1407 gestatur.
1090 1336 1227 1392 Tum
1251 1338 1321 1394 ad
1352 1346 1598 1393 austrum
1622 1337 1881 1393 Orionem
1911 1337 2053 1391 inte-

482 1445 659 1501 grum,
689 1437 745 1483 et
775 1427 842 1484 de
880 1429 1108 1484 australi
1144 1428 1304 1487 Pisce
1331 1429 1479 1501 quod
1505 1436 1591 1485 est
1627 1428 1928 1484 secundum
1956 1441 2051 1481 ea~

476 1530 598 1592 put.

551 1618 631 1670 Ac
669 1613 737 1669 de
778 1610 992 1670 Corona
1035 1611 1257 1683 quidem
1306 1618 1675 1665 consentanea
1712 1609 1927 1665 veritati
1965 1615 2051 1665 est

482 1706 632 1763 Arati
670 1706 957 1769 sententia,
991 1703 1260 1774 siquidem
1308 1702 1366 1757 in
1407 1700 1631 1757 Graeciaa
1672 1708 1853 1760 tractu
1900 1701 2050 1755 oeci-

2123 512 2265 585 ’ἔχει
2287 516 2316 567 6
2358 514 2660 585 Ὀφιοῦχος,
2692 514 2796 577 ἕως
2830 515 2924 568 τοῦ
2969 514 3223 585 αύχένος’
3260 512 3353 567 τοῦ
3393 513 3450 567 δὲ
3501 514 3723 585 Ἄρκτο-

2153 605 2392 675 φύλακος
2441 606 2603 661 πλέον
2654 607 2820 679 μέρος
2864 606 2898 676 ἢ
2944 606 3003 659 τὸ
3050 606 3242 677 ἥμισυ.
3286 604 3618 660 ’Δνατέλλειν
3664 604 3723 658 δέ

2152 700 2289 768 φησί
2310 697 2403 751 τοῦ
2441 698 2692 769 Ὠρίωνος
2721 698 2817 770 τὴν
2863 696 3040 767 ζώνην
3075 697 3213 750 κατά
3241 698 3369 759 τοὺς
3394 695 3600 769 ὤμους.
3639 696 3724 750 Τά

2152 788 2415 859 εἰρημένα
2441 787 2623 841 τοίνυν
2662 786 2839 857 ἄστρα
2874 789 2987 850 τοῖς
3021 786 3272 857 Διδύμοις
3304 787 3424 839 κατ’
3456 785 3653 850 αὑτὸν,
3685 784 3725 839 ἀ

2155 880 2254 950 μὲν
2283 878 2680 945 συνανατέλλει,
2703 878 2738 932 ἃ
2759 880 2816 933 δὲ
2847 878 3276 933 ἀντικαταδύνει.
3304 879 3362 929 'O
3385 876 3441 929 δὲ
3473 874 3722 940 Εὔδοξος,

2152 970 2612 1043 ἐξαριθμούμενος
2660 972 2763 1024 ὅσα
2795 971 2946 1024 ἐστὶν
2976 970 3117 1041 ὑπὲρ
3146 971 3268 1038 γῆς,
3302 967 3397 1021 τοῦ
3445 967 3724 1039 Καρκίνου

2152 1060 2451 1132 ἀρχομένου
2498 1059 2840 1124 ἀνατέλλειν,
2873 1059 3008 1130 φησὶ
3060 1059 3150 1114 τὸν
3203 1060 3290 1113 Ἐν
3338 1059 3560 1127 γόνασιν
3603 1057 3723 1111 ὅλον

2151 1146 2290 1204 εἶναι
2317 1152 2577 1223 φανερόν·
2614 1152 2706 1205 τοῦ
2731 1152 2789 1206 δὲ
2835 1152 3105 1221 Στεφάνου
3134 1150 3195 1205 τὸ
3239 1153 3443 1222 ἥμισυ·
3490 1151 3584 1203 καὶ
3623 1149 3722 1221 τὴν

2150 1241 2245 1296 τοῦ
2281 1242 2718 1313 Ἀρκτοφύλακος
2741 1241 3010 1313 κεφαλήν·
3048 1242 3140 1294 καὶ
3171 1230 3268 1312 τὴν
3299 1240 3393 1293 τοῦ
3436 1240 3720 1311 ὐφιούχου

2152 1332 2422 1403 κεφαλήνο
2458 1333 2554 1385 καὶ
2582 1332 2680 1402 τὴν
2721 1331 2887 1403 ούράν
2921 1330 3016 1384 τοῦ
3056 1331 3312 1401 ἐχομένου
3351 1332 3565 1399 Ὄφεως
3585 1348 3598 1361 ο
3629 1330 3721 1383 τὸν

2150 1424 2207 1477 δὲ
2236 1424 2374 1496 πρὸς
2399 1423 2551 1478 νότον
2602 1424 2831 1495 Ὠρίωνα
2857 1424 3004 1477 ὅλον·
3040 1423 3136 1477 καὶ
3169 1421 3263 1476 τοῦ
3298 1422 3474 1477 νοτίου
3517 1422 3721 1493 Ἰχθύος

2150 1515 2210 1571 τὸ
2243 1516 2381 1586 πρὸς
2411 1515 2509 1586 τὴν
2542 1515 2805 1588 κεφαλήν.

2230 1609 2291 1661 'O
2326 1608 2424 1678 μὲν
2449 1603 2540 1662 οὖν
2574 1608 2843 1676 Στέφανος
2882 1606 3023 1660 κατά
3072 1606 3165 1660 τὸν
3212 1607 3446 1677 ’Δρατον
3497 1605 3724 1675 ἔγγιστα

2153 1700 2467 1770 συμφωνεῖν
2513 1700 2572 1752 ὲν
2620 1688 2729 1770 γὰρ
2780 1701 2893 1761 τοῖς
2955 1698 3084 1769 περὶ
3126 1697 3225 1769 τὴν
3259 1698 3485 1752 Ἑλλάδα
3536 1698 3721 1763 τόποις

482 1797 610 1854 dere
632 1797 824 1866 incipit
853 1765 1154 1850 oriente-S5
1180 1801 1334 1864 parte
1357 1792 1746 1859 Geminorum;
1777 1800 1891 1846 tota
1916 1807 2048 1847 vero

2148 1765 2373 1863 ἀργεται
2406 1792 2506 1862 μὲν
2532 1765 2713 1845 δύνειν
2750 1765 3144 1860 ἀνατελλούσης
3249 1790 3345 1844 καὶ
3381 1797 3427 1843 κ’
3464 1790 3571 1860 μοί.
3612 1791 3723 1845 τῶν

481 1887 765 1945 descendit
789 1888 1000 1943 oriente
1027 1894 1223 1957 quarta
1250 1884 1451 1941 Cancri
1484 1888 1673 1954 ‘parte.
1705 1882 1812 1940 Sed
1837 1882 2048 1939 Eudoxi

481 1980 624 2035 ratio
678 1979 964 2051 perspicue
1022 1978 1351 2049 discrepat:
1391 1978 1544 2047 121
1604 1975 2049 2046 quandoquidem

481 2073 696 2128 initium
739 2073 808 2126 ab
833 2087 903 2127 eo
932 2071 1131 2127 Cancri
1181 2071 1239 2126 in
1287 2071 1470 2125 medio
1499 2068 1852 2125 Geminorum
1892 2069 2050 2139 signo

481 2166 723 2236 ponitur.
751 2163 909 2231 Quod
949 2171 1009 2218 ut
1049 2163 1270 2219 assidue
1300 2163 1459 2218 nobis
1486 2176 1917 2218 commemorare
1953 2174 2050 2215 ne-

481 2274 637 2314 cesse
681 2272 793 2312 non
842 2258 934 2321 sit,
976 2256 1113 2311 illud
1160 2256 1416 2312 universe
1460 2254 1755 2311 tenendum
1790 2262 1895 2318 est,
1924 2268 2048 2308 cum

482 2362 595 2403 non
644 2347 835 2402 eodem
882 2355 1112 2417 uterque
1159 2345 1325 2401 modo
1377 2347 1532 2415 signa
1582 2344 1892 2407 describat,
1938 2357 2050 2399 non

483 2448 646 2504 posse
672 2448 798 2488 cum
821 2434 1089 2489 ambobus
1114 2435 1490 2505 apparentium
1516 2434 1891 2504 experimenta
1919 2449 2051 2488 cou-

481 2542 699 2598 gruere.
731 2526 869 2582 Illud
902 2527 1127 2599 insuper
1156 2528 1461 2583 habendum
1491 2538 1594 2591 est,
1624 2542 1746 2597 qua:
1787 2528 1855 2583 ad
1894 2535 2050 2584 ortus

481 2617 776 2687 pertinent,
801 2618 992 2687 paucis
1021 2618 1282 2689 exceptis,
1313 2618 1502 2673 eodem
1533 2619 1603 2673 ab
1631 2626 1866 2690 utroque
1887 2619 2052 2675 modo

484 2708 774 2778 perscribi.
819 2707 1020 2765 Aratus
1067 2709 1212 2765 enim
1238 2710 1469 2765 .Eudoxi
1518 2711 1764 2782 vestigiis
1802 2711 2047 2768 inhaeret.

485 2798 688 2856 Verum
713 2799 782 2855 ad
801 2799 1053 2855 Arateam
1080 2801 1291 2855 zodiaci
1316 2803 1663 2872 partitionem
1687 2803 1862 2875 magis
1885 2818 2051 2874 quam

482 2890 553 2946 ad
580 2890 916 2958 Eudoxeam,
945 2899 1235 2947 coortuum
1275 2892 1345 2948 ab
1396 2893 1505 2949 illis
1549 2893 1874 2950 traditarum
1908 2895 2053 2951 ratio

480 2981 738 3037 convenit
774 3000 789 3037 :
825 2982 969 3051 quod
997 2998 1066 3036 ex
1100 2981 1169 3037 iis
1205 2981 1298 3038 ﬁet
1348 2982 1613 3052 apertius,
1646 2997 1769 3053 quae
1812 2981 1883 3039 de
1930 2981 2053 3040 istis

482 3074 804 3144 singillatim
831 3073 1248 3144 explicabimus.

552 3228 860 3285 Australem
902 3243 1066 3300 porro
1089 3228 1300 3287 Piscem
1339 3230 1549 3300 majore
1581 3231 1665 3288 sui
1692 3240 1848 3302 parte
1880 3245 2051 3302 supra

484 3328 685 3375 terram
735 3328 949 3391 oportet
992 3331 1228 3387 exstare,
1257 3339 1369 3379 non
1413 3339 1476 3380 ea
1517 3322 1893 3380 tantummodo
1929 3338 2051 3394 qua

481 3423 614 3468 sunt
637 3412 818 3469 vicina
840 3411 1031 3484 capiti,
1057 3421 1117 3466 ut
1150 3410 1259 3465 illis
1290 3411 1513 3481 placuit.
1544 3410 1758 3468 Etenim
1796 3411 2050 3468 occidere

480 3504 675 3575 incipit
706 3506 795 3559 ille
827 3502 1179 3559 Geminorum
1216 3503 1430 3559 oriente
1470 3503 1505 3557 4
1534 3513 1737 3577 parte;
1771 3512 2048 3576 postremo

481 3594 626 3650 idem
655 3593 856 3648 occidit
876 3594 1086 3651 oriente
1114 3594 1314 3651 Cancri
1348 3596 1435 3651 18.

552 3686 855 3757 lngeniculi
908 3701 1040 3743 vero
1108 3688 1287 3744 solum
1336 3688 1452 3759 jam
1501 3696 1665 3760 caput
1711 3690 1933 3753 occidit,
1995 3696 2050 3745 et

481 3777 671 3832 dexter
725 3777 985 3835 humerus
1039 3794 1166 3835 cum
1224 3795 1436 3847 manu;
1483 3782 1708 3838 sinister
1762 3782 2045 3848 humerus,

485 3868 861 3939 reliquumque
888 3885 1088 3941 corpus
1131 3886 1297 3942 supra
1339 3883 1539 3927 terram
1585 3872 1763 3929 adhuc
1812 3874 2046 3929 exsistit.

481 3959 619 4015 Nam
663 3960 947 4019 occidente
993 3962 1183 4020 dextro
1216 3965 1464 4032 humero,
1496 3965 1567 4019 27
1616 3982 1745 4037 pars
1790 3965 2047 4022 Gemino-

483 4067 606 4106 rum
661 4052 886 4121 oritur;
943 4055 1172 4110 sinistro
1229 4071 1362 4112 vero
1418 4057 1802 4125 descendente,
1872 4060 2049 4112 oritur

482 4152 673 4201 octava
721 4160 851 4217 pars
899 4146 1138 4214 Caneri,
1203 4155 1258 4204 et
1323 4163 1444 4218 qua:
1500 4158 1628 4204 sunt
1678 4150 1733 4204 in
1785 4151 2048 4207 lateribus

481 4241 607 4305 post
655 4234 907 4291 dextrum
968 4237 1255 4292 humerum
1312 4238 1489 4294 adhuc
1555 4240 1826 4295 oriuntur.
1886 4237 2048 4296 Falso

481 4327 665 4395 itaque
687 4327 824 4381 dixit
856 4327 1059 4384 Aratus
1093 4328 1205 4399 jam
1250 4331 1399 4386 illius
1427 4338 1635 4402 partem
1664 4347 1695 4386 a
1723 4340 1914 4388 ventre
1948 4349 2045 4389 ca-

480 4418 592 4487 pite
617 4425 781 4475 tenus
808 4418 1100 4477 occidisse.

554 4510 627 4565 De
656 4508 941 4581 Ophiucho
982 4521 1130 4569 recte
1160 4514 1402 4573 sentiunt
1429 4515 1631 4573 Aratus
1668 4525 1722 4573 et
1759 4510 2042 4574 Eudoxus.

480 4600 689 4673 Quippe
726 4603 940 4660 humeri
969 4621 1036 4660 ex
1062 4606 1293 4662 adverso
1340 4606 1690 4663 Geminorum
1742 4610 2000 4665 occidunt
2029 4629 2045 4678 ;

479 4706 601 4763 qua:
630 4708 761 4748 vero
788 4703 873 4750 est
918 4696 976 4751 in
1009 4698 1207 4768 capite,
1250 4700 1449 4755 occidit
1495 4701 1707 4757 oriente
1760 4703 2046 4775 undecima

476 4784 691 4839 Caneri-
704 4794 884 4855 parte.

554 4962 865 5033 Serpentis,
908 4982 1069 5037 quem
1119 4974 1266 5023 tenet
1310 4964 1665 5039 Ophiuchus,
1712 4972 1830 5027 sola
1879 4988 2047 5043 supra

479 5058 682 5107 terram
725 5054 919 5120 cauda,
974 5065 1034 5109 ut
1063 5058 1229 5112 sentit
1260 5056 1540 5126 Eudoxus,
1572 5077 1704 5125 non,
1744 5070 1805 5115 ut
1828 5063 2047 5130 Aratus,

479 5149 645 5212 caput
671 5145 904 5201 exsistit.
939 5145 1151 5202 Etenim
1194 5158 1357 5219 caput
1393 5151 1564 5220 ipsius
1598 5152 1797 5208 occidit
1848 5155 2044 5211 mediis

480 5233 594 5291 fere
631 5234 875 5293 Geminis
919 5239 1222 5297 orientibus
1276 5262 1289 5296 :
1344 5259 1465 5313 quae
1512 5252 1693 5300 autem
1736 5254 1818 5302 est
1859 5248 1915 5303 in
1947 5265 2045 5304 ex-

480 5334 652 5383 trema
682 5329 879 5397 cauda,
906 5332 1109 5388 occidit
1135 5334 1345 5392 oriente
1371 5344 1525 5406 parte
1553 5336 1751 5395 Cancri
1784 5338 1838 5394 9.

551 5506 638 5565 Vl.
660 5509 734 5567 De
755 5513 1148 5586 Arctophylaec
1172 5532 1399 5589 prorsus
1421 5520 1849 5581 hallucinantur.
1876 5525 2045 5584 Asse-

589 5686 634 5721 "
657 5689 700 5760 [ο
731 5690 896 5766 tneo-

2146 1885 2395 1955 Διδύμων
2417 1901 2429 1913 ·
2461 1883 2580 1948 ὅλος
2606 1883 2665 1936 δὲ
2691 1882 2835 1937 δύνει
2862 1882 3256 1953 ἀνατελλούσης
3287 1884 3385 1954 τῆς
3408 1883 3449 1936 δ’
3485 1883 3595 1954 μοί.
3624 1883 3721 1937 τοῦ

2147 1975 2448 2046 Καρκίνου.
2498 1973 2657 2028 Κατά
2710 1973 2962 2044 μέντοιγε
3012 1973 3104 2027 τὸν
3141 1973 3369 2041 Εὔδοξον
3411 1973 3592 2046 δῆλον,
3638 1975 3721 2029 ὅτι

2147 2064 2431 2135 διαφωνεῖ·
2465 2064 2700 2134 ἐπείπερ
2736 2066 2769 2135 ἠ
2809 2064 2951 2135 ἀρχὴ
2978 2062 3070 2117 τοῦ
3105 2065 3381 2137 Καρκίνου
3410 2067 3529 2120 κατ’
3560 2067 3721 2121 αὑτὸν

2149 2157 2288 2210 κατά
2307 2156 2473 2227 μέσον
2494 2156 2609 2209 ἐστὶ
2625 2154 2717 2209 τοῦ
2733 2155 2841 2209 τῶν
2851 2155 3095 2227 Διδύμων
3110 2155 3724 2230 δωδεκατημορίου.”1να

2148 2243 2204 2297 δὲ
2232 2242 2306 2315 μὴ
2337 2244 2628 2307 διαπαντὸς
2656 2245 2817 2316 ὲπιση
2829 2244 3148 2316 μαινώμεθα
3179 2247 3367 2315 τοῦτο,
3401 2248 3723 2319 διαληπτέον

2149 2336 2400 2401 καθόλου,
2422 2335 2556 2389 διότι
2592 2338 2667 2408 μὴ
2707 2338 2911 2408 ὁμοίως
2949 2338 3356 2409 ἀναγράφουσιν
3391 2341 3723 2412 ἀμφοτέροις

2148 2426 2209 2482 οὒ
2238 2426 2461 2481 δυνατὸν
2495 2428 2739 2499 ἐκατέρῳ
2763 2428 2942 2481 αὐτῶν
2964 2432 3276 2499 συμφωνεῖν
3296 2431 3357 2485 τὸ
3375 2431 3719 2503 φαινόμενον.

2148 2522 2240 2574 Δεῖ
2281 2520 2338 2574 δὲ
2370 2521 2591 2575 κάκεῖνο
2622 2522 2992 2593 διειληφέναι,
3018 2522 3151 2577 διότι
3198 2523 3377 2579 πάντα
3420 2523 3540 2595 μὲν,
3579 2523 3721 2595 πλὴν

2148 2612 2342 2682 ὀλίγων
2378 2613 2572 2679 τινῶν,
2634 2615 2833 2685 ὁμοίως
2891 2615 3190 2688 ἀμφότεροι
3235 2616 3610 2688 ἀναγράφουσι
3651 2617 3723 2671 τά

2150 2707 2280 2778 περὶ
2308 2707 2407 2771 τὰς
2442 2707 2724 2772 ἀνατολάς.
2778 2709 2835 2762 'O
2886 2708 2997 2781 γὰρ
3034 2711 3267 2782 ’Δρατος
3315 2714 3429 2776 τοῖς
3476 2711 3583 2765 ὑπὸ
3624 2710 3723 2765 τοῦ

2149 2793 2377 2859 Εὐδόξου
2401 2795 2711 2867 λεγομένοις
2737 2797 3092 2870 ἠκολούθηκε.
3124 2799 3479 2870 Συμφωνοῦσι
3507 2799 3722 2871 μέντοι⁶

2150 2904 2215 2957 γε
2258 2890 2313 2942 αι
2364 2889 2454 2943 ὑπ’
2502 2889 2683 2944 αὐτῶν
2715 2890 3199 2962 ἀναγεγραμμέναι
3254 2890 3609 2946 συνανατολαὶ
3651 2894 3721 2964 τῇ

2150 2979 2291 3034 κατὰ
2332 2980 2427 3035 τὸν
2461 2982 2698 3055 ¹Ἄρατον
2734 2982 2936 3055 μᾶλλον
2974 2982 3070 3038 τοῦ
3118 2982 3387 3048 ζωδιακοῦ
3437 2983 3720 3055 διαιρέσει,

2150 3071 2374 3143 siit-s9"
2410 3074 2553 3129 κατά
2605 3074 2694 3132 τὸν
2723 3074 2978 3143 Εὔδοξονο
3010 3074 3161 3129 ἔσται
3201 3076 3258 3130 δὲ
3302 3076 3460 3131 τοῦτο
3490 3076 3723 3147 φανερὸν

2149 3162 2215 3216 ἐκ
2243 3162 2352 3217 τῶν
2378 3164 2519 3220 κατά
2551 3165 2716 3239 μέρος
2747 3167 2876 3239 περὶ
2903 3166 3082 3221 αὐτῶν
3120 3166 3530 3240 ῥηθησομένων.

2217 3254 2323 3309 Τοῦ
2363 3254 2419 3309 δὲ
2445 3258 2620 3311 νοτίου
2653 3257 2853 3328 Ἰχθύος
2883 3258 2946 3312 τὸ
2984 3258 3234 3313 πλεῖστον
3271 3260 3437 3330 μέρος
3465 3258 3548 3312 δεῖ
3579 3258 3723 3331 ὑπὲρ

2145 3348 2249 3419 γῆν
2275 3341 2435 3413 εῖναι,
2460 3350 2555 3404 καὶ
2581 3350 2699 3421 οὐχὶ
2722 3351 2783 3404 τὸ
2808 3350 2947 3423 πρὸς
2968 3353 3034 3423 τῇ
3063 3351 3271 3423 κεφαλῇ
3302 3351 3482 3422 μόνον,
3512 3350 3589 3416 ὥς
3617 3369 3724 3422 φα-

2148 3456 2251 3493 σιν.
2288 3440 2548 3512 Ἀρχεται
2589 3443 2685 3513 μὲν
2717 3441 2828 3516 γὰρ
2859 3441 3056 3510 δύνειν,
3103 3444 3503 3516 ἀνατελλούσης
3532 3445 3573 3499 δ’
3606 3446 3721 3518 μοί.

2145 3530 2426 3603 Διδύμωνο
2476 3533 2701 3603 ἔσχατον
2743 3532 2801 3588 δὲ
2845 3532 3011 3601 δύνει,
3056 3535 3452 3609 ἀνατελλούσης
3501 3537 3601 3609 τῆς
3653 3536 3723 3609 ιη’

2153 3622 2263 3692 μοί.
2295 3623 2389 3677 τοῦ
2420 3624 2720 3697 Καρκίνου.

2218 3715 2324 3770 Τοῦ
2351 3716 2397 3770 δ’
2437 3718 2525 3771 Ἐν
2548 3717 2769 3786 γόνασιν
2803 3720 2836 3791 ἡ
2881 3719 3090 3792 κεφαλὴ
3128 3721 3286 3792 μόνον
3327 3721 3534 3787 δέδυκε,
3568 3722 3664 3777 καὶ
3695 3723 3724 3775 6

2144 3806 2314 3874 δεξιὸς
2340 3801 2489 3879 ὦμος
2520 3809 2616 3863 σὺν
2640 3813 2706 3882 τῇ
2738 3810 2911 3882 χειρί·
2957 3813 2987 3865 6
3031 3811 3076 3865 δ’
3108 3812 3396 3884 ἀριστερὸς
3433 3807 3583 3884 ὦμος
3624 3815 3721 3869 καὶ

2145 3897 2205 3950 τὸ
2229 3897 2412 3951 λοιπὸν
2440 3897 2597 3969 σῶμα
2625 3898 2705 3952 ἔτι
2743 3901 2892 3955 ἐστὶν
2915 3900 3053 3973 ὑπὲρ
3082 3903 3206 3974 γῆν.
3236 3903 3342 3956 Τοῦ
3367 3904 3466 3975 μὲν
3494 3904 3604 3977 γάρ
3633 3905 3724 3959 δε-

2147 3988 2260 4054 ξιοῦ
2312 3986 2461 4060 ὤμου
2514 3987 2760 4055 δύνοντος
2798 3990 3075 4046 ἀνατέλλει
3101 3995 3134 4064 ἠ
3164 3991 3207 4059 ζ’
3242 3996 3336 4049 καὶ
3385 4002 3434 4049 κ’
3476 3998 3586 4067 μοῖ.
3613 3996 3724 4052 τῶν

2147 4078 2425 4150 Διδύμων’
2462 4079 2559 4133 τοῦ
2593 4080 2649 4134 δὲ
2680 4081 2971 4155 ἀριστεροῦ
3011 4082 3163 4155 ὤμου
3197 4084 3466 4151 δύνοντος,
3499 4086 3723 4142 ἀνατέλο

2146 4169 2226 4224 λει
2258 4173 2292 4242 ἡ
2331 4176 2380 4242 η’
2408 4172 2517 4242 μοῖ.
2550 4169 2645 4225 τοῦ
2669 4173 2946 4245 Καρκίνου
2966 4192 2979 4204 ·
3027 4174 3120 4229 τοῦ
3158 4176 3214 4230 δὲ
3242 4176 3414 4245 δεξιοῦ
3443 4177 3592 4249 ὤμου
3640 4178 3723 4232 ἔτι

2149 4261 2371 4331 ὕστερον
2402 4260 2649 4316 δύνουσιν
2694 4262 2744 4315 οἱ
2777 4265 2836 4316 ὲν
2864 4267 2986 4330 ταῖς
3032 4266 3315 4340 πλευραῖς.
3360 4270 3475 4324 Οὐκ
3504 4270 3614 4340 ἄρα
3660 4269 3724 4324 τὸ

2149 4351 2259 4405 ἀπὸ
2283 4352 2382 4424 τῆς
2416 4353 2651 4424 γαστρὸς
2682 4355 2845 4427 μέρος
2880 4357 3044 4412 αὑτοῦ
3074 4360 3179 4424 ἕως
3207 4362 3306 4430 τῆς
3351 4356 3593 4434 κεφαλῆς
3631 4363 3722 4417 δέ·

2074 4443 2121 4498 D
2146 4442 2325 4507 δυκεν,
2359 4444 2435 4507 ὡς
2464 4445 2699 4517 ’Ἄρατός
2725 4464 2881 4518 φησι.

2218 4535 2297 4587 Τά
2342 4535 2400 4589 δὲ
2437 4537 2567 4608 περὶ
2602 4538 2693 4591 τὸν
2735 4540 3015 4613 Ὀφιοῦχον
3056 4544 3361 4615 συμφώνως
3410 4545 3724 4600 ἀποδιδόασι

2146 4622 2223 4694 τῷ
2255 4624 2563 4697 φαινομένῳ
2592 4626 2620 4680 ὅ
2664 4644 2726 4680 τε
2769 4630 3005 4699 Ἀρατος
3033 4634 3126 4686 καὶ
3154 4636 3183 4687 ό
3216 4631 3463 4699 Εύδοξος.
3510 4636 3574 4688 Οἱ
3619 4637 3721 4706 μὲν

2145 4713 2254 4783 γὰρ
2286 4706 2426 4784 ὧμοι
2465 4717 2577 4780 τοῖς
2617 4717 2869 4789 Διδύμοις
2906 4721 3449 4779 ἀντικαταδύνουσιν·
3488 4727 3518 4779 6
3560 4726 3617 4780 δὲ
3662 4728 3723 4781 ὲν

2145 4806 2211 4874 τῇ
2244 4804 2451 4877 κεφαλῇ
2479 4806 2645 4875 δύνει,
2673 4810 3066 4883 ἀνατελλούσης
3096 4814 3196 4885 τῆς
3227 4820 3293 4868 ια’
3317 4816 3429 4885 μοι.
3456 4815 3553 4869 τοῦ
3580 4817 3722 4890 Καρ-

2146 4896 2319 4954 κίνου.

2217 4988 2323 5042 Τοῦ
2349 4988 2423 5043 δὲ·
2438 4991 2673 5059 Ὄφεως,
2701 4992 2760 5047 δν
2787 4992 2900 5064 ἔχει
2933 4996 2964 5049 6
3007 4996 3307 5067 Ὀφιοῦχος,
3336 4997 3370 5069 ἡ
3393 4997 3531 5070 ούρά
3560 4999 3724 5069 μόνον

2147 5079 2289 5151 ὑπὲρ
2316 5082 2419 5152 γῆς
2452 5083 2620 5149 ἐστιν,
2654 5083 2731 5149 ὡς
2769 5087 2799 5139 6
2844 5085 3071 5153 Εὔδοξός
3111 5106 3266 5160 φησι,
3299 5090 3395 5144 καὶ
3420 5092 3520 5162 οὐχ
3559 5094 3594 5162 ή
3625 5110 3725 5146 κε-

2148 5171 2311 5243 φαλὴ,
2337 5171 2413 5236 ὼς
2443 5174 2473 5225 ὁ
2508 5175 2763 5245 Ἄρατος.
2805 5175 2871 5231 Ἦ
2906 5178 3004 5249 μὲν
3036 5180 3144 5252 γὰρ
3169 5179 3380 5252 κεφαλὴ
3416 5180 3581 5235 αὐτοῦ
3623 5181 3722 5236 δύ-

2146 5281 2247 5327 νει,
2284 5264 2680 5321 ἀνατελλόντων
2725 5269 2907 5339 μέσων
2939 5269 3174 5341 μάλιστα
3217 5271 3326 5325 τῶν
3369 5271 3617 5343 Διδύμων
3641 5290 3659 5305 ο
3695 5277 3726 5328 6

2145 5352 2201 5407 δὲ
2233 5356 2291 5408 ὲν
2332 5354 2477 5429 ἄκρᾳ
2504 5359 2571 5430 τῇ
2600 5359 2737 5432 οὐρᾷ
2764 5360 2932 5427 δύνει,
2968 5361 3360 5435 ἀνατελλούσης
3394 5364 3495 5436 τῆς
3526 5364 3571 5417 θ’
3604 5364 3719 5436 μοί.

2145 5441 2237 5498 τοῦ
2270 5445 2566 5517 Καρκίνου.

2216 5542 2305 5607 (ζ’.
2335 5541 2470 5613 Περὶ
2492 5541 2548 5596 δὲ
2569 5542 2664 5597 τοῦ
2708 5545 3143 5616 Ἀρκτοφύλακος
3170 5550 3472 5621 ὁλοσχερῶς
3501 5548 3719 5605 δοκοῦσί
