4132 6442
377 437 522 497 1075

1371 438 1784 499 HIPPPARCHI
1820 443 1911 498 AD
1947 444 2401 504 ΡΗᾹΞΝΟΜΕΝΛ
2430 447 2560 503 LIB.
2602 448 2668 505 ll.

3474 455 3613 512 i074

381 576 474 629 μοι
500 557 733 625 ἀγνοεῖν.
767 555 904 610 Φασὶ
945 553 1053 628 γὰρ
1078 555 1237 610 αὐτὸν
1283 556 1325 610 δ’
1357 557 1564 622 ζωδίοις
1598 559 1942 614 ἀντικαταδύ-

2054 571 2183 618 runt
2221 564 2367 619 enim
2407 578 2470 618 ex
2504 561 2735 619 adverso
2776 564 3055 635 signorum
3080 573 3315 636 quatuor
3345 570 3613 638 occidere,

377 664 512 712 νειν,
540 646 695 717 Κριῷ
729 663 790 700 τε
822 648 916 700 καὶ
960 646 1178 719 Ταύρῳ,
1228 649 1323 701 καὶ
1362 649 1633 719 Διδύμοις,
1674 652 1765 704 καὶ¹
1798 653 1948 724 Καρ-

378 738 536 808 κίνῳ.
577 738 634 790 Ὅ
664 737 762 809 μὲν
801 738 912 808 γάρ
939 738 1173 808 Ἄρατος
1195 737 1289 791 τοῦ
1314 738 1527 813 Ταύρου
1557 740 1693 812 πρὸς
1716 743 1782 812 τῇ
1818 742 1949 794 ἀνα-

375 828 507 900 τολῇ
535 827 708 892 ὄντος,
744 846 817 899 φη
826 827 908 883 σίν
926 842 943 859 ’

378 943 554 1015 Δύνει
579 941 631 995 δ’
673 943 1072 1015 Ἀρκτοφύλαξ
1103 943 1220 1015 ἤδη
1245 945 1292 976 ⁷⁸
1312 944 1508 1015 πρώτῃ
1538 946 1636 999 ἐπὶ
1653 947 1855 1015 μοίρῃ,

385 1011 549 1066 Τάων
582 1015 643 1066 αἱ
665 1011 917 1082 πίσυρές
939 1031 1047 1083 μιν
1085 1011 1223 1084 ἄτερ
1256 1011 1453 1085 χειρὸς
1477 1011 1842 1087 ήκατάγῖουὸ-ιό

378 1149 522 1203 ὥστε
546 1149 623 1222 τῷ
640 1153 685 1204 Κ
694 1150 794 1222 ριῷ
816 1153 1154 1207 ἀνατέλλοντι
1182 1153 1443 1224 ἄρχεσθαι
1478 1155 1638 1209 αὐτὸν
1661 1156 1950 1209 ἀντικαταο

377 1240 576 1296 δύνειν.
614 1242 943 1308 Ἀκολούθως
978 1244 1033 1298 δὲ
1074 1244 1246 1319 ταύτῃ
1281 1249 1347 1316 τῇ
1391 1246 1665 1313 ὑποθέσει,
1715 1249 1809 1303 καὶ
1853 1250 1946 1303 τοῦ

377 1332 656 1403 Καρκίνου
695 1334 997 1405 ἀρχομένου
1030 1335 1358 1399 ἀνατέλλειν,
1386 1335 1530 1405 λέγει
1557 1338 1715 1391 ταυτί
1732 1356 1747 1369 ο

383 1446 522 1500 Οὐδ’
544 1446 620 1501 ἂν
648 1448 729 1501 ἐτ’
763 1447 1160 1519 Ἀρκτοφύλαξ
1179 1450 1272 1517 εἴη
1300 1452 1495 1518 πολὺς
1519 1453 1945 1523 ἀμφοτέρωθεν

377 1580 576 1657 μείων
595 1579 843 1657 ἠμᾴτιος
863 1599 876 1612 ·
897 1582 975 1657 ,τὸ
1006 1583 1057 1636 δ’
1070 1583 1195 1657 erat;
1209 1584 1399 1657 πλέον
1426 1587 1683 1656 ἔννυχος
1704 1587 1840 1657 ἤδη.

382 1649 767 1728 Τέτρασιγᾲρ
801 1652 1037 1721 μοίραις
1067 1655 1111 1685 τ’
1156 1653 1370 1724 ἄμυδις
1406 1649 1681 1712 κατιόόίτά
1713 1649 1952 1728 Raditur

390 1719 672 1786 Ὠκεανὸς
694 1719 950 1791 δέχεται.

386 1834 449 1888 '0
485 1834 542 1889 δὲ
566 1834 793 1901 Εὕδοξος
815 1838 1013 1908 γράφει
1040 1836 1211 1901 οὕτως
1228 1853 1241 1871 ·
1272 1841 1435 1907 κοτ’
1458 1841 1524 1895 ἂν
1552 1844 1581 1896 6
1604 1844 1770 1915 Κριὸς
1795 1844 1947 1917 δύνῃ,

2054 655 2274 719 Arietis,
2304 654 2493 720 Tauri,
2526 653 2895 721 Geminorum,
2921 666 2975 713 et
2999 657 3219 713 Cancri.
3251 660 3387 715 Nam
3418 662 3618 721 Aratus

2053 746 2167 802 sole
2191 746 2247 800 in
2271 746 2480 801 oriente
2510 745 2688 816 posito
2716 746 2790 800 ait
2817 766 2830 800 :

2058 943 2260 1018 Occidit
2290 960 2403 998 vero
2425 943 2782 1015 Arctophylax
2803 945 2919 1014 jam
2957 946 3125 1015 primo
3154 963 3283 1018 cum,
3305 949 3475 1018 signa,
3560 958 3577 965 ‘

2052 1016 2288 1078 Quorum
2312 1025 2538 1084 quatuor
2563 1018 2749 1085 ipsum,
2774 1024 2965 1083 praeter
2990 1032 3225 1083 manum,
3250 1016 3511 1074 deducunt
3529 1060 3547 1087 ,

2054 1156 2311 1219 tanquam
2350 1150 2582 1205 orientis
2616 1149 2819 1205 Arietis
2856 1166 2921 1205 ex
2965 1150 3193 1206 adverso
3227 1152 3318 1206 ille
3353 1166 3620 1207 conscen-

2051 1239 2166 1294 dat.
2203 1239 2301 1295 His
2351 1250 2716 1296 consentanea
2761 1248 2891 1295 sunt.
2922 1257 3041 1311 quae
3074 1242 3141 1297 de
3177 1242 3388 1300 Cancro
3434 1251 3616 1300 ortum

2051 1332 2270 1387 ineunte
2292 1333 2485 1388 scribit
2520 1353 2532 1388 :

2054 1418 2235 1493 Neque
2300 1439 2419 1477 vero
2479 1426 2708 1493 amplius
2771 1424 3129 1495 Arctophylax
3199 1424 3361 1507 fuerit
3420 1425 3617 1507 multus

3436 1511 3461 1543 τ

2055 1558 2234 1633 Minor
2259 1562 2482 1618 diurnas
2514 1579 2533 1617 :
2558 1573 2613 1616 at
2645 1566 2871 1631 amplius
2888 1565 3004 1633 jam
3036 1572 3322 1620 nocturnus
3351 1494 3431 1625 ξω
3466 1511 3619 1563 mque

2053 1632 2294 1696 Quatuor
2311 1636 2449 1687 enim
2475 1634 2712 1700 partibus
2734 1636 2894 1688 simul
2912 1633 3301 1690 descendentem
3314 1633 3515 1688 Booten

2053 1700 2293 1758 Oceanus
2319 1705 2516 1773 recipit.
3317 1719 3338 1736 '

2121 1814 2330 1872 Eudoxi
2377 1833 2542 1887 porro
2581 1819 2748 1875 verba
2787 1826 2916 1875 sunt
2959 1837 2972 1872 :
3020 1837 3039 1869 ι
3080 1817 3374 1874 Occidente
3406 1818 3612 1883 Ariete,

373 1926 487 1981 τῶν
522 1928 621 1998 μὲν
665 1928 801 2000 πρὸς
829 1904 1065 2001 ἀρκτους
1105 1931 1200 1985 τοῦ
1243 1904 1677 2005 Ἀ’ρκτοφύλακος
1715 1904 1766 1990 oi

2049 1922 2080 1961 e
2144 1906 2454 1965 borealibus
2511 1909 2851 1965 descendunt
2922 1911 3086 1980 pedes
3158 1910 3611 1983 Arctophylacis;

370 2018 610 2084 δύνουσι,
641 2018 753 2073 τῶν
785 2020 842 2074 δὲ
868 2021 1006 2092 πρὸς
1029 2022 1181 2078 νότον
1207 2022 1299 2076 τοῦ
1342 2024 1542 2097 Θηρίου
1582 2028 1643 2081 τὸ
1681 2028 1885 2085 λοιπόν.
1924 2050 1943 2082 ι

382 2111 479 2165 Ἐν
502 2108 562 2164 δὲ
587 2113 654 2182 τῇ
685 2111 826 2183 ἀρχῇ
852 2112 948 2167 τοῦ
992 2113 1119 2186 περὶ
1149 2114 1259 2169 τῶν
1288 2115 1563 2173 ἀνατολῶν
1593 2119 1773 2188 λόγου,
1814 2120 1950 2175 διελ-

371 2199 488 2255 θὼν
524 2202 625 2255 ὅσα
662 2201 757 2256 ἐπὶ
782 2203 986 2270 δύσεως
1013 2205 1108 2260 καὶ
1144 2206 1409 2279 ἀνατολῆς
1450 2210 1617 2276 ἐστιν,
1647 2211 1947 2283 ἀρχομένω

370 2290 471 2345 τοῦ
497 2292 777 2364 Καρκίνου
816 2295 1151 2361 ἀνατέλλειν,
1195 2296 1325 2369 ἑξῆς
1360 2315 1560 2372 φησιν’
1598 2321 1620 2355 ι
1653 2303 1772 2357 ⁹Οτ’
1798 2304 1866 2359 ἂν
1901 2305 1947 2359 δ’

368 2380 403 2432 6
447 2381 720 2453 Καρκίνος
747 2399 781 2436 α
805 2382 1033 2456 ετέλλῃ,
1059 2386 1169 2440 τῶν
1201 2387 1302 2458 μὲν
1331 2389 1470 2459 πρὸς
1515 2391 1753 2463 ἄρκτους
1793 2394 1949 2450 οὐθὲν

370 2471 609 2544 ἀνίσχει,
634 2471 741 2525 τῶν
768 2473 824 2525 δὲ
854 2474 989 2546 πρὸς
1015 2476 1167 2531 νότον
1208 2479 1237 2531 6
1263 2479 1488 2550 Λαγωὺς
1519 2482 1614 2538 καὶ
1644 2484 1740 2539 τοῦ
1773 2486 1948 2552 Κυνὸς

362 2560 470 2613 καὶ
496 2559 567 2613 τὰ
602 2560 933 2632 ὲμπρόσθια,
977 2565 1069 2617 καὶ
1098 2566 1128 2618 6
1163 2566 1445 2639 Προκύων,
1480 2572 1576 2625 καὶ
1619 2574 1712 2628 τοῦ
1747 2575 1947 2649 ’Ύδρου

370 2649 408 2719 ἡ
449 2649 678 2722 κεφαλή.
725 2651 881 2706 Δύνει
925 2654 983 2707 δὲ
1021 2655 1134 2710 τῶν
1175 2658 1274 2729 μὲν
1323 2661 1461 2733 πρὸς
1500 2664 1735 2735 ἄρκτους
1773 2670 1806 2739 ἡ
1853 2670 1946 2723 τοῦ

384 2741 821 2813 Ἀρκτοφύλακος
863 2748 1095 2820 κεφαλή.
1132 2767 1152 2802 ι
1196 2750 1365 2823 Δῆλον
1392 2748 1506 2820 οὖν,
1551 2756 1632 2811 ὅτι
1681 2759 1823 2815 κατά
1853 2760 1947 2816 τὸν

368 2828 600 2897 Εὔδοξον
625 2834 695 2888 τά
734 2834 833 2905 μὲν
868 2836 1061 2909 πριῖηα
1090 2838 1231 2912 μέρη
1252 2841 1347 2896 τοῦ
1386 2844 1821 2917 Ἀρκτοφύλακος
1852 2852 1949 2905 ἀν-

365 2923 713 3015 τικαταδύνει
752 2925 834 2997 τῷ
876 2927 1052 3000 Κριῷ,
1095 2931 1166 2985 τὰ
1206 2932 1263 2985 δὲ
1301 2933 1503 3005 ἔσχατα
1547 2936 1626 3008 τῷ
1666 2941 1942 3015 Καρκίνῳ.

365 3012 509 3067 Οὔτε
534 3014 593 3068 δὲ
634 3015 891 3087 τέσσαρσι
932 3019 1142 3085 ζωδίοις
1180 3024 1209 3076 ό
1247 3024 1616 3097 Ἀρκτοφύλαξ
1658 3012 1946 3087 ἀντικατα-

362 3106 537 3173 δύνει,
564 3109 641 3173 ὡς
684 3111 837 3164 αὐτοί
873 3129 1056 3180 φασιν,
1097 3115 1233 3171 ἀλλά
1272 3119 1394 3173 δυσὶ
1436 3122 1594 3192 μόνον
1643 3124 1868 3180 ἔλασσον
1908 3130 1941 3197 ἦ

364 3200 592 3297 ἡμίσει-τ
642 3200 773 3297 οὔτε.
812 3204 970 3276 Κριῷ
1020 3206 1247 3279 ἄρχεται
1301 3211 1777 3270 ἀντικαταδύνειν·
1808 3218 1942 3273 ἀλλὰ
1969 3242 2010 3297 C

364 3292 468 3362 τὴν
511 3292 609 3362 μὲν
647 3292 821 3365 ἀρχὴν
854 3298 1086 3351 ποιεῖται
1132 3298 1236 3370 τῆς
1278 3299 1501 3370 δύσεως,
1549 3305 1941 3377 ἀνατελλούσης

367 3382 426 3449 ς’
457 3384 565 3455 μοί.
592 3385 686 3440 τοῦ
716 3387 929 3460 Ταύρου
953 3404 967 3418 ⁸
996 3389 1117 3454 ὅλος
1140 3391 1197 3445 δὲ
1229 3392 1394 3460 δύνει,
1433 3396 1573 3468 πλὴν
1598 3398 1698 3470 τῆς
1725 3400 1942 3472 ἀριστε-

366 3474 471 3545 ρᾶς
502 3476 686 3546 χειρὸς
726 3477 822 3531 καὶ
862 3477 956 3532 τοῦ
1005 3480 1272 3550 ἀγκῶνος,
1302 3484 1699 3562 ἀνατελλούσης
1724 3491 1824 3562 τῆς
1876 3491 1941 3544 ιϐ’

366 3566 485 3642 μοί.
517 3565 614 3621 τοῦ
645 3570 940 3640 Καρκίνου.

436 3659 769 3730 Διαληπτέον
817 3662 906 3729 δὲ,
957 3665 1037 3718 ὅτι
1095 3668 1223 3739 περὶ
1275 3668 1369 3722 τοῦ
1426 3671 1859 3744 Ἀρκτοφύλακος
1910 3679 1940 3730 ὁ

363 3751 606 3822 Ἄρατος
655 3754 959 3825 συμφώνως
1012 3757 1160 3826 λέγει
1202 3764 1316 3825 τοῖς
1361 3764 1723 3835 φαινομένοις,
1766 3769 1814 3820 εί
1844 3769 1938 3823 καὶ

353 3841 501 3904 ὅλως
526 3844 788 3915 ἠγνόηται
820 3847 881 3899 τὸ
906 3846 1164 3921 τέσσαρσι
1195 3850 1405 3918 ζωδίοις
1441 3855 1605 3911 αὐτὸν
1645 3858 1938 3916 ἀντικατα-

351 3932 560 3996 δύνειν,
591 3934 685 3988 τοῦ
728 3937 901 4009 Κριοῦ
949 3940 1390 4011 ἀνατεταλκότος,
1437 3948 1657 4003 καὶτοῦ
1699 3952 1933 4025 Ταύρου,

354 4025 458 4104 καὶ
497 4025 605 4079 τῶν
645 4030 918 4099 Διδύμωνα
949 4035 1042 4089 τοῦ
1068 4036 1126 4089 δὲ
1160 4038 1436 4110 Καρκίνου
1466 4043 1768 4114 ἀρχομένου
1808 4045 1937 4099 ἀνα-

352 4115 603 4184 τέλλειν,
626 4120 655 4173 6
695 4122 810 4174 ἐστι
835 4124 1021 4190 λοιπὸς
1046 4127 1155 4181 τῶν
1189 4129 1233 4182 δ’
1266 4130 1490 4197 ζωδίων,
1530 4128 1611 4196 οἷς
1644 4135 1940 4189 ἀντικατα-

351 4207 506 4261 δύνει
534 4209 630 4262 καὶ
663 4211 782 4264 κατ’
808 4214 971 4271 αὐτὸν
1014 4219 1044 4271 6
1076 4218 1466 4290 Ἀρκτοφύλαξ,
1504 4223 1739 4293 εὐλόγως
1774 4226 1936 4290 αὑτός

351 4316 497 4370 φησι
535 4304 730 4373 μηκέτι
764 4307 900 4360 πολὺ
935 4308 1101 4363 αὑτοῦ
1126 4312 1222 4365 καὶ
1249 4312 1388 4385 ὑπὲρ
1431 4316 1535 4387 γῆν
1575 4317 1669 4370 καὶ⁵
1693 4316 1799 4371 ὑπὸ
1830 4322 1934 4389 γῆν

349 4393 468 4448 ὑπὸ
499 4393 594 4448 τοῦ
640 4396 914 4468 ὁρίζοντος
956 4401 1467 4474 ἀπολαμϐάνεσθαι·
1518 4407 1768 4479 καθάπερ
1821 4410 1935 4479 ἐγί-

350 4501 503 4549 νετο,
525 4486 635 4541 τῶν
660 4488 908 4559 Διδύμων
930 4491 1323 4548 ἀνατελλόντων
1345 4512 1359 4527 ο
1389 4496 1523 4551 ἀλλὰ
1539 4499 1601 4550 τὸ
1627 4500 1724 4570 μὲν
1749 4498 1931 4555 πλεῖον

2051 2000 2375 2054 australium
2397 2015 2549 2066 vero,
2585 2001 2855 2070 reliquum
2893 2002 3037 2057 ferae.
3075 2021 3094 2055 ι
3130 2001 3269 2057 Tum
3303 2002 3464 2058 initio
3501 2003 3616 2059 dis-

2048 2092 2349 2160 putationis
2391 2093 2458 2148 de
2496 2093 2731 2159 ortibus,
2765 2100 2899 2149 cum‘
2929 2110 2992 2150 ea
3038 2095 3464 2164 percensuisset,
3494 2111 3617 2165 quas

2048 2182 2105 2236 in
2130 2189 2253 2238 ortu
2285 2192 2436 2249 sunt,
2463 2199 2794 2258 occasuque,
2822 2185 3045 2256 quando
3070 2185 3283 2243 Cancer
3313 2188 3447 2243 oriri
3474 2188 3616 2243 inci-

2048 2276 2151 2346 pit,
2195 2275 2452 2346 deinceps
2484 2276 2560 2330 ita
2597 2276 2840 2347 loquitur
2882 2296 2896 2333 :
2945 2298 2966 2331 ι
3001 2278 3141 2334 Cum
3185 2288 3369 2335 autem
3403 2279 3617 2335 Cancer

2048 2368 2244 2436 oritur,
2288 2368 2589 2425 borealium
2637 2369 2856 2439 quidem
2906 2372 3388 2428 constellationum
3435 2372 3616 2429 oritur

2047 2460 2200 2515 nulla
2231 2480 2247 2517 :
2285 2463 2609 2518 australium
2638 2479 2769 2520 vero
2796 2463 2997 2535 Lepus,
3029 2473 3083 2520 et
3111 2466 3388 2523 anteriora
3414 2466 3614 2533 Canis;

2046 2550 2313 2624 Procyon,
2350 2568 2476 2607 cum
2541 2553 2707 2626 Hydri
2749 2557 2942 2627 capite.
2984 2555 3199 2613 Occidit
3232 2573 3263 2614 e
3303 2558 3616 2614 borealibus

2046 2642 2470 2717 Arctophylacis
2506 2656 2688 2717 caput.
2738 2667 2756 2700 ι
2810 2648 3156 2705 Manifestum
3209 2658 3297 2706 est
3337 2650 3503 2722 igitur
3548 2667 3618 2705 ex

2048 2734 2255 2789 Eudoxi
2325 2736 2634 2806 sententia,
2686 2737 2901 2808 priores
2960 2738 3377 2811 ArctOphylacis
3430 2744 3616 2808 partes

2045 2826 2316 2889 occidere,
2377 2843 2502 2883 cum
2563 2828 2723 2886 Aries
2790 2830 2969 2885 oritur
3020 2849 3033 2888 :
3086 2830 3426 2901 posteriores
3483 2844 3616 2885 vero

2044 2918 2256 2974 oriente
2294 2917 2529 2975 Cancro.
2575 2920 2779 2976 Verum
2820 2936 2998 2991 neque
3033 2928 3271 2991 quatuor
3309 2920 3483 2992 signis
3510 2921 3617 2975 Ar-

2044 3010 2335 3082 ctophylax
2380 3012 2690 3082 oppositum
2733 3013 2898 3069 habet
2935 3028 3211 3076 occasum,
3262 3021 3324 3069 ut
3362 3013 3439 3067 illi
3482 3029 3613 3068 sen-

2045 3100 2206 3167 tiunt,
2238 3102 2334 3158 sed
2356 3103 2570 3159 duobus
2610 3111 2841 3168 tantum,
2877 3106 3058 3162 minus
3089 3105 3316 3161 dimidio
3339 3105 3562 3161 circiter
3593 3123 3609 3159 :

2046 3208 2222 3262 neque
2245 3207 2311 3247 ex
2347 3193 2578 3249 adverso
2613 3192 2817 3249 Arietis
2845 3194 3096 3249 occidere
3138 3195 3353 3264 incipit,
3383 3196 3476 3250 sed
3505 3195 3614 3248 ini-

2043 3283 2177 3335 tium
2222 3283 2508 3339 occidendi
2551 3282 2680 3337 facit
2720 3284 2929 3339 oriente
2960 3284 2992 3338 6
3023 3283 3189 3347 Tauri
3232 3292 3387 3354 parte
3418 3301 3431 3338 :
3462 3293 3611 3340 totus

2044 3381 2246 3439 autem,
2291 3373 2535 3444 exceptis
2582 3372 2806 3427 sinistra
2864 3390 3050 3441 manu,
3101 3374 3355 3447 flexuque
3413 3375 3606 3440 cubiti,

2040 3466 2248 3522 oriente
2273 3465 2341 3521 i9
2370 3474 2525 3537 parte
2546 3466 2763 3527 Cancri.

2112 3644 2203 3702 Sic
2232 3653 2414 3702 autem
2454 3645 2762 3701 habendum
2790 3653 2893 3711 est,
2938 3659 3059 3713 qtae
3102 3642 3169 3698 de
3213 3641 3609 3712 Arctophylace

2038 3739 2218 3807 prodit
2241 3739 2462 3801 Aratus,
2492 3737 2609 3791 haec
2655 3735 3028 3806 apparentium
3068 3732 3457 3802 experimentis
3485 3748 3609 3786 esse

2039 3839 2426 3896 consentanea,
2454 3830 2673 3885 tametsi
2720 3828 2776 3882 in
2811 3843 2876 3883 eo
2907 3841 3134 3898 prorsus
3173 3826 3431 3889 aberrat,
3464 3824 3609 3893 quod

2038 3938 2164 3977 cum
2205 3932 2330 3977 ortu
2373 3924 2653 3994 signorum
2700 3926 2936 3985 "quatuor
2975 3916 3248 3987 adatquari
3277 3915 3424 3970 illius
3446 3929 3610 3969 occa-

2038 4031 2160 4072 sum
2218 4022 2373 4087 putet
2435 4033 2448 4068 :
2506 4012 2761 4069 absoluto
2812 4009 3071 4065 nimirum
3122 4016 3317 4064 exortu
3369 4005 3604 4071 Arietis,

2037 4107 2226 4173 Tauri,
2260 4106 2646 4164 Geminorum.
2691 4105 2905 4160 Cancro
2937 4118 3068 4158 vero
3115 4101 3249 4157 oriri
3286 4101 3604 4171 incipiente,

2035 4201 2180 4272 quod
2209 4200 2479 4270 reliquum
2503 4206 2589 4254 est
2628 4214 2659 4254 e
2694 4198 2866 4269 signis
2901 4202 3179 4267 quatuor;
3205 4208 3437 4264 quorum
3468 4193 3603 4247 orti-

2034 4293 2139 4350 bus
2163 4291 2438 4362 exaequari
2471 4291 2796 4346 descensum
2838 4286 3252 4357 Arctophylacis
3280 4283 3551 4338 aﬂirmant
3582 4301 3600 4339 :

2034 4384 2233 4440 merito
2269 4382 2463 4439 scribit
2503 4382 2725 4446 Aratus,
2758 4396 2869 4435 non
2902 4380 3014 4448 jam
3051 4392 3219 4447 supra
3257 4388 3483 4443 terram,
3515 4377 3602 4430 i-n-

2033 4474 2247 4547 iraque,
2283 4475 2352 4530 ab
2386 4473 2674 4529 borizonte
2715 4487 2969 4541 magnam
3005 4471 3152 4526 illius
3183 4477 3392 4538 partem
3430 4468 3598 4521 inter-

356 4575 472 4629 ὑπὸ
500 4575 626 4645 γῆν,
655 4577 717 4630 τὸ
752 4579 810 4632 δὲ
838 4580 1062 4635 ἔλασσον
1095 4583 1234 4655 ὑπὲρ
1254 4588 1355 4656 γῆν
1385 4559 1685 4654 φαίνεσθαι.
1717 4593 1790 4645 Τὸ
1831 4595 1929 4664 μὲν

2041 4569 2141 4639 cipi
2190 4587 2204 4623 :
2253 4565 2710 4638 quemadmodum
2769 4564 2929 4618 ﬁebat
2978 4562 3281 4617 orientibus
3317 4559 3598 4623 Geminis,

355 4667 491 4737 γὰρ,
518 4667 786 4737 mutuor,
816 4674 1067 4742 σημαίνει
1092 4677 1153 4729 τὺ
1178 4679 1316 4751 ὑπὲρ
1345 4681 1446 4751 γῆν
1476 4681 1571 4735 τοῦ
1604 4682 1832 4754 κόσμου,
1869 4686 1931 4739 τὸ

355 4758 437 4821 δὲ,
466 4758 748 4828 ἔννυχον,
772 4760 833 4813 τὸ
855 4763 958 4816 ὑπὸ
982 4765 1109 4835 γῆν·
1134 4768 1365 4837 φανερὸν
1386 4770 1445 4822 δὲ
1467 4771 1624 4825 τοῦτο
1643 4773 1731 4827 διὰ
1758 4775 1931 4829 πλειό-

356 4863 467 4901 νων
499 4848 660 4912 αὐτὸς
693 4853 867 4903 ποιεῖ·
918 4851 1167 4927 καθάπερ
1207 4852 1406 4924 εὐθέως
1445 4863 1537 4916 ἐπὶ
1577 4864 1671 4922 τοῦ
1713 4866 1802 4920 Ἐν
1836 4869 1929 4936 γό-

357 4954 506 5005 νασι,
539 4938 710 5009 λέγων
745 4940 949 5006 οὕτως’

358 5223 556 5293 Αὐτὰρ
592 5225 677 5295 ὅγ’
700 5226 976 5292 ἐξόπιθεν
1006 5231 1397 5301 τετραμμένος
1427 5235 1586 5291 ἄλλα
1618 5238 1737 5308 μέν
1761 5241 1926 5298 οὔπω

357 5357 618 5427 Γαστέρι
650 5363 878 5433 νειαίρῃ
898 5381 912 5395 ·
955 5365 1028 5419 τὰ
1058 5363 1111 5418 δ’
1137 5364 1430 5437 ὑπέρτερα
1454 5372 1922 5440 νυκτοφορεῖται.

426 5518 508 5573 Τά
545 5520 789 5591 μέντοιγε
832 5525 1203 5599 ἐπιφερόμενα
1242 5530 1394 5585 οὐδὲν
1440 5531 1519 5585 ἔτι
1560 5533 1698 5606 πρὸς
1752 5537 1925 5609 αὐτὴν

355 5608 454 5680 τὴν
481 5608 631 5665 δύσιν
663 5612 827 5667 αὐτοῦ
853 5615 1097 5674 τείνοντα
1129 5620 1295 5691 λέγει,
1334 5622 1447 5677 ἀλλ’
1478 5624 1554 5690 ὡς
1584 5608 1925 5701 συμβεϐηκὸς

358 5702 542 5775 αὐτῷ’

431 5839 478 5871 ⁷⁸
510 5858 598 5912 3p.
637 5843 775 5898 τότε.
853 5847 897 5879 ⁷⁷
937 5865 1029 5915 γρ.
1061 5849 1181 5921 ἤδη.

2033 4660 2131 4715 sed
2167 4660 2431 4728 majorem
2458 4665 2679 4713 exstare
2710 4670 2874 4725 supra
2908 4662 3110 4709 terram
3138 4695 3154 4718 ,
3197 4653 3463 4707 minorem
3495 4651 3600 4706 sub

2032 4760 2198 4808 terra.
2238 4751 2355 4807 Hoc
2387 4752 2532 4806 enim
2575 4748 2922 4811 vocabulum,
2964 4764 2983 4796 ι
3027 4746 3283 4807 diurnus,
3325 4764 3344 4797 ι
3387 4752 3599 4814 partem

2029 4844 2222 4905 mundi
2262 4857 2429 4913 supra
2472 4849 2675 4897 terram
2720 4840 3094 4903 eminentem;
3135 4855 3154 4887 ς
3206 4844 3529 4900 nocturnus,
3571 4852 3591 4887 ι
3692 4904 3695 4907 _

2031 4936 2174 4990 infra
2224 4936 2480 4990 latentem
2521 4932 2779 5003 exprimit
2814 4950 2825 4984 :
2870 4929 3018 5001 quod
3058 4943 3185 4984 cum
3226 4931 3285 4983 in
3319 4927 3444 4983 aliis
3484 4927 3600 4997 ple-

2027 5025 2215 5095 risque
2244 5024 2401 5092 locis,
2440 5032 2556 5078 tum
2585 5037 2715 5077 vero
2745 5036 2870 5077 cum
2899 5020 2967 5074 de
2993 5019 3303 5091 lngeniculo
3324 5018 3455 5090 agit,
3476 5032 3599 5087 per-

2027 5118 2216 5187 spicue
2247 5118 2322 5171 ita
2346 5122 2582 5171 testatur
2613 5132 2627 5168 :

2032 5229 2194 5299 122
2225 5228 2329 5284 Sed
2365 5228 2448 5282 hic
2484 5237 2625 5283 retro
2664 5243 2842 5282 versus
2893 5226 3177 5299 secundum
3210 5225 3347 5278 alias
3386 5222 3595 5299 quidem

2077 5292 2194 5306 ’_—'
2794 5366 2804 5377 _
3109 5366 3119 5377 ,
3138 5294 3335 5367 [partes
3366 5292 3593 5349 nondum

2038 5369 2226 5425 Ventre
2281 5376 2558 5433 extremo;
2612 5366 2896 5422 secundum
2947 5366 3238 5432 superiores
3283 5381 3430 5505 venir
3444 5376 3594 5417 nocte

3425 5444 3588 5489 ermr.

3425 5450 3498 5486 ert
3507 5450 3588 5489 ur.

2096 5531 2229 5598 Quae
2256 5543 2438 5587 autem
2467 5532 2709 5603 subjicit,
2734 5547 2841 5587 non
2874 5530 2985 5600 jam
3019 5531 3084 5585 ad
3117 5530 3293 5600 ipsum
3324 5530 3469 5584 illius
3499 5543 3595 5584 oc-

2026 5640 2215 5679 casum
2272 5627 2597 5695 spectantia,
2630 5625 2725 5681 sed
2762 5634 3018 5696 tanquam
3061 5641 3127 5681 ex
3167 5622 3429 5679 accidenti
3460 5637 3593 5677 con.

2025 5717 2276 5789 gruentia
2306 5718 2471 5774 refert
2498 5737 2510 5771 :
