  <div class='ocr_page' id='page_1' title='image "/cluster/home/n/w/nwhite01/storage/ocr_20150623/19:no.1/coo.31924054872993/559.png"; bbox 0 0 2066 3204; ppageno 0'>
   <div class='ocr_carea' id='block_1_1' title="bbox 259 204 329 232">
    <p class='ocr_par' dir='ltr' id='par_1_1' title="bbox 259 204 329 232">
     <span class='ocr_line' id='line_1_1' title="bbox 259 204 329 232; baseline 0.014 -1"><span class='ocrx_word' id='word_1_1' title='bbox 259 204 270 231; x_wconf 79' lang='grc'><strong>1</strong></span> <span class='ocrx_word' id='word_1_2' title='bbox 277 204 329 232; x_wconf 70' lang='lat'><strong>075</strong></span> 
     </span>
    </p>
   </div>
   <div class='ocr_carea' id='block_1_2' title="bbox 261 251 1006 292">
    <p class='ocr_par' dir='ltr' id='par_1_2' title="bbox 261 251 1006 292">
     <span class='ocr_line' id='line_1_2' title="bbox 261 251 1006 292; baseline -0.007 -5"><span class='ocrx_word' id='word_1_3' title='bbox 261 279 270 288; x_wconf 90' lang='lat'><strong><em>.</em></strong></span> <span class='ocrx_word' id='word_1_4' title='bbox 283 281 291 287; x_wconf 94' lang='lat'><em>.</em></span> <span class='ocrx_word' id='word_1_5' title='bbox 306 280 314 287; x_wconf 95' lang='lat'><em>.</em></span> <span class='ocrx_word' id='word_1_6' title='bbox 329 259 363 286; x_wconf 85' lang='lat' dir='ltr'><strong>At</strong></span> <span class='ocrx_word' id='word_1_7' title='bbox 376 259 418 286; x_wconf 78' lang='lat' dir='ltr'><strong>hic</strong></span> <span class='ocrx_word' id='word_1_8' title='bbox 429 266 489 285; x_wconf 81' lang='lat' dir='ltr'><strong>cum</strong></span> <span class='ocrx_word' id='word_1_9' title='bbox 502 251 560 285; x_wconf 76' lang='grc' dir='ltr'><strong>ιὶισι</strong></span> <span class='ocrx_word' id='word_1_10' title='bbox 575 261 689 285; x_wconf 69' lang='lat' dir='ltr'><strong>satiatus</strong></span> <span class='ocrx_word' id='word_1_11' title='bbox 706 258 797 292; x_wconf 73' lang='lat' dir='ltr'><strong>fuerit,</strong></span> <span class='ocrx_word' id='word_1_12' title='bbox 902 257 1006 292; x_wconf 55' lang='lat' dir='ltr'><strong>{benti}.</strong></span> 
     </span>
    </p>
   </div>
   <div class='ocr_carea' id='block_1_3' title="bbox 265 292 1009 329">
    <p class='ocr_par' dir='ltr' id='par_1_3' title="bbox 265 292 1009 329">
     <span class='ocr_line' id='line_1_3' title="bbox 265 292 1009 329; baseline -0.009 -5"><span class='ocrx_word' id='word_1_13' title='bbox 265 295 375 329; x_wconf 66' lang='lat' dir='ltr'><strong>Vespere</strong></span> <span class='ocrx_word' id='word_1_14' title='bbox 396 295 459 321; x_wconf 81' lang='lat' dir='ltr'><strong>item</strong></span> <span class='ocrx_word' id='word_1_15' title='bbox 479 294 594 320; x_wconf 80' lang='lat' dir='ltr'><strong>continet</strong></span> <span class='ocrx_word' id='word_1_16' title='bbox 616 301 625 320; x_wconf 89' lang='lat'><strong>.&#39;</strong></span> <span class='ocrx_word' id='word_1_17' title='bbox 645 293 704 327; x_wconf 75' lang='lat' dir='ltr'><strong>plus</strong></span> <span class='ocrx_word' id='word_1_18' title='bbox 726 292 836 319; x_wconf 72' lang='lat' dir='ltr'><strong>dimidio</strong></span> <span class='ocrx_word' id='word_1_19' title='bbox 862 293 945 319; x_wconf 70' lang='lat' dir='ltr'><strong>nocti:</strong></span> <span class='ocrx_word' id='word_1_20' title='bbox 968 292 1009 318; x_wconf 84' lang='lat' dir='ltr'><strong>la-</strong></span> 
     </span>
    </p>
   </div>
   <div class='ocr_carea' id='block_1_4' title="bbox 295 348 1045 383">
    <p class='ocr_par' dir='ltr' id='par_1_4' title="bbox 295 348 1045 383">
     <span class='ocr_line' id='line_1_4' title="bbox 295 348 1045 383; baseline -0.005 -5"><span class='ocrx_word' id='word_1_21' title='bbox 295 351 365 378; x_wconf 88' lang='lat' dir='ltr'><strong>Cum</strong></span> <span class='ocrx_word' id='word_1_22' title='bbox 383 350 457 378; x_wconf 85' lang='lat' dir='ltr'><strong>enim</strong></span> <span class='ocrx_word' id='word_1_23' title='bbox 479 349 605 377; x_wconf 90' lang='lat' dir='ltr'><strong>occidere</strong></span> <span class='ocrx_word' id='word_1_24' title='bbox 622 357 685 377; x_wconf 93' lang='lat' dir='ltr'><strong>cum</strong></span> <span class='ocrx_word' id='word_1_25' title='bbox 698 349 790 376; x_wconf 82' lang='lat' dir='ltr'><strong>Chelis</strong></span> <span class='ocrx_word' id='word_1_26' title='bbox 814 349 920 383; x_wconf 86' lang='lat' dir='ltr'><strong>incipit,</strong></span> <span class='ocrx_word' id='word_1_27' title='bbox 935 348 993 376; x_wconf 87' lang='lat' dir='ltr'><strong>sole</strong></span> <span class='ocrx_word' id='word_1_28' title='bbox 1009 348 1045 375; x_wconf 89' lang='lat' dir='ltr'><strong>ibi</strong></span> 
     </span>
    </p>
   </div>
   <div class='ocr_carea' id='block_1_5' title="bbox 260 395 1046 431">
    <p class='ocr_par' dir='ltr' id='par_1_5' title="bbox 260 395 1046 431">
     <span class='ocr_line' id='line_1_5' title="bbox 260 395 1046 431; baseline -0.005 -6"><span class='ocrx_word' id='word_1_29' title='bbox 260 401 399 429; x_wconf 77' lang='lat' dir='ltr'><strong>versante,</strong></span> <span class='ocrx_word' id='word_1_30' title='bbox 426 403 480 431; x_wconf 90' lang='lat' dir='ltr'><strong>quo</strong></span> <span class='ocrx_word' id='word_1_31' title='bbox 502 400 622 431; x_wconf 89' lang='lat' dir='ltr'><strong>tempore</strong></span> <span class='ocrx_word' id='word_1_32' title='bbox 647 395 711 422; x_wconf 81' lang='lat' dir='ltr'><strong>facit</strong></span> <span class='ocrx_word' id='word_1_33' title='bbox 733 403 873 426; x_wconf 84' lang='lat' dir='ltr'><strong>occasum,</strong></span> <span class='ocrx_word' id='word_1_34' title='bbox 901 400 996 423; x_wconf 88' lang='lat' dir='ltr'><strong>noctes</strong></span> <span class='ocrx_word' id='word_1_35' title='bbox 1018 395 1046 421; x_wconf 92' lang='lat' dir='ltr'><strong>in</strong></span> 
     </span>
    </p>
   </div>
   <div class='ocr_carea' id='block_1_6' title="bbox 261 442 1045 477">
    <p class='ocr_par' dir='ltr' id='par_1_6' title="bbox 261 442 1045 477">
     <span class='ocr_line' id='line_1_6' title="bbox 261 442 1045 477; baseline 0 -7"><span class='ocrx_word' id='word_1_36' title='bbox 261 445 381 472; x_wconf 67' lang='lat' dir='ltr'><strong>Arcturo.</strong></span> <span class='ocrx_word' id='word_1_37' title='bbox 403 443 553 476; x_wconf 86' lang='lat' dir='ltr'><strong>dicuntur;</strong></span> <span class='ocrx_word' id='word_1_38' title='bbox 572 442 682 477; x_wconf 84' lang='lat' dir='ltr'><strong>quando</strong></span> <span class='ocrx_word' id='word_1_39' title='bbox 710 447 735 469; x_wconf 89' lang='lat' dir='ltr'><strong>et</strong></span> <span class='ocrx_word' id='word_1_40' title='bbox 759 449 841 476; x_wconf 81' lang='lat' dir='ltr'><strong>supra</strong></span> <span class='ocrx_word' id='word_1_41' title='bbox 864 446 964 469; x_wconf 87' lang='lat' dir='ltr'><strong>terram</strong></span> <span class='ocrx_word' id='word_1_42' title='bbox 990 445 1045 470; x_wconf 78' lang='lat' dir='ltr'><strong>tota</strong></span> 
     </span>
    </p>
   </div>
   <div class='ocr_carea' id='block_1_7' title="bbox 261 487 1047 523">
    <p class='ocr_par' dir='ltr' id='par_1_7' title="bbox 261 487 1047 523">
     <span class='ocr_line' id='line_1_7' title="bbox 261 487 1047 523; baseline -0.004 -6"><span class='ocrx_word' id='word_1_43' title='bbox 261 490 306 518; x_wconf 88' lang='lat' dir='ltr'><strong>die</strong></span> <span class='ocrx_word' id='word_1_44' title='bbox 323 489 428 521; x_wconf 71' lang='lat' dir='ltr'><strong>fertur;</strong></span> <span class='ocrx_word' id='word_1_45' title='bbox 456 489 584 523; x_wconf 84' lang='lat' dir='ltr'><strong>quoniam</strong></span> <span class='ocrx_word' id='word_1_46' title='bbox 609 488 699 516; x_wconf 86' lang='lat' dir='ltr'><strong>oritur</strong></span> <span class='ocrx_word' id='word_1_47' title='bbox 719 495 782 514; x_wconf 91' lang='lat' dir='ltr'><strong>cum</strong></span> <span class='ocrx_word' id='word_1_48' title='bbox 805 487 926 522; x_wconf 81' lang='lat' dir='ltr'><strong>Virgine,</strong></span> <span class='ocrx_word' id='word_1_49' title='bbox 951 491 978 515; x_wconf 92' lang='lat' dir='ltr'><strong>et</strong></span> <span class='ocrx_word' id='word_1_50' title='bbox 999 495 1047 514; x_wconf 88' lang='lat' dir='ltr'><strong>oc-</strong></span> 
     </span>
    </p>
   </div>
   <div class='ocr_carea' id='block_1_8' title="bbox 261 532 1047 570">
    <p class='ocr_par' dir='ltr' id='par_1_8' title="bbox 261 532 1047 570">
     <span class='ocr_line' id='line_1_8' title="bbox 261 532 1047 570; baseline -0.006 -7"><span class='ocrx_word' id='word_1_51' title='bbox 261 535 378 563; x_wconf 83' lang='lat' dir='ltr'><strong>cidendo</strong></span> <span class='ocrx_word' id='word_1_52' title='bbox 399 535 460 570; x_wconf 89' lang='lat' dir='ltr'><strong>plus</strong></span> <span class='ocrx_word' id='word_1_53' title='bbox 477 534 591 561; x_wconf 87' lang='lat' dir='ltr'><strong>dimidia</strong></span> <span class='ocrx_word' id='word_1_54' title='bbox 610 538 690 563; x_wconf 85' lang='lat' dir='ltr'><strong>nocte</strong></span> <span class='ocrx_word' id='word_1_55' title='bbox 706 533 855 564; x_wconf 88' lang='lat' dir='ltr'><strong>consumit,</strong></span> <span class='ocrx_word' id='word_1_56' title='bbox 875 532 1047 568; x_wconf 85' lang='lat' dir='ltr'><strong>quandoqui-</strong></span> 
     </span>
    </p>
   </div>
   <div class='ocr_carea' id='block_1_9' title="bbox 261 577 1046 615">
    <p class='ocr_par' dir='ltr' id='par_1_9' title="bbox 261 577 1046 615">
     <span class='ocr_line' id='line_1_9' title="bbox 261 577 1046 615; baseline -0.005 -7"><span class='ocrx_word' id='word_1_57' title='bbox 261 581 322 609; x_wconf 84' lang='lat' dir='ltr'><strong>dem</strong></span> <span class='ocrx_word' id='word_1_58' title='bbox 341 588 402 607; x_wconf 93' lang='lat' dir='ltr'><strong>cum</strong></span> <span class='ocrx_word' id='word_1_59' title='bbox 422 580 507 615; x_wconf 81' lang='lat' dir='ltr'><strong>signis</strong></span> <span class='ocrx_word' id='word_1_60' title='bbox 527 583 644 615; x_wconf 92' lang='lat' dir='ltr'><strong>quatuor</strong></span> <span class='ocrx_word' id='word_1_61' title='bbox 662 579 772 606; x_wconf 83' lang='lat' dir='ltr'><strong>occidit.</strong></span> <span class='ocrx_word' id='word_1_62' title='bbox 789 577 867 611; x_wconf 85' lang='lat' dir='ltr'><strong>Quod</strong></span> <span class='ocrx_word' id='word_1_63' title='bbox 887 581 977 605; x_wconf 86' lang='lat' dir='ltr'><strong>autem</strong></span> <span class='ocrx_word' id='word_1_64' title='bbox 992 585 1046 604; x_wconf 89' lang='lat' dir='ltr'><strong>una</strong></span> 
     </span>
    </p>
   </div>
   <div class='ocr_carea' id='block_1_10' title="bbox 260 624 1046 661">
    <p class='ocr_par' dir='ltr' id='par_1_10' title="bbox 260 624 1046 661">
     <span class='ocr_line' id='line_1_10' title="bbox 260 624 1046 661; baseline -0.004 -6"><span class='ocrx_word' id='word_1_65' title='bbox 260 635 324 655; x_wconf 91' lang='lat' dir='ltr'><strong>cum</strong></span> <span class='ocrx_word' id='word_1_66' title='bbox 346 626 458 661; x_wconf 79' lang='lat' dir='ltr'><strong>Virgine</strong></span> <span class='ocrx_word' id='word_1_67' title='bbox 478 625 647 654; x_wconf 79' lang='lat' dir='ltr'><strong>conscendat</strong></span> <span class='ocrx_word' id='word_1_68' title='bbox 667 634 701 652; x_wconf 84' lang='lat' dir='ltr'><strong>ex</strong></span> <span class='ocrx_word' id='word_1_69' title='bbox 723 625 798 651; x_wconf 85' lang='lat' dir='ltr'><strong>Arati</strong></span> <span class='ocrx_word' id='word_1_70' title='bbox 821 625 966 656; x_wconf 79' lang='lat' dir='ltr'><strong>sententia,</strong></span> <span class='ocrx_word' id='word_1_71' title='bbox 990 624 1046 652; x_wconf 61' lang='lat' dir='ltr'><strong>hac</strong></span> 
     </span>
    </p>
   </div>
   <div class='ocr_carea' id='block_1_11' title="bbox 260 672 607 708">
    <p class='ocr_par' dir='ltr' id='par_1_11' title="bbox 260 672 607 708">
     <span class='ocr_line' id='line_1_11' title="bbox 260 672 607 708; baseline -0.006 -8"><span class='ocrx_word' id='word_1_72' title='bbox 260 673 348 708; x_wconf 86' lang='lat' dir='ltr'><strong>ipsius</strong></span> <span class='ocrx_word' id='word_1_73' title='bbox 357 672 440 700; x_wconf 87' lang='lat' dir='ltr'><strong>verba</strong></span> <span class='ocrx_word' id='word_1_74' title='bbox 452 672 607 702; x_wconf 86' lang='lat' dir='ltr'><strong>declarant:</strong></span> 
     </span>
    </p>
   </div>
   <div class='ocr_carea' id='block_1_12' title="bbox 263 727 894 758">
    <p class='ocr_par' dir='ltr' id='par_1_12' title="bbox 263 727 894 758">
     <span class='ocr_line' id='line_1_12' title="bbox 263 727 894 758; baseline -0.005 -3"><span class='ocrx_word' id='word_1_75' title='bbox 263 728 319 756; x_wconf 82' lang='lat' dir='ltr'><strong>Nec</strong></span> <span class='ocrx_word' id='word_1_76' title='bbox 333 728 478 756; x_wconf 65' lang='lat' dir='ltr'><strong>morientes</strong></span> <span class='ocrx_word' id='word_1_77' title='bbox 493 727 590 758; x_wconf 60' lang='grc' dir='ltr'><strong>(Πυθίας,</strong></span> <span class='ocrx_word' id='word_1_78' title='bbox 610 735 641 753; x_wconf 89' lang='lat' dir='ltr'><strong>ac</strong></span> <span class='ocrx_word' id='word_1_79' title='bbox 654 728 765 754; x_wconf 80' lang='lat' dir='ltr'><strong>tenuiter</strong></span> <span class='ocrx_word' id='word_1_80' title='bbox 781 727 894 753; x_wconf 78' lang='lat' dir='ltr'><strong>lucentes</strong></span> 
     </span>
    </p>
   </div>
   <div class='ocr_carea' id='block_1_13' title="bbox 263 761 1014 798">
    <p class='ocr_par' dir='ltr' id='par_1_13' title="bbox 263 761 1014 798">
     <span class='ocr_line' id='line_1_13' title="bbox 263 761 1014 798; baseline -0.004 -8"><span class='ocrx_word' id='word_1_81' title='bbox 263 764 366 798; x_wconf 67' lang='lat' dir='ltr'><strong>Ignota&#39;</strong></span> <span class='ocrx_word' id='word_1_82' title='bbox 381 763 555 798; x_wconf 60' lang='lat' dir='ltr'><strong>pra‘tericrint</strong></span> <span class='ocrx_word' id='word_1_83' title='bbox 567 772 577 795; x_wconf 89' lang='lat'><strong>;</strong></span> <span class='ocrx_word' id='word_1_84' title='bbox 589 763 712 797; x_wconf 87' lang='lat' dir='ltr'><strong>quoniam</strong></span> <span class='ocrx_word' id='word_1_85' title='bbox 726 763 814 796; x_wconf 77' lang='lat' dir='ltr'><strong>iugetis</strong></span> <span class='ocrx_word' id='word_1_86' title='bbox 829 762 901 788; x_wconf 72' lang='lat' dir='ltr'><strong>sidus</strong></span> <span class='ocrx_word' id='word_1_87' title='bbox 916 761 1014 790; x_wconf 39' lang='lat' dir='ltr'><strong>Bootes,</strong></span> 
     </span>
    </p>
   </div>
   <div class='ocr_carea' id='block_1_14' title="bbox 285 798 847 833">
    <p class='ocr_par' dir='ltr' id='par_1_14' title="bbox 285 798 847 833">
     <span class='ocr_line' id='line_1_14' title="bbox 285 798 847 833; baseline -0.004 -8"><span class='ocrx_word' id='word_1_88' title='bbox 285 799 402 833; x_wconf 66' lang='lat' dir='ltr'><strong>«inferius</strong></span> <span class='ocrx_word' id='word_1_89' title='bbox 421 799 517 829; x_wconf 75' lang='lat' dir='ltr'><strong>oritur,</strong></span> <span class='ocrx_word' id='word_1_90' title='bbox 532 798 713 824; x_wconf 68' lang='lat' dir='ltr'><strong>interstincta:</strong></span> <span class='ocrx_word' id='word_1_91' title='bbox 724 798 847 823; x_wconf 84' lang='lat' dir='ltr'><strong>Arcturo.</strong></span> 
     </span>
    </p>
   </div>
   <div class='ocr_carea' id='block_1_15' title="bbox 300 853 1046 886">
    <p class='ocr_par' dir='ltr' id='par_1_15' title="bbox 300 853 1046 886">
     <span class='ocr_line' id='line_1_15' title="bbox 300 853 1046 886; baseline -0.004 -3"><span class='ocrx_word' id='word_1_92' title='bbox 300 855 355 884; x_wconf 75' lang='lat' dir='ltr'><strong>VII.</strong></span> <span class='ocrx_word' id='word_1_93' title='bbox 372 856 411 883; x_wconf 87' lang='lat' dir='ltr'><strong>Ac</strong></span> <span class='ocrx_word' id='word_1_94' title='bbox 431 863 484 883; x_wconf 93' lang='lat' dir='ltr'><strong>non</strong></span> <span class='ocrx_word' id='word_1_95' title='bbox 505 857 604 883; x_wconf 80' lang='lat' dir='ltr'><strong>Aratus</strong></span> <span class='ocrx_word' id='word_1_96' title='bbox 621 855 771 886; x_wconf 78' lang='lat' dir='ltr'><strong>duntaxat,</strong></span> <span class='ocrx_word' id='word_1_97' title='bbox 786 859 814 882; x_wconf 85' lang='lat' dir='ltr'><strong>et</strong></span> <span class='ocrx_word' id='word_1_98' title='bbox 839 854 977 886; x_wconf 79' lang='lat' dir='ltr'><strong>Eudoxus,</strong></span> <span class='ocrx_word' id='word_1_99' title='bbox 999 853 1046 881; x_wconf 89' lang='lat' dir='ltr'><strong>sed</strong></span> 
     </span>
    </p>
   </div>
   <div class='ocr_carea' id='block_1_16' title="bbox 261 900 1047 936">
    <p class='ocr_par' dir='ltr' id='par_1_16' title="bbox 261 900 1047 936">
     <span class='ocr_line' id='line_1_16' title="bbox 261 900 1047 936; baseline -0.001 -8"><span class='ocrx_word' id='word_1_100' title='bbox 261 902 345 929; x_wconf 84' lang='lat' dir='ltr'><strong>etiam</strong></span> <span class='ocrx_word' id='word_1_101' title='bbox 361 901 458 936; x_wconf 77' lang='lat' dir='ltr'><strong>reliqui</strong></span> <span class='ocrx_word' id='word_1_102' title='bbox 480 908 575 928; x_wconf 83' lang='lat' dir='ltr'><strong>omnes</strong></span> <span class='ocrx_word' id='word_1_103' title='bbox 598 900 654 928; x_wconf 80' lang='lat' dir='ltr'><strong>fere</strong></span> <span class='ocrx_word' id='word_1_104' title='bbox 677 901 872 932; x_wconf 84' lang='lat' dir='ltr'><strong>mathematici,</strong></span> <span class='ocrx_word' id='word_1_105' title='bbox 892 900 1047 935; x_wconf 85' lang='lat' dir='ltr'><strong>quicunque</strong></span> 
     </span>
    </p>
   </div>
   <div class='ocr_carea' id='block_1_17' title="bbox 262 945 1047 982">
    <p class='ocr_par' dir='ltr' id='par_1_17' title="bbox 262 945 1047 982">
     <span class='ocr_line' id='line_1_17' title="bbox 262 945 1047 982; baseline -0.003 -7"><span class='ocrx_word' id='word_1_106' title='bbox 262 947 297 975; x_wconf 85' lang='lat' dir='ltr'><strong>de</strong></span> <span class='ocrx_word' id='word_1_107' title='bbox 321 948 406 975; x_wconf 85' lang='lat' dir='ltr'><strong>Boote</strong></span> <span class='ocrx_word' id='word_1_108' title='bbox 429 947 615 982; x_wconf 84' lang='lat' dir='ltr'><strong>disputarunt,</strong></span> <span class='ocrx_word' id='word_1_109' title='bbox 647 947 674 973; x_wconf 93' lang='lat' dir='ltr'><strong>in</strong></span> <span class='ocrx_word' id='word_1_110' title='bbox 697 946 793 973; x_wconf 89' lang='lat' dir='ltr'><strong>eodem</strong></span> <span class='ocrx_word' id='word_1_111' title='bbox 815 950 879 974; x_wconf 83' lang='lat' dir='ltr'><strong>sunt</strong></span> <span class='ocrx_word' id='word_1_112' title='bbox 902 953 964 972; x_wconf 93' lang='lat' dir='ltr'><strong>cum</strong></span> <span class='ocrx_word' id='word_1_113' title='bbox 992 945 1047 973; x_wconf 88' lang='lat' dir='ltr'><strong>illis</strong></span> 
     </span>
    </p>
   </div>
   <div class='ocr_carea' id='block_1_18' title="bbox 262 990 1047 1026">
    <p class='ocr_par' dir='ltr' id='par_1_18' title="bbox 262 990 1047 1026">
     <span class='ocr_line' id='line_1_18' title="bbox 262 990 1047 1026; baseline -0.006 -5"><span class='ocrx_word' id='word_1_114' title='bbox 262 1001 357 1021; x_wconf 87' lang='lat' dir='ltr'><strong>errore</strong></span> <span class='ocrx_word' id='word_1_115' title='bbox 382 992 494 1025; x_wconf 84' lang='lat' dir='ltr'><strong>versati,</strong></span> <span class='ocrx_word' id='word_1_116' title='bbox 529 992 694 1019; x_wconf 84' lang='lat' dir='ltr'><strong>arbitrantes</strong></span> <span class='ocrx_word' id='word_1_117' title='bbox 727 994 845 1026; x_wconf 89' lang='lat' dir='ltr'><strong>quatuor</strong></span> <span class='ocrx_word' id='word_1_118' title='bbox 875 990 951 1017; x_wconf 90' lang='lat' dir='ltr'><strong>illum</strong></span> <span class='ocrx_word' id='word_1_119' title='bbox 984 998 1047 1017; x_wconf 83' lang='lat' dir='ltr'><strong>etim</strong></span> 
     </span>
    </p>
   </div>
   <div class='ocr_carea' id='block_1_19' title="bbox 262 1035 1049 1075">
    <p class='ocr_par' dir='ltr' id='par_1_19' title="bbox 262 1035 1049 1075">
     <span class='ocr_line' id='line_1_19' title="bbox 262 1035 1049 1075; baseline -0.006 -8"><span class='ocrx_word' id='word_1_120' title='bbox 262 1040 349 1075; x_wconf 76' lang='lat' dir='ltr'><strong>signis</strong></span> <span class='ocrx_word' id='word_1_121' title='bbox 370 1039 504 1067; x_wconf 89' lang='lat' dir='ltr'><strong>occidere.</strong></span> <span class='ocrx_word' id='word_1_122' title='bbox 530 1039 637 1066; x_wconf 87' lang='lat' dir='ltr'><strong>Attalus</strong></span> <span class='ocrx_word' id='word_1_123' title='bbox 653 1045 719 1065; x_wconf 90' lang='lat' dir='ltr'><strong>vero</strong></span> <span class='ocrx_word' id='word_1_124' title='bbox 740 1044 857 1064; x_wconf 83' lang='lat' dir='ltr'><strong>occasus</strong></span> <span class='ocrx_word' id='word_1_125' title='bbox 880 1037 923 1064; x_wconf 89' lang='lat' dir='ltr'><strong>sui</strong></span> <span class='ocrx_word' id='word_1_126' title='bbox 947 1035 1049 1071; x_wconf 64' lang='lat' dir='ltr'><strong>princio</strong></span> 
     </span>
    </p>
   </div>
   <div class='ocr_carea' id='block_1_20' title="bbox 263 1081 1048 1121">
    <p class='ocr_par' dir='ltr' id='par_1_20' title="bbox 263 1081 1048 1121">
     <span class='ocr_line' id='line_1_20' title="bbox 263 1081 1048 1121; baseline -0.005 -9"><span class='ocrx_word' id='word_1_127' title='bbox 263 1085 357 1121; x_wconf 83' lang='lat' dir='ltr'><strong>pium,</strong></span> <span class='ocrx_word' id='word_1_128' title='bbox 376 1092 431 1112; x_wconf 91' lang='lat' dir='ltr'><strong>non</strong></span> <span class='ocrx_word' id='word_1_129' title='bbox 452 1092 514 1111; x_wconf 91' lang='lat' dir='ltr'><strong>cum</strong></span> <span class='ocrx_word' id='word_1_130' title='bbox 540 1083 671 1118; x_wconf 88' lang='lat' dir='ltr'><strong>Scorpio,</strong></span> <span class='ocrx_word' id='word_1_131' title='bbox 695 1086 726 1110; x_wconf 83' lang='lat' dir='ltr'><strong>ut</strong></span> <span class='ocrx_word' id='word_1_132' title='bbox 744 1082 972 1112; x_wconf 84' lang='lat' dir='ltr'><strong>ostendebamus,</strong></span> <span class='ocrx_word' id='word_1_133' title='bbox 1000 1081 1048 1109; x_wconf 90' lang='lat' dir='ltr'><strong>sed</strong></span> 
     </span>
    </p>
   </div>
   <div class='ocr_carea' id='block_1_21' title="bbox 263 1128 1046 1159">
    <p class='ocr_par' dir='ltr' id='par_1_21' title="bbox 263 1128 1046 1159">
     <span class='ocr_line' id='line_1_21' title="bbox 263 1128 1046 1159; baseline -0.006 0"><span class='ocrx_word' id='word_1_134' title='bbox 263 1139 326 1159; x_wconf 88' lang='lat' dir='ltr'><strong>cum</strong></span> <span class='ocrx_word' id='word_1_135' title='bbox 340 1131 432 1158; x_wconf 90' lang='lat' dir='ltr'><strong>Chelis</strong></span> <span class='ocrx_word' id='word_1_136' title='bbox 447 1130 536 1157; x_wconf 78' lang='lat' dir='ltr'><strong>facere</strong></span> <span class='ocrx_word' id='word_1_137' title='bbox 550 1133 710 1157; x_wconf 84' lang='lat' dir='ltr'><strong>constanter</strong></span> <span class='ocrx_word' id='word_1_138' title='bbox 725 1131 867 1157; x_wconf 80' lang='lat' dir='ltr'><strong>asseverat</strong></span> <span class='ocrx_word' id='word_1_139' title='bbox 880 1128 924 1155; x_wconf 89' lang='lat' dir='ltr'><strong>his</strong></span> <span class='ocrx_word' id='word_1_140' title='bbox 937 1128 1027 1155; x_wconf 83' lang='lat' dir='ltr'><strong>verbis</strong></span> <span class='ocrx_word' id='word_1_141' title='bbox 1039 1136 1046 1154; x_wconf 89' lang='lat'><strong>:</strong></span> 
     </span>
    </p>
   </div>
   <div class='ocr_carea' id='block_1_22' title="bbox 266 1174 1047 1210">
    <p class='ocr_par' dir='ltr' id='par_1_22' title="bbox 266 1174 1047 1210">
     <span class='ocr_line' id='line_1_22' title="bbox 266 1174 1047 1210; baseline -0.005 -7"><span class='ocrx_word' id='word_1_142' title='bbox 266 1186 278 1203; x_wconf 75' lang='grc' dir='ltr'><strong>ι</strong></span> <span class='ocrx_word' id='word_1_143' title='bbox 296 1176 411 1209; x_wconf 83' lang='lat' dir='ltr'><strong>Quidam</strong></span> <span class='ocrx_word' id='word_1_144' title='bbox 431 1176 503 1203; x_wconf 89' lang='lat' dir='ltr'><strong>enim</strong></span> <span class='ocrx_word' id='word_1_145' title='bbox 526 1183 614 1210; x_wconf 88' lang='lat' dir='ltr'><strong>neque</strong></span> <span class='ocrx_word' id='word_1_146' title='bbox 632 1174 820 1210; x_wconf 84' lang='lat' dir='ltr'><strong>apparentium</strong></span> <span class='ocrx_word' id='word_1_147' title='bbox 843 1174 958 1201; x_wconf 86' lang='lat' dir='ltr'><strong>scientia</strong></span> <span class='ocrx_word' id='word_1_148' title='bbox 978 1180 1047 1208; x_wconf 68' lang='lat' dir='ltr'><strong>prae-</strong></span> 
     </span>
    </p>
   </div>
   <div class='ocr_carea' id='block_1_23' title="bbox 264 1218 1048 1257">
    <p class='ocr_par' dir='ltr' id='par_1_23' title="bbox 264 1218 1048 1257">
     <span class='ocr_line' id='line_1_23' title="bbox 264 1218 1048 1257; baseline -0.005 -8"><span class='ocrx_word' id='word_1_149' title='bbox 264 1223 325 1254; x_wconf 89' lang='lat' dir='ltr'><strong>diti,</strong></span> <span class='ocrx_word' id='word_1_150' title='bbox 342 1229 430 1257; x_wconf 89' lang='lat' dir='ltr'><strong>neque</strong></span> <span class='ocrx_word' id='word_1_151' title='bbox 453 1225 540 1256; x_wconf 67' lang='lat' dir='ltr'><strong>poetae</strong></span> <span class='ocrx_word' id='word_1_152' title='bbox 558 1225 674 1249; x_wconf 87' lang='lat' dir='ltr'><strong>mentem</strong></span> <span class='ocrx_word' id='word_1_153' title='bbox 697 1220 829 1252; x_wconf 86' lang='lat' dir='ltr'><strong>assecuti,</strong></span> <span class='ocrx_word' id='word_1_154' title='bbox 852 1219 927 1247; x_wconf 79' lang='lat' dir='ltr'><strong>varie</strong></span> <span class='ocrx_word' id='word_1_155' title='bbox 948 1219 982 1246; x_wconf 91' lang='lat' dir='ltr'><strong>de</strong></span> <span class='ocrx_word' id='word_1_156' title='bbox 1002 1218 1048 1245; x_wconf 95' lang='lat' dir='ltr'><strong>illo</strong></span> 
     </span>
    </p>
   </div>
   <div class='ocr_carea' id='block_1_24' title="bbox 264 1264 1048 1303">
    <p class='ocr_par' dir='ltr' id='par_1_24' title="bbox 264 1264 1048 1303">
     <span class='ocr_line' id='line_1_24' title="bbox 264 1264 1048 1303; baseline -0.006 -7"><span class='ocrx_word' id='word_1_157' title='bbox 264 1268 486 1303; x_wconf 86' lang='lat' dir='ltr'><strong>pronuntiarunt.</strong></span> <span class='ocrx_word' id='word_1_158' title='bbox 503 1267 543 1295; x_wconf 89' lang='lat' dir='ltr'><strong>Ac</strong></span> <span class='ocrx_word' id='word_1_159' title='bbox 560 1270 626 1295; x_wconf 86' lang='lat' dir='ltr'><strong>sunt</strong></span> <span class='ocrx_word' id='word_1_160' title='bbox 644 1266 779 1300; x_wconf 80' lang='lat' dir='ltr'><strong>nonnulli,</strong></span> <span class='ocrx_word' id='word_1_161' title='bbox 801 1265 848 1300; x_wconf 90' lang='lat' dir='ltr'><strong>qui</strong></span> <span class='ocrx_word' id='word_1_162' title='bbox 862 1272 924 1292; x_wconf 91' lang='lat' dir='ltr'><strong>cum</strong></span> <span class='ocrx_word' id='word_1_163' title='bbox 936 1264 1048 1299; x_wconf 79' lang='lat' dir='ltr'><strong>Virgine</strong></span> 
     </span>
    </p>
   </div>
   <div class='ocr_carea' id='block_1_25' title="bbox 263 1309 1049 1347">
    <p class='ocr_par' dir='ltr' id='par_1_25' title="bbox 263 1309 1049 1347">
     <span class='ocr_line' id='line_1_25' title="bbox 263 1309 1049 1347; baseline -0.004 -8"><span class='ocrx_word' id='word_1_164' title='bbox 263 1312 383 1347; x_wconf 80' lang='lat' dir='ltr'><strong>primum</strong></span> <span class='ocrx_word' id='word_1_165' title='bbox 400 1312 524 1339; x_wconf 82' lang='lat' dir='ltr'><strong>cecidere</strong></span> <span class='ocrx_word' id='word_1_166' title='bbox 546 1311 622 1339; x_wconf 87' lang='lat' dir='ltr'><strong>illum</strong></span> <span class='ocrx_word' id='word_1_167' title='bbox 640 1311 762 1338; x_wconf 86' lang='lat' dir='ltr'><strong>sentiunt</strong></span> <span class='ocrx_word' id='word_1_168' title='bbox 777 1319 785 1343; x_wconf 89' lang='lat'><strong>;</strong></span> <span class='ocrx_word' id='word_1_169' title='bbox 802 1310 902 1337; x_wconf 89' lang='lat' dir='ltr'><strong>deinde</strong></span> <span class='ocrx_word' id='word_1_170' title='bbox 922 1317 984 1337; x_wconf 89' lang='lat' dir='ltr'><strong>cum</strong></span> <span class='ocrx_word' id='word_1_171' title='bbox 999 1309 1049 1336; x_wconf 89' lang='lat' dir='ltr'><strong>tri-</strong></span> 
     </span>
    </p>
   </div>
   <div class='ocr_carea' id='block_1_26' title="bbox 264 1354 1047 1391">
    <p class='ocr_par' dir='ltr' id='par_1_26' title="bbox 264 1354 1047 1391">
     <span class='ocr_line' id='line_1_26' title="bbox 264 1354 1047 1391; baseline -0.005 -7"><span class='ocrx_word' id='word_1_172' title='bbox 264 1358 316 1384; x_wconf 82' lang='lat' dir='ltr'><strong>bus</strong></span> <span class='ocrx_word' id='word_1_173' title='bbox 333 1358 539 1391; x_wconf 78' lang='lat' dir='ltr'><strong>insequentibus</strong></span> <span class='ocrx_word' id='word_1_174' title='bbox 567 1357 677 1391; x_wconf 78' lang='lat' dir='ltr'><strong>signis;</strong></span> <span class='ocrx_word' id='word_1_175' title='bbox 704 1356 749 1382; x_wconf 87' lang='lat' dir='ltr'><strong>alii</strong></span> <span class='ocrx_word' id='word_1_176' title='bbox 777 1355 884 1382; x_wconf 90' lang='lat' dir='ltr'><strong>initium</strong></span> <span class='ocrx_word' id='word_1_177' title='bbox 906 1354 1047 1381; x_wconf 81' lang='lat' dir='ltr'><strong>occidendi</strong></span> 
     </span>
    </p>
   </div>
   <div class='ocr_carea' id='block_1_27' title="bbox 264 1401 1047 1438">
    <p class='ocr_par' dir='ltr' id='par_1_27' title="bbox 264 1401 1047 1438">
     <span class='ocr_line' id='line_1_27' title="bbox 264 1401 1047 1438; baseline -0.005 -8"><span class='ocrx_word' id='word_1_178' title='bbox 264 1406 299 1431; x_wconf 87' lang='lat' dir='ltr'><strong>ab</strong></span> <span class='ocrx_word' id='word_1_179' title='bbox 319 1404 433 1438; x_wconf 81' lang='lat' dir='ltr'><strong>Scorpio</strong></span> <span class='ocrx_word' id='word_1_180' title='bbox 450 1404 549 1435; x_wconf 75' lang='lat' dir='ltr'><strong>facere,</strong></span> <span class='ocrx_word' id='word_1_181' title='bbox 569 1409 596 1429; x_wconf 84' lang='lat' dir='ltr'><strong>et</strong></span> <span class='ocrx_word' id='word_1_182' title='bbox 618 1403 644 1434; x_wconf 83' lang='lat' dir='ltr'><strong>in</strong></span> <span class='ocrx_word' id='word_1_183' title='bbox 660 1402 809 1436; x_wconf 84' lang='lat' dir='ltr'><strong>Aquarium</strong></span> <span class='ocrx_word' id='word_1_184' title='bbox 830 1401 954 1428; x_wconf 85' lang='lat' dir='ltr'><strong>desinere</strong></span> <span class='ocrx_word' id='word_1_185' title='bbox 972 1410 977 1427; x_wconf 71' lang='grc' dir='ltr'><em>τ</em></span> <span class='ocrx_word' id='word_1_186' title='bbox 994 1408 1047 1435; x_wconf 86' lang='lat' dir='ltr'><strong>qua</strong></span> 
     </span>
    </p>
   </div>
   <div class='ocr_carea' id='block_1_28' title="bbox 264 1447 1048 1484">
    <p class='ocr_par' dir='ltr' id='par_1_28' title="bbox 264 1447 1048 1484">
     <span class='ocr_line' id='line_1_28' title="bbox 264 1447 1048 1484; baseline -0.005 -7"><span class='ocrx_word' id='word_1_187' title='bbox 264 1450 361 1477; x_wconf 82' lang='lat' dir='ltr'><strong>imbuti</strong></span> <span class='ocrx_word' id='word_1_188' title='bbox 378 1450 505 1484; x_wconf 85' lang='lat' dir='ltr'><strong>opinione</strong></span> <span class='ocrx_word' id='word_1_189' title='bbox 521 1449 711 1483; x_wconf 84' lang='lat' dir='ltr'><strong>aliqui.coram</strong></span> <span class='ocrx_word' id='word_1_190' title='bbox 723 1452 748 1475; x_wconf 90' lang='lat' dir='ltr'><strong>te</strong></span> <span class='ocrx_word' id='word_1_191' title='bbox 761 1448 878 1475; x_wconf 86' lang='lat' dir='ltr'><strong>convicti</strong></span> <span class='ocrx_word' id='word_1_192' title='bbox 891 1456 905 1474; x_wconf 82' lang='lat' dir='ltr'><strong>a</strong></span> <span class='ocrx_word' id='word_1_193' title='bbox 919 1447 1006 1478; x_wconf 88' lang='lat' dir='ltr'><strong>nobis,</strong></span> <span class='ocrx_word' id='word_1_194' title='bbox 1017 1454 1048 1473; x_wconf 88' lang='lat' dir='ltr'><strong>ac</strong></span> 
     </span>
    </p>
   </div>
   <div class='ocr_carea' id='block_1_29' title="bbox 264 1494 1047 1528">
    <p class='ocr_par' dir='ltr' id='par_1_29' title="bbox 264 1494 1047 1528">
     <span class='ocr_line' id='line_1_29' title="bbox 264 1494 1047 1528; baseline -0.005 -5"><span class='ocrx_word' id='word_1_195' title='bbox 264 1496 370 1524; x_wconf 86' lang='lat' dir='ltr'><strong>dedoeti</strong></span> <span class='ocrx_word' id='word_1_196' title='bbox 386 1497 419 1523; x_wconf 89' lang='lat' dir='ltr'><strong>de</strong></span> <span class='ocrx_word' id='word_1_197' title='bbox 438 1496 572 1523; x_wconf 85' lang='lat' dir='ltr'><strong>sententia</strong></span> <span class='ocrx_word' id='word_1_198' title='bbox 597 1495 794 1522; x_wconf 85' lang='lat' dir='ltr'><strong>discesserunt.</strong></span> <span class='ocrx_word' id='word_1_199' title='bbox 818 1494 916 1528; x_wconf 78' lang='lat' dir='ltr'><strong>Atque,</strong></span> <span class='ocrx_word' id='word_1_200' title='bbox 942 1498 970 1520; x_wconf 91' lang='lat' dir='ltr'><strong>ut</strong></span> <span class='ocrx_word' id='word_1_201' title='bbox 993 1500 1047 1519; x_wconf 88' lang='lat' dir='ltr'><strong>uno</strong></span> 
     </span>
    </p>
   </div>
   <div class='ocr_carea' id='block_1_30' title="bbox 264 1540 1046 1576">
    <p class='ocr_par' dir='ltr' id='par_1_30' title="bbox 264 1540 1046 1576">
     <span class='ocr_line' id='line_1_30' title="bbox 264 1540 1046 1576; baseline -0.005 -6"><span class='ocrx_word' id='word_1_202' title='bbox 264 1543 348 1570; x_wconf 81' lang='lat' dir='ltr'><strong>verbo</strong></span> <span class='ocrx_word' id='word_1_203' title='bbox 372 1542 471 1573; x_wconf 87' lang='lat' dir='ltr'><strong>dicam,</strong></span> <span class='ocrx_word' id='word_1_204' title='bbox 487 1550 548 1569; x_wconf 92' lang='lat' dir='ltr'><strong>cum</strong></span> <span class='ocrx_word' id='word_1_205' title='bbox 569 1546 595 1569; x_wconf 91' lang='lat' dir='ltr'><strong>et</strong></span> <span class='ocrx_word' id='word_1_206' title='bbox 610 1549 643 1569; x_wconf 84' lang='lat' dir='ltr'><strong>ex</strong></span> <span class='ocrx_word' id='word_1_207' title='bbox 663 1541 857 1576; x_wconf 85' lang='lat' dir='ltr'><strong>apparentibus</strong></span> <span class='ocrx_word' id='word_1_208' title='bbox 882 1540 908 1567; x_wconf 87' lang='lat' dir='ltr'><strong>id</strong></span> <span class='ocrx_word' id='word_1_209' title='bbox 929 1544 1046 1571; x_wconf 84' lang='lat' dir='ltr'><strong>constet,</strong></span> 
     </span>
    </p>
   </div>
   <div class='ocr_carea' id='block_1_31' title="bbox 263 1586 1083 1625">
    <p class='ocr_par' dir='ltr' id='par_1_31' title="bbox 263 1586 1083 1625">
     <span class='ocr_line' id='line_1_31' title="bbox 263 1586 1083 1625; baseline -0.005 -9"><span class='ocrx_word' id='word_1_210' title='bbox 263 1593 290 1616; x_wconf 90' lang='lat' dir='ltr'><strong>et</strong></span> <span class='ocrx_word' id='word_1_211' title='bbox 310 1593 389 1623; x_wconf 84' lang='lat' dir='ltr'><strong>poeta</strong></span> <span class='ocrx_word' id='word_1_212' title='bbox 408 1588 511 1623; x_wconf 88' lang='lat' dir='ltr'><strong>liquido</strong></span> <span class='ocrx_word' id='word_1_213' title='bbox 526 1591 650 1619; x_wconf 73' lang='lat' dir='ltr'><strong>testatur,</strong></span> <span class='ocrx_word' id='word_1_214' title='bbox 668 1591 755 1613; x_wconf 87' lang='lat' dir='ltr'><strong>totum</strong></span> <span class='ocrx_word' id='word_1_215' title='bbox 778 1586 922 1619; x_wconf 83' lang='lat' dir='ltr'><strong>occidisse,</strong></span> <span class='ocrx_word' id='word_1_216' title='bbox 941 1593 1003 1613; x_wconf 90' lang='lat' dir='ltr'><strong>cutn</strong></span> <span class='ocrx_word' id='word_1_217' title='bbox 1020 1586 1047 1612; x_wconf 93' lang='lat' dir='ltr'><strong>in</strong></span> <span class='ocrx_word' id='word_1_218' title='bbox 1062 1596 1083 1625; x_wconf 69' lang='grc' dir='ltr'>ε</span> 
     </span>
    </p>
   </div>
   <div class='ocr_carea' id='block_1_32' title="bbox 263 1631 1049 1665">
    <p class='ocr_par' dir='ltr' id='par_1_32' title="bbox 263 1631 1049 1665">
     <span class='ocr_line' id='line_1_32' title="bbox 263 1631 1049 1665; baseline -0.006 -4"><span class='ocrx_word' id='word_1_219' title='bbox 263 1635 367 1661; x_wconf 87' lang='lat' dir='ltr'><strong>oriente</strong></span> <span class='ocrx_word' id='word_1_220' title='bbox 382 1634 450 1662; x_wconf 90' lang='lat' dir='ltr'><strong>situs</strong></span> <span class='ocrx_word' id='word_1_221' title='bbox 463 1638 504 1660; x_wconf 87' lang='lat' dir='ltr'><strong>est</strong></span> <span class='ocrx_word' id='word_1_222' title='bbox 514 1632 578 1664; x_wconf 87' lang='lat' dir='ltr'><strong>Leo,</strong></span> <span class='ocrx_word' id='word_1_223' title='bbox 592 1640 721 1660; x_wconf 89' lang='lat' dir='ltr'><strong>occasum</strong></span> <span class='ocrx_word' id='word_1_224' title='bbox 736 1636 826 1658; x_wconf 89' lang='lat' dir='ltr'><strong>autetn</strong></span> <span class='ocrx_word' id='word_1_225' title='bbox 840 1631 970 1665; x_wconf 77' lang='lat' dir='ltr'><strong>incipere,</strong></span> <span class='ocrx_word' id='word_1_226' title='bbox 987 1638 1049 1657; x_wconf 88' lang='lat' dir='ltr'><strong>cttm</strong></span> 
     </span>
    </p>
   </div>
   <div class='ocr_carea' id='block_1_33' title="bbox 263 1677 1049 1713">
    <p class='ocr_par' dir='ltr' id='par_1_33' title="bbox 263 1677 1049 1713">
     <span class='ocr_line' id='line_1_33' title="bbox 263 1677 1049 1713; baseline -0.006 -6"><span class='ocrx_word' id='word_1_227' title='bbox 263 1680 344 1707; x_wconf 85' lang='lat' dir='ltr'><strong>Tauri</strong></span> <span class='ocrx_word' id='word_1_228' title='bbox 370 1681 452 1707; x_wconf 83' lang='lat' dir='ltr'><strong>instat</strong></span> <span class='ocrx_word' id='word_1_229' title='bbox 470 1685 597 1712; x_wconf 75' lang='lat' dir='ltr'><strong>exortus;</strong></span> <span class='ocrx_word' id='word_1_230' title='bbox 622 1678 731 1713; x_wconf 89' lang='lat' dir='ltr'><strong>quando</strong></span> <span class='ocrx_word' id='word_1_231' title='bbox 747 1682 773 1705; x_wconf 88' lang='lat' dir='ltr'><strong>el</strong></span> <span class='ocrx_word' id='word_1_232' title='bbox 793 1678 935 1712; x_wconf 84' lang='lat' dir='ltr'><strong>oppositus</strong></span> <span class='ocrx_word' id='word_1_233' title='bbox 956 1677 994 1703; x_wconf 91' lang='lat' dir='ltr'><strong>illi</strong></span> <span class='ocrx_word' id='word_1_234' title='bbox 1016 1684 1049 1703; x_wconf 74' lang='lat' dir='ltr'><strong>cx</strong></span> 
     </span>
    </p>
   </div>
   <div class='ocr_carea' id='block_1_34' title="bbox 264 1722 1050 1761">
    <p class='ocr_par' dir='ltr' id='par_1_34' title="bbox 264 1722 1050 1761">
     <span class='ocr_line' id='line_1_34' title="bbox 264 1722 1050 1761; baseline -0.005 -9"><span class='ocrx_word' id='word_1_235' title='bbox 264 1728 379 1754; x_wconf 84' lang='lat' dir='ltr'><strong>adverso</strong></span> <span class='ocrx_word' id='word_1_236' title='bbox 400 1726 531 1761; x_wconf 85' lang='lat' dir='ltr'><strong>Scorpius</strong></span> <span class='ocrx_word' id='word_1_237' title='bbox 554 1726 582 1752; x_wconf 90' lang='lat' dir='ltr'><strong>in</strong></span> <span class='ocrx_word' id='word_1_238' title='bbox 605 1732 705 1752; x_wconf 85' lang='lat' dir='ltr'><strong>occasu</strong></span> <span class='ocrx_word' id='word_1_239' title='bbox 719 1725 826 1759; x_wconf 87' lang='lat' dir='ltr'><strong>positus</strong></span> <span class='ocrx_word' id='word_1_240' title='bbox 839 1727 880 1750; x_wconf 89' lang='lat' dir='ltr'><strong>est</strong></span> <span class='ocrx_word' id='word_1_241' title='bbox 898 1732 904 1754; x_wconf 86' lang='lat'><strong>;</strong></span> <span class='ocrx_word' id='word_1_242' title='bbox 921 1727 947 1749; x_wconf 74' lang='lat' dir='ltr'><strong>et</strong></span> <span class='ocrx_word' id='word_1_243' title='bbox 960 1722 1050 1748; x_wconf 62' lang='lat' dir='ltr'><strong>Chelas</strong></span> 
     </span>
    </p>
   </div>
   <div class='ocr_carea' id='block_1_35' title="bbox 263 1767 1049 1806">
    <p class='ocr_par' dir='ltr' id='par_1_35' title="bbox 263 1767 1049 1806">
     <span class='ocr_line' id='line_1_35' title="bbox 263 1767 1049 1806; baseline -0.009 -6"><span class='ocrx_word' id='word_1_244' title='bbox 263 1781 359 1800; x_wconf 83' lang='lat' dir='ltr'><strong>recens</strong></span> <span class='ocrx_word' id='word_1_245' title='bbox 376 1773 546 1803; x_wconf 86' lang='lat' dir='ltr'><strong>occiderunt,</strong></span> <span class='ocrx_word' id='word_1_246' title='bbox 571 1772 670 1806; x_wconf 89' lang='lat' dir='ltr'><strong>quibus</strong></span> <span class='ocrx_word' id='word_1_247' title='bbox 690 1779 753 1798; x_wconf 91' lang='lat' dir='ltr'><strong>cum</strong></span> <span class='ocrx_word' id='word_1_248' title='bbox 771 1769 936 1797; x_wconf 76' lang='lat' dir='ltr'><strong>descendere</strong></span> <span class='ocrx_word' id='word_1_249' title='bbox 954 1767 1049 1801; x_wconf 89' lang='lat' dir='ltr'><strong>incipit</strong></span> 
     </span>
    </p>
   </div>
   <div class='ocr_carea' id='block_1_36' title="bbox 263 1816 1048 1853">
    <p class='ocr_par' dir='ltr' id='par_1_36' title="bbox 263 1816 1048 1853">
     <span class='ocr_line' id='line_1_36' title="bbox 263 1816 1048 1853; baseline -0.006 -8"><span class='ocrx_word' id='word_1_250' title='bbox 263 1818 446 1853; x_wconf 82' lang='lat' dir='ltr'><strong>Arctophylax</strong></span> <span class='ocrx_word' id='word_1_251' title='bbox 460 1827 466 1850; x_wconf 91' lang='lat'><strong>;</strong></span> <span class='ocrx_word' id='word_1_252' title='bbox 486 1817 659 1844; x_wconf 81' lang='lat' dir='ltr'><strong>manifestum</strong></span> <span class='ocrx_word' id='word_1_253' title='bbox 670 1824 731 1844; x_wconf 85' lang='lat' dir='ltr'><strong>esse</strong></span> <span class='ocrx_word' id='word_1_254' title='bbox 747 1816 867 1843; x_wconf 86' lang='lat' dir='ltr'><strong>arbitror</strong></span> <span class='ocrx_word' id='word_1_255' title='bbox 881 1822 928 1841; x_wconf 71' lang='lat' dir='ltr'><strong>ens</strong></span> <span class='ocrx_word' id='word_1_256' title='bbox 943 1821 1048 1845; x_wconf 85' lang='lat' dir='ltr'><strong>omnes,</strong></span> 
     </span>
    </p>
   </div>
   <div class='ocr_carea' id='block_1_37' title="bbox 264 1860 1049 1900">
    <p class='ocr_par' dir='ltr' id='par_1_37' title="bbox 264 1860 1049 1900">
     <span class='ocr_line' id='line_1_37' title="bbox 264 1860 1049 1900; baseline -0.008 -9"><span class='ocrx_word' id='word_1_257' title='bbox 264 1865 311 1900; x_wconf 86' lang='lat' dir='ltr'><strong>qui</strong></span> <span class='ocrx_word' id='word_1_258' title='bbox 324 1864 359 1891; x_wconf 85' lang='lat' dir='ltr'><strong>de</strong></span> <span class='ocrx_word' id='word_1_259' title='bbox 371 1864 421 1891; x_wconf 87' lang='lat' dir='ltr'><strong>hac</strong></span> <span class='ocrx_word' id='word_1_260' title='bbox 432 1871 461 1891; x_wconf 93' lang='lat' dir='ltr'><strong>re</strong></span> <span class='ocrx_word' id='word_1_261' title='bbox 475 1863 640 1890; x_wconf 86' lang='lat' dir='ltr'><strong>dissentiunt</strong></span> <span class='ocrx_word' id='word_1_262' title='bbox 654 1870 669 1888; x_wconf 91' lang='lat' dir='ltr'><strong>a</strong></span> <span class='ocrx_word' id='word_1_263' title='bbox 683 1862 775 1893; x_wconf 90' lang='lat' dir='ltr'><strong>nobis,</strong></span> <span class='ocrx_word' id='word_1_264' title='bbox 785 1860 974 1895; x_wconf 81' lang='lat' dir='ltr'><strong>apparentium</strong></span> <span class='ocrx_word' id='word_1_265' title='bbox 990 1866 1049 1886; x_wconf 80' lang='lat' dir='ltr'><strong>esse</strong></span> 
     </span>
    </p>
   </div>
   <div class='ocr_carea' id='block_1_38' title="bbox 265 1911 552 1945">
    <p class='ocr_par' dir='ltr' id='par_1_38' title="bbox 265 1911 552 1945">
     <span class='ocr_line' id='line_1_38' title="bbox 265 1911 552 1945; baseline -0.01 -7"><span class='ocrx_word' id='word_1_266' title='bbox 265 1911 388 1938; x_wconf 74' lang='lat' dir='ltr'><strong>funditus</strong></span> <span class='ocrx_word' id='word_1_267' title='bbox 404 1911 524 1945; x_wconf 73' lang='lat' dir='ltr'><strong>ignaros.</strong></span> <span class='ocrx_word' id='word_1_268' title='bbox 544 1919 552 1934; x_wconf 85' lang='lat'><strong>)</strong></span> 
     </span>
    </p>
   </div>
   <div class='ocr_carea' id='block_1_39' title="bbox 298 2040 1049 2081">
    <p class='ocr_par' dir='ltr' id='par_1_39' title="bbox 298 2040 1049 2081">
     <span class='ocr_line' id='line_1_39' title="bbox 298 2040 1049 2081; baseline -0.009 -7"><span class='ocrx_word' id='word_1_269' title='bbox 298 2046 381 2081; x_wconf 82' lang='lat' dir='ltr'><strong>Atqui</strong></span> <span class='ocrx_word' id='word_1_270' title='bbox 410 2045 517 2073; x_wconf 86' lang='lat' dir='ltr'><strong>beassel.</strong></span> <span class='ocrx_word' id='word_1_271' title='bbox 540 2052 601 2075; x_wconf 88' lang='lat' dir='ltr'><strong>nos,</strong></span> <span class='ocrx_word' id='word_1_272' title='bbox 618 2043 640 2071; x_wconf 88' lang='lat' dir='ltr'><strong>si</strong></span> <span class='ocrx_word' id='word_1_273' title='bbox 657 2051 711 2070; x_wconf 90' lang='lat' dir='ltr'><strong>non</strong></span> <span class='ocrx_word' id='word_1_274' title='bbox 732 2042 827 2073; x_wconf 88' lang='lat' dir='ltr'><strong>solam,</strong></span> <span class='ocrx_word' id='word_1_275' title='bbox 849 2041 916 2069; x_wconf 87' lang='lat' dir='ltr'><strong>citra</strong></span> <span class='ocrx_word' id='word_1_276' title='bbox 937 2040 1049 2068; x_wconf 89' lang='lat' dir='ltr'><strong>demon-</strong></span> 
     </span>
    </p>
   </div>
   <div class='ocr_carea' id='block_1_40' title="bbox 263 2089 1049 2120">
    <p class='ocr_par' dir='ltr' id='par_1_40' title="bbox 263 2089 1049 2120">
     <span class='ocr_line' id='line_1_40' title="bbox 263 2089 1049 2120; baseline -0.008 -1"><span class='ocrx_word' id='word_1_277' title='bbox 263 2093 423 2120; x_wconf 79' lang='lat' dir='ltr'><strong>strationem</strong></span> <span class='ocrx_word' id='word_1_278' title='bbox 447 2090 607 2118; x_wconf 85' lang='lat' dir='ltr'><strong>sententiam</strong></span> <span class='ocrx_word' id='word_1_279' title='bbox 631 2089 722 2116; x_wconf 88' lang='lat' dir='ltr'><strong>dicere</strong></span> <span class='ocrx_word' id='word_1_280' title='bbox 746 2092 892 2115; x_wconf 88' lang='lat' dir='ltr'><strong>contentus</strong></span> <span class='ocrx_word' id='word_1_281' title='bbox 914 2091 1049 2115; x_wconf 85' lang='lat' dir='ltr'><strong>assereret</strong></span> 
     </span>
    </p>
   </div>
   <div class='ocr_carea' id='block_1_41' title="bbox 262 2134 1048 2171">
    <p class='ocr_par' dir='ltr' id='par_1_41' title="bbox 262 2134 1048 2171">
     <span class='ocr_line' id='line_1_41' title="bbox 262 2134 1048 2171; baseline -0.008 -6"><span class='ocrx_word' id='word_1_282' title='bbox 262 2138 403 2165; x_wconf 81' lang='lat' dir='ltr'><strong>convictos</strong></span> <span class='ocrx_word' id='word_1_283' title='bbox 421 2145 435 2163; x_wconf 90' lang='lat' dir='ltr'><strong>a</strong></span> <span class='ocrx_word' id='word_1_284' title='bbox 453 2144 482 2164; x_wconf 92' lang='lat' dir='ltr'><strong>se</strong></span> <span class='ocrx_word' id='word_1_285' title='bbox 505 2136 552 2171; x_wconf 89' lang='lat' dir='ltr'><strong>qui</strong></span> <span class='ocrx_word' id='word_1_286' title='bbox 576 2138 670 2162; x_wconf 88' lang='lat' dir='ltr'><strong>contra</strong></span> <span class='ocrx_word' id='word_1_287' title='bbox 691 2134 823 2161; x_wconf 85' lang='lat' dir='ltr'><strong>sentirent</strong></span> <span class='ocrx_word' id='word_1_288' title='bbox 840 2134 969 2168; x_wconf 89' lang='lat' dir='ltr'><strong>opinione</strong></span> <span class='ocrx_word' id='word_1_289' title='bbox 987 2141 1048 2160; x_wconf 89' lang='lat' dir='ltr'><strong>ces-</strong></span> 
     </span>
    </p>
   </div>
   <div class='ocr_carea' id='block_1_42' title="bbox 261 2178 1048 2216">
    <p class='ocr_par' dir='ltr' id='par_1_42' title="bbox 261 2178 1048 2216">
     <span class='ocr_line' id='line_1_42' title="bbox 261 2178 1048 2216; baseline -0.009 -5"><span class='ocrx_word' id='word_1_290' title='bbox 261 2185 345 2214; x_wconf 88' lang='lat' dir='ltr'><strong>sisse,</strong></span> <span class='ocrx_word' id='word_1_291' title='bbox 374 2183 422 2210; x_wconf 86' lang='lat' dir='ltr'><strong>sed</strong></span> <span class='ocrx_word' id='word_1_292' title='bbox 443 2182 507 2209; x_wconf 90' lang='lat' dir='ltr'><strong>dicti</strong></span> <span class='ocrx_word' id='word_1_293' title='bbox 522 2188 630 2216; x_wconf 89' lang='lat' dir='ltr'><strong>quoque</strong></span> <span class='ocrx_word' id='word_1_294' title='bbox 649 2180 691 2207; x_wconf 88' lang='lat' dir='ltr'><strong>sui</strong></span> <span class='ocrx_word' id='word_1_295' title='bbox 711 2179 898 2214; x_wconf 83' lang='lat' dir='ltr'><strong>probationem</strong></span> <span class='ocrx_word' id='word_1_296' title='bbox 920 2178 1048 2205; x_wconf 86' lang='lat' dir='ltr'><strong>mandas-</strong></span> 
     </span>
    </p>
   </div>
   <div class='ocr_carea' id='block_1_43' title="bbox 263 2222 1047 2259">
    <p class='ocr_par' dir='ltr' id='par_1_43' title="bbox 263 2222 1047 2259">
     <span class='ocr_line' id='line_1_43' title="bbox 263 2222 1047 2259; baseline -0.009 -3"><span class='ocrx_word' id='word_1_297' title='bbox 263 2233 305 2256; x_wconf 88' lang='lat' dir='ltr'><strong>set</strong></span> <span class='ocrx_word' id='word_1_298' title='bbox 335 2228 450 2259; x_wconf 82' lang='lat' dir='ltr'><strong>litteris;</strong></span> <span class='ocrx_word' id='word_1_299' title='bbox 479 2232 509 2253; x_wconf 88' lang='lat' dir='ltr'><strong>ut</strong></span> <span class='ocrx_word' id='word_1_300' title='bbox 535 2230 562 2253; x_wconf 88' lang='lat' dir='ltr'><strong>et</strong></span> <span class='ocrx_word' id='word_1_301' title='bbox 588 2225 694 2252; x_wconf 72' lang='lat' dir='ltr'><strong>caeteris</strong></span> <span class='ocrx_word' id='word_1_302' title='bbox 723 2225 756 2250; x_wconf 89' lang='lat' dir='ltr'><strong>ab</strong></span> <span class='ocrx_word' id='word_1_303' title='bbox 787 2231 819 2251; x_wconf 89' lang='lat' dir='ltr'><strong>co</strong></span> <span class='ocrx_word' id='word_1_304' title='bbox 850 2222 1047 2250; x_wconf 86' lang='lat' dir='ltr'><strong>dissidentibus</strong></span> 
     </span>
    </p>
   </div>
   <div class='ocr_carea' id='block_1_44' title="bbox 262 2265 1086 2311">
    <p class='ocr_par' dir='ltr' id='par_1_44' title="bbox 262 2265 1086 2311">
     <span class='ocr_line' id='line_1_44' title="bbox 262 2265 1086 2311; baseline -0.012 -8"><span class='ocrx_word' id='word_1_305' title='bbox 262 2274 422 2311; x_wconf 84' lang='lat' dir='ltr'><strong>persuaderi</strong></span> <span class='ocrx_word' id='word_1_306' title='bbox 445 2276 546 2308; x_wconf 88' lang='lat' dir='ltr'><strong>posset,</strong></span> <span class='ocrx_word' id='word_1_307' title='bbox 572 2280 634 2299; x_wconf 88' lang='lat' dir='ltr'><strong>cum</strong></span> <span class='ocrx_word' id='word_1_308' title='bbox 651 2270 754 2302; x_wconf 82' lang='lat' dir='ltr'><strong>Chelis,</strong></span> <span class='ocrx_word' id='word_1_309' title='bbox 771 2278 825 2297; x_wconf 88' lang='lat' dir='ltr'><strong>tton</strong></span> <span class='ocrx_word' id='word_1_310' title='bbox 849 2277 910 2295; x_wconf 86' lang='lat' dir='ltr'><strong>cum</strong></span> <span class='ocrx_word' id='word_1_311' title='bbox 934 2267 1048 2302; x_wconf 89' lang='lat' dir='ltr'><strong>Scorpio</strong></span> <span class='ocrx_word' id='word_1_312' title='bbox 1065 2265 1086 2292; x_wconf 88' lang='lat' dir='ltr'><strong>D</strong></span> 
     </span>
    </p>
   </div>
   <div class='ocr_carea' id='block_1_45' title="bbox 261 2313 1047 2354">
    <p class='ocr_par' dir='ltr' id='par_1_45' title="bbox 261 2313 1047 2354">
     <span class='ocr_line' id='line_1_45' title="bbox 261 2313 1047 2354; baseline -0.013 -5"><span class='ocrx_word' id='word_1_313' title='bbox 261 2323 338 2350; x_wconf 85' lang='lat' dir='ltr'><strong>illum</strong></span> <span class='ocrx_word' id='word_1_314' title='bbox 358 2320 499 2348; x_wconf 89' lang='lat' dir='ltr'><strong>occidendi</strong></span> <span class='ocrx_word' id='word_1_315' title='bbox 517 2318 693 2354; x_wconf 87' lang='lat' dir='ltr'><strong>primordium</strong></span> <span class='ocrx_word' id='word_1_316' title='bbox 713 2316 822 2344; x_wconf 85' lang='lat' dir='ltr'><strong>habere.</strong></span> <span class='ocrx_word' id='word_1_317' title='bbox 843 2314 977 2348; x_wconf 83' lang='lat' dir='ltr'><strong>Quoniam</strong></span> <span class='ocrx_word' id='word_1_318' title='bbox 998 2313 1047 2348; x_wconf 80' lang='lat' dir='ltr'><strong>igi-</strong></span> 
     </span>
    </p>
   </div>
   <div class='ocr_carea' id='block_1_46' title="bbox 261 2360 1048 2400">
    <p class='ocr_par' dir='ltr' id='par_1_46' title="bbox 261 2360 1048 2400">
     <span class='ocr_line' id='line_1_46' title="bbox 261 2360 1048 2400; baseline -0.01 -6"><span class='ocrx_word' id='word_1_319' title='bbox 261 2373 307 2396; x_wconf 86' lang='lat' dir='ltr'><strong>tur</strong></span> <span class='ocrx_word' id='word_1_320' title='bbox 325 2368 375 2394; x_wconf 85' lang='lat' dir='ltr'><strong>ltoc</strong></span> <span class='ocrx_word' id='word_1_321' title='bbox 391 2367 425 2393; x_wconf 88' lang='lat' dir='ltr'><strong>ab</strong></span> <span class='ocrx_word' id='word_1_322' title='bbox 439 2373 472 2393; x_wconf 89' lang='lat' dir='ltr'><strong>eo</strong></span> <span class='ocrx_word' id='word_1_323' title='bbox 487 2365 701 2400; x_wconf 64' lang='lat' dir='ltr'><strong>praetermissum</strong></span> <span class='ocrx_word' id='word_1_324' title='bbox 716 2367 767 2395; x_wconf 87' lang='lat' dir='ltr'><strong>est,</strong></span> <span class='ocrx_word' id='word_1_325' title='bbox 785 2370 839 2389; x_wconf 89' lang='lat' dir='ltr'><strong>non</strong></span> <span class='ocrx_word' id='word_1_326' title='bbox 861 2361 956 2388; x_wconf 89' lang='lat' dir='ltr'><strong>inutile</strong></span> <span class='ocrx_word' id='word_1_327' title='bbox 975 2360 1048 2387; x_wconf 76' lang='lat' dir='ltr'><strong>futu-</strong></span> 
     </span>
    </p>
   </div>
   <div class='ocr_carea' id='block_1_47' title="bbox 262 2407 1047 2446">
    <p class='ocr_par' dir='ltr' id='par_1_47' title="bbox 262 2407 1047 2446">
     <span class='ocr_line' id='line_1_47' title="bbox 262 2407 1047 2446; baseline -0.009 -6"><span class='ocrx_word' id='word_1_328' title='bbox 262 2422 324 2441; x_wconf 92' lang='lat' dir='ltr'><strong>rum</strong></span> <span class='ocrx_word' id='word_1_329' title='bbox 349 2413 468 2439; x_wconf 88' lang='lat' dir='ltr'><strong>arbitror</strong></span> <span class='ocrx_word' id='word_1_330' title='bbox 495 2411 590 2446; x_wconf 78' lang='lat' dir='ltr'><strong>paucis</strong></span> <span class='ocrx_word' id='word_1_331' title='bbox 621 2410 786 2440; x_wconf 87' lang='lat' dir='ltr'><strong>admonere,</strong></span> <span class='ocrx_word' id='word_1_332' title='bbox 814 2408 914 2442; x_wconf 84' lang='lat' dir='ltr'><strong>quibus</strong></span> <span class='ocrx_word' id='word_1_333' title='bbox 942 2407 1047 2434; x_wconf 82' lang='lat' dir='ltr'><strong>inducti</strong></span> 
     </span>
    </p>
   </div>
   <div class='ocr_carea' id='block_1_48' title="bbox 262 2452 1047 2488">
    <p class='ocr_par' dir='ltr' id='par_1_48' title="bbox 262 2452 1047 2488">
     <span class='ocr_line' id='line_1_48' title="bbox 262 2452 1047 2488; baseline -0.01 -2"><span class='ocrx_word' id='word_1_334' title='bbox 262 2459 416 2486; x_wconf 81' lang='lat' dir='ltr'><strong>rationibus</strong></span> <span class='ocrx_word' id='word_1_335' title='bbox 452 2456 634 2486; x_wconf 81' lang='lat' dir='ltr'><strong>arbitremur,</strong></span> <span class='ocrx_word' id='word_1_336' title='bbox 670 2462 732 2480; x_wconf 94' lang='lat' dir='ltr'><strong>cum</strong></span> <span class='ocrx_word' id='word_1_337' title='bbox 776 2453 891 2488; x_wconf 89' lang='lat' dir='ltr'><strong>Scorpio</strong></span> <span class='ocrx_word' id='word_1_338' title='bbox 928 2452 1047 2487; x_wconf 89' lang='lat' dir='ltr'><strong>primum</strong></span> 
     </span>
    </p>
   </div>
   <div class='ocr_carea' id='block_1_49' title="bbox 263 2497 1048 2534">
    <p class='ocr_par' dir='ltr' id='par_1_49' title="bbox 263 2497 1048 2534">
     <span class='ocr_line' id='line_1_49' title="bbox 263 2497 1048 2534; baseline -0.01 -3"><span class='ocrx_word' id='word_1_339' title='bbox 263 2503 388 2531; x_wconf 86' lang='lat' dir='ltr'><strong>occidere</strong></span> <span class='ocrx_word' id='word_1_340' title='bbox 407 2502 528 2529; x_wconf 86' lang='lat' dir='ltr'><strong>Bootem.</strong></span> <span class='ocrx_word' id='word_1_341' title='bbox 545 2499 612 2526; x_wconf 85' lang='lat' dir='ltr'><strong>Nam</strong></span> <span class='ocrx_word' id='word_1_342' title='bbox 633 2499 814 2534; x_wconf 86' lang='lat' dir='ltr'><strong>copiosiorem</strong></span> <span class='ocrx_word' id='word_1_343' title='bbox 832 2498 883 2525; x_wconf 83' lang='lat' dir='ltr'><strong>hac</strong></span> <span class='ocrx_word' id='word_1_344' title='bbox 900 2497 934 2525; x_wconf 90' lang='lat' dir='ltr'><strong>de</strong></span> <span class='ocrx_word' id='word_1_345' title='bbox 948 2505 978 2524; x_wconf 90' lang='lat' dir='ltr'><strong>rc</strong></span> <span class='ocrx_word' id='word_1_346' title='bbox 994 2504 1048 2524; x_wconf 88' lang='lat' dir='ltr'><strong>ser-</strong></span> 
     </span>
    </p>
   </div>
   <div class='ocr_carea' id='block_1_50' title="bbox 263 2543 1048 2578">
    <p class='ocr_par' dir='ltr' id='par_1_50' title="bbox 263 2543 1048 2578">
     <span class='ocr_line' id='line_1_50' title="bbox 263 2543 1048 2578; baseline -0.008 -2"><span class='ocrx_word' id='word_1_347' title='bbox 263 2556 371 2576; x_wconf 90' lang='lat' dir='ltr'><strong>monem</strong></span> <span class='ocrx_word' id='word_1_348' title='bbox 394 2551 494 2574; x_wconf 62' lang='lat' dir='ltr'><strong>nostrae</strong></span> <span class='ocrx_word' id='word_1_349' title='bbox 511 2546 549 2572; x_wconf 87' lang='lat' dir='ltr'><strong>illi</strong></span> <span class='ocrx_word' id='word_1_350' title='bbox 564 2545 597 2572; x_wconf 89' lang='lat' dir='ltr'><strong>de</strong></span> <span class='ocrx_word' id='word_1_351' title='bbox 616 2544 755 2572; x_wconf 86' lang='lat' dir='ltr'><strong>coortibus</strong></span> <span class='ocrx_word' id='word_1_352' title='bbox 773 2543 951 2578; x_wconf 83' lang='lat' dir='ltr'><strong>disputationi</strong></span> <span class='ocrx_word' id='word_1_353' title='bbox 968 2550 1048 2577; x_wconf 88' lang='lat' dir='ltr'><strong>sepo-</strong></span> 
     </span>
    </p>
   </div>
   <div class='ocr_carea' id='block_1_51' title="bbox 263 2588 1047 2628">
    <p class='ocr_par' dir='ltr' id='par_1_51' title="bbox 263 2588 1047 2628">
     <span class='ocr_line' id='line_1_51' title="bbox 263 2588 1047 2628; baseline -0.01 -5"><span class='ocrx_word' id='word_1_354' title='bbox 263 2595 378 2623; x_wconf 76' lang='lat' dir='ltr'><strong>suimus.</strong></span> <span class='ocrx_word' id='word_1_355' title='bbox 389 2592 538 2628; x_wconf 77' lang='lat' dir='ltr'><strong>Fingamus</strong></span> <span class='ocrx_word' id='word_1_356' title='bbox 550 2591 641 2625; x_wconf 85' lang='lat' dir='ltr'><strong>itaque</strong></span> <span class='ocrx_word' id='word_1_357' title='bbox 655 2590 770 2617; x_wconf 90' lang='lat' dir='ltr'><strong>modoin</strong></span> <span class='ocrx_word' id='word_1_358' title='bbox 780 2589 920 2616; x_wconf 84' lang='lat' dir='ltr'><strong>horizonte</strong></span> <span class='ocrx_word' id='word_1_359' title='bbox 932 2588 1047 2616; x_wconf 86' lang='lat' dir='ltr'><strong>occiduo</strong></span> 
     </span>
    </p>
   </div>
   <div class='ocr_carea' id='block_1_52' title="bbox 264 2634 1047 2671">
    <p class='ocr_par' dir='ltr' id='par_1_52' title="bbox 264 2634 1047 2671">
     <span class='ocr_line' id='line_1_52' title="bbox 264 2634 1047 2671; baseline -0.009 -3"><span class='ocrx_word' id='word_1_360' title='bbox 264 2640 491 2669; x_wconf 84' lang='lat' dir='ltr'><strong>australissimam</strong></span> <span class='ocrx_word' id='word_1_361' title='bbox 507 2638 613 2666; x_wconf 88' lang='lat' dir='ltr'><strong>stellam</strong></span> <span class='ocrx_word' id='word_1_362' title='bbox 630 2644 735 2667; x_wconf 83' lang='lat' dir='ltr'><strong>earum.</strong></span> <span class='ocrx_word' id='word_1_363' title='bbox 753 2643 812 2671; x_wconf 64' lang='lat' dir='ltr'><strong>qum</strong></span> <span class='ocrx_word' id='word_1_364' title='bbox 822 2639 885 2662; x_wconf 90' lang='lat' dir='ltr'><strong>sunt</strong></span> <span class='ocrx_word' id='word_1_365' title='bbox 897 2636 923 2662; x_wconf 90' lang='lat' dir='ltr'><strong>in</strong></span> <span class='ocrx_word' id='word_1_366' title='bbox 935 2634 1047 2662; x_wconf 90' lang='lat' dir='ltr'><strong>sinistro</strong></span> 
     </span>
    </p>
   </div>
   <div class='ocr_carea' id='block_1_53' title="bbox 264 2677 1046 2721">
    <p class='ocr_par' dir='ltr' id='par_1_53' title="bbox 264 2677 1046 2721">
     <span class='ocr_line' id='line_1_53' title="bbox 264 2677 1046 2721; baseline -0.01 -9"><span class='ocrx_word' id='word_1_367' title='bbox 264 2685 332 2721; x_wconf 81' lang='lat' dir='ltr'><strong>pede</strong></span> <span class='ocrx_word' id='word_1_368' title='bbox 355 2682 571 2718; x_wconf 80' lang='lat' dir='ltr'><strong>Arctophylacis.</strong></span> <span class='ocrx_word' id='word_1_369' title='bbox 588 2680 635 2708; x_wconf 85' lang='lat' dir='ltr'><strong>Est</strong></span> <span class='ocrx_word' id='word_1_370' title='bbox 656 2688 688 2708; x_wconf 85' lang='lat' dir='ltr'><strong>ea</strong></span> <span class='ocrx_word' id='word_1_371' title='bbox 711 2679 848 2707; x_wconf 87' lang='lat' dir='ltr'><strong>borealior</strong></span> <span class='ocrx_word' id='word_1_372' title='bbox 866 2677 1046 2713; x_wconf 67' lang='lat' dir='ltr'><strong>aequinoctiali</strong></span> 
     </span>
    </p>
   </div>
   <div class='ocr_carea' id='block_1_54' title="bbox 265 2725 1047 2765">
    <p class='ocr_par' dir='ltr' id='par_1_54' title="bbox 265 2725 1047 2765">
     <span class='ocr_line' id='line_1_54' title="bbox 265 2725 1047 2765; baseline -0.012 -6"><span class='ocrx_word' id='word_1_373' title='bbox 265 2731 368 2759; x_wconf 88' lang='lat' dir='ltr'><strong>circulo</strong></span> <span class='ocrx_word' id='word_1_374' title='bbox 383 2730 507 2765; x_wconf 88' lang='lat' dir='ltr'><strong>partibus</strong></span> <span class='ocrx_word' id='word_1_375' title='bbox 516 2728 562 2762; x_wconf 66' lang='grc' dir='ltr'>Ἥ,</span> <span class='ocrx_word' id='word_1_376' title='bbox 576 2735 607 2754; x_wconf 89' lang='lat' dir='ltr'><strong>ac</strong></span> <span class='ocrx_word' id='word_1_377' title='bbox 619 2727 720 2754; x_wconf 84' lang='lat' dir='ltr'><strong>triente</strong></span> <span class='ocrx_word' id='word_1_378' title='bbox 735 2735 742 2759; x_wconf 91' lang='lat'><strong>;</strong></span> <span class='ocrx_word' id='word_1_379' title='bbox 760 2725 914 2760; x_wconf 70' lang='lat' dir='ltr'><strong>cujns&#39;nodi</strong></span> <span class='ocrx_word' id='word_1_380' title='bbox 927 2725 1047 2752; x_wconf 85' lang='lat' dir='ltr'><strong>circulus</strong></span> 
     </span>
    </p>
   </div>
   <div class='ocr_carea' id='block_1_55' title="bbox 265 2771 1048 2815">
    <p class='ocr_par' dir='ltr' id='par_1_55' title="bbox 265 2771 1048 2815">
     <span class='ocr_line' id='line_1_55' title="bbox 265 2771 1048 2815; baseline -0.01 -11"><span class='ocrx_word' id='word_1_381' title='bbox 265 2783 314 2815; x_wconf 78' lang='lat' dir='ltr'><strong>per</strong></span> <span class='ocrx_word' id='word_1_382' title='bbox 329 2775 406 2811; x_wconf 88' lang='lat' dir='ltr'><strong>polos</strong></span> <span class='ocrx_word' id='word_1_383' title='bbox 418 2774 555 2801; x_wconf 86' lang='lat' dir='ltr'><strong>transiens</strong></span> <span class='ocrx_word' id='word_1_384' title='bbox 569 2775 676 2800; x_wconf 85' lang='lat' dir='ltr'><strong>constat</strong></span> <span class='ocrx_word' id='word_1_385' title='bbox 690 2771 752 2799; x_wconf 76' lang='grc'><strong>560.</strong></span> <span class='ocrx_word' id='word_1_386' title='bbox 766 2771 807 2798; x_wconf 89' lang='lat' dir='ltr'><strong>0b</strong></span> <span class='ocrx_word' id='word_1_387' title='bbox 826 2771 853 2798; x_wconf 90' lang='lat' dir='ltr'><strong>id</strong></span> <span class='ocrx_word' id='word_1_388' title='bbox 871 2771 1048 2806; x_wconf 70' lang='lat' dir='ltr'><strong>azquidistans</strong></span> 
     </span>
    </p>
   </div>
   <div class='ocr_carea' id='block_1_56' title="bbox 267 2819 1048 2858">
    <p class='ocr_par' dir='ltr' id='par_1_56' title="bbox 267 2819 1048 2858">
     <span class='ocr_line' id='line_1_56' title="bbox 267 2819 1048 2858; baseline -0.004 -9"><span class='ocrx_word' id='word_1_389' title='bbox 267 2821 449 2858; x_wconf 61' lang='lat' dir='ltr'><strong>aquinoctiali</strong></span> <span class='ocrx_word' id='word_1_390' title='bbox 471 2820 591 2848; x_wconf 86' lang='lat' dir='ltr'><strong>circulus</strong></span> <span class='ocrx_word' id='word_1_391' title='bbox 615 2827 662 2855; x_wconf 87' lang='lat' dir='ltr'><strong>per</strong></span> <span class='ocrx_word' id='word_1_392' title='bbox 684 2820 756 2847; x_wconf 88' lang='lat' dir='ltr'><strong>illam</strong></span> <span class='ocrx_word' id='word_1_393' title='bbox 782 2820 887 2847; x_wconf 83' lang='lat' dir='ltr'><strong>stellam</strong></span> <span class='ocrx_word' id='word_1_394' title='bbox 911 2819 1048 2846; x_wconf 82' lang='lat' dir='ltr'><strong>transiens</strong></span> 
     </span>
    </p>
   </div>
   <div class='ocr_carea' id='block_1_57' title="bbox 304 2898 447 2934">
    <p class='ocr_par' dir='ltr' id='par_1_57' title="bbox 304 2898 447 2934">
     <span class='ocr_line' id='line_1_57' title="bbox 304 2898 447 2934; baseline 0.021 -10"><span class='ocrx_word' id='word_1_395' title='bbox 304 2898 324 2917; x_wconf 71' lang='grc' dir='ltr'><strong>τ·</strong></span> <span class='ocrx_word' id='word_1_396' title='bbox 339 2898 359 2934; x_wconf 72' lang='grc' dir='ltr'>ι’,</span> <span class='ocrx_word' id='word_1_397' title='bbox 376 2898 447 2927; x_wconf 76' lang='grc' dir='ltr'>ἐπεί.</span> 
     </span>
    </p>
   </div>
   <div class='ocr_carea' id='block_1_58' title="bbox 757 189 1376 231">
    <p class='ocr_par' dir='ltr' id='par_1_58' title="bbox 757 189 1376 231">
     <span class='ocr_line' id='line_1_58' title="bbox 757 189 1376 231; baseline 0 -1"><span class='ocrx_word' id='word_1_398' title='bbox 757 202 804 230; x_wconf 88' lang='lat' dir='ltr'><strong>AD</strong></span> <span class='ocrx_word' id='word_1_399' title='bbox 821 201 954 230; x_wconf 59' lang='lat' dir='ltr'><strong>E‘USEBH</strong></span> <span class='ocrx_word' id='word_1_400' title='bbox 973 199 1174 229; x_wconf 80' lang='lat' dir='ltr'><strong>CHBONICON</strong></span> <span class='ocrx_word' id='word_1_401' title='bbox 1192 189 1376 231; x_wconf 56' lang='lat' dir='ltr'><strong>APPENDIX&#39;,</strong></span> 
     </span>
    </p>
   </div>
   <div class='ocr_carea' id='block_1_59' title="bbox 1811 199 1882 229">
    <p class='ocr_par' dir='ltr' id='par_1_59' title="bbox 1811 199 1882 229">
     <span class='ocr_line' id='line_1_59' title="bbox 1811 199 1882 229; baseline 0 -1"><span class='ocrx_word' id='word_1_402' title='bbox 1811 199 1882 229; x_wconf 63' lang='grc'>15076</span> 
     </span>
    </p>
   </div>
   <div class='ocr_carea' id='block_1_60' title="bbox 1097 257 1670 292">
    <p class='ocr_par' dir='ltr' id='par_1_60' title="bbox 1097 257 1670 292">
     <span class='ocr_line' id='line_1_60' title="bbox 1097 257 1670 292; baseline 0.003 -9"><span class='ocrx_word' id='word_1_403' title='bbox 1097 275 1105 283; x_wconf 89' lang='grc'><strong>.</strong></span> <span class='ocrx_word' id='word_1_404' title='bbox 1124 276 1130 283; x_wconf 98' lang='grc'><strong><em>.</em></strong></span> <span class='ocrx_word' id='word_1_405' title='bbox 1148 277 1154 283; x_wconf 94' lang='grc'>.</span> <span class='ocrx_word' id='word_1_406' title='bbox 1175 277 1183 284; x_wconf 91' lang='grc'><strong>.</strong></span> <span class='ocrx_word' id='word_1_407' title='bbox 1207 258 1237 284; x_wconf 76' lang='grc'><strong>⁸0</strong></span> <span class='ocrx_word' id='word_1_408' title='bbox 1248 257 1286 290; x_wconf 82' lang='grc' dir='ltr'><strong>δ’,</strong></span> <span class='ocrx_word' id='word_1_409' title='bbox 1300 258 1380 292; x_wconf 81' lang='grc' dir='ltr'><strong>ἐπὴν</strong></span> <span class='ocrx_word' id='word_1_410' title='bbox 1396 257 1488 292; x_wconf 69' lang='grc' dir='ltr'>φάεος</span> <span class='ocrx_word' id='word_1_411' title='bbox 1498 257 1670 291; x_wconf 72' lang='grc' dir='ltr'>χορέσηται,</span> 
     </span>
    </p>
   </div>
   <div class='ocr_carea' id='block_1_61' title="bbox 1097 292 1826 328">
    <p class='ocr_par' dir='ltr' id='par_1_61' title="bbox 1097 292 1826 328">
     <span class='ocr_line' id='line_1_61' title="bbox 1097 292 1826 328; baseline 0.001 -10"><span class='ocrx_word' id='word_1_412' title='bbox 1097 292 1242 325; x_wconf 76' lang='grc' dir='ltr'>Βουλυτῷ</span> <span class='ocrx_word' id='word_1_413' title='bbox 1258 293 1369 327; x_wconf 80' lang='grc' dir='ltr'><strong>ἐπέχει,</strong></span> <span class='ocrx_word' id='word_1_414' title='bbox 1384 293 1490 319; x_wconf 77' lang='grc' dir='ltr'>πλεῖον</span> <span class='ocrx_word' id='word_1_415' title='bbox 1506 293 1575 328; x_wconf 78' lang='grc' dir='ltr'>δίχα</span> <span class='ocrx_word' id='word_1_416' title='bbox 1587 293 1696 325; x_wconf 71' lang='grc' dir='ltr'>νυκτὸς</span> <span class='ocrx_word' id='word_1_417' title='bbox 1712 292 1826 326; x_wconf 76' lang='grc' dir='ltr'>ἰούσης.</span> 
     </span>
    </p>
   </div>
   <div class='ocr_carea' id='block_1_62' title="bbox 1133 347 1880 383">
    <p class='ocr_par' dir='ltr' id='par_1_62' title="bbox 1133 347 1880 383">
     <span class='ocr_line' id='line_1_62' title="bbox 1133 347 1880 383; baseline 0.001 -9"><span class='ocrx_word' id='word_1_418' title='bbox 1133 348 1216 380; x_wconf 81' lang='grc' dir='ltr'>Ὅταν</span> <span class='ocrx_word' id='word_1_419' title='bbox 1228 348 1282 383; x_wconf 89' lang='grc' dir='ltr'>γὰρ</span> <span class='ocrx_word' id='word_1_420' title='bbox 1293 349 1350 380; x_wconf 80' lang='grc' dir='ltr'>ταῖς</span> <span class='ocrx_word' id='word_1_421' title='bbox 1363 348 1464 382; x_wconf 91' lang='grc' dir='ltr'>Χηλαῖς</span> <span class='ocrx_word' id='word_1_422' title='bbox 1475 347 1592 383; x_wconf 77' lang='grc' dir='ltr'><strong>ἄρχηται</strong></span> <span class='ocrx_word' id='word_1_423' title='bbox 1607 347 1880 382; x_wconf 80' lang='grc' dir='ltr'>συγκαταδύνειν,τοῦ</span> 
     </span>
    </p>
   </div>
   <div class='ocr_carea' id='block_1_63' title="bbox 1095 390 1882 429">
    <p class='ocr_par' dir='ltr' id='par_1_63' title="bbox 1095 390 1882 429">
     <span class='ocr_line' id='line_1_63' title="bbox 1095 390 1882 429; baseline -0.001 -9"><span class='ocrx_word' id='word_1_424' title='bbox 1095 394 1171 429; x_wconf 83' lang='grc' dir='ltr'>ήλίου</span> <span class='ocrx_word' id='word_1_425' title='bbox 1184 395 1213 421; x_wconf 86' lang='grc' dir='ltr'>ὲν</span> <span class='ocrx_word' id='word_1_426' title='bbox 1229 394 1324 425; x_wconf 80' lang='grc' dir='ltr'>αὑταῖς</span> <span class='ocrx_word' id='word_1_427' title='bbox 1338 394 1422 425; x_wconf 73' lang='grc' dir='ltr'>ὄντος,</span> <span class='ocrx_word' id='word_1_428' title='bbox 1437 395 1466 420; x_wconf 82' lang='grc' dir='ltr'>ἐν</span> <span class='ocrx_word' id='word_1_429' title='bbox 1488 390 1510 427; x_wconf 82' lang='grc' dir='ltr'>ᾧ</span> <span class='ocrx_word' id='word_1_430' title='bbox 1525 393 1666 421; x_wconf 82' lang='grc' dir='ltr'>καταδύνει</span> <span class='ocrx_word' id='word_1_431' title='bbox 1682 393 1780 429; x_wconf 83' lang='grc' dir='ltr'>καιρῷ,</span> <span class='ocrx_word' id='word_1_432' title='bbox 1795 394 1823 419; x_wconf 89' lang='grc' dir='ltr'><strong>αί</strong></span> <span class='ocrx_word' id='word_1_433' title='bbox 1837 393 1882 420; x_wconf 82' lang='grc' dir='ltr'><strong>νύ-</strong></span> 
     </span>
    </p>
   </div>
   <div class='ocr_carea' id='block_1_64' title="bbox 1096 439 1881 475">
    <p class='ocr_par' dir='ltr' id='par_1_64' title="bbox 1096 439 1881 475">
     <span class='ocr_line' id='line_1_64' title="bbox 1096 439 1881 475; baseline -0.001 -9"><span class='ocrx_word' id='word_1_434' title='bbox 1096 448 1159 471; x_wconf 87' lang='grc' dir='ltr'>κτες</span> <span class='ocrx_word' id='word_1_435' title='bbox 1181 441 1224 466; x_wconf 79' lang='grc' dir='ltr'><strong>ἐπ’</strong></span> <span class='ocrx_word' id='word_1_436' title='bbox 1247 440 1402 475; x_wconf 78' lang='grc' dir='ltr'>’ᾼρκτούρῳ</span> <span class='ocrx_word' id='word_1_437' title='bbox 1415 439 1537 473; x_wconf 81' lang='grc' dir='ltr'>λέγονται</span> <span class='ocrx_word' id='word_1_438' title='bbox 1547 448 1553 454; x_wconf 92' lang='grc'><strong>·</strong></span> <span class='ocrx_word' id='word_1_439' title='bbox 1569 440 1613 465; x_wconf 85' lang='grc' dir='ltr'>ὅτε</span> <span class='ocrx_word' id='word_1_440' title='bbox 1629 439 1692 474; x_wconf 77' lang='grc' dir='ltr'>ὅλην</span> <span class='ocrx_word' id='word_1_441' title='bbox 1707 448 1737 465; x_wconf 90' lang='grc' dir='ltr'><strong>τε</strong></span> <span class='ocrx_word' id='word_1_442' title='bbox 1751 439 1798 474; x_wconf 77' lang='grc' dir='ltr'>τὴν</span> <span class='ocrx_word' id='word_1_443' title='bbox 1812 440 1881 474; x_wconf 63' lang='grc' dir='ltr'><strong>ἡμέ-</strong></span> 
     </span>
    </p>
   </div>
   <div class='ocr_carea' id='block_1_65' title="bbox 1100 485 1882 522">
    <p class='ocr_par' dir='ltr' id='par_1_65' title="bbox 1100 485 1882 522">
     <span class='ocr_line' id='line_1_65' title="bbox 1100 485 1882 522; baseline -0.003 -9"><span class='ocrx_word' id='word_1_444' title='bbox 1100 495 1151 522; x_wconf 88' lang='grc' dir='ltr'><strong>ραν</strong></span> <span class='ocrx_word' id='word_1_445' title='bbox 1168 487 1238 522; x_wconf 76' lang='grc' dir='ltr'>ὑπὲρ</span> <span class='ocrx_word' id='word_1_446' title='bbox 1260 487 1312 521; x_wconf 83' lang='grc' dir='ltr'>γῆς</span> <span class='ocrx_word' id='word_1_447' title='bbox 1328 486 1448 520; x_wconf 80' lang='grc' dir='ltr'>φέρεται,</span> <span class='ocrx_word' id='word_1_448' title='bbox 1465 485 1510 512; x_wconf 81' lang='grc' dir='ltr'><strong>διὰ</strong></span> <span class='ocrx_word' id='word_1_449' title='bbox 1535 486 1566 511; x_wconf 78' lang='grc' dir='ltr'>τὸ</span> <span class='ocrx_word' id='word_1_450' title='bbox 1589 486 1621 520; x_wconf 83' lang='grc' dir='ltr'>τῇ</span> <span class='ocrx_word' id='word_1_451' title='bbox 1647 485 1777 520; x_wconf 79' lang='grc' dir='ltr'><strong>Παρθένῳ</strong></span> <span class='ocrx_word' id='word_1_452' title='bbox 1800 485 1882 511; x_wconf 75' lang='grc' dir='ltr'>αὐτὸν</span> 
     </span>
    </p>
   </div>
   <div class='ocr_carea' id='block_1_66' title="bbox 1097 524 1881 566">
    <p class='ocr_par' dir='ltr' id='par_1_66' title="bbox 1097 524 1881 566">
     <span class='ocr_line' id='line_1_66' title="bbox 1097 524 1881 566; baseline -0.003 -7"><span class='ocrx_word' id='word_1_453' title='bbox 1097 532 1303 560; x_wconf 86' lang='grc' dir='ltr'>συνανατέλλειν</span> <span class='ocrx_word' id='word_1_454' title='bbox 1313 552 1320 565; x_wconf 86' lang='lat'><strong>,</strong></span> <span class='ocrx_word' id='word_1_455' title='bbox 1340 533 1386 559; x_wconf 76' lang='grc' dir='ltr'><strong>καὶ</strong></span> <span class='ocrx_word' id='word_1_456' title='bbox 1397 524 1469 558; x_wconf 81' lang='grc' dir='ltr'>δύνει</span> <span class='ocrx_word' id='word_1_457' title='bbox 1484 532 1594 558; x_wconf 85' lang='grc' dir='ltr'>πλείονα</span> <span class='ocrx_word' id='word_1_458' title='bbox 1609 531 1703 566; x_wconf 84' lang='grc' dir='ltr'>χρόνον</span> <span class='ocrx_word' id='word_1_459' title='bbox 1716 531 1731 566; x_wconf 87' lang='grc' dir='ltr'>ἢ</span> <span class='ocrx_word' id='word_1_460' title='bbox 1749 531 1780 558; x_wconf 81' lang='grc' dir='ltr'>τὸ</span> <span class='ocrx_word' id='word_1_461' title='bbox 1795 531 1881 566; x_wconf 72' lang='grc' dir='ltr'>ἥμισυ</span> 
     </span>
    </p>
   </div>
   <div class='ocr_carea' id='block_1_67' title="bbox 1097 577 1882 614">
    <p class='ocr_par' dir='ltr' id='par_1_67' title="bbox 1097 577 1882 614">
     <span class='ocr_line' id='line_1_67' title="bbox 1097 577 1882 614; baseline -0.001 -9"><span class='ocrx_word' id='word_1_462' title='bbox 1097 579 1147 614; x_wconf 85' lang='grc' dir='ltr'>τῆς</span> <span class='ocrx_word' id='word_1_463' title='bbox 1161 578 1267 610; x_wconf 82' lang='grc' dir='ltr'>νυκτὸς,</span> <span class='ocrx_word' id='word_1_464' title='bbox 1282 579 1328 604; x_wconf 78' lang='grc' dir='ltr'><strong>ἐπὶ</strong></span> <span class='ocrx_word' id='word_1_465' title='bbox 1339 578 1363 594; x_wconf 80' lang='grc'><strong>⁷⁵</strong></span> <span class='ocrx_word' id='word_1_466' title='bbox 1377 579 1433 609; x_wconf 85' lang='grc' dir='ltr'>τοῖς</span> <span class='ocrx_word' id='word_1_467' title='bbox 1449 578 1578 614; x_wconf 84' lang='grc' dir='ltr'>τέσσαρσι</span> <span class='ocrx_word' id='word_1_468' title='bbox 1591 577 1695 609; x_wconf 82' lang='grc' dir='ltr'>ζωδίοις</span> <span class='ocrx_word' id='word_1_469' title='bbox 1715 577 1882 612; x_wconf 83' lang='grc' dir='ltr'>συγκαταδύ-</span> 
     </span>
    </p>
   </div>
   <div class='ocr_carea' id='block_1_68' title="bbox 1096 623 1880 660">
    <p class='ocr_par' dir='ltr' id='par_1_68' title="bbox 1096 623 1880 660">
     <span class='ocr_line' id='line_1_68' title="bbox 1096 623 1880 660; baseline -0.003 -8"><span class='ocrx_word' id='word_1_470' title='bbox 1096 634 1145 652; x_wconf 84' lang='grc' dir='ltr'>νει.</span> <span class='ocrx_word' id='word_1_471' title='bbox 1164 626 1224 652; x_wconf 64' lang='lat' dir='ltr'><strong>&quot;Oct</strong></span> <span class='ocrx_word' id='word_1_472' title='bbox 1246 625 1274 651; x_wconf 81' lang='grc' dir='ltr'>δὲ</span> <span class='ocrx_word' id='word_1_473' title='bbox 1298 626 1332 660; x_wconf 83' lang='grc' dir='ltr'><strong>τῇ</strong></span> <span class='ocrx_word' id='word_1_474' title='bbox 1351 623 1481 660; x_wconf 81' lang='grc' dir='ltr'><strong>Παρθένῳ</strong></span> <span class='ocrx_word' id='word_1_475' title='bbox 1497 625 1556 650; x_wconf 84' lang='grc' dir='ltr'>κατ’</span> <span class='ocrx_word' id='word_1_476' title='bbox 1581 623 1660 651; x_wconf 73' lang='grc' dir='ltr'>αὐτδν</span> <span class='ocrx_word' id='word_1_477' title='bbox 1683 624 1880 657; x_wconf 70' lang='grc' dir='ltr'>συνανατέλλει,</span> 
     </span>
    </p>
   </div>
   <div class='ocr_carea' id='block_1_69' title="bbox 1096 669 1475 706">
    <p class='ocr_par' dir='ltr' id='par_1_69' title="bbox 1096 669 1475 706">
     <span class='ocr_line' id='line_1_69' title="bbox 1096 669 1475 706; baseline -0.005 -9"><span class='ocrx_word' id='word_1_478' title='bbox 1096 670 1212 706; x_wconf 81' lang='grc' dir='ltr'>φανερὸν</span> <span class='ocrx_word' id='word_1_479' title='bbox 1227 670 1299 696; x_wconf 82' lang='grc' dir='ltr'>ποιεῖ</span> <span class='ocrx_word' id='word_1_480' title='bbox 1314 671 1342 696; x_wconf 80' lang='grc' dir='ltr'>ὲν</span> <span class='ocrx_word' id='word_1_481' title='bbox 1357 669 1475 700; x_wconf 81' lang='grc' dir='ltr'>τούτοις·</span> 
     </span>
    </p>
   </div>
   <div class='ocr_carea' id='block_1_70' title="bbox 1098 725 1886 760">
    <p class='ocr_par' dir='ltr' id='par_1_70' title="bbox 1098 725 1886 760">
     <span class='ocr_line' id='line_1_70' title="bbox 1098 725 1886 760; baseline -0.001 -6"><span class='ocrx_word' id='word_1_482' title='bbox 1098 726 1166 754; x_wconf 79' lang='grc' dir='ltr'>οὐδ’</span> <span class='ocrx_word' id='word_1_483' title='bbox 1182 727 1219 754; x_wconf 84' lang='grc' dir='ltr'>ἂν</span> <span class='ocrx_word' id='word_1_484' title='bbox 1232 727 1427 760; x_wconf 81' lang='grc' dir='ltr'><strong>ἐπερχόμεναι</strong></span> <span class='ocrx_word' id='word_1_485' title='bbox 1442 725 1549 758; x_wconf 76' lang='grc' dir='ltr'><strong>Χηλαὶ.</strong></span> <span class='ocrx_word' id='word_1_486' title='bbox 1570 725 1618 752; x_wconf 81' lang='grc' dir='ltr'>καὶ</span> <span class='ocrx_word' id='word_1_487' title='bbox 1633 725 1728 752; x_wconf 80' lang='grc' dir='ltr'>λεπτὰ</span> <span class='ocrx_word' id='word_1_488' title='bbox 1738 725 1886 760; x_wconf 52' lang='grc' dir='ltr'><strong>φιὶουιγαι.κ</strong></span> 
     </span>
    </p>
   </div>
   <div class='ocr_carea' id='block_1_71' title="bbox 1098 759 1812 797">
    <p class='ocr_par' dir='ltr' id='par_1_71' title="bbox 1098 759 1812 797">
     <span class='ocr_line' id='line_1_71' title="bbox 1098 759 1812 797; baseline -0.004 -8"><span class='ocrx_word' id='word_1_489' title='bbox 1098 765 1256 797; x_wconf 60' lang='grc' dir='ltr'>Ἅφραστοι</span> <span class='ocrx_word' id='word_1_490' title='bbox 1270 759 1404 795; x_wconf 56' lang='lat' dir='ltr'><strong>ampla/er</strong></span> <span class='ocrx_word' id='word_1_491' title='bbox 1414 769 1420 775; x_wconf 92' lang='grc'><strong>·</strong></span> <span class='ocrx_word' id='word_1_492' title='bbox 1435 761 1499 787; x_wconf 74' lang='grc' dir='ltr'>ἐπεὶ</span> <span class='ocrx_word' id='word_1_493' title='bbox 1510 760 1586 797; x_wconf 65' lang='grc' dir='ltr'>μέγα</span> <span class='ocrx_word' id='word_1_494' title='bbox 1599 759 1681 797; x_wconf 66' lang='grc' dir='ltr'>σῆμα</span> <span class='ocrx_word' id='word_1_495' title='bbox 1695 760 1812 797; x_wconf 76' lang='grc' dir='ltr'>Βοώτης</span> 
     </span>
    </p>
   </div>
   <div class='ocr_carea' id='block_1_72' title="bbox 1103 795 1812 832">
    <p class='ocr_par' dir='ltr' id='par_1_72' title="bbox 1103 795 1812 832">
     <span class='ocr_line' id='line_1_72' title="bbox 1103 795 1812 832; baseline -0.006 -7"><span class='ocrx_word' id='word_1_496' title='bbox 1103 795 1216 832; x_wconf 59' lang='grc' dir='ltr'>Ἀθρόος</span> <span class='ocrx_word' id='word_1_497' title='bbox 1235 797 1372 823; x_wconf 75' lang='grc' dir='ltr'><strong>ἀντέλλει</strong></span> <span class='ocrx_word' id='word_1_498' title='bbox 1385 795 1589 830; x_wconf 74' lang='grc' dir='ltr'>,βεϐολημένος</span> <span class='ocrx_word' id='word_1_499' title='bbox 1607 796 1812 829; x_wconf 51' lang='grc' dir='ltr'>ἈρκτούροιοΛ</span> 
     </span>
    </p>
   </div>
   <div class='ocr_carea' id='block_1_73' title="bbox 1131 849 1885 888">
    <p class='ocr_par' dir='ltr' id='par_1_73' title="bbox 1131 849 1885 888">
     <span class='ocr_line' id='line_1_73' title="bbox 1131 849 1885 888; baseline -0.005 -8"><span class='ocrx_word' id='word_1_500' title='bbox 1131 854 1167 880; x_wconf 85' lang='grc' dir='ltr'><strong>Ζ’.</strong></span> <span class='ocrx_word' id='word_1_501' title='bbox 1184 853 1221 879; x_wconf 86' lang='grc' dir='ltr'><strong>Οὐ</strong></span> <span class='ocrx_word' id='word_1_502' title='bbox 1239 852 1318 888; x_wconf 85' lang='grc' dir='ltr'>μόνον</span> <span class='ocrx_word' id='word_1_503' title='bbox 1333 852 1362 878; x_wconf 80' lang='grc' dir='ltr'>δὲ</span> <span class='ocrx_word' id='word_1_504' title='bbox 1374 852 1388 877; x_wconf 81' lang='grc' dir='ltr'><strong>ὁ</strong></span> <span class='ocrx_word' id='word_1_505' title='bbox 1401 851 1516 886; x_wconf 77' lang='grc' dir='ltr'>Ἄρατος</span> <span class='ocrx_word' id='word_1_506' title='bbox 1530 851 1577 877; x_wconf 81' lang='grc' dir='ltr'>καὶ</span> <span class='ocrx_word' id='word_1_507' title='bbox 1589 850 1603 876; x_wconf 77' lang='grc' dir='ltr'>ὁ</span> <span class='ocrx_word' id='word_1_508' title='bbox 1615 850 1738 883; x_wconf 80' lang='grc' dir='ltr'>Εὔδοξος,</span> <span class='ocrx_word' id='word_1_509' title='bbox 1754 849 1823 877; x_wconf 76' lang='grc' dir='ltr'>ἀλλὰ</span> <span class='ocrx_word' id='word_1_510' title='bbox 1835 850 1885 877; x_wconf 72' lang='grc' dir='ltr'>καὶ</span> 
     </span>
    </p>
   </div>
   <div class='ocr_carea' id='block_1_74' title="bbox 1096 896 1883 934">
    <p class='ocr_par' dir='ltr' id='par_1_74' title="bbox 1096 896 1883 934">
     <span class='ocr_line' id='line_1_74' title="bbox 1096 896 1883 934; baseline -0.005 -8"><span class='ocrx_word' id='word_1_511' title='bbox 1096 901 1121 927; x_wconf 78' lang='grc' dir='ltr'>οι</span> <span class='ocrx_word' id='word_1_512' title='bbox 1136 899 1223 926; x_wconf 79' lang='grc' dir='ltr'>λοιποὶ</span> <span class='ocrx_word' id='word_1_513' title='bbox 1245 898 1429 934; x_wconf 74' lang='grc' dir='ltr'>μαθηματικοὶ</span> <span class='ocrx_word' id='word_1_514' title='bbox 1443 897 1543 928; x_wconf 86' lang='grc' dir='ltr'>πάντες</span> <span class='ocrx_word' id='word_1_515' title='bbox 1560 896 1661 931; x_wconf 79' lang='grc' dir='ltr'>σχεδὸν,</span> <span class='ocrx_word' id='word_1_516' title='bbox 1675 897 1733 923; x_wconf 82' lang='grc' dir='ltr'><strong>ὅσοι</strong></span> <span class='ocrx_word' id='word_1_517' title='bbox 1755 896 1818 931; x_wconf 83' lang='grc' dir='ltr'>περὶ</span> <span class='ocrx_word' id='word_1_518' title='bbox 1834 896 1883 922; x_wconf 78' lang='grc' dir='ltr'><strong>τοῦ</strong></span> 
     </span>
    </p>
   </div>
   <div class='ocr_carea' id='block_1_75' title="bbox 1097 941 1884 978">
    <p class='ocr_par' dir='ltr' id='par_1_75' title="bbox 1097 941 1884 978">
     <span class='ocr_line' id='line_1_75' title="bbox 1097 941 1884 978; baseline -0.004 -6"><span class='ocrx_word' id='word_1_519' title='bbox 1097 944 1210 972; x_wconf 82' lang='grc' dir='ltr'>Βοώτεω</span> <span class='ocrx_word' id='word_1_520' title='bbox 1231 943 1309 978; x_wconf 81' lang='grc' dir='ltr'>λόγον</span> <span class='ocrx_word' id='word_1_521' title='bbox 1332 943 1504 977; x_wconf 85' lang='grc' dir='ltr'><strong>πεποίηνται,</strong></span> <span class='ocrx_word' id='word_1_522' title='bbox 1527 942 1627 977; x_wconf 82' lang='grc' dir='ltr'>ὁμοίως</span> <span class='ocrx_word' id='word_1_523' title='bbox 1651 941 1755 973; x_wconf 80' lang='grc' dir='ltr'><strong>τούτοις</strong></span> <span class='ocrx_word' id='word_1_524' title='bbox 1777 942 1884 969; x_wconf 63' lang='lat' dir='ltr'><strong>anew</strong></span> 
     </span>
    </p>
   </div>
   <div class='ocr_carea' id='block_1_76' title="bbox 1098 986 1886 1025">
    <p class='ocr_par' dir='ltr' id='par_1_76' title="bbox 1098 986 1886 1025">
     <span class='ocr_line' id='line_1_76' title="bbox 1098 986 1886 1025; baseline -0.006 -8"><span class='ocrx_word' id='word_1_525' title='bbox 1098 989 1258 1025; x_wconf 84' lang='grc' dir='ltr'>πλάνηνται,</span> <span class='ocrx_word' id='word_1_526' title='bbox 1269 989 1423 1024; x_wconf 79' lang='grc' dir='ltr'>νομίζοντες</span> <span class='ocrx_word' id='word_1_527' title='bbox 1437 988 1566 1022; x_wconf 80' lang='grc' dir='ltr'>τέσσαρσι</span> <span class='ocrx_word' id='word_1_528' title='bbox 1578 987 1682 1018; x_wconf 78' lang='grc' dir='ltr'>ζωδίοις</span> <span class='ocrx_word' id='word_1_529' title='bbox 1691 986 1773 1013; x_wconf 82' lang='grc' dir='ltr'>αὑτὸν</span> <span class='ocrx_word' id='word_1_530' title='bbox 1785 995 1886 1021; x_wconf 84' lang='grc' dir='ltr'>συγκα-</span> 
     </span>
    </p>
   </div>
   <div class='ocr_carea' id='block_1_77' title="bbox 1096 1031 1885 1068">
    <p class='ocr_par' dir='ltr' id='par_1_77' title="bbox 1096 1031 1885 1068">
     <span class='ocr_line' id='line_1_77' title="bbox 1096 1031 1885 1068; baseline -0.006 -6"><span class='ocrx_word' id='word_1_531' title='bbox 1096 1035 1230 1062; x_wconf 82' lang='grc' dir='ltr'>ταδύνειν.</span> <span class='ocrx_word' id='word_1_532' title='bbox 1247 1034 1377 1065; x_wconf 74' lang='grc' dir='ltr'>Ἄτταλος</span> <span class='ocrx_word' id='word_1_533' title='bbox 1398 1033 1427 1059; x_wconf 84' lang='grc' dir='ltr'>δὲ</span> <span class='ocrx_word' id='word_1_534' title='bbox 1445 1033 1492 1060; x_wconf 76' lang='grc' dir='ltr'>καὶ</span> <span class='ocrx_word' id='word_1_535' title='bbox 1513 1033 1577 1068; x_wconf 80' lang='grc' dir='ltr'>περὶ</span> <span class='ocrx_word' id='word_1_536' title='bbox 1594 1032 1640 1058; x_wconf 83' lang='grc' dir='ltr'>τοῦ</span> <span class='ocrx_word' id='word_1_537' title='bbox 1661 1031 1709 1067; x_wconf 85' lang='grc' dir='ltr'>τὴν</span> <span class='ocrx_word' id='word_1_538' title='bbox 1730 1032 1817 1067; x_wconf 82' lang='grc' dir='ltr'>ἀρχὴν</span> <span class='ocrx_word' id='word_1_539' title='bbox 1833 1032 1885 1067; x_wconf 78' lang='grc' dir='ltr'>τῆς</span> 
     </span>
    </p>
   </div>
   <div class='ocr_carea' id='block_1_78' title="bbox 1096 1079 1885 1116">
    <p class='ocr_par' dir='ltr' id='par_1_78' title="bbox 1096 1079 1885 1116">
     <span class='ocr_line' id='line_1_78' title="bbox 1096 1079 1885 1116; baseline -0.004 -8"><span class='ocrx_word' id='word_1_540' title='bbox 1096 1081 1199 1113; x_wconf 85' lang='grc' dir='ltr'><strong>δύσεως</strong></span> <span class='ocrx_word' id='word_1_541' title='bbox 1222 1080 1303 1108; x_wconf 81' lang='grc' dir='ltr'>αὐτὸν</span> <span class='ocrx_word' id='word_1_542' title='bbox 1320 1080 1464 1111; x_wconf 85' lang='grc' dir='ltr'>ποιεῖσθαι,</span> <span class='ocrx_word' id='word_1_543' title='bbox 1481 1080 1518 1116; x_wconf 86' lang='grc' dir='ltr'>μὴ</span> <span class='ocrx_word' id='word_1_544' title='bbox 1538 1079 1577 1115; x_wconf 83' lang='grc' dir='ltr'>τῷ</span> <span class='ocrx_word' id='word_1_545' title='bbox 1598 1079 1723 1115; x_wconf 85' lang='grc' dir='ltr'>Σκορπίῳ</span> <span class='ocrx_word' id='word_1_546' title='bbox 1746 1087 1885 1112; x_wconf 86' lang='grc' dir='ltr'>συγκατα-</span> 
     </span>
    </p>
   </div>
   <div class='ocr_carea' id='block_1_79' title="bbox 1098 1123 1883 1161">
    <p class='ocr_par' dir='ltr' id='par_1_79' title="bbox 1098 1123 1883 1161">
     <span class='ocr_line' id='line_1_79' title="bbox 1098 1123 1883 1161; baseline -0.004 -9"><span class='ocrx_word' id='word_1_547' title='bbox 1098 1126 1260 1161; x_wconf 65' lang='grc' dir='ltr'>φερόμενον,</span> <span class='ocrx_word' id='word_1_548' title='bbox 1276 1125 1314 1157; x_wconf 87' lang='grc' dir='ltr'><strong>ὡς</strong></span> <span class='ocrx_word' id='word_1_549' title='bbox 1334 1126 1415 1160; x_wconf 81' lang='grc' dir='ltr'>ἡμεῖς</span> <span class='ocrx_word' id='word_1_550' title='bbox 1430 1125 1597 1160; x_wconf 80' lang='grc' dir='ltr'><strong>ἐδείκνυμεν,</strong></span> <span class='ocrx_word' id='word_1_551' title='bbox 1615 1123 1681 1150; x_wconf 84' lang='grc' dir='ltr'>ἀλλὰ</span> <span class='ocrx_word' id='word_1_552' title='bbox 1695 1124 1753 1155; x_wconf 86' lang='grc' dir='ltr'>ταῖς</span> <span class='ocrx_word' id='word_1_553' title='bbox 1768 1123 1883 1158; x_wconf 83' lang='grc' dir='ltr'>Χηλαίς,</span> 
     </span>
    </p>
   </div>
   <div class='ocr_carea' id='block_1_80' title="bbox 1100 1169 1883 1205">
    <p class='ocr_par' dir='ltr' id='par_1_80' title="bbox 1100 1169 1883 1205">
     <span class='ocr_line' id='line_1_80' title="bbox 1100 1169 1883 1205; baseline -0.005 -7"><span class='ocrx_word' id='word_1_554' title='bbox 1100 1172 1200 1203; x_wconf 80' lang='grc' dir='ltr'>ἱκανῶς</span> <span class='ocrx_word' id='word_1_555' title='bbox 1223 1171 1435 1203; x_wconf 75' lang='grc' dir='ltr'>διαϐεϐαιοῦται,</span> <span class='ocrx_word' id='word_1_556' title='bbox 1460 1170 1546 1204; x_wconf 84' lang='grc' dir='ltr'>λέγων</span> <span class='ocrx_word' id='word_1_557' title='bbox 1577 1171 1621 1198; x_wconf 67' lang='grc' dir='ltr'><strong>τὸν</strong></span> <span class='ocrx_word' id='word_1_558' title='bbox 1646 1170 1746 1205; x_wconf 82' lang='grc' dir='ltr'>τρόπον</span> <span class='ocrx_word' id='word_1_559' title='bbox 1773 1169 1883 1195; x_wconf 80' lang='grc' dir='ltr'>τοῦτον·</span> 
     </span>
    </p>
   </div>
   <div class='ocr_carea' id='block_1_81' title="bbox 1101 1213 1886 1251">
    <p class='ocr_par' dir='ltr' id='par_1_81' title="bbox 1101 1213 1886 1251">
     <span class='ocr_line' id='line_1_81' title="bbox 1101 1213 1886 1251; baseline -0.005 -8"><span class='ocrx_word' id='word_1_560' title='bbox 1101 1226 1110 1242; x_wconf 79' lang='grc' dir='ltr'><strong>ι</strong></span> <span class='ocrx_word' id='word_1_561' title='bbox 1128 1216 1214 1243; x_wconf 86' lang='grc' dir='ltr'>Ἔνιοι</span> <span class='ocrx_word' id='word_1_562' title='bbox 1231 1216 1285 1251; x_wconf 84' lang='grc' dir='ltr'>γὰρ</span> <span class='ocrx_word' id='word_1_563' title='bbox 1306 1215 1368 1242; x_wconf 72' lang='grc' dir='ltr'>οὔτε</span> <span class='ocrx_word' id='word_1_564' title='bbox 1387 1217 1442 1247; x_wconf 86' lang='grc' dir='ltr'>τοῖς</span> <span class='ocrx_word' id='word_1_565' title='bbox 1459 1215 1631 1250; x_wconf 82' lang='grc' dir='ltr'>φαινομένοις</span> <span class='ocrx_word' id='word_1_566' title='bbox 1651 1213 1886 1250; x_wconf 81' lang='grc' dir='ltr'>παρακολουθοῦν·</span> 
     </span>
    </p>
   </div>
   <div class='ocr_carea' id='block_1_82' title="bbox 1097 1259 1885 1296">
    <p class='ocr_par' dir='ltr' id='par_1_82' title="bbox 1097 1259 1885 1296">
     <span class='ocr_line' id='line_1_82' title="bbox 1097 1259 1885 1296; baseline -0.003 -8"><span class='ocrx_word' id='word_1_567' title='bbox 1097 1270 1155 1294; x_wconf 83' lang='grc' dir='ltr'>τες,</span> <span class='ocrx_word' id='word_1_568' title='bbox 1182 1261 1243 1288; x_wconf 80' lang='grc' dir='ltr'>οὕτε</span> <span class='ocrx_word' id='word_1_569' title='bbox 1267 1261 1300 1288; x_wconf 87' lang='grc' dir='ltr'><strong>τὰ</strong></span> <span class='ocrx_word' id='word_1_570' title='bbox 1322 1261 1373 1288; x_wconf 81' lang='grc' dir='ltr'><strong>ὑπὸ</strong></span> <span class='ocrx_word' id='word_1_571' title='bbox 1388 1261 1435 1288; x_wconf 83' lang='grc' dir='ltr'>τοῦ</span> <span class='ocrx_word' id='word_1_572' title='bbox 1452 1261 1563 1296; x_wconf 85' lang='grc' dir='ltr'>ποιητοῦ</span> <span class='ocrx_word' id='word_1_573' title='bbox 1588 1260 1721 1295; x_wconf 84' lang='grc' dir='ltr'>λεγόμενα</span> <span class='ocrx_word' id='word_1_574' title='bbox 1741 1259 1885 1294; x_wconf 79' lang='grc' dir='ltr'>δυνάμενοι</span> 
     </span>
    </p>
   </div>
   <div class='ocr_carea' id='block_1_83' title="bbox 1099 1305 1885 1343">
    <p class='ocr_par' dir='ltr' id='par_1_83' title="bbox 1099 1305 1885 1343">
     <span class='ocr_line' id='line_1_83' title="bbox 1099 1305 1885 1343; baseline -0.004 -9"><span class='ocrx_word' id='word_1_575' title='bbox 1099 1309 1230 1340; x_wconf 89' lang='grc' dir='ltr'>συνεῖναι,</span> <span class='ocrx_word' id='word_1_576' title='bbox 1245 1308 1390 1343; x_wconf 83' lang='grc' dir='ltr'>διαφόρους</span> <span class='ocrx_word' id='word_1_577' title='bbox 1404 1307 1554 1341; x_wconf 80' lang='grc' dir='ltr'>ἀποφάσεις</span> <span class='ocrx_word' id='word_1_578' title='bbox 1575 1306 1737 1342; x_wconf 80' lang='grc' dir='ltr'>πεποίηνται</span> <span class='ocrx_word' id='word_1_579' title='bbox 1752 1305 1816 1341; x_wconf 81' lang='grc' dir='ltr'>περὶ</span> <span class='ocrx_word' id='word_1_580' title='bbox 1834 1305 1885 1331; x_wconf 83' lang='grc' dir='ltr'><strong>αὐ-</strong></span> 
     </span>
    </p>
   </div>
   <div class='ocr_carea' id='block_1_84' title="bbox 1098 1351 1884 1388">
    <p class='ocr_par' dir='ltr' id='par_1_84' title="bbox 1098 1351 1884 1388">
     <span class='ocr_line' id='line_1_84' title="bbox 1098 1351 1884 1388; baseline -0.005 -7"><span class='ocrx_word' id='word_1_581' title='bbox 1098 1356 1154 1381; x_wconf 74' lang='grc' dir='ltr'>τοῦ.</span> <span class='ocrx_word' id='word_1_582' title='bbox 1172 1355 1224 1381; x_wconf 85' lang='grc' dir='ltr'>Καί</span> <span class='ocrx_word' id='word_1_583' title='bbox 1240 1355 1309 1386; x_wconf 80' lang='grc' dir='ltr'>τινές</span> <span class='ocrx_word' id='word_1_584' title='bbox 1331 1363 1395 1388; x_wconf 79' lang='grc' dir='ltr'>φασι</span> <span class='ocrx_word' id='word_1_585' title='bbox 1413 1354 1460 1388; x_wconf 77' lang='grc' dir='ltr'>μὲν</span> <span class='ocrx_word' id='word_1_586' title='bbox 1483 1354 1563 1379; x_wconf 73' lang='grc' dir='ltr'>αὑτὸν</span> <span class='ocrx_word' id='word_1_587' title='bbox 1584 1354 1616 1388; x_wconf 80' lang='grc' dir='ltr'>τῇ</span> <span class='ocrx_word' id='word_1_588' title='bbox 1632 1352 1760 1387; x_wconf 76' lang='grc' dir='ltr'>Παρθένῳ</span> <span class='ocrx_word' id='word_1_589' title='bbox 1774 1351 1884 1387; x_wconf 77' lang='grc' dir='ltr'>πρῶτον</span> 
     </span>
    </p>
   </div>
   <div class='ocr_carea' id='block_1_85' title="bbox 1099 1397 1885 1436">
    <p class='ocr_par' dir='ltr' id='par_1_85' title="bbox 1099 1397 1885 1436">
     <span class='ocr_line' id='line_1_85' title="bbox 1099 1397 1885 1436; baseline -0.008 -8"><span class='ocrx_word' id='word_1_590' title='bbox 1099 1402 1229 1436; x_wconf 77' lang='grc' dir='ltr'>ἄρχεσθαι</span> <span class='ocrx_word' id='word_1_591' title='bbox 1246 1400 1471 1434; x_wconf 74' lang='grc' dir='ltr'>συγκαταδύνειν·</span> <span class='ocrx_word' id='word_1_592' title='bbox 1495 1398 1554 1425; x_wconf 79' lang='grc' dir='ltr'>εἶτα</span> <span class='ocrx_word' id='word_1_593' title='bbox 1572 1400 1600 1425; x_wconf 81' lang='grc' dir='ltr'>ἐν</span> <span class='ocrx_word' id='word_1_594' title='bbox 1619 1400 1673 1429; x_wconf 74' lang='grc' dir='ltr'>τοῖς</span> <span class='ocrx_word' id='word_1_595' title='bbox 1689 1398 1788 1433; x_wconf 70' lang='grc' dir='ltr'>ἑφεξῆς</span> <span class='ocrx_word' id='word_1_596' title='bbox 1809 1397 1885 1433; x_wconf 79' lang='grc' dir='ltr'>τρισὶ</span> 
     </span>
    </p>
   </div>
   <div class='ocr_carea' id='block_1_86' title="bbox 1099 1443 1884 1480">
    <p class='ocr_par' dir='ltr' id='par_1_86' title="bbox 1099 1443 1884 1480">
     <span class='ocr_line' id='line_1_86' title="bbox 1099 1443 1884 1480; baseline -0.006 -7"><span class='ocrx_word' id='word_1_597' title='bbox 1099 1448 1203 1479; x_wconf 58' lang='lat' dir='ltr'><strong>Cuia/Ion;</strong></span> <span class='ocrx_word' id='word_1_598' title='bbox 1216 1456 1222 1462; x_wconf 88' lang='grc'>·</span> <span class='ocrx_word' id='word_1_599' title='bbox 1242 1447 1304 1473; x_wconf 76' lang='grc' dir='ltr'>ἔνιοι</span> <span class='ocrx_word' id='word_1_600' title='bbox 1322 1447 1349 1473; x_wconf 79' lang='grc' dir='ltr'>δὲ</span> <span class='ocrx_word' id='word_1_601' title='bbox 1370 1445 1501 1480; x_wconf 77' lang='grc' dir='ltr'>ἄρχεσθαι</span> <span class='ocrx_word' id='word_1_602' title='bbox 1526 1445 1573 1479; x_wconf 75' lang='grc' dir='ltr'>μὲν</span> <span class='ocrx_word' id='word_1_603' title='bbox 1594 1444 1647 1470; x_wconf 75' lang='grc' dir='ltr'><strong>ἀπὸ</strong></span> <span class='ocrx_word' id='word_1_604' title='bbox 1668 1443 1714 1469; x_wconf 76' lang='grc' dir='ltr'>τοῦ</span> <span class='ocrx_word' id='word_1_605' title='bbox 1737 1443 1884 1477; x_wconf 85' lang='grc' dir='ltr'>Σκορπίου,</span> 
     </span>
    </p>
   </div>
   <div class='ocr_carea' id='block_1_87' title="bbox 1099 1488 1885 1528">
    <p class='ocr_par' dir='ltr' id='par_1_87' title="bbox 1099 1488 1885 1528">
     <span class='ocr_line' id='line_1_87' title="bbox 1099 1488 1885 1528; baseline -0.006 -9"><span class='ocrx_word' id='word_1_606' title='bbox 1099 1494 1190 1528; x_wconf 74' lang='grc' dir='ltr'>λήγειν</span> <span class='ocrx_word' id='word_1_607' title='bbox 1203 1493 1230 1520; x_wconf 78' lang='grc' dir='ltr'>δὲ</span> <span class='ocrx_word' id='word_1_608' title='bbox 1245 1494 1290 1518; x_wconf 70' lang='grc' dir='ltr'><strong>ἐπὶ</strong></span> <span class='ocrx_word' id='word_1_609' title='bbox 1301 1492 1345 1518; x_wconf 73' lang='grc' dir='ltr'>τὸν</span> <span class='ocrx_word' id='word_1_610' title='bbox 1364 1492 1513 1527; x_wconf 80' lang='grc' dir='ltr'>Ὑδροχόον,</span> <span class='ocrx_word' id='word_1_611' title='bbox 1531 1488 1568 1517; x_wconf 81' lang='grc' dir='ltr'>ὧν</span> <span class='ocrx_word' id='word_1_612' title='bbox 1584 1499 1638 1516; x_wconf 83' lang='grc' dir='ltr'>τισι</span> <span class='ocrx_word' id='word_1_613' title='bbox 1652 1490 1699 1516; x_wconf 74' lang='grc' dir='ltr'>καὶ</span> <span class='ocrx_word' id='word_1_614' title='bbox 1713 1490 1744 1515; x_wconf 82' lang='grc' dir='ltr'>σὺ</span> <span class='ocrx_word' id='word_1_615' title='bbox 1762 1489 1885 1524; x_wconf 81' lang='grc' dir='ltr'>παρατέ-</span> 
     </span>
    </p>
   </div>
   <div class='ocr_carea' id='block_1_88' title="bbox 1098 1536 1884 1574">
    <p class='ocr_par' dir='ltr' id='par_1_88' title="bbox 1098 1536 1884 1574">
     <span class='ocr_line' id='line_1_88' title="bbox 1098 1536 1884 1574; baseline -0.004 -9"><span class='ocrx_word' id='word_1_616' title='bbox 1098 1548 1195 1574; x_wconf 79' lang='grc' dir='ltr'>τευχας</span> <span class='ocrx_word' id='word_1_617' title='bbox 1217 1538 1400 1573; x_wconf 73' lang='grc' dir='ltr'>ἐλεγχομένοις</span> <span class='ocrx_word' id='word_1_618' title='bbox 1422 1539 1464 1571; x_wconf 77' lang='grc' dir='ltr'><strong>ὑφ’</strong></span> <span class='ocrx_word' id='word_1_619' title='bbox 1485 1538 1572 1572; x_wconf 78' lang='grc' dir='ltr'>ἡμῶν,</span> <span class='ocrx_word' id='word_1_620' title='bbox 1590 1537 1636 1563; x_wconf 70' lang='grc' dir='ltr'>καὶ</span> <span class='ocrx_word' id='word_1_621' title='bbox 1654 1536 1884 1571; x_wconf 79' lang='grc' dir='ltr'>μετατιθεμένοις.</span> 
     </span>
    </p>
   </div>
   <div class='ocr_carea' id='block_1_89' title="bbox 1099 1582 1886 1618">
    <p class='ocr_par' dir='ltr' id='par_1_89' title="bbox 1099 1582 1886 1618">
     <span class='ocr_line' id='line_1_89' title="bbox 1099 1582 1886 1618; baseline -0.004 -8"><span class='ocrx_word' id='word_1_622' title='bbox 1099 1585 1220 1611; x_wconf 73' lang='grc' dir='ltr'>Καθόλου</span> <span class='ocrx_word' id='word_1_623' title='bbox 1240 1584 1267 1610; x_wconf 79' lang='grc' dir='ltr'>δὲ</span> <span class='ocrx_word' id='word_1_624' title='bbox 1290 1584 1337 1610; x_wconf 73' lang='grc' dir='ltr'>καὶ</span> <span class='ocrx_word' id='word_1_625' title='bbox 1357 1583 1402 1609; x_wconf 78' lang='grc' dir='ltr'>τοῦ</span> <span class='ocrx_word' id='word_1_626' title='bbox 1424 1584 1585 1618; x_wconf 75' lang='grc' dir='ltr'>φαινομένου</span> <span class='ocrx_word' id='word_1_627' title='bbox 1600 1583 1678 1609; x_wconf 76' lang='grc' dir='ltr'>τοῦτο</span> <span class='ocrx_word' id='word_1_628' title='bbox 1695 1582 1886 1613; x_wconf 70' lang='grc' dir='ltr'>συνιστῶντος,</span> 
     </span>
    </p>
   </div>
   <div class='ocr_carea' id='block_1_90' title="bbox 1100 1628 1887 1666">
    <p class='ocr_par' dir='ltr' id='par_1_90' title="bbox 1100 1628 1887 1666">
     <span class='ocr_line' id='line_1_90' title="bbox 1100 1628 1887 1666; baseline -0.003 -10"><span class='ocrx_word' id='word_1_629' title='bbox 1100 1631 1147 1657; x_wconf 67' lang='grc' dir='ltr'>καὶ</span> <span class='ocrx_word' id='word_1_630' title='bbox 1159 1630 1205 1656; x_wconf 83' lang='grc' dir='ltr'>τοῦ</span> <span class='ocrx_word' id='word_1_631' title='bbox 1221 1630 1332 1666; x_wconf 78' lang='grc' dir='ltr'>ποιητοῦ</span> <span class='ocrx_word' id='word_1_632' title='bbox 1349 1630 1439 1663; x_wconf 71' lang='grc' dir='ltr'>σαφῶς</span> <span class='ocrx_word' id='word_1_633' title='bbox 1456 1630 1589 1664; x_wconf 79' lang='grc' dir='ltr'>λέγοντος,</span> <span class='ocrx_word' id='word_1_634' title='bbox 1604 1630 1644 1655; x_wconf 81' lang='grc' dir='ltr'>ὅτι</span> <span class='ocrx_word' id='word_1_635' title='bbox 1662 1629 1721 1660; x_wconf 77' lang='grc' dir='ltr'>ὅλος</span> <span class='ocrx_word' id='word_1_636' title='bbox 1745 1628 1794 1663; x_wconf 86' lang='grc' dir='ltr'>μὲν</span> <span class='ocrx_word' id='word_1_637' title='bbox 1810 1628 1887 1654; x_wconf 71' lang='grc' dir='ltr'>δεδυο</span> 
     </span>
    </p>
   </div>
   <div class='ocr_carea' id='block_1_91' title="bbox 1100 1673 1886 1710">
    <p class='ocr_par' dir='ltr' id='par_1_91' title="bbox 1100 1673 1886 1710">
     <span class='ocr_line' id='line_1_91' title="bbox 1100 1673 1886 1710; baseline -0.005 -8"><span class='ocrx_word' id='word_1_638' title='bbox 1100 1676 1155 1707; x_wconf 74' lang='grc' dir='ltr'>κὼς</span> <span class='ocrx_word' id='word_1_639' title='bbox 1169 1676 1282 1709; x_wconf 79' lang='grc' dir='ltr'>γίνεται,</span> <span class='ocrx_word' id='word_1_640' title='bbox 1300 1675 1411 1706; x_wconf 78' lang='grc' dir='ltr'>Λέοντος</span> <span class='ocrx_word' id='word_1_641' title='bbox 1427 1674 1494 1710; x_wconf 80' lang='grc' dir='ltr'>πρὸς</span> <span class='ocrx_word' id='word_1_642' title='bbox 1514 1674 1643 1705; x_wconf 81' lang='grc' dir='ltr'>ἀνατολὰς</span> <span class='ocrx_word' id='word_1_643' title='bbox 1662 1673 1752 1704; x_wconf 67' lang='grc' dir='ltr'>ὄντος·</span> <span class='ocrx_word' id='word_1_644' title='bbox 1772 1673 1886 1708; x_wconf 81' lang='grc' dir='ltr'>ἄρχεται</span> 
     </span>
    </p>
   </div>
   <div class='ocr_carea' id='block_1_92' title="bbox 1099 1719 1886 1756">
    <p class='ocr_par' dir='ltr' id='par_1_92' title="bbox 1099 1719 1886 1756">
     <span class='ocr_line' id='line_1_92' title="bbox 1099 1719 1886 1756; baseline -0.004 -8"><span class='ocrx_word' id='word_1_645' title='bbox 1099 1723 1126 1749; x_wconf 87' lang='grc' dir='ltr'>δὲ</span> <span class='ocrx_word' id='word_1_646' title='bbox 1143 1723 1262 1753; x_wconf 78' lang='grc' dir='ltr'>δύεσθαι,</span> <span class='ocrx_word' id='word_1_647' title='bbox 1281 1723 1318 1748; x_wconf 78' lang='grc' dir='ltr'><strong>ὅτ’</strong></span> <span class='ocrx_word' id='word_1_648' title='bbox 1335 1723 1367 1748; x_wconf 83' lang='grc' dir='ltr'>ἂν</span> <span class='ocrx_word' id='word_1_649' title='bbox 1382 1722 1395 1747; x_wconf 77' lang='grc' dir='ltr'><strong><em>ὁ</em></strong></span> <span class='ocrx_word' id='word_1_650' title='bbox 1409 1721 1514 1756; x_wconf 76' lang='grc' dir='ltr'>Ταῦρος</span> <span class='ocrx_word' id='word_1_651' title='bbox 1530 1721 1612 1756; x_wconf 79' lang='grc' dir='ltr'>μέλλῃ</span> <span class='ocrx_word' id='word_1_652' title='bbox 1628 1720 1794 1747; x_wconf 81' lang='grc' dir='ltr'>ἀνατέλλειν·</span> <span class='ocrx_word' id='word_1_653' title='bbox 1811 1719 1840 1746; x_wconf 80' lang='grc' dir='ltr'>τὸ</span> <span class='ocrx_word' id='word_1_654' title='bbox 1856 1719 1886 1746; x_wconf 83' lang='grc' dir='ltr'>δὲ</span> 
     </span>
    </p>
   </div>
   <div class='ocr_carea' id='block_1_93' title="bbox 1100 1766 1886 1803">
    <p class='ocr_par' dir='ltr' id='par_1_93' title="bbox 1100 1766 1886 1803">
     <span class='ocr_line' id='line_1_93' title="bbox 1100 1766 1886 1803; baseline -0.004 -8"><span class='ocrx_word' id='word_1_655' title='bbox 1100 1769 1170 1795; x_wconf 76' lang='grc' dir='ltr'>κατὰ</span> <span class='ocrx_word' id='word_1_656' title='bbox 1191 1769 1335 1803; x_wconf 85' lang='grc' dir='ltr'>διάμετρον</span> <span class='ocrx_word' id='word_1_657' title='bbox 1356 1768 1437 1794; x_wconf 68' lang='grc' dir='ltr'>αὑτοῦ</span> <span class='ocrx_word' id='word_1_658' title='bbox 1455 1768 1579 1802; x_wconf 79' lang='grc' dir='ltr'>κείμενον</span> <span class='ocrx_word' id='word_1_659' title='bbox 1603 1767 1697 1798; x_wconf 74' lang='grc' dir='ltr'>ζώδιον</span> <span class='ocrx_word' id='word_1_660' title='bbox 1719 1767 1733 1792; x_wconf 83' lang='grc' dir='ltr'>ὁ</span> <span class='ocrx_word' id='word_1_661' title='bbox 1752 1766 1886 1802; x_wconf 80' lang='grc' dir='ltr'>Σκορπίος</span> 
     </span>
    </p>
   </div>
   <div class='ocr_carea' id='block_1_94' title="bbox 1100 1813 1887 1850">
    <p class='ocr_par' dir='ltr' id='par_1_94' title="bbox 1100 1813 1887 1850">
     <span class='ocr_line' id='line_1_94' title="bbox 1100 1813 1887 1850; baseline -0.003 -10"><span class='ocrx_word' id='word_1_662' title='bbox 1100 1815 1167 1850; x_wconf 77' lang='grc' dir='ltr'>πρὸς</span> <span class='ocrx_word' id='word_1_663' title='bbox 1179 1817 1212 1850; x_wconf 84' lang='grc' dir='ltr'>τῇ</span> <span class='ocrx_word' id='word_1_664' title='bbox 1230 1815 1304 1841; x_wconf 77' lang='grc' dir='ltr'>δύσει</span> <span class='ocrx_word' id='word_1_665' title='bbox 1319 1815 1462 1849; x_wconf 73' lang='grc' dir='ltr'>ὑπάρχων·</span> <span class='ocrx_word' id='word_1_666' title='bbox 1480 1815 1507 1840; x_wconf 84' lang='grc' dir='ltr'>αἱ</span> <span class='ocrx_word' id='word_1_667' title='bbox 1526 1814 1553 1840; x_wconf 75' lang='grc' dir='ltr'>δὲ</span> <span class='ocrx_word' id='word_1_668' title='bbox 1574 1814 1660 1848; x_wconf 72' lang='grc' dir='ltr'>Χηλαὶ</span> <span class='ocrx_word' id='word_1_669' title='bbox 1676 1813 1776 1848; x_wconf 82' lang='grc' dir='ltr'><strong>ἀρτίως</strong></span> <span class='ocrx_word' id='word_1_670' title='bbox 1789 1820 1887 1839; x_wconf 82' lang='grc' dir='ltr'>κατεν-</span> 
     </span>
    </p>
   </div>
   <div class='ocr_carea' id='block_1_95' title="bbox 1100 1857 1886 1896">
    <p class='ocr_par' dir='ltr' id='par_1_95' title="bbox 1100 1857 1886 1896">
     <span class='ocr_line' id='line_1_95' title="bbox 1100 1857 1886 1896; baseline -0.006 -9"><span class='ocrx_word' id='word_1_671' title='bbox 1100 1861 1246 1896; x_wconf 73' lang='grc' dir='ltr'>ηνεγμέναι</span> <span class='ocrx_word' id='word_1_672' title='bbox 1269 1858 1344 1891; x_wconf 75' lang='grc' dir='ltr'>ὦσιν,</span> <span class='ocrx_word' id='word_1_673' title='bbox 1368 1857 1411 1891; x_wconf 74' lang='grc' dir='ltr'>αἶς</span> <span class='ocrx_word' id='word_1_674' title='bbox 1430 1859 1487 1894; x_wconf 74' lang='grc' dir='ltr'>ἃμα</span> <span class='ocrx_word' id='word_1_675' title='bbox 1501 1858 1755 1893; x_wconf 78' lang='grc' dir='ltr'>συγκαταφέρεσθαι</span> <span class='ocrx_word' id='word_1_676' title='bbox 1772 1857 1886 1892; x_wconf 81' lang='grc' dir='ltr'>ἄρχεται</span> 
     </span>
    </p>
   </div>
   <div class='ocr_carea' id='block_1_96' title="bbox 1100 1903 1888 1942">
    <p class='ocr_par' dir='ltr' id='par_1_96' title="bbox 1100 1903 1888 1942">
     <span class='ocr_line' id='line_1_96' title="bbox 1100 1903 1888 1942; baseline -0.006 -8"><span class='ocrx_word' id='word_1_677' title='bbox 1100 1908 1113 1934; x_wconf 85' lang='grc' dir='ltr'>ὁ</span> <span class='ocrx_word' id='word_1_678' title='bbox 1131 1907 1325 1942; x_wconf 75' lang='grc' dir='ltr'>Ἀρκτοφύλαξ,</span> <span class='ocrx_word' id='word_1_679' title='bbox 1343 1906 1458 1941; x_wconf 76' lang='grc' dir='ltr'>φανερὸν</span> <span class='ocrx_word' id='word_1_680' title='bbox 1473 1904 1541 1931; x_wconf 85' lang='grc' dir='ltr'>εἶναι</span> <span class='ocrx_word' id='word_1_681' title='bbox 1554 1905 1666 1940; x_wconf 69' lang='grc' dir='ltr'>νομίζω,</span> <span class='ocrx_word' id='word_1_682' title='bbox 1679 1904 1746 1930; x_wconf 88' lang='grc' dir='ltr'>διότι</span> <span class='ocrx_word' id='word_1_683' title='bbox 1764 1905 1827 1935; x_wconf 82' lang='grc' dir='ltr'>τοὺς</span> <span class='ocrx_word' id='word_1_684' title='bbox 1839 1903 1888 1930; x_wconf 58' lang='lat' dir='ltr'><strong>ﬁv-</strong></span> 
     </span>
    </p>
   </div>
   <div class='ocr_carea' id='block_1_97' title="bbox 1099 1946 1886 1988">
    <p class='ocr_par' dir='ltr' id='par_1_97' title="bbox 1099 1946 1886 1988">
     <span class='ocr_line' id='line_1_97' title="bbox 1099 1946 1886 1988; baseline -0.006 -9"><span class='ocrx_word' id='word_1_685' title='bbox 1099 1953 1267 1986; x_wconf 80' lang='grc' dir='ltr'>τιδοξοῦντας</span> <span class='ocrx_word' id='word_1_686' title='bbox 1283 1954 1348 1988; x_wconf 79' lang='grc' dir='ltr'>ἡμῖν</span> <span class='ocrx_word' id='word_1_687' title='bbox 1366 1953 1428 1987; x_wconf 74' lang='grc' dir='ltr'>περὶ</span> <span class='ocrx_word' id='word_1_688' title='bbox 1444 1951 1537 1978; x_wconf 73' lang='grc' dir='ltr'>τούτου</span> <span class='ocrx_word' id='word_1_689' title='bbox 1553 1949 1692 1981; x_wconf 76' lang='grc' dir='ltr'>παντελῶς</span> <span class='ocrx_word' id='word_1_690' title='bbox 1703 1949 1833 1985; x_wconf 76' lang='grc' dir='ltr'>ἀπείρους</span> <span class='ocrx_word' id='word_1_691' title='bbox 1844 1946 1886 1975; x_wconf 78' lang='grc' dir='ltr'><strong>εἷ-</strong></span> 
     </span>
    </p>
   </div>
   <div class='ocr_carea' id='block_1_98' title="bbox 1100 1997 1627 2033">
    <p class='ocr_par' dir='ltr' id='par_1_98' title="bbox 1100 1997 1627 2033">
     <span class='ocr_line' id='line_1_98' title="bbox 1100 1997 1627 2033; baseline -0.009 -7"><span class='ocrx_word' id='word_1_692' title='bbox 1100 2007 1143 2032; x_wconf 83' lang='grc' dir='ltr'><strong>ναι</strong></span> <span class='ocrx_word' id='word_1_693' title='bbox 1159 1999 1212 2025; x_wconf 84' lang='grc' dir='ltr'>τῶν</span> <span class='ocrx_word' id='word_1_694' title='bbox 1226 1998 1394 2033; x_wconf 77' lang='grc' dir='ltr'>φαινομένων</span> <span class='ocrx_word' id='word_1_695' title='bbox 1413 1997 1594 2032; x_wconf 73' lang='grc' dir='ltr'>συμῆἐϐηκεν.</span> <span class='ocrx_word' id='word_1_696' title='bbox 1619 2006 1627 2021; x_wconf 81' lang='grc' dir='ltr'><strong>ι</strong></span> 
     </span>
    </p>
   </div>
   <div class='ocr_carea' id='block_1_99' title="bbox 1115 2040 1885 2079">
    <p class='ocr_par' dir='ltr' id='par_1_99' title="bbox 1115 2040 1885 2079">
     <span class='ocr_line' id='line_1_99' title="bbox 1115 2040 1885 2079; baseline -0.006 -8"><span class='ocrx_word' id='word_1_697' title='bbox 1115 2044 1231 2075; x_wconf 80' lang='grc' dir='ltr'>ιΚαλῶς</span> <span class='ocrx_word' id='word_1_698' title='bbox 1255 2045 1304 2079; x_wconf 79' lang='grc' dir='ltr'>μὲν</span> <span class='ocrx_word' id='word_1_699' title='bbox 1323 2042 1369 2070; x_wconf 74' lang='grc' dir='ltr'><strong>οὖν</strong></span> <span class='ocrx_word' id='word_1_700' title='bbox 1386 2042 1467 2078; x_wconf 72' lang='grc' dir='ltr'>εἶχεν.</span> <span class='ocrx_word' id='word_1_701' title='bbox 1490 2044 1513 2069; x_wconf 77' lang='grc' dir='ltr'>εἰ</span> <span class='ocrx_word' id='word_1_702' title='bbox 1535 2042 1572 2077; x_wconf 84' lang='grc' dir='ltr'>μὴ</span> <span class='ocrx_word' id='word_1_703' title='bbox 1588 2042 1676 2076; x_wconf 84' lang='grc' dir='ltr'>μόνον,</span> <span class='ocrx_word' id='word_1_704' title='bbox 1699 2040 1885 2075; x_wconf 80' lang='grc' dir='ltr'>ἀναποδείκτῳ</span> 
     </span>
    </p>
   </div>
   <div class='ocr_carea' id='block_1_100' title="bbox 1100 2086 1884 2126">
    <p class='ocr_par' dir='ltr' id='par_1_100' title="bbox 1100 2086 1884 2126">
     <span class='ocr_line' id='line_1_100' title="bbox 1100 2086 1884 2126; baseline -0.008 -8"><span class='ocrx_word' id='word_1_705' title='bbox 1100 2091 1181 2125; x_wconf 79' lang='grc' dir='ltr'>φάσει</span> <span class='ocrx_word' id='word_1_706' title='bbox 1194 2090 1342 2126; x_wconf 86' lang='grc' dir='ltr'>χρώμενος,</span> <span class='ocrx_word' id='word_1_707' title='bbox 1357 2090 1432 2123; x_wconf 73' lang='grc' dir='ltr'>ἔλεγε</span> <span class='ocrx_word' id='word_1_708' title='bbox 1445 2090 1507 2120; x_wconf 77' lang='grc' dir='ltr'>τοὺς</span> <span class='ocrx_word' id='word_1_709' title='bbox 1525 2087 1725 2119; x_wconf 80' lang='grc' dir='ltr'>ἁντιδοξοῦντας</span> <span class='ocrx_word' id='word_1_710' title='bbox 1738 2086 1884 2122; x_wconf 71' lang='grc' dir='ltr'>ἐλεγχομέ-</span> 
     </span>
    </p>
   </div>
   <div class='ocr_carea' id='block_1_101' title="bbox 1100 2133 1885 2171">
    <p class='ocr_par' dir='ltr' id='par_1_101' title="bbox 1100 2133 1885 2171">
     <span class='ocr_line' id='line_1_101' title="bbox 1100 2133 1885 2171; baseline -0.006 -7"><span class='ocrx_word' id='word_1_711' title='bbox 1100 2147 1160 2169; x_wconf 77' lang='grc' dir='ltr'>νους</span> <span class='ocrx_word' id='word_1_712' title='bbox 1170 2138 1214 2164; x_wconf 75' lang='grc' dir='ltr'><strong>ὑπ’</strong></span> <span class='ocrx_word' id='word_1_713' title='bbox 1229 2136 1311 2164; x_wconf 82' lang='grc' dir='ltr'>αὑτοῦ</span> <span class='ocrx_word' id='word_1_714' title='bbox 1326 2135 1526 2171; x_wconf 78' lang='grc' dir='ltr'>μετατίθεσθαι,</span> <span class='ocrx_word' id='word_1_715' title='bbox 1536 2134 1602 2161; x_wconf 77' lang='grc' dir='ltr'>ἀλλὰ</span> <span class='ocrx_word' id='word_1_716' title='bbox 1612 2134 1658 2160; x_wconf 79' lang='grc' dir='ltr'>καὶ</span> <span class='ocrx_word' id='word_1_717' title='bbox 1670 2134 1716 2160; x_wconf 78' lang='grc' dir='ltr'>νῦν</span> <span class='ocrx_word' id='word_1_718' title='bbox 1730 2133 1885 2169; x_wconf 78' lang='grc' dir='ltr'>ἐγγραπτον</span> 
     </span>
    </p>
   </div>
   <div class='ocr_carea' id='block_1_102' title="bbox 1100 2179 1885 2219">
    <p class='ocr_par' dir='ltr' id='par_1_102' title="bbox 1100 2179 1885 2219">
     <span class='ocr_line' id='line_1_102' title="bbox 1100 2179 1885 2219; baseline -0.006 -8"><span class='ocrx_word' id='word_1_719' title='bbox 1100 2184 1183 2211; x_wconf 77' lang='grc' dir='ltr'>ἐτίθει</span> <span class='ocrx_word' id='word_1_720' title='bbox 1199 2184 1247 2219; x_wconf 82' lang='grc' dir='ltr'>τὴν</span> <span class='ocrx_word' id='word_1_721' title='bbox 1264 2183 1414 2215; x_wconf 67' lang='grc' dir='ltr'>ἀπόδειξιν·</span> <span class='ocrx_word' id='word_1_722' title='bbox 1435 2182 1478 2207; x_wconf 81' lang='grc' dir='ltr'>ἵνα</span> <span class='ocrx_word' id='word_1_723' title='bbox 1500 2182 1546 2207; x_wconf 74' lang='grc' dir='ltr'>καὶ</span> <span class='ocrx_word' id='word_1_724' title='bbox 1565 2182 1588 2208; x_wconf 80' lang='grc' dir='ltr'>οξ</span> <span class='ocrx_word' id='word_1_725' title='bbox 1606 2181 1691 2208; x_wconf 68' lang='grc' dir='ltr'>λοιποὶ</span> <span class='ocrx_word' id='word_1_726' title='bbox 1706 2180 1759 2206; x_wconf 81' lang='grc' dir='ltr'>τῶν</span> <span class='ocrx_word' id='word_1_727' title='bbox 1782 2179 1885 2206; x_wconf 83' lang='grc' dir='ltr'>ἀντιδο-</span> 
     </span>
    </p>
   </div>
   <div class='ocr_carea' id='block_1_103' title="bbox 1101 2226 1885 2263">
    <p class='ocr_par' dir='ltr' id='par_1_103' title="bbox 1101 2226 1885 2263">
     <span class='ocr_line' id='line_1_103' title="bbox 1101 2226 1885 2263; baseline -0.009 -7"><span class='ocrx_word' id='word_1_728' title='bbox 1101 2230 1217 2263; x_wconf 82' lang='grc' dir='ltr'>ξούντων</span> <span class='ocrx_word' id='word_1_729' title='bbox 1230 2228 1386 2258; x_wconf 79' lang='grc' dir='ltr'>πεισθῶσιν,</span> <span class='ocrx_word' id='word_1_730' title='bbox 1404 2227 1444 2253; x_wconf 78' lang='grc' dir='ltr'>ὅτι</span> <span class='ocrx_word' id='word_1_731' title='bbox 1464 2228 1524 2257; x_wconf 83' lang='grc' dir='ltr'>ταῖς</span> <span class='ocrx_word' id='word_1_732' title='bbox 1544 2226 1646 2260; x_wconf 80' lang='grc' dir='ltr'>Χηλαῐς</span> <span class='ocrx_word' id='word_1_733' title='bbox 1658 2226 1770 2260; x_wconf 83' lang='grc' dir='ltr'>ἄρχεται</span> <span class='ocrx_word' id='word_1_734' title='bbox 1784 2233 1885 2258; x_wconf 80' lang='grc' dir='ltr'>συγκα-</span> 
     </span>
    </p>
   </div>
   <div class='ocr_carea' id='block_1_104' title="bbox 1100 2268 1885 2308">
    <p class='ocr_par' dir='ltr' id='par_1_104' title="bbox 1100 2268 1885 2308">
     <span class='ocr_line' id='line_1_104' title="bbox 1100 2268 1885 2308; baseline -0.01 -5"><span class='ocrx_word' id='word_1_735' title='bbox 1100 2276 1232 2307; x_wconf 79' lang='grc' dir='ltr'>ταδύνειν,</span> <span class='ocrx_word' id='word_1_736' title='bbox 1248 2275 1293 2301; x_wconf 74' lang='grc' dir='ltr'>καὶ</span> <span class='ocrx_word' id='word_1_737' title='bbox 1306 2274 1336 2300; x_wconf 82' lang='grc' dir='ltr'>οὺ</span> <span class='ocrx_word' id='word_1_738' title='bbox 1349 2273 1386 2308; x_wconf 79' lang='grc' dir='ltr'>τῷ</span> <span class='ocrx_word' id='word_1_739' title='bbox 1400 2273 1540 2307; x_wconf 85' lang='grc' dir='ltr'>Σκορπίῳ·</span> <span class='ocrx_word' id='word_1_740' title='bbox 1557 2272 1625 2306; x_wconf 83' lang='grc' dir='ltr'>πλὴν</span> <span class='ocrx_word' id='word_1_741' title='bbox 1638 2271 1698 2296; x_wconf 71' lang='grc' dir='ltr'>ἐπεὶ</span> <span class='ocrx_word' id='word_1_742' title='bbox 1711 2268 1787 2302; x_wconf 74' lang='grc' dir='ltr'>οὗτος</span> <span class='ocrx_word' id='word_1_743' title='bbox 1800 2277 1885 2304; x_wconf 71' lang='grc' dir='ltr'>παραν-</span> 
     </span>
    </p>
   </div>
   <div class='ocr_carea' id='block_1_105' title="bbox 1100 2314 1885 2354">
    <p class='ocr_par' dir='ltr' id='par_1_105' title="bbox 1100 2314 1885 2354">
     <span class='ocr_line' id='line_1_105' title="bbox 1100 2314 1885 2354; baseline -0.01 -6"><span class='ocrx_word' id='word_1_744' title='bbox 1100 2322 1232 2352; x_wconf 84' lang='grc' dir='ltr'>λέλοιπεν,</span> <span class='ocrx_word' id='word_1_745' title='bbox 1245 2320 1295 2346; x_wconf 79' lang='grc' dir='ltr'>οὑκ</span> <span class='ocrx_word' id='word_1_746' title='bbox 1310 2320 1443 2354; x_wconf 81' lang='grc' dir='ltr'>ἄχρηστον</span> <span class='ocrx_word' id='word_1_747' title='bbox 1460 2317 1491 2344; x_wconf 85' lang='grc' dir='ltr'>ἂν</span> <span class='ocrx_word' id='word_1_748' title='bbox 1510 2318 1551 2351; x_wconf 75' lang='grc' dir='ltr'>εἴη</span> <span class='ocrx_word' id='word_1_749' title='bbox 1567 2317 1610 2343; x_wconf 80' lang='grc' dir='ltr'>διὰ</span> <span class='ocrx_word' id='word_1_750' title='bbox 1625 2316 1747 2351; x_wconf 80' lang='grc' dir='ltr'>βραχέων</span> <span class='ocrx_word' id='word_1_751' title='bbox 1761 2314 1885 2350; x_wconf 83' lang='grc' dir='ltr'>ὑπομνῆ-</span> 
     </span>
    </p>
   </div>
   <div class='ocr_carea' id='block_1_106' title="bbox 1101 2360 1885 2399">
    <p class='ocr_par' dir='ltr' id='par_1_106' title="bbox 1101 2360 1885 2399">
     <span class='ocr_line' id='line_1_106' title="bbox 1101 2360 1885 2399; baseline -0.011 -4"><span class='ocrx_word' id='word_1_752' title='bbox 1101 2377 1156 2399; x_wconf 86' lang='grc' dir='ltr'>σαι,</span> <span class='ocrx_word' id='word_1_753' title='bbox 1173 2368 1205 2393; x_wconf 81' lang='grc' dir='ltr'>δι’</span> <span class='ocrx_word' id='word_1_754' title='bbox 1228 2363 1265 2392; x_wconf 83' lang='grc' dir='ltr'>ὧν</span> <span class='ocrx_word' id='word_1_755' title='bbox 1287 2365 1435 2399; x_wconf 81' lang='grc' dir='ltr'>πειθόμεθα</span> <span class='ocrx_word' id='word_1_756' title='bbox 1451 2363 1490 2398; x_wconf 81' lang='grc' dir='ltr'>τῷ</span> <span class='ocrx_word' id='word_1_757' title='bbox 1514 2363 1638 2399; x_wconf 84' lang='grc' dir='ltr'>Σκορπίῳ</span> <span class='ocrx_word' id='word_1_758' title='bbox 1664 2361 1779 2396; x_wconf 80' lang='grc' dir='ltr'>πρώτως</span> <span class='ocrx_word' id='word_1_759' title='bbox 1803 2360 1885 2387; x_wconf 79' lang='grc' dir='ltr'>αὑτὸν</span> 
     </span>
    </p>
   </div>
   <div class='ocr_carea' id='block_1_107' title="bbox 1102 2406 1884 2448">
    <p class='ocr_par' dir='ltr' id='par_1_107' title="bbox 1102 2406 1884 2448">
     <span class='ocr_line' id='line_1_107' title="bbox 1102 2406 1884 2448; baseline -0.012 -7"><span class='ocrx_word' id='word_1_760' title='bbox 1102 2412 1322 2448; x_wconf 80' lang='grc' dir='ltr'>συγκαταδύνειν.</span> <span class='ocrx_word' id='word_1_761' title='bbox 1340 2410 1392 2437; x_wconf 81' lang='grc' dir='ltr'><strong>Τὸν</strong></span> <span class='ocrx_word' id='word_1_762' title='bbox 1414 2409 1461 2444; x_wconf 75' lang='grc' dir='ltr'>μὲν</span> <span class='ocrx_word' id='word_1_763' title='bbox 1474 2409 1528 2443; x_wconf 78' lang='grc' dir='ltr'>γὰρ</span> <span class='ocrx_word' id='word_1_764' title='bbox 1551 2409 1597 2434; x_wconf 77' lang='grc' dir='ltr'><strong>ἐπὶ</strong></span> <span class='ocrx_word' id='word_1_765' title='bbox 1611 2407 1701 2433; x_wconf 87' lang='grc' dir='ltr'>πλεῖον</span> <span class='ocrx_word' id='word_1_766' title='bbox 1723 2407 1785 2442; x_wconf 73' lang='grc' dir='ltr'>περὶ</span> <span class='ocrx_word' id='word_1_767' title='bbox 1801 2406 1884 2433; x_wconf 81' lang='grc' dir='ltr'>αὐτοῦ</span> 
     </span>
    </p>
   </div>
   <div class='ocr_carea' id='block_1_108' title="bbox 1100 2453 1886 2495">
    <p class='ocr_par' dir='ltr' id='par_1_108' title="bbox 1100 2453 1886 2495">
     <span class='ocr_line' id='line_1_108' title="bbox 1100 2453 1886 2495; baseline -0.011 -8"><span class='ocrx_word' id='word_1_768' title='bbox 1100 2461 1176 2495; x_wconf 78' lang='grc' dir='ltr'>λόγον</span> <span class='ocrx_word' id='word_1_769' title='bbox 1190 2461 1217 2485; x_wconf 79' lang='grc' dir='ltr'>ὲν</span> <span class='ocrx_word' id='word_1_770' title='bbox 1231 2460 1262 2493; x_wconf 77' lang='grc' dir='ltr'>τῇ</span> <span class='ocrx_word' id='word_1_771' title='bbox 1275 2457 1327 2484; x_wconf 83' lang='grc' dir='ltr'>τῶν</span> <span class='ocrx_word' id='word_1_772' title='bbox 1348 2455 1530 2482; x_wconf 80' lang='grc' dir='ltr'>συνανατολῶν</span> <span class='ocrx_word' id='word_1_773' title='bbox 1543 2453 1716 2489; x_wconf 71' lang='grc' dir='ltr'>πραγματείᾳ</span> <span class='ocrx_word' id='word_1_774' title='bbox 1729 2461 1886 2487; x_wconf 63' lang='grc' dir='ltr'>κατακεχωτ</span> 
     </span>
    </p>
   </div>
   <div class='ocr_carea' id='block_1_109' title="bbox 1102 2497 1884 2541">
    <p class='ocr_par' dir='ltr' id='par_1_109' title="bbox 1102 2497 1884 2541">
     <span class='ocr_line' id='line_1_109' title="bbox 1102 2497 1884 2541; baseline -0.013 -9"><span class='ocrx_word' id='word_1_775' title='bbox 1102 2506 1233 2541; x_wconf 86' lang='grc' dir='ltr'>ρίκαμεν·</span> <span class='ocrx_word' id='word_1_776' title='bbox 1250 2501 1361 2528; x_wconf 77' lang='grc' dir='ltr'>νοείσθω</span> <span class='ocrx_word' id='word_1_777' title='bbox 1382 2500 1409 2526; x_wconf 77' lang='grc' dir='ltr'>δὲ</span> <span class='ocrx_word' id='word_1_778' title='bbox 1428 2500 1475 2526; x_wconf 81' lang='grc' dir='ltr'>νῦν</span> <span class='ocrx_word' id='word_1_779' title='bbox 1493 2499 1537 2525; x_wconf 71' lang='grc' dir='ltr'><strong>ἐπὶ</strong></span> <span class='ocrx_word' id='word_1_780' title='bbox 1551 2498 1597 2524; x_wconf 77' lang='grc' dir='ltr'>τοῦ</span> <span class='ocrx_word' id='word_1_781' title='bbox 1618 2498 1752 2533; x_wconf 74' lang='grc' dir='ltr'>ὁρίζοντος</span> <span class='ocrx_word' id='word_1_782' title='bbox 1766 2497 1834 2532; x_wconf 79' lang='grc' dir='ltr'>πρὸς</span> <span class='ocrx_word' id='word_1_783' title='bbox 1850 2499 1884 2532; x_wconf 80' lang='grc' dir='ltr'>τῇ</span> 
     </span>
    </p>
   </div>
   <div class='ocr_carea' id='block_1_110' title="bbox 1100 2541 1885 2583">
    <p class='ocr_par' dir='ltr' id='par_1_110' title="bbox 1100 2541 1885 2583">
     <span class='ocr_line' id='line_1_110' title="bbox 1100 2541 1885 2583; baseline -0.013 -6"><span class='ocrx_word' id='word_1_784' title='bbox 1100 2551 1174 2578; x_wconf 85' lang='grc' dir='ltr'>δύσει</span> <span class='ocrx_word' id='word_1_785' title='bbox 1189 2549 1311 2583; x_wconf 83' lang='grc' dir='ltr'>κείμενος</span> <span class='ocrx_word' id='word_1_786' title='bbox 1332 2548 1346 2572; x_wconf 85' lang='grc' dir='ltr'>ὁ</span> <span class='ocrx_word' id='word_1_787' title='bbox 1368 2546 1525 2576; x_wconf 80' lang='grc' dir='ltr'>νοτιώτατος</span> <span class='ocrx_word' id='word_1_788' title='bbox 1539 2544 1627 2579; x_wconf 83' lang='grc' dir='ltr'>ἀστὴρ</span> <span class='ocrx_word' id='word_1_789' title='bbox 1647 2543 1701 2569; x_wconf 81' lang='grc' dir='ltr'>τῶν</span> <span class='ocrx_word' id='word_1_790' title='bbox 1723 2544 1751 2569; x_wconf 79' lang='grc' dir='ltr'>ὲν</span> <span class='ocrx_word' id='word_1_791' title='bbox 1770 2541 1808 2577; x_wconf 83' lang='grc' dir='ltr'>τῷ</span> <span class='ocrx_word' id='word_1_792' title='bbox 1823 2543 1885 2577; x_wconf 81' lang='grc' dir='ltr'>ἀρι-</span> 
     </span>
    </p>
   </div>
   <div class='ocr_carea' id='block_1_111' title="bbox 1103 2586 1887 2631">
    <p class='ocr_par' dir='ltr' id='par_1_111' title="bbox 1103 2586 1887 2631">
     <span class='ocr_line' id='line_1_111' title="bbox 1103 2586 1887 2631; baseline -0.011 -8"><span class='ocrx_word' id='word_1_793' title='bbox 1103 2595 1190 2631; x_wconf 82' lang='grc' dir='ltr'>στερῷ</span> <span class='ocrx_word' id='word_1_794' title='bbox 1208 2595 1266 2621; x_wconf 70' lang='grc' dir='ltr'>ποδὶ</span> <span class='ocrx_word' id='word_1_795' title='bbox 1286 2593 1333 2620; x_wconf 81' lang='grc' dir='ltr'>τοῦ</span> <span class='ocrx_word' id='word_1_796' title='bbox 1350 2592 1586 2627; x_wconf 65' lang='grc' dir='ltr'>Ἀρκτοφύλακοςυ</span> <span class='ocrx_word' id='word_1_797' title='bbox 1599 2589 1667 2616; x_wconf 74' lang='grc' dir='ltr'>Ἀλλ’</span> <span class='ocrx_word' id='word_1_798' title='bbox 1684 2589 1757 2615; x_wconf 76' lang='grc' dir='ltr'>ἐστιν</span> <span class='ocrx_word' id='word_1_799' title='bbox 1773 2586 1850 2620; x_wconf 67' lang='grc' dir='ltr'>οὗτος</span> <span class='ocrx_word' id='word_1_800' title='bbox 1873 2589 1887 2614; x_wconf 86' lang='grc' dir='ltr'>ὁ</span> 
     </span>
    </p>
   </div>
   <div class='ocr_carea' id='block_1_112' title="bbox 1101 2634 1887 2677">
    <p class='ocr_par' dir='ltr' id='par_1_112' title="bbox 1101 2634 1887 2677">
     <span class='ocr_line' id='line_1_112' title="bbox 1101 2634 1887 2677; baseline -0.013 -8"><span class='ocrx_word' id='word_1_801' title='bbox 1101 2642 1190 2677; x_wconf 78' lang='grc' dir='ltr'>ἀστὴρ</span> <span class='ocrx_word' id='word_1_802' title='bbox 1213 2640 1379 2676; x_wconf 80' lang='grc' dir='ltr'>βορειότερος</span> <span class='ocrx_word' id='word_1_803' title='bbox 1399 2638 1445 2664; x_wconf 75' lang='grc' dir='ltr'>τοῦ</span> <span class='ocrx_word' id='word_1_804' title='bbox 1465 2636 1621 2673; x_wconf 80' lang='grc' dir='ltr'>ἰσημερινοῦ</span> <span class='ocrx_word' id='word_1_805' title='bbox 1643 2635 1742 2662; x_wconf 81' lang='grc' dir='ltr'>κύκλου</span> <span class='ocrx_word' id='word_1_806' title='bbox 1768 2635 1823 2670; x_wconf 90' lang='grc' dir='ltr'>μοί.</span> <span class='ocrx_word' id='word_1_807' title='bbox 1845 2634 1887 2666; x_wconf 75' lang='grc' dir='ltr'><strong>κζ’</strong></span> 
     </span>
    </p>
   </div>
   <div class='ocr_carea' id='block_1_113' title="bbox 1102 2680 1888 2722">
    <p class='ocr_par' dir='ltr' id='par_1_113' title="bbox 1102 2680 1888 2722">
     <span class='ocr_line' id='line_1_113' title="bbox 1102 2680 1888 2722; baseline -0.011 -7"><span class='ocrx_word' id='word_1_808' title='bbox 1102 2689 1149 2715; x_wconf 73' lang='grc' dir='ltr'>καὶ</span> <span class='ocrx_word' id='word_1_809' title='bbox 1161 2691 1185 2721; x_wconf 86' lang='grc' dir='ltr'><strong>γ’</strong></span> <span class='ocrx_word' id='word_1_810' title='bbox 1200 2687 1277 2722; x_wconf 76' lang='grc' dir='ltr'>μέρει</span> <span class='ocrx_word' id='word_1_811' title='bbox 1293 2686 1399 2720; x_wconf 84' lang='grc' dir='ltr'>μοίρας,</span> <span class='ocrx_word' id='word_1_812' title='bbox 1414 2684 1475 2710; x_wconf 79' lang='grc' dir='ltr'>οἴων</span> <span class='ocrx_word' id='word_1_813' title='bbox 1489 2684 1561 2709; x_wconf 73' lang='grc' dir='ltr'>ἐστὶν</span> <span class='ocrx_word' id='word_1_814' title='bbox 1577 2683 1591 2708; x_wconf 78' lang='grc' dir='ltr'>ὁ</span> <span class='ocrx_word' id='word_1_815' title='bbox 1603 2682 1647 2709; x_wconf 83' lang='grc' dir='ltr'>διὰ</span> <span class='ocrx_word' id='word_1_816' title='bbox 1667 2682 1721 2708; x_wconf 85' lang='grc' dir='ltr'>τῶν</span> <span class='ocrx_word' id='word_1_817' title='bbox 1736 2681 1825 2707; x_wconf 85' lang='grc' dir='ltr'>πόλων</span> <span class='ocrx_word' id='word_1_818' title='bbox 1839 2680 1888 2706; x_wconf 80' lang='grc' dir='ltr'><strong>κὺ-</strong></span> 
     </span>
    </p>
   </div>
   <div class='ocr_carea' id='block_1_114' title="bbox 1103 2724 1889 2767">
    <p class='ocr_par' dir='ltr' id='par_1_114' title="bbox 1103 2724 1889 2767">
     <span class='ocr_line' id='line_1_114' title="bbox 1103 2724 1889 2767; baseline -0.011 -8"><span class='ocrx_word' id='word_1_819' title='bbox 1103 2733 1164 2764; x_wconf 79' lang='grc' dir='ltr'>κλος</span> <span class='ocrx_word' id='word_1_820' title='bbox 1183 2741 1237 2767; x_wconf 84' lang='grc' dir='ltr'>μοι.</span> <span class='ocrx_word' id='word_1_821' title='bbox 1254 2731 1301 2762; x_wconf 65' lang='grc' dir='ltr'>τε.</span> <span class='ocrx_word' id='word_1_822' title='bbox 1316 2730 1364 2756; x_wconf 83' lang='grc' dir='ltr'>Διὰ</span> <span class='ocrx_word' id='word_1_823' title='bbox 1382 2729 1413 2763; x_wconf 80' lang='grc' dir='ltr'>δὴ</span> <span class='ocrx_word' id='word_1_824' title='bbox 1428 2728 1507 2754; x_wconf 78' lang='grc' dir='ltr'>τοῦτο</span> <span class='ocrx_word' id='word_1_825' title='bbox 1528 2730 1541 2753; x_wconf 79' lang='grc' dir='ltr'>ὁ</span> <span class='ocrx_word' id='word_1_826' title='bbox 1560 2727 1730 2762; x_wconf 67' lang='grc' dir='ltr'>γραφόμενος</span> <span class='ocrx_word' id='word_1_827' title='bbox 1748 2724 1889 2760; x_wconf 84' lang='grc' dir='ltr'>παράλλη-</span> 
     </span>
    </p>
   </div>
   <div class='ocr_carea' id='block_1_115' title="bbox 1102 2770 1889 2813">
    <p class='ocr_par' dir='ltr' id='par_1_115' title="bbox 1102 2770 1889 2813">
     <span class='ocr_line' id='line_1_115' title="bbox 1102 2770 1889 2813; baseline -0.011 -8"><span class='ocrx_word' id='word_1_828' title='bbox 1102 2779 1146 2811; x_wconf 83' lang='grc' dir='ltr'><strong>λος</strong></span> <span class='ocrx_word' id='word_1_829' title='bbox 1158 2778 1197 2813; x_wconf 81' lang='grc' dir='ltr'>τῷ</span> <span class='ocrx_word' id='word_1_830' title='bbox 1212 2776 1359 2812; x_wconf 73' lang='grc' dir='ltr'>ἰσημερινῷ</span> <span class='ocrx_word' id='word_1_831' title='bbox 1372 2775 1468 2805; x_wconf 84' lang='grc' dir='ltr'>κύκλος</span> <span class='ocrx_word' id='word_1_832' title='bbox 1482 2774 1525 2800; x_wconf 82' lang='grc' dir='ltr'><strong>διὰ</strong></span> <span class='ocrx_word' id='word_1_833' title='bbox 1536 2774 1583 2800; x_wconf 80' lang='grc' dir='ltr'>τοῦ</span> <span class='ocrx_word' id='word_1_834' title='bbox 1597 2772 1798 2808; x_wconf 83' lang='grc' dir='ltr'>προειρημένου</span> <span class='ocrx_word' id='word_1_835' title='bbox 1807 2770 1889 2797; x_wconf 80' lang='grc' dir='ltr'>ἀστέ-</span> 
     </span>
    </p>
   </div>
   <div class='ocr_carea' id='block_1_116' title="bbox 1104 2817 1891 2862">
    <p class='ocr_par' dir='ltr' id='par_1_116' title="bbox 1104 2817 1891 2862">
     <span class='ocr_line' id='line_1_116' title="bbox 1104 2817 1891 2862; baseline -0.01 -11"><span class='ocrx_word' id='word_1_836' title='bbox 1104 2834 1149 2862; x_wconf 75' lang='grc' dir='ltr'><strong>ρος</strong></span> <span class='ocrx_word' id='word_1_837' title='bbox 1164 2825 1213 2860; x_wconf 84' lang='grc' dir='ltr'>τὴν</span> <span class='ocrx_word' id='word_1_838' title='bbox 1226 2823 1296 2858; x_wconf 67' lang='grc' dir='ltr'>ὑπὲρ</span> <span class='ocrx_word' id='word_1_839' title='bbox 1310 2823 1361 2857; x_wconf 71' lang='grc' dir='ltr'>γῆς</span> <span class='ocrx_word' id='word_1_840' title='bbox 1373 2821 1546 2858; x_wconf 79' lang='grc' dir='ltr'>περιφέρειαν</span> <span class='ocrx_word' id='word_1_841' title='bbox 1563 2819 1614 2854; x_wconf 76' lang='grc' dir='ltr'>ἔχει</span> <span class='ocrx_word' id='word_1_842' title='bbox 1635 2819 1760 2845; x_wconf 72' lang='grc' dir='ltr'>τοιούτων</span> <span class='ocrx_word' id='word_1_843' title='bbox 1777 2817 1891 2853; x_wconf 76' lang='grc' dir='ltr'>τμημά-</span> 
     </span>
    </p>
   </div>
  </div>
