4132 6466
390 379 531 436 1077

1367 372 1735 433 HIPPARCHI
1767 372 1858 428 AD
1889 367 2339 429 PHENOMENA
2376 369 2503 425 LIB.
2547 370 2613 425 11.

3194 444 3216 479 ’
3490 374 3639 429 1078

383 517 495 553 των
518 504 579 552 ιε’
619 497 907 553 λείπουσαν
933 503 981 552 κί
1011 497 1166 570 μέρει
1197 495 1274 561 ὡς
1299 496 1540 566 ἔγγιστα,
1583 496 1710 549 οἴων
1741 494 1888 548 ἐστὶν
1925 495 1955 546 6

2060 507 2245 546 arcum
2307 507 2473 562 supra
2520 499 2734 548 terram.
2766 491 2931 549 habet
2979 483 3207 548 totidem
3251 491 3485 562 partium
3534 493 3626 560 15,

384 589 477 644 διὰ
503 588 609 641 τῶν
639 589 816 642 πόλων
849 589 1046 653 κύκλος
1081 588 1383 660 τμημάτων
1416 587 1513 640 κδ’.
1541 588 1615 640 Τὸ
1651 588 1819 657 ἥμισυ
1850 585 1957 656 ἄρα

384 680 486 749 τῆς
506 680 798 752 εἰρημένης
832 679 1202 751 περιφερείας,
1234 679 1296 732 τὸ
1316 678 1425 732 ἀπὸ
1450 677 1543 732 τοῦ
1586 674 1957 749 μεσημϐρινοῦ

383 769 493 833 ἕως
534 769 758 836 δύσεως,
778 769 887 823 τῶν
930 768 1109 823 αὐτῶν
1146 769 1449 840 τμημάτων
1487 768 1604 821 ἐστὶ
1644 766 1709 832 ζ’,
1749 767 1844 819 καὶ
1884 766 1960 828 ὡς

385 860 614 929 ἔγγιστα
635 862 884 932 ἡμίσους.
923 862 1061 915 Ἀλλ’
1082 863 1110 916 6
1135 860 1423 932 εἰρημένος
1451 861 1627 931 ἀστὴρ
1652 861 1848 924 κεῖται,
1883 859 1959 922 ὡς

384 951 530 1004 κατά
561 952 904 1024 παράλληλον
944 951 1163 1019 κύκλον,
1198 953 1324 1024 περὶ
1357 950 1406 1006 α’
1455 954 1560 1022 μυῖ.
1594 951 1703 1005 τῶν
1741 950 1954 1021 Χηλῶν.

382 1041 643 1106 Δύνοντος
674 1042 782 1114 ἄρα
814 1041 996 1108 αὑτοῦ,
1035 1043 1117 1096 δεῖ
1155 1047 1527 1114 μεσουρανεῖν,
1555 1043 1629 1107 ὼς
1651 1043 1792 1097 κατά
1819 1060 1962 1115 παρ-

386 1132 615 1205 άλληλον
649 1133 865 1200 κύκλον,
894 1136 992 1207 τὴν
1022 1141 1109 1188 κα¹
1133 1134 1174 1187 δ’
1209 1137 1317 1205 μοῖ.
1348 1134 1441 1187 τοῦ
1476 1135 1756 1206 Αἰγόκερω
1780 1151 1794 1166 ·
1825 1135 1959 1188 ταύ-

384 1244 489 1297 της
516 1226 573 1279 δὲ
617 1226 710 1278 ἐπὶ
754 1226 849 1279 τοῦ
885 1225 1227 1298 παραλλήλου
1278 1226 1735 1297 μεσουρανούσης,
1777 1226 1858 1279 δεῖ
1901 1229 1958 1279 ὲν

383 1316 467 1388 τῷ
497 1314 744 1389 ζωδιακῷ
779 1321 1128 1390 μεσουρανεῖν
1151 1317 1249 1388 τὴν
1275 1318 1553 1387 δευτέραν,
1583 1318 1676 1371 καὶ
1708 1318 1959 1389 εἰκοστὴν

389 1412 584 1482 μοῖραν
615 1409 708 1463 τοῦ
754 1410 1053 1479 Λίγόκερω.
1094 1409 1230 1463 Ἀλλ’
1276 1413 1334 1464 ὲν
1381 1410 1459 1481 τῷ
1500 1410 1745 1481 ζωδιακῷ
1787 1410 1885 1481 τῆς
1915 1410 1959 1480 β’

384 1501 484 1555 καὶ
512 1501 760 1572 εἰκοστῆς
804 1500 898 1555 τοῦ
940 1502 1221 1575 Δίγόκερω
1262 1503 1454 1573 μοίρας
1500 1501 1958 1574 μεσουρανούσης,

385 1590 448 1644 ὲν
465 1590 545 1663 τῷ
570 1592 914 1663 ὑποκειμένῳ
940 1592 1174 1664 ὁρίζοντι
1205 1592 1286 1645 δεῖ
1306 1592 1612 1646 ἀνατέλλειν
1633 1593 1730 1663 τὴν
1765 1599 1818 1657 ς’
1855 1594 1959 1663 μά-

384 1683 546 1738 λιστα
581 1686 688 1755 μοῖ.
714 1683 810 1738 τοῦ
835 1684 1079 1755 Ταύρου·
1120 1686 1348 1738 ἕκαστον
1370 1685 1480 1756 γὰρ
1519 1684 1628 1737 τῶν
1658 1685 1960 1756 εἰρημένων

385 1774 770 1831 ἀποδείκνυται
794 1776 883 1830 διὰ
905 1776 1016 1829 τῶν
1038 1776 1313 1849 γραμμῶν
1347 1778 1405 1831 ὲν
1426 1780 1544 1841 ταῖς
1575 1776 1800 1831 καθόλου
1833 1779 1961 1850 περὶ

385 1868 497 1923 τῶν
535 1869 790 1922 τοιούτων
839 1871 971 1939 ἡμῖν
1023 1869 1479 1940 συντεταγμέναις
1533 1870 1956 1941 πραγματείαις.

401 1959 459 2013 ὐ
488 1958 597 2029 ἄρα
630 1958 914 2030 ἀριστερὸς
941 1958 1076 2020 ποῦς
1103 1959 1197 2012 τοῦ
1227 1959 1439 2012 Βοὼτου
1462 1961 1869 2016 ἀντικαταδύνει
1891 1965 1958 2033 τῇ

389 2050 447 2116 ς’
479 2051 589 2122 μοί.
618 2048 712 2104 τοῦ
744 2050 979 2121 Ταύρου.
1012 2052 1134 2105 Ὅτι
1167 2052 1224 2105 δὲ
1255 2053 1349 2105 καλ⁸
1378 2053 1591 2124 πρῶτος
1622 2056 1650 2107 6
1678 2054 1961 2125 ἀριστερὸς

387 2138 526 2202 ποῦς
553 2138 647 2192 τοῦ
693 2137 902 2193 Βοώτου
949 2138 1114 2204 δύνει,
1149 2141 1318 2211 χωρὶς
1347 2140 1536 2198 τούτου
1583 2142 1962 2197 ἀποδέδεικται

390 2231 448 2287 ὲν
469 2230 547 2303 τῷ
575 2231 705 2303 περὶ
727 2230 892 2285 αὐτοῦ
920 2232 1084 2304 λόγῳ.
1106 2234 1342 2305 Φανερδν
1373 2234 1417 2287 δ’
1449 2234 1515 2288 ἃν
1546 2234 1630 2304 εἴη
1654 2236 1751 2288 καὶ
1777 2234 1836 2299 ἐξ
1861 2236 1959 2288 αὐ-

388 2322 489 2393 τῆς
517 2322 616 2395 τῆς
649 2323 848 2388 θέσεως
879 2325 971 2378 τοῦ
1009 2323 1241 2379 Βοώτου.
1279 2325 1464 2398 Ὅρθὸς
1499 2325 1608 2398 γὰρ
1649 2326 1895 2398 βεϐηκὼς
1932 2330 1962 2382 6

393 2412 626 2485 Βοώτης,
653 2414 889 2483 ὲγκλίνει
912 2417 979 2486 τῇ
1004 2414 1151 2468 θέσει
1174 2414 1366 2478 οὕτως,
1400 2415 1540 2471 ὥστε
1562 2416 1652 2469 τὸν
1675 2416 1960 2490 ἀριστερὸν

394 2504 525 2558 πόδα
566 2505 746 2576 πολλῷ
778 2505 1093 2577 νοτιώτερον
1119 2505 1249 2565 ὄντα
1274 2506 1374 2576 τῆς
1405 2507 1669 2585 κεφαλῆς,
1705 2511 1962 2580 προηγεῖς-

391 2596 515 2651 σθαι
548 2596 643 2651 τοῦ
684 2597 776 2652 διὰ
818 2597 935 2653 τῶν.
970 2598 1170 2664 πόλων,
1218 2599 1314 2653 καὶ
1357 2601 1456 2672 τῆς
1508 2600 1754 2674 κεφαλῆς.
1792 2601 1957 2656 αὐτοῦ

392 2689 735 2761 γραφομένου
774 2689 975 2745 κύκλου
1024 2690 1207 2745 πλεῖον
1232 2690 1402 2761 ἥμισυ
1444 2692 1540 2745 καὶ
1577 2691 1831 2765 τέταρτον
1861 2694 1959 2765 μέν

392 2798 483 2854 ρος
516 2781 728 2848 ζωδίου.
763 2783 901 2855 Περὶ
929 2781 988 2837 δὲ
1010 2782 1105 2836 τοῦ
1143 2781 1391 2853 Ὠρίωνος
1421 2785 1701 2854 συμφωνεῖ
1730 2785 1759 2837 6
1784 2784 1956 2856 Ἀραρ

392 2890 502 2939 τος,
535 2871 933 2945 ὑπολαμδῶων
962 2871 1124 2927 αὑτὸν
1149 2871 1268 2926 ὅλον
1306 2874 1418 2937 τοῖς
1448 2873 1700 2945 Διδύμοις
1731 2891 1961 2942 συναναέ

391 2964 612 3022 τέλλειν.

459 3058 545 3113 H'.
578 3055 684 3110 Τοῦ
712 3056 771 3109 δὲ
811 3056 1035 3122 Λέοντος
1076 3058 1376 3129 ἀρχομένου
1425 3060 1752 3127 ἀνατέλλειν,
1783 3062 1813 3115 6
1862 3062 1962 3133 μὲν

393 3145 627 3217 ’Ἄρατός
656 3161 786 3213 φησι
817 3146 889 3198 τά
917 3162 977 3198 τε
1009 3147 1104 3200 σὺν
1127 3148 1204 3218 τῷ
1232 3148 1490 3220 Καρκίνῳ
1524 3150 1798 3205 δεδυκέναι
1822 3169 1835 3182 ·
1863 3151 1959 3206 τοῦ

389 3234 432 3286 δ’
476 3235 561 3287 Ἐν
592 3233 812 3302 γόνασιν
837 3235 916 3289 ἔτι
935 3236 1025 3289 τὸν
1046 3236 1326 3309 ἀριστερὸν
1350 3240 1502 3305 πόδα,
1531 3240 1626 3294 καὶ
1662 3241 1789 3310 γόνυ
1823 3242 1963 3300 ἀποτ.

388 3321 700 3376 λείπεσθαι·
730 3323 798 3376 τά
832 3324 888 3377 δὲ
916 3324 1075 3378 λοιπὰ
1101 3325 1378 3379 δεδυκέναι
1395 3342 1408 3355 ·
1440 3327 1748 3383 ἀνατέλλειν
1774 3329 1831 3382 δὲ
1857 3330 1957 3401 τὴν

388 3413 627 3485 κεφαλὴν
651 3414 744 3467 τοῦ
775 3415 998 3486 ⁸’Υδρου,
1026 3417 1119 3470 καὶ
1155 3417 1245 3470 τὸν
1277 3418 1520 3486 Λαγωὸν,
1556 3420 1667 3480 καὶς
1690 3420 1780 3475 τὸν
1818 3421 1958 3492 Πρό-

389 3522 546 3571 κμνα,
581 3506 677 3577 καὶ
704 3506 830 3568 τοὺς
855 3508 1216 3579 ἐμπροσθίους
1241 3510 1407 3575 πόδας
1437 3510 1532 3564 τοῦ
1568 3513 1765 3577 Κυνός.
1792 3512 1882 3584 Τῷ
1899 3514 1959 3566 δὲ

398 3595 611 3668 Ἀράτῳ
636 3596 834 3666 ὁμοίως
867 3599 960 3652 καὶ
990 3598 1019 3652 6
1063 3598 1289 3667 Εὔδοξος
1332 3601 1710 3673 ἀποφαίνεται.
1746 3603 1828 3658 Τὰ
1865 3601 1960 3660 οὖν

384 3686 650 3773 εἰρημένα
673 3686 848 3759 ἄστρα
871 3688 1031 3759 δῆλον
1069 3690 1150 3757 ὅτι
1181 3689 1259 3762 τῷ
1286 3691 1546 3763 Καρκίνῳ
1570 3694 1688 3747 κατ’
1709 3692 1904 3758 αὐτοὺς
1923 3693 1960 3749 ἃ

388 3779 503 3851 μὲν.
528 3779 926 3847 συνανατέλλει,
953 3780 990 3836 ἀ
1032 3780 1090 3835 δὲ
1118 3782 1546 3840 ἀντικαταδύνει.
1579 3782 1690 3839 Καὶ
1717 3786 1813 3841 ἐπὶ
1851 3786 1961 3842 τῶν

382 3869 569 3925 ἄλλων.
593 3869 800 3934 ζωδίων
830 3872 891 3927 τὸ
928 3871 1060 3928 αὐτὸ
1099 3873 1569 3946 διαλαμϐανέσθω.
1614 3876 1703 3931 Ἐν
1739 3878 1838 3948 μὲν
1867 3873 1961 3932 οὖν

380 3964 499 4028 τοῖς
526 3963 733 4029 λοιποῖς
762 3964 1110 4036 συμφωνοῦσι
1135 3968 1248 4030 τοῖς
1272 3968 1643 4039 φαινομένοις·
1671 3969 1767 4023 τοῦ
1792 3969 1836 4023 δ’
1871 3971 1961 4024 Ἐν

378 4055 608 4124 γόνασιν
637 4056 699 4110 οὔ
746 4057 904 4128 μόνον
931 4056 991 4110 τὸ
1032 4056 1321 4129 ἀριστερὸν
1351 4058 1480 4127 γόνυ
1515 4060 1611 4115 καί
1654 4062 1684 4115 6
1718 4061 1852 4127 ποῦς
1880 4062 1961 4118 ἔτι

381 4144 529 4218 ὑπὲρ
553 4147 658 4218 γῆς
694 4149 862 4213 ἐστιν,
896 4145 1032 4201 ἀλλά
1054 4148 1148 4201 καὶ
1176 4147 1243 4202 τὸ
1277 4148 1449 4215 δεξιὸν
1480 4149 1631 4218 γόνυ.
1665 4151 1821 4207 Δύνει
1852 4153 1961 4224 γὰρ

379 4236 542 4292 τοῦτο
567 4238 960 4311 ἀνατελλούσης
997 4237 1098 4310 τῆς
1134 4238 1230 4293 τοῦ
1258 4240 1485 4305 Λέοντος
1530 4243 1640 4314 μοί.
1677 4251 1774 4308 ις’.
1813 4245 1872 4299 '0
1902 4246 1962 4300 δὲ

383 4328 614 4398 Λαγωὺς
632 4328 693 4382 οὐ
723 4328 980 4401 μόνον.τῷ
1002 4330 1260 4403 Καρκίνῳ
1283 4333 1679 4399 συνανατέλλει,
1701 4332 1778 4399 ὡς
1801 4337 1964 4409 ’Δρα-

382 4435 478 4483 τος
504 4418 892 4490 ὑπολαμϐάνει,
920 4419 1052 4474 ἀλλά
1090 4421 1185 4475 καὶ
1222 4425 1335 4486 τοῖς
1372 4423 1644 4493 Διδύμοις.
1692 4428 1954 4498 Ἀρχεται

2060 586 2245 639 minus
2300 592 2454 653 parte
2515 583 2775 638 vicesima
2835 583 3076 650 circiter,
3131 590 3264 653 quot
3327 598 3426 653 per
3472 585 3628 654 polos

2058 674 2370 745 descriptus
2435 674 2675 730 circulus
2729 674 2893 730 habet
2954 675 3047 732 24.
3105 673 3285 741 Quare
3341 675 3624 729 dimidium

2059 766 2514 822 circumferentiae
2556 766 2721 831 illius,
2766 766 2911 836 quod
2951 780 2983 820 a
3023 765 3328 822 meridiano
3365 764 3432 819 ad
3466 780 3629 820 occa-

2060 874 2181 914 sum
2223 858 2479 928 pertinet,
2516 857 2830 914 earumdem
2878 857 2993 913 fere
3029 858 3263 928 partium
3307 865 3392 914 est
3438 858 3631 928 71/2.

2058 950 2225 1021 Atqui
2269 949 2459 1005 eadem
2506 951 2596 1004 illa
2645 949 2823 1014 stella,
2856 947 3154 1005 secundum
3195 947 3627 1018 aequidistantem

2060 1041 2350 1106 circulum,
2374 1040 2479 1095 sita
2509 1047 2594 1095 est
2623 1041 2677 1094 in
2702 1048 2855 1110 parte
2877 1038 3165 1093 Chelarum
3190 1039 3408 1094 circiter
3426 1039 3623 1108 prima.

2059 1134 2137 1188 Ea
2169 1134 2333 1204 igitur
2362 1131 2645 1191 occidente
2666 1169 2682 1196 ,
2717 1131 3017 1186 culminare
3050 1136 3259 1200 oportet
3284 1130 3341 1186 in
3369 1131 3627 1199 parallelo

2059 1225 2267 1279 circulo
2319 1223 2411 1288 21,
2462 1223 2541 1278 15¹
2590 1230 2799 1293 partem
2862 1221 3230 1292 Capricorni;
3277 1235 3386 1291 qua
3430 1236 3626 1276 rursus

2060 1314 2409 1377 culminante,
2460 1328 2688 1368 necesse
2729 1319 2811 1367 est
2852 1312 2908 1366 in
2949 1311 3173 1367 zodiaco
3217 1311 3520 1366 culminare
3555 1311 3627 1365 22

2058 1405 2404 1477 Capricorni.
2434 1404 2606 1459 Porro
2628 1420 2750 1458 cum
2777 1405 2831 1457 in
2860 1405 3085 1461 zodiaco
3106 1404 3361 1461 vicesima
3385 1405 3626 1460 secunda

2060 1515 2190 1569 pars
2219 1500 2542 1570 Capricorni
2573 1499 2857 1562 culminat,
2899 1499 2955 1553 in
3002 1514 3088 1557 eo.
3119 1514 3279 1568 quem
3312 1499 3623 1566 statuimus,

2062 1588 2346 1643 horizonte
2397 1596 2552 1644 sexta
2585 1586 2697 1643 fere
2742 1604 2870 1658 pars
2909 1587 3072 1643 Tauri
3117 1588 3277 1643 debet
3315 1604 3622 1659 assurgere.

2061 1679 2188 1734 Haec
2235 1679 2380 1734 enim
2429 1679 2616 1734 omnia
2663 1679 2976 1749 singillatim
3033 1695 3131 1750 per
3182 1679 3357 1741 lineas
3403 1680 3627 1737 demon-

2064 1780 2307 1828 strantur
2336 1772 2389 1826 in
2415 1787 2579 1842 opere
2619 1772 2712 1825 illo
2746 1786 2854 1841 quo
2879 1772 3181 1841 generalem
3214 1772 3281 1826 de
3316 1772 3436 1827 istis
3462 1773 3625 1828 rebus

2063 1863 2442 1918 tractationem
2486 1863 2845 1918 instituimus.
2895 1861 3258 1928 Quamobrem
3301 1863 3483 1919 Boota:
3528 1879 3624 1932 pes

2062 1953 2286 2009 sinister
2331 1953 2530 2009 occidit
2573 1955 2784 2009 oriente
2841 1962 2992 2009 sexta
3043 1963 3199 2024 parte
3246 1953 3431 2009 Tauri.
3489 1954 3624 2008 Nam

2061 2049 2348 2105 sinistrum
2383 2047 2568 2103 Bootae
2607 2048 2797 2119 pedem
2837 2049 3072 2118 primum
3104 2047 3358 2105 occidere
3398 2046 3627 2103 demon-

2062 2149 2294 2199 stratum
2337 2145 2423 2196 est
2468 2141 2694 2210 insuper
2740 2141 2797 2194 in
2833 2139 3095 2211 peculiari
3124 2138 3194 2197 de
3239 2140 3333 2194 illo
3374 2140 3623 2210 disputa-

2059 2234 2209 2291 tione
2248 2253 2261 2289 :
2298 2233 2445 2304 quod
2469 2240 2523 2289 et
2550 2249 2617 2288 ex
2659 2234 2780 2304 ipso
2817 2234 2966 2289 illius
2993 2232 3175 2304 positu
3216 2232 3443 2303 intelligi
3476 2233 3626 2289 nullo

2059 2327 2279 2397 negotio
2305 2332 2504 2396 potest.
2538 2323 2674 2381 Cum
2713 2325 2858 2382 enim
2888 2333 3072 2381 rectus
3108 2326 3372 2380 consistat
3406 2325 3623 2391 Bootes,
3701 2340 3704 2344 '

2058 2417 2135 2473 ita
2166 2425 2346 2474 tamen
2375 2426 2459 2473 est
2502 2418 2783 2488 paululum
2823 2417 3085 2477 inclinato
3116 2417 3247 2483 situ,
3277 2432 3372 2486 pes
3403 2424 3463 2471 ut
3505 2418 3626 2485 ejus

2058 2510 2284 2566 sinister
2305 2510 2467 2581 longe
2490 2510 2788 2565 australior
2810 2508 3013 2579 capite,
3036 2508 3300 2563 circulum
3326 2523 3423 2578 per
3450 2508 3625 2577 polos,

2058 2612 2113 2657 et
2144 2601 2320 2672 ipsius
2348 2598 2518 2673 caput
2543 2600 2876 2671 descriptum
2916 2600 3151 2670 amplius
3188 2599 3455 2655 dodrante
3486 2600 3625 2670 signi

2060 2692 2226 2749 unius
2254 2691 2562 2748 antecedat.
2601 2689 2720 2747 Jam
2753 2692 2819 2746 de
2849 2691 3050 2747 Orione
3086 2706 3225 2747 cum.
3243 2693 3627 2762 apparentibus

2058 2784 2228 2842 Arato
2249 2787 2524 2852 convenit,
2555 2792 2826 2855 quatenus
2854 2792 3031 2840 totum
3059 2784 3211 2840 illum
3236 2799 3361 2840 eum
3383 2781 3626 2839 Geminis

2058 2876 2191 2934 oriri
2216 2878 2432 2936 asserit.

2133 3054 2267 3111 VIII.
2300 3057 2371 3111 At
2398 3054 2581 3113 Leone
2605 3057 2836 3127 primum
2861 3056 3166 3121 exoriente,
3185 3056 3481 3126 Aratusyait
3507 3070 3630 3126 qua:

2062 3153 2191 3202 sunt
2231 3161 2357 3203 cum
2384 3146 2619 3209 Cancro,
2661 3146 2773 3213 jam
2820 3144 3088 3201 occidisse
3114 3163 3130 3212 ;
3161 3144 3459 3215 lngeniculi
3498 3158 3628 3199 vero

2060 3238 2345 3294 sinistrum
2378 3237 2559 3293 adhuc
2587 3237 2742 3308 123
2772 3235 2986 3307 pedem,
3029 3251 3093 3291 ac
3119 3251 3260 3307 genu
3301 3250 3623 3305 superesse;

2058 3331 2269 3387 caeteris
2301 3330 2414 3399 jam
2461 3330 2517 3384 in
2562 3344 2818 3384 occasum
2852 3327 3172 3399 depressis:
3203 3327 3337 3383 oriri
3363 3333 3626 3398 βαθεῖ-οι

2058 3429 2224 3492 caput
2249 3419 2441 3493 Hydri,
2481 3420 2765 3490 Leporem,
2798 3418 3120 3489 Procynem,
3149 3426 3204 3474 et
3241 3419 3625 3475 antecedentes

2056 3511 2224 3567 Canis
2266 3512 2450 3582 pedes.
2489 3510 2691 3566 Eadem
2737 3526 2863 3565 cum
2896 3511 3064 3564 Arato
3107 3509 3301 3573 saibit
3342 3509 3621 3564 Eudoxus.

2059 3602 2325 3669 Quocirca
2351 3603 2532 3659 sidera
2558 3603 2673 3657 haec
2693 3602 2877 3656 omnia
2905 3602 3126 3672 planum
3148 3608 3232 3657 est
3257 3616 3381 3655 cum
3410 3600 3624 3656 Cancro

2058 3708 2125 3748 ex
2151 3693 2367 3748 illorum
2407 3693 2665 3762 opinione
2701 3694 2896 3763 partim
2942 3690 3100 3755 oriri,
3137 3692 3334 3761 partim
3360 3706 3426 3747 ex
3450 3707 3622 3763 oppo-

2060 3789 2167 3842 sito
2199 3786 2551 3848 descendere.
2583 3782 2728 3841 Idem
2758 3785 2837 3841 de.
2853 3785 3066 3840 caeteris
3100 3799 3320 3855 quoque
3341 3784 3514 3855 signis
3535 3784 3626 3853 ju-

2059 3879 2261 3935 dicium
2289 3893 2413 3934 esse
2440 3877 2587 3934 volo.
2625 3878 2793 3947 Atqui
2829 3878 2974 3931 ut-in
3000 3876 3228 3947 reliquis
3260 3876 3330 3931 ab
3353 3891 3625 3947 apparen-

2058 3974 2196 4027 tium
2217 3970 2604 4041 experimentis
2623 3970 2847 4025 minime
2865 3968 3213 4040 discrepant;
3233 3968 3315 4025 sic
3330 3967 3626 4040 lngeniculi

2060 4079 2171 4120 non
2207 4063 2491 4121 sinistrum
2531 4062 2898 4133 modogenu,
2952 4075 3158 4133 pesque
3208 4076 3374 4133 supra
3421 4069 3624 4118 terram

2060 4153 2241 4211 adhuc
2265 4153 2490 4221 eminet,
2521 4155 2618 4209 sed
2640 4152 2806 4208 etiam
2845 4152 3096 4208 dextrum
3125 4168 3288 4224 genu.
3336 4151 3454 4208 Hoc
3477 4154 3627 4208 enim

2061 4246 2262 4303 occidit
2281 4245 2493 4302 oriente
2506 4244 2706 4301 Leonis
2730 4250 2883 4316 parte
2904 4244 2992 4301 l6.
3017 4243 3087 4298 At
3105 4242 3286 4315 Lepus
3311 4259 3420 4300 non
3447 4245 3627 4300 solum

2061 4352 2187 4394 cum
2213 4335 2427 4394 Cancro
2457 4337 2655 4403 oritur,
2699 4336 2779 4390 uti
2804 4334 2980 4391 visum
3004 4341 3090 4390 est
3118 4332 3308 4401 Arato,
3341 4335 3436 4389 sed
3457 4334 3626 4389 etiam

2059 4445 2185 4483 cum
2219 4428 2487 4485 Geminis.
2529 4427 2672 4483 Oriri
2709 4427 2910 4498 quippe
2939 4426 3126 4496 incipit
3162 4440 3286 4480 cum
3331 4435 3484 4497 parte
3519 4423 3628 4480 Ge-

389 4508 490 4581 μὲν
522 4509 632 4581 γάρ
663 4511 990 4575 ἀνατέλλειν,
1019 4512 1117 4583 τῆς
1148 4510 1193 4577 ζ’
1219 4513 1312 4567 καὶ
1340 4520 1388 4567 κ’
1432 4516 1542 4586 μοί.
1574 4517 1683 4570 τῶν
1711 4519 1959 4590 Διδύμων

2060 4519 2339 4575 minorum
2401 4517 2630 4588 septima
2690 4525 2746 4571 et
2802 4517 3057 4571 vicesima
3118 4533 3133 4568 :
3181 4514 3383 4569 desinit
3445 4522 3626 4569 autem

383 4600 797 4672 ἀναφερομένης
818 4619 832 4633 ·
863 4601 1016 4672 λήγει
1040 4602 1098 4656 δὲ
1122 4604 1446 4670 ἀνατέλλων,
1472 4609 1960 4680 συνανατελλούσης

386 4690 536 4762 αὐτῷ
564 4690 835 4763 Καρκίνου
864 4693 973 4762 μοί.
1006 4693 1071 4763 ιβ’
1098 4692 1183 4749 S".
1214 4695 1271 4747 '0
1296 4696 1352 4748 δὲ
1379 4696 1539 4750 Κύων
1571 4699 1690 4761 ὅλος
1716 4697 1791 4767 τῷ
1820 4701 1962 4770 Καρ-

387 4783 523 4853 κίνῳ
562 4781 955 4847 συνανατέλλει,
983 4784 1122 4854 πλὴν
1152 4786 1263 4839 τῶν
1295 4788 1354 4840 ἐν
1393 4790 1460 4859 τῇ
1504 4789 1637 4859 ούρᾷ¹
1658 4806 1669 4817 ·
1716 4790 1808 4842 καὶ
1837 4791 1957 4861 οὐχ,

387 4873 464 4937 ὼς
487 4872 517 4925 6
543 4874 796 4945 Ἀρατος,
824 4874 886 4926 οἱ.
911 4875 1232 4946 ὲμπρόσθιοι
1264 4878 1425 4948 μόνον
1457 4880 1621 4933 αὐτοῦ
1655 4881 1815 4946 πόδες
1842 4899 1962 4950 συν·

387 4963 736 5018 ανατέλλουσι
769 4963 847 5035 τῷ
879 4965 1159 5038 Καρκίνῳ.

457 5079 532 5133 Θν.
561 5078 673 5150 Τῆς
698 5079 756 5132 δὲ
784 5077 1062 5153 Παρθένου
1096 5082 1408 5155 ἀρχομένης
1439 5087 1793 5156 ἀνατέλλειν,.

531 5216 699 5288 Λύρη
729 5218 884 5288 τότε,
916 5217 1069 5287 φησὶ,
1094 5220 1443 5288 Χυλληναίη

386 5286 496 5360 Καὶ
524 5286 741 5360 Δελλςρίς
772 5286 1182 5360 δύνουσι,-καὶ
1211 5286 1527 5360 εὐποίητος
1565 5292 1814 5360 ὈὶΌ-τός.

523 5355 647 5437 ςοῒς
679 5357 945 5437 ’ρρΥ-ιθος
971 5356 1172 5437 πρῶτα
1199 5360 1383 5437 πτερά
1406 5355 1595 5437 tam
1619 5364 1754 5431 παρ’
1765 5355 1958 5435 αὐτὴν

390 5424 608 5497 Ούρὴν,
622 5496 627 5497 γ
639 5426 737 5497 καὶ
764 5424 1058 5495 Ποταμοῗο
1083 5424 1395 5497 παρηορίαι
1406 5424 1766 5486 amem-tat.

382 5496 564 5573 Δρνει
673 5495 904 5573 Vitiata
922 5494 1386 5573 κεφαλῇ’-δύνει
1413 5498 1491 5573 δέ
1514 5500 1612 5553 καὶ
1647 5504 1868 5573 αὐχήν.

396 5563 700 5641 famem.
720 5564 772 5641 δ’
790 5563 970 5641 iram
986 5563 1590 5641 persnlnléorﬁxpt
1610 5563 1959 5641 παρτὰὺτὸν

382 5634 679 5705 Κρητῆρα.
721 5634 1026 5707 agema};
1057 5635 1125 5690 δὲ
1154 5638 1325 5692 Κύων
1364 5634 1546 5707 πόδὰξ
1579 5634 1823 5768 αἵνῦτιῦ
1846 5647 1954 5700 ἄλ-

430 5764 433 5768 ,
1825 5733 1951 5768 ουρ.

430 5764 463 5781 »_
484 5776 500 5781 _
670 5775 684 5781 _
702 5775 727 5781 _
754 5776 765 5781 -
1070 5778 1078 5781 _
1762 5733 1951 5781 μους,

389 5764 629 5829 Ἕλκων·
657 5775 935 5840 ἐξόπιθεν
967 5778 1243 5848 πρύμναν
1264 5780 1641 5850 πολυτειρέος

2062 4609 2391 4664 ascendente
2411 4621 2534 4662 cum
2563 4608 2679 4675 ipso
2697 4605 2894 4660 Caneri
2921 4604 2990 4657 12
3014 4604 3138 4675 1/2.
3161 4604 3326 4659 Canis
3345 4619 3477 4659 vero
3499 4620 3623 4658 cum

2066 4702 2277 4755 Cancro
2307 4706 2455 4753 totus
2482 4698 2677 4761 oritur,
2699 4697 2764 4750 iis
2780 4712 2901 4767 quae
2924 4697 2976 4750 in
2994 4693 3167 4750 cauda
3193 4703 3321 4750 sunt
3346 4696 3624 4766 exceptis;

2064 4807 2259 4862 neque,
2292 4799 2352 4845 ut
2377 4790 2546 4845 Arato
2576 4791 2774 4860 placet,
2802 4789 3109 4844 anteriores
3141 4802 3266 4843 cum
3289 4788 3501 4844 Cancro
3538 4804 3628 4858 pe-

2060 4885 2157 4940 des
2187 4884 2449 4939 duntaxat
2478 4884 2746 4937 oriuntur.

2132 5086 2223 5140 1X.
2263 5084 2437 5139 Porro
2462 5084 2743 5139 exoriente
2768 5081 3010 5153 Virgine,

2134 5265 2149 5280 .
2184 5265 2199 5279 .
2236 5263 2248 5277 .
2286 5222 2430 5292 Lyra
2464 5231 2606 5283 tunc,
2639 5220 2734 5285 ait,
2763 5219 3031 5292 Cyllenea,

2134 5265 2149 5280 .
2184 5265 2199 5279 .
2236 5263 2248 5277 .
2286 5237 2430 5292 Lyra
2464 5237 2606 5283 tunc,
2639 5237 2734 5285 all,
2763 5237 2800 5274 υ
2844 5237 3031 5283 uenea,

2060 5295 2129 5349 Et
2164 5294 2381 5362 Delphin
2420 5293 2682 5356 occidunt,
2709 5303 2755 5343 et
2788 5237 3081 5358 fabrefacta
3114 5284 3345 5356 Sagitta,

2060 5356 2409 5435 Cumqaibus
2440 5362 2607 5435 Cygni
2634 5356 2890 5435 primores
2919 5356 3099 5427 penna:
3129 5373 3290 5435 asque
3320 5356 3390 5409 ad
3423 5356 3590 5423 ipsam

2059 5428 2327 5495 Caudam,
2358 5442 2405 5485 et
2435 5428 2582 5501 fluuii
2612 5430 2966 5484 extremitates
2992 5428 3342 5501 occultantur.

2063 5505 2270 5561 Occidit
2304 5498 2477 5557 autem
2508 5502 2643 5573 Equi
2670 5511 2856 5573 caput;
2887 5498 3075 5552 occidit
3104 5507 3154 5573 et
3186 5500 3381 5573 cervix.

2065 5578 2249 5631 Oritur
2275 5590 2391 5629 vero
2429 5567 2613 5645 Hydra
2641 5571 2866 5638 amplius
2887 5584 3056 5645 risque
3086 5567 3162 5645 ad_
3184 5568 3355 5645 ipsum

2063 5648 2361 5708 Craterem;
2386 5636 2702 5714 priveniens
2727 5636 2844 5695 ivero
2875 5636 3035 5694 Canis
3066 5637 3216 5707 pedes
3243 5639 3430 5709 arripit
3469 5636 3629 5706 alios,

2068 5782 2297 5838 T-rahens
2329 5800 2359 5837 a
2392 5791 2531 5852 tergo
2556 5780 2766 5851 puppim
2792 5777 3015 5834 stellam:
3044 5777 3239 5849 Argus.
