  <div class='ocr_page' id='page_1' title='image "/cluster/home/n/w/nwhite01/storage/ocr_20150623/19:no.1/coo.31924054872993/562.png"; bbox 0 0 4132 6466; ppageno 0'>
   <div class='ocr_carea' id='block_1_1' title="bbox 405 388 539 450">
    <p class='ocr_par' dir='ltr' id='par_1_1' title="bbox 405 388 539 450">
     <span class='ocr_line' id='line_1_1' title="bbox 405 388 539 450; baseline -0.022 -4"><span class='ocrx_word' id='word_1_1' title='bbox 405 388 539 450; x_wconf 60' lang='grc' dir='ltr'>ιοει</span> 
     </span>
    </p>
   </div>
   <div class='ocr_carea' id='block_1_2' title="bbox 1389 389 2642 464">
    <p class='ocr_par' dir='ltr' id='par_1_2' title="bbox 1389 389 2642 464">
     <span class='ocr_line' id='line_1_2' title="bbox 1389 389 2642 464; baseline 0.014 -18"><span class='ocrx_word' id='word_1_2' title='bbox 1389 389 1759 451; x_wconf 68' lang='grc' dir='ltr'><strong>ΗΙΡΡἈΒΕΙῘΊ</strong></span> <span class='ocrx_word' id='word_1_3' title='bbox 1793 395 1883 449; x_wconf 82' lang='lat' dir='ltr'><strong>Al)</strong></span> <span class='ocrx_word' id='word_1_4' title='bbox 1920 395 2368 457; x_wconf 63' lang='lat' dir='ltr'><strong>PHAENOMENA</strong></span> <span class='ocrx_word' id='word_1_5' title='bbox 2406 404 2535 460; x_wconf 77' lang='lat' dir='ltr'><strong>LIB;</strong></span> <span class='ocrx_word' id='word_1_6' title='bbox 2568 407 2642 464; x_wconf 80' lang='lat' dir='ltr'><strong>IL.</strong></span> 
     </span>
    </p>
   </div>
   <div class='ocr_carea' id='block_1_3' title="bbox 3510 416 3651 474">
    <p class='ocr_par' dir='ltr' id='par_1_3' title="bbox 3510 416 3651 474">
     <span class='ocr_line' id='line_1_3' title="bbox 3510 416 3651 474; baseline 0.028 -4"><span class='ocrx_word' id='word_1_7' title='bbox 3510 416 3651 474; x_wconf 72' lang='grc'><strong>1082</strong></span> 
     </span>
    </p>
   </div>
   <div class='ocr_carea' id='block_1_4' title="bbox 402 488 1946 600">
    <p class='ocr_par' dir='ltr' id='par_1_4' title="bbox 402 488 1946 589">
     <span class='ocr_line' id='line_1_4' title="bbox 402 488 1946 589; baseline 0.005 -26"><span class='ocrx_word' id='word_1_8' title='bbox 402 510 499 581; x_wconf 78' lang='grc' dir='ltr'>τῆς</span> <span class='ocrx_word' id='word_1_9' title='bbox 529 510 820 582; x_wconf 78' lang='grc' dir='ltr'>ἀριστερᾶς</span> <span class='ocrx_word' id='word_1_10' title='bbox 860 488 1059 581; x_wconf 71' lang='grc' dir='ltr'>χειρὸς,</span> <span class='ocrx_word' id='word_1_11' title='bbox 1097 509 1178 564; x_wconf 81' lang='grc' dir='ltr'>ἔτι</span> <span class='ocrx_word' id='word_1_12' title='bbox 1217 511 1323 565; x_wconf 82' lang='grc' dir='ltr'><strong>ὑπὸ</strong></span> <span class='ocrx_word' id='word_1_13' title='bbox 1350 513 1451 584; x_wconf 82' lang='grc' dir='ltr'>γῆν</span> <span class='ocrx_word' id='word_1_14' title='bbox 1480 509 1640 581; x_wconf 81' lang='grc' dir='ltr'>εἶναι,</span> <span class='ocrx_word' id='word_1_15' title='bbox 1672 515 1764 569; x_wconf 89' lang='grc' dir='ltr'><strong>τοῦ</strong></span> <span class='ocrx_word' id='word_1_16' title='bbox 1797 518 1946 589; x_wconf 88' lang='grc' dir='ltr'>Σκορ</span> 
     </span>
    </p>
   </div>
   <div class='ocr_carea' id='block_1_5' title="bbox 2047 488 3649 600">
    <p class='ocr_par' dir='ltr' id='par_1_5' title="bbox 2072 524 3649 600">
     <span class='ocr_line' id='line_1_5' title="bbox 2072 524 3649 600; baseline 0.008 -26"><span class='ocrx_word' id='word_1_17' title='bbox 2072 536 2314 589; x_wconf 90' lang='lat' dir='ltr'><strong>manum,</strong></span> <span class='ocrx_word' id='word_1_18' title='bbox 2350 524 2528 580; x_wconf 88' lang='lat' dir='ltr'><strong>adhuc</strong></span> <span class='ocrx_word' id='word_1_19' title='bbox 2558 542 2680 583; x_wconf 90' lang='lat' dir='ltr'><strong>esse</strong></span> <span class='ocrx_word' id='word_1_20' title='bbox 2718 528 2820 584; x_wconf 91' lang='lat' dir='ltr'><strong>sub</strong></span> <span class='ocrx_word' id='word_1_21' title='bbox 2848 535 3014 587; x_wconf 81' lang='lat' dir='ltr'><strong>terra.</strong></span> <span class='ocrx_word' id='word_1_22' title='bbox 3045 527 3267 599; x_wconf 84' lang='lat' dir='ltr'><strong>quando</strong></span> <span class='ocrx_word' id='word_1_23' title='bbox 3291 528 3549 600; x_wconf 78' lang='lat' dir='ltr'><strong>Scorpius</strong></span> <span class='ocrx_word' id='word_1_24' title='bbox 3593 535 3649 588; x_wconf 91' lang='lat' dir='ltr'><strong>in</strong></span> 
     </span>
    </p>
   </div>
   <div class='ocr_carea' id='block_1_6' title="bbox 402 600 1967 679">
    <p class='ocr_par' dir='ltr' id='par_1_6' title="bbox 402 600 1967 679">
     <span class='ocr_line' id='line_1_6' title="bbox 402 600 1967 679; baseline 0.005 -25"><span class='ocrx_word' id='word_1_25' title='bbox 402 600 528 654; x_wconf 86' lang='grc' dir='ltr'>πίου</span> <span class='ocrx_word' id='word_1_26' title='bbox 581 600 713 673; x_wconf 81' lang='grc' dir='ltr'>πρὸς</span> <span class='ocrx_word' id='word_1_27' title='bbox 766 603 832 674; x_wconf 78' lang='grc' dir='ltr'>τῇ</span> <span class='ocrx_word' id='word_1_28' title='bbox 897 602 1127 675; x_wconf 78' lang='grc' dir='ltr'><strong>ἀνατολῇ</strong></span> <span class='ocrx_word' id='word_1_29' title='bbox 1172 602 1324 668; x_wconf 75' lang='grc' dir='ltr'>ὄντος</span> <span class='ocrx_word' id='word_1_30' title='bbox 1348 618 1362 633; x_wconf 85' lang='lat'><strong><em>°</em></strong></span> <span class='ocrx_word' id='word_1_31' title='bbox 1428 605 1526 678; x_wconf 80' lang='grc' dir='ltr'>τὴν</span> <span class='ocrx_word' id='word_1_32' title='bbox 1576 606 1632 660; x_wconf 84' lang='grc' dir='ltr'>δὲ</span> <span class='ocrx_word' id='word_1_33' title='bbox 1676 609 1967 679; x_wconf 83' lang='grc' dir='ltr'>ἀριστερὰν</span> 
     </span>
    </p>
   </div>
   <div class='ocr_carea' id='block_1_7' title="bbox 400 692 1969 766">
    <p class='ocr_par' dir='ltr' id='par_1_7' title="bbox 400 692 1969 766">
     <span class='ocr_line' id='line_1_7' title="bbox 400 692 1969 766; baseline 0.004 -23"><span class='ocrx_word' id='word_1_34' title='bbox 400 694 558 765; x_wconf 82' lang='grc' dir='ltr'>χεῖρα</span> <span class='ocrx_word' id='word_1_35' title='bbox 590 693 684 745; x_wconf 71' lang='grc' dir='ltr'><strong>καὶ</strong></span> <span class='ocrx_word' id='word_1_36' title='bbox 710 692 808 763; x_wconf 86' lang='grc' dir='ltr'>τὴν</span> <span class='ocrx_word' id='word_1_37' title='bbox 831 693 1071 765; x_wconf 84' lang='grc' dir='ltr'>κεφαλὴν</span> <span class='ocrx_word' id='word_1_38' title='bbox 1107 694 1378 766; x_wconf 86' lang='grc' dir='ltr'>μετέωρον</span> <span class='ocrx_word' id='word_1_39' title='bbox 1406 695 1710 764; x_wconf 79' lang='grc' dir='ltr'>φαίνεσθαι,</span> <span class='ocrx_word' id='word_1_40' title='bbox 1749 698 1843 750; x_wconf 89' lang='grc' dir='ltr'><strong>τοῦ</strong></span> <span class='ocrx_word' id='word_1_41' title='bbox 1868 698 1969 750; x_wconf 86' lang='grc' dir='ltr'>Το-</span> 
     </span>
    </p>
   </div>
   <div class='ocr_carea' id='block_1_8' title="bbox 400 782 1970 860">
    <p class='ocr_par' dir='ltr' id='par_1_8' title="bbox 400 782 1970 860">
     <span class='ocr_line' id='line_1_8' title="bbox 400 782 1970 860; baseline 0.005 -25"><span class='ocrx_word' id='word_1_42' title='bbox 400 782 553 850; x_wconf 81' lang='grc' dir='ltr'>ξὸτου</span> <span class='ocrx_word' id='word_1_43' title='bbox 587 784 981 849; x_wconf 86' lang='grc' dir='ltr'>ἀνατέλλοντος.</span> <span class='ocrx_word' id='word_1_44' title='bbox 1030 786 1364 840; x_wconf 85' lang='grc' dir='ltr'>Ἀνατέλλειν</span> <span class='ocrx_word' id='word_1_45' title='bbox 1404 787 1460 841; x_wconf 88' lang='grc' dir='ltr'><strong>δέ</strong></span> <span class='ocrx_word' id='word_1_46' title='bbox 1494 806 1655 859; x_wconf 88' lang='grc' dir='ltr'>φησιν</span> <span class='ocrx_word' id='word_1_47' title='bbox 1699 789 1815 860; x_wconf 78' lang='grc' dir='ltr'><strong>ἅμα</strong></span> <span class='ocrx_word' id='word_1_48' title='bbox 1850 794 1970 855; x_wconf 84' lang='grc' dir='ltr'>ταῖς</span> 
     </span>
    </p>
   </div>
   <div class='ocr_carea' id='block_1_9' title="bbox 398 877 1967 954">
    <p class='ocr_par' dir='ltr' id='par_1_9' title="bbox 398 877 1967 954">
     <span class='ocr_line' id='line_1_9' title="bbox 398 877 1967 954; baseline 0.005 -25"><span class='ocrx_word' id='word_1_49' title='bbox 398 877 604 945; x_wconf 86' lang='grc' dir='ltr'>Χηλαῖς</span> <span class='ocrx_word' id='word_1_50' title='bbox 628 877 720 929; x_wconf 77' lang='grc' dir='ltr'><strong>καὶ</strong></span> <span class='ocrx_word' id='word_1_51' title='bbox 742 878 801 930; x_wconf 88' lang='grc' dir='ltr'><strong>τὸ</strong></span> <span class='ocrx_word' id='word_1_52' title='bbox 821 878 990 949; x_wconf 77' lang='grc' dir='ltr'>ἥμισυ</span> <span class='ocrx_word' id='word_1_53' title='bbox 1016 877 1109 932; x_wconf 88' lang='grc' dir='ltr'><strong>τοῦ</strong></span> <span class='ocrx_word' id='word_1_54' title='bbox 1137 880 1427 949; x_wconf 84' lang='grc' dir='ltr'><strong>Στεφάνου,</strong></span> <span class='ocrx_word' id='word_1_55' title='bbox 1454 882 1548 934; x_wconf 77' lang='grc' dir='ltr'>καὶ</span> <span class='ocrx_word' id='word_1_56' title='bbox 1568 882 1665 954; x_wconf 81' lang='grc' dir='ltr'>τὴν</span> <span class='ocrx_word' id='word_1_57' title='bbox 1688 882 1854 953; x_wconf 82' lang='grc' dir='ltr'>οὐρὰν</span> <span class='ocrx_word' id='word_1_58' title='bbox 1874 883 1967 937; x_wconf 91' lang='grc' dir='ltr'><strong>τοῦ</strong></span> 
     </span>
    </p>
   </div>
   <div class='ocr_carea' id='block_1_10' title="bbox 398 968 1967 1043">
    <p class='ocr_par' dir='ltr' id='par_1_10' title="bbox 398 968 1967 1043">
     <span class='ocr_line' id='line_1_10' title="bbox 398 968 1967 1043; baseline 0.004 -22"><span class='ocrx_word' id='word_1_59' title='bbox 398 968 711 1040; x_wconf 83' lang='grc' dir='ltr'><strong>Κενταύρου</strong></span> <span class='ocrx_word' id='word_1_60' title='bbox 737 986 752 1000; x_wconf 88' lang='grc'><strong>·</strong></span> <span class='ocrx_word' id='word_1_61' title='bbox 782 970 955 1024; x_wconf 80' lang='grc' dir='ltr'>δύνειν</span> <span class='ocrx_word' id='word_1_62' title='bbox 982 971 1038 1025; x_wconf 85' lang='grc' dir='ltr'>δὲ</span> <span class='ocrx_word' id='word_1_63' title='bbox 1078 974 1238 1024; x_wconf 83' lang='grc' dir='ltr'>πάλιν</span> <span class='ocrx_word' id='word_1_64' title='bbox 1270 974 1330 1026; x_wconf 85' lang='grc' dir='ltr'><strong>τό</strong></span> <span class='ocrx_word' id='word_1_65' title='bbox 1355 990 1412 1026; x_wconf 89' lang='grc' dir='ltr'><strong>τε</strong></span> <span class='ocrx_word' id='word_1_66' title='bbox 1446 973 1604 1043; x_wconf 84' lang='grc' dir='ltr'>σῶμα</span> <span class='ocrx_word' id='word_1_67' title='bbox 1640 973 1734 1026; x_wconf 89' lang='grc' dir='ltr'><strong>τοῦ</strong></span> <span class='ocrx_word' id='word_1_68' title='bbox 1771 975 1967 1027; x_wconf 84' lang='grc' dir='ltr'>Ἵππου</span> 
     </span>
    </p>
   </div>
   <div class='ocr_carea' id='block_1_11' title="bbox 397 1058 1968 1137">
    <p class='ocr_par' dir='ltr' id='par_1_11' title="bbox 397 1058 1968 1137">
     <span class='ocr_line' id='line_1_11' title="bbox 397 1058 1968 1137; baseline 0.006 -26"><span class='ocrx_word' id='word_1_69' title='bbox 397 1058 537 1123; x_wconf 77' lang='grc' dir='ltr'>ὅλον,</span> <span class='ocrx_word' id='word_1_70' title='bbox 576 1060 668 1113; x_wconf 78' lang='grc' dir='ltr'><strong>καὶ</strong></span> <span class='ocrx_word' id='word_1_71' title='bbox 692 1061 791 1132; x_wconf 84' lang='grc' dir='ltr'><strong>τὴν</strong></span> <span class='ocrx_word' id='word_1_72' title='bbox 835 1062 999 1133; x_wconf 74' lang='grc' dir='ltr'>οὐρὰν</span> <span class='ocrx_word' id='word_1_73' title='bbox 1027 1063 1120 1116; x_wconf 81' lang='grc' dir='ltr'><strong>τοῦ</strong></span> <span class='ocrx_word' id='word_1_74' title='bbox 1156 1064 1421 1134; x_wconf 80' lang='grc' dir='ltr'><strong>Ὄρνιθος,</strong></span> <span class='ocrx_word' id='word_1_75' title='bbox 1450 1066 1544 1118; x_wconf 74' lang='grc' dir='ltr'><strong>καὶ</strong></span> <span class='ocrx_word' id='word_1_76' title='bbox 1587 1066 1687 1136; x_wconf 75' lang='grc' dir='ltr'>τὴν</span> <span class='ocrx_word' id='word_1_77' title='bbox 1723 1067 1968 1137; x_wconf 82' lang='grc' dir='ltr'>κεφαλὴν</span> 
     </span>
    </p>
   </div>
   <div class='ocr_carea' id='block_1_12' title="bbox 395 1149 1967 1230">
    <p class='ocr_par' dir='ltr' id='par_1_12' title="bbox 395 1149 1967 1230">
     <span class='ocr_line' id='line_1_12' title="bbox 395 1149 1967 1230; baseline 0.006 -28"><span class='ocrx_word' id='word_1_78' title='bbox 395 1150 495 1219; x_wconf 83' lang='grc' dir='ltr'>τῆς</span> <span class='ocrx_word' id='word_1_79' title='bbox 534 1151 906 1224; x_wconf 70' lang='grc' dir='ltr'><strong>Ἀνδρομέδας,</strong></span> <span class='ocrx_word' id='word_1_80' title='bbox 937 1149 1030 1206; x_wconf 70' lang='grc' dir='ltr'><strong>καὶ</strong></span> <span class='ocrx_word' id='word_1_81' title='bbox 1064 1154 1157 1206; x_wconf 86' lang='grc' dir='ltr'><strong>τοῦ</strong></span> <span class='ocrx_word' id='word_1_82' title='bbox 1194 1155 1407 1226; x_wconf 81' lang='grc' dir='ltr'>Κήτους</span> <span class='ocrx_word' id='word_1_83' title='bbox 1444 1156 1505 1210; x_wconf 84' lang='grc' dir='ltr'><strong>τὸ</strong></span> <span class='ocrx_word' id='word_1_84' title='bbox 1543 1156 1649 1210; x_wconf 82' lang='grc' dir='ltr'><strong>ἀπὸ</strong></span> <span class='ocrx_word' id='word_1_85' title='bbox 1674 1158 1773 1228; x_wconf 83' lang='grc' dir='ltr'><strong>τῆς</strong></span> <span class='ocrx_word' id='word_1_86' title='bbox 1800 1159 1967 1230; x_wconf 76' lang='grc' dir='ltr'>οὐρᾶς</span> 
     </span>
    </p>
   </div>
   <div class='ocr_carea' id='block_1_13' title="bbox 396 1240 1965 1319">
    <p class='ocr_par' dir='ltr' id='par_1_13' title="bbox 396 1240 1965 1319">
     <span class='ocr_line' id='line_1_13' title="bbox 396 1240 1965 1319; baseline 0.006 -26"><span class='ocrx_word' id='word_1_87' title='bbox 396 1240 499 1304; x_wconf 74' lang='grc' dir='ltr'>ἕως</span> <span class='ocrx_word' id='word_1_88' title='bbox 547 1244 646 1314; x_wconf 79' lang='grc' dir='ltr'>τῆς</span> <span class='ocrx_word' id='word_1_89' title='bbox 685 1242 905 1312; x_wconf 82' lang='grc' dir='ltr'>λοφιας’</span> <span class='ocrx_word' id='word_1_90' title='bbox 955 1244 1046 1297; x_wconf 90' lang='grc' dir='ltr'><strong>τοῦ</strong></span> <span class='ocrx_word' id='word_1_91' title='bbox 1093 1246 1151 1298; x_wconf 79' lang='grc' dir='ltr'><strong>δὲ</strong></span> <span class='ocrx_word' id='word_1_92' title='bbox 1191 1246 1425 1316; x_wconf 77' lang='grc' dir='ltr'><strong>Κηφέως</strong></span> <span class='ocrx_word' id='word_1_93' title='bbox 1471 1248 1711 1319; x_wconf 82' lang='grc' dir='ltr'>κεφαλήν</span> <span class='ocrx_word' id='word_1_94' title='bbox 1756 1266 1835 1309; x_wconf 86' lang='grc' dir='ltr'><strong>τε,</strong></span> <span class='ocrx_word' id='word_1_95' title='bbox 1872 1250 1965 1302; x_wconf 76' lang='grc' dir='ltr'><strong>καὶ</strong></span> 
     </span>
    </p>
   </div>
   <div class='ocr_carea' id='block_1_14' title="bbox 396 1332 1965 1409">
    <p class='ocr_par' dir='ltr' id='par_1_14' title="bbox 396 1332 1965 1409">
     <span class='ocr_line' id='line_1_14' title="bbox 396 1332 1965 1409; baseline 0.006 -26"><span class='ocrx_word' id='word_1_96' title='bbox 396 1333 572 1402; x_wconf 89' lang='grc' dir='ltr'>χεῖρα,</span> <span class='ocrx_word' id='word_1_97' title='bbox 607 1333 703 1386; x_wconf 71' lang='grc' dir='ltr'><strong>καὶ</strong></span> <span class='ocrx_word' id='word_1_98' title='bbox 737 1332 939 1404; x_wconf 80' lang='grc' dir='ltr'>ὤμους,</span> <span class='ocrx_word' id='word_1_99' title='bbox 969 1336 1064 1389; x_wconf 73' lang='grc' dir='ltr'><strong>καὶ</strong></span> <span class='ocrx_word' id='word_1_100' title='bbox 1090 1336 1152 1389; x_wconf 88' lang='grc' dir='ltr'><strong>τὸ</strong></span> <span class='ocrx_word' id='word_1_101' title='bbox 1192 1336 1441 1390; x_wconf 84' lang='grc' dir='ltr'>πλεῖστον</span> <span class='ocrx_word' id='word_1_102' title='bbox 1472 1337 1636 1409; x_wconf 84' lang='grc' dir='ltr'>μέρος</span> <span class='ocrx_word' id='word_1_103' title='bbox 1670 1338 1765 1391; x_wconf 85' lang='grc' dir='ltr'><strong>τοῦ</strong></span> <span class='ocrx_word' id='word_1_104' title='bbox 1792 1340 1965 1392; x_wconf 86' lang='grc' dir='ltr'>Ποτα-</span> 
     </span>
    </p>
   </div>
   <div class='ocr_carea' id='block_1_15' title="bbox 399 1424 1965 1503">
    <p class='ocr_par' dir='ltr' id='par_1_15' title="bbox 399 1424 1965 1503">
     <span class='ocr_line' id='line_1_15' title="bbox 399 1424 1965 1503; baseline 0.005 -26"><span class='ocrx_word' id='word_1_105' title='bbox 399 1424 499 1495; x_wconf 86' lang='grc' dir='ltr'><strong>μοῦ</strong></span> <span class='ocrx_word' id='word_1_106' title='bbox 524 1443 538 1456; x_wconf 72' lang='grc' dir='ltr'><strong>ο</strong></span> <span class='ocrx_word' id='word_1_107' title='bbox 561 1427 760 1497; x_wconf 82' lang='grc' dir='ltr'>ὁμοίως</span> <span class='ocrx_word' id='word_1_108' title='bbox 791 1427 848 1481; x_wconf 83' lang='grc' dir='ltr'>δὲ</span> <span class='ocrx_word' id='word_1_109' title='bbox 883 1430 941 1482; x_wconf 81' lang='grc' dir='ltr'>ὲν</span> <span class='ocrx_word' id='word_1_110' title='bbox 960 1429 1168 1493; x_wconf 82' lang='grc' dir='ltr'>τούτοις</span> <span class='ocrx_word' id='word_1_111' title='bbox 1191 1431 1284 1483; x_wconf 76' lang='grc' dir='ltr'><strong>καὶ</strong></span> <span class='ocrx_word' id='word_1_112' title='bbox 1307 1432 1335 1484; x_wconf 98' lang='lat'><strong>6</strong></span> <span class='ocrx_word' id='word_1_113' title='bbox 1366 1433 1598 1503; x_wconf 84' lang='grc' dir='ltr'>Ἀρατος</span> <span class='ocrx_word' id='word_1_114' title='bbox 1630 1432 1828 1503; x_wconf 85' lang='grc' dir='ltr'>τρόπον</span> <span class='ocrx_word' id='word_1_115' title='bbox 1842 1431 1965 1485; x_wconf 81' lang='grc' dir='ltr'>τινὰ</span> 
     </span>
    </p>
   </div>
   <div class='ocr_carea' id='block_1_16' title="bbox 394 1517 1326 1597">
    <p class='ocr_par' dir='ltr' id='par_1_16' title="bbox 394 1517 1326 1597">
     <span class='ocr_line' id='line_1_16' title="bbox 394 1517 1326 1597; baseline 0.008 -29"><span class='ocrx_word' id='word_1_116' title='bbox 394 1517 820 1597; x_wconf 84' lang='grc' dir='ltr'>παραγέγραφεν</span> <span class='ocrx_word' id='word_1_117' title='bbox 849 1519 921 1573; x_wconf 81' lang='grc' dir='ltr'>τὰ</span> <span class='ocrx_word' id='word_1_118' title='bbox 951 1520 1045 1574; x_wconf 92' lang='grc' dir='ltr'><strong>τοῦ</strong></span> <span class='ocrx_word' id='word_1_119' title='bbox 1077 1521 1326 1587; x_wconf 77' lang='grc' dir='ltr'>Εὐδόξου.</span> 
     </span>
    </p>
   </div>
   <div class='ocr_carea' id='block_1_17' title="bbox 462 1652 1962 1731">
    <p class='ocr_par' dir='ltr' id='par_1_17' title="bbox 462 1652 1962 1731">
     <span class='ocr_line' id='line_1_17' title="bbox 462 1652 1962 1731; baseline 0.001 -22"><span class='ocrx_word' id='word_1_120' title='bbox 462 1655 543 1710; x_wconf 82' lang='grc' dir='ltr'>Τὰ</span> <span class='ocrx_word' id='word_1_121' title='bbox 565 1656 664 1725; x_wconf 85' lang='grc' dir='ltr'><strong>μὲν</strong></span> <span class='ocrx_word' id='word_1_122' title='bbox 697 1652 789 1711; x_wconf 79' lang='grc' dir='ltr'><strong>οὖν</strong></span> <span class='ocrx_word' id='word_1_123' title='bbox 820 1657 982 1712; x_wconf 79' lang='grc' dir='ltr'>λοιπὰ</span> <span class='ocrx_word' id='word_1_124' title='bbox 1013 1658 1104 1711; x_wconf 81' lang='grc' dir='ltr'>ὑπ’</span> <span class='ocrx_word' id='word_1_125' title='bbox 1135 1658 1313 1712; x_wconf 86' lang='grc' dir='ltr'>αὐτῶν</span> <span class='ocrx_word' id='word_1_126' title='bbox 1352 1658 1519 1728; x_wconf 81' lang='grc' dir='ltr'>ὑγιῶς</span> <span class='ocrx_word' id='word_1_127' title='bbox 1547 1657 1785 1731; x_wconf 73' lang='grc' dir='ltr'>εἴρηται·</span> <span class='ocrx_word' id='word_1_128' title='bbox 1833 1659 1962 1730; x_wconf 77' lang='grc' dir='ltr'>περὶ</span> 
     </span>
    </p>
   </div>
   <div class='ocr_carea' id='block_1_18' title="bbox 388 1749 1960 1824">
    <p class='ocr_par' dir='ltr' id='par_1_18' title="bbox 388 1749 1960 1824">
     <span class='ocr_line' id='line_1_18' title="bbox 388 1749 1960 1824; baseline 0.003 -22"><span class='ocrx_word' id='word_1_129' title='bbox 388 1749 445 1802; x_wconf 86' lang='grc' dir='ltr'>δὲ</span> <span class='ocrx_word' id='word_1_130' title='bbox 475 1749 569 1803; x_wconf 89' lang='grc' dir='ltr'><strong>τοῦ</strong></span> <span class='ocrx_word' id='word_1_131' title='bbox 609 1749 923 1823; x_wconf 82' lang='grc' dir='ltr'>Κενταύρου</span> <span class='ocrx_word' id='word_1_132' title='bbox 954 1751 1635 1822; x_wconf 63' lang='grc' dir='ltr'>ὁλοσχερῶςήγνοήκασιν.</span> <span class='ocrx_word' id='word_1_133' title='bbox 1668 1752 1805 1805; x_wconf 81' lang='grc' dir='ltr'>υῦτε</span> <span class='ocrx_word' id='word_1_134' title='bbox 1851 1752 1960 1824; x_wconf 79' lang='grc' dir='ltr'>γὰρ</span> 
     </span>
    </p>
   </div>
   <div class='ocr_carea' id='block_1_19' title="bbox 2071 617 3648 691">
    <p class='ocr_par' dir='ltr' id='par_1_19' title="bbox 2071 617 3648 691">
     <span class='ocr_line' id='line_1_19' title="bbox 2071 617 3648 691; baseline 0.004 -21"><span class='ocrx_word' id='word_1_135' title='bbox 2071 617 2281 673; x_wconf 90' lang='lat' dir='ltr'><strong>oriente</strong></span> <span class='ocrx_word' id='word_1_136' title='bbox 2315 628 2565 674; x_wconf 87' lang='lat' dir='ltr'><strong>versatur</strong></span> <span class='ocrx_word' id='word_1_137' title='bbox 2597 639 2610 673; x_wconf 88' lang='lat'><strong>:</strong></span> <span class='ocrx_word' id='word_1_138' title='bbox 2642 619 2922 677; x_wconf 88' lang='lat' dir='ltr'><strong>sinistram</strong></span> <span class='ocrx_word' id='word_1_139' title='bbox 2950 637 3116 691; x_wconf 90' lang='lat' dir='ltr'><strong>porro</strong></span> <span class='ocrx_word' id='word_1_140' title='bbox 3145 636 3365 675; x_wconf 91' lang='lat' dir='ltr'><strong>manum</strong></span> <span class='ocrx_word' id='word_1_141' title='bbox 3401 637 3523 676; x_wconf 91' lang='lat' dir='ltr'><strong>cum</strong></span> <span class='ocrx_word' id='word_1_142' title='bbox 3553 639 3648 676; x_wconf 90' lang='lat' dir='ltr'><strong>ca-</strong></span> 
     </span>
    </p>
   </div>
   <div class='ocr_carea' id='block_1_20' title="bbox 2069 712 3648 786">
    <p class='ocr_par' dir='ltr' id='par_1_20' title="bbox 2069 712 3648 786">
     <span class='ocr_line' id='line_1_20' title="bbox 2069 712 3648 786; baseline 0.004 -21"><span class='ocrx_word' id='word_1_143' title='bbox 2069 712 2182 781; x_wconf 88' lang='lat' dir='ltr'><strong>pite</strong></span> <span class='ocrx_word' id='word_1_144' title='bbox 2230 713 2517 768; x_wconf 87' lang='lat' dir='ltr'><strong>sublimem</strong></span> <span class='ocrx_word' id='word_1_145' title='bbox 2558 714 2729 769; x_wconf 83' lang='lat' dir='ltr'><strong>videri</strong></span> <span class='ocrx_word' id='word_1_146' title='bbox 2777 716 2989 769; x_wconf 79' lang='lat' dir='ltr'><strong>oriente</strong></span> <span class='ocrx_word' id='word_1_147' title='bbox 3032 713 3342 786; x_wconf 76' lang='lat' dir='ltr'><strong>Sagittario.</strong></span> <span class='ocrx_word' id='word_1_148' title='bbox 3381 715 3648 771; x_wconf 69' lang='lat' dir='ltr'><strong>Czcterum</strong></span> 
     </span>
    </p>
   </div>
   <div class='ocr_carea' id='block_1_21' title="bbox 2069 804 3649 869">
    <p class='ocr_par' dir='ltr' id='par_1_21' title="bbox 2069 804 3649 869">
     <span class='ocr_line' id='line_1_21' title="bbox 2069 804 3649 869; baseline 0.003 -13"><span class='ocrx_word' id='word_1_149' title='bbox 2069 819 2178 857; x_wconf 88' lang='lat' dir='ltr'><strong>una</strong></span> <span class='ocrx_word' id='word_1_150' title='bbox 2199 819 2321 858; x_wconf 90' lang='lat' dir='ltr'><strong>cum</strong></span> <span class='ocrx_word' id='word_1_151' title='bbox 2349 804 2531 860; x_wconf 83' lang='lat' dir='ltr'><strong>Chelis</strong></span> <span class='ocrx_word' id='word_1_152' title='bbox 2562 806 2695 859; x_wconf 90' lang='lat' dir='ltr'><strong>oriri</strong></span> <span class='ocrx_word' id='word_1_153' title='bbox 2724 805 2994 859; x_wconf 83' lang='lat' dir='ltr'><strong>Coronam</strong></span> <span class='ocrx_word' id='word_1_154' title='bbox 3026 806 3306 859; x_wconf 81' lang='lat' dir='ltr'><strong>dimidiam</strong></span> <span class='ocrx_word' id='word_1_155' title='bbox 3338 809 3554 869; x_wconf 87' lang='lat' dir='ltr'><strong>asserit,</strong></span> <span class='ocrx_word' id='word_1_156' title='bbox 3584 823 3649 861; x_wconf 91' lang='lat' dir='ltr'><strong>ac</strong></span> 
     </span>
    </p>
   </div>
   <div class='ocr_carea' id='block_1_22' title="bbox 2068 889 3648 964">
    <p class='ocr_par' dir='ltr' id='par_1_22' title="bbox 2068 889 3648 964">
     <span class='ocr_line' id='line_1_22' title="bbox 2068 889 3648 964; baseline 0.004 -21"><span class='ocrx_word' id='word_1_157' title='bbox 2068 889 2326 944; x_wconf 85' lang='lat' dir='ltr'><strong>Centauri</strong></span> <span class='ocrx_word' id='word_1_158' title='bbox 2368 890 2633 960; x_wconf 78' lang='lat' dir='ltr'><strong>caudam;</strong></span> <span class='ocrx_word' id='word_1_159' title='bbox 2679 892 2978 962; x_wconf 88' lang='lat' dir='ltr'><strong>eodemque</strong></span> <span class='ocrx_word' id='word_1_160' title='bbox 3016 901 3259 963; x_wconf 88' lang='lat' dir='ltr'><strong>tempore</strong></span> <span class='ocrx_word' id='word_1_161' title='bbox 3292 909 3358 947; x_wconf 75' lang='lat' dir='ltr'><strong>ex</strong></span> <span class='ocrx_word' id='word_1_162' title='bbox 3398 896 3648 964; x_wconf 86' lang='lat' dir='ltr'><strong>oppOsito</strong></span> 
     </span>
    </p>
   </div>
   <div class='ocr_carea' id='block_1_23' title="bbox 2068 981 3659 1057">
    <p class='ocr_par' dir='ltr' id='par_1_23' title="bbox 2068 981 3659 1057">
     <span class='ocr_line' id='line_1_23' title="bbox 2068 981 3659 1057; baseline 0.001 -21"><span class='ocrx_word' id='word_1_163' title='bbox 2068 981 2399 1038; x_wconf 85' lang='lat' dir='ltr'><strong>descendere</strong></span> <span class='ocrx_word' id='word_1_164' title='bbox 2424 984 2693 1054; x_wconf 85' lang='lat' dir='ltr'><strong>integrum</strong></span> <span class='ocrx_word' id='word_1_165' title='bbox 2717 1000 2918 1055; x_wconf 88' lang='lat' dir='ltr'><strong>corpus</strong></span> <span class='ocrx_word' id='word_1_166' title='bbox 2940 984 3079 1055; x_wconf 83' lang='lat' dir='ltr'><strong>Equi</strong></span> <span class='ocrx_word' id='word_1_167' title='bbox 3105 995 3159 1040; x_wconf 90' lang='lat' dir='ltr'><strong>et</strong></span> <span class='ocrx_word' id='word_1_168' title='bbox 3184 985 3415 1039; x_wconf 87' lang='lat' dir='ltr'><strong>caudam</strong></span> <span class='ocrx_word' id='word_1_169' title='bbox 3441 985 3608 1057; x_wconf 81' lang='lat' dir='ltr'><strong>Cygni</strong></span> <span class='ocrx_word' id='word_1_170' title='bbox 3627 1004 3659 1053; x_wconf 32' lang='lat'><strong>;,</strong></span> 
     </span>
    </p>
   </div>
   <div class='ocr_carea' id='block_1_24' title="bbox 2066 1068 3642 1143">
    <p class='ocr_par' dir='ltr' id='par_1_24' title="bbox 2066 1068 3642 1143">
     <span class='ocr_line' id='line_1_24' title="bbox 2066 1068 3642 1143; baseline 0.002 -16"><span class='ocrx_word' id='word_1_171' title='bbox 2066 1081 2232 1143; x_wconf 87' lang='lat' dir='ltr'><strong>caput</strong></span> <span class='ocrx_word' id='word_1_172' title='bbox 2272 1074 2650 1140; x_wconf 72' lang='lat' dir='ltr'><strong>Andromedae,</strong></span> <span class='ocrx_word' id='word_1_173' title='bbox 2692 1075 2883 1131; x_wconf 88' lang='lat' dir='ltr'><strong>Cetum</strong></span> <span class='ocrx_word' id='word_1_174' title='bbox 2923 1068 2953 1129; x_wconf 61' lang='lat'><strong>2.</strong></span> <span class='ocrx_word' id='word_1_175' title='bbox 2999 1077 3174 1131; x_wconf 88' lang='lat' dir='ltr'><strong>cauda</strong></span> <span class='ocrx_word' id='word_1_176' title='bbox 3204 1077 3417 1131; x_wconf 84' lang='lat' dir='ltr'><strong>cervice</strong></span> <span class='ocrx_word' id='word_1_177' title='bbox 3447 1082 3642 1143; x_wconf 85' lang='lat' dir='ltr'><strong>tenus;</strong></span> 
     </span>
    </p>
   </div>
   <div class='ocr_carea' id='block_1_25' title="bbox 2066 1141 3642 1237">
    <p class='ocr_par' dir='ltr' id='par_1_25' title="bbox 2066 1141 3642 1237">
     <span class='ocr_line' id='line_1_25' title="bbox 2066 1141 3642 1237; baseline 0.002 -17"><span class='ocrx_word' id='word_1_178' title='bbox 2066 1163 2267 1237; x_wconf 83' lang='lat' dir='ltr'><strong>Cephei</strong></span> <span class='ocrx_word' id='word_1_179' title='bbox 2317 1176 2481 1237; x_wconf 90' lang='lat' dir='ltr'><strong>caput</strong></span> <span class='ocrx_word' id='word_1_180' title='bbox 2536 1176 2591 1223; x_wconf 87' lang='lat' dir='ltr'><strong>et</strong></span> <span class='ocrx_word' id='word_1_181' title='bbox 2630 1183 2852 1223; x_wconf 90' lang='lat' dir='ltr'><strong>manum</strong></span> <span class='ocrx_word' id='word_1_182' title='bbox 2896 1184 3020 1223; x_wconf 92' lang='lat' dir='ltr'><strong>cum</strong></span> <span class='ocrx_word' id='word_1_183' title='bbox 3070 1168 3335 1233; x_wconf 87' lang='lat' dir='ltr'><strong>humeris,</strong></span> <span class='ocrx_word' id='word_1_184' title='bbox 3387 1183 3451 1222; x_wconf 88' lang='lat' dir='ltr'><strong>ac</strong></span> <span class='ocrx_word' id='word_1_185' title='bbox 3494 1141 3642 1223; x_wconf 73' lang='lat' dir='ltr'><strong>iiuvii</strong></span> 
     </span>
    </p>
   </div>
   <div class='ocr_carea' id='block_1_26' title="bbox 2064 1248 3651 1332">
    <p class='ocr_par' dir='ltr' id='par_1_26' title="bbox 2064 1248 3651 1332">
     <span class='ocr_line' id='line_1_26' title="bbox 2064 1248 3651 1332; baseline 0.003 -22"><span class='ocrx_word' id='word_1_186' title='bbox 2064 1248 2354 1312; x_wconf 78' lang='lat' dir='ltr'><strong>maximam</strong></span> <span class='ocrx_word' id='word_1_187' title='bbox 2402 1268 2631 1329; x_wconf 89' lang='lat' dir='ltr'><strong>partem.</strong></span> <span class='ocrx_word' id='word_1_188' title='bbox 2671 1259 2731 1316; x_wconf 85' lang='lat' dir='ltr'><strong>In</strong></span> <span class='ocrx_word' id='word_1_189' title='bbox 2776 1262 2979 1332; x_wconf 83' lang='lat' dir='ltr'><strong>quibus</strong></span> <span class='ocrx_word' id='word_1_190' title='bbox 3018 1261 3270 1316; x_wconf 87' lang='lat' dir='ltr'><strong>similiter</strong></span> <span class='ocrx_word' id='word_1_191' title='bbox 3305 1261 3506 1315; x_wconf 88' lang='lat' dir='ltr'><strong>Aratus</strong></span> <span class='ocrx_word' id='word_1_192' title='bbox 3531 1259 3651 1314; x_wconf 64' lang='grc' dir='ltr'><strong>Ευς</strong></span> 
     </span>
    </p>
   </div>
   <div class='ocr_carea' id='block_1_27' title="bbox 2062 1343 3640 1416">
    <p class='ocr_par' dir='ltr' id='par_1_27' title="bbox 2062 1343 3640 1416">
     <span class='ocr_line' id='line_1_27' title="bbox 2062 1343 3640 1416; baseline 0.004 -19"><span class='ocrx_word' id='word_1_193' title='bbox 2062 1343 2190 1398; x_wconf 79' lang='lat' dir='ltr'><strong>doxi</strong></span> <span class='ocrx_word' id='word_1_194' title='bbox 2243 1346 2441 1412; x_wconf 88' lang='lat' dir='ltr'><strong>locum,</strong></span> <span class='ocrx_word' id='word_1_195' title='bbox 2486 1350 2836 1405; x_wconf 80' lang='lat' dir='ltr'><strong>commutatis</strong></span> <span class='ocrx_word' id='word_1_196' title='bbox 2887 1350 3091 1416; x_wconf 83' lang='lat' dir='ltr'><strong>verbis,</strong></span> <span class='ocrx_word' id='word_1_197' title='bbox 3140 1350 3196 1405; x_wconf 89' lang='lat' dir='ltr'><strong>in</strong></span> <span class='ocrx_word' id='word_1_198' title='bbox 3244 1350 3442 1405; x_wconf 90' lang='lat' dir='ltr'><strong>librum</strong></span> <span class='ocrx_word' id='word_1_199' title='bbox 3479 1365 3640 1405; x_wconf 86' lang='lat' dir='ltr'><strong>suum</strong></span> 
     </span>
    </p>
   </div>
   <div class='ocr_carea' id='block_1_28' title="bbox 2063 1437 2362 1492">
    <p class='ocr_par' dir='ltr' id='par_1_28' title="bbox 2063 1437 2362 1492">
     <span class='ocr_line' id='line_1_28' title="bbox 2063 1437 2362 1492; baseline 0.01 -3"><span class='ocrx_word' id='word_1_200' title='bbox 2063 1437 2362 1492; x_wconf 88' lang='lat' dir='ltr'><strong>transtulit.</strong></span> 
     </span>
    </p>
   </div>
   <div class='ocr_carea' id='block_1_29' title="bbox 2128 1637 3650 1710">
    <p class='ocr_par' dir='ltr' id='par_1_29' title="bbox 2128 1637 3650 1710">
     <span class='ocr_line' id='line_1_29' title="bbox 2128 1637 3650 1710; baseline 0.003 -18"><span class='ocrx_word' id='word_1_201' title='bbox 2128 1637 2209 1694; x_wconf 83' lang='lat' dir='ltr'><strong>Ac</strong></span> <span class='ocrx_word' id='word_1_202' title='bbox 2252 1647 2449 1694; x_wconf 85' lang='lat' dir='ltr'><strong>caetera</strong></span> <span class='ocrx_word' id='word_1_203' title='bbox 2484 1638 2702 1710; x_wconf 84' lang='lat' dir='ltr'><strong>quidem</strong></span> <span class='ocrx_word' id='word_1_204' title='bbox 2731 1638 2799 1694; x_wconf 88' lang='lat' dir='ltr'><strong>ab</strong></span> <span class='ocrx_word' id='word_1_205' title='bbox 2837 1639 3105 1696; x_wconf 87' lang='lat' dir='ltr'><strong>ambobus</strong></span> <span class='ocrx_word' id='word_1_206' title='bbox 3138 1647 3266 1697; x_wconf 89' lang='lat' dir='ltr'><strong>sunt</strong></span> <span class='ocrx_word' id='word_1_207' title='bbox 3295 1638 3440 1694; x_wconf 86' lang='lat' dir='ltr'><strong>dicta</strong></span> <span class='ocrx_word' id='word_1_208' title='bbox 3474 1641 3650 1697; x_wconf 70' lang='lat' dir='ltr'><strong>reris-</strong></span> 
     </span>
    </p>
   </div>
   <div class='ocr_carea' id='block_1_30' title="bbox 2061 1731 3638 1804">
    <p class='ocr_par' dir='ltr' id='par_1_30' title="bbox 2061 1731 3638 1804">
     <span class='ocr_line' id='line_1_30' title="bbox 2061 1731 3638 1804; baseline -0.001 -15"><span class='ocrx_word' id='word_1_209' title='bbox 2061 1733 2198 1789; x_wconf 88' lang='lat' dir='ltr'><strong>sime</strong></span> <span class='ocrx_word' id='word_1_210' title='bbox 2224 1750 2239 1799; x_wconf 89' lang='lat'><strong>;</strong></span> <span class='ocrx_word' id='word_1_211' title='bbox 2277 1733 2331 1787; x_wconf 91' lang='lat' dir='ltr'><strong>in</strong></span> <span class='ocrx_word' id='word_1_212' title='bbox 2362 1732 2637 1788; x_wconf 90' lang='lat' dir='ltr'><strong>Centauro</strong></span> <span class='ocrx_word' id='word_1_213' title='bbox 2665 1734 2824 1804; x_wconf 87' lang='lat' dir='ltr'><strong>plane</strong></span> <span class='ocrx_word' id='word_1_214' title='bbox 2856 1733 3067 1802; x_wconf 84' lang='lat' dir='ltr'><strong>decepti</strong></span> <span class='ocrx_word' id='word_1_215' title='bbox 3101 1741 3249 1787; x_wconf 90' lang='lat' dir='ltr'><strong>sunt.</strong></span> <span class='ocrx_word' id='word_1_216' title='bbox 3280 1731 3416 1787; x_wconf 87' lang='lat' dir='ltr'><strong>Nam</strong></span> <span class='ocrx_word' id='word_1_217' title='bbox 3458 1749 3638 1803; x_wconf 86' lang='lat' dir='ltr'><strong>neque</strong></span> 
     </span>
    </p>
   </div>
   <div class='ocr_carea' id='block_1_31' title="bbox 389 1824 1946 1913">
    <p class='ocr_par' dir='ltr' id='par_1_31' title="bbox 389 1841 1946 1913">
     <span class='ocr_line' id='line_1_31' title="bbox 389 1841 1946 1913; baseline 0.001 -19"><span class='ocrx_word' id='word_1_218' title='bbox 389 1842 424 1911; x_wconf 83' lang='grc' dir='ltr'>ὴ</span> <span class='ocrx_word' id='word_1_219' title='bbox 447 1841 583 1913; x_wconf 75' lang='grc' dir='ltr'>οὐρὰ</span> <span class='ocrx_word' id='word_1_220' title='bbox 609 1842 796 1906; x_wconf 85' lang='grc' dir='ltr'>αὐτοῦ,</span> <span class='ocrx_word' id='word_1_221' title='bbox 837 1841 960 1895; x_wconf 79' lang='grc' dir='ltr'>οὔτε</span> <span class='ocrx_word' id='word_1_222' title='bbox 999 1842 1224 1896; x_wconf 83' lang='grc' dir='ltr'>καθόλου</span> <span class='ocrx_word' id='word_1_223' title='bbox 1265 1843 1336 1896; x_wconf 81' lang='grc' dir='ltr'>τὰ</span> <span class='ocrx_word' id='word_1_224' title='bbox 1366 1842 1586 1897; x_wconf 83' lang='grc' dir='ltr'>ὀπίσθια</span> <span class='ocrx_word' id='word_1_225' title='bbox 1625 1845 1801 1898; x_wconf 83' lang='grc' dir='ltr'>πάντα</span> <span class='ocrx_word' id='word_1_226' title='bbox 1824 1844 1946 1896; x_wconf 88' lang='grc' dir='ltr'>ἀνα-</span> 
     </span>
    </p>
   </div>
   <div class='ocr_carea' id='block_1_32' title="bbox 2047 1824 3636 1913">
    <p class='ocr_par' dir='ltr' id='par_1_32' title="bbox 2060 1824 3636 1897">
     <span class='ocr_line' id='line_1_32' title="bbox 2060 1824 3636 1897; baseline 0 -18"><span class='ocrx_word' id='word_1_227' title='bbox 2060 1825 2233 1880; x_wconf 86' lang='lat' dir='ltr'><strong>cauda</strong></span> <span class='ocrx_word' id='word_1_228' title='bbox 2272 1824 2465 1895; x_wconf 85' lang='lat' dir='ltr'><strong>ipsius,</strong></span> <span class='ocrx_word' id='word_1_229' title='bbox 2512 1841 2691 1897; x_wconf 87' lang='lat' dir='ltr'><strong>neque</strong></span> <span class='ocrx_word' id='word_1_230' title='bbox 2736 1826 3068 1896; x_wconf 85' lang='lat' dir='ltr'><strong>posteriores</strong></span> <span class='ocrx_word' id='word_1_231' title='bbox 3102 1841 3292 1880; x_wconf 87' lang='lat' dir='ltr'><strong>omnes</strong></span> <span class='ocrx_word' id='word_1_232' title='bbox 3330 1832 3533 1895; x_wconf 91' lang='lat' dir='ltr'><strong>partes,</strong></span> <span class='ocrx_word' id='word_1_233' title='bbox 3576 1834 3636 1879; x_wconf 91' lang='lat' dir='ltr'><strong>ut</strong></span> 
     </span>
    </p>
   </div>
   <div class='ocr_carea' id='block_1_33' title="bbox 386 1928 1959 2006">
    <p class='ocr_par' dir='ltr' id='par_1_33' title="bbox 386 1928 1959 2006">
     <span class='ocr_line' id='line_1_33' title="bbox 386 1928 1959 2006; baseline 0.001 -20"><span class='ocrx_word' id='word_1_234' title='bbox 386 1932 583 1997; x_wconf 79' lang='grc' dir='ltr'>τέλλει,</span> <span class='ocrx_word' id='word_1_235' title='bbox 628 1933 764 1987; x_wconf 87' lang='grc' dir='ltr'><strong>ἀλλά</strong></span> <span class='ocrx_word' id='word_1_236' title='bbox 786 1936 816 1987; x_wconf 92' lang='lat'><strong>6</strong></span> <span class='ocrx_word' id='word_1_237' title='bbox 847 1934 1133 2006; x_wconf 79' lang='grc' dir='ltr'>ἀριστερὸς</span> <span class='ocrx_word' id='word_1_238' title='bbox 1159 1928 1337 2005; x_wconf 79' lang='grc' dir='ltr'>ὦμος·</span> <span class='ocrx_word' id='word_1_239' title='bbox 1380 1933 1558 2005; x_wconf 85' lang='grc' dir='ltr'>πολλῷ</span> <span class='ocrx_word' id='word_1_240' title='bbox 1582 1936 1688 2006; x_wconf 84' lang='grc' dir='ltr'>γάρ</span> <span class='ocrx_word' id='word_1_241' title='bbox 1721 1937 1837 1989; x_wconf 80' lang='grc' dir='ltr'>ἐστι</span> <span class='ocrx_word' id='word_1_242' title='bbox 1872 1935 1959 2004; x_wconf 84' lang='grc' dir='ltr'><strong>βο-</strong></span> 
     </span>
    </p>
   </div>
   <div class='ocr_carea' id='block_1_34' title="bbox 391 2024 1953 2099">
    <p class='ocr_par' dir='ltr' id='par_1_34' title="bbox 391 2024 1953 2099">
     <span class='ocr_line' id='line_1_34' title="bbox 391 2024 1953 2099; baseline 0.003 -21"><span class='ocrx_word' id='word_1_243' title='bbox 391 2025 691 2097; x_wconf 80' lang='grc' dir='ltr'>ρειότερος-</span> <span class='ocrx_word' id='word_1_244' title='bbox 721 2024 844 2079; x_wconf 81' lang='grc' dir='ltr'>οῦτε</span> <span class='ocrx_word' id='word_1_245' title='bbox 878 2029 944 2097; x_wconf 81' lang='grc' dir='ltr'>τῇ</span> <span class='ocrx_word' id='word_1_246' title='bbox 976 2026 1235 2098; x_wconf 81' lang='grc' dir='ltr'>Παρθένῳ</span> <span class='ocrx_word' id='word_1_247' title='bbox 1274 2028 1497 2099; x_wconf 78' lang='grc' dir='ltr'>ἄρχεται</span> <span class='ocrx_word' id='word_1_248' title='bbox 1529 2029 1953 2094; x_wconf 84' lang='grc' dir='ltr'>συνανατέλλειν,</span> 
     </span>
    </p>
   </div>
   <div class='ocr_carea' id='block_1_35' title="bbox 385 2113 1955 2191">
    <p class='ocr_par' dir='ltr' id='par_1_35' title="bbox 385 2113 1955 2191">
     <span class='ocr_line' id='line_1_35' title="bbox 385 2113 1955 2191; baseline 0.003 -23"><span class='ocrx_word' id='word_1_249' title='bbox 385 2114 463 2180; x_wconf 76' lang='grc' dir='ltr'>ὥς</span> <span class='ocrx_word' id='word_1_250' title='bbox 486 2132 670 2188; x_wconf 86' lang='grc' dir='ltr'>φησιν,</span> <span class='ocrx_word' id='word_1_251' title='bbox 697 2115 835 2170; x_wconf 88' lang='grc' dir='ltr'><strong>ἀλλά</strong></span> <span class='ocrx_word' id='word_1_252' title='bbox 855 2120 973 2182; x_wconf 86' lang='grc' dir='ltr'>ταῖς</span> <span class='ocrx_word' id='word_1_253' title='bbox 993 2118 1217 2187; x_wconf 87' lang='grc' dir='ltr'>Χηλαῖς.</span> <span class='ocrx_word' id='word_1_254' title='bbox 1261 2118 1319 2171; x_wconf 86' lang='lat'><strong>&#39;0</strong></span> <span class='ocrx_word' id='word_1_255' title='bbox 1349 2118 1457 2188; x_wconf 80' lang='grc' dir='ltr'>γὰρ</span> <span class='ocrx_word' id='word_1_256' title='bbox 1501 2119 1784 2191; x_wconf 81' lang='grc' dir='ltr'>ἀριστερὸς</span> <span class='ocrx_word' id='word_1_257' title='bbox 1806 2113 1955 2190; x_wconf 81' lang='grc' dir='ltr'>ὦμος</span> 
     </span>
    </p>
   </div>
   <div class='ocr_carea' id='block_1_36' title="bbox 384 2207 1954 2282">
    <p class='ocr_par' dir='ltr' id='par_1_36' title="bbox 384 2207 1954 2282">
     <span class='ocr_line' id='line_1_36' title="bbox 384 2207 1954 2282; baseline 0.001 -20"><span class='ocrx_word' id='word_1_258' title='bbox 384 2207 549 2262; x_wconf 81' lang='grc' dir='ltr'>αὐτοῦ</span> <span class='ocrx_word' id='word_1_259' title='bbox 596 2208 974 2262; x_wconf 88' lang='grc' dir='ltr'>συνανατέλλει</span> <span class='ocrx_word' id='word_1_260' title='bbox 1011 2212 1076 2281; x_wconf 76' lang='grc' dir='ltr'>τῇ</span> <span class='ocrx_word' id='word_1_261' title='bbox 1113 2216 1180 2263; x_wconf 82' lang='grc' dir='ltr'>ια’</span> <span class='ocrx_word' id='word_1_262' title='bbox 1214 2210 1325 2280; x_wconf 79' lang='grc' dir='ltr'>μοι.</span> <span class='ocrx_word' id='word_1_263' title='bbox 1357 2210 1466 2263; x_wconf 89' lang='grc' dir='ltr'><strong>τῶν</strong></span> <span class='ocrx_word' id='word_1_264' title='bbox 1501 2210 1715 2282; x_wconf 85' lang='grc' dir='ltr'>Χηλῶν.</span> <span class='ocrx_word' id='word_1_265' title='bbox 1757 2212 1866 2281; x_wconf 82' lang='grc' dir='ltr'>Τῆς</span> <span class='ocrx_word' id='word_1_266' title='bbox 1898 2211 1954 2264; x_wconf 78' lang='grc' dir='ltr'>δὲ</span> 
     </span>
    </p>
   </div>
   <div class='ocr_carea' id='block_1_37' title="bbox 395 2297 1955 2372">
    <p class='ocr_par' dir='ltr' id='par_1_37' title="bbox 395 2297 1955 2372">
     <span class='ocr_line' id='line_1_37' title="bbox 395 2297 1955 2372; baseline 0.003 -22"><span class='ocrx_word' id='word_1_267' title='bbox 395 2297 751 2369; x_wconf 80' lang='grc' dir='ltr'>Ἀνδρομέδας</span> <span class='ocrx_word' id='word_1_268' title='bbox 773 2300 833 2352; x_wconf 83' lang='grc' dir='ltr'><strong>ού</strong></span> <span class='ocrx_word' id='word_1_269' title='bbox 862 2300 1021 2370; x_wconf 80' lang='grc' dir='ltr'>μόνον</span> <span class='ocrx_word' id='word_1_270' title='bbox 1062 2302 1095 2370; x_wconf 88' lang='grc' dir='ltr'><strong>ἡ</strong></span> <span class='ocrx_word' id='word_1_271' title='bbox 1129 2300 1339 2372; x_wconf 81' lang='grc' dir='ltr'>κεφαλὴ</span> <span class='ocrx_word' id='word_1_272' title='bbox 1363 2301 1568 2366; x_wconf 82' lang='grc' dir='ltr'>δέδυκε,</span> <span class='ocrx_word' id='word_1_273' title='bbox 1612 2302 1720 2354; x_wconf 84' lang='grc' dir='ltr'><strong>τῶν</strong></span> <span class='ocrx_word' id='word_1_274' title='bbox 1759 2301 1955 2372; x_wconf 83' lang='grc' dir='ltr'>Χηλῶν</span> 
     </span>
    </p>
   </div>
   <div class='ocr_carea' id='block_1_38' title="bbox 382 2391 1955 2466">
    <p class='ocr_par' dir='ltr' id='par_1_38' title="bbox 382 2391 1955 2466">
     <span class='ocr_line' id='line_1_38' title="bbox 382 2391 1955 2466; baseline 0.003 -23"><span class='ocrx_word' id='word_1_275' title='bbox 382 2391 520 2464; x_wconf 82' lang='grc' dir='ltr'>πρὸς</span> <span class='ocrx_word' id='word_1_276' title='bbox 551 2395 617 2463; x_wconf 79' lang='grc' dir='ltr'>τῇ</span> <span class='ocrx_word' id='word_1_277' title='bbox 642 2393 868 2465; x_wconf 82' lang='grc' dir='ltr'>ἀνατολῇ</span> <span class='ocrx_word' id='word_1_278' title='bbox 909 2393 1105 2462; x_wconf 81' lang='grc' dir='ltr'>οὐσῶν,</span> <span class='ocrx_word' id='word_1_279' title='bbox 1139 2394 1274 2448; x_wconf 87' lang='grc' dir='ltr'><strong>ἀλλά</strong></span> <span class='ocrx_word' id='word_1_280' title='bbox 1305 2395 1399 2449; x_wconf 74' lang='grc' dir='ltr'>καὶ</span> <span class='ocrx_word' id='word_1_281' title='bbox 1422 2397 1477 2448; x_wconf 75' lang='grc' dir='ltr'>αἱ</span> <span class='ocrx_word' id='word_1_282' title='bbox 1506 2397 1683 2466; x_wconf 84' lang='grc' dir='ltr'>χεῖρες</span> <span class='ocrx_word' id='word_1_283' title='bbox 1717 2395 1955 2466; x_wconf 84' lang='grc' dir='ltr'>ἀμφότε-</span> 
     </span>
    </p>
   </div>
   <div class='ocr_carea' id='block_1_39' title="bbox 384 2480 1942 2556">
    <p class='ocr_par' dir='ltr' id='par_1_39' title="bbox 384 2480 1942 2556">
     <span class='ocr_line' id='line_1_39' title="bbox 384 2480 1942 2556; baseline 0.003 -23"><span class='ocrx_word' id='word_1_284' title='bbox 384 2497 496 2551; x_wconf 86' lang='grc' dir='ltr'>ραι.</span> <span class='ocrx_word' id='word_1_285' title='bbox 526 2480 600 2533; x_wconf 82' lang='grc' dir='ltr'>Τὸ</span> <span class='ocrx_word' id='word_1_286' title='bbox 635 2481 691 2534; x_wconf 84' lang='grc' dir='ltr'>δὲ</span> <span class='ocrx_word' id='word_1_287' title='bbox 720 2481 897 2550; x_wconf 85' lang='grc' dir='ltr'>Κῆτος</span> <span class='ocrx_word' id='word_1_288' title='bbox 926 2482 985 2534; x_wconf 82' lang='grc' dir='ltr'>οὐ</span> <span class='ocrx_word' id='word_1_289' title='bbox 1017 2486 1085 2554; x_wconf 81' lang='grc' dir='ltr'>τῇ</span> <span class='ocrx_word' id='word_1_290' title='bbox 1111 2481 1373 2555; x_wconf 82' lang='grc' dir='ltr'>Παρθένῳ</span> <span class='ocrx_word' id='word_1_291' title='bbox 1398 2482 1627 2556; x_wconf 76' lang='grc' dir='ltr'>ἄρχεται</span> <span class='ocrx_word' id='word_1_292' title='bbox 1662 2486 1942 2537; x_wconf 83' lang='grc' dir='ltr'>ἀντικατα-</span> 
     </span>
    </p>
   </div>
   <div class='ocr_carea' id='block_1_40' title="bbox 378 2567 1952 2649">
    <p class='ocr_par' dir='ltr' id='par_1_40' title="bbox 378 2567 1952 2649">
     <span class='ocr_line' id='line_1_40' title="bbox 378 2567 1952 2649; baseline 0.003 -23"><span class='ocrx_word' id='word_1_293' title='bbox 378 2573 575 2638; x_wconf 87' lang='grc' dir='ltr'>δύνειν,</span> <span class='ocrx_word' id='word_1_294' title='bbox 599 2574 676 2638; x_wconf 84' lang='grc' dir='ltr'>ὠς</span> <span class='ocrx_word' id='word_1_295' title='bbox 702 2567 847 2627; x_wconf 77' lang='grc' dir='ltr'>οὗτοί</span> <span class='ocrx_word' id='word_1_296' title='bbox 877 2592 1060 2642; x_wconf 83' lang='grc' dir='ltr'>φασιν,</span> <span class='ocrx_word' id='word_1_297' title='bbox 1094 2575 1229 2630; x_wconf 83' lang='grc' dir='ltr'><strong>ἀλλά</strong></span> <span class='ocrx_word' id='word_1_298' title='bbox 1271 2575 1348 2646; x_wconf 83' lang='grc' dir='ltr'><strong>τῷ</strong></span> <span class='ocrx_word' id='word_1_299' title='bbox 1377 2577 1583 2630; x_wconf 88' lang='grc' dir='ltr'>Λέοντι.</span> <span class='ocrx_word' id='word_1_300' title='bbox 1611 2576 1731 2630; x_wconf 87' lang='grc' dir='ltr'>Τῶν</span> <span class='ocrx_word' id='word_1_301' title='bbox 1758 2578 1867 2649; x_wconf 80' lang='grc' dir='ltr'>γὰρ</span> <span class='ocrx_word' id='word_1_302' title='bbox 1893 2579 1952 2631; x_wconf 82' lang='grc' dir='ltr'>ὲν</span> 
     </span>
    </p>
   </div>
   <div class='ocr_carea' id='block_1_41' title="bbox 376 2666 1953 2741">
    <p class='ocr_par' dir='ltr' id='par_1_41' title="bbox 376 2666 1953 2741">
     <span class='ocr_line' id='line_1_41' title="bbox 376 2666 1953 2741; baseline 0.003 -21"><span class='ocrx_word' id='word_1_303' title='bbox 376 2669 444 2738; x_wconf 80' lang='grc' dir='ltr'>τῇ</span> <span class='ocrx_word' id='word_1_304' title='bbox 467 2667 602 2739; x_wconf 79' lang='grc' dir='ltr'>οὐρᾷ</span> <span class='ocrx_word' id='word_1_305' title='bbox 627 2666 791 2721; x_wconf 83' lang='grc' dir='ltr'>αὐτοῦ</span> <span class='ocrx_word' id='word_1_306' title='bbox 824 2668 865 2738; x_wconf 86' lang='grc' dir='ltr'><strong>β’</strong></span> <span class='ocrx_word' id='word_1_307' title='bbox 901 2667 1167 2740; x_wconf 83' lang='grc' dir='ltr'>λαμπρῶν</span> <span class='ocrx_word' id='word_1_308' title='bbox 1194 2670 1222 2721; x_wconf 93' lang='lat'><strong>6</strong></span> <span class='ocrx_word' id='word_1_309' title='bbox 1252 2669 1350 2739; x_wconf 87' lang='grc' dir='ltr'><strong>μὲν</strong></span> <span class='ocrx_word' id='word_1_310' title='bbox 1380 2669 1696 2741; x_wconf 87' lang='grc' dir='ltr'>νοτιώτερος</span> <span class='ocrx_word' id='word_1_311' title='bbox 1732 2671 1953 2724; x_wconf 82' lang='grc' dir='ltr'>ἀντικα-</span> 
     </span>
    </p>
   </div>
   <div class='ocr_carea' id='block_1_42' title="bbox 376 2756 1950 2831">
    <p class='ocr_par' dir='ltr' id='par_1_42' title="bbox 376 2756 1950 2831">
     <span class='ocr_line' id='line_1_42' title="bbox 376 2756 1950 2831; baseline 0.003 -21"><span class='ocrx_word' id='word_1_312' title='bbox 376 2757 591 2812; x_wconf 85' lang='grc' dir='ltr'>ταδύνει</span> <span class='ocrx_word' id='word_1_313' title='bbox 623 2758 760 2831; x_wconf 82' lang='grc' dir='ltr'>μέσῃ</span> <span class='ocrx_word' id='word_1_314' title='bbox 786 2761 855 2830; x_wconf 80' lang='grc' dir='ltr'>τῇ</span> <span class='ocrx_word' id='word_1_315' title='bbox 892 2756 936 2822; x_wconf 76' lang='grc' dir='ltr'><strong>ζ’</strong></span> <span class='ocrx_word' id='word_1_316' title='bbox 975 2761 1069 2812; x_wconf 85' lang='grc' dir='ltr'>καὶ</span> <span class='ocrx_word' id='word_1_317' title='bbox 1101 2760 1150 2813; x_wconf 81' lang='grc' dir='ltr'>κ’</span> <span class='ocrx_word' id='word_1_318' title='bbox 1181 2761 1290 2831; x_wconf 82' lang='grc' dir='ltr'>μοι.</span> <span class='ocrx_word' id='word_1_319' title='bbox 1320 2760 1412 2814; x_wconf 91' lang='grc' dir='ltr'><strong>τοῦ</strong></span> <span class='ocrx_word' id='word_1_320' title='bbox 1444 2761 1698 2824; x_wconf 83' lang='grc' dir='ltr'>Λέοντος’</span> <span class='ocrx_word' id='word_1_321' title='bbox 1730 2761 1791 2814; x_wconf 81' lang='grc' dir='ltr'>τὸ</span> <span class='ocrx_word' id='word_1_322' title='bbox 1821 2762 1950 2831; x_wconf 80' lang='grc' dir='ltr'>μέν·</span> 
     </span>
    </p>
   </div>
   <div class='ocr_carea' id='block_1_43' title="bbox 375 2850 1951 2924">
    <p class='ocr_par' dir='ltr' id='par_1_43' title="bbox 375 2850 1951 2924">
     <span class='ocr_line' id='line_1_43' title="bbox 375 2850 1951 2924; baseline 0.001 -20"><span class='ocrx_word' id='word_1_323' title='bbox 375 2867 526 2920; x_wconf 88' lang='grc' dir='ltr'>τοιγε</span> <span class='ocrx_word' id='word_1_324' title='bbox 559 2850 744 2905; x_wconf 79' lang='grc' dir='ltr'>λοιπὸν</span> <span class='ocrx_word' id='word_1_325' title='bbox 780 2851 938 2921; x_wconf 82' lang='grc' dir='ltr'>σῶμα</span> <span class='ocrx_word' id='word_1_326' title='bbox 966 2851 1059 2905; x_wconf 91' lang='grc' dir='ltr'><strong>τοῦ</strong></span> <span class='ocrx_word' id='word_1_327' title='bbox 1097 2853 1315 2923; x_wconf 80' lang='grc' dir='ltr'>Κήτους</span> <span class='ocrx_word' id='word_1_328' title='bbox 1338 2853 1436 2922; x_wconf 82' lang='grc' dir='ltr'><strong>οὐχ</strong></span> <span class='ocrx_word' id='word_1_329' title='bbox 1461 2852 1579 2906; x_wconf 81' lang='grc' dir='ltr'>ὅλον</span> <span class='ocrx_word' id='word_1_330' title='bbox 1599 2855 1665 2923; x_wconf 79' lang='grc' dir='ltr'>τῇ</span> <span class='ocrx_word' id='word_1_331' title='bbox 1690 2851 1951 2924; x_wconf 84' lang='grc' dir='ltr'>Παρθένῳ</span> 
     </span>
    </p>
   </div>
   <div class='ocr_carea' id='block_1_44' title="bbox 376 2941 1950 3013">
    <p class='ocr_par' dir='ltr' id='par_1_44' title="bbox 376 2941 1950 3013">
     <span class='ocr_line' id='line_1_44' title="bbox 376 2941 1950 3013; baseline -0.001 -17"><span class='ocrx_word' id='word_1_332' title='bbox 376 2941 802 3006; x_wconf 83' lang='grc' dir='ltr'>ἀντικαταδύνει,</span> <span class='ocrx_word' id='word_1_333' title='bbox 842 2942 957 2995; x_wconf 83' lang='grc' dir='ltr'>ἀλλ’</span> <span class='ocrx_word' id='word_1_334' title='bbox 990 2942 1094 3006; x_wconf 79' lang='grc' dir='ltr'>ἓως</span> <span class='ocrx_word' id='word_1_335' title='bbox 1139 2943 1238 3012; x_wconf 82' lang='grc' dir='ltr'>τῆς</span> <span class='ocrx_word' id='word_1_336' title='bbox 1284 2942 1495 3012; x_wconf 78' lang='grc' dir='ltr'>λοφίας,</span> <span class='ocrx_word' id='word_1_337' title='bbox 1540 2942 1616 3005; x_wconf 88' lang='grc' dir='ltr'>ὡς</span> <span class='ocrx_word' id='word_1_338' title='bbox 1657 2944 1685 2994; x_wconf 92' lang='lat'><strong>6</strong></span> <span class='ocrx_word' id='word_1_339' title='bbox 1716 2942 1950 3013; x_wconf 84' lang='grc' dir='ltr'>Ἀρατός</span> 
     </span>
    </p>
   </div>
   <div class='ocr_carea' id='block_1_45' title="bbox 377 3032 1947 3106">
    <p class='ocr_par' dir='ltr' id='par_1_45' title="bbox 377 3032 1947 3106">
     <span class='ocr_line' id='line_1_45' title="bbox 377 3032 1947 3106; baseline 0 -20"><span class='ocrx_word' id='word_1_340' title='bbox 377 3050 561 3104; x_wconf 88' lang='grc' dir='ltr'>φησιν.</span> <span class='ocrx_word' id='word_1_341' title='bbox 596 3033 702 3086; x_wconf 92' lang='grc' dir='ltr'><strong>Τοῦ</strong></span> <span class='ocrx_word' id='word_1_342' title='bbox 735 3033 792 3087; x_wconf 82' lang='grc' dir='ltr'>δὲ</span> <span class='ocrx_word' id='word_1_343' title='bbox 831 3034 1065 3102; x_wconf 81' lang='grc' dir='ltr'>Κηφέως</span> <span class='ocrx_word' id='word_1_344' title='bbox 1097 3035 1132 3105; x_wconf 79' lang='grc' dir='ltr'>ἡ</span> <span class='ocrx_word' id='word_1_345' title='bbox 1161 3032 1369 3106; x_wconf 85' lang='grc' dir='ltr'>κεφαλὴ</span> <span class='ocrx_word' id='word_1_346' title='bbox 1404 3034 1561 3105; x_wconf 88' lang='grc' dir='ltr'>μόνον</span> <span class='ocrx_word' id='word_1_347' title='bbox 1601 3032 1776 3087; x_wconf 88' lang='grc' dir='ltr'>δύνει·</span> <span class='ocrx_word' id='word_1_348' title='bbox 1810 3035 1860 3087; x_wconf 75' lang='grc' dir='ltr'><strong>οἱ</strong></span> <span class='ocrx_word' id='word_1_349' title='bbox 1890 3033 1947 3086; x_wconf 86' lang='grc' dir='ltr'>δὲ</span> 
     </span>
    </p>
   </div>
   <div class='ocr_carea' id='block_1_46' title="bbox 373 3117 1948 3198">
    <p class='ocr_par' dir='ltr' id='par_1_46' title="bbox 373 3117 1948 3198">
     <span class='ocr_line' id='line_1_46' title="bbox 373 3117 1948 3198; baseline -0.001 -19"><span class='ocrx_word' id='word_1_350' title='bbox 373 3117 516 3196; x_wconf 70' lang='grc' dir='ltr'>ὦμοι</span> <span class='ocrx_word' id='word_1_351' title='bbox 537 3124 701 3178; x_wconf 82' lang='grc' dir='ltr'>αὐτοῦ</span> <span class='ocrx_word' id='word_1_352' title='bbox 722 3126 780 3178; x_wconf 87' lang='grc' dir='ltr'>ὲν</span> <span class='ocrx_word' id='word_1_353' title='bbox 806 3124 883 3195; x_wconf 84' lang='grc' dir='ltr'><strong>τῷ</strong></span> <span class='ocrx_word' id='word_1_354' title='bbox 906 3126 1152 3195; x_wconf 85' lang='grc' dir='ltr'>ἀειφανεῖ</span> <span class='ocrx_word' id='word_1_355' title='bbox 1171 3127 1416 3197; x_wconf 85' lang='grc' dir='ltr'>τμήματι</span> <span class='ocrx_word' id='word_1_356' title='bbox 1442 3129 1669 3190; x_wconf 83' lang='grc' dir='ltr'>κεῖνται,</span> <span class='ocrx_word' id='word_1_357' title='bbox 1697 3125 1948 3198; x_wconf 80' lang='grc' dir='ltr'>καθάπερ</span> 
     </span>
    </p>
   </div>
   <div class='ocr_carea' id='block_1_47' title="bbox 2059 1918 3636 1989">
    <p class='ocr_par' dir='ltr' id='par_1_47' title="bbox 2059 1918 3636 1989">
     <span class='ocr_line' id='line_1_47' title="bbox 2059 1918 3636 1989; baseline -0.003 -15"><span class='ocrx_word' id='word_1_358' title='bbox 2059 1921 2312 1975; x_wconf 78' lang='lat' dir='ltr'><strong>universe</strong></span> <span class='ocrx_word' id='word_1_359' title='bbox 2359 1920 2572 1989; x_wconf 81' lang='lat' dir='ltr'><strong>loquar,</strong></span> <span class='ocrx_word' id='word_1_360' title='bbox 2602 1928 2853 1975; x_wconf 80' lang='lat' dir='ltr'><strong>exortum</strong></span> <span class='ocrx_word' id='word_1_361' title='bbox 2883 1919 3119 1987; x_wconf 81' lang='lat' dir='ltr'><strong>faciunt;</strong></span> <span class='ocrx_word' id='word_1_362' title='bbox 3151 1918 3247 1974; x_wconf 89' lang='lat' dir='ltr'><strong>sed</strong></span> <span class='ocrx_word' id='word_1_363' title='bbox 3276 1918 3502 1973; x_wconf 81' lang='lat' dir='ltr'><strong>sinister</strong></span> <span class='ocrx_word' id='word_1_364' title='bbox 3532 1918 3636 1971; x_wconf 91' lang='lat' dir='ltr'><strong>hu-</strong></span> 
     </span>
    </p>
   </div>
   <div class='ocr_carea' id='block_1_48' title="bbox 2055 2012 3644 2086">
    <p class='ocr_par' dir='ltr' id='par_1_48' title="bbox 2055 2012 3644 2086">
     <span class='ocr_line' id='line_1_48' title="bbox 2055 2012 3644 2086; baseline 0.003 -20"><span class='ocrx_word' id='word_1_365' title='bbox 2055 2028 2263 2078; x_wconf 90' lang='lat' dir='ltr'><strong>merus,</strong></span> <span class='ocrx_word' id='word_1_366' title='bbox 2287 2012 2380 2084; x_wconf 93' lang='lat' dir='ltr'><strong>qui</strong></span> <span class='ocrx_word' id='word_1_367' title='bbox 2411 2015 2583 2069; x_wconf 87' lang='lat' dir='ltr'><strong>multo</strong></span> <span class='ocrx_word' id='word_1_368' title='bbox 2610 2015 2884 2069; x_wconf 74' lang='lat' dir='ltr'><strong>borcalior</strong></span> <span class='ocrx_word' id='word_1_369' title='bbox 2908 2024 3013 2079; x_wconf 92' lang='lat' dir='ltr'><strong>est,</strong></span> <span class='ocrx_word' id='word_1_370' title='bbox 3037 2031 3213 2086; x_wconf 82' lang='lat' dir='ltr'><strong>neque</strong></span> <span class='ocrx_word' id='word_1_371' title='bbox 3234 2030 3356 2070; x_wconf 92' lang='lat' dir='ltr'><strong>cum</strong></span> <span class='ocrx_word' id='word_1_372' title='bbox 3388 2014 3644 2086; x_wconf 74' lang='lat' dir='ltr'><strong>Virgine,.</strong></span> 
     </span>
    </p>
   </div>
   <div class='ocr_carea' id='block_1_49' title="bbox 2056 2104 3633 2177">
    <p class='ocr_par' dir='ltr' id='par_1_49' title="bbox 2056 2104 3633 2177">
     <span class='ocr_line' id='line_1_49' title="bbox 2056 2104 3633 2177; baseline 0.002 -20"><span class='ocrx_word' id='word_1_373' title='bbox 2056 2110 2116 2158; x_wconf 90' lang='lat' dir='ltr'><strong>ut</strong></span> <span class='ocrx_word' id='word_1_374' title='bbox 2155 2104 2246 2160; x_wconf 91' lang='lat' dir='ltr'><strong>ille</strong></span> <span class='ocrx_word' id='word_1_375' title='bbox 2293 2104 2448 2167; x_wconf 87' lang='lat' dir='ltr'><strong>dicit,</strong></span> <span class='ocrx_word' id='word_1_376' title='bbox 2478 2105 2575 2161; x_wconf 83' lang='lat' dir='ltr'><strong>sed</strong></span> <span class='ocrx_word' id='word_1_377' title='bbox 2605 2121 2730 2161; x_wconf 84' lang='lat' dir='ltr'><strong>cum</strong></span> <span class='ocrx_word' id='word_1_378' title='bbox 2764 2106 2946 2162; x_wconf 89' lang='lat' dir='ltr'><strong>Chelis</strong></span> <span class='ocrx_word' id='word_1_379' title='bbox 2977 2107 3109 2161; x_wconf 90' lang='lat' dir='ltr'><strong>oriri</strong></span> <span class='ocrx_word' id='word_1_380' title='bbox 3141 2109 3353 2177; x_wconf 89' lang='lat' dir='ltr'><strong>incipit.</strong></span> <span class='ocrx_word' id='word_1_381' title='bbox 3385 2106 3519 2161; x_wconf 87' lang='lat' dir='ltr'><strong>Nam</strong></span> <span class='ocrx_word' id='word_1_382' title='bbox 3558 2107 3633 2162; x_wconf 80' lang='lat' dir='ltr'><strong>si-</strong></span> 
     </span>
    </p>
   </div>
   <div class='ocr_carea' id='block_1_50' title="bbox 2053 2196 3635 2270">
    <p class='ocr_par' dir='ltr' id='par_1_50' title="bbox 2053 2196 3635 2270">
     <span class='ocr_line' id='line_1_50' title="bbox 2053 2196 3635 2270; baseline 0.003 -21"><span class='ocrx_word' id='word_1_383' title='bbox 2053 2196 2227 2252; x_wconf 88' lang='lat' dir='ltr'><strong>nister</strong></span> <span class='ocrx_word' id='word_1_384' title='bbox 2272 2197 2533 2253; x_wconf 91' lang='lat' dir='ltr'><strong>humerus</strong></span> <span class='ocrx_word' id='word_1_385' title='bbox 2583 2198 2758 2269; x_wconf 86' lang='lat' dir='ltr'><strong>ipsius</strong></span> <span class='ocrx_word' id='word_1_386' title='bbox 2797 2200 2973 2255; x_wconf 90' lang='lat' dir='ltr'><strong>oritur</strong></span> <span class='ocrx_word' id='word_1_387' title='bbox 3001 2216 3125 2255; x_wconf 92' lang='lat' dir='ltr'><strong>cum</strong></span> <span class='ocrx_word' id='word_1_388' title='bbox 3159 2209 3314 2270; x_wconf 89' lang='lat' dir='ltr'><strong>parte</strong></span> <span class='ocrx_word' id='word_1_389' title='bbox 3337 2200 3635 2257; x_wconf 80' lang='lat' dir='ltr'><strong>Chelarum</strong></span> 
     </span>
    </p>
   </div>
   <div class='ocr_carea' id='block_1_51' title="bbox 2053 2285 3632 2362">
    <p class='ocr_par' dir='ltr' id='par_1_51' title="bbox 2053 2285 3632 2362">
     <span class='ocr_line' id='line_1_51' title="bbox 2053 2285 3632 2362; baseline 0.005 -22"><span class='ocrx_word' id='word_1_390' title='bbox 2053 2285 2361 2348; x_wconf 84' lang='lat' dir='ltr'><strong>undecima.</strong></span> <span class='ocrx_word' id='word_1_391' title='bbox 2401 2287 2470 2341; x_wconf 84' lang='lat' dir='ltr'><strong>At</strong></span> <span class='ocrx_word' id='word_1_392' title='bbox 2510 2286 2869 2345; x_wconf 78' lang='lat' dir='ltr'><strong>Andromedae</strong></span> <span class='ocrx_word' id='word_1_393' title='bbox 2906 2306 3016 2346; x_wconf 89' lang='lat' dir='ltr'><strong>non</strong></span> <span class='ocrx_word' id='word_1_394' title='bbox 3062 2292 3241 2346; x_wconf 89' lang='lat' dir='ltr'><strong>solum</strong></span> <span class='ocrx_word' id='word_1_395' title='bbox 3272 2301 3438 2362; x_wconf 89' lang='lat' dir='ltr'><strong>caput</strong></span> <span class='ocrx_word' id='word_1_396' title='bbox 3470 2309 3632 2348; x_wconf 86' lang='lat' dir='ltr'><strong>occa-</strong></span> 
     </span>
    </p>
   </div>
   <div class='ocr_carea' id='block_1_52' title="bbox 2054 2374 3630 2448">
    <p class='ocr_par' dir='ltr' id='par_1_52' title="bbox 2054 2374 3630 2448">
     <span class='ocr_line' id='line_1_52' title="bbox 2054 2374 3630 2448; baseline 0.006 -17"><span class='ocrx_word' id='word_1_397' title='bbox 2054 2390 2174 2431; x_wconf 91' lang='lat' dir='ltr'><strong>sum</strong></span> <span class='ocrx_word' id='word_1_398' title='bbox 2202 2374 2314 2445; x_wconf 88' lang='lat' dir='ltr'><strong>jam</strong></span> <span class='ocrx_word' id='word_1_399' title='bbox 2350 2375 2499 2441; x_wconf 76' lang='lat' dir='ltr'><strong>fecit,</strong></span> <span class='ocrx_word' id='word_1_400' title='bbox 2526 2378 2753 2448; x_wconf 76' lang='lat' dir='ltr'><strong>quando</strong></span> <span class='ocrx_word' id='word_1_401' title='bbox 2784 2379 2963 2435; x_wconf 78' lang='lat' dir='ltr'><strong>Cbela:</strong></span> <span class='ocrx_word' id='word_1_402' title='bbox 2999 2391 3128 2437; x_wconf 91' lang='lat' dir='ltr'><strong>sunt</strong></span> <span class='ocrx_word' id='word_1_403' title='bbox 3158 2382 3212 2436; x_wconf 92' lang='lat' dir='ltr'><strong>in</strong></span> <span class='ocrx_word' id='word_1_404' title='bbox 3258 2382 3490 2447; x_wconf 83' lang='lat' dir='ltr'><strong>oriente,</strong></span> <span class='ocrx_word' id='word_1_405' title='bbox 3534 2385 3630 2440; x_wconf 89' lang='lat' dir='ltr'><strong>sed</strong></span> 
     </span>
    </p>
   </div>
   <div class='ocr_carea' id='block_1_53' title="bbox 2051 2467 3628 2542">
    <p class='ocr_par' dir='ltr' id='par_1_53' title="bbox 2051 2467 3628 2542">
     <span class='ocr_line' id='line_1_53' title="bbox 2051 2467 3628 2542; baseline 0.004 -20"><span class='ocrx_word' id='word_1_406' title='bbox 2051 2467 2214 2522; x_wconf 89' lang='lat' dir='ltr'><strong>etiam</strong></span> <span class='ocrx_word' id='word_1_407' title='bbox 2246 2484 2440 2524; x_wconf 91' lang='lat' dir='ltr'><strong>manus</strong></span> <span class='ocrx_word' id='word_1_408' title='bbox 2465 2477 2715 2541; x_wconf 87' lang='lat' dir='ltr'><strong>utraque.</strong></span> <span class='ocrx_word' id='word_1_409' title='bbox 2747 2472 2913 2526; x_wconf 85' lang='lat' dir='ltr'><strong>Cetus</strong></span> <span class='ocrx_word' id='word_1_410' title='bbox 2938 2488 3155 2542; x_wconf 90' lang='lat' dir='ltr'><strong>quoque</strong></span> <span class='ocrx_word' id='word_1_411' title='bbox 3184 2487 3314 2541; x_wconf 91' lang='lat' dir='ltr'><strong>non,</strong></span> <span class='ocrx_word' id='word_1_412' title='bbox 3347 2482 3406 2529; x_wconf 89' lang='lat' dir='ltr'><strong>ut</strong></span> <span class='ocrx_word' id='word_1_413' title='bbox 3428 2475 3504 2529; x_wconf 91' lang='lat' dir='ltr'><strong>illi</strong></span> <span class='ocrx_word' id='word_1_414' title='bbox 3536 2491 3628 2530; x_wconf 59' lang='lat' dir='ltr'><strong>ar.</strong></span> 
     </span>
    </p>
   </div>
   <div class='ocr_carea' id='block_1_54' title="bbox 2050 2555 3633 2631">
    <p class='ocr_par' dir='ltr' id='par_1_54' title="bbox 2050 2555 3633 2631">
     <span class='ocr_line' id='line_1_54' title="bbox 2050 2555 3633 2631; baseline 0.006 -20"><span class='ocrx_word' id='word_1_415' title='bbox 2050 2555 2345 2623; x_wconf 88' lang='lat' dir='ltr'><strong>bitrantur,</strong></span> <span class='ocrx_word' id='word_1_416' title='bbox 2403 2559 2615 2615; x_wconf 87' lang='lat' dir='ltr'><strong>oriente</strong></span> <span class='ocrx_word' id='word_1_417' title='bbox 2654 2557 2877 2631; x_wconf 81' lang='lat' dir='ltr'><strong>Virgine</strong></span> <span class='ocrx_word' id='word_1_418' title='bbox 2921 2576 2988 2615; x_wconf 81' lang='lat' dir='ltr'><strong>ex</strong></span> <span class='ocrx_word' id='word_1_419' title='bbox 3032 2561 3263 2619; x_wconf 86' lang='lat' dir='ltr'><strong>adverso</strong></span> <span class='ocrx_word' id='word_1_420' title='bbox 3299 2564 3633 2620; x_wconf 88' lang='lat' dir='ltr'><strong>descendere</strong></span> 
     </span>
    </p>
   </div>
   <div class='ocr_carea' id='block_1_55' title="bbox 2048 2649 3631 2726">
    <p class='ocr_par' dir='ltr' id='par_1_55' title="bbox 2048 2649 3631 2726">
     <span class='ocr_line' id='line_1_55' title="bbox 2048 2649 3631 2726; baseline 0.006 -24"><span class='ocrx_word' id='word_1_421' title='bbox 2048 2649 2259 2718; x_wconf 87' lang='lat' dir='ltr'><strong>incipit,</strong></span> <span class='ocrx_word' id='word_1_422' title='bbox 2296 2650 2391 2706; x_wconf 92' lang='lat' dir='ltr'><strong>sed</strong></span> <span class='ocrx_word' id='word_1_423' title='bbox 2425 2649 2625 2708; x_wconf 84' lang='lat' dir='ltr'><strong>Leone.</strong></span> <span class='ocrx_word' id='word_1_424' title='bbox 2650 2651 2785 2707; x_wconf 88' lang='lat' dir='ltr'><strong>Nam</strong></span> <span class='ocrx_word' id='word_1_425' title='bbox 2818 2669 2847 2708; x_wconf 90' lang='lat' dir='ltr'><strong>e</strong></span> <span class='ocrx_word' id='word_1_426' title='bbox 2878 2653 3076 2710; x_wconf 83' lang='lat' dir='ltr'><strong>lucidis</strong></span> <span class='ocrx_word' id='word_1_427' title='bbox 3100 2655 3334 2720; x_wconf 89' lang='lat' dir='ltr'><strong>duabus,</strong></span> <span class='ocrx_word' id='word_1_428' title='bbox 3368 2672 3504 2726; x_wconf 89' lang='lat' dir='ltr'><strong>quas</strong></span> <span class='ocrx_word' id='word_1_429' title='bbox 3530 2658 3631 2710; x_wconf 88' lang='lat' dir='ltr'><strong>ha-</strong></span> 
     </span>
    </p>
   </div>
   <div class='ocr_carea' id='block_1_56' title="bbox 2047 2740 3631 2820">
    <p class='ocr_par' dir='ltr' id='par_1_56' title="bbox 2047 2740 3631 2820">
     <span class='ocr_line' id='line_1_56' title="bbox 2047 2740 3631 2820; baseline 0.006 -24"><span class='ocrx_word' id='word_1_430' title='bbox 2047 2740 2140 2798; x_wconf 87' lang='lat' dir='ltr'><strong>bet</strong></span> <span class='ocrx_word' id='word_1_431' title='bbox 2168 2743 2225 2797; x_wconf 90' lang='lat' dir='ltr'><strong>in</strong></span> <span class='ocrx_word' id='word_1_432' title='bbox 2258 2743 2453 2807; x_wconf 87' lang='lat' dir='ltr'><strong>cauda,</strong></span> <span class='ocrx_word' id='word_1_433' title='bbox 2486 2746 2779 2801; x_wconf 89' lang='lat' dir='ltr'><strong>australior</strong></span> <span class='ocrx_word' id='word_1_434' title='bbox 2805 2746 2999 2802; x_wconf 81' lang='lat' dir='ltr'><strong>mediae</strong></span> <span class='ocrx_word' id='word_1_435' title='bbox 3028 2747 3228 2805; x_wconf 90' lang='lat' dir='ltr'><strong>Leonis</strong></span> <span class='ocrx_word' id='word_1_436' title='bbox 3261 2748 3329 2803; x_wconf 72' lang='lat'><strong>27</strong></span> <span class='ocrx_word' id='word_1_437' title='bbox 3358 2752 3501 2820; x_wconf 90' lang='lat' dir='ltr'><strong>parti</strong></span> <span class='ocrx_word' id='word_1_438' title='bbox 3530 2751 3631 2806; x_wconf 81' lang='lat' dir='ltr'><strong>ad-</strong></span> 
     </span>
    </p>
   </div>
   <div class='ocr_carea' id='block_1_57' title="bbox 2047 2834 3638 2913">
    <p class='ocr_par' dir='ltr' id='par_1_57' title="bbox 2047 2834 3638 2913">
     <span class='ocr_line' id='line_1_57' title="bbox 2047 2834 3638 2913; baseline 0.005 -25"><span class='ocrx_word' id='word_1_439' title='bbox 2047 2849 2207 2889; x_wconf 80' lang='lat' dir='ltr'><strong>versa</strong></span> <span class='ocrx_word' id='word_1_440' title='bbox 2250 2834 2480 2905; x_wconf 85' lang='lat' dir='ltr'><strong>occidit;</strong></span> <span class='ocrx_word' id='word_1_441' title='bbox 2526 2837 2794 2908; x_wconf 87' lang='lat' dir='ltr'><strong>reliquum</strong></span> <span class='ocrx_word' id='word_1_442' title='bbox 2823 2838 2942 2895; x_wconf 91' lang='lat' dir='ltr'><strong>Ceti</strong></span> <span class='ocrx_word' id='word_1_443' title='bbox 2981 2855 3182 2910; x_wconf 87' lang='lat' dir='ltr'><strong>corpus</strong></span> <span class='ocrx_word' id='word_1_444' title='bbox 3214 2856 3322 2895; x_wconf 90' lang='lat' dir='ltr'><strong>non</strong></span> <span class='ocrx_word' id='word_1_445' title='bbox 3358 2841 3638 2913; x_wconf 39' lang='lat' dir='ltr'><strong>integrum.</strong></span> 
     </span>
    </p>
   </div>
   <div class='ocr_carea' id='block_1_58' title="bbox 2048 2926 3631 3004">
    <p class='ocr_par' dir='ltr' id='par_1_58' title="bbox 2048 2926 3631 3004">
     <span class='ocr_line' id='line_1_58' title="bbox 2048 2926 3631 3004; baseline 0.005 -22"><span class='ocrx_word' id='word_1_446' title='bbox 2048 2926 2325 2984; x_wconf 88' lang='lat' dir='ltr'><strong>descendit</strong></span> <span class='ocrx_word' id='word_1_447' title='bbox 2371 2932 2654 2988; x_wconf 81' lang='lat' dir='ltr'><strong>exoriente</strong></span> <span class='ocrx_word' id='word_1_448' title='bbox 2679 2932 2922 3004; x_wconf 78' lang='lat' dir='ltr'><strong>Virgine.</strong></span> <span class='ocrx_word' id='word_1_449' title='bbox 2967 2934 3063 2989; x_wconf 88' lang='lat' dir='ltr'><strong>sed</strong></span> <span class='ocrx_word' id='word_1_450' title='bbox 3105 2935 3318 2989; x_wconf 83' lang='lat' dir='ltr'><strong>cervice</strong></span> <span class='ocrx_word' id='word_1_451' title='bbox 3357 2943 3537 2999; x_wconf 87' lang='lat' dir='ltr'><strong>tenus,</strong></span> <span class='ocrx_word' id='word_1_452' title='bbox 3570 2944 3631 2990; x_wconf 85' lang='lat' dir='ltr'><strong>ut</strong></span> 
     </span>
    </p>
   </div>
   <div class='ocr_carea' id='block_1_59' title="bbox 2045 3023 3626 3097">
    <p class='ocr_par' dir='ltr' id='par_1_59' title="bbox 2045 3023 3626 3097">
     <span class='ocr_line' id='line_1_59' title="bbox 2045 3023 3626 3097; baseline 0.004 -21"><span class='ocrx_word' id='word_1_453' title='bbox 2045 3023 2246 3079; x_wconf 87' lang='lat' dir='ltr'><strong>Aratus</strong></span> <span class='ocrx_word' id='word_1_454' title='bbox 2274 3024 2487 3079; x_wconf 88' lang='lat' dir='ltr'><strong>scribit.</strong></span> <span class='ocrx_word' id='word_1_455' title='bbox 2519 3025 2588 3078; x_wconf 84' lang='lat' dir='ltr'><strong>At</strong></span> <span class='ocrx_word' id='word_1_456' title='bbox 2614 3024 2814 3095; x_wconf 89' lang='lat' dir='ltr'><strong>Cephei</strong></span> <span class='ocrx_word' id='word_1_457' title='bbox 2845 3025 3023 3080; x_wconf 90' lang='lat' dir='ltr'><strong>solum</strong></span> <span class='ocrx_word' id='word_1_458' title='bbox 3057 3034 3222 3097; x_wconf 87' lang='lat' dir='ltr'><strong>caput</strong></span> <span class='ocrx_word' id='word_1_459' title='bbox 3252 3026 3483 3094; x_wconf 89' lang='lat' dir='ltr'><strong>occidit;</strong></span> <span class='ocrx_word' id='word_1_460' title='bbox 3518 3029 3626 3083; x_wconf 82' lang='lat' dir='ltr'><strong>hu—</strong></span> 
     </span>
    </p>
   </div>
   <div class='ocr_carea' id='block_1_60' title="bbox 2045 3115 3635 3188">
    <p class='ocr_par' dir='ltr' id='par_1_60' title="bbox 2045 3115 3635 3188">
     <span class='ocr_line' id='line_1_60' title="bbox 2045 3115 3635 3188; baseline 0.003 -18"><span class='ocrx_word' id='word_1_461' title='bbox 2045 3115 2184 3171; x_wconf 89' lang='lat' dir='ltr'><strong>meri</strong></span> <span class='ocrx_word' id='word_1_462' title='bbox 2228 3116 2398 3186; x_wconf 90' lang='lat' dir='ltr'><strong>ipsius</strong></span> <span class='ocrx_word' id='word_1_463' title='bbox 2442 3118 2499 3171; x_wconf 91' lang='lat' dir='ltr'><strong>in</strong></span> <span class='ocrx_word' id='word_1_464' title='bbox 2546 3132 2762 3187; x_wconf 86' lang='lat' dir='ltr'><strong>semper</strong></span> <span class='ocrx_word' id='word_1_465' title='bbox 2800 3125 3094 3187; x_wconf 88' lang='lat' dir='ltr'><strong>apparente</strong></span> <span class='ocrx_word' id='word_1_466' title='bbox 3139 3129 3417 3188; x_wconf 87' lang='lat' dir='ltr'><strong>segmento</strong></span> <span class='ocrx_word' id='word_1_467' title='bbox 3462 3121 3635 3188; x_wconf 67' lang='lat' dir='ltr'><strong>positi</strong></span> 
     </span>
    </p>
   </div>
   <div class='ocr_carea' id='block_1_61' title="bbox 374 3210 1946 3290">
    <p class='ocr_par' dir='ltr' id='par_1_61' title="bbox 374 3217 1946 3290">
     <span class='ocr_line' id='line_1_61' title="bbox 374 3217 1946 3290; baseline 0.002 -21"><span class='ocrx_word' id='word_1_468' title='bbox 374 3218 800 3290; x_wconf 79' lang='grc' dir='ltr'>προειρήκαμεν.</span> <span class='ocrx_word' id='word_1_469' title='bbox 828 3218 903 3271; x_wconf 80' lang='grc' dir='ltr'><strong>Οὐ</strong></span> <span class='ocrx_word' id='word_1_470' title='bbox 931 3218 1160 3287; x_wconf 82' lang='grc' dir='ltr'>μόνονδὲ</span> <span class='ocrx_word' id='word_1_471' title='bbox 1185 3221 1303 3272; x_wconf 81' lang='grc' dir='ltr'>κατ’</span> <span class='ocrx_word' id='word_1_472' title='bbox 1318 3219 1448 3272; x_wconf 79' lang='grc' dir='ltr'>αὐτὸ</span> <span class='ocrx_word' id='word_1_473' title='bbox 1472 3220 1777 3287; x_wconf 79' lang='grc' dir='ltr'>ἀγνοοῦσιν,</span> <span class='ocrx_word' id='word_1_474' title='bbox 1809 3217 1946 3273; x_wconf 84' lang='grc' dir='ltr'>ἀλλὰ</span> 
     </span>
    </p>
   </div>
   <div class='ocr_carea' id='block_1_62' title="bbox 2047 3210 3625 3290">
    <p class='ocr_par' dir='ltr' id='par_1_62' title="bbox 2047 3210 3625 3283">
     <span class='ocr_line' id='line_1_62' title="bbox 2047 3210 3625 3283; baseline 0.002 -18"><span class='ocrx_word' id='word_1_475' title='bbox 2047 3217 2196 3274; x_wconf 90' lang='lat' dir='ltr'><strong>sunt,</strong></span> <span class='ocrx_word' id='word_1_476' title='bbox 2244 3220 2304 3265; x_wconf 92' lang='lat' dir='ltr'><strong>ut</strong></span> <span class='ocrx_word' id='word_1_477' title='bbox 2344 3210 2455 3281; x_wconf 86' lang='lat' dir='ltr'><strong>jam</strong></span> <span class='ocrx_word' id='word_1_478' title='bbox 2498 3211 2756 3267; x_wconf 84' lang='lat' dir='ltr'><strong>diximus.</strong></span> <span class='ocrx_word' id='word_1_479' title='bbox 2795 3212 2981 3283; x_wconf 88' lang='lat' dir='ltr'><strong>Neque</strong></span> <span class='ocrx_word' id='word_1_480' title='bbox 3011 3226 3139 3267; x_wconf 88' lang='lat' dir='ltr'><strong>vero</strong></span> <span class='ocrx_word' id='word_1_481' title='bbox 3169 3220 3378 3266; x_wconf 89' lang='lat' dir='ltr'><strong>tantum</strong></span> <span class='ocrx_word' id='word_1_482' title='bbox 3419 3215 3473 3266; x_wconf 90' lang='lat' dir='ltr'><strong>in</strong></span> <span class='ocrx_word' id='word_1_483' title='bbox 3520 3214 3625 3268; x_wconf 87' lang='lat' dir='ltr'><strong>hoc</strong></span> 
     </span>
    </p>
   </div>
   <div class='ocr_carea' id='block_1_63' title="bbox 373 3309 1947 3382">
    <p class='ocr_par' dir='ltr' id='par_1_63' title="bbox 373 3309 1947 3382">
     <span class='ocr_line' id='line_1_63' title="bbox 373 3309 1947 3382; baseline -0.001 -18"><span class='ocrx_word' id='word_1_484' title='bbox 373 3309 496 3364; x_wconf 83' lang='grc' dir='ltr'>καθ’</span> <span class='ocrx_word' id='word_1_485' title='bbox 529 3310 558 3363; x_wconf 84' lang='grc' dir='ltr'>ὅ</span> <span class='ocrx_word' id='word_1_486' title='bbox 586 3325 717 3377; x_wconf 85' lang='grc' dir='ltr'>φασι</span> <span class='ocrx_word' id='word_1_487' title='bbox 747 3312 814 3381; x_wconf 83' lang='grc' dir='ltr'>τῇ</span> <span class='ocrx_word' id='word_1_488' title='bbox 869 3309 1128 3381; x_wconf 83' lang='grc' dir='ltr'>Παρθένῳ</span> <span class='ocrx_word' id='word_1_489' title='bbox 1176 3310 1616 3365; x_wconf 84' lang='grc' dir='ltr'>ἁντικαταδύνειν</span> <span class='ocrx_word' id='word_1_490' title='bbox 1646 3310 1747 3382; x_wconf 84' lang='grc' dir='ltr'>τὴν</span> <span class='ocrx_word' id='word_1_491' title='bbox 1778 3328 1947 3380; x_wconf 83' lang='grc' dir='ltr'>κεφα-</span> 
     </span>
    </p>
   </div>
   <div class='ocr_carea' id='block_1_64' title="bbox 371 3405 1945 3479">
    <p class='ocr_par' dir='ltr' id='par_1_64' title="bbox 371 3405 1945 3479">
     <span class='ocr_line' id='line_1_64' title="bbox 371 3405 1945 3479; baseline 0.001 -20"><span class='ocrx_word' id='word_1_492' title='bbox 371 3405 469 3477; x_wconf 82' lang='grc' dir='ltr'><strong>λὴν</strong></span> <span class='ocrx_word' id='word_1_493' title='bbox 500 3406 688 3461; x_wconf 83' lang='grc' dir='ltr'>αὑτοῦ.</span> <span class='ocrx_word' id='word_1_494' title='bbox 736 3407 810 3460; x_wconf 80' lang='grc' dir='ltr'><strong>Οὐ</strong></span> <span class='ocrx_word' id='word_1_495' title='bbox 849 3406 956 3479; x_wconf 82' lang='grc' dir='ltr'>γὰρ</span> <span class='ocrx_word' id='word_1_496' title='bbox 983 3410 1049 3478; x_wconf 77' lang='grc' dir='ltr'>τῇ</span> <span class='ocrx_word' id='word_1_497' title='bbox 1080 3407 1362 3479; x_wconf 84' lang='grc' dir='ltr'>Παρθένῳ,</span> <span class='ocrx_word' id='word_1_498' title='bbox 1409 3408 1544 3463; x_wconf 80' lang='grc' dir='ltr'>ἀλλὰ</span> <span class='ocrx_word' id='word_1_499' title='bbox 1589 3412 1709 3472; x_wconf 82' lang='grc' dir='ltr'>ταῖς</span> <span class='ocrx_word' id='word_1_500' title='bbox 1737 3408 1945 3479; x_wconf 85' lang='grc' dir='ltr'>Χηλαῖς</span> 
     </span>
    </p>
   </div>
   <div class='ocr_carea' id='block_1_65' title="bbox 371 3498 1945 3573">
    <p class='ocr_par' dir='ltr' id='par_1_65' title="bbox 371 3498 1945 3573">
     <span class='ocr_line' id='line_1_65' title="bbox 371 3498 1945 3573; baseline 0.001 -21"><span class='ocrx_word' id='word_1_501' title='bbox 371 3498 598 3569; x_wconf 79' lang='grc' dir='ltr'>ἄρχεται</span> <span class='ocrx_word' id='word_1_502' title='bbox 629 3498 1089 3555; x_wconf 82' lang='grc' dir='ltr'>ἀντικαταδύνειν.</span> <span class='ocrx_word' id='word_1_503' title='bbox 1138 3500 1197 3554; x_wconf 83' lang='grc' dir='ltr'><strong>Ὀ</strong></span> <span class='ocrx_word' id='word_1_504' title='bbox 1234 3501 1341 3573; x_wconf 82' lang='grc' dir='ltr'>γὰρ</span> <span class='ocrx_word' id='word_1_505' title='bbox 1386 3500 1704 3573; x_wconf 83' lang='grc' dir='ltr'>νοτιώτερος</span> <span class='ocrx_word' id='word_1_506' title='bbox 1747 3500 1856 3553; x_wconf 90' lang='grc' dir='ltr'><strong>τῶν</strong></span> <span class='ocrx_word' id='word_1_507' title='bbox 1886 3501 1945 3554; x_wconf 83' lang='grc' dir='ltr'>ὲν</span> 
     </span>
    </p>
   </div>
   <div class='ocr_carea' id='block_1_66' title="bbox 367 3591 1943 3664">
    <p class='ocr_par' dir='ltr' id='par_1_66' title="bbox 367 3591 1943 3664">
     <span class='ocr_line' id='line_1_66' title="bbox 367 3591 1943 3664; baseline 0.002 -21"><span class='ocrx_word' id='word_1_508' title='bbox 367 3594 437 3663; x_wconf 78' lang='grc' dir='ltr'>τῇ</span> <span class='ocrx_word' id='word_1_509' title='bbox 482 3591 691 3662; x_wconf 78' lang='grc' dir='ltr'>κεφαλῇ</span> <span class='ocrx_word' id='word_1_510' title='bbox 738 3591 905 3657; x_wconf 88' lang='grc' dir='ltr'>δύνει,</span> <span class='ocrx_word' id='word_1_511' title='bbox 939 3592 1334 3664; x_wconf 84' lang='grc' dir='ltr'>ἀνατελλούσης</span> <span class='ocrx_word' id='word_1_512' title='bbox 1373 3592 1481 3649; x_wconf 73' lang='grc' dir='ltr'><strong>τῶν</strong></span> <span class='ocrx_word' id='word_1_513' title='bbox 1528 3592 1722 3663; x_wconf 87' lang='grc' dir='ltr'>Χηλῶν</span> <span class='ocrx_word' id='word_1_514' title='bbox 1753 3592 1943 3664; x_wconf 80' lang='grc' dir='ltr'>ὀγδόης</span> 
     </span>
    </p>
   </div>
   <div class='ocr_carea' id='block_1_67' title="bbox 370 3681 828 3754">
    <p class='ocr_par' dir='ltr' id='par_1_67' title="bbox 370 3681 828 3754">
     <span class='ocr_line' id='line_1_67' title="bbox 370 3681 828 3754; baseline 0.002 0"><span class='ocrx_word' id='word_1_515' title='bbox 370 3681 483 3754; x_wconf 69' lang='grc' dir='ltr'>μοί.</span> <span class='ocrx_word' id='word_1_516' title='bbox 508 3681 610 3752; x_wconf 79' lang='grc' dir='ltr'>τῆς</span> <span class='ocrx_word' id='word_1_517' title='bbox 633 3682 828 3754; x_wconf 83' lang='grc' dir='ltr'><strong>μέσης-</strong></span> 
     </span>
    </p>
   </div>
   <div class='ocr_carea' id='block_1_68' title="bbox 438 3880 1951 3953">
    <p class='ocr_par' dir='ltr' id='par_1_68' title="bbox 438 3880 1951 3953">
     <span class='ocr_line' id='line_1_68' title="bbox 438 3880 1951 3953; baseline 0 -19"><span class='ocrx_word' id='word_1_518' title='bbox 438 3881 539 3936; x_wconf 84' lang='lat' dir='ltr'><strong>lA’.</strong></span> <span class='ocrx_word' id='word_1_519' title='bbox 568 3880 673 3934; x_wconf 91' lang='grc' dir='ltr'><strong>Τοῦ</strong></span> <span class='ocrx_word' id='word_1_520' title='bbox 689 3880 746 3936; x_wconf 82' lang='grc' dir='ltr'>δὲ</span> <span class='ocrx_word' id='word_1_521' title='bbox 763 3881 1028 3952; x_wconf 76' lang='grc' dir='ltr'>Σκορπίου</span> <span class='ocrx_word' id='word_1_522' title='bbox 1050 3882 1351 3953; x_wconf 83' lang='grc' dir='ltr'>ἀρχομένου</span> <span class='ocrx_word' id='word_1_523' title='bbox 1368 3881 1696 3945; x_wconf 80' lang='grc' dir='ltr'>ἀνατέλλειν,</span> <span class='ocrx_word' id='word_1_524' title='bbox 1716 3880 1843 3935; x_wconf 83' lang='grc' dir='ltr'><strong>θάτε</strong></span> <span class='ocrx_word' id='word_1_525' title='bbox 1853 3883 1951 3953; x_wconf 80' lang='grc' dir='ltr'><strong>ρός</strong></span> 
     </span>
    </p>
   </div>
   <div class='ocr_carea' id='block_1_69' title="bbox 367 3971 1940 4046">
    <p class='ocr_par' dir='ltr' id='par_1_69' title="bbox 367 3971 1940 4046">
     <span class='ocr_line' id='line_1_69' title="bbox 367 3971 1940 4046; baseline 0.002 -22"><span class='ocrx_word' id='word_1_526' title='bbox 367 3988 500 4043; x_wconf 88' lang='grc' dir='ltr'>φησι</span> <span class='ocrx_word' id='word_1_527' title='bbox 533 3971 710 4026; x_wconf 86' lang='grc' dir='ltr'>δύνειν</span> <span class='ocrx_word' id='word_1_528' title='bbox 742 3973 838 4043; x_wconf 85' lang='grc' dir='ltr'>μὲν</span> <span class='ocrx_word' id='word_1_529' title='bbox 868 3973 939 4027; x_wconf 81' lang='grc' dir='ltr'>τά</span> <span class='ocrx_word' id='word_1_530' title='bbox 964 3989 1025 4025; x_wconf 80' lang='grc' dir='ltr'><strong>τε</strong></span> <span class='ocrx_word' id='word_1_531' title='bbox 1053 3973 1215 4027; x_wconf 80' lang='grc' dir='ltr'>λοιπὰ</span> <span class='ocrx_word' id='word_1_532' title='bbox 1250 3974 1391 4046; x_wconf 84' lang='grc' dir='ltr'>μέρη</span> <span class='ocrx_word' id='word_1_533' title='bbox 1418 3973 1513 4026; x_wconf 89' lang='grc' dir='ltr'><strong>τοῦ</strong></span> <span class='ocrx_word' id='word_1_534' title='bbox 1545 3974 1818 4045; x_wconf 81' lang='grc' dir='ltr'>Ποταμοῦ,</span> <span class='ocrx_word' id='word_1_535' title='bbox 1845 3975 1940 4029; x_wconf 79' lang='grc' dir='ltr'><strong>καὶ</strong></span> 
     </span>
    </p>
   </div>
   <div class='ocr_carea' id='block_1_70' title="bbox 365 4061 1937 4135">
    <p class='ocr_par' dir='ltr' id='par_1_70' title="bbox 365 4061 1937 4135">
     <span class='ocr_line' id='line_1_70' title="bbox 365 4061 1937 4135; baseline 0 -19"><span class='ocrx_word' id='word_1_536' title='bbox 365 4063 434 4117; x_wconf 75' lang='grc' dir='ltr'>τὰ</span> <span class='ocrx_word' id='word_1_537' title='bbox 475 4061 637 4115; x_wconf 85' lang='grc' dir='ltr'>λοιπὰ</span> <span class='ocrx_word' id='word_1_538' title='bbox 687 4064 826 4135; x_wconf 85' lang='grc' dir='ltr'>μέρη</span> <span class='ocrx_word' id='word_1_539' title='bbox 868 4063 968 4134; x_wconf 74' lang='grc' dir='ltr'>τῆς</span> <span class='ocrx_word' id='word_1_540' title='bbox 1009 4062 1381 4135; x_wconf 84' lang='grc' dir='ltr'>Ἀνδρομέδας,</span> <span class='ocrx_word' id='word_1_541' title='bbox 1416 4066 1510 4117; x_wconf 77' lang='grc' dir='ltr'><strong>καὶ</strong></span> <span class='ocrx_word' id='word_1_542' title='bbox 1553 4063 1648 4119; x_wconf 86' lang='grc' dir='ltr'><strong>τοῦ</strong></span> <span class='ocrx_word' id='word_1_543' title='bbox 1699 4065 1937 4135; x_wconf 84' lang='grc' dir='ltr'>Κήτους,</span> 
     </span>
    </p>
   </div>
   <div class='ocr_carea' id='block_1_71' title="bbox 365 4137 1950 4228">
    <p class='ocr_par' dir='ltr' id='par_1_71' title="bbox 365 4137 1950 4228">
     <span class='ocr_line' id='line_1_71' title="bbox 365 4137 1950 4228; baseline 0.003 -21"><span class='ocrx_word' id='word_1_544' title='bbox 365 4154 460 4207; x_wconf 76' lang='grc' dir='ltr'><strong>καὶ</strong></span> <span class='ocrx_word' id='word_1_545' title='bbox 484 4153 579 4208; x_wconf 90' lang='grc' dir='ltr'><strong>τοῦ</strong></span> <span class='ocrx_word' id='word_1_546' title='bbox 607 4154 845 4227; x_wconf 79' lang='grc' dir='ltr'>Κηφέως</span> <span class='ocrx_word' id='word_1_547' title='bbox 867 4154 929 4207; x_wconf 71' lang='grc' dir='ltr'>τὺ</span> <span class='ocrx_word' id='word_1_548' title='bbox 951 4155 1058 4209; x_wconf 83' lang='grc' dir='ltr'><strong>ἀπὸ</strong></span> <span class='ocrx_word' id='word_1_549' title='bbox 1080 4155 1188 4208; x_wconf 85' lang='grc' dir='ltr'><strong>τῶν</strong></span> <span class='ocrx_word' id='word_1_550' title='bbox 1215 4155 1380 4227; x_wconf 80' lang='grc' dir='ltr'>ὤμων</span> <span class='ocrx_word' id='word_1_551' title='bbox 1409 4156 1568 4227; x_wconf 88' lang='grc' dir='ltr'>μέχρι</span> <span class='ocrx_word' id='word_1_552' title='bbox 1595 4158 1694 4228; x_wconf 81' lang='grc' dir='ltr'>τῆς</span> <span class='ocrx_word' id='word_1_553' title='bbox 1722 4157 1899 4228; x_wconf 77' lang='grc' dir='ltr'>ζώνης</span> <span class='ocrx_word' id='word_1_554' title='bbox 1920 4137 1950 4187; x_wconf 49' lang='grc'><strong>·’</strong></span> 
     </span>
    </p>
   </div>
   <div class='ocr_carea' id='block_1_72' title="bbox 365 4248 1939 4320">
    <p class='ocr_par' dir='ltr' id='par_1_72' title="bbox 365 4248 1939 4320">
     <span class='ocr_line' id='line_1_72' title="bbox 365 4248 1939 4320; baseline 0.003 -20"><span class='ocrx_word' id='word_1_555' title='bbox 365 4248 460 4300; x_wconf 71' lang='grc' dir='ltr'>καὶ</span> <span class='ocrx_word' id='word_1_556' title='bbox 490 4248 589 4318; x_wconf 82' lang='grc' dir='ltr'><strong>τὴν</strong></span> <span class='ocrx_word' id='word_1_557' title='bbox 619 4248 990 4301; x_wconf 83' lang='grc' dir='ltr'>Κασσιέπειαν</span> <span class='ocrx_word' id='word_1_558' title='bbox 1021 4248 1169 4320; x_wconf 85' lang='grc' dir='ltr'>ὅλην,</span> <span class='ocrx_word' id='word_1_559' title='bbox 1202 4248 1341 4319; x_wconf 83' lang='grc' dir='ltr'>πλὴν</span> <span class='ocrx_word' id='word_1_560' title='bbox 1383 4249 1445 4301; x_wconf 82' lang='grc' dir='ltr'><strong>τὸ</strong></span> <span class='ocrx_word' id='word_1_561' title='bbox 1472 4249 1582 4302; x_wconf 84' lang='grc' dir='ltr'><strong>ἀπὸ</strong></span> <span class='ocrx_word' id='word_1_562' title='bbox 1606 4248 1716 4301; x_wconf 86' lang='grc' dir='ltr'><strong>τῶν</strong></span> <span class='ocrx_word' id='word_1_563' title='bbox 1762 4248 1939 4303; x_wconf 88' lang='grc' dir='ltr'>ποδῶν</span> 
     </span>
    </p>
   </div>
   <div class='ocr_carea' id='block_1_73' title="bbox 363 4340 1938 4412">
    <p class='ocr_par' dir='ltr' id='par_1_73' title="bbox 363 4340 1938 4412">
     <span class='ocr_line' id='line_1_73' title="bbox 363 4340 1938 4412; baseline 0.003 -20"><span class='ocrx_word' id='word_1_564' title='bbox 363 4340 469 4404; x_wconf 75' lang='grc' dir='ltr'>ἕως</span> <span class='ocrx_word' id='word_1_565' title='bbox 500 4340 608 4395; x_wconf 88' lang='grc' dir='ltr'><strong>τῶν</strong></span> <span class='ocrx_word' id='word_1_566' title='bbox 635 4343 894 4408; x_wconf 84' lang='grc' dir='ltr'>γονάτων.</span> <span class='ocrx_word' id='word_1_567' title='bbox 940 4342 1274 4395; x_wconf 80' lang='grc' dir='ltr'>’Λνατέλλειν</span> <span class='ocrx_word' id='word_1_568' title='bbox 1299 4342 1360 4394; x_wconf 92' lang='grc' dir='ltr'><strong>τέ</strong></span> <span class='ocrx_word' id='word_1_569' title='bbox 1387 4359 1552 4412; x_wconf 89' lang='grc' dir='ltr'>φησιν</span> <span class='ocrx_word' id='word_1_570' title='bbox 1578 4343 1638 4396; x_wconf 89' lang='grc' dir='ltr'><strong>τό</strong></span> <span class='ocrx_word' id='word_1_571' title='bbox 1665 4359 1725 4395; x_wconf 87' lang='grc' dir='ltr'><strong>τε</strong></span> <span class='ocrx_word' id='word_1_572' title='bbox 1752 4341 1938 4396; x_wconf 83' lang='grc' dir='ltr'>λοιπὸν</span> 
     </span>
    </p>
   </div>
   <div class='ocr_carea' id='block_1_74' title="bbox 360 4432 1935 4507">
    <p class='ocr_par' dir='ltr' id='par_1_74' title="bbox 360 4432 1935 4507">
     <span class='ocr_line' id='line_1_74' title="bbox 360 4432 1935 4507; baseline 0.002 -21"><span class='ocrx_word' id='word_1_573' title='bbox 360 4432 456 4486; x_wconf 87' lang='grc' dir='ltr'><strong>τοῦ</strong></span> <span class='ocrx_word' id='word_1_574' title='bbox 502 4435 797 4502; x_wconf 85' lang='grc' dir='ltr'>Στεφάνου,</span> <span class='ocrx_word' id='word_1_575' title='bbox 830 4436 924 4488; x_wconf 76' lang='grc' dir='ltr'><strong>καὶ</strong></span> <span class='ocrx_word' id='word_1_576' title='bbox 969 4435 1067 4505; x_wconf 79' lang='grc' dir='ltr'><strong>τὴν</strong></span> <span class='ocrx_word' id='word_1_577' title='bbox 1101 4434 1268 4507; x_wconf 84' lang='grc' dir='ltr'>ούράν</span> <span class='ocrx_word' id='word_1_578' title='bbox 1309 4434 1404 4487; x_wconf 88' lang='grc' dir='ltr'><strong>τοῦ</strong></span> <span class='ocrx_word' id='word_1_579' title='bbox 1441 4435 1663 4506; x_wconf 77' lang='grc' dir='ltr'>’Υδρου,</span> <span class='ocrx_word' id='word_1_580' title='bbox 1701 4437 1796 4489; x_wconf 75' lang='grc' dir='ltr'><strong>καὶ</strong></span> <span class='ocrx_word' id='word_1_581' title='bbox 1840 4435 1935 4489; x_wconf 84' lang='grc' dir='ltr'><strong>τοῦ</strong></span> 
     </span>
    </p>
   </div>
   <div class='ocr_carea' id='block_1_75' title="bbox 361 4527 1946 4604">
    <p class='ocr_par' dir='ltr' id='par_1_75' title="bbox 361 4528 1937 4601">
     <span class='ocr_line' id='line_1_75' title="bbox 361 4528 1937 4601; baseline 0.001 -20"><span class='ocrx_word' id='word_1_582' title='bbox 361 4528 675 4600; x_wconf 83' lang='grc' dir='ltr'>Κενταύρου</span> <span class='ocrx_word' id='word_1_583' title='bbox 701 4528 762 4581; x_wconf 78' lang='grc' dir='ltr'>τὸ</span> <span class='ocrx_word' id='word_1_584' title='bbox 802 4529 989 4583; x_wconf 85' lang='grc' dir='ltr'>λοιπὸν</span> <span class='ocrx_word' id='word_1_585' title='bbox 1029 4530 1209 4601; x_wconf 85' lang='grc' dir='ltr'>σῶμα,</span> <span class='ocrx_word' id='word_1_586' title='bbox 1250 4529 1391 4601; x_wconf 81' lang='grc' dir='ltr'>πλὴν</span> <span class='ocrx_word' id='word_1_587' title='bbox 1439 4530 1547 4583; x_wconf 91' lang='grc' dir='ltr'><strong>τῶν</strong></span> <span class='ocrx_word' id='word_1_588' title='bbox 1594 4528 1937 4601; x_wconf 75' lang='grc' dir='ltr'>ἐμπροσθίων</span> 
     </span>
    </p>
   </div>
   <div class='ocr_carea' id='block_1_76' title="bbox 2047 4527 2354 4604">
    <p class='ocr_par' dir='ltr' id='par_1_76' title="bbox 2047 4527 2354 4596">
     <span class='ocr_line' id='line_1_76' title="bbox 2047 4527 2354 4596; baseline 0.007 -15"><span class='ocrx_word' id='word_1_589' title='bbox 2047 4527 2281 4596; x_wconf 66' lang='lat' dir='ltr'><strong>exceptis</strong></span> <span class='ocrx_word' id='word_1_590' title='bbox 2339 4545 2354 4583; x_wconf 89' lang='lat'><strong>:</strong></span> 
     </span>
    </p>
   </div>
   <div class='ocr_carea' id='block_1_77' title="bbox 360 4621 1936 4693">
    <p class='ocr_par' dir='ltr' id='par_1_77' title="bbox 360 4621 1936 4693">
     <span class='ocr_line' id='line_1_77' title="bbox 360 4621 1936 4693; baseline 0.001 -19"><span class='ocrx_word' id='word_1_591' title='bbox 360 4621 537 4674; x_wconf 81' lang='grc' dir='ltr'>ποδῶν</span> <span class='ocrx_word' id='word_1_592' title='bbox 560 4637 574 4650; x_wconf 77' lang='grc'><strong><em>⁸</em></strong></span> <span class='ocrx_word' id='word_1_593' title='bbox 624 4621 937 4675; x_wconf 86' lang='grc' dir='ltr'>ἀνατέλλειν</span> <span class='ocrx_word' id='word_1_594' title='bbox 975 4622 1033 4675; x_wconf 85' lang='grc' dir='ltr'><strong>δέ</strong></span> <span class='ocrx_word' id='word_1_595' title='bbox 1063 4640 1195 4693; x_wconf 86' lang='grc' dir='ltr'>φησι</span> <span class='ocrx_word' id='word_1_596' title='bbox 1227 4624 1322 4676; x_wconf 77' lang='grc' dir='ltr'><strong>καὶ</strong></span> <span class='ocrx_word' id='word_1_597' title='bbox 1350 4622 1413 4675; x_wconf 80' lang='grc' dir='ltr'><strong>τὸ</strong></span> <span class='ocrx_word' id='word_1_598' title='bbox 1445 4621 1662 4693; x_wconf 82' lang='grc' dir='ltr'>Θηρίον,</span> <span class='ocrx_word' id='word_1_599' title='bbox 1693 4622 1721 4675; x_wconf 87' lang='grc' dir='ltr'><strong>ὃ</strong></span> <span class='ocrx_word' id='word_1_600' title='bbox 1767 4622 1879 4693; x_wconf 78' lang='grc' dir='ltr'>ἔχει</span> <span class='ocrx_word' id='word_1_601' title='bbox 1906 4624 1936 4675; x_wconf 90' lang='lat'><strong>6</strong></span> 
     </span>
    </p>
   </div>
   <div class='ocr_carea' id='block_1_78' title="bbox 358 4712 1934 4786">
    <p class='ocr_par' dir='ltr' id='par_1_78' title="bbox 358 4712 1934 4786">
     <span class='ocr_line' id='line_1_78' title="bbox 358 4712 1934 4786; baseline 0.001 -21"><span class='ocrx_word' id='word_1_602' title='bbox 358 4712 668 4783; x_wconf 87' lang='grc' dir='ltr'>Κένταυρος</span> <span class='ocrx_word' id='word_1_603' title='bbox 690 4730 703 4743; x_wconf 92' lang='grc'><strong>·</strong></span> <span class='ocrx_word' id='word_1_604' title='bbox 735 4713 830 4769; x_wconf 78' lang='grc' dir='ltr'><strong>καὶ</strong></span> <span class='ocrx_word' id='word_1_605' title='bbox 860 4712 955 4766; x_wconf 86' lang='grc' dir='ltr'><strong>τοῦ</strong></span> <span class='ocrx_word' id='word_1_606' title='bbox 1001 4715 1282 4786; x_wconf 87' lang='grc' dir='ltr'>Ὀφιούχου</span> <span class='ocrx_word' id='word_1_607' title='bbox 1322 4715 1423 4785; x_wconf 83' lang='grc' dir='ltr'>τὴν</span> <span class='ocrx_word' id='word_1_608' title='bbox 1448 4714 1691 4785; x_wconf 79' lang='grc' dir='ltr'>κεφαλὴν</span> <span class='ocrx_word' id='word_1_609' title='bbox 1716 4714 1810 4767; x_wconf 76' lang='grc' dir='ltr'>καὶ</span> <span class='ocrx_word' id='word_1_610' title='bbox 1833 4713 1934 4776; x_wconf 85' lang='grc' dir='ltr'>τὰς</span> 
     </span>
    </p>
   </div>
   <div class='ocr_carea' id='block_1_79' title="bbox 358 4802 1930 4877">
    <p class='ocr_par' dir='ltr' id='par_1_79' title="bbox 358 4802 1930 4877">
     <span class='ocr_line' id='line_1_79' title="bbox 358 4802 1930 4877; baseline 0.001 -20"><span class='ocrx_word' id='word_1_611' title='bbox 358 4806 566 4875; x_wconf 82' lang='grc' dir='ltr'>χεῖρας·</span> <span class='ocrx_word' id='word_1_612' title='bbox 596 4802 806 4857; x_wconf 74' lang='grc' dir='ltr'>καὶτοῦ</span> <span class='ocrx_word' id='word_1_613' title='bbox 826 4805 1060 4874; x_wconf 81' lang='grc' dir='ltr'>Ὄφεως,</span> <span class='ocrx_word' id='word_1_614' title='bbox 1093 4804 1150 4858; x_wconf 81' lang='grc' dir='ltr'>ὃν</span> <span class='ocrx_word' id='word_1_615' title='bbox 1175 4805 1288 4876; x_wconf 72' lang='grc' dir='ltr'>ἔχει</span> <span class='ocrx_word' id='word_1_616' title='bbox 1315 4806 1345 4859; x_wconf 86' lang='grc' dir='ltr'><strong>ὁ</strong></span> <span class='ocrx_word' id='word_1_617' title='bbox 1385 4805 1683 4876; x_wconf 83' lang='grc' dir='ltr'>Ὀφιοῦχος,</span> <span class='ocrx_word' id='word_1_618' title='bbox 1714 4805 1814 4877; x_wconf 82' lang='grc' dir='ltr'>τὴν</span> <span class='ocrx_word' id='word_1_619' title='bbox 1840 4822 1930 4859; x_wconf 87' lang='grc' dir='ltr'>κε-</span> 
     </span>
    </p>
   </div>
   <div class='ocr_carea' id='block_1_80' title="bbox 355 4893 1929 4968">
    <p class='ocr_par' dir='ltr' id='par_1_80' title="bbox 355 4893 1929 4968">
     <span class='ocr_line' id='line_1_80' title="bbox 355 4893 1929 4968; baseline 0.002 -22"><span class='ocrx_word' id='word_1_620' title='bbox 355 4894 533 4965; x_wconf 79' lang='grc' dir='ltr'>φαλὴν</span> <span class='ocrx_word' id='word_1_621' title='bbox 557 4893 663 4956; x_wconf 68' lang='grc' dir='ltr'>ἕως</span> <span class='ocrx_word' id='word_1_622' title='bbox 690 4895 790 4963; x_wconf 88' lang='grc' dir='ltr'>τῆς</span> <span class='ocrx_word' id='word_1_623' title='bbox 819 4893 1040 4966; x_wconf 82' lang='grc' dir='ltr'>πρώτης</span> <span class='ocrx_word' id='word_1_624' title='bbox 1069 4896 1330 4968; x_wconf 76' lang='grc' dir='ltr'>σπείρας·</span> <span class='ocrx_word' id='word_1_625' title='bbox 1361 4898 1456 4951; x_wconf 80' lang='grc' dir='ltr'>καὶ</span> <span class='ocrx_word' id='word_1_626' title='bbox 1486 4896 1582 4951; x_wconf 83' lang='grc' dir='ltr'><strong>τοῦ</strong></span> <span class='ocrx_word' id='word_1_627' title='bbox 1624 4898 1712 4950; x_wconf 81' lang='grc' dir='ltr'>Ἐν</span> <span class='ocrx_word' id='word_1_628' title='bbox 1741 4896 1929 4965; x_wconf 86' lang='grc' dir='ltr'>γόνασι</span> 
     </span>
    </p>
   </div>
   <div class='ocr_carea' id='block_1_81' title="bbox 353 4984 1928 5061">
    <p class='ocr_par' dir='ltr' id='par_1_81' title="bbox 353 4984 1928 5061">
     <span class='ocr_line' id='line_1_81' title="bbox 353 4984 1928 5061; baseline 0.001 -23"><span class='ocrx_word' id='word_1_629' title='bbox 353 4985 424 5039; x_wconf 82' lang='grc' dir='ltr'>τὰ</span> <span class='ocrx_word' id='word_1_630' title='bbox 451 4984 632 5049; x_wconf 78' lang='grc' dir='ltr'>λοιπὰ,</span> <span class='ocrx_word' id='word_1_631' title='bbox 663 4985 800 5056; x_wconf 82' lang='grc' dir='ltr'>πλὴν</span> <span class='ocrx_word' id='word_1_632' title='bbox 823 4987 923 5058; x_wconf 85' lang='grc' dir='ltr'>τῆς</span> <span class='ocrx_word' id='word_1_633' title='bbox 950 4987 1192 5058; x_wconf 84' lang='grc' dir='ltr'>κεφαλῆς</span> <span class='ocrx_word' id='word_1_634' title='bbox 1229 4989 1325 5042; x_wconf 76' lang='grc' dir='ltr'><strong>καὶ</strong></span> <span class='ocrx_word' id='word_1_635' title='bbox 1352 4990 1453 5061; x_wconf 78' lang='grc' dir='ltr'>τῆς</span> <span class='ocrx_word' id='word_1_636' title='bbox 1490 4989 1786 5061; x_wconf 80' lang='grc' dir='ltr'>ἀριστερᾶς</span> <span class='ocrx_word' id='word_1_637' title='bbox 1813 5005 1928 5060; x_wconf 86' lang='grc' dir='ltr'>χει-</span> 
     </span>
    </p>
   </div>
   <div class='ocr_carea' id='block_1_82' title="bbox 357 5076 1923 5153">
    <p class='ocr_par' dir='ltr' id='par_1_82' title="bbox 357 5076 1923 5153">
     <span class='ocr_line' id='line_1_82' title="bbox 357 5076 1923 5153; baseline 0.003 -22"><span class='ocrx_word' id='word_1_638' title='bbox 357 5077 470 5149; x_wconf 84' lang='grc' dir='ltr'>ρός.</span> <span class='ocrx_word' id='word_1_639' title='bbox 516 5077 574 5130; x_wconf 90' lang='lat'><strong>&#39;0</strong></span> <span class='ocrx_word' id='word_1_640' title='bbox 599 5078 655 5131; x_wconf 81' lang='grc' dir='ltr'>δὲ</span> <span class='ocrx_word' id='word_1_641' title='bbox 685 5076 918 5146; x_wconf 72' lang='grc' dir='ltr'>Εὔδοξος</span> <span class='ocrx_word' id='word_1_642' title='bbox 940 5078 1012 5132; x_wconf 81' lang='grc' dir='ltr'>τὰ</span> <span class='ocrx_word' id='word_1_643' title='bbox 1048 5079 1147 5150; x_wconf 84' lang='grc' dir='ltr'><strong>μὲν</strong></span> <span class='ocrx_word' id='word_1_644' title='bbox 1168 5080 1329 5133; x_wconf 82' lang='grc' dir='ltr'>λοιπὰ</span> <span class='ocrx_word' id='word_1_645' title='bbox 1352 5081 1551 5152; x_wconf 79' lang='grc' dir='ltr'>ὁμοίως</span> <span class='ocrx_word' id='word_1_646' title='bbox 1579 5081 1923 5153; x_wconf 77' lang='grc' dir='ltr'>ἀναγράφει.⁶</span> 
     </span>
    </p>
   </div>
   <div class='ocr_carea' id='block_1_83' title="bbox 352 5166 1924 5244">
    <p class='ocr_par' dir='ltr' id='par_1_83' title="bbox 352 5166 1924 5244">
     <span class='ocr_line' id='line_1_83' title="bbox 352 5166 1924 5244; baseline 0.001 -25"><span class='ocrx_word' id='word_1_647' title='bbox 352 5166 451 5239; x_wconf 82' lang='grc' dir='ltr'>τὴν</span> <span class='ocrx_word' id='word_1_648' title='bbox 482 5166 538 5219; x_wconf 83' lang='grc' dir='ltr'>δὲ</span> <span class='ocrx_word' id='word_1_649' title='bbox 571 5166 812 5239; x_wconf 83' lang='grc' dir='ltr'>κεφαλὴν</span> <span class='ocrx_word' id='word_1_650' title='bbox 843 5168 937 5221; x_wconf 90' lang='grc' dir='ltr'><strong>τοῦ</strong></span> <span class='ocrx_word' id='word_1_651' title='bbox 979 5166 1261 5238; x_wconf 87' lang='grc' dir='ltr'>Ὀφιούχου</span> <span class='ocrx_word' id='word_1_652' title='bbox 1290 5169 1489 5244; x_wconf 76' lang='grc' dir='ltr'>γράφει</span> <span class='ocrx_word' id='word_1_653' title='bbox 1509 5168 1924 5230; x_wconf 89' lang='grc' dir='ltr'>ἀνατέλλουσαν,</span> 
     </span>
    </p>
   </div>
   <div class='ocr_carea' id='block_1_84' title="bbox 352 5259 1927 5332">
    <p class='ocr_par' dir='ltr' id='par_1_84' title="bbox 352 5259 1927 5332">
     <span class='ocr_line' id='line_1_84' title="bbox 352 5259 1927 5332; baseline -0.001 -18"><span class='ocrx_word' id='word_1_654' title='bbox 352 5260 449 5314; x_wconf 81' lang='grc' dir='ltr'><strong>καὶ</strong></span> <span class='ocrx_word' id='word_1_655' title='bbox 481 5260 581 5330; x_wconf 83' lang='grc' dir='ltr'>τὴν</span> <span class='ocrx_word' id='word_1_656' title='bbox 609 5259 905 5332; x_wconf 84' lang='grc' dir='ltr'>ἀριστερὰν</span> <span class='ocrx_word' id='word_1_657' title='bbox 935 5260 1093 5330; x_wconf 86' lang='grc' dir='ltr'>μόνον</span> <span class='ocrx_word' id='word_1_658' title='bbox 1115 5263 1299 5331; x_wconf 86' lang='grc' dir='ltr'>χεῖρα·</span> <span class='ocrx_word' id='word_1_659' title='bbox 1330 5261 1430 5332; x_wconf 80' lang='grc' dir='ltr'>τὴν</span> <span class='ocrx_word' id='word_1_660' title='bbox 1451 5260 1509 5314; x_wconf 82' lang='grc' dir='ltr'>δὲ</span> <span class='ocrx_word' id='word_1_661' title='bbox 1539 5261 1723 5331; x_wconf 82' lang='grc' dir='ltr'>ἄλλην,</span> <span class='ocrx_word' id='word_1_662' title='bbox 1748 5261 1842 5314; x_wconf 69' lang='grc' dir='ltr'><strong>καί⁵</strong></span> <span class='ocrx_word' id='word_1_663' title='bbox 1865 5261 1927 5314; x_wconf 79' lang='grc' dir='ltr'>τὸ</span> 
     </span>
    </p>
   </div>
   <div class='ocr_carea' id='block_1_85' title="bbox 349 5346 1923 5423">
    <p class='ocr_par' dir='ltr' id='par_1_85' title="bbox 349 5346 1923 5423">
     <span class='ocr_line' id='line_1_85' title="bbox 349 5346 1923 5423; baseline 0.004 -24"><span class='ocrx_word' id='word_1_664' title='bbox 349 5346 568 5418; x_wconf 79' lang='grc' dir='ltr'>Θηρίον,</span> <span class='ocrx_word' id='word_1_665' title='bbox 595 5347 654 5399; x_wconf 77' lang='grc' dir='ltr'><strong>οὐ</strong></span> <span class='ocrx_word' id='word_1_666' title='bbox 693 5347 789 5401; x_wconf 89' lang='grc' dir='ltr'><strong>τοῦ</strong></span> <span class='ocrx_word' id='word_1_667' title='bbox 827 5350 1117 5423; x_wconf 79' lang='grc' dir='ltr'>Σκορπίου,</span> <span class='ocrx_word' id='word_1_668' title='bbox 1148 5348 1285 5402; x_wconf 87' lang='grc' dir='ltr'><strong>ἀλλά</strong></span> <span class='ocrx_word' id='word_1_669' title='bbox 1309 5348 1404 5403; x_wconf 83' lang='grc' dir='ltr'><strong>τοῦ</strong></span> <span class='ocrx_word' id='word_1_670' title='bbox 1434 5348 1660 5415; x_wconf 78' lang='grc' dir='ltr'>Τοξὸτου</span> <span class='ocrx_word' id='word_1_671' title='bbox 1694 5352 1923 5406; x_wconf 79' lang='grc' dir='ltr'>ἀνατέλ-</span> 
     </span>
    </p>
   </div>
   <div class='ocr_carea' id='block_1_86' title="bbox 348 5436 1925 5515">
    <p class='ocr_par' dir='ltr' id='par_1_86' title="bbox 348 5436 1925 5515">
     <span class='ocr_line' id='line_1_86' title="bbox 348 5436 1925 5515; baseline 0.008 -27"><span class='ocrx_word' id='word_1_672' title='bbox 348 5436 552 5503; x_wconf 89' lang='grc' dir='ltr'>λοντος,</span> <span class='ocrx_word' id='word_1_673' title='bbox 586 5438 728 5510; x_wconf 83' lang='grc' dir='ltr'>ὑπὲρ</span> <span class='ocrx_word' id='word_1_674' title='bbox 773 5440 876 5510; x_wconf 82' lang='grc' dir='ltr'>γῆν</span> <span class='ocrx_word' id='word_1_675' title='bbox 907 5442 999 5495; x_wconf 78' lang='grc' dir='ltr'><strong>καὶ</strong></span> <span class='ocrx_word' id='word_1_676' title='bbox 1049 5440 1353 5511; x_wconf 81' lang='grc' dir='ltr'>φαίνεσθαι.</span> <span class='ocrx_word' id='word_1_677' title='bbox 1389 5441 1498 5496; x_wconf 82' lang='grc' dir='ltr'><strong>Καὶ</strong></span> <span class='ocrx_word' id='word_1_678' title='bbox 1539 5441 1610 5496; x_wconf 84' lang='grc' dir='ltr'>τὰ</span> <span class='ocrx_word' id='word_1_679' title='bbox 1659 5443 1759 5515; x_wconf 86' lang='grc' dir='ltr'>μὲν</span> <span class='ocrx_word' id='word_1_680' title='bbox 1789 5444 1925 5500; x_wconf 82' lang='grc' dir='ltr'>ἀλλα</span> 
     </span>
    </p>
   </div>
   <div class='ocr_carea' id='block_1_87' title="bbox 348 5528 1924 5603">
    <p class='ocr_par' dir='ltr' id='par_1_87' title="bbox 348 5528 1924 5603">
     <span class='ocr_line' id='line_1_87' title="bbox 348 5528 1924 5603; baseline 0.007 -23"><span class='ocrx_word' id='word_1_681' title='bbox 348 5528 653 5599; x_wconf 84' lang='grc' dir='ltr'>συμφώνως</span> <span class='ocrx_word' id='word_1_682' title='bbox 685 5533 1103 5603; x_wconf 83' lang='grc' dir='ltr'>παραγράφουσι</span> <span class='ocrx_word' id='word_1_683' title='bbox 1135 5537 1245 5597; x_wconf 81' lang='grc' dir='ltr'>τοῖς</span> <span class='ocrx_word' id='word_1_684' title='bbox 1279 5534 1622 5603; x_wconf 87' lang='grc' dir='ltr'>φαινομένοις</span> <span class='ocrx_word' id='word_1_685' title='bbox 1656 5537 1701 5568; x_wconf 74' lang='grc' dir='ltr'><strong>⁷ο</strong></span> <span class='ocrx_word' id='word_1_686' title='bbox 1722 5552 1735 5565; x_wconf 71' lang='grc'><strong><em>⁸</em></strong></span> <span class='ocrx_word' id='word_1_687' title='bbox 1771 5536 1833 5591; x_wconf 87' lang='grc' dir='ltr'><strong>τὸ</strong></span> <span class='ocrx_word' id='word_1_688' title='bbox 1866 5537 1924 5591; x_wconf 84' lang='grc' dir='ltr'>δὲ</span> 
     </span>
    </p>
   </div>
   <div class='ocr_carea' id='block_1_88' title="bbox 346 5619 1920 5701">
    <p class='ocr_par' dir='ltr' id='par_1_88' title="bbox 346 5619 1920 5701">
     <span class='ocr_line' id='line_1_88' title="bbox 346 5619 1920 5701; baseline 0.006 -28"><span class='ocrx_word' id='word_1_689' title='bbox 346 5619 566 5692; x_wconf 83' lang='grc' dir='ltr'>Θηρίον,</span> <span class='ocrx_word' id='word_1_690' title='bbox 600 5621 724 5676; x_wconf 78' lang='grc' dir='ltr'>οὔτε</span> <span class='ocrx_word' id='word_1_691' title='bbox 755 5626 875 5688; x_wconf 87' lang='grc' dir='ltr'>ταῖς</span> <span class='ocrx_word' id='word_1_692' title='bbox 905 5626 1126 5697; x_wconf 80' lang='grc' dir='ltr'>Χηλαῖς.</span> <span class='ocrx_word' id='word_1_693' title='bbox 1159 5626 1233 5679; x_wconf 80' lang='grc' dir='ltr'><strong>Τὸ</strong></span> <span class='ocrx_word' id='word_1_694' title='bbox 1254 5626 1310 5679; x_wconf 85' lang='grc' dir='ltr'>δὲ</span> <span class='ocrx_word' id='word_1_695' title='bbox 1334 5627 1517 5682; x_wconf 76' lang='grc' dir='ltr'>λοιπὸν</span> <span class='ocrx_word' id='word_1_696' title='bbox 1548 5627 1626 5699; x_wconf 82' lang='grc' dir='ltr'>τῷ</span> <span class='ocrx_word' id='word_1_697' title='bbox 1654 5629 1920 5701; x_wconf 76' lang='grc' dir='ltr'>Σκορπίου</span> 
     </span>
    </p>
   </div>
   <div class='ocr_carea' id='block_1_89' title="bbox 416 5820 1116 5900">
    <p class='ocr_par' dir='ltr' id='par_1_89' title="bbox 416 5820 1116 5900">
     <span class='ocr_line' id='line_1_89' title="bbox 416 5820 1116 5900; baseline 0.01 -26"><span class='ocrx_word' id='word_1_698' title='bbox 416 5821 462 5852; x_wconf 68' lang='grc' dir='ltr'><strong>τ’</strong></span> <span class='ocrx_word' id='word_1_699' title='bbox 504 5820 633 5877; x_wconf 66' lang='lat' dir='ltr'><strong>Haec</strong></span> <span class='ocrx_word' id='word_1_700' title='bbox 688 5824 936 5879; x_wconf 76' lang='lat' dir='ltr'><strong>mendosa</strong></span> <span class='ocrx_word' id='word_1_701' title='bbox 976 5837 1116 5900; x_wconf 68' lang='lat' dir='ltr'><strong>sunt.</strong></span> 
     </span>
    </p>
   </div>
   <div class='ocr_carea' id='block_1_90' title="bbox 2047 3299 3628 3373">
    <p class='ocr_par' dir='ltr' id='par_1_90' title="bbox 2047 3299 3628 3373">
     <span class='ocr_line' id='line_1_90' title="bbox 2047 3299 3628 3373; baseline 0.004 -20"><span class='ocrx_word' id='word_1_702' title='bbox 2047 3299 2367 3356; x_wconf 85' lang='lat' dir='ltr'><strong>hallucinati</strong></span> <span class='ocrx_word' id='word_1_703' title='bbox 2407 3310 2564 3370; x_wconf 88' lang='lat' dir='ltr'><strong>sunt;</strong></span> <span class='ocrx_word' id='word_1_704' title='bbox 2610 3302 2705 3357; x_wconf 91' lang='lat' dir='ltr'><strong>sed</strong></span> <span class='ocrx_word' id='word_1_705' title='bbox 2740 3302 2793 3357; x_wconf 92' lang='lat' dir='ltr'><strong>in</strong></span> <span class='ocrx_word' id='word_1_706' title='bbox 2830 3317 2895 3357; x_wconf 92' lang='lat' dir='ltr'><strong>eo</strong></span> <span class='ocrx_word' id='word_1_707' title='bbox 2920 3316 3135 3373; x_wconf 88' lang='lat' dir='ltr'><strong>quoque</strong></span> <span class='ocrx_word' id='word_1_708' title='bbox 3170 3302 3313 3372; x_wconf 87' lang='lat' dir='ltr'><strong>quod</strong></span> <span class='ocrx_word' id='word_1_709' title='bbox 3358 3303 3502 3359; x_wconf 86' lang='lat' dir='ltr'><strong>illius</strong></span> <span class='ocrx_word' id='word_1_710' title='bbox 3533 3319 3628 3358; x_wconf 87' lang='lat' dir='ltr'><strong>ca-</strong></span> 
     </span>
    </p>
   </div>
   <div class='ocr_carea' id='block_1_91' title="bbox 2045 3389 3634 3466">
    <p class='ocr_par' dir='ltr' id='par_1_91' title="bbox 2045 3389 3634 3466">
     <span class='ocr_line' id='line_1_91' title="bbox 2045 3389 3634 3466; baseline 0.002 -20"><span class='ocrx_word' id='word_1_711' title='bbox 2045 3399 2143 3464; x_wconf 90' lang='lat' dir='ltr'><strong>put</strong></span> <span class='ocrx_word' id='word_1_712' title='bbox 2197 3409 2265 3448; x_wconf 83' lang='lat' dir='ltr'><strong>ex</strong></span> <span class='ocrx_word' id='word_1_713' title='bbox 2323 3389 2555 3449; x_wconf 85' lang='lat' dir='ltr'><strong>adverso</strong></span> <span class='ocrx_word' id='word_1_714' title='bbox 2599 3392 2840 3466; x_wconf 76' lang='lat' dir='ltr'><strong>Virginis</strong></span> <span class='ocrx_word' id='word_1_715' title='bbox 2891 3395 3045 3448; x_wconf 87' lang='lat' dir='ltr'><strong>aiunt</strong></span> <span class='ocrx_word' id='word_1_716' title='bbox 3102 3394 3454 3449; x_wconf 89' lang='lat' dir='ltr'><strong>descendere.</strong></span> <span class='ocrx_word' id='word_1_717' title='bbox 3502 3393 3634 3449; x_wconf 69' lang='lat' dir='ltr'><strong>Non</strong></span> 
     </span>
    </p>
   </div>
   <div class='ocr_carea' id='block_1_92' title="bbox 2044 3483 3624 3556">
    <p class='ocr_par' dir='ltr' id='par_1_92' title="bbox 2044 3483 3624 3556">
     <span class='ocr_line' id='line_1_92' title="bbox 2044 3483 3624 3556; baseline -0.001 -16"><span class='ocrx_word' id='word_1_718' title='bbox 2044 3485 2191 3540; x_wconf 87' lang='lat' dir='ltr'><strong>enim</strong></span> <span class='ocrx_word' id='word_1_719' title='bbox 2220 3483 2453 3556; x_wconf 77' lang='lat' dir='ltr'><strong>Virgini,</strong></span> <span class='ocrx_word' id='word_1_720' title='bbox 2488 3486 2582 3542; x_wconf 88' lang='lat' dir='ltr'><strong>sed</strong></span> <span class='ocrx_word' id='word_1_721' title='bbox 2606 3485 2790 3542; x_wconf 89' lang='lat' dir='ltr'><strong>Chelis</strong></span> <span class='ocrx_word' id='word_1_722' title='bbox 2818 3487 3128 3556; x_wconf 89' lang='lat' dir='ltr'><strong>oppositum</strong></span> <span class='ocrx_word' id='word_1_723' title='bbox 3154 3485 3334 3541; x_wconf 85' lang='lat' dir='ltr'><strong>facere</strong></span> <span class='ocrx_word' id='word_1_724' title='bbox 3364 3501 3624 3541; x_wconf 88' lang='lat' dir='ltr'><strong>occasum</strong></span> 
     </span>
    </p>
   </div>
   <div class='ocr_carea' id='block_1_93' title="bbox 2044 3577 3622 3651">
    <p class='ocr_par' dir='ltr' id='par_1_93' title="bbox 2044 3577 3622 3651">
     <span class='ocr_line' id='line_1_93' title="bbox 2044 3577 3622 3651; baseline -0.001 -20"><span class='ocrx_word' id='word_1_725' title='bbox 2044 3577 2253 3649; x_wconf 89' lang='lat' dir='ltr'><strong>incipit.</strong></span> <span class='ocrx_word' id='word_1_726' title='bbox 2284 3577 2495 3650; x_wconf 84' lang='lat' dir='ltr'><strong>Quippe</strong></span> <span class='ocrx_word' id='word_1_727' title='bbox 2522 3580 2805 3636; x_wconf 85' lang='lat' dir='ltr'><strong>stellarum</strong></span> <span class='ocrx_word' id='word_1_728' title='bbox 2837 3594 2959 3651; x_wconf 48' lang='lat' dir='ltr'><strong>quae.</strong></span> <span class='ocrx_word' id='word_1_729' title='bbox 2986 3579 3040 3632; x_wconf 93' lang='lat' dir='ltr'><strong>in</strong></span> <span class='ocrx_word' id='word_1_730' title='bbox 3071 3578 3245 3648; x_wconf 84' lang='lat' dir='ltr'><strong>ipsius</strong></span> <span class='ocrx_word' id='word_1_731' title='bbox 3273 3579 3450 3648; x_wconf 85' lang='lat' dir='ltr'><strong>capite</strong></span> <span class='ocrx_word' id='word_1_732' title='bbox 3473 3586 3622 3642; x_wconf 86' lang='lat' dir='ltr'><strong>sunt,</strong></span> 
     </span>
    </p>
   </div>
   <div class='ocr_carea' id='block_1_94' title="bbox 2044 3669 3626 3741">
    <p class='ocr_par' dir='ltr' id='par_1_94' title="bbox 2044 3669 3626 3741">
     <span class='ocr_line' id='line_1_94' title="bbox 2044 3669 3626 3741; baseline 0.001 -17"><span class='ocrx_word' id='word_1_733' title='bbox 2044 3674 2337 3728; x_wconf 84' lang='lat' dir='ltr'><strong>australior</strong></span> <span class='ocrx_word' id='word_1_734' title='bbox 2363 3673 2566 3728; x_wconf 87' lang='lat' dir='ltr'><strong>occidit</strong></span> <span class='ocrx_word' id='word_1_735' title='bbox 2611 3675 2823 3729; x_wconf 85' lang='lat' dir='ltr'><strong>oriente</strong></span> <span class='ocrx_word' id='word_1_736' title='bbox 2860 3671 3039 3727; x_wconf 90' lang='lat' dir='ltr'><strong>media</strong></span> <span class='ocrx_word' id='word_1_737' title='bbox 3078 3679 3269 3726; x_wconf 88' lang='lat' dir='ltr'><strong>octava</strong></span> <span class='ocrx_word' id='word_1_738' title='bbox 3303 3677 3456 3741; x_wconf 90' lang='lat' dir='ltr'><strong>parte</strong></span> <span class='ocrx_word' id='word_1_739' title='bbox 3484 3669 3626 3725; x_wconf 88' lang='lat' dir='ltr'><strong>Che-</strong></span> 
     </span>
    </p>
   </div>
   <div class='ocr_carea' id='block_1_95' title="bbox 2042 3765 2246 3821">
    <p class='ocr_par' dir='ltr' id='par_1_95' title="bbox 2042 3765 2246 3821">
     <span class='ocr_line' id='line_1_95' title="bbox 2042 3765 2246 3821; baseline 0.005 -2"><span class='ocrx_word' id='word_1_740' title='bbox 2042 3765 2246 3821; x_wconf 87' lang='lat' dir='ltr'><strong>larum..</strong></span> 
     </span>
    </p>
   </div>
   <div class='ocr_carea' id='block_1_96' title="bbox 2110 3877 3624 3950">
    <p class='ocr_par' dir='ltr' id='par_1_96' title="bbox 2110 3877 3624 3950">
     <span class='ocr_line' id='line_1_96' title="bbox 2110 3877 3624 3950; baseline -0.002 -17"><span class='ocrx_word' id='word_1_741' title='bbox 2110 3877 2206 3935; x_wconf 80' lang='lat' dir='ltr'><strong>Xl.</strong></span> <span class='ocrx_word' id='word_1_742' title='bbox 2228 3879 2365 3935; x_wconf 91' lang='lat' dir='ltr'><strong>Cum</strong></span> <span class='ocrx_word' id='word_1_743' title='bbox 2397 3880 2531 3935; x_wconf 91' lang='lat' dir='ltr'><strong>oriri</strong></span> <span class='ocrx_word' id='word_1_744' title='bbox 2559 3878 2819 3950; x_wconf 86' lang='lat' dir='ltr'><strong>Scorpius</strong></span> <span class='ocrx_word' id='word_1_745' title='bbox 2850 3879 3063 3950; x_wconf 90' lang='lat' dir='ltr'><strong>incipit,</strong></span> <span class='ocrx_word' id='word_1_746' title='bbox 3079 3880 3365 3934; x_wconf 86' lang='lat' dir='ltr'><strong>amborum</strong></span> <span class='ocrx_word' id='word_1_747' title='bbox 3397 3877 3624 3948; x_wconf 85' lang='lat' dir='ltr'><strong>scripto-</strong></span> 
     </span>
    </p>
   </div>
   <div class='ocr_carea' id='block_1_97' title="bbox 2041 3968 3631 4042">
    <p class='ocr_par' dir='ltr' id='par_1_97' title="bbox 2041 3968 3631 4042">
     <span class='ocr_line' id='line_1_97' title="bbox 2041 3968 3631 4042; baseline -0.002 -16"><span class='ocrx_word' id='word_1_748' title='bbox 2041 3986 2162 4027; x_wconf 85' lang='lat' dir='ltr'><strong>rum</strong></span> <span class='ocrx_word' id='word_1_749' title='bbox 2196 3973 2375 4042; x_wconf 89' lang='lat' dir='ltr'><strong>placet</strong></span> <span class='ocrx_word' id='word_1_750' title='bbox 2396 3972 2574 4039; x_wconf 88' lang='lat' dir='ltr'><strong>alteri,</strong></span> <span class='ocrx_word' id='word_1_751' title='bbox 2596 3973 2838 4042; x_wconf 87' lang='lat' dir='ltr'><strong>reliquas</strong></span> <span class='ocrx_word' id='word_1_752' title='bbox 2862 3969 3013 4025; x_wconf 79' lang='lat' dir='ltr'><strong>ﬂuvii</strong></span> <span class='ocrx_word' id='word_1_753' title='bbox 3029 3977 3213 4040; x_wconf 90' lang='lat' dir='ltr'><strong>partes</strong></span> <span class='ocrx_word' id='word_1_754' title='bbox 3232 3968 3501 4033; x_wconf 88' lang='lat' dir='ltr'><strong>occidere,</strong></span> <span class='ocrx_word' id='word_1_755' title='bbox 3521 3984 3631 4023; x_wconf 74' lang='lat' dir='ltr'><strong>nec</strong></span> 
     </span>
    </p>
   </div>
   <div class='ocr_carea' id='block_1_98' title="bbox 2041 4060 3749 4157">
    <p class='ocr_par' dir='ltr' id='par_1_98' title="bbox 2041 4060 3749 4157">
     <span class='ocr_line' id='line_1_98' title="bbox 2041 4060 3749 4157; baseline -0.004 -39"><span class='ocrx_word' id='word_1_756' title='bbox 2041 4078 2149 4119; x_wconf 92' lang='lat' dir='ltr'><strong>non</strong></span> <span class='ocrx_word' id='word_1_757' title='bbox 2177 4064 2536 4120; x_wconf 83' lang='lat' dir='ltr'><strong>Andromedae</strong></span> <span class='ocrx_word' id='word_1_758' title='bbox 2566 4079 2629 4119; x_wconf 89' lang='lat' dir='ltr'><strong>ac</strong></span> <span class='ocrx_word' id='word_1_759' title='bbox 2649 4062 2805 4131; x_wconf 87' lang='lat' dir='ltr'><strong>Ceti;</strong></span> <span class='ocrx_word' id='word_1_760' title='bbox 2836 4072 2891 4116; x_wconf 88' lang='lat' dir='ltr'><strong>et</strong></span> <span class='ocrx_word' id='word_1_761' title='bbox 2919 4061 3119 4133; x_wconf 89' lang='lat' dir='ltr'><strong>Cephei</strong></span> <span class='ocrx_word' id='word_1_762' title='bbox 3147 4060 3412 4132; x_wconf 89' lang='lat' dir='ltr'><strong>quidquid</strong></span> <span class='ocrx_word' id='word_1_763' title='bbox 3441 4074 3525 4116; x_wconf 83' lang='lat' dir='ltr'><strong>est</strong></span> <span class='ocrx_word' id='word_1_764' title='bbox 3554 4061 3630 4114; x_wconf 82' lang='lat' dir='ltr'><strong>ah</strong></span> <span class='ocrx_word' id='word_1_765' title='bbox 3742 4141 3749 4157; x_wconf 27' lang='grc' dir='ltr'><em>Ι</em></span> 
     </span>
    </p>
   </div>
   <div class='ocr_carea' id='block_1_99' title="bbox 2038 4154 3623 4228">
    <p class='ocr_par' dir='ltr' id='par_1_99' title="bbox 2038 4154 3623 4228">
     <span class='ocr_line' id='line_1_99' title="bbox 2038 4154 3623 4228; baseline -0.003 -17"><span class='ocrx_word' id='word_1_766' title='bbox 2038 4157 2281 4212; x_wconf 89' lang='lat' dir='ltr'><strong>humeris</strong></span> <span class='ocrx_word' id='word_1_767' title='bbox 2320 4158 2388 4211; x_wconf 86' lang='lat' dir='ltr'><strong>ad</strong></span> <span class='ocrx_word' id='word_1_768' title='bbox 2424 4157 2701 4228; x_wconf 87' lang='lat' dir='ltr'><strong>cingulum</strong></span> <span class='ocrx_word' id='word_1_769' title='bbox 2733 4174 2748 4211; x_wconf 89' lang='lat'><strong>:</strong></span> <span class='ocrx_word' id='word_1_770' title='bbox 2782 4157 2910 4211; x_wconf 85' lang='lat' dir='ltr'><strong>item</strong></span> <span class='ocrx_word' id='word_1_771' title='bbox 2946 4154 3291 4225; x_wconf 83' lang='lat' dir='ltr'><strong>Cassiepeam</strong></span> <span class='ocrx_word' id='word_1_772' title='bbox 3332 4154 3623 4224; x_wconf 79' lang='lat' dir='ltr'><strong>integram,</strong></span> 
     </span>
    </p>
   </div>
   <div class='ocr_carea' id='block_1_100' title="bbox 2037 4245 3621 4320">
    <p class='ocr_par' dir='ltr' id='par_1_100' title="bbox 2037 4245 3621 4320">
     <span class='ocr_line' id='line_1_100' title="bbox 2037 4245 3621 4320; baseline -0.001 -18"><span class='ocrx_word' id='word_1_773' title='bbox 2037 4260 2400 4320; x_wconf 69' lang='lat' dir='ltr'><strong>praeterquam</strong></span> <span class='ocrx_word' id='word_1_774' title='bbox 2437 4264 2500 4305; x_wconf 89' lang='lat' dir='ltr'><strong>ea</strong></span> <span class='ocrx_word' id='word_1_775' title='bbox 2529 4264 2652 4320; x_wconf 76' lang='lat' dir='ltr'><strong>quae</strong></span> <span class='ocrx_word' id='word_1_776' title='bbox 2681 4263 2713 4303; x_wconf 87' lang='lat' dir='ltr'><strong>a</strong></span> <span class='ocrx_word' id='word_1_777' title='bbox 2744 4247 2977 4319; x_wconf 89' lang='lat' dir='ltr'><strong>pedibus</strong></span> <span class='ocrx_word' id='word_1_778' title='bbox 3002 4247 3070 4303; x_wconf 86' lang='lat' dir='ltr'><strong>ad</strong></span> <span class='ocrx_word' id='word_1_779' title='bbox 3110 4260 3283 4318; x_wconf 89' lang='lat' dir='ltr'><strong>genua</strong></span> <span class='ocrx_word' id='word_1_780' title='bbox 3322 4245 3621 4316; x_wconf 84' lang='lat' dir='ltr'><strong>pertinent.</strong></span> 
     </span>
    </p>
   </div>
   <div class='ocr_carea' id='block_1_101' title="bbox 2036 4334 3625 4410">
    <p class='ocr_par' dir='ltr' id='par_1_101' title="bbox 2036 4334 3625 4410">
     <span class='ocr_line' id='line_1_101' title="bbox 2036 4334 3625 4410; baseline -0.006 -14"><span class='ocrx_word' id='word_1_781' title='bbox 2036 4342 2201 4398; x_wconf 87' lang='lat' dir='ltr'><strong>Addit</strong></span> <span class='ocrx_word' id='word_1_782' title='bbox 2228 4343 2332 4407; x_wconf 88' lang='lat' dir='ltr'><strong>bis,</strong></span> <span class='ocrx_word' id='word_1_783' title='bbox 2354 4343 2487 4398; x_wconf 90' lang='lat' dir='ltr'><strong>oriri</strong></span> <span class='ocrx_word' id='word_1_784' title='bbox 2517 4341 2747 4397; x_wconf 69' lang='lat' dir='ltr'><strong>Corona:</strong></span> <span class='ocrx_word' id='word_1_785' title='bbox 2774 4340 3067 4410; x_wconf 88' lang='lat' dir='ltr'><strong>reliquum,</strong></span> <span class='ocrx_word' id='word_1_786' title='bbox 3090 4346 3145 4392; x_wconf 89' lang='lat' dir='ltr'><strong>et</strong></span> <span class='ocrx_word' id='word_1_787' title='bbox 3168 4335 3339 4407; x_wconf 83' lang='lat' dir='ltr'><strong>Hydri</strong></span> <span class='ocrx_word' id='word_1_788' title='bbox 3364 4334 3625 4399; x_wconf 80' lang='lat' dir='ltr'><strong>caudam,</strong></span> 
     </span>
    </p>
   </div>
   <div class='ocr_carea' id='block_1_102' title="bbox 2038 4428 3624 4504">
    <p class='ocr_par' dir='ltr' id='par_1_102' title="bbox 2038 4428 3624 4504">
     <span class='ocr_line' id='line_1_102' title="bbox 2038 4428 3624 4504; baseline -0.003 -15"><span class='ocrx_word' id='word_1_789' title='bbox 2038 4451 2103 4490; x_wconf 89' lang='lat' dir='ltr'><strong>ac</strong></span> <span class='ocrx_word' id='word_1_790' title='bbox 2130 4434 2391 4489; x_wconf 86' lang='lat' dir='ltr'><strong>Centauri</strong></span> <span class='ocrx_word' id='word_1_791' title='bbox 2419 4434 2691 4504; x_wconf 80' lang='lat' dir='ltr'><strong>reliquum</strong></span> <span class='ocrx_word' id='word_1_792' title='bbox 2728 4447 2950 4502; x_wconf 85' lang='lat' dir='ltr'><strong>corpus,</strong></span> <span class='ocrx_word' id='word_1_793' title='bbox 2988 4431 3355 4486; x_wconf 88' lang='lat' dir='ltr'><strong>anterioribus</strong></span> <span class='ocrx_word' id='word_1_794' title='bbox 3387 4428 3624 4500; x_wconf 88' lang='lat' dir='ltr'><strong>pedibus</strong></span> 
     </span>
    </p>
   </div>
   <div class='ocr_carea' id='block_1_103' title="bbox 2416 4522 3623 4595">
    <p class='ocr_par' dir='ltr' id='par_1_103' title="bbox 2416 4522 3623 4595">
     <span class='ocr_line' id='line_1_103' title="bbox 2416 4522 3623 4595; baseline -0.005 -13"><span class='ocrx_word' id='word_1_795' title='bbox 2416 4527 2485 4582; x_wconf 77' lang='lat' dir='ltr'><strong>ad</strong></span> <span class='ocrx_word' id='word_1_796' title='bbox 2547 4526 2663 4581; x_wconf 55' lang='lat' dir='ltr'><strong>base</strong></span> <span class='ocrx_word' id='word_1_797' title='bbox 2711 4522 2983 4595; x_wconf 87' lang='lat' dir='ltr'><strong>Ophiuchi</strong></span> <span class='ocrx_word' id='word_1_798' title='bbox 3042 4528 3224 4593; x_wconf 88' lang='lat' dir='ltr'><strong>caput,</strong></span> <span class='ocrx_word' id='word_1_799' title='bbox 3284 4532 3337 4576; x_wconf 90' lang='lat' dir='ltr'><strong>et</strong></span> <span class='ocrx_word' id='word_1_800' title='bbox 3387 4535 3623 4589; x_wconf 83' lang='lat' dir='ltr'><strong>manus;</strong></span> 
     </span>
    </p>
   </div>
   <div class='ocr_carea' id='block_1_104' title="bbox 2039 4613 3621 4690">
    <p class='ocr_par' dir='ltr' id='par_1_104' title="bbox 2039 4613 3621 4690">
     <span class='ocr_line' id='line_1_104' title="bbox 2039 4613 3621 4690; baseline -0.004 -16"><span class='ocrx_word' id='word_1_801' title='bbox 2039 4627 2094 4674; x_wconf 89' lang='lat' dir='ltr'><strong>et</strong></span> <span class='ocrx_word' id='word_1_802' title='bbox 2147 4619 2437 4690; x_wconf 88' lang='lat' dir='ltr'><strong>serpentis,</strong></span> <span class='ocrx_word' id='word_1_803' title='bbox 2491 4633 2652 4689; x_wconf 91' lang='lat' dir='ltr'><strong>quem</strong></span> <span class='ocrx_word' id='word_1_804' title='bbox 2707 4623 2884 4687; x_wconf 89' lang='lat' dir='ltr'><strong>gestat</strong></span> <span class='ocrx_word' id='word_1_805' title='bbox 2938 4613 3279 4685; x_wconf 89' lang='lat' dir='ltr'><strong>Ophiuchus,</strong></span> <span class='ocrx_word' id='word_1_806' title='bbox 3330 4620 3495 4683; x_wconf 87' lang='lat' dir='ltr'><strong>caput</strong></span> <span class='ocrx_word' id='word_1_807' title='bbox 3547 4614 3621 4668; x_wconf 89' lang='lat' dir='ltr'><strong>ad</strong></span> 
     </span>
    </p>
   </div>
   <div class='ocr_carea' id='block_1_105' title="bbox 2039 4706 3618 4783">
    <p class='ocr_par' dir='ltr' id='par_1_105' title="bbox 2039 4706 3618 4783">
     <span class='ocr_line' id='line_1_105' title="bbox 2039 4706 3618 4783; baseline -0.004 -17"><span class='ocrx_word' id='word_1_808' title='bbox 2039 4712 2275 4783; x_wconf 89' lang='lat' dir='ltr'><strong>priorem</strong></span> <span class='ocrx_word' id='word_1_809' title='bbox 2311 4727 2488 4782; x_wconf 85' lang='lat' dir='ltr'><strong>usque</strong></span> <span class='ocrx_word' id='word_1_810' title='bbox 2522 4713 2754 4781; x_wconf 89' lang='lat' dir='ltr'><strong>spiram;</strong></span> <span class='ocrx_word' id='word_1_811' title='bbox 2794 4709 3001 4778; x_wconf 86' lang='lat' dir='ltr'><strong>reliqua</strong></span> <span class='ocrx_word' id='word_1_812' title='bbox 3030 4710 3253 4779; x_wconf 85' lang='lat' dir='ltr'><strong>insuper</strong></span> <span class='ocrx_word' id='word_1_813' title='bbox 3295 4706 3618 4779; x_wconf 83' lang='lat' dir='ltr'><strong>lngeniculi,</strong></span> 
     </span>
    </p>
   </div>
   <div class='ocr_carea' id='block_1_106' title="bbox 2037 4798 3618 4874">
    <p class='ocr_par' dir='ltr' id='par_1_106' title="bbox 2037 4798 3618 4874">
     <span class='ocr_line' id='line_1_106' title="bbox 2037 4798 3618 4874; baseline -0.005 -15"><span class='ocrx_word' id='word_1_814' title='bbox 2037 4811 2266 4874; x_wconf 83' lang='lat' dir='ltr'><strong>excepto</strong></span> <span class='ocrx_word' id='word_1_815' title='bbox 2297 4804 2475 4873; x_wconf 85' lang='lat' dir='ltr'><strong>capite</strong></span> <span class='ocrx_word' id='word_1_816' title='bbox 2502 4817 2566 4857; x_wconf 81' lang='lat' dir='ltr'><strong>ac</strong></span> <span class='ocrx_word' id='word_1_817' title='bbox 2597 4802 2821 4857; x_wconf 86' lang='lat' dir='ltr'><strong>sinistra</strong></span> <span class='ocrx_word' id='word_1_818' title='bbox 2851 4816 3041 4855; x_wconf 80' lang='lat' dir='ltr'><strong>manu.</strong></span> <span class='ocrx_word' id='word_1_819' title='bbox 3098 4800 3167 4853; x_wconf 88' lang='lat' dir='ltr'><strong>At</strong></span> <span class='ocrx_word' id='word_1_820' title='bbox 3201 4798 3459 4855; x_wconf 78' lang='lat' dir='ltr'><strong>Eudoxus</strong></span> <span class='ocrx_word' id='word_1_821' title='bbox 3488 4813 3618 4852; x_wconf 87' lang='lat' dir='ltr'><strong>cum</strong></span> 
     </span>
    </p>
   </div>
   <div class='ocr_carea' id='block_1_107' title="bbox 2037 4890 3615 4962">
    <p class='ocr_par' dir='ltr' id='par_1_107' title="bbox 2037 4890 3615 4962">
     <span class='ocr_line' id='line_1_107' title="bbox 2037 4890 3615 4962; baseline -0.004 -13"><span class='ocrx_word' id='word_1_822' title='bbox 2037 4896 2093 4949; x_wconf 87' lang='lat' dir='ltr'><strong>in</strong></span> <span class='ocrx_word' id='word_1_823' title='bbox 2121 4895 2334 4950; x_wconf 63' lang='lat' dir='ltr'><strong>caeteris</strong></span> <span class='ocrx_word' id='word_1_824' title='bbox 2362 4893 2687 4956; x_wconf 89' lang='lat' dir='ltr'><strong>consentiat,</strong></span> <span class='ocrx_word' id='word_1_825' title='bbox 2719 4890 2992 4962; x_wconf 87' lang='lat' dir='ltr'><strong>Ophiuchi</strong></span> <span class='ocrx_word' id='word_1_826' title='bbox 3019 4901 3203 4961; x_wconf 85' lang='lat' dir='ltr'><strong>caput,</strong></span> <span class='ocrx_word' id='word_1_827' title='bbox 3241 4906 3305 4945; x_wconf 88' lang='lat' dir='ltr'><strong>ac</strong></span> <span class='ocrx_word' id='word_1_828' title='bbox 3338 4890 3615 4946; x_wconf 83' lang='lat' dir='ltr'><strong>sinistram</strong></span> 
     </span>
    </p>
   </div>
   <div class='ocr_carea' id='block_1_108' title="bbox 2035 4984 3619 5050">
    <p class='ocr_par' dir='ltr' id='par_1_108' title="bbox 2035 4984 3619 5050">
     <span class='ocr_line' id='line_1_108' title="bbox 2035 4984 3619 5050; baseline -0.004 -9"><span class='ocrx_word' id='word_1_829' title='bbox 2035 4987 2301 5042; x_wconf 83' lang='lat' dir='ltr'><strong>duntaxat</strong></span> <span class='ocrx_word' id='word_1_830' title='bbox 2333 4998 2554 5039; x_wconf 89' lang='lat' dir='ltr'><strong>manum</strong></span> <span class='ocrx_word' id='word_1_831' title='bbox 2589 4984 2793 5040; x_wconf 78' lang='lat' dir='ltr'><strong>exoriri</strong></span> <span class='ocrx_word' id='word_1_832' title='bbox 2834 4985 3062 5050; x_wconf 86' lang='lat' dir='ltr'><strong>asserit;</strong></span> <span class='ocrx_word' id='word_1_833' title='bbox 3104 4984 3330 5037; x_wconf 87' lang='lat' dir='ltr'><strong>alteram</strong></span> <span class='ocrx_word' id='word_1_834' title='bbox 3372 4998 3619 5047; x_wconf 80' lang='lat' dir='ltr'><strong>manum,</strong></span> 
     </span>
    </p>
   </div>
   <div class='ocr_carea' id='block_1_109' title="bbox 1985 5073 3614 5146">
    <p class='ocr_par' dir='ltr' id='par_1_109' title="bbox 1985 5073 3614 5146">
     <span class='ocr_line' id='line_1_109' title="bbox 1985 5073 3614 5146; baseline -0.003 -13"><span class='ocrx_word' id='word_1_835' title='bbox 1985 5087 1990 5091; x_wconf 83' lang='lat'>&#39;</span> <span class='ocrx_word' id='word_1_836' title='bbox 2035 5087 2095 5133; x_wconf 90' lang='lat' dir='ltr'><strong>ut</strong></span> <span class='ocrx_word' id='word_1_837' title='bbox 2134 5086 2188 5134; x_wconf 85' lang='lat' dir='ltr'><strong>et</strong></span> <span class='ocrx_word' id='word_1_838' title='bbox 2229 5079 2422 5142; x_wconf 82' lang='lat' dir='ltr'><strong>feram,</strong></span> <span class='ocrx_word' id='word_1_839' title='bbox 2460 5092 2569 5133; x_wconf 80' lang='lat' dir='ltr'><strong>non</strong></span> <span class='ocrx_word' id='word_1_840' title='bbox 2606 5077 2821 5131; x_wconf 89' lang='lat' dir='ltr'><strong>oriente</strong></span> <span class='ocrx_word' id='word_1_841' title='bbox 2859 5074 3113 5146; x_wconf 89' lang='lat' dir='ltr'><strong>Scorpio,</strong></span> <span class='ocrx_word' id='word_1_842' title='bbox 3155 5074 3248 5129; x_wconf 89' lang='lat' dir='ltr'><strong>sed</strong></span> <span class='ocrx_word' id='word_1_843' title='bbox 3296 5073 3614 5144; x_wconf 82' lang='lat' dir='ltr'><strong>Sagittario,</strong></span> 
     </span>
    </p>
   </div>
   <div class='ocr_carea' id='block_1_110' title="bbox 2035 5169 3616 5241">
    <p class='ocr_par' dir='ltr' id='par_1_110' title="bbox 2035 5169 3616 5241">
     <span class='ocr_line' id='line_1_110' title="bbox 2035 5169 3616 5241; baseline -0.003 -14"><span class='ocrx_word' id='word_1_844' title='bbox 2035 5187 2199 5241; x_wconf 90' lang='lat' dir='ltr'><strong>supra</strong></span> <span class='ocrx_word' id='word_1_845' title='bbox 2250 5180 2451 5228; x_wconf 88' lang='lat' dir='ltr'><strong>terram</strong></span> <span class='ocrx_word' id='word_1_846' title='bbox 2496 5179 2734 5227; x_wconf 83' lang='lat' dir='ltr'><strong>exstare.</strong></span> <span class='ocrx_word' id='word_1_847' title='bbox 2781 5169 2958 5240; x_wconf 85' lang='lat' dir='ltr'><strong>Atque</strong></span> <span class='ocrx_word' id='word_1_848' title='bbox 3003 5170 3061 5225; x_wconf 91' lang='lat' dir='ltr'><strong>in</strong></span> <span class='ocrx_word' id='word_1_849' title='bbox 3110 5170 3338 5224; x_wconf 86' lang='lat' dir='ltr'><strong>aliorum</strong></span> <span class='ocrx_word' id='word_1_850' title='bbox 3395 5169 3616 5238; x_wconf 88' lang='lat' dir='ltr'><strong>quidem</strong></span> 
     </span>
    </p>
   </div>
   <div class='ocr_carea' id='block_1_111' title="bbox 2033 5259 3616 5334">
    <p class='ocr_par' dir='ltr' id='par_1_111' title="bbox 2033 5259 3616 5334">
     <span class='ocr_line' id='line_1_111' title="bbox 2033 5259 3616 5334; baseline -0.004 -15"><span class='ocrx_word' id='word_1_851' title='bbox 2033 5265 2404 5334; x_wconf 87' lang='lat' dir='ltr'><strong>descriptione</strong></span> <span class='ocrx_word' id='word_1_852' title='bbox 2447 5278 2591 5317; x_wconf 87' lang='lat' dir='ltr'><strong>cum-</strong></span> <span class='ocrx_word' id='word_1_853' title='bbox 2622 5261 3014 5332; x_wconf 86' lang='lat' dir='ltr'><strong>apparentibus</strong></span> <span class='ocrx_word' id='word_1_854' title='bbox 3045 5261 3207 5317; x_wconf 88' lang='lat' dir='ltr'><strong>ambo</strong></span> <span class='ocrx_word' id='word_1_855' title='bbox 3256 5259 3616 5315; x_wconf 84' lang='lat' dir='ltr'><strong>conveniunt.</strong></span> 
     </span>
    </p>
   </div>
   <div class='ocr_carea' id='block_1_112' title="bbox 2036 5354 3612 5426">
    <p class='ocr_par' dir='ltr' id='par_1_112' title="bbox 2036 5354 3612 5426">
     <span class='ocr_line' id='line_1_112' title="bbox 2036 5354 3612 5426; baseline -0.002 -17"><span class='ocrx_word' id='word_1_856' title='bbox 2036 5356 2142 5412; x_wconf 87' lang='lat' dir='ltr'><strong>Sed</strong></span> <span class='ocrx_word' id='word_1_857' title='bbox 2168 5356 2315 5426; x_wconf 90' lang='lat' dir='ltr'><strong>quod</strong></span> <span class='ocrx_word' id='word_1_858' title='bbox 2346 5355 2412 5410; x_wconf 87' lang='lat' dir='ltr'><strong>ad</strong></span> <span class='ocrx_word' id='word_1_859' title='bbox 2446 5354 2617 5410; x_wconf 81' lang='lat' dir='ltr'><strong>feram</strong></span> <span class='ocrx_word' id='word_1_860' title='bbox 2648 5355 2859 5408; x_wconf 87' lang='lat' dir='ltr'><strong>attinet.</strong></span> <span class='ocrx_word' id='word_1_861' title='bbox 2927 5395 2940 5408; x_wconf 94' lang='lat'><strong>.</strong></span> <span class='ocrx_word' id='word_1_862' title='bbox 3022 5394 3036 5408; x_wconf 93' lang='lat'><strong>.</strong></span> <span class='ocrx_word' id='word_1_863' title='bbox 3215 5393 3228 5407; x_wconf 96' lang='lat'><strong>.</strong></span> <span class='ocrx_word' id='word_1_864' title='bbox 3310 5391 3324 5404; x_wconf 90' lang='lat'><strong>.</strong></span> <span class='ocrx_word' id='word_1_865' title='bbox 3404 5391 3418 5405; x_wconf 96' lang='lat'><strong>.</strong></span> <span class='ocrx_word' id='word_1_866' title='bbox 3500 5392 3513 5406; x_wconf 94' lang='lat'><strong>.</strong></span> <span class='ocrx_word' id='word_1_867' title='bbox 3598 5392 3612 5405; x_wconf 93' lang='lat'><strong>.</strong></span> 
     </span>
    </p>
   </div>
   <div class='ocr_carea' id='block_1_113' title="bbox 2036 5481 3493 5504">
    <p class='ocr_par' dir='ltr' id='par_1_113' title="bbox 2036 5481 3493 5504">
     <span class='ocr_line' id='line_1_113' title="bbox 2036 5481 3493 5504; baseline -0.005 -2"><span class='ocrx_word' id='word_1_868' title='bbox 2036 5491 2049 5504; x_wconf 77' lang='grc' dir='ltr'><strong><em>ο</em></strong></span> <span class='ocrx_word' id='word_1_869' title='bbox 2131 5490 2142 5501; x_wconf 76' lang='grc' dir='ltr'>σ</span> <span class='ocrx_word' id='word_1_870' title='bbox 2225 5490 2237 5503; x_wconf 67' lang='grc' dir='ltr'><strong>ο</strong></span> <span class='ocrx_word' id='word_1_871' title='bbox 2321 5489 2334 5501; x_wconf 75' lang='grc' dir='ltr'><strong>ο</strong></span> <span class='ocrx_word' id='word_1_872' title='bbox 2415 5487 2431 5502; x_wconf 78' lang='grc' dir='ltr'><strong><em>ο</em></strong></span> <span class='ocrx_word' id='word_1_873' title='bbox 2512 5487 2524 5500; x_wconf 77' lang='grc' dir='ltr'><strong>ο</strong></span> <span class='ocrx_word' id='word_1_874' title='bbox 2610 5486 2622 5498; x_wconf 74' lang='grc' dir='ltr'>ι</span> <span class='ocrx_word' id='word_1_875' title='bbox 2706 5485 2719 5498; x_wconf 77' lang='grc' dir='ltr'><strong><em>ο</em></strong></span> <span class='ocrx_word' id='word_1_876' title='bbox 2804 5486 2816 5498; x_wconf 73' lang='grc' dir='ltr'>ι</span> <span class='ocrx_word' id='word_1_877' title='bbox 2900 5484 2914 5497; x_wconf 75' lang='grc' dir='ltr'><strong>ο</strong></span> <span class='ocrx_word' id='word_1_878' title='bbox 2994 5487 3008 5500; x_wconf 77' lang='grc' dir='ltr'><strong>ο</strong></span> <span class='ocrx_word' id='word_1_879' title='bbox 3087 5481 3101 5495; x_wconf 73' lang='grc' dir='ltr'><strong>ο</strong></span> <span class='ocrx_word' id='word_1_880' title='bbox 3178 5481 3196 5496; x_wconf 76' lang='grc' dir='ltr'><strong><em>ο</em></strong></span> <span class='ocrx_word' id='word_1_881' title='bbox 3276 5483 3290 5498; x_wconf 71' lang='grc' dir='ltr'><strong><em>ο</em></strong></span> <span class='ocrx_word' id='word_1_882' title='bbox 3372 5481 3385 5495; x_wconf 71' lang='grc' dir='ltr'><strong>ο</strong></span> <span class='ocrx_word' id='word_1_883' title='bbox 3480 5483 3493 5495; x_wconf 75' lang='grc' dir='ltr'>ι</span> 
     </span>
    </p>
   </div>
   <div class='ocr_carea' id='block_1_114' title="bbox 2030 5626 3613 5706">
    <p class='ocr_par' dir='ltr' id='par_1_114' title="bbox 2030 5626 3613 5706">
     <span class='ocr_line' id='line_1_114' title="bbox 2030 5626 3613 5706; baseline -0.007 -15"><span class='ocrx_word' id='word_1_884' title='bbox 2030 5636 2271 5706; x_wconf 85' lang='lat' dir='ltr'><strong>Apparet</strong></span> <span class='ocrx_word' id='word_1_885' title='bbox 2325 5648 2455 5705; x_wconf 80' lang='lat' dir='ltr'><strong>ergo</strong></span> <span class='ocrx_word' id='word_1_886' title='bbox 2505 5648 2627 5688; x_wconf 82' lang='lat' dir='ltr'><strong>cum</strong></span> <span class='ocrx_word' id='word_1_887' title='bbox 2672 5631 2856 5687; x_wconf 91' lang='lat' dir='ltr'><strong>Chelis</strong></span> <span class='ocrx_word' id='word_1_888' title='bbox 2897 5639 3103 5700; x_wconf 89' lang='lat' dir='ltr'><strong>partem</strong></span> <span class='ocrx_word' id='word_1_889' title='bbox 3136 5627 3310 5699; x_wconf 89' lang='lat' dir='ltr'><strong>ipsius</strong></span> <span class='ocrx_word' id='word_1_890' title='bbox 3370 5626 3613 5698; x_wconf 69' lang='lat' dir='ltr'><strong>aliquam.</strong></span> 
     </span>
    </p>
   </div>
  </div>
