2066 3223
252 205 324 234 1083

750 205 793 232 AD
813 203 946 232 EUSEBH
958 201 1155 231 CllRONlCON
1174 201 1353 230 APPENDIX‘.

250 267 396 298 oportere,
422 262 495 298 quod
525 263 561 290 'et
594 262 708 290 Eudoxo
736 263 847 297 placet,
882 262 1039 289 ascendere.

1094 259 1199 294 σώματι
1214 260 1274 290 ταῖς
1288 259 1390 294 Χηλαῖς
1408 253 1684 295 συναναφέρεταιξὼς
1697 254 1749 286 "xui.
1763 259 1880 301 Εὔδοξός

1807 204 1878 233 1085

251 317 318 343 φησι
329 317 336 324 ·
352 309 442 344 δῆλον,
460 310 500 335 ὅτι
523 309 571 335 καὶ
584 310 643 341 ταῖς
656 308 758 344 Χηλαῖς
772 310 855 344 μέρος
869 317 894 335 τι
909 308 990 335 αὐτοῦ
1004 308 1044 334 δεῖ
1057 306 1126 333 κατὰ
1139 305 1185 331 τὸν
1201 305 1313 336 Εὔδοξον
1331 305 1542 332 συνανατέλλειν.

287 365 388 392 Verum
414 366 441 392 in
472 365 614 400 Ophiucho
638 368 768 399 praeterea
797 364 901 391 fallitur
924 364 1036 392 Aratus.

252 410 357 445 Quippe
376 410 486 437 sinistra
505 413 610 436 tantum
639 408 725 442 ipsius
746 415 843 435 manus
859 415 920 434 cum
946 407 1037 434 Chelis

251 456 356 488 oritur;
371 458 462 490 caput,
478 458 505 481 et
524 461 621 481 manus
637 453 731 481 dextra
747 460 808 480 cum
826 451 948 487 Scorpio.

289 541 343 569 Xll.
361 542 533 569 Ascendcnte
558 541 715 576 Sagittario.
728 544 804 576 putat
816 541 915 567 Aratus
932 539 1039 575 Ingeni-

252 589 304 616 culi
311 591 390 623 caput
399 595 429 614 ac
437 588 573 615 sinistram
582 595 690 614 manum
699 591 818 614 exortam
829 586 913 614 fuisse
921 595 926 613 :
935 594 1039 613 necnon

252 633 387 667 Ophiuchi
406 641 516 667 corpus,
529 632 698 667 caudamque
715 633 859 667 serpentis,
875 639 954 666 quem
968 636 1040 662 tenet

252 679 411 714 Ophiuchus
424 688 431 711 ;
442 678 592 705 Fidiculam
607 685 730 712 quoque;
748 685 852 704 necnon
866 676 966 717 Cephei
979 683 1039 711 quae

251 733 266 751 a
285 725 374 759 capite
396 724 431 751 ad
457 728 551 758 pectus
573 724 720 758 pertinent.
744 723 875 750 Occidere
891 730 972 758 porro
986 722 1039 749 Ca~

251 778 313 797 nem
337 771 492 805 integrum,
510 769 651 800 Orionem.
665 768 813 804 Leporem;
833 768 1001 796 Heniochnm
1021 776 1036 795 a

250 815 366 851 pedibus
383 816 415 842 ad
434 823 530 843 zonam
547 823 650 850 usque;
667 815 782 849 Capram
797 822 877 846 vero,
897 822 958 841 cum
973 814 1037 842 Πω-

250 862 293 889 uis
305 870 312 894 ;
326 869 341 889 e
355 861 455 896 quibus
473 861 519 887 illa
535 861 561 887 in
575 861 689 887 humero
705 864 747 887 est
759 859 888 886 Heniochi
904 860 1036 886 sinistro:

1131 361 1160 388 Ὁ
1177 362 1205 388 δὲ
1222 362 1340 397 Ἀρατος
1354 362 1445 396 ἀγνοεῖ
1464 363 1492 388 ὲν
1508 364 1564 394 τοῖς
1583 363 1645 398 περὶ
1660 363 1704 389 τὸν
1723 363 1883 398 Ὀφιοῦχον.-

1096 407 1128 433 Ἦ
1145 407 1199 442 γὰρ
1209 408 1338 443 ἀριστερά
1357 408 1417 443 χεὶρ
1432 408 1511 435 αὐτοῦ
1529 408 1608 443 μόνον
1621 410 1681 440 ταῖς
1696 409 1797 444 Χηλαίς
1815 418 1876 434 συν-

1089 452 1230 480 ανατὲλλει
1241 462 1248 468 ·
1267 454 1283 489 ἡ
1298 453 1325 479 δὲ
1343 453 1447 488 κεφαλὴ
1464 454 1510 479 καὶ
1526 454 1542 488 ἡ
1559 453 1632 486 δεξιὰ
1658 454 1718 489 χεὶρ
1735 453 1774 489 τῷ
1793 454 1877 488 Σκορ-

1090 498 1154 525 πίω.

1126 525 1176 570 iB’.
1194 543 1247 571 Τοῦ
1257 545 1285 571 δὲ
1298 545 1411 577 Τοξότου
1429 544 1570 580 μέλλοντος
1586 545 1748 576 ἀνατέλλειν,
1761 546 1775 571 ὁ
1791 546 1877 580 Ἀρασε

1089 590 1135 622 τός
1151 599 1217 625 φησι
1242 591 1290 626 τὴν
1306 590 1426 626 κεφαλὴν
1442 590 1489 617 τοῦ
1511 591 1554 617 Ἐν
1576 591 1671 624 γὸνασι
1685 591 1731 617 καὶ
1745 590 1792 626 τὴν
1814 591 1875 626 ἀρι-

1090 636 1188 672 περάν
1200 637 1278 672 χεῖρα
1293 637 1511 669 ἁνατεταλκέναι,
1524 636 1606 663 καὶτὸ
1616 636 1694 671 πῶμα
1706 636 1751 662 τοῦ
1769 637 1875 669 Ὀφιού-

1089 690 1149 716 χου,
1165 681 1212 707 καὶ
1226 681 1275 716 τὴν
1288 682 1370 717 οὐρὰν
1386 681 1433 708 τοῦ
1448 682 1565 715 Ὄφεως,
1579 681 1608 707 ὂν
1620 681 1676 716 ἔχει
1689 683 1703 707 ὀ
1724 681 1883 716 Ὀφιοῦχος,

1089 726 1136 753 καὶ
1152 725 1202 761 τὴν
1215 726 1317 761 Λύραν,
1326 727 1373 752 καὶ
1384 725 1431 752 τοῦ
1447 727 1563 761 Κηφέως
1575 725 1609 752 τὰ
1621 726 1674 752 ἀπὸ
1688 725 1737 760 τῆς
1755 727 1876 762 κεφαλῆς

1089 770 1141 801 ἕως
1157 770 1204 796 τοῦ
1221 770 1344 806 στήθους.
1368 770 1460 797 Δύνειν
1475 770 1503 797 δέ
1520 779 1585 806 φησι
1603 770 1646 796 τόν
1662 779 1691 796 τε
1712 770 1788 797 Κύνα
1803 771 1873 804 ὅλον,

1090 816 1196 843 καὶτὸν
1217 816 1340 851 Ὠρίωνα,
1359 816 1460 843 καὶτὸν
1482 816 1603 850 Λαγωὸν,
1618 816 1664 842 καὶ
1683 815 1729 842 τοῦ
1753 816 1874 851 Ἠ-ιιὸχου

1089 862 1123 889 τὰ
1136 863 1190 889 ἀπὺ
1203 862 1257 888 τῶν
1272 863 1360 889 ποδῶν
1373 863 1424 895 ἕως
1434 863 1484 898 τῆς
1496 862 1583 899 ζώνης
1599 863 1668 898 μέρη
1680 872 1687 878 ·
1702 863 1750 898 τὴν
1764 863 1792 890 δὲ
1806 861 1878 897 Δῖγά

250 908 278 934 hi
293 908 320 934 in
340 915 421 937 manu
446 907 576 940 sinistra;
597 910 655 933 tum
671 909 762 941 caput.
783 913 814 932 ac
830 905 952 933 dextram
978 912 1036 931 ma-

1091 917 1156 943 φησι
1171 909 1218 934 καὶ
1231 910 1293 940 τοὺς
1306 909 1443 945 Ἐρίφους,
1457 906 1495 935 ὧν
1505 909 1578 935 ἐστιν
1596 910 1612 944 ὴ
1631 909 1679 944 μὲν
1693 909 1738 935 ἐπὶ
1752 909 1799 935 τοῦ
1812 910 1875 944 ἀρι-

250 961 328 986 num,
340 954 445 981 oriente
458 952 606 988 Sagittario
626 953 803 984 descendere,
829 960 890 987 qua)
906 951 939 978 ad
953 951 1036 986 pedes

250 1002 325 1031 sunt,
340 1000 447 1026 oriente
462 998 586 1033 Scorpio.
603 997 684 1025 Addit
708 997 833 1025 occidere
851 1005 958 1032 quoque
971 996 1037 1023 Per-

250 1052 339 1077 seuml
352 1049 465 1080 excepto
479 1052 549 1079 genu
564 1044 669 1076 dextro,
686 1052 718 1071 ac
733 1043 801 1079 pede
814 1063 821 1074 ,
845 1047 1041 1078 postremoque.

250 1091 362 1126 puppim
378 1091 478 1125 Argus.
495 1090 524 1118 In
537 1091 581 1117 his
595 1095 691 1118 caetera
705 1090 814 1125 quidem
829 1097 890 1117 cum
906 1097 1038 1124 apparen-

248 1137 326 1165 tibus
350 1137 529 1164 concordant.
558 1136 658 1164 Verum
677 1137 788 1164 sinistra
806 1143 903 1163 manus
929 1135 1037 1167 lngeni~

251 1183 306 1210 culi
321 1191 383 1210 cum
396 1183 487 1210 Chelis
510 1183 616 1214 oritur,
639 1191 693 1209 non
710 1191 772 1209 cum
790 1182 912 1217 Scorpio.
931 1181 1036 1208 Etenim

252 1228 366 1256 sinister
383 1228 441 1263 ipse
457 1229 530 1256 illius
552 1229 694 1260 humerus,
711 1229 789 1263 longe
804 1229 924 1255 anterior
938 1235 1035 1258 manu,

250 1277 382 1309 tanquam
404 1275 481 1301 ulnas
503 1279 677 1309 exporrectas
703 1275 810 1306 habent,
835 1274 906 1309 quod
936 1274 1037 1300 Aratus

251 1319 335 1346 etiam
350 1319 456 1352 scribit,
471 1328 532 1348 cum
550 1321 629 1347 tertia
649 1326 725 1355 parte
742 1319 847 1354 Scorpii
864 1320 960 1346 oritur.
976 1318 1035 1345 Non

251 1372 317 1400 ergo
333 1372 395 1392 cum
415 1364 530 1401 Scorpio
544 1367 632 1394 solum
650 1371 731 1401 caput
743 1366 876 1394 ascendit.

1090 954 1185 989 στεροῦ
1203 954 1288 989 ὤμου,
1301 955 1325 981 ot
1343 955 1365 981 δ’
1379 956 1407 981 ἐν
1421 956 1453 990 τῇ
1471 955 1602 991 ἀριστερᾷ
1617 956 1698 990 χειρὶ,
1713 955 1755 982 ἔτι
1774 956 1802 982 δὲ
1826 958 1883 992 τὴν.

1090 999 1210 1034 κεφαλὴν
1222 1000 1269 1026 καὶ
1282 999 1331 1035 τὴν
1347 1000 1437 1033 δεξιὰν
1459 1002 1539 1036 χεῖρα
1554 1000 1592 1035 τῷ
1609 1001 1709 1036 Τοξότῃ
1732 1001 1875 1029 ἀντικατα-

1089 1044 1193 1070 δύνειν’
1211 1044 1244 1071 τὰ
1265 1045 1293 1071 δὲ
1310 1045 1379 1080 πρὸς
1393 1046 1457 1077 τοὺς
1471 1046 1553 1077 πόδας
1577 1046 1614 1081 τῷ
1628 1047 1764 1082 Σκορπίῳ.
1781 1047 1875 1073 Δύνειν

1089 1089 1118 1115 δέ
1135 1098 1201 1125 φησι
1216 1091 1262 1117 καὶ
1273 1091 1318 1117 τὸν
1332 1091 1438 1126 Περσέα
1452 1092 1534 1127 χωρὶς
1546 1092 1592 1118 τοῦ
1605 1092 1691 1124 δεξιοῦ
1706 1093 1816 1128 γόνατος
1827 1095 1886 1121 καὶ»

1089 1135 1137 1161 τοῦ
1160 1136 1259 1168 ποδός·
1276 1138 1323 1163 καὶ
1345 1137 1393 1172 τῆς
1415 1137 1528 1172 Ἀργοῦς
1551 1138 1600 1174 τὴν
1624 1139 1761 1175 πρύμναν.
1788 1140 1831 1166 Ἐν
1846 1140 1876 1166 δὲ

1089 1181 1193 1213 τούτοις
1212 1182 1246 1208 τὰ
1265 1183 1313 1217 μὲν
1336 1183 1402 1210 ἄλλα
1416 1186 1557 1219 συμφωνεῖ
1576 1186 1632 1217 τοῖς
1654 1186 1840 1221 φαινομένοις·
1857 1187 1875 1221 ἡ

1089 1228 1118 1254 δὲ
1134 1228 1266 1263 ἀριστερά
1282 1229 1341 1265 χεὶρ
1361 1230 1407 1256 τοῦ
1429 1231 1473 1257 Ἐν
1495 1231 1588 1265 γόνασι
1616 1234 1675 1263 ταῖς
1691 1233 1794 1268 Χηλαίς
1814 1242 1877 1259 συν-

1089 1274 1237 1306 ανατέλλει,
1253 1276 1299 1302 καὶ
1313 1276 1343 1302 οὐ
1355 1275 1393 1311 τῷ
1407 1277 1541 1312 Σκορπὶῳ.
1554 1278 1609 1304 Καὶ
1623 1278 1678 1314 γὰρ
1688 1278 1767 1310 αὐτὸς
1782 1279 1796 1305 ὁ
1812 1280 1873 1314 ἀρι-

1090 1320 1184 1354 στερὸς
1199 1318 1273 1356 ὦμος
1295 1321 1376 1348 αὑτοῦ
1399 1323 1464 1350 πολὺ
1482 1324 1685 1359 προηγούμενος
1700 1324 1751 1359 τῆς
1773 1325 1873 1360 χειρὸς,

1088 1366 1189 1393 ὡσανεὶ
1205 1367 1425 1404 διωργυιωμένου
1448 1370 1541 1401 αὐτοῦ,
1559 1371 1684 1407 καθάπερ
1703 1372 1750 1398 καὶ
1765 1372 1779 1398 ὁ
1793 1372 1875 1403 αὐτὸς

253 1411 559 1449 ’Δρατός-φησιν,τῇγ⁹
580 1413 636 1449 μοι.
654 1412 700 1440 τοῦ
713 1412 847 1449 Σκορπίου
871 1411 1070 1439 συνανατέλλει.
1091 1413 1146 1448 Οὐχ
1171 1414 1189 1449 ἡ
1216 1414 1319 1451 κεφαλὴ
1337 1413 1383 1443 οὖν
1409 1416 1488 1450 μόνον
1513 1416 1552 1451 τῷ
1577 1417 1704 1453 Σκορπίῳ
1725 1418 1878 1452 ωναναφέτ

252 1467 339 1495 ρεται.

286 1513 433 1549 Propterea
447 1515 481 1543 de
495 1521 556 1543 ortu
574 1515 680 1552 Scorpii
697 1517 725 1545 in
738 1517 963 1546 antecedentibus
977 1516 1037 1544 hal-

250 1560 390 1588 lucinatur
404 1562 440 1589 ita
457 1563 580 1591 scribens
594 1573 601 1591 :

306 1648 325 1665 .7
353 1648 359 1654 .
397 1650 404 1657 .
444 1651 450 1657 .
471 1631 583 1665 Capita,
599 1638 622 1661 et
640 1634 724 1660 altera
742 1643 837 1662 manus

305 1664 371 1691 Cum
384 1664 530 1701 Sagittario
545 1669 731 1696 conscendunt.

251 1719 280 1747 In
293 1728 347 1754 quo
361 1722 484 1754 sequitur
499 1722 651 1750 Eudoxum.

288 1776 366 1812 125
387 1777 446 1805 Non
466 1779 558 1806 minus
576 1780 610 1807 ab
631 1782 799 1815 apparentiis
819 1782 846 1809 in
860 1783 966 1818 Cepheo
982 1785 1039 1811 dis—

252 1828 375 1857 crepant.
392 1824 461 1852 Nam
485 1825 573 1852 solum
594 1831 676 1861 caput
696 1828 784 1862 ipsius
799 1829 916 1862 occidit,
933 1834 960 1857 et
985 1831 1041 1857 ori-

252 1872 312 1902 tur;
338 1870 444 1898 humeri
469 1879 500 1898 ac
515 1876 611 1906 pectus
625 1874 651 1900 in
676 1881 784 1910 semper
808 1883 954 1911 apparente
981 1885 1042 1912 seg-

253 1918 345 1943 mento
367 1915 501 1944 feruntur.
527 1917 661 1946 Praeterea
679 1920 837 1953 stellarum,
860 1930 920 1956 quas
937 1922 963 1949 in
981 1923 1040 1957 ejus

254 1959 344 1995 capite
370 1965 445 1994 sunt,
469 1963 627 1996 praecedens
649 1971 710 1991 cum
739 1964 846 2000 Scorpii
872 1970 948 2001 parte
968 1967 1041 1995 vice»

255 2006 326 2034 sima
353 2011 449 2035 octava
470 2008 576 2043 oritur;
599 2017 659 2045 quae
676 2014 765 2038 autem
784 2016 920 2046 postrema
942 2014 1039 2046 oritur,

255 2055 283 2078 ct
297 2052 324 2079 in
343 2053 430 2087 capite
451 2053 565 2081 sitarum
581 2056 729 2083 australior
750 2061 803 2090 est,
823 2066 883 2085 eum
902 2059 1040 2094 Sagittarii

256 2101 332 2124 sexta
344 2102 419 2132 parte
435 2099 523 2126 media
544 2101 640 2133 oritur,
656 2106 685 2128 ut
707 2110 760 2129 non
779 2103 866 2130 solum
880 2112 940 2131 cum
958 2104 1041 2132 Scor—

254 2142 312 2177 pio,
334 2143 380 2170 sed
398 2144 479 2172 etiam
494 2152 556 2172 cum
575 2145 722 2181 Sagittario
737 2148 836 2182 Cephei
853 2157 950 2178 manus
970 2152 1042 2178 oria-

254 2191 310 2214 tur.
325 2188 359 2215 At
376 2189 492 2218 Perseus
513 2199 574 2218 cum
590 2192 704 2227 Scorpio
721 2198 795 2221 totus
806 2203 837 2221 ex
854 2195 971 2224 adverso
991 2197 1039 2225 de-

1093 2198 1305 2230 συνανατέλλειν,
1323 2188 1389 2225 ἀλλά
1410 2200 1457 2226 καὶ
1474 2188 1511 2235 τῷ
1531 2188 1649 2237 Τοξοτῃί
1665 2201 1692 2227 '0
1712 2201 1739 2227 δὲ
1758 2188 1889 2236 Περσεὺς-

1127 1514 1172 1540 Διὸ
1187 1514 1233 1541 καὶ
1255 1515 1284 1541 ὲν
1300 1516 1356 1547 τοῖς
1381 1515 1512 1552 πρότερον
1527 1517 1590 1553 περὶ
1608 1516 1658 1553 τὴν
1678 1517 1724 1544 τοῦ
1742 1517 1887 1553 Σκορπίου.

1050 1552 1072 1580 (ἶ
1088 1559 1220 1597 ἀνατολὴν
1235 1561 1327 1596 ἀγνοεῖ
1341 1562 1426 1597 λέγων
1439 1572 1446 1578 ·

1336 1640 1416 1673 nam
1435 1641 1460 1666 δ’
1473 1641 1575 1675 ἑτέρης
1591 1642 1665 1675 μετὰ
1680 1642 1776 1676 χειρές

1233 1676 1311 1708 Τόξῳ
1327 1676 1513 1709 ἀμ’ἑμχοι-ῖιιι.

1090 1731 1333 1766 Ρζατηκολούοηκεν
1345 1732 1372 1758 δὲ
1387 1733 1432 1759 καὶ
1446 1732 1515 1758 κατὰ
1527 1732 1606 1759 τοῦτο
1617 1733 1655 1768 τῷ
1671 1734 1786 1769 Εὐδόξῳ.

1126 1789 1292 1822 Διαφωνοῦσι
1307 1788 1335 1814 δὲ
1349 1789 1415 1824 πρὸς
1429 1789 1458 1815 τὺ
1472 1789 1631 1824 φαινόμενον
1644 1791 1690 1816 καὶ
1703 1791 1731 1816 ὲν
1743 1793 1798 1822 τοῖς
1814 1792 1888 1827 περῖ-

1090 1832 1136 1858 τοῦ
1152 1833 1277 1868 Κηφέως.
1295 1834 1331 1861 "H
1352 1843 1381 1860 τε
1403 1834 1456 1869 γὰρ
1474 1835 1577 1870 κεφαλὴ
1594 1836 1676 1862 αὑτοῦ
1695 1836 1773 1871 μόνον
1788 1836 1877 1867 δύνει,

1091 1879 1138 1904 καὶ
1154 1879 1308 1905 ἀνατέλλει’
1329 1880 1353 1906 οἱ
1369 1880 1396 1906 δὲ
1416 1877 1484 1916 ὦμοι
1504 1881 1550 1907 καὶ
1567 1881 1596 1907 τὸ
1618 1882 1714 1917 στῆθος
1731 1883 1759 1908 ὲν
1775 1882 1814 1917 τῷ
1832 1882 1878 1908 ἀεὶ

1091 1924 1200 1960 φανερῷ
1212 1926 1335 1960 τμήματι
1350 1926 1486 1962 φέρονται.
1503 1927 1595 1963 Χωρίς
1616 1936 1644 1954 τε
1663 1927 1764 1954 τούτων
1778 1928 1833 1955 τῶν
1847 1929 1878 1955 ἐν

1090 1971 1123 2005 τῇ
1139 1971 1241 2006 κεφαλῇ
1261 1971 1342 2001 αὑτοῦ
1357 1972 1478 2007 ἀστέρων
1492 1974 1506 1999 ό
1522 1973 1571 2007 μὲν
1587 1973 1788 2009 προηγούμενος
1802 1975 1835 2009 τῇ
1852 1977 1887 2009 η’-

1091 2015 1139 2042 xui.
1163 2019 1186 2042 κ’
1203 2016 1258 2051 μοι.
1273 2016 1320 2043 τοῦ
1340 2018 1473 2053 Σκορπὶου
1492 2019 1680 2045 συνανατέλλει
1695 2027 1702 2034 ·
1719 2019 1733 2045 ὁ
1752 2019 1781 2046 δὲ
1796 2018 1888 2055 ἕσχα-,

1090 2070 1136 2093 τος
1148 2062 1363 2098 ἀναφερόμενος,
1379 2065 1427 2091 καὶ
1443 2064 1600 2100 νοτιώτερος
1617 2064 1653 2091 ὢν
1669 2065 1722 2091 τῶν
1739 2066 1767 2092 ὲν
1833 2074 1880 2092 κε-

1092 2107 1162 2142 φαλῇ
1185 2108 1371 2134 συνανατέλλει
1392 2109 1431 2144 ’τῷ
1451 2109 1552 2145 Τοξότῃ
1573 2113 1598 2142 ς’
1615 2110 1669 2145 μοί.
1691 2111 1761 2145 μέσῃ
1774 2118 1781 2125 ·
1807 2110 1878 2137 ὥστε

1094 2153 1130 2188 μὴ
1152 2153 1231 2188 μόνον
1255 2153 1292 2189 τῷ
1318 2154 1449 2189 Σκορπίῳ¹
1470 2155 1520 2190 τὴν
1545 2155 1664 2190 κεφαλὴν
1687 2155 1734 2181 τοῦ
1761 2155 1878 2190 Κηφέως

255 2235 362 2262 scendit
378 2245 383 2263 :
404 2245 467 2269 non,
484 2241 513 2265 ut
525 2238 578 2264 illis
591 2239 709 2271 videtur,
727 2240 822 2268 dexter
838 2249 886 2276 pes
901 2242 1039 2270 dextrum-

1091 2245 1150 2277 ὅλος
1172 2245 1211 2281 τῷ
1241 2247 1366 2282 Σκορπὶῳ
1390 2248 1658 2274 συναντικαταδύνει·
1687 2248 1733 2274 καὶ
1753 2248 1817 2282 οἰχ,
1841 2248 1879 2279 ὡς

255 2290 308 2318 quc
323 2290 391 2316 genu
407 2284 512 2311 oriente
524 2283 671 2319 Sagittario
689 2287 825 2313 conditur.

292 2371 393 2400 Praeter
412 2373 471 2401 lucc
489 2373 514 2401 in
532 2374 604 2410 Argo
624 2375 692 2411 fugit
708 2376 768 2404 illos
789 2377 869 2405 ratio.
887 2376 951 2406 Haec
969 2378 1042 2405 cnim

255 2426 289 2446 ex
309 2419 433 2453 opposita
449 2424 525 2452 parte
541 2421 640 2449 cadere
657 2423 762 2457 incipit,
784 2423 937 2451 orientibus
951 2423 1042 2451 Chelis

257 2464 364 2496 mediis,
387 2473 441 2492 non
471 2465 595 2501 Scorpio.
620 2467 768 2503 Oportebat
788 2476 853 2504 ergo
868 2469 1041 2496 commodum

256 2510 363 2538 oriente
382 2511 507 2547 Scorpio,
527 2513 582 2547 jam
598 2514 687 2550 Argus
714 2515 825 2550 puppim
849 2515 984 2543 occidisse
998 2515 1041 2543 di-

256 2563 329 2587 cere,
343 2564 397 2583 non
413 2559 577 2587 ascendente
592 2561 750 2593 Sagittario.

291 2601 359 2630 Xlll.
370 2602 477 2631 Rursus
492 2605 659 2641 Capricorno
672 2608 699 2634 in
714 2607 819 2635 oriente
834 2608 934 2642 posito,
946 2608 1043 2636 adver-

256 2656 315 2676 sam
331 2651 455 2678 occidere
478 2651 625 2686 Sagittario
641 2654 736 2681 dicunt
754 2655 827 2689 Argo
850 2655 999 2691 integram,
1016 2660 1044 2683 et

257 2693 421 2730 Procynem;
433 2696 498 2723 oriri
510 2702 600 2726 autem
610 2699 714 2734 pariter
725 2699 858 2735 Cygnum,
868 2704 895 2727 et
904 2700 1041 2735 Aquilam,

257 2738 389 2774 Sagittam
404 2749 435 2769 ac
448 2742 650 2772 tThurihulum.
680 2745 719 2772 Ex
745 2746 788 2773 his
807 2749 905 2773 cratera
932 2746 1042 2781 quidem

257 2787 451 2819 apparentibus
466 2794 649 2818 consentanea
663 2791 802 2820 dicuntur.
813 2791 850 2819 De
866 2792 960 2828 Cygno
980 2800 1041 2819 cum

258 2833 374 2865 uterque
389 2833 573 2863 hallucinatus
588 2840 641 2869 est,
675 2841 730 2864 tum
751 2838 838 2864 multo
848 2838 960 2872 gravius
975 2836 1043 2863 Ara-

257 2879 314 2904 tus.
338 2876 404 2906 Nam
426 2878 556 2908 Eudoxus
574 2882 698 2910 dextram
716 2883 785 2911 alam
802 2883 887 2919 Cygni
909 2884 1041 2911 orientem

1092 2286 1165 2316 οὗτοι
1182 2298 1274 2324 φασιν,
1288 2292 1302 2317 ὁ
1317 2291 1401 2324 δεξιὸς
1415 2291 1483 2323 ποῦς
1496 2292 1540 2317 καὶ
1554 2292 1583 2318 τὸ
1598 2292 1680 2325 δεξιὸν
1694 2292 1757 2326 γόνυ
1771 2292 1811 2327 τῷ
1827 2293 1878 2319 Το-

1094 2333 1157 2370 ξότῃ
1171 2335 1426 2371 ἀντικαταφέρεται.

1135 2380 1297 2415 Ἠγνοήκασι
1317 2381 1405 2407 δὲκαὶ
1428 2381 1462 2407 τὰ
1482 2382 1545 2416 περὶ
1562 2382 1610 2417 τὴν
1633 2381 1729 2417 Ἀργώ.
1749 2382 1880 2417 Ἀρχεται

1093 2425 1147 2461 γὰρ
1173 2426 1392 2452 ἀντικαταδύνειν
1421 2428 1450 2453 οὐ
1472 2427 1510 2462 τῷ
1532 2428 1667 2463 Σκορπίῳ.
1691 2427 1758 2454 ἀλλὰ
1784 2427 1880 2462 μέσαις

1093 2472 1152 2502 ταῖς
1166 2471 1278 2506 Χηλαῖς.
1290 2471 1361 2497 Ἔδει
1376 2470 1431 2503 οὖν,
1448 2473 1597 2507 ἀρχομένου
1610 2473 1655 2499 τοῦ
1669 2472 1801 2508 Σκορπίου
1816 2472 1881 2499 ἀνα-

1093 2517 1207 2548 τέλλειν,
1224 2517 1313 2551 λέγειν
1330 2518 1377 2553 τὴν
1395 2519 1445 2553 τῆς
1465 2519 1577 2554 Ἀργοῦς
1591 2519 1717 2554 πρύμναν
1729 2518 1882 2552 δεδωκέναι,

1093 2563 1139 2589 καὶ
1157 2563 1194 2599 μὴ
1210 2563 1256 2589 τοῦ
1272 2563 1385 2595 Τοξότου
1402 2564 1615 2599 ἀναφερομένου,

1129 2609 1178 2637 II".
1193 2609 1276 2635 Πάλιν
1290 2610 1317 2635 δὲ
1334 2610 1380 2635 τοῦ
1395 2610 1534 2645 Αἱγόκερω
1547 2610 1614 2645 πρὸς
1629 2611 1660 2646 τῇ
1670 2611 1783 2646 ἀνατολῇ
1793 2610 1878 2642 ὖντος,

1093 2654 1132 2689 τῷ
1151 2655 1252 2691 Τοξότῃ
1269 2656 1349 2689 φασὶν
1366 2655 1584 2682 ἀντικαταδὺνειν
1600 2657 1649 2691 τήν
1664 2665 1693 2682 τε
1715 2655 1804 2691 Ἀργὼ
1817 2656 1881 2690 ὃλην

1095 2699 1199 2726 καὶτὸν
1211 2700 1335 2734 Πρόκυνα
1349 2708 1354 2714 ·
1375 2700 1578 2726 συνανατέλλειν
1595 2700 1622 2726 δὲ
1646 2700 1691 2726 τόν
1707 2709 1736 2726 τε
1754 2699 1880 2735 Ὅρνιθα,

1095 2745 1202 2771 καὶτὸν
1224 2745 1322 2777 Ἀετὸν,
1342 2746 1391 2772 καὶ
1410 2745 1455 2771 τὸν
1481 2746 1593 2778 Ὀῖστὸν,
1619 2746 1665 2772 καὶ
1688 2747 1718 2772 τὸ
1739 2745 1880 2780 Θυμιατή-

1096 2800 1162 2827 ριον.
1178 2791 1217 2817 Τὰ
1238 2792 1285 2826 μὲν
1300 2790 1345 2818 οὖν
1366 2791 1432 2819 ἄλλα
1447 2791 1597 2827 συμφώνως
1612 2792 1656 2818 ὑπ’
1670 2791 1758 2818 αὐτῶν
1772 2790 1880 2825 λέγεται

1094 2838 1150 2869 τοῖς
1168 2837 1337 2872 φαινομένοις
1349 2847 1355 2852 -
1372 2837 1406 2864 τὰ
1421 2837 1448 2864 δὲ
1467 2838 1537 2864 κατὰ
1554 2838 1599 2864 τὸν
1617 2837 1729 2873 Ὀρνιοα
1748 2837 1880 2872 ἠγνόηται

1097 2883 1145 2917 μὲν
1162 2883 1207 2909 ὑπ’
1225 2883 1396 2918 ἀμφοτέρων,
1417 2884 1514 2918 μᾶλλον
1530 2884 1558 2910 δὲ
1574 2884 1626 2910 ὑπὸ
1640 2883 1686 2910 τοῦ
1704 2883 1828 2918 ’Δρὰτου.
1851 2882 1881 2907 ὐ

1895 2813 1902 2831 1
