4132 6460
388 435 532 504 1085

1368 422 1737 481 ηιΡΡΑΒεΗι
1765 422 1864 477 AD
1893 421 2339 479 ΡΙΙᾹΞΝΘΜΕΝΑ
2374 424 2502 482 LIB.
2533 424 2603 487 ll,

3491 428 3632 490 i086

390 553 495 623 μὲν
540 547 649 617 γὰρ
688 541 915 608 Εὔδοξος
957 540 1036 611 τῷ
1080 539 1331 611 Σκορπίφ
1372 538 1535 608 φησὶν
1565 535 1969 590 συνανατέλλειν

2072 536 2205 591 facit
2253 552 2377 591 cum
2410 537 2643 609 Scorpio
2673 556 2689 591 :
2720 552 2843 594 cum
2880 536 3173 610 Sagittario
3207 540 3475 611 reliquum
3509 559 3635 598 cor-

388 642 493 712 τὴν
521 638 697 704 δεξιὰν
727 636 971 706 πτέρυγα
1011 631 1107 685 τοῦ
1149 630 1397 701 Ὄρνιθος
1422 646 1435 659 ·
1469 627 1547 698 τῷ
1578 628 1635 680 δὲ
1663 627 1866 698 Τοξότῃ
1905 625 1967 677 τὸ

388 730 576 785 λοιπὸν
603 726 767 782 αὑτοῦ
793 725 952 795 σῶμα
973 740 987 754 ·
1016 724 1077 788 ἐξ
1104 714 1178 776 ὧν
1207 721 1386 791 δῆλον.
1412 720 1494 772 ὃτι
1515 717 1613 788 τὴν
1636 717 1812 781 δεξιὰν
1840 716 1968 770 πτέ-

392 840 538 896 ρυγα
565 822 658 876 τοῦ
692 820 939 893 Ὄρνιθος
970 815 1113 871 κατά
1151 815 1243 868 τὸν
1275 812 1501 879 Εὔδοξον
1538 812 1618 865 δεῖ
1664 813 1776 874 τοῖς
1807 810 1968 879 ἐσχά-

388 932 508 978 τοις
558 912 749 984 μέρεσι
801 907 895 963 τοῦ
962 905 1228 977 Σκορπίου
1290 899 1745 970 συναναφέρεσθαι
1772 916 1785 929 ο
1839 900 1867 951 6
1909 898 1967 950 δὲ

395 1000 633 1072 ’Ἄρατός
659 1014 790 1068 φησι
817 996 893 1067 τῷ
925 995 1125 1064 Τοξὸτῃ
1163 994 1319 1064 μόνον
1353 988 1756 1043 συνανατέλλειν
1784 987 1964 1044 αὐτόν.

393 1093 478 1164 Τῇ
505 1092 562 1145 δὲ
589 1090 817 1161 ἀληθείᾳ
846 1090 894 1140 οἱ
937 1087 1035 1156 μὲν
1065 1087 1122 1139 ὲν
1157 1085 1300 1155 ἄκρᾳ
1335 1084 1400 1152 τῇ
1433 1078 1582 1150 δεξιᾷ
1610 1077 1841 1148 πτέρυγι
1871 1075 1965 1128 τοῦ

399 1182 655 1254 Ὄρνιθος
695 1184 805 1243 τοῖς
837 1179 1084 1248 ἐσχάτοις
1126 1175 1316 1246 μέρεσι
1361 1172 1469 1225 τῶν
1510 1168 1704 1240 Χηλῶν
1739 1182 1967 1219 συνανα-

393 1273 672 1326 τέλλουσιν
696 1288 708 1300 ·
737 1273 764 1323 ὁ
802 1270 859 1322 δὲ
896 1271 953 1321 ἐν
976 1268 1121 1339 ἄκρα
1146 1268 1213 1336 τῇ
1244 1263 1506 1336 ἀριστερᾷ
1538 1259 1785 1329 πτέρυγι,
1814 1256 1872 1318 ὃς
1901 1254 1964 1326 δὴ

395 1364 495 1417 καὶ
524 1363 747 1433 ἔσχατος
770 1359 1072 1423 ἀνατέλλει,
1101 1359 1166 1428 τῇ
1203 1356 1246 1426 β’
1269 1355 1365 1409 καὶ
1398 1360 1443 1407 κ’
1478 1352 1586 1428 μοί.
1613 1349 1706 1404 τοῦ
1737 1347 1963 1413 Τοξότου

396 1452 846 1523 συναναφέρεται.

472 1547 569 1599 ΙΔ’.
608 1541 714 1596 Τοῦ
743 1542 800 1594 δὲ
840 1539 1121 1612 ’Υδροχόου
1165 1534 1464 1609 ἀρχομένου
1495 1528 1799 1584 ἀνατέλλειν
1831 1527 1965 1598 φησὶ

395 1632 916 1700 συνανατεταλκέναι
946 1630 1024 1701 τῷ
1063 1627 1342 1697 Αἰγόκερῳ
1373 1621 1466 1676 τοῦ
1510 1622 1706 1673 Ἵππου
1736 1616 1834 1688 τὴν
1875 1633 1966 1670 κε-

395 1725 574 1797 φαλὴν
601 1724 696 1779 καὶ
721 1724 846 1787 τοὺς
876 1721 1067 1783 πόδας·
1097 1717 1273 1771 δύνειν
1301 1715 1356 1767 δὲ
1390 1713 1463 1772 τὰ,
1481 1710 1700 1763 ὀπίσθια
1717 1708 1811 1761 τοῦ
1835 1708 1967 1797 Κεν-

388 1796 618 1886 ταύρου,
655 1813 748 1867 ita).
773 1810 865 1865 τοῦ
892 1810 1086 1880 Ὕδρου
1113 1807 1173 1859 τὸ
1201 1805 1306 1858 ἀπὸ
1331 1806 1428 1874 τῆς
1456 1799 1698 1870 κεφαλῆς
1726 1797 1832 1861 ἓως
1862 1796 1963 1866 τῆς

389 1903 618 1976 πρώτης
664 1901 911 1974 σπείρας.
950 1902 1007 1953 '0
1037 1899 1092 1952 δὲ
1132 1896 1354 1963 Εὔδοξός
1390 1912 1520 1966 φησι
1554 1893 1647 1947 καὶ
1680 1893 1778 1963 τὴν
1807 1892 1958 1943 Κασ-

391 1996 640 2050 σιέπειαν
688 1992 996 2046 ἀνατέλλειν
1040 1991 1135 2044 καὶ
1178 1989 1267 2042 τὸν
1320 1987 1566 2054 Δελφῖνα.
1609 1984 1676 2039 Ἃ
1725 1982 1822 2053 μὲν
1870 1976 1962 2034 οὖν

390 2087 545 2155 κοινῇ
587 2085 838 2154 εἰρήκασι
857 2123 871 2146 ,
901 2081 1081 2152 σχεδὸν
1114 2080 1393 2150 συμφωνεῖ
1422 2078 1535 2138 τοῖς
1576 2073 1918 2145 φαινομένοις
1944 2089 1958 2104 ·

389 2174 535 2246 πλὴν
569 2174 649 2227 ὄτι
676 2176 710 2244 ἡ
748 2172 955 2244 κεφαλὴ
995 2171 1086 2225 τοῦ
1112 2171 1310 2242 ’Υδρου
1347 2170 1459 2231 τοῖς
1491 2165 1739 2236 ἐσχάτοις
1772 2164 1962 2233 μέρεσι

388 2262 489 2317 τοῦ
519 2262 744 2329 Τοξότου
776 2263 1000 2335 ἄρχεται
1027 2258 1489 2323 ἀντικαταδύνειν,
1524 2257 1618 2308 καὶ
1657 2256 1718 2307 οὐ
1760 2252 1840 2324 τῷ
1871 2254 1964 2305 Αί-

390 2354 626 2426 γόκερῳ.
675 2353 780 2407 Τοῦ
825 2353 882 2406 δὲ
909 2353 1103 2405 Ἵππου
1141 2351 1202 2404 ού
1256 2336 1413 2419 μόνον
1456 2349 1490 2419 ἡ
1536 2343 1744 2415 κεφαλὴ
1785 2346 1877 2397 καὶ
1913 2343 1963 2396 οἱ

389 2444 553 2508 πόδες
575 2443 1019 2508 ἀνατετάλκασιν,
1045 2440 1178 2494 ἀλλά
1202 2440 1366 2494 καὶοὶ
1388 2432 1528 2509 ὧμοι
1550 2435 1726 2489 καὶτὸ
1749 2433 1960 2504 στῆθος.

464 2534 700 2606 Παρέχει
747 2533 804 2587 δέ
854 2550 995 2586 τισιν
1040 2532 1322 2585 ἐπίστασιν
1356 2529 1473 2593 πῶς
1512 2528 1604 2582 ἐπὶ
1649 2526 1758 2579 τῶν
1791 2525 1964 2579 ἀλλων

391 2628 599 2695 ζωδίων
620 2630 649 2682 6
684 2629 918 2699 ’Ἄρατος
943 2626 1042 2690 τὰς
1070 2626 1242 2698 ἀρχὰς
1287 2625 1379 2678 ἐπὶ
1409 2626 1505 2694 τῆς
1539 2621 1799 2691 ἀνατολῆς
1831 2621 1965 2673 ὑπο-

391 2718 692 2791 τιθέμενος,
724 2719 817 2773 καὶ⁷
849 2717 1021 2783 οὕτως
1038 2716 1136 2779 τὰς
1169 2714 1277 2768 τῶν
1310 2714 1482 2770 ἄλλων
1523 2715 1736 2783 ἄστρων
1776 2711 1966 2765 ἀνατο-

390 2811 495 2876 λὰς
525 2810 620 2864 καὶ
662 2809 839 2873 δύσεις
869 2807 1168 2877 διασαφῶν,
1197 2808 1290 2860 τὸν
1329 2805 1611 2878 Ὑδροχόον
1639 2804 1802 2876 μέσον
1839 2805 1985 2856 ἀνα-“

393 2900 601 2973 τέλλειν
638 2900 972 2966 ὑποτίθεται,
1006 2899 1179 2968 λέγων
1211 2897 1382 2961 οὕτως
1401 2913 1416 2927 ο

466 3104 676 3173 Ἵππος
706 3101 757 3155 δ’
797 3101 1149 3173 Ὑδροχόοιο
1166 3098 1359 3173 μέσον
1382 3093 1917 3167 περιτελλομένοιο,

468 3167 667 3227 Ποσσί
699 3188 762 3225 τε
788 3167 1149 3239 καϊκέεραλῇ
1170 3167 1576 3223 ἀνελίσσεται.

395 3283 571 3340 Τοῦτο
589 3282 634 3336 δ’
663 3282 882 3352 ἀπορῶν
908 3283 936 3334 6
969 3280 1247 3347 Ἄτταλος,
1278 3280 1438 3349 φησὶν
1460 3278 1763 3349 ἁμάρτημα
1789 3271 1926 3329 εἶναι
1948 3290 1961 3304 ·

397 3373 512 3445 δεῖν
540 3373 599 3428 δὲ
619 3373 850 3444 γράφειν
882 3371 1054 3435 οὕτως
1079 3387 1093 3401 ’

471 3488 678 3553 Ἵππος
701 3484 753 3538 δ’
802 3483 1140 3553 Ὑδροχόοιο
1175 3480 1320 3535 νέον
1358 3477 1895 3549 περιτελλομένοιο.

391 3619 664 3680 Δανθάνει
706 3618 764 3672 δὲ
809 3616 900 3670 τόν
951 3633 1011 3669 τε
1042 3612 1325 3677 Ἀτταλον,
1366 3611 1462 3666 καὶ
1506 3612 1631 3674 τοὺς
1673 3608 1868 3673 ἄλλους
1906 3608 1969 3662 τὸ

397 3713 649 3785 βούλημα
692 3709 787 3763 τοῦ
840 3706 1061 3780 ποιητοῦ
1087 3723 1101 3737 ο
1142 3707 1281 3776 τάχα
1318 3705 1374 3758 δὲ
1406 3703 1502 3757 καὶ
1532 3703 1593 3756 τὸ
1625 3700 1964 3772 φαινόμενον.

406 3802 470 3854 Ὃ
495 3800 605 3871 γὰρ
632 3797 931 3868 Ὑδροχόος,
950 3799 1016 3866 τῇ
1046 3794 1192 3849 θέσει
1215 3794 1465 3871 κείμενος
1487 3792 1596 3846 ἀπὸ
1626 3790 1970 3863 μεσημϐρίας

386 3891 539 3964 πρὸς
574 3891 836 3962 ἄρκτους,
871 3888 941 3941 τὰ
970 3889 1069 3957 μὲν
1113 3886 1254 3948 κατά
1291 3885 1353 3939 τὸ
1391 3885 1588 3957 στῆθος
1622 3884 1717 3940 καὶ
1755 3883 1854 3955 τὴν
1880 3899 1971 3936 κε-

391 3980 578 4054 φαλὴν
611 3980 755 4052 μέρη
787 3978 922 4033 πολὺ
952 3978 1285 4033 ἐκπίπτοντα
1321 3975 1417 4030 τοῦ
1461 3975 1724 4039 ζωδιακοῦ
1769 3973 1969 4029 κύκλου

392 4077 479 4140 εἰς
515 4073 577 4126 τὸ
619 4071 755 4143 πρὸς
790 4071 1024 4143 ἄρκτους
1074 4069 1240 4141 μέρος
1282 4067 1424 4139 ἔχει,
1471 4069 1541 4122 τὰ
1582 4066 1640 4122 δὲ
1676 4065 1820 4121 κατά
1847 4067 1973 4131 τοὺς

394 4164 572 4227 πόδας
603 4161 894 4233 νοτιώτερα
915 4161 1010 4214 τοῦ
1051 4159 1314 4225 ζωδιακοῦ
1343 4157 1543 4213 κύκλου
1564 4175 1578 4189 ·
1602 4160 1664 4212 ὲν
1683 4157 1740 4211 δὲ
1764 4155 1843 4228 τῷ
1864 4156 1972 4233 (to:

392 4255 574 4326 διακῷ
604 4255 673 4309 τὰ
708 4255 848 4325 μέσα
886 4253 1051 4308 αὐτοῦ
1094 4256 1290 4308 κεῖται.
1332 4251 1486 4306 Ἐπεὶ
1512 4246 1606 4305 οὖν
1640 4249 1710 4304 τά
1735 4249 1971 4326 δωδεκα-

393 4322 639 4424 τημόρια
680 4322 779 4418 τοῦ,
813 4346 1077 4413 ζωδιακοῦ
1120 4345 1320 4415 κύκλου
1360 4344 1669 4411 ὑποτίθεται
1705 4322 1971 4413 ἀναῖρεράη

401 4455 576 4512 μενα,
606 4438 695 4493 διὰ
743 4437 900 4492 τοῦτο
946 4438 975 4490 ὁ
1020 4438 1253 4509 Ἀρατος
1284 4436 1470 4504 λέγει·
1507 4434 1618 4488 Τοῦ
1651 4432 1972 4502 ’Υδροχόου

2064 642 2169 697 pus
2200 627 2375 696 ipsius
2407 642 2422 678 :
2466 628 2611 682 unde
2660 627 2830 697 liquet
2860 628 3000 681 alam
3036 627 3208 699 Cygni
3259 630 3503 684 dextram
3545 648 3634 686 se-

2066 719 2302 772 cundum
2330 717 2613 774 Eudoxum
2643 726 2895 789 Oportere
2931 734 3054 774 cum
3085 722 3379 790 postremis
3418 720 3633 791 Scorp.i

2065 810 2317 881 partibus
2349 809 2662 864 ascendere.
2714 808 2920 864 Aratus
2982 825 3114 865 vero
3158 825 3283 864 cum
3343 809 3634 882 Sagittario

2065 902 2333 956 duntaxat
2376 901 2631 956 occidere
2673 900 2853 971 ipsum
2889 902 3111 956 asserit.
3141 900 3248 956 Res
3277 917 3443 972 porro
3470 903 3543 956 ita
3573 919 3635 958 se

2064 993 2260 1047 habet:
2292 1008 2414 1061 quae
2446 992 2502 1046 in
2532 1000 2773 1049 extrema
2801 1000 2930 1068 sunt
2962 992 3046 1045 ala
3073 992 3261 1047 dextra
3283 992 3475 1062 Cygni,
3504 1008 3633 1047 cum

2064 1081 2326 1138 extremis
2356 1081 2646 1136 Chelarum
2681 1081 2929 1152 partibus
2955 1080 3243 1138 oriuntur:
3282 1096 3403 1149 quae
3443 1081 3499 1133 in
3536 1097 3635 1135 ex—

2065 1175 2339 1229 tremitate
2389 1174 2488 1229 alte
2540 1173 2775 1228 smistraa
2825 1181 2938 1235 est,
2995 1180 3049 1226 et
3103 1179 3375 1241 postrema
3432 1171 3628 1233 oritur,

2064 1281 2189 1319 cum
2234 1265 2493 1319 vicesima
2541 1263 2786 1319 secunda
2838 1261 3119 1334 Sagittarii
3163 1267 3318 1331 parte
3360 1274 3631 1316 consectis

2063 1355 2164 1413 dit.

2135 1537 2272 1594 XIV.
2288 1537 2400 1593 Sub
2420 1538 2634 1595 initium
2650 1544 2879 1594 exortus
2891 1536 3136 1607 Aquarii,
3154 1544 3398 1590 exortum
3417 1535 3492 1589 ait
3506 1549 3633 1590 esse

2062 1644 2188 1684 cum
2239 1629 2573 1699 Capricorno
2628 1628 2766 1700 Equi
2823 1638 2988 1699 caput
3043 1644 3108 1683 ac
3138 1629 3338 1699 pedes;
3379 1626 3631 1682 occidere

2063 1737 2193 1777 vero
2247 1724 2549 1794 posteriora
2582 1722 2860 1788 Centauri,
2915 1739 2978 1778 ac
3032 1723 3100 1779 de
3147 1722 3331 1794 Hydro
3363 1722 3628 1793 quidquid

2064 1828 2094 1868 a
2124 1813 2299 1881 capite
2346 1821 2430 1868 est
2461 1813 2530 1869 ad
2557 1814 2789 1885 primam
2817 1814 3044 1883 spiram.
3093 1813 3162 1870 At
3202 1813 3463 1869 Eudoxus
3492 1813 3629 1868 Cas—

2065 1906 2302 1975 siepeam
2353 1906 2579 1975 insuper
2617 1906 2773 1972 oriri,
2821 1920 2886 1961 ac
2929 1903 3251 1975 Delphinum
3289 1906 3507 1960 asserit.
3571 1904 3630 1958 In

2061 1996 2148 2051 his
2194 2010 2324 2050 vero
2377 2011 2498 2065 quae
2539 1996 2608 2051 ab
2637 1996 2901 2052 ambobus
2941 1994 3306 2050 communiter
3350 1994 3630 2058 dicuntur,

2060 2084 2450 2158 propemodum
2501 2086 2876 2154 apparentium
2938 2084 3061 2139 ﬁdei
3111 2083 3476 2155 respondent;
3520 2084 3631 2155 nisi

2060 2175 2208 2247 quod
2258 2174 2431 2247 Hydri
2476 2185 2639 2247 caput
2685 2178 2990 2233 orientibus
3039 2177 3300 2233 extremis
3354 2176 3633 2248 Sagittarii

2061 2268 2333 2340 partibus,
2352 2283 2463 2327 non
2484 2268 2844 2340 Capricorno,
2871 2269 3200 2325 descendere
3224 2269 3416 2340 incipit
3443 2283 3509 2324 ex
3541 2268 3637 2323 ad-

2061 2375 2241 2416 verso.
2272 2360 2410 2431 Equi
2433 2370 2612 2417 autem
2642 2376 2751 2417 non
2778 2362 2954 2417 solum
2979 2368 3143 2430 caput
3169 2375 3232 2415 ac
3256 2361 3420 2431 pedes
3457 2360 3635 2415 exorti

2062 2461 2232 2522 sunt;
2267 2454 2362 2511 sed
2395 2454 2607 2509 humeri
2633 2453 2797 2509 etiam
2831 2438 2895 2508 ac
2925 2461 3135 2524 pectus.

2133 2548 2211 2601 Ac
2251 2546 2531 2601 nonnullis
2562 2545 3001 2601 consideratione
3048 2543 3213 2615 digna
3252 2557 3344 2599 res
3399 2541 3636 2609 videtur,

2063 2653 2163 2695 cur
2214 2652 2339 2692 cum
2394 2635 2596 2692 Aratus
2647 2643 2966 2691 ceterorum
3019 2635 3177 2690 initia
3230 2634 3511 2706 signorum
3576 2635 3635 2690 in

2062 2732 2276 2787 oriente
2322 2729 2598 2795 statuerit,
2641 2737 2806 2799 atque
2841 2729 2916 2781 ita
2970 2728 3452 2783 constellationum
3486 2725 3631 2779 aliam

2065 2838 2189 2878 rum
2235 2829 2389 2878 ortus
2437 2827 2493 2876 et
2547 2834 2781 2875 occasus
2816 2819 3143 2889 explicarit,
3196 2818 3436 2874 medium
3486 2819 3635 2873 dun-

1954 2948 1963 2961 κ
2066 2922 2216 2968 taxat
2262 2913 2564 2982 Aquarium
2622 2911 2955 2966 exorientem
3026 2909 3218 2965 fecerit
3245 2950 3259 2974 ,
3315 2909 3400 2965 his
3460 2912 3640 2966 versi.

2063 3008 2169 3064 bus
2203 3026 2216 3061 :

2135 3098 2319 3168 Equus
2347 3114 2465 3152 vero
2494 3095 2725 3165 Aquario
2759 3093 2929 3168 medio
2972 3094 3168 3148 oriente

1990 3202 2035 3260 ο
2136 3165 2366 3223 Pedibus
2392 3177 2443 3226 et
2468 3168 2637 3234 capite
2658 3165 2958 3219 revolvitur.

2067 3280 2194 3337 Haec
2223 3296 2347 3335 cum
2391 3280 2676 3349 quaesisset
2719 3278 2954 3339 Attalus.
2984 3292 3224 3333 errorem
3269 3291 3392 3333 esse
3415 3290 3639 3349 responc

2066 3374 2176 3439 dit,
2217 3374 2400 3443 itaque
2427 3371 2776 3428 scribendum
2808 3369 2980 3425 videri
3009 3388 3023 3424 :

2140 3485 2319 3556 Equus
2356 3502 2473 3540 vero
2506 3484 2740 3554 Aquario
2776 3499 2952 3539 recens
2981 3482 3197 3541 oriente.

2141 3615 2246 3671 Sed
2301 3631 2477 3686 neque
2522 3615 2767 3680 Attalus,
2821 3631 2996 3686 neque
3042 3617 3222 3672 caeteri
3269 3625 3441 3688 poetae
3481 3634 3607 3675 men

2068 3714 2178 3762 tem
2240 3706 2741 3761 animadverterunt
2788 3724 2803 3760 :
2852 3706 2964 3761 imo
3015 3722 3083 3762 ne
3140 3710 3313 3777 ipsam
3373 3708 3590 3779 quidem
3619 3748 3638 3773 ,

2075 3806 2138 3852 ut
2166 3797 2382 3869 opinor,
2427 3797 2822 3868 apparentiam.
2875 3796 3090 3853 Etenim
3118 3797 3394 3869 Aquarius
3431 3815 3496 3855 eo
3525 3799 3636 3856 situ

2070 3890 2397 3958 collocatus,
2430 3896 2491 3944 ut
2536 3903 2567 3943 a
2597 3890 2831 3959 meridie
2869 3890 2936 3946 ad
2977 3891 3379 3963 septentriones
3406 3898 3592 3962 vergat
3623 3911 3639 3961 ς

2070 3981 2141 4038 iis
2195 3981 2444 4053 partibus
2489 3995 2611 4052 qua:
2653 3990 2780 4038 sunt
2807 3982 2875 4038 ad
2924 3993 3116 4055 pectus
3156 3991 3448 4056 caputque,
3498 3985 3643 4043 mul-

2069 4083 2187 4130 tum
2211 4090 2241 4130 a
2269 4075 2493 4130 zodiaco
2516 4074 2756 4131 declinat
2776 4075 2844 4131 ad
2868 4077 3200 4147 aquilonem;
3224 4091 3346 4147 quae
3365 4077 3430 4132 ad
3453 4075 3641 4148 pedes.

2072 4167 2426 4223 australiores
2439 4174 2568 4224 sunt
2589 4167 2812 4223 zodiaco
2833 4168 3064 4236 circulo;
3085 4166 3263 4225 media
3281 4168 3453 4239 ipsius
3480 4167 3535 4222 in
3559 4182 3646 4223 zo-

2072 4260 2235 4315 diaco
2259 4259 2629 4315 collocantur.
2661 4258 3026 4326 Quamobrem
3054 4277 3178 4316 cum
3207 4259 3409 4315 Aratus
3434 4259 3644 4321 aodiaci

2072 4352 2512 4408 dodecatemoria
2540 4352 2596 4407 in
2634 4351 2755 4422 ipso
2793 4353 3187 4424 contempletur
3216 4367 3466 4416 ascensu,
3498 4351 3642 4416 ideo,

2073 4459 2196 4499 cum
2249 4443 2525 4514 Aquarius
2582 4444 2763 4498 medio
2812 4457 3042 4513 corpore
3081 4443 3276 4509 oritur,
3311 4439 3514 4512 Equus,
3544 4441 3643 4505 ait,

397 4531 555 4588 κατὰ
575 4530 771 4601 μέσον
803 4529 909 4584 τοῦ
938 4528 1211 4598 σώματος
1235 4526 1695 4592 ἀνατέλλοντος,
1714 4527 1747 4579 ό
1771 4524 1969 4590 Ἵππος

2079 4535 2400 4606 pedibusque
2440 4543 2491 4590 et
2541 4534 2713 4604 capite
2748 4534 3072 4589 revolvitur:
3123 4549 3234 4588 non
3281 4540 3465 4588 autem
3516 4546 3642 4587 cum

401 4622 554 4677 ποσί
583 4637 648 4674 τε
671 4621 771 4674 καὶ
813 4619 1047 4689 κεφαλῇ
1077 4619 1497 4689 ἀνελίσσεταιο
1529 4616 1623 4670 καὶ
1645 4615 1765 4685 οὐχὶ
1787 4614 1846 4668 τὸ
1882 4612 1978 4685 μέ-

406 4732 503 4776 σον
527 4713 622 4767 τοῦ
650 4715 708 4765 ἐν
742 4711 822 4783 τῷ
863 4711 1311 4782 δωδεκατημορίῳ
1346 4713 1570 4782 μήκους,
1599 4709 1676 4774 ὡς
1709 4707 1846 4762 οἵτε
1877 4724 1981 4760 πα-

403 4806 547 4860 λαιοὶ
578 4805 671 4858 καὶ
702 4806 731 4857 6
766 4803 1027 4866 ’Ἄτταλος
1051 4804 1348 4874 ἐκδέχεται.
1384 4803 1701 4870 Ἀναγκαῖον
1725 4797 1817 4853 οὖν
1842 4797 1979 4852 εἶναι

404 4899 553 4950 δοκεῖ
584 4913 672 4966 μοι
709 4894 783 4966 μὴ
831 4893 1171 4964 μετατιθέναι
1202 4895 1292 4947 τὸν
1324 4893 1522 4964 στίχον,
1557 4892 1632 4955 ὡς
1657 4894 1687 4945 6
1721 4889 1980 4951 ’Ἄτταλος

406 4988 782 5052 ὑποδεικνύει,
817 4989 874 5045 ὲν
900 4986 1033 5049 πᾶσί
1063 5003 1126 5055 γε
1167 4984 1233 5056 δὴ
1272 4988 1384 5049 τοῖς
1422 4984 1772 5055 ἀντιγράφοις
1806 4982 1981 5044 οὓτως

403 5081 572 5136 αὐτοῦ
603 5080 973 5152 γραφομένου.

488 5173 548 5225 '0
585 5172 643 5225 δὲ
688 5170 917 5237 Εὔδοξος
966 5171 1153 5237 ἀγνοεῖ
1200 5168 1332 5239 περί·
1365 5186 1423 5221 τε
1466 5168 1567 5239 τῆς
1614 5167 1979 5231 Κασσιεπείας

402 5262 502 5314 καί
534 5261 628 5314 τοῦ
665 5261 938 5329 Δελφῖνος.
969 5261 1045 5312 Οὐ
1083 5258 1193 5328 γὰρ
1230 5257 1307 5328 τῷ
1348 5260 1626 5330 Αἱγόκερῳ
1667 5258 1981 5314 συνανατέλ-

405 5349 489 5402 λει
509 5367 522 5381 ο
551 5349 666 5403 ἀλλ’
697 5352 731 5421 ἠ
769 5351 866 5420 μὲν
896 5349 1234 5404 Κασσιέπεια
1272 5351 1383 5434 τοῖς
1414 5348 1551 5411 δυσὶ,
1575 5348 1653 5419 τῷ
1683 5366 1743 5402 τε
1778 5350 1977 5422 Τοξὸτῃ

407 5440 504 5494 καὶ
538 5440 615 5512 τῷ
652 5442 951 5512 Αἰγόκερῳ.
992 5441 1253 5512 Ἀρχεται
1301 5432 1397 5510 μὲν
1430 5438 1538 5510 γὰρ
1579 5432 1979 5495 συνανατέλλειν

405 5532 475 5604 τῇ
515 5540 562 5588 α’
588 5533 682 5587 καὶ
724 5540 772 5586 κ’
803 5533 910 5603 μοί.
936 5532 1030 5586 τοῦ
1063 5519 1334 5596 Τοξότουλ
1379 5530 1600 5601 ἔσχατον
1642 5531 1699 5584 δὲ
1746 5550 1978 5587 συνανα-

405 5623 584 5677 τέλλει
615 5628 681 5695 τῇ
724 5624 788 5695 ιβ’
828 5623 938 5695 μοί.
975 5623 1068 5678 τοῦ
1103 5625 1403 5695 Αίγόκερω.
1450 5623 1507 5677 Ὀ
1537 5623 1594 5676 δὲ
1621 5622 1814 5693 Δελφὶς
1861 5624 1979 5687 ὅλος

407 5715 489 5785 τῷ
520 5715 720 5789 Τοξότῃ
751 5716 1122 5771 συνανατέλλει
1155 5718 1261 5771 ἀπὸ
1300 5719 1399 5788 τῆς
1447 5723 1493 5771 κ’
1536 5715 1698 5771 αὑτοῦ
1732 5717 1840 5788 μοί.
1877 5718 1979 5782 ἓως

409 5805 511 5878 τῆς
539 5806 635 5863 κδ’.

2079 4627 2437 4699 longitudinis
2488 4627 2543 4679 in
2581 4626 2805 4680 zodiaco
2843 4625 3081 4681 medium
3136 4625 3331 4688 oritur,
3381 4622 3644 4693 quemad-

2076 4709 2301 4775 modum
2337 4724 2449 4771 tam
2481 4716 2718 4782 Attalus,
2764 4730 2926 4786 quam
2974 4722 3187 4770 veteres
3235 4715 3640 4770 intellexerunt.

2078 4808 2239 4865 Nullo
2283 4808 2468 4878 itaque
2519 4806 2684 4861 modo
2748 4804 3197 4864 commutandam
3244 4819 3368 4861 esse
3422 4820 3642 4859 versum

2079 4903 2233 4957 illum
2267 4902 2505 4956 arbitror
2528 4938 2545 4963 ,
2590 4905 2650 4952 ut
2681 4896 2869 4953 Attalo
2906 4897 3121 4968 placet;
3171 4911 3295 4953 cum
3340 4913 3452 4952 non
3487 4897 3646 4952 aliter

2079 4993 2138 5047 in
2166 4990 2574 5061 exemplaribus
2618 4988 2873 5045 omnibus
2900 4980 3131 5058 legatur.

2151 5165 2270 5221 Jam
2304 5165 2359 5219 in
2389 5163 2680 5233 Cassiepea
2724 5170 2779 5219 et
2826 5159 3095 5232 Delphino
3123 5160 3293 5215 falsus
3335 5167 3421 5215 est
3466 5158 3647 5213 Eudo.
3710 5200 3717 5207 .

2081 5278 2207 5317 xus.
2241 5258 2361 5313 Non
2408 5258 2551 5314 enim
2584 5273 2706 5313 cum
2741 5255 3078 5327 Capricorno
3103 5254 3479 5311 conscendunt
3509 5270 3522 5304 :
3550 5252 3645 5306 sed

2078 5351 2371 5421 Cassiepea
2402 5364 2525 5404 cum
2561 5349 2798 5411 duobus,
2835 5347 3129 5419 Sagittario
3167 5344 3420 5399 videlicet
3461 5351 3515 5397 et
3543 5342 3648 5396 Ca-

2080 5443 2361 5514 pricorno.
2388 5440 2601 5495 Etenim
2642 5441 2776 5496 oriri
2802 5439 2996 5508 incipit
3025 5452 3148 5492 cum
3175 5435 3438 5491 vicesima
3470 5434 3646 5504 prima

2078 5542 2232 5607 parte
2271 5531 2583 5604 Sagittarii;
2632 5541 2909 5603 postremo
2961 5544 3092 5584 vero
3143 5542 3267 5583 cum
3322 5525 3645 5596 Capricorni

2079 5624 2404 5681 duodecima
2427 5625 2624 5679 oritur.
2654 5623 2725 5677 At
2748 5620 3049 5692 Delphinus
3083 5635 3208 5675 cum
3242 5616 3536 5689 Sagittario
3569 5623 3649 5671 to-

2081 5727 2170 5772 tus
2216 5718 2460 5771 exoritur
2491 5731 2520 5770 a
2557 5723 2710 5786 parte
2756 5714 2931 5786 ipsius
2961 5711 3241 5776 vicesima,
3287 5709 3356 5765 ad
3395 5716 3649 5782 quartam

2081 5816 2137 5875 et
2160 5809 2497 5873 yicesimam.
