4132 6400
310 340 448 399 1039

1293 317 1665 378 ΠΙΡΡΑῐὶΕΗΙ
1705 315 1796 373 AD
1834 310 2288 374 PHENOMENA
2329 313 2456 367 LIB.
2495 304 2558 366 ll.

3418 307 3440 361 1
3453 308 3561 363 000

308 454 372 508 τὸ
402 449 651 521 ἀγνόημα
676 462 688 477 ·
728 444 822 499 καὶ
860 442 941 496 δεῖ
975 458 1059 495 τοι
1093 436 1126 510 ἦ
1158 439 1233 503 ὡς
1274 438 1480 500 ἐκεῖνος
1512 452 1644 507 φησι
1674 435 1873 507 γράφε-

1994 433 2159 486 ciunt.
2186 428 2321 482 Hine
2351 427 2566 480 Attalus
2587 431 2740 479 recte
2778 422 2879 477 hoc
2917 421 3133 492 quidem
3166 420 3561 476 animadvertit

314 547 440 600 σθαι
468 560 482 573 ·

1981 530 2245 579 erratum.
2291 519 2367 574 ‘Et
2392 518 2616 575 omnino
2644 516 2750 581 vel,
2801 522 2861 570 ut
2886 516 2965 569 illi
2990 515 3191 584 placet,
3234 514 3307 567 ita
3338 512 3561 568 confor-

1864 627 1875 641 ‘
1984 614 2216 669 mandus
2243 620 2328 667 est
2357 611 2448 665 ille
2474 624 2668 664 versus
2702 627 2715 662 :

315 705 386 758 Ἦ
414 699 567 770 Κριῷ
594 696 823 753 ἀνιόντι
851 693 1178 765 φαείνεται,
1206 688 1246 759 ἢ
1279 687 1379 742 ἐπὶ
1419 686 1648 754 Ταύρων
1711 737 1721 747 ,
1778 732 1789 741 .

313 794 347 865 ῆ
375 793 439 864 νὴ
472 791 571 844 Δία
601 788 771 851 οὕτως
792 804 805 817 ·

314 887 385 939 Ἢ
410 882 562 952 Κριῷ
587 880 865 950 λήγουσα
890 875 1194 946 φαείνεται
1220 890 1234 903 ·

313 972 455 1026 ὥστε
484 970 564 1036 τὸ,
588 967 883 1037 λήγουσα.
917 965 1007 1018 ἐπὶ
1033 964 1132 1035 τὴν
1165 960 1341 1033 ζώνην
1366 955 1752 1030 ἀναφέρεσθαι.
1787 955 1888 1009 Λέ-

313 1063 446 1134 ληθε
480 1062 725 1132 μέντοιγε
767 1056 928 1112 αὐτὸν
958 1055 1020 1109 τὸ
1051 1054 1298 1126 βούλημα
1334 1051 1427 1105 τοῦ
1458 1047 1683 1121 ποιητοῦ
1707 1047 1798 1101 καὶ
1830 1048 1887 1099 ὲν

314 1152 549 1215 τούτοις.
584 1151 749 1218 Λέγει
786 1147 893 1218 γάρ
924 1146 1123 1209 οὕτως’
1168 1142 1356 1213 Ἡμεῖς
1395 1139 1602 1211 μέντοι
1650 1138 1749 1192 καὶ
1791 1136 1890 1190 ἐπὶ

317 1245 510 1310 τούτῳ
537 1241 618 1308 τῷ
635 1258 700 1296 τε
724 1238 939 1308 ποιητῇ
963 1235 1297 1307 συμφώνως
1322 1233 1419 1287 καὶ
1457 1231 1582 1298 τοῖς
1612 1228 1891 1300 φαινομέ-

315 1353 447 1401 νοις
480 1335 822 1398 ἀκολούθως
847 1330 1084 1400 οἰόμεθα
1107 1326 1235 1382 δεῖν
1263 1324 1593 1395 γράφεσθαι
1622 1320 1691 1374 τὸ
1719 1320 1889 1388 ποίη-

308 1442 399 1494 μα
424 1425 533 1478 τὸν
562 1424 784 1491 τρόπον
808 1418 1053 1475 τοῦτον·

315 1537 480 1607 Αὐτὴ
508 1538 576 1592 δὲ
601 1535 768 1603 ζώνη,
796 1536 897 1590 καί
935 1535 988 1607 xi
1011 1527 1643 1607 ἀμφήρισταπέλοιτο,

319 1604 389 1688 Ἐ
416 1600 570 1688 Κριεῖ)
595 1600 1245 1688 ἀνιόηιῆφαείνεταιίῆ
1278 1600 1377 1654 ἐπὶ
1414 1600 1629 1667 Ταύρῳ.

315 1680 444 1733 Σὺν
465 1675 560 1743 τῷ
592 1675 905 1745 πασσυδίῃ
934 1675 1341 1729 ἀνελίσσεται.

1987 705 2065 760 An
2097 703 2192 759 sub
2220 705 2397 758 Ariete
2426 702 2731 756 ascendente
2766 707 3040 768 appareat,
3074 695 3152 750 vel
3179 696 3275 750 sub
3303 692 3503 758 Tauro,

1984 796 2071 850 vel
2095 795 2148 848 in
2188 793 2334 847 hunc
2371 800 2521 847 certe
2550 790 2804 844 modum:

1985 884 2069 938 An
2099 882 2193 938 sub
2228 883 2406 936 Ariete
2436 881 2676 935 desinens
2718 888 2994 947 appareat,

1987 985 2050 1031 ut
2095 976 2437 1047 participium
2496 974 2735 1028 desinens
2805 970 2873 1025 ad
2929 970 3206 1040 cingulum
3267 967 3558 1038 pertineat.

1987 1068 2357 1124 Nihilominus
2382 1076 2565 1121 tamen
2597 1081 2625 1118 a
2658 1072 2830 1135 poetae
2867 1061 3137 1118 sententia
3170 1063 3333 1115 etiam
3367 1060 3421 1113 in
3473 1060 3562 1115 his

1990 1161 2227 1216 aberrat.
2252 1161 2329 1214 Ita
2356 1159 2557 1229 quippe
2588 1155 2781 1211 scribit
2839 1172 2853 1208 :
2893 1152 3006 1207 Nos
3037 1162 3212 1206 autem
3255 1153 3311 1205 in
3341 1168 3400 1206 eo
3432 1168 3562 1204 con-

1990 1264 2229 1307 sentanee
2272 1268 2389 1305 cum
2418 1258 2595 1319 poeta,
2629 1257 2677 1301 et
2728 1246 3093 1316 apparentium
3140 1244 3246 1314 ﬁde
3301 1244 3562 1298 credimus

1990 1343 2068 1396 ita
2091 1357 2266 1396 versus
2294 1340 2416 1395 illas
2440 1357 2552 1394 esse
2575 1337 2872 1392 scribendos
2895 1352 2913 1391 :

1880 1530 1885 1535 ‘
1993 1517 2177 1587 Ipsum
2209 1527 2384 1571 autem
2413 1516 2680 1587 cingulum
2709 1517 2869 1570 etiam
2894 1517 3199 1587 ambiguum
3226 1518 3391 1584 fuerit

1994 1590 2074 1641 An
2105 1588 2197 1642 sub
2228 1590 2403 1641 Ariete
2429 1588 2737 1640 ascendente
2765 1597 3037 1654 appareat,
3071 1604 3137 1639 an
3169 1587 3263 1640 sub
3292 1587 3490 1643 Tauro.

1993 1659 2126 1713 Cum
2156 1675 2257 1727 quo
2285 1658 2594 1711 cumulatim
2624 1657 2927 1710 revolvitur.

328 1786 493 1841 Ἐπεὶ
536 1785 678 1856 γὰρ,
701 1784 1037 1853 μέλλοντος
1072 1778 1178 1833 τοῦ
1216 1776 1400 1847 Κριοῦ
1437 1772 1824 1838 ἀνατέλλειν,
1857 1774 1892 1826 ό

2064 1770 2197 1825 Cum
2223 1771 2361 1825 enim
2389 1771 2621 1824 instante
2639 1771 2831 1824 Arietis
2854 1781 2997 1835 ortu,
3027 1770 3245 1825 Perseus
3276 1773 3413 1826 citra
3439 1788 3564 1826 con-

316 1878 584 1948 Περσεὺς
612 1874 1097 1946 ὁμολογουμένως
1125 1871 1303 1941 μέχρι
1346 1868 1464 1923 τῶν
1506 1867 1679 1937 ὤμων
1704 1866 1889 1935 ἐκφα-

314 1972 433 2039 νὴς
476 1970 719 2040 γίνεταιο
760 1967 881 2035 ἅμα
922 1964 989 2018 δὲ
1033 1962 1114 2029 τῷ
1160 1962 1454 2032 ἄρξασθαι
1492 1957 1892 2028 ἀναφέρεσθαι

313 2062 425 2115 τὸν
458 2060 662 2129 Κριὸν,
693 2058 910 2124 εὐθέως
936 2056 1193 2124 ἔκδηλος
1232 2056 1270 2123 ἡ
1304 2054 1410 2108 τοῦ
1439 2051 1715 2120 Περσέως
1743 2047 1891 2117 ζώνη

315 2155 568 2225 γίνεται,
602 2150 699 2206 διὰ
736 2151 802 2205 τὸ
835 2148 1035 2219 ,ϐραχὺ
1074 2145 1383 2212 παντελῶς
1429 2142 1893 2213 παραλλάσσειν

315 2244 427 2314 τῆς
456 2243 562 2299 τοῦ
590 2243 768 2312 Κριοῦ
799 2242 991 2313 ἀρχῆς
1022 2241 1135 2311 τὴν
1167 2239 1356 2310 φάσιν
1381 2236 1603 2306 αὐτῆς·
1635 2232 1892 2295 διστάζει

317 2335 574 2403 πότερον
601 2335 753 2388 κατὰ
778 2333 892 2402 τὴν
922 2332 1028 2386 τοῦ
1064 2329 1243 2400 Κριοῦ
1266 2326 1605 2398 μέλλοντος
1644 2322 1894 2378 ἀνατέλ-

314 2430 451 2480 λειν
491 2424 691 2495 ἀρχὴν
723 2426 1016 2492 ὑπόθηται
1050 2421 1279 2491 φανερά
1301 2419 1344 2452 ⁸¹
1382 2417 1501 2487 ἤδη
1536 2418 1825 2488 γίνεσθαι·
1851 2414 1890 2484 ἦ

312 2516 414 2570 ἐπὶ
456 2516 523 2569 τὸ
551 2515 794 2586 μᾶλλον
835 2514 1312 2586 ὁμολογούμενον
1338 2512 1488 2581 ἔλθῃ
1509 2527 1523 2541 ο
1553 2508 1703 2563 διότι
1726 2548 1741 2574 ,
1786 2505 1892 2561 τοῦ

303 2608 548 2675 Ταύρου
585 2605 922 2676 μέλλοντος
970 2605 1406 2675 ἀναφέρεσθαι,
1444 2600 1713 2672 ἐκφανής
1760 2602 1893 2654 ἐστι

315 2696 426 2751 τοῦ
450 2697 723 2767 Περσέως
756 2698 794 2767 ἡ
836 2695 982 2767 ζώνη
1010 2698 1162 2768 μετά
1195 2697 1302 2751 τοῦ
1343 2694 1559 2752 λοιποῦ
1597 2693 1890 2763 σώματος.

316 2790 429 2845 Kal
450 2789 664 2845 τοῦτον
700 2790 810 2844 τὸν
835 2793 1059 2859 τρόπον
1096 2788 1471 2860 γραφομένου
1497 2786 1604 2841 τοῦ
1644 2783 1896 2855 ποιήμα-

1996 1860 2302 1915 troversiam
2342 1861 2568 1913 humeris
2611 1870 2758 1914 tenus
2781 1870 3067 1927 appareat;
3098 1862 3418 1931 simulatque
3445 1879 3563 1917 vero

1995 1952 2146 2019 cwpit
2204 1950 2357 2003 Aries
2414 1948 2711 2013 ascendere,
2753 1950 2932 2002 statim
2979 1946 3262 2019 conspicua
3304 1952 3376 2005 sit
3427 1970 3563 2008 zona

1998 2042 2200 2109 Persei,
2258 2058 2353 2110 pro
2395 2059 2454 2095 eo
2506 2041 2644 2111 quod
2677 2042 3021 2111 perpusillum
3070 2040 3136 2095 ab
3181 2043 3376 2098 Arietis
3409 2045 3563 2099 initio

1997 2134 2158 2188 distet
2188 2134 2333 2187 illius
2359 2134 2655 2201 apparitio;
2676 2132 2896 2204 ambigit
2925 2144 3098 2203 poeta,
3129 2151 3254 2188 num
3290 2136 3385 2189 sub
3406 2137 3563 2193 Arie-

2000 2227 2065 2280 tis
2101 2227 2244 2280 ortui
2269 2226 2734 2295 appropinquantis
2766 2226 2976 2278 initium
2997 2241 3246 2293 apparere
3272 2226 3391 2295 jam
3412 2228 3566 2282 illam

1999 2328 2223 2382 asserat,
2265 2334 2333 2371 an
2373 2316 2428 2370 id
2474 2326 2685 2384 usurpet
2721 2318 2916 2385 potius,
2964 2319 3103 2388 quod
3133 2320 3186 2371 in
3217 2320 3453 2389 confesso
3489 2329 3568 2374 est

1999 2409 2248 2474 maxime,
2322 2410 2551 2462 instante
2599 2407 2766 2462 Tauri
2807 2419 3034 2471 exortu,
3083 2426 3337 2479 apparere
3387 2411 3570 2466 Persei

2001 2499 2267 2570 cingulum
2295 2516 2402 2554 una
2429 2516 2544 2553 cum
2571 2501 2771 2570 reliquo
2804 2515 3038 2569 corpore.
3073 2503 3243 2573 Atque
3270 2502 3367 2557 hoc
3412 2504 3568 2558 modo

1999 2592 2258 2661 conceptis
2300 2591 2663 2657 carminibus,
2706 2607 2824 2644 cum
2872 2593 2939 2646 iis
2989 2593 3265 2662 integritas
3297 2611 3397 2648 sua
3444 2611 3572 2651 con-

1999 2683 2180 2748 stabit,
2214 2693 2325 2736 tum
2353 2681 2417 2737 de
2438 2684 2648 2754 cingulo
2679 2692 2834 2752 poeta
2871 2700 2976 2738 non
3009 2684 3182 2739 solum
3206 2686 3450 2753 scienter,
3477 2687 3569 2742 sed

1999 2778 2160 2830 etiam
2199 2784 2384 2830 exacte
2421 2778 2700 2843 scripsisse
2727 2776 3008 2833 uidebitur.

317 2901 443 2952 τος,
487 2884 559 2940 τά
605 2902 668 2939 τε
708 2885 1047 2955 γραφόμενα
1096 2884 1433 2954 σωθήσεται
1453 2924 1468 2949 ,
1516 2882 1617 2936 καὶ
1670 2881 1745 2934 τὰ
1781 2875 1916 2946 περὶ
1969 2870 2103 2941 τῆςι
2136 2868 2319 2938 ζώνης
2351 2872 2384 2924 ὁ
2415 2869 2669 2939 ποιητὴς
2708 2873 2781 2925 οὐ
2820 2873 3015 2940 μόνον
3052 2872 3374 2943 ἐμπείρως,
3408 2875 3571 2930 ἀλλὰ

316 2974 420 3031 καὶ
448 2974 697 3045 ἀκριϐῶς
720 2974 1118 3046 ἐξηγούμενος
1146 2974 1223 3030 ἂν
1249 2976 1537 3045 φαίνοιτο.

391 3087 493 3144 ΙΖ’.
533 3087 755 3160 Πρῶτον
791 3088 888 3159 μὲν
920 3082 1012 3142 οὖν
1043 3088 1132 3143 διά
1159 3088 1363 3143 τούτων
1391 3091 1421 3142 6
1456 3086 1714 3153 ’Δτταλος
1757 3086 1895 3142 ἀπο-

2067 3070 2229 3126 XV’ll.
2247 3066 2354 3125 Sed
2382 3066 2636 3138 inprimis
2651 3067 2816 3121 Attali
2835 3066 3105 3123 haesitatio
3134 3068 3223 3122 illa
3247 3084 3315 3123 ex
3343 3083 3408 3124 eo
3438 3084 3570 3140 pro-

326 3183 410 3252 ρεί
435 3182 503 3247 ⁸²,
535 3178 770 3252 νομίζων
815 3179 910 3233 ὲπὶ
943 3180 1193 3234 τοσοῦτον
1241 3179 1340 3252 τὴν
1376 3180 1661 3251 ἀκρίϐειαν
1698 3180 1756 3232 ἐν
1785 3180 1895 3241 τοῖς

322 3273 665 3344 φαινομένοις
697 3273 801 3325 ὑπὸ
845 3273 1072 3345 Ἀράτου
1106 3271 1408 3342 διειλῆφθαι
1433 3312 1448 3337 ,
1475 3269 1615 3324 ὥστε
1641 3268 1770 3341 περὶ
1796 3271 1896 3323 αὺ-

319 3365 432 3418 τῶν
460 3364 566 3418 τῶν
596 3366 654 3418 ὲν
690 3367 756 3435 τῇ
781 3362 1046 3438 ζώνῃτοῦ
1078 3364 1332 3437 Περσέως
1371 3362 1617 3433 ἀστέρων
1658 3359 1895 3425 διστάζει

240 3509 247 3515 ,
318 3456 381 3509 τὸ
411 3456 639 3527 πότερον
680 3455 781 3526 τῆς
816 3455 991 3526 ἀρχῆς
1032 3454 1125 3509 τοῦ
1172 3453 1345 3526 Κριοῦ
1383 3455 1469 3508 ἐπ’
1511 3452 1778 3524 ἀνατολῆς
1807 3451 1897 3505 οὓς·

321 3564 423 3619 σης
444 3587 460 3612 ,
489 3547 584 3601 καὶ
612 3547 749 3618 αὑτὴ
778 3546 879 3620 ήδη
910 3548 1120 3618 φανερά
1150 3548 1299 3601 ἐστιν
1334 3547 1432 3601 σὺν
1460 3548 1570 3611 τοῖς
1600 3544 1771 3616 ὤμοις
1802 3547 1897 3599 καὶ

315 3640 385 3710 τῇ
414 3634 643 3707 κεφαλῇ,
683 3635 717 3709 ἢ
747 3637 864 3708 μετ’
891 3636 1088 3706 ὀλίγον.
1122 3635 1306 3709 Χωρὶς
1336 3635 1445 3708 γάρ
1475 3634 1569 3688 τοῦ
1597 3634 1898 3707 ὁλοσχερῶς

322 3730 401 3804 μὴ
433 3731 591 3802 μόνον
616 3731 706 3785 τὸν
742 3732 996 3804 Ἄρατον,
1030 3731 1169 3785 ἀλλὰ
1206 3731 1300 3786 καὶ
1329 3731 1422 3785 τὸν
1448 3729 1677 3796 Εὔδοξον
1703 3733 1761 3784 ὲν
1786 3732 1897 3794 τοῖς

319 3818 670 3889 φαινομένοις
703 3818 1158 3892 ἀναστρέφεσθαι,
1188 3818 1442 3891 καθάπερ
1467 3818 1893 3891 ὲπιδεδείχαμεν,

317 3910 401 3966 ἔτι
428 3912 520 3964 καὶ
545 3913 604 3966 οὐ
632 3911 789 3984 μόνον
813 3913 904 3966 ἐπὶ
934 3916 1034 3984 τῆς
1066 3911 1160 3966 τοῦ
1180 3913 1437 3984 Περσέως
1461 3910 1637 3984 ζώνης
1665 3912 1808 3966 τοῦτ’
1828 3912 1897 3967 ἂν

320 4002 477 4074 παρά
509 4002 587 4074 τῷ
637 4004 849 4075 Ἀράτῳ
875 4003 1199 4069 διστάζοιτο,
1233 4004 1369 4057 ἀλλά
1399 4004 1496 4058 καὶ
1537 4004 1631 4057 ἐπὶ
1680 4003 1898 4058 πάντων

321 4093 366 4164 β’
394 4093 431 4164 ἢ
464 4094 557 4147 καὶ
588 4094 797 4149 πλείοσι
826 4094 1033 4159 ζωδίοις
1062 4095 1560 4149 συνανατελλόντων
1585 4096 1655 4150 ⁸³.
1687 4095 1899 4161 Τελέως

320 4184 367 4237 δ’
402 4185 452 4216 ⁸³
479 4187 693 4255 ἀγνοεῖν
723 4186 925 4252 δόξειεν
970 4187 1000 4239 6
1046 4186 1307 4251 ’Ἄτταλος
1353 4187 1448 4241 καὶ
1479 4186 1548 4241 τά
1578 4188 1897 4258 φαινόμενα,

324 4275 725 4347 ὑπολαμϐάνων
770 4276 910 4331 κατά
956 4277 1213 4350 ἀλήθειαν
1258 4275 1433 4342 οὕτως
1478 4273 1618 4331 εἶναι
1656 4278 1899 4343 δισταζὸ-

323 4384 464 4439 μενα
496 4369 625 4442 περὶ
653 4367 752 4439 τὴν
782 4366 957 4440 ζώνην
992 4369 1087 4423 τοῦ
1118 4368 1393 4442 Περσέως,
1426 4369 1679 4441 καθάπερ
1716 4368 1898 4442 προεί-

324 4476 514 4532 ρηκεν.
549 4460 625 4513 Οὐ
656 4458 766 4531 γὰρ
806 4460 942 4532 μόνη
989 4462 1023 4532 ἡ
1070 4460 1212 4533 ζώνη
1242 4460 1338 4523 τοῦ
1370 4462 1621 4534 Περσέως
1648 4460 1896 4531 φαίνεται

323 4553 467 4623 ὑπὲρ
498 4552 621 4623 γῆν,
653 4552 746 4605 τοῦ
769 4552 940 4623 Κριοῦ
961 4553 1262 4625 ἀρχομένου
1285 4554 1616 4619 ἀνατέλλειν,
1644 4552 1781 4608 ἀλλά
1802 4554 1897 4607 καὶ

323 4644 445 4707 ὅλος
473 4644 657 4714 σχεδὸν
700 4646 729 4698 6
778 4645 1043 4716 Περσεὺς,
1074 4645 1214 4719 πλὴν
1248 4646 1344 4700 τοῦ
1395 4645 1688 4719 ἀριστεροῦ
1738 4646 1898 4711 ποδὸς

324 4737 422 4790 καὶ
468 4735 561 4788 τοῦ
599 4735 842 4805 γόνατος.
899 4736 957 4788 Ὁ
1013 4735 1112 4805 μὲν
1166 4735 1274 4808 γὰρ
1321 4735 1491 4800 δεξιὸς
1542 4737 1708 4791 αὐτοῦ
1763 4736 1897 4801 ποῦς

328 4827 707 4882 συνανατέλλει
739 4829 805 4898 τῇ
855 4833 903 4897 η’
951 4827 1064 4897 μοί.
1100 4826 1208 4880 τῶν
1260 4828 1498 4898 Ἰχθύων,
1539 4830 1569 4881 6
1613 4828 1672 4882 δὲ
1720 4830 1780 4882 ὲν
1819 4827 1899 4900 τῷ

325 4920 484 4990 δεξιῷ
505 4920 689 4989 γόνατι
713 4922 780 4990 τῇ
803 4919 847 4982 ζ’
872 4919 1038 4989 μοίρᾳ
1056 4935 1070 4950 ο
1087 4921 1115 4973 6
1143 4919 1200 4972 δὲ
1229 4920 1287 4973 ὲν
1314 4919 1391 4989 τῷ
1415 4920 1687 4992 Γοργονίῳ
1717 4922 1813 4975 καὶ
1829 4922 1896 4992 τῇ

326 5014 591 5086 ἀριστερᾷ
637 5013 779 5083 χειρὶ
803 5011 1054 5082 κείμενος
1079 5010 1328 5083 λαμπρὸς
1364 5014 1561 5086 ἀστὴρ,
1600 5013 1660 5078 ὃς
1704 5012 1898 5084 μικρὸν

326 5107 646 5176 προηγεῖται
683 5102 774 5157 τοῦ
818 5102 1109 5174 ἀριστεροῦ
1163 5104 1366 5175 μηροῦ,
1418 5108 1486 5176 τῇ
1541 5113 1606 5173 ιγ’
1646 5106 1754 5176 μοί.
1790 5105 1899 5159 τῶν

338 5197 560 5268 Ἰχθύων
595 5196 1057 5267 συναναφέρεται·
1108 5194 1245 5265 μόνη
1287 5195 1345 5249 δὲ
1377 5196 1542 5250 αὑτοῦ
1572 5198 1604 5268 ἡ
1635 5197 1900 5267 ἀριστερά

325 5290 512 5360 κνήμη
536 5286 615 5359 τῷ
645 5286 801 5358 Κριῷ
831 5284 1231 5342 συνανατέλλει.
1260 5286 1427 5356 Δῆλον
1451 5283 1565 5346 οὖν.
1595 5287 1675 5339 ὅτι
1718 5288 1902 5355 ἀγνοεῖ

325 5375 500 5447 λέγων
541 5377 611 5431 τά
644 5392 707 5429 τε
740 5376 1042 5449 φαινόμενα
1087 5375 1447 5447 σωθήσεσθαι,
1477 5375 1570 5429 καὶ
1606 5375 1697 5428 τὸν
1730 5377 1898 5447 Ἀρα-

323 5485 416 5522 τον
443 5469 722 5542 ἐμπείρως
748 5469 843 5523 καὶ
882 5466 1129 5540 ἀκριϐῶς
1154 5467 1223 5521 τά
1245 5467 1373 5539 περὶ
1396 5466 1495 5537 τῆς
1520 5465 1613 5520 τοῦ
1646 5466 1902 5537 Περσέως

328 5559 505 5635 ζώνης
539 5560 821 5633 φανεῖσθαι
849 5560 1235 5631 ἐξηγούμενον.

396 5723 442 5757 ⁸⁸
470 5720 729 5791 φανεράν.
802 5720 848 5753 ⁸⁸
883 5721 925 5790 f.
960 5720 1163 5790 ἀγνοεῖ.
1236 5717 1283 5750 ⁸³
1316 5735 1405 5787 πρ.
1440 5715 1589 5782 τέλος
1609 5717 1684 5772 δέο

1998 3163 2280 3226 ﬁciscitur,
2313 3159 2460 3231 quod
2496 3169 2604 3213 tam
2637 3167 2886 3214 exactum
2933 3160 2987 3213 in
3035 3160 3404 3230 pliaenomenis
3449 3176 3574 3231 per-

1997 3254 2304 3314 scribendis
2326 3254 2553 3308 Aratum
2593 3251 2765 3307 fuisse
2794 3259 3002 3318 censet,
3040 3260 3099 3305 ut
3123 3254 3189 3308 de
3222 3253 3419 3317 stellis,
3449 3269 3572 3324 quas

1997 3356 2125 3403 sum
2146 3347 2200 3400 in
2219 3344 2402 3399 Persei
2429 3343 2629 3408 balteo,
2654 3342 2888 3408 dubitet,
2912 3350 3093 3395 utrum
3112 3342 3314 3397 Arietis
3332 3342 3489 3396 initio
3513 3346 3571 3398 in

1997 3434 2209 3489 oriente
2238 3433 2562 3495 constituto,
2586 3430 2918 3499 conspicuus
2943 3431 3033 3484 ille
3054 3431 3125 3486 sit
3146 3445 3269 3485 cum
3298 3431 3568 3499 humeris,

1996 3531 2051 3580 et
2088 3524 2287 3595 capite,
2330 3539 2401 3577 an
2446 3520 2612 3593 paulo
2643 3528 2769 3591 post
2797 3529 3075 3592 appareat.
3112 3519 3315 3577 Verum
3354 3533 3415 3576 ut
3453 3523 3571 3578 haec

1996 3615 2264 3681 omittam,
2304 3629 2415 3669 non
2454 3614 2679 3668 Aratum
2711 3612 2910 3676 solum,
2967 3612 3062 3668 sed
3092 3611 3376 3668 Eudoxum
3405 3614 3568 3669 etiam

1999 3708 2200 3778 lpsum,
2244 3705 2302 3761 in
2339 3705 2723 3777 apparentium
2753 3704 3077 3775 explicanda
3111 3705 3328 3760 ratione
3359 3707 3569 3776 pingui,

1998 3800 2143 3872 quod
2164 3800 2338 3865 aiunt,
2365 3798 2606 3854 Minerva
2636 3812 2769 3854 usos
2797 3812 2950 3864 esse;
2983 3811 3095 3851 non
3117 3796 3175 3850 in
3204 3797 3361 3868 127
3384 3796 3571 3854 Persei

1999 3900 2209 3949 tantum
2232 3892 2435 3958 balteo,
2465 3890 2611 3963 apud
2632 3890 2863 3945 Aratum
2886 3890 2995 3944 isto
3009 3887 3173 3945 modo
3189 3889 3528 3944 dubitabitur
3554 3909 3568 3956 ;

1999 3988 2095 4044 sed
2133 3988 2189 4043 in
2223 3987 2294 4043 iis
2333 3985 2589 4042 omnibus
2629 3983 2994 4055 imaginibus.
3034 3998 3155 4054 qua:
3191 3997 3316 4038 cum
3356 3982 3573 4039 duobus

1998 4081 2318 4154 pluribusve
2366 4079 2537 4150 signis
2602 4079 2874 4135 oriuntur.
2940 4075 3166 4131 Demum
3202 4091 3333 4131 vero
3369 4078 3572 4133 caeles-

2000 4177 2134 4228 tium
2159 4188 2344 4229 rerum
2381 4170 2630 4228 funditus
2652 4184 2850 4241 expers
2876 4169 3062 4224 haberi
3103 4170 3277 4239 possit
3313 4169 3527 4225 Attalus
3551 4212 3568 4236 ,

1998 4267 2092 4337 qui
2131 4266 2313 4336 reipsa
2335 4263 2524 4319 credat
2558 4264 2626 4317 ad
2657 4277 2805 4326 eum,
2844 4274 3009 4331 quem
3045 4259 3304 4321 diximus,
3344 4260 3570 4315 modum

1999 4358 2308 4430 ambiguam
2352 4370 2477 4411 esse
2525 4353 2796 4408 rationem
2834 4351 3061 4407 orientis
3100 4349 3303 4421 cinguli
3360 4348 3566 4407 Persei.

1927 4438 1971 4494 Ι)
1997 4446 2117 4502 Non
2154 4448 2301 4503 enim
2352 4446 2502 4503 solus
2542 4445 2633 4500 ille
2684 4441 2871 4498 Persei
2910 4441 3124 4496 balteus
3162 4455 3328 4510 supra
3367 4448 3569 4495 terram

1996 4536 2229 4603 exsistit,
2268 4535 2487 4605 quando
2525 4532 2681 4588 Aries
2719 4531 2852 4586 oriri
2875 4529 3102 4599 incipit,
3145 4529 3238 4584 sed
3271 4535 3420 4585 totus
3448 4529 3571 4600 ipse

1984 4620 2387 4703 "propemodum
2446 4624 2698 4688 Perseus,
2755 4630 2985 4693 excepto
3022 4621 3163 4692 pede
3221 4621 3451 4679 sinistro
3503 4637 3569 4677 ac

1997 4736 2159 4792 genu.
2200 4718 2410 4789 Quippe
2449 4718 2641 4772 dexter
2684 4716 2832 4772 illius
2866 4731 2962 4786 pes
2993 4730 3115 4770 eum
3145 4721 3343 4769 octava
3383 4714 3570 4770 oritur

1996 4810 2234 4867 Piscium
2282 4818 2458 4881 parte,
2499 4823 2620 4879 quae
2660 4817 2841 4863 autem
2895 4808 3037 4862 inest
3078 4807 3134 4861 in
3190 4806 3384 4862 dextro
3422 4822 3567 4876 genu

1999 4905 2178 4970 stella,
2205 4917 2329 4957 cum
2369 4901 2637 4971 septima:
2661 4900 2842 4954 lucida
2872 4914 3038 4971 porro
3086 4914 3210 4970 quae
3235 4908 3321 4954 est
3349 4898 3407 4953 in
3436 4898 3572 4954 Gor-

1998 4998 2183 5067 gonio,
2212 5003 2266 5050 et
2297 4995 2520 5051 sinistra
2548 5008 2737 5059 manu,
2765 5007 2887 5062 qua:
2915 4992 3200 5048 sinistrum
3231 4990 3413 5046 femur
3433 5005 3570 5060 pau-

2000 5088 2169 5142 lulum
2204 5083 2484 5156 praecedit,
2523 5098 2647 5139 eum
2677 5091 2833 5154 parte
2861 5082 3072 5137 decima
3103 5081 3260 5138 tertia
3302 5095 3571 5140 conscen-

1999 5179 2119 5244 dit;
2151 5177 2327 5233 solum
2362 5190 2490 5231 crus
2524 5174 2811 5231 sinistrum
2852 5173 3030 5228 oritur
3057 5187 3182 5227 cum
3207 5169 3409 5226 Ariete.
3442 5169 3570 5225 Fal-

2001 5286 2097 5328 sus
2143 5276 2228 5327 est
2271 5269 2489 5340 itaque,
2546 5282 2672 5322 eum
2725 5273 2781 5322 et
2821 5266 3210 5336 apparentibus
3276 5278 3432 5320 suam
3477 5263 3571 5319 illo

2000 5363 2165 5418 modo
2194 5369 2448 5417 constare
2490 5358 2674 5424 ﬁdem,
2710 5365 2766 5414 et
2802 5358 3032 5412 Aratum
3062 5355 3236 5428 perite
3272 5365 3572 5425 exaeteque

1999 5470 2123 5527 quas
2149 5454 2216 5509 ad
2255 5453 2532 5527 cingulum
2571 5451 2804 5511 attinent
2838 5449 3025 5507 Persei
3064 5448 3396 5504 traditurum
3446 5462 3574 5504 esse

2001 5547 2262 5606 defendit.
