4132 6422
539 358 671 428 Ἀυυὶ

1564 351 1651 416 λι)
1693 346 1957 417 EUSEBII
1996 355 2389 412 CllRONitZON
2433 346 2792 407 ΔΡΡΕΝΠἎΧ.

3647 336 3793 396 I092

504 486 513 565 ι
614 484 724 553 Ego
777 496 905 537 vero
960 497 1069 536 non
1102 469 1208 535 alia
1239 484 1307 536 ex
1362 494 1530 534 causa
1561 477 1958 531 dubitationem
2005 474 2117 527 illic

2288 473 2445 524 Δοκεῖ
2466 470 2521 521 δέ
2556 486 2641 538 μοι
2674 462 3034 535 διηπορῆσθαι
3060 465 3089 516 6
3117 460 3347 565 Ἀρατοξ
3386 458 3537 529 παρά
3565 458 3663 530 τὴν
3691 460 3796 511 αύ-

544 567 804 646 injectaln
834 574 1026 629 Attalo
1075 572 1246 629 misse
1292 572 1567 642 suspicor,
1598 585 1763 640 quam
1794 568 1937 621 unde
1965 568 2119 637 prius

544 661 773 715 Eudoxo
804 668 923 714 erat
956 659 1183 725 oborta;
1215 673 1375 727 quem
1410 661 1690 709 auctorem
1724 653 1924 706 Aratus
1963 650 2119 704 adhi-

546 750 688 805 huit.
722 749 985 804 Eudoxus
1011 749 1158 803 enim
1190 749 1244 801 in
1279 745 1676 801 commentario
1702 744 1770 797 de
1796 739 2120 812 Apparenti-

546 845 651 898 bus
667 826 856 898 scribit
878 843 1099 897 dextras
1123 841 1307 895 Persei
1331 846 1512 909 partes
1540 854 1663 890 cum
1688 835 1940 889 Piscibus
1958 833 2116 887 oriri.

547 932 626 986 Ex
655 947 763 1003 quo
791 938 1133 1001 consequens
1166 937 1272 993 est,
1300 928 1500 981 Arietis
1535 926 1805 996 principio
1828 926 1883 978 in
1912 924 2121 977 oriente

544 1024 747 1092 'posito,
789 1023 1010 1077 dextras
1062 1019 1444 1075 tantummodo
1493 1015 1678 1072 Persei
1736 1024 1920 1086 partes
1954 1029 2120 1085 supra

547 1122 751 1166 terram
805 1110 1091 1163 exsistere.
1120 1108 1190 1162 At
1228 1108 1283 1162 in
1329 1108 1503 1161 altero
1532 1107 1691 1171 libro,
1723 1106 1816 1175 qui
1867 1105 2121 1159 inscribi-

546 1207 639 1252 tur
672 1199 975 1267 Speculum,
1023 1213 1148 1253 cum
1195 1196 1457 1252 Piscibus
1503 1204 1677 1251 totum
1730 1196 1929 1249 asserit
1960 1195 2121 1263 paulo

542 1291 730 1346 minus
760 1293 894 1345 oriri
929 1288 1600 1355 Perseum.Quamohrem
1630 1302 1754 1342 cum
1794 1287 1848 1341 in
1866 1288 2122 1342 omnibus

546 1383 684 1442 fere.
714 1398 836 1450 quae
861 1381 929 1435 ad
952 1389 1106 1435 ortus
1142 1381 1385 1434 siderum
1420 1385 1694 1448 spectant,
1723 1378 1832 1431 duo
1862 1378 1940 1431 illi
1970 1392 2123 1431 com-

546 1475 805 1532 mentarii
865 1474 1099 1528 invicem
1148 1469 1515 1532 concordent,
1567 1470 1622 1523 in
1671 1468 1856 1524 Persei
1913 1469 2124 1523 descri-

547 1566 740 1636 ptione
766 1563 1103 1629 dissideant;
1134 1562 1260 1632 jure
1292 1562 1348 1615 in
1375 1561 1633 1631 ambiguo
1661 1561 1876 1629 positus
1896 1560 2120 1623 Aratus,

548 1672 728 1728 neque
755 1664 951 1711 utram.
966 1666 1175 1725 partem
1198 1661 1522 1724 sequeretur
1537 1653 1869 1721 expediens;
1897 1667 2121 1721 anceps,

547 1760 604 1805 et
637 1753 911 1804 incertum
944 1762 1067 1804 esse
1098 1746 1267 1811 dicit,
1297 1761 1369 1802 an
1422 1755 1477 1803 et
1521 1744 1706 1802 Persei
1740 1745 1950 1800 balteus
1996 1759 2122 1799 cum

2219 562 2317 629 τὴν
2342 559 2543 618 αἰτίαν,
2580 556 2710 626 παρ’
2730 558 2810 625 ’ἣν
2850 555 2941 607 καὶ
2969 556 2997 605 6
3032 551 3278 617 Εὔδοξος,
3311 545 3356 617 ᾧ
3384 546 3797 618 κατηκολούθη-

2219 669 2313 704 κεν
2342 652 2371 701 6
2403 651 2652 719 Ἄρατος.
2695 648 2782 698 Ἐν
2823 645 2920 715 μὲν
2950 644 3059 713 γάρ
3079 660 3156 712 τῳ
3191 643 3527 710 συντάγματι
3556 639 3633 710 τῷ
3662 639 3797 711 περὶ

2218 743 2325 795 τῶν
2359 742 2697 811 φαινομένων
2748 738 2968 809 γράφει,
3005 736 3087 787 ὅτι
3138 737 3248 796 τοῖς
3312 733 3509 801 Ἰχθύσι
3563 748 3799 784 συνανα-

2219 834 2393 887 τέλλει
2426 833 2493 885 τά
2522 832 2670 897 δεξιά
2704 830 2796 883 τοῦ
2836 830 3123 900 Περσέως’
3157 827 3319 887 ὥστε,
3354 824 3454 893 τῆς
3489 818 3660 893 ἀρχῆς
3697 820 3797 873 τος

2220 924 2393 995 Κριοῦ
2434 924 2569 995 πρὸς
2598 927 2664 992 τῇ
2710 922 2939 992 ἀνατολῇ
2970 919 3155 991 οὔσης,
3183 919 3249 970 τὰ
3279 916 3428 982 δεξιά
3459 916 3617 985 μόνον
3650 914 3799 983 μέρη

2220 1017 2313 1070 τοῦ
2353 1016 2605 1087 Περσέως
2655 1016 2775 1068 κατ’
2803 1015 2962 1067 αὑτὸν
3018 1013 3156 1084 ὑπὲρ
3205 1011 3309 1080 γῆν
3367 1005 3685 1077 φαίνεσθαι⁶
3735 1006 3801 1057 ἔν

2218 1108 2275 1161 δὲ
2306 1107 2383 1177 τῷ
2414 1107 2580 1178 ἑτέρῳ
2611 1106 2967 1175 συντάγματι,
3001 1104 3030 1156 ὃ
3057 1101 3415 1172 ἐπιγράφεται
3445 1099 3797 1165 Ἐνοπτρον,

2219 1199 2330 1259 τοῖς
2372 1195 2570 1266 Ἰχθύσι
2600 1196 2762 1265 φησὶν
2794 1194 2953 1247 αύτδν
2986 1193 3126 1255 ὅλον,
3166 1192 3303 1261 πλὴν
3331 1190 3533 1256 ὀλίγου,
3565 1203 3802 1239 συνανα-

2221 1285 2444 1338 τέλλειν.
2487 1285 2575 1338 Ἐν
2621 1286 2786 1336 πᾶσιν
2831 1279 2923 1335 οὖν
2956 1282 3139 1352 σχεδὸν
3166 1284 3277 1344 τοῖς
3318 1279 3445 1349 περὶ
3473 1276 3571 1339 τὰς
3607 1278 3800 1330 ἀνατο-

2221 1370 2319 1440 λὰς
2362 1376 2471 1430 τῶν
2522 1375 2735 1447 ἄστρων
2785 1372 3219 1445 συμφωνούντων
3267 1370 3516 1440 ἀλλήλοις
3548 1368 3655 1421 τῶν
3702 1368 3800 1421 δύο

2224 1468 2654 1539 συνταγμάτων,
2698 1468 2827 1540 περὶ
2869 1467 2927 1519 δὲ
2974 1464 3069 1518 τοῦ
3110 1464 3360 1534 Περσέως
3391 1462 3647 1532 διαφόρου
3695 1460 3799 1531 τῆς

2221 1561 2544 1631 ἀναγραφῆς
2599 1558 2798 1631 οὕσης’
2852 1560 3088 1628 εύλόγως
3134 1560 3163 1611 ό
3210 1559 3466 1628 Ἄρατος,
3517 1553 3799 1624 διαπορῶν

2222 1650 2355 1721 ποια
2384 1667 2468 1713 τις
2496 1650 2958 1722 κατακολουθήσει
2985 1649 3276 1719 ἀποφάσει,
3308 1646 3650 1718 ἀμφήριστόν
3689 1661 3801 1715 φη-

2225 1759 2310 1795 σιν
2348 1737 2506 1807 εἶναι,
2563 1742 2657 1796 καὶ
2702 1742 3113 1812 δισταζόμενον.
3176 1741 3403 1811 πότερον
3445 1738 3540 1791 καὶ
3586 1738 3622 1808 ἡ
3650 1736 3803 1806 ζώνη

553 1840 802 1895 humeris
847 1845 905 1893 et
952 1837 1152 1907 capite,
1182 1836 1369 1892 Ariete
1423 1836 1829 1892 conscendcnte
1871 1834 2123 1890 sublimis

2233 1834 2318 1888 τοῦ
2372 1835 2625 1907 Περσέως
2678 1835 2815 1906 μετά
2862 1834 2971 1888 τῶν
3029 1834 3197 1905 ὤμων
3251 1832 3344 1887 καὶ⁵
3391 1831 3493 1902 τῆς
3534 1829 3800 1900 κεφαλῆς,

547 1932 838 2000 appareat,
882 1943 953 1982 an
1006 1927 1337 1984 ascendente
1387 1929 1574 1998 potius
1628 1924 1849 1980 Tauro:
1882 1927 2027 1996 quod
2069 1926 2126 1980 in

546 2021 729 2074 altero
762 2005 985 2073 'Eudoxi
1026 2032 1195 2089 opere
1236 2017 1575 2072 continetur.
1608 2014 1727 2070 Non
1768 2014 1936 2085 igitur
1965 2030 2032 2068 ex
2059 2029 2127 2069 eo

550 2109 701 2181 quod
735 2108 968 2179 propter
1005 2107 1347 2163 discriminis
1395 2107 1747 2177 exiguitatem
1799 2104 2015 2159 diﬂicile
2072 2104 2126 2158 id

553 2215 722 2255 sensu
738 2199 913 2269 possit
936 2198 1222 2260 aestimari,
1247 2205 1308 2251 ut
1331 2204 1488 2266 putat
1513 2196 1753 2262 Attalus,
1796 2195 2025 2250 dubium
2053 2195 2130 2248 ait

554 2306 699 2355 esse,
731 2304 864 2343 num
898 2287 1082 2343 Persei
1108 2295 1224 2341 tum
1256 2286 1472 2341 balteus
1505 2292 1784 2356 appareat,
1825 2299 1949 2338 cum
1977 2283 2129 2338 Arie-

558 2383 630 2435 tis
658 2380 872 2434 initium
898 2379 1243 2433 horizontem
1280 2386 1429 2432 tenet
1462 2393 1476 2428 :
1504 2393 1573 2431 an
1597 2385 1729 2431 tunc
1758 2377 1942 2446 potius
1961 2390 2132 2430 emer-

556 2483 671 2543 gat,
706 2488 831 2528 cum
861 2470 1031 2527 Tauri
1065 2481 1232 2543 caput
1260 2473 1395 2527 oriri
1422 2472 1636 2542 incipit.
1688 2470 1796 2527 Sed
1834 2472 1957 2527 ideo
1984 2473 2131 2543 quod

559 2573 811 2619 neutram
842 2563 898 2617 in
934 2574 1146 2634 partem
1190 2571 1434 2619 statuens
1468 2565 1664 2635 possit,
1709 2578 1834 2618 cum
1866 2579 1937 2619 ex
1965 2578 2125 2634 aequo

562 2658 710 2712 tradi
741 2666 1035 2728 utrumque
1054 2666 1326 2714 cerneret»

640 2831 912 2887 Caeterum
939 2847 1062 2887 cum
1092 2831 1290 2903 duplex
1322 2831 1589 2889 habeatur
1616 2836 1723 2890 loci
1755 2835 1899 2891 illius
1927 2836 2088 2890 lectio
2116 2851 2130 2887 :

554 2925 837 2996 siquidem
882 2925 942 2979 in
987 2925 1109 2981 aiiis
1140 2926 1421 2982 codicibus
1467 2928 1560 2980 καί
1594 2929 1645 2980 κ’
1678 2928 2001 3000 ἀμφήριστα
2038 2927 2136 2979 πέ-

563 3014 717 3068 λοντο
740 3032 753 3044 ·
783 3014 838 3069 in
867 3015 990 3071 aliis
1019 3016 1068 3069 κ’
1099 3016 1422 3088 ὰμφήριστα
1446 3017 1718 3082 πέλονται,
1734 3019 1932 3088 legitur
1963 3017 2139 3073 :scri-

557 3106 799 3162 bendum
855 3117 942 3163 est
992 3107 1229 3171 πέλοιτο,
1272 3122 1382 3163 non
1426 3117 1489 3163 ut
1541 3119 1697 3179 putat
1755 3109 1993 3174 Attalus,
2038 3107 2138 3161 πέ-

2225 1925 2318 1979 τοῦ
2352 1926 2524 1995 Κριοῦ
2559 1925 2959 1989 ἀνατέλλοντος,
2999 1923 3273 1995 μετέωρος
3321 1922 3589 1989 φαίνεται,
3619 1919 3652 1990 ἧ
3701 1910 3802 1973 τοῦ

2227 2017 2441 2089 Ταύρου
2495 2016 2941 2088 ἀναφερομένου,
2987 2015 3062 2078 ὼς
3090 2014 3151 2068 τὸ
3185 2015 3370 2084 ἕτερον
3415 2012 3525 2065 τῶν
3554 2011 3649 2065 τοῦ
3696 2011 3805 2064 Βύ-

2226 2108 2376 2175 δόξου
2422 2108 2814 2177 συνταγμάτων
2845 2106 3105 2177 περιέχει.
3141 2107 3217 2159 Οὐ
3245 2105 3394 2176 παρά
3424 2105 3484 2158 τδ
3511 2108 3576 2175 τῇ
3608 2103 3803 2176 αἰσθή-

2231 2217 2314 2253 σει
2340 2196 2432 2253 οὗν
2460 2199 2743 2268 δύσκριτον
2775 2195 2912 2251 εἶναι
2940 2197 3028 2251 διὰ
3055 2198 3357 2267 μικρότητα
3390 2194 3488 2266 τῆς
3514 2198 3800 2268 διαφορᾶς,

2228 2289 2303 2354 ὡς
2324 2292 2352 2343 6
2368 2288 2629 2351 Ἀτταλος
2656 2288 2945 2350 ὑπέλαϐεν.
2968 2288 3308 2359 ἀμφήριστόν
3326 2305 3487 2358 φησιν
3516 2285 3673 2352 εἶναι,
3702 2288 3804 2340 πό-

2229 2398 2385 2453 τερον
2428 2383 2461 2452 ή
2493 2379 2635 2450 ζώνη
2673 2381 2764 2434 τοῦ
2803 2381 3053 2451 Περσέως
3086 2381 3226 2452 ὑπὲρ
3255 2382 3357 2450 γῆν
3396 2380 3497 2451 ἤδη
3528 2382 3800 2449 φαίνεται,

2231 2475 2329 2543 τῆς
2380 2474 2554 2543 ἀρχῆς
2606 2472 2701 2525 τοῦ
2746 2471 2919 2544 Κριοῦ
2952 2472 3086 2543 πρὸς
3112 2472 3191 2541 τῷ
3239 2470 3473 2542 ὁρίζοντι
3522 2470 3719 2541 οὔσηςο
3764 2466 3801 2542 ἢ

2231 2564 2533 2635 ἀρχομένου
2581 2564 2681 2635 ἤδη
2735 2563 3043 2617 ἀνατέλλειν
3085 2562 3179 2616 τοῦ
3235 2563 3484 2634 Ταύρου,
3535 2563 3653 2616 τότε
3707 2563 3805 2617 καὶ

2232 2655 2371 2725 αὑτὴ
2411 2655 2769 2726 ἀναφέρεται’
2807 2654 2943 2709 ἀλλά
2986 2655 3049 2708 τὺ
3094 2655 3170 2728 μὴ
3218 2653 3360 2725 ἔχειν
3391 2655 3584 2722 εἰπεῖν,
3618 2654 3708 2708 διά
3742 2644 3805 2707 ct

2234 2744 2506 2817 ἑκατέρως
2540 2746 2952 2819 παραδεδόσθαι.

2305 2839 2478 2909 Διχῶς
2508 2840 2564 2892 δὲ
2597 2840 2964 2911 γραφομένου,
3003 2839 3062 2891 έν
3094 2838 3193 2909 μέν
3228 2854 3367 2893 τισιν
3406 2839 3761 2910 ἀντιγράφοις
3784 2857 3802 2869 -

2236 2928 2336 2985 καὶ
2371 2931 2438 2963 ⁸³⁵
2473 2930 2812 3001 καμφίσατο
2834 2973 2849 2997 ,
2881 2932 2939 2985 ἐν
2982 2929 3038 2984 δέ
3066 2947 3210 2983 τισιο
3250 2932 3352 2984 καί
3378 2931 3432 2984 κ’
3460 2930 3807 3002 ἀμφήριστα

2235 3019 2522 3083 πέλονται
2542 3037 2557 3051 ’
2586 3020 2667 3073 δεῖ
2691 3022 2923 3091 γράφειν
2950 3020 3190 3074 πέλοιτο
3207 3037 3222 3051 ο
3263 3020 3359 3074 καὶ
3381 3022 3499 3091 οὐχ,
3521 3021 3596 3085 ὼς
3623 3025 3652 3074 6
3678 3023 3808 3075 Ἀτ-

2236 3117 2415 3175 ταλος,
2444 3111 2746 3165 πέλονται.
2771 3113 2859 3182 Τῷ
2887 3112 2995 3183 γὰρ
3018 3112 3298 3183 συνδέσμῳ
3322 3113 3383 3165 τὸ
3408 3115 3651 3167 πέλοιτο
3674 3131 3808 3169 κατ-

561 3198 763 3253 λονται.
797 3197 936 3254 Nam
992 3213 1116 3254 cum
1174 3200 1446 3271 particula
1483 3199 1795 3270 c0pulativa
1844 3208 1995 3256 recte
2038 3200 2133 3253 πέ-

2234 3200 2478 3269 αλλήλως
2518 3200 2759 3270 λέγεται,
2800 3201 2921 3255 οὐδὲ
2956 3201 3064 3273 γάρ
3095 3201 3466 3272 περισπᾶσθαι
3502 3203 3601 3268 δεῖ,
3630 3204 3720 3259 διά
3744 3200 3809 3257 «ca

561 3292 706 3347 λοιτο
737 3291 1108 3362 conjungitur.
1140 3290 1259 3346 Non
1307 3294 1455 3346 enim
1483 3292 1669 3347 diduci
1711 3300 2001 3362 propterea
2036 3305 2136 3345 ne-

557 3400 723 3442 cesse
744 3393 848 3450 est,
878 3382 1025 3453 quod
1070 3398 1268 3437 nomen
1313 3384 1634 3455 ἀμφήριστοι
1676 3383 1875 3454 plurali
1908 3394 2137 3437 numero

563 3477 812 3549 ponitur,
842 3491 966 3531 cum
1005 3475 1269 3530 tralatitia
1300 3476 1374 3531 sit
1408 3478 1523 3531 hare
1543 3476 1803 3547 loquendi
1841 3476 2004 3531 ratio.

644 3565 838 3621 XVIII.
875 3564 1100 3621 Oriente
1138 3563 1305 3620 Tauri
1343 3566 1617 3636 principio
1655 3565 1908 3622 scribunt
1936 3566 2137 3622 Aratus

560 3668 625 3714 et
647 3657 930 3722 Eudoxus,
949 3664 1124 3711 totum
1152 3672 1319 3728 supra
1347 3665 1549 3713 terram
1577 3658 1823 3713 eminere
1836 3656 2094 3714 Perseum
2121 3677 2137 3714 :

560 3757 626 3804 et
654 3748 869 3819 Auriga:
893 3747 1175 3802 sinistram
1199 3762 1441 3813 manum,
1462 3748 1521 3802 in
1550 3761 1660 3817 qua
1682 3747 1774 3803 siti
1796 3755 1925 3802 sunt
1945 3746 2138 3815 Haedi;

566 3853 676 3893 nec
720 3853 833 3892 non
881 3838 1172 3893 sinistrum
1220 3838 1468 3908 ejusdem
1513 3837 1739 3908 pedem;
1767 3838 1836 3893 ad
1869 3838 1985 3893 haec
2021 3838 2140 3894 Ceti

571 3926 841 3998 quidquid
869 3934 955 3982 est
988 3942 1017 3980 a
1046 3927 1221 3982 cauda
1252 3928 1470 3983 cervice
1496 3935 1691 3995 tenus;
1721 3942 1790 3983 ex
1829 3936 1983 3998 parte
2010 3942 2142 3984 vero

570 4019 799 4074 Bootem
846 4017 1120 4073 occidere.
1153 4017 1211 4072 In
1254 4035 1363 4090 quo
1403 4019 1547 4091 lapsi
1596 4027 1724 4075 sunt
1774 4035 1981 4087 errore,
2015 4036 2141 4076 cum

573 4118 768 4180 putant
798 4111 1051 4167 sinistras
1102 4118 1313 4165 tantum
1358 4110 1622 4167 Heniochi
1650 4122 1835 4182 partes
1893 4127 2017 4167 cum
2048 4113 2142 4168 illo

572 4203 783 4275 pariter
807 4212 1053 4258 exortum
1087 4201 1287 4257 facere.
1318 4199 1527 4257 Etenim
1546 4201 1737 4257 dexter
1758 4202 1929 4272 ipsius
1954 4201 2144 4257 hume-

572 4308 672 4349 rus
720 4293 970 4350 ascendit
1019 4309 1145 4349 cum
1181 4293 1384 4349 Arietis
1431 4300 1586 4363 parte
1632 4293 1895 4358 secunda,
1918 4301 1972 4349 et
1999 4294 2144 4349 vice-

572 4387 737 4443 sima.
766 4387 1079 4442 Australior
1102 4395 1283 4442 autem
1304 4400 1514 4454 earum,
1540 4403 1661 4457 quae
1690 4395 1822 4443 sunt
1852 4387 1907 4441 in
1939 4387 2141 4457 capite,

571 4479 731 4551 prius
753 4479 919 4535 etiam
950 4494 1078 4533 cum
1111 4477 1364 4534 Piscibus
1394 4479 1641 4533 exoritur
1679 4495 1693 4530 :
1725 4482 1864 4534 adeo
1896 4486 1956 4532 ut
1987 4479 2042 4532 in
2076 4492 2144 4533 eo

2239 3292 2616 3364 πληθυντικῶς
2640 3291 2964 3362 ἐκφέρεσθαι
2988 3292 3049 3345 τὸ
3067 3293 3386 3365 ἀμφήριστα
3404 3311 3418 3324 ·
3447 3294 3675 3366 σύνηθες
3699 3296 3809 3367 γάρ

2236 3386 2353 3439 ἐστι
2378 3384 2440 3439 τὸ
2466 3384 2651 3455 σχῆμα
2680 3385 2837 3438 τοῦτο
2865 3384 2962 3453 τῆς
2987 3385 3244 3453 ἐκφορᾶς.

2315 3563 2421 3615 lﬂ'.
2457 3560 2569 3632 ’Βῆς
2593 3561 2650 3614 δὲ
2685 3562 2857 3633 ἀρχῆς
2883 3560 2977 3615 τοῦ
3005 3562 3220 3633 Ταύρου
3258 3563 3673 3636 ἀνατελλούσης,
3703 3581 3814 3637 φη-

2239 3655 2325 3707 σὶν
2352 3655 2381 3706 6
2413 3654 2647 3724 Ἄρατός
2671 3670 2730 3706 τε
2765 3654 2859 3706 καὶ
2915 3651 3139 3717 Εὔδοξος
3161 3653 3252 3706 τὸν
3283 3655 3496 3727 Περσέα
3522 3657 3641 3708 ὅλον
3685 3656 3814 3726 φαε-

2239 3744 2425 3799 νεσθαι
2462 3746 2603 3817 ὑπὲρ
2648 3745 2771 3816 γῆν,
2817 3746 2911 3798 καὶ
2937 3744 3028 3799 τοῦ
3076 3746 3321 3817 Ἦνιόχου
3371 3747 3470 3818 τὴν
3515 3748 3814 3820 ἀριστερὰν

2240 3839 2423 3907 χεῖρα,
2481 3838 2541 3889 ὲν
2639 3837 2688 3888 οἱ
2725 3836 2936 3907 Ἐριφοι
2973 3839 3199 3899 κεῖνται,
3249 3838 3341 3890 καὶ
3387 3838 3479 3891 τὸν
3526 3839 3814 3911 ἀριστερὸν

2240 3928 2413 3981 πόδα’
2448 3925 2665 3981 καὶτοῦ
2697 3929 2911 3997 Κήτους
2954 3929 3016 3982 τὸ
3068 3929 3177 3983 ἀπὸ
3216 3930 3313 4000 τῆς
3358 3931 3526 4002 οὐρᾶς
3572 3931 3678 3994 ἓως
3711 3931 3813 4002 τῆς

2241 4016 2459 4086 λοφίας’
2508 4016 2781 4070 δεδυκέναι
2836 4017 2893 4070 δέ
2940 4034 3073 4087 φησι
3118 4019 3213 4072 τοῦ
3268 4020 3479 4073 Βοὼτου
3518 4038 3572 4074 τι
3621 4021 3815 4093 μέρος·

2253 4102 2561 4172 Ἀγνοοῦσιν
2597 4100 2711 4168 οὖν,
2738 4104 2806 4157 τά
2831 4105 3093 4177 ἀριστερά
3148 4107 3304 4176 μόνον
3343 4107 3814 4179 ὑπολαμϐάνοντες

2239 4195 2335 4249 τοῦ
2381 4195 2621 4265 Ἠνιόχου
2659 4195 2737 4267 τῷ
2784 4196 2937 4268 Κριῷ
2988 4199 3416 4255 συνανατέλλειν.
3479 4201 3538 4255 '0
3572 4202 3670 4272 μὲν
3702 4203 3816 4274 γὰρ

2240 4288 2412 4354 δεξιὸς
2435 4281 2584 4360 ὦμος
2612 4288 2775 4343 αὐτοῦ
2792 4293 2858 4361 τῇ
2877 4290 2919 4360 β’
2942 4291 3036 4343 καὶ
3063 4299 3110 4344 κ’
3137 4293 3245 4363 μοί.
3273 4292 3368 4345 τοῦ
3384 4293 3557 4363 Κριοῦ
3585 4310 3819 4350 συνανα-

2243 4382 2493 4453 φέρεται·
2545 4384 2573 4435 6
2617 4383 2676 4435 δὲ
2722 4381 3040 4454 νοτιώτερος
3087 4384 3197 4436 τῶν
3246 4386 3303 4437 ὲν
3351 4388 3416 4456 τῇ
3467 4386 3675 4459 κεφαλῇ
3726 4388 3810 4442 ἔτι

2248 4475 2508 4544 πρότερον
2538 4477 2649 4537 τοῖς
2689 4473 2887 4544 Ἰχθύσι
2919 4476 3325 4530 συνανατέλλει·
3357 4476 3498 4530 ὥστε
3524 4479 3620 4532 καὶ
3658 4480 3819 4535 τοῦτο

570 4586 796 4641 quoque
849 4580 1096 4641 peccent,
1154 4580 1448 4640 quatenus,
1509 4572 1770 4640 inquam,
1818 4571 2133 4625 existimant

2248 4541 2459 4636 ἀγνοεΐν
2492 4541 2915 4637 αὐτούς’μλέγω
2957 4569 3013 4621 δὲ
3056 4569 3178 4623 καθ’
3221 4571 3342 4624 ὅσον
3375 4573 3818 4643 ὑπολαμϐάνουσι

572 4663 712 4716 oriri
738 4676 863 4716 cum
897 4661 1081 4716 Ariete
1112 4664 1351 4732 primum
1387 4660 1748 4717 Heniochum.
1789 4657 2055 4715 Similiter
2089 4662 2143 4715 in

575 4750 864 4806 Ilenioclio
911 4750 1113 4821 duplex
1144 4752 1212 4806 ab
1242 4752 1437 4807 iisdem
1470 4751 1803 4807 commissus
1849 4765 2009 4805 error
2037 4759 2144 4806 est.

576 4838 713 4894 Nam
748 4855 925 4910 neque
957 4855 1082 4894 cum
1111 4840 1294 4895 Ariete
1321 4840 1457 4895 oriri
1505 4840 1721 4910 incipit,
1761 4848 1823 4894 ut
1848 4839 1958 4894 illis
1995 4839 2146 4894 vide-

576 4942 693 4999 tur,
745 4932 842 4988 sed
871 4947 998 4986 cum
1049 4931 1340 4997 Piscibus;
1389 4946 1567 5001 neque
1615 4931 1829 4985 cervice
1879 4932 2147 4986 duntaxat

576 5032 742 5077 tenus
771 5022 1016 5078 ascendit
1038 5037 1162 5076 cum
1186 5022 1389 5087 Ariete,
1430 5023 1525 5078 sed
1553 5031 1700 5077 totus
1728 5023 2142 5092 propemodum,

574 5113 822 5183 exceptis
852 5114 944 5178 iis,
978 5128 1101 5182 qua:
1128 5113 1183 5167 in
1208 5114 1390 5183 capite
1419 5118 1485 5138 ἠ
1508 5129 1631 5183 qua;
1662 5114 1717 5167 in
1745 5123 1990 5168 extrema
2024 5129 2147 5169 sca-

583 5204 712 5274 pula
745 5203 958 5258 lucidas.
1006 5201 1142 5256 Nam
1188 5202 1335 5273 quod
1382 5219 1453 5259 ne
1495 5202 1695 5257 Bootes
1747 5203 1965 5271 quidem
2019 5216 2145 5257 cum

583 5295 768 5351 Ariete
803 5296 1028 5366 incipiat
1067 5296 1295 5357 exoriri,
1337 5296 1483 5365 quod
1528 5295 1604 5350 illi
1638 5295 1850 5360 volunt,
1881 5296 1974 5350 sed
2018 5310 2144 5350 cum

580 5385 789 5451 Tauro,
832 5389 1086 5458 superius
1117 5387 1376 5443 diximus.

656 5477 900 5534 Geminis
930 5480 1064 5533 oriri
1096 5479 1508 5549 incipientibus,
1542 5478 1740 5535 Aratus
1772 5481 1848 5533 ait
1895 5477 2148 5533 occidere

584 5565 751 5635 pedes
803 5564 1073 5636 Ophiuchi
1117 5583 1294 5638 usque
1349 5569 1417 5623 ad
1470 5585 1681 5642 genua;
1709 5568 1915 5640 ;Cetum
1962 5576 2149 5623 autem

2246 4656 2475 4727 πρώτως
2525 4656 2602 4727 τῷ
2656 4656 2812 4726 Κριῷ
2874 4657 2964 4710 τὸν
3025 4658 3268 4728 Ἦνίοχον
3328 4660 3816 4731 συναναφέρεσθαι.

2256 4748 2486 4818 Ὁμοίως
2515 4747 2573 4800 δὲ
2599 4749 2737 4807 κατά
2772 4747 2866 4801 δύο
2893 4749 3125 4818 τρόπους
3149 4750 3328 4803 καὶτὰ
3361 4752 3488 4822 περὶ
3514 4752 3608 4805 τοῦ
3644 4752 3825 4806 Ἦνιὸ.

2243 4856 2341 4910 χου
2370 4839 2723 4909 ἠγνοήκασιν.
2756 4837 2892 4891 Οὔτε
2916 4839 3025 4910 γὰρ
3052 4839 3130 4910 τῷ
3154 4841 3309 4911 Κριῷ
3333 4842 3555 4912 ἄρχεται
3588 4860 3819 4897 συνανασ-

2241 4928 2472 4993 τέλλειν,
2506 4928 2582 4992 ῶς
2613 4946 2798 4999 φασιν,
2829 4930 2965 4983 ἀλλά
3006 4933 3120 4994 τοῖς
3158 4929 3406 4999 Ἰχθύσιν,
3436 4931 3557 4985 οὒτε
3586 4933 3691 4997 ἓως
3719 4934 3822 5004 τῆς

2245 5020 2438 5091 λοφίας
2477 5021 2636 5091 μόνον
2660 5022 2992 5094 ἀναφέρεται
3026 5025 3123 5077 σὺν
3167 5024 3243 5094 τῷ
3276 5024 3451 5096 Κριῷ,
3486 5024 3601 5077 ἀλλ’
3628 5026 3749 5090 ὅλος
3775 5028 3823 5060 ⁸⁵

2247 5112 2451 5183 σχεδὸν,
2480 5113 2620 5184 πλὴν
2645 5114 2751 5167 τῶν
2774 5116 2832 5167 ὲν
2859 5117 2926 5186 τῇ
2956 5115 3164 5186 κεφαλῇ
3191 5117 3239 5168 οἱ
3268 5117 3325 5167 ὲν
3354 5117 3508 5186 ἄκρῳ
3538 5117 3616 5188 τῷ
3649 5118 3823 5188 χελω-

2246 5205 2404 5274 vim"
2437 5205 2699 5276 λαμπροί.
2728 5208 2848 5260 Ὀτι
2871 5225 2932 5276 γε
2967 5209 3073 5279 μὴν
3097 5208 3218 5261 οὔτε
3259 5210 3287 5261 6
3320 5209 3533 5280 Βοώτης
3560 5210 3640 5279 τῷ
3666 5210 3826 5281 Κριῷ

2248 5297 2474 5367 ἄρχεται
2504 5298 2985 5370 συναναφέρεσθαι,
3010 5298 3085 5362 ὥς
3113 5316 3297 5369 φασιν,
3327 5300 3463 5354 ἀλλά
3492 5300 3570 5371 τῷ
3600 5301 3825 5373 Ταύρῳ,

2251 5387 2661 5458 προειρήκαμεν
2687 5389 2962 5460 ἀνωτέρω.

2324 5478 2444 5530 Τῶν
2468 5477 2525 5531 δὲ
2548 5479 2796 5551 Διδύμων
2823 5480 3142 5551 ἀρχομένων
3174 5482 3505 5546 ἀνατέλλειν,
3531 5484 3561 5536 ό
3587 5484 3829 5553 ’Ἄρατος

2255 5567 2432 5622 δύνειν
2470 5569 2571 5639 μέν
2625 5587 2757 5642 φησι
2802 5573 2931 5635 τοὺς
2983 5571 3152 5637 πόδας
3212 5572 3307 5627 τοῦ
3390 5571 3676 5643 Ὀφιούχου
3729 5572 3832 5643 μὲ-

652 5718 725 5750 ⁸³⁶
753 5718 876 5776 Cor.
912 5721 1004 5775 καί
1038 5722 1088 5774 κ’
1115 5722 1433 5795 ἀμφήριστοι
1459 5722 1697 5778 πέλοντο.
1776 5723 1822 5755 ⁸⁵
1846 5739 1937 5792 γρ.
1967 5722 2106 5779 ὅλον.
2179 5723 2226 5756 ⁸⁵
2258 5741 2347 5795 7p.
2378 5723 2623 5794 χελωνίῳ.
