4132 6400
333 379 476 432 4095

1330 362 1694 424 IIIPPABCIII
1733 366 1824 420 AD
1863 363 2309 420 ΡΗᾸΞΝὈΜΕΝΑ
2348 361 2475 416 LIB.
2521 360 2580 415 II.

3440 355 3581 411 I094

341 511 435 562 σφι
476 491 653 546 αὐτῶν
682 489 728 521 ⁸⁸
766 487 1005 556 γονάτων
1024 503 1037 516 ·
1067 482 1372 538 ἀνατέλλειν
1409 481 1467 534 δὲ
1514 480 1576 532 τὸ
1609 480 1784 550 Κῆτος
1817 479 1911 530 καὶ

2026 476 2244 534 exoriri;
2303 475 2647 543 primumque
2678 469 2946 524 Fluminis
3002 477 3234 538 partem.
3281 467 3410 532 Quae
3457 469 3584 538 qui-

338 585 435 638 τοῦ
469 580 724 653 Ποταμοῦ
764 580 834 633 τὰ
863 577 1078 650 πρῶτα.
1128 574 1315 627 Ταῦτα
1355 573 1414 625 δὲ
1455 570 1762 642 συμφώνως
1797 571 1908 632 τοῖς

342 677 686 747 φαινομένοις
714 675 802 727 ὑπ’
835 670 1014 725 αὐτῶν
1044 669 1277 739 εἴρηται.

425 769 488 818 Ἀ
538 767 636 837 μὲν
682 760 773 818 οῦν
823 762 996 816 ἐδόκει
1033 777 1121 830 μοι
1171 758 1415 828 χρήσιμα
1462 748 1602 806 εἶναι
1644 748 1751 802 τῶν
1805 747 1912 800 ὑπὸ

354 834 585 929 Ἀράτου
616 854 709 908 καὶ
736 851 964 916 Εὐδόξου
1004 847 1310 916 λεγομένων
1343 845 1398 895 ὲν
1426 842 1534 902 τοῖς
1573 834 1911 906 φαινομένοις

344 924 742 1016 ἐπισκέψασθαι
780 960 862 1009 τε,
894 941 986 994 καὶ
1015 937 1348 1007 ὑπογράψαι,
1371 930 1545 986 ταῦτά
1577 931 1723 981 ἐστιν
1742 943 1756 957 ο
1787 924 1914 994 ἑξῆς

321 1044 404 1097 ’δὲ
431 1040 682 1104 ὑποτάξω
709 1037 835 1107 περὶ
876 1035 1104 1087 ἑκάστου
1133 1029 1239 1081 τῶν
1268 1025 1521 1080 ἀπλανῶν
1547 1019 1791 1090 ἀστέρων
1822 1017 1915 1068 ἐπὶ

345 1136 663 1206 κεφαλαίου,
696 1133 800 1185 τίνι
828 1147 886 1183 τε
911 1129 1017 1181 τῶν
1050 1125 1115 1195 ιβ’
1149 1123 1350 1188 ζωδίων
1394 1114 1790 1175 συνανατέλλει,
1821 1109 1914 1162 καὶ

349 1203 772 1296 συγκαταδύνει·
819 1221 913 1274 καὶ
957 1218 1064 1271 ἀπὸ
1092 1216 1293 1284 πόστης
1343 1210 1535 1282 μοίρας
1578 1205 1671 1258 τοῦ
1722 1203 1913 1268 ζωδίου

348 1320 671 1392 ἀρξάμενος,
705 1315 809 1374 ἕως
853 1311 1054 1380 πόστης
1081 1309 1142 1360 τὸ
1165 1307 1386 1376 ἔσχατον
1407 1299 1702 1361 ἀνατέλλει,
1730 1295 1763 1367 ἢ
1793 1310 1916 1362 συγ·

349 1408 634 1464 καταδύνει
667 1407 724 1457 ὲν
747 1406 858 1466 τοῖς
881 1402 1007 1470 περὶ¹
1031 1397 1127 1468 τὴν
1173 1393 1395 1448 Ἑλλάδα
1421 1391 1604 1451 τόποις
1623 1404 1636 1416 ·
1663 1385 1757 1439 καὶ
1785 1381 1918 1435 καθ-

347 1495 472 1556 όλου
511 1500 645 1553 ὅπου
688 1495 893 1565 ἐστὶνὴ
932 1491 1159 1563 μεγίστη
1188 1485 1374 1557 ἡμέρα
1405 1479 1561 1552 ὡρῶν
1586 1472 1916 1547 ίσημερινῶν

345 1592 413 1646 ιδ’
441 1591 535 1646 καὶ
573 1588 862 1661 ήμιωρίου.
908 1584 1018 1646 Τάς
1059 1579 1116 1634 δὲ
1160 1578 1302 1633 κατά
1347 1573 1514 1645 μέρος
1559 1568 1739 1624 αὐτῶν
1783 1568 1920 1620 ἀπο-

348 1684 542 1752 δείξεις
564 1659 625 1737 έν
647 1659 827 1743 ἀλλοις
860 1674 1260 1743 συντετάχαμεν
1287 1668 1478 1752 οὕτως,
1506 1663 1646 1717 ὥστε
1673 1662 1731 1714 ὲν
1757 1659 1918 1712 παντὶ

338 1749 500 1846 ’τόπῳ
545 1771 726 1844 σχεδὸν
779 1768 880 1838 τῆς
927 1759 1248 1833 οἰκουμένης
1284 1751 1540 1811 δύνασθαι
1585 1749 1920 1822 παρακολου-

337 1843 484 1922 ’θεῖνν
507 1843 626 1926 ταῖς
669 1859 950 1930 διαφοραῖς
998 1853 1107 1907 τῶν
1158 1845 1526 1904 συνανατολῶν
1569 1843 1666 1896 καὶ
1712 1852 1920 1908 συγκα-

350 1958 646 2012 ταδύσεων.

423 2049 524 2102 ΙΘ’.
574 2043 797 2116 Πρῶτον
840 2039 937 2109 μὲν
985 2031 1077 2089 οῦν
1129 2029 1471 2102 ἐκθησόμεθα
1519 2026 1619 2088 τάς
1664 2023 1774 2076 τῶν
1826 2019 1920 2092 βο-

355 2137 644 2210 ρειοτέρων
685 2135 899 2202 ἄστρων
946 2126 1040 2180 τοῦ
1101 2118 1364 2187 ζωδιακοῦ
1395 2116 1595 2171 κύκλου
1633 2126 1922 2166 συνανατο-

353 2231 453 2293 λάς
498 2245 554 2282 τε
600 2227 692 2280 καὶ
731 2215 1152 2292 συγκαταδύσεις
1175 2233 1188 2246 ’
1245 2213 1435 2265 ἔπειτα
1472 2210 1528 2263 δὲ
1559 2207 1658 2270 τὰς
1690 2204 1797 2258 τῶν
1829 2219 1919 2255 νο-

353 2321 662 2392 τιωτέρων·
703 2317 794 2369 ἐπὶ
831 2316 963 2367 πᾶσι
995 2311 1054 2363 δὲ
1100 2309 1197 2371 τὰς
1225 2305 1332 2358 τῶν
1380 2303 1444 2374 ιβ’
1497 2299 1721 2363 ζωδίων.
1765 2295 1922 2362 Λέγω

351 2415 414 2468 δὲ
453 2386 558 2465 τῶν
585 2405 990 2480 ἡστερισμένων
1011 2419 1024 2433 ·
1058 2401 1355 2469 ἐπειδήπερ
1379 2395 1414 2448 ἃ
1450 2393 1546 2464 μὲν
1581 2388 1801 2460 μείζονα
1830 2386 1923 2438 τό-

356 2523 458 2559 πον
487 2479 670 2572 ἐπέχει
698 2497 791 2552 τοῦ
820 2491 1310 2564 δωδεκατημορίου,
1341 2487 1377 2542 ἃ
1404 2486 1461 2539 δὲ
1490 2483 1770 2537 ἐλάσσονα.
1802 2479 1924 2530 Ἔτι

355 2598 415 2652 δὲ
443 2596 536 2650 καὶ
575 2568 751 2662 πολλῷ
793 2590 913 2642 τινὰ
969 2587 1066 2658 μὲν
1115 2581 1444 2654 βορειότεροι,
1483 2575 1605 2627 τινὰ
1652 2573 1710 2626 δὲ
1741 2568 1926 2625 νοτιώ-

355 2700 490 2760 τερα
521 2685 649 2740 ὅντα
684 2680 778 2736 τοῦ
820 2676 1105 2744 ζωδιακοῦ,
1147 2673 1280 2727 πολὺ
1310 2669 1561 2742 προτερεῖ
1581 2665 1674 2719 καὶ
1711 2661 1927 2731 ὑστερεί

359 2753 434 2834 ἐν.
448 2781 568 2842 ταῖς
602 2774 885 2834 ἀνατολαῖς
917 2771 1013 2825 καὶ
1067 2769 1252 2822 δύσεσι
1284 2763 1391 2817 τῶν
1431 2761 1552 2814 κατ’
1579 2755 1718 2812 αὐτὰ
1761 2753 1924 2807 δωδε-

349 2871 729 2943 ’κατημορίωψ
761 2862 1314 2937 Προσδιασαφήσομεν
1358 2855 1413 2908 δὲ
1451 2855 1537 2922 ἐφ’
1571 2851 1798 2904 ἑκάστου
1830 2845 1926 2899 καὶ

358 2966 422 3017 τό
448 2939 506 3015 τε
540 2939 902 3032 μεσουρανοῦν
932 2957 988 3008 έν
1025 2951 1104 3023 τῷ
1136 2946 1384 3016 ζωδιακῷ
1415 2944 1597 3014 κύκλῳ
1620 2941 1809 3006 ζώδιον
1834 2939 1928 2992 καὶ

343 3055 461 3125 ’τὴν
498 3054 690 3124 μοῖραν
728 3045 891 3102 αὑτοῦ
913 3062 924 3074 ·
961 3041 1098 3115 πρὸς
1141 3042 1197 3094 δὲ
1246 3039 1454 3101 τούτοις
1499 3037 1626 3098 τοὺς
1661 3045 1927 3104 μεσουρα-

344 3121 871 3208 ’νονῦνταςάπλανεῖς
901 3137 1134 3206 ἀστέρας
1169 3135 1226 3185 ὲν
1258 3133 1375 3193 ταῖς
1407 3128 1600 3199 ἀρχαῖς
1624 3125 1718 3177 καὶ
1743 3121 1926 3174 τελευ-

361 3241 481 3299 ταῖς
533 3233 640 3287 τῶν
677 3228 949 3285 ἀνατολῶν
989 3227 1083 3279 καὶ
1111 3222 1315 3277 δύσεων
1350 3219 1660 3289 οἱουδήποτε
1689 3215 1889 3284 ἄστρου
1909 3228 1924 3243 ο
1954 3193 1996 3249 (ἶ

350 3329 459 3381 ’καὶ
503 3325 582 3380 ἔτι
628 3326 685 3377 έν
724 3321 918 3384 πόσαις
949 3317 1118 3389 ὥραις
1160 3313 1498 3384 ίσημεριναῖς
1549 3308 1776 3361 ἕκαστον
1820 3302 1928 3356 τῶν

363 3421 578 3490 ἄστρων
621 3416 655 3487 ἢ
694 3415 857 3478 δύνει,
911 3412 944 3482 ἢ
991 3407 1284 3464 ἀνατέλλει.
1322 3405 1590 3457 Ἐκαστον
1635 3398 1690 3451 δὲ
1727 3395 1929 3450 τούτων

361 3512 766 3583 διασαφήσομεν
783 3504 922 3560 κατὰ
959 3498 1318 3570 συνεγγισμὸν
1344 3496 1450 3560 ’έως
1483 3492 1770 3562 ἀδιαφόρου
1798 3504 1931 3559 παρ-

363 3579 624 3671 αλλαγῆς.
660 3579 804 3650 Διότι
849 3594 957 3664 γὰρ
995 3594 1028 3663 ἡ
1077 3589 1300 3659 τοιαύτη
1346 3583 1699 3658 πραγματεία
1753 3579 1931 3650 πολλῷ

357 3706 422 3748 τε
455 3693 564 3746 τῶν
604 3691 709 3745 ὑπὸ
753 3689 862 3742 τῶν
899 3683 1140 3758 ἀρχαίων
1172 3677 1614 3749 συντεταγμένων
1652 3675 1799 3728 ἐστὶν
1837 3673 1929 3726 εὐ-

356 3784 722 3859 -χρηστοτέρα,
771 3781 865 3834 καὶ
921 3767 1054 3851 πρὸς
1113 3774 1282 3829 πολλὰ
1326 3771 1585 3825 συντείνει
1639 3767 1745 3821 τῶν
1790 3764 1932 3820 κατά

348 3875 720 3948 ἀστρολογίαν
767 3869 1135 3942 θεωρημάτων
1156 3905 1170 3929 ,
1223 3862 1618 3931 εὐκατανόητον
1669 3852 1804 3909 εἷναί
1849 3871 1930 3906 σοι

360 3969 592 4042 νομίζω.

445 4087 508 4139 Ὃ
539 4085 634 4156 μὲν
657 4076 748 4136 οῦν
786 4078 1001 4149 Βοώτης
1032 4069 1410 4127 συνανατέλλει
1444 4065 1522 4138 τῷ
1548 4061 1793 4134 ζωδιακῷ
1825 4061 1932 4115 ἀπὸ

353 4182 466 4253 ’τῆς
497 4153 670 4248 ἀρχῆς
716 4174 815 4243 τῆς
864 4167 1140 4242 Παρθένου
1193 4165 1297 4225 ἕως
1351 4161 1394 4224 ζ’
1445 4158 1534 4212 καὶ
1581 4163 1628 4210 κ’
1666 4154 1775 4226 μοί.
1829 4153 1931 4222 τῆς

361 4239 677 4342 Πά-ρθένούο
728 4239 1046 4336 μεσουρανεῖ
1097 4258 1141 4311 δ’
1199 4252 1574 4312 ἀνατέλλοντος
1615 4245 1779 4302 αὑτοῦ
1837 4239 1931 4297 τοῦ

364 4332 630 4427 ζωδιακοῦ
659 4332 941 4426 τμήματος
972 4349 1080 4403 ἀπὸ
1105 4343 1314 4418 Ταύρου
1342 4342 1384 4406 ζ’
1415 4339 1511 4393 καὶ
1539 4343 1584 4391 κ’
1619 4334 1726 4406 μοί.
1763 4332 1932 4404 μέσης

352 4420 471 4515 in);
502 4420 873 4517 Διδύμων-κζ’
905 4441 1011 4513 μοί.
1055 4439 1165 4492 Καὶ
1212 4435 1427 4507 πρῶτος
1476 4429 1574 4501 μὲν
1626 4424 1800 4496 ἀστὴρ
1840 4420 1932 4475 τοῦ

361 4539 580 4596 ’Βοώτου
630 4515 904 4592 ἀνατέλλει
946 4535 974 4586 6
1022 4532 1078 4582 έν
1121 4532 1185 4599 τῇ
1218 4525 1450 4596 κεφαλῇ,
1479 4524 1702 4592 ἔσχατος
1733 4518 1788 4571 δὲ
1819 4517 1846 4568 6
1877 4515 1934 4565 ὲν

367 4635 445 4705 τῷ
483 4630 639 4701 δεξιῷ
686 4627 824 4682 ποδί.
869 4621 1274 4694 Μεσουρανοῦσι
1318 4619 1373 4671 δὲ
1407 4616 1514 4669 τῶν
1546 4613 1720 4668 ἄλλων
1772 4607 1930 4663 ἀστέ-

368 4699 505 4795 ρων,
557 4699 856 4792 ἀρχομένου
904 4713 999 4784 μὲν
1045 4710 1352 4764 ἀνατέλλειν
1394 4703 1489 4759 τοῦ
1539 4701 1770 4763 Βοώτου,
1810 4699 1839 4750 ὃ
1873 4714 1933 4749 τε

369 4787 661 4887 ἀριστερδς-
681 4787 827 4879 ὦμος
865 4804 958 4858 τοῦ
1000 4803 1250 4873 Ὠρίωνος
1277 4798 1371 4852 καὶ
1403 4799 1431 4850 6
1459 4791 1746 4866 ἀριστερὸς
1775 4787 1932 4852 ποῦς,

363 4880 446 4966 ὡς
489 4880 787 4974 ήμ-ιπήχιον
826 4892 1236 4967 προηγούμενος
1275 4887 1370 4941 τοῦ
1408 4881 1812 4958 μεσημϐρινοῦ’
1844 4880 1939 4951 λή-

371 4972 560 5064 γοντος
600 4993 657 5046 δὲ
702 4988 889 5051 αὑτοῦ,
925 4985 1242 5057 μεσουρανεῖ
1288 4978 1383 5033 τοῦ
1431 4977 1606 5040 Κυνὸς
1648 4978 1676 5029 6
1710 4973 1804 5027 ἐπὶ
1830 4972 1938 5025 τῶν

376 5089 561 5157 ἰσχίων
604 5084 873 5156 λαμπρός.
936 5077 1236 5134 Ἀνατέλλει
1279 5075 1337 5127 δὲ
1384 5073 1504 5134 ὅλος
1547 5072 1576 5122 6
1619 5068 1834 5138 Βοώτης
1881 5066 1940 5117 ὲν

368 5179 538 5250 ὥραις
570 5178 908 5248 ἰσημεριναῖς
932 5173 1084 5226 δυσὶν
1117 5171 1192 5233 ὡς
1226 5168 1472 5236 ἔγγιστα.

440 5290 550 5344 Τοῦ
588 5289 644 5342 δὲ
673 5287 943 5356 Στεφάνου
987 5281 1386 5344 ἀνατέλλοντος,
1424 5275 1798 5331 συνανατέλλει
1838 5272 1938 5345 μὲν

369 5381 522 5451 αὐτῷ
553 5381 647 5433 τοῦ
691 5376 956 5444 ζωδιακοῦ
988 5376 1275 5446 τμήματος
1313 5368 1420 5424 ἀπὸ
1451 5367 1728 5439 Παρθένου
1769 5365 1812 5430 ζ’
1843 5365 1938 5419 καὶ

335 5481 418 5526 ’κ’
459 5474 568 5544 μοί.
612 5472 716 5535 ἕως
752 5470 946 5540 Χηλῶν
992 5475 1032 5520 ε’
1089 5461 1198 5537 μοί.
1253 5463 1458 5536 μέσης·
1505 5460 1828 5531 μεσουρανεϊ
1880 5456 1938 5510 δὲ

371 5566 482 5618 ἀπὸ
540 5563 786 5634 Διδύμων
833 5563 885 5626 ς’
929 5559 1023 5614 καὶ
1074 5565 1121 5612 κ’
1159 5552 1266 5628 μοί.
1324 5556 1495 5626 μέσης
1531 5552 1634 5614 ἓως
1663 5549 1938 5620 Καρκίνου

377 5653 488 5718 μοί.
524 5659 564 5706 ε’
601 5653 789 5723 μέσης.
821 5651 931 5703 Καὶ
963 5647 1176 5721 πρῶτος
1206 5646 1302 5717 μὲν
1334 5645 1509 5715 ἀστὴρ
1538 5639 1812 5698 ἀνατέλλει
1840 5636 1937 5692 τοῦ

459 5807 506 5840 ⁸⁸
535 5825 621 5879 no.
662 5806 820 5877 μέχρι
850 5803 973 5861 τῶν,

1967 4571 2014 4629 D

2012 567 2136 621 dem
2180 582 2306 620 cum
2340 563 2734 635 apparentibus
2772 569 3140 632 congruenter
3184 560 3254 614 ab
3286 559 3395 615 illis
3432 559 3580 613 dicta

2010 665 2159 714 sunt.
2595 657 2605 685 ³

2082 749 2252 819 Igitur
2283 763 2405 817 quise
2457 763 2523 802 ex
2565 746 2720 799 Arati
2753 746 3075 815 Eudoxique
3127 744 3367 800 decretis
3417 759 3584 814 super

2013 840 2388 908 apparentium
2449 837 2663 892 ratione
2723 837 2886 906 digna
2949 837 3082 889 mihi
3134 836 3586 890 consideratione

2013 929 2505 997 observationeque
2536 929 2654 982 visa
2687 936 2838 989 sunt,
2874 927 2991 980 bch
3040 929 3433 995 propemodum
3468 925 3585 979 fuc-

2012 1030 2163 1074 runt.
2192 1019 2463 1087 Deinceps
2501 1032 2628 1071 vero
2660 1020 2727 1070 de
2762 1031 3091 1085 unaquaque
3119 1017 3404 1070 stellarum
3435 1016 3585 1069 iner-

2013 1112 2255 1166 rantium
2287 1109 2600 1163 summatim
2651 1108 2960 1162 disseram:
2990 1123 3099 1177 quo
3148 1122 3272 1160 cum
3305 1107 3462 1176 signo
3516 1108 3586 1162 de

2015 1201 2304 1257 duodecim
2337 1201 2548 1254 oriatur
2606 1206 2701 1252 aut
2751 1198 3003 1264 occidat;
3037 1206 3205 1268 quota
3259 1199 3329 1252 ab
3372 1200 3585 1254 zodiaci

2016 1305 2171 1368 parte
2201 1294 2491 1364 incipiens,
2523 1295 2577 1346 in
2613 1301 2779 1363 quota
2809 1294 2942 1347 oriri
2967 1295 3051 1348 vel
3085 1292 3335 1348 occidere
3365 1294 3584 1348 desinat

2017 1385 2165 1438 circa
2190 1381 2412 1436 Graeciae
2441 1390 2700 1446 tractum,
2734 1390 2827 1435 aut
2863 1382 3172 1451 ubicunque
3205 1382 3440 1436 maxima
3466 1383 3587 1440 dies

2017 1476 2101 1532 est
2158 1474 2416 1528 horarum
2474 1474 2936 1544 aequinoctialium
2991 1473 3406 1543 quatuordecim
3457 1489 3586 1529 cum

2018 1567 2263 1623 dimidia.
2287 1567 2530 1634 Quorum
2575 1567 2824 1623 omnium
2884 1567 3206 1637 singillatim
3243 1567 3587 1622 demonstra-

2019 1659 2220 1714 tionem
2246 1659 2319 1712 ita
2353 1659 2408 1712 in
2439 1659 2560 1714 aliis
2585 1659 2998 1714 commentariis
3031 1661 3407 1729 exposuimus,
3439 1667 3499 1714 ut
3528 1661 3586 1714 in

2019 1752 2170 1805 omni
2213 1749 2326 1806 fere
2355 1760 2624 1806 terrarum
2658 1749 2807 1805 Orbis
2843 1751 2961 1805 loco
2995 1759 3315 1815 coortuum,
3343 1761 3396 1807 et
3421 1767 3588 1806 cooc-

2019 1854 2248 1899 casuum
2281 1843 2601 1898 discrimina
2624 1848 2775 1898 certa
2801 1843 2981 1912 possis
3002 1844 3213 1898 ratione
3241 1846 3530 1916 consequi.

2092 2018 2234 2076 XIX.
2265 2019 2510 2074 Primum
2539 2020 2706 2090 igitur
2734 2020 3035 2075 borealium
3078 2021 3318 2076 siderum
3349 2030 3504 2076 ortus
3534 2031 3589 2077 et

2019 2123 2252 2167 Occasus
2271 2113 2697 2199 explicabimus,
2731 2128 2870 2182 quos
2895 2127 3018 2166 cum
3067 2112 3292 2167 zodiaco
3321 2113 3533 2167 faciunt
3567 2132 3584 2170 :

2019 2213 2136 2259 tum
2170 2206 2492 2260 australium
2529 2222 2541 2257 :
2575 2214 2851 2276 postremo
2877 2207 3155 2274 signorum
3178 2207 3422 2274 ipsorum
3450 2207 3588 2260 duo-

2021 2295 2218 2350 decim.
2244 2294 2317 2348 De
2345 2295 2574 2350 stellatis
2600 2295 2762 2365 128
2787 2303 2963 2348 autem
2999 2296 3292 2365 loquimur,
3329 2296 3590 2366 quoniam

2021 2386 2284 2442 nonnulla
2331 2393 2482 2452 sunt,
2515 2401 2638 2456 quae
2688 2386 3008 2455 ampliorem
3057 2387 3384 2441 duodecima
3435 2397 3591 2457 parte

2023 2480 2204 2533 locum
2261 2484 2552 2546 occupant,
2583 2478 2834 2546 quadam
2896 2479 3182 2532 minorem.
3228 2475 3435 2532 Deinde
3483 2479 3590 2532 alia

2025 2569 2185 2638 longe
2229 2568 2404 2635 magis
2453 2567 2521 2621 ad
2569 2567 2973 2637 septentriones
2998 2607 3012 2630 ,
3049 2573 3389 2629 austrumve,
3426 2582 3591 2638 quam

2025 2661 2304 2722 zodiacus,
2326 2659 2628 2728 vergentia,
2662 2660 2826 2729 longo
2857 2659 3045 2713 itidem
3089 2659 3269 2729 spatio
3298 2658 3593 2713 dodecate-

2025 2753 2199 2805 moria
2234 2765 2333 2805 sua
2367 2759 2717 2820 praevertunt,
2747 2759 2843 2804 aut
2876 2757 3200 2818 sequuntur.
3238 2748 3505 2804 Praeterea
3535 2751 3593 2804 in

2027 2843 2258 2913 singulis
2284 2858 2617 2913 exponemus
2633 2842 2776 2912 quod
2805 2843 3017 2913 signum
3047 2842 3098 2895 in
3129 2843 3352 2896 zodiaco
3381 2843 3593 2897 circulo

2026 2938 2263 2992 medium
2303 2937 2429 2990 caeli
2462 2945 2664 3002 teneat,
2698 2943 2751 2989 et
2797 2950 3042 3005 quaenam
3074 2950 3200 3003 pars
3240 2934 3407 2988 illius.
3458 2934 3592 2989 Item

2026 3044 2273 3100 quamam
2301 3029 2530 3083 lixarum
2551 3029 2836 3084 stellarum
2870 3028 3171 3081 culminent
3210 3028 3266 3080 in
3299 3034 3520 3081 ortuum
3539 3034 3595 3080 et

2027 3135 2322 3177 occasuum
2348 3121 2543 3185 initiis,
2569 3135 2632 3173 ac
2661 3120 2860 3176 ﬁnibus
2890 3118 3088 3173 sideris
3121 3118 3449 3187 cujuslibet;
3469 3124 3589 3170 tum

2031 3221 2162 3283 quot
2192 3214 2455 3267 horarum
2477 3212 2825 3282 aaquabilium
2866 3211 3042 3280 spatio
3065 3210 3490 3280 unumquodque
3519 3209 3596 3262 si-

2030 3306 2132 3360 dus
2167 3306 2394 3371 oriatur,
2417 3310 2512 3357 aut
2532 3302 2764 3357 occidat.
2797 3300 3038 3367 Quorum
3082 3301 3325 3356 omnium
3351 3303 3594 3356 rationes

2029 3412 2194 3467 quam
2235 3397 2479 3466 proxime
2513 3394 2628 3449 fieri
2673 3395 2876 3463 poterit
2907 3393 3187 3459 inibimus,
3221 3393 3368 3445 nulla
3403 3400 3462 3445 ut
3487 3391 3595 3447 dif-

2030 3491 2259 3547 ferentia
2315 3491 2490 3559 possit
2537 3487 2778 3557 agnosci.
2828 3485 2980 3539 Hanc
3028 3500 3156 3539 vero
3211 3484 3593 3538 tractationem

2031 3600 2154 3638 cum
2193 3584 2450 3639 omnibus
2502 3581 2570 3636 iis
2604 3594 2724 3650 qua:
2773 3579 2843 3632 ab
2877 3577 3116 3647 antiquis
3145 3576 3425 3631 elaborata
3463 3581 3595 3630 sunt

2033 3679 2319 3740 hactenus,
2350 3676 2417 3729 ad
2466 3689 2627 3728 usum
2666 3671 2966 3726 faciliorem
3002 3684 3145 3734 esse,
3180 3675 3298 3723 tum
3332 3667 3400 3721 ad
3429 3682 3594 3737 quam

2033 3770 2269 3841 plurima
2311 3769 2363 3822 in
2397 3765 2692 3834 astrologia
2734 3764 3070 3817 theoremata
3111 3761 3402 3830 pertinere,
3435 3757 3598 3815 facile

2033 3868 2130 3920 abs
2155 3875 2208 3919 te
2243 3860 2596 3917 animadverti
2627 3858 2836 3928 judico.

2103 4066 2288 4133 Itaque
2316 4062 2510 4115 Bootes
2541 4058 2718 4111 oritur
2747 4069 2870 4110 cum
2900 4051 3108 4108 zodiaci
3139 4057 3293 4122 parte
3327 4048 3440 4107 illa.
3475 4061 3598 4116 quae

2033 4160 2101 4214 ab
2124 4131 2280 4212 initio
2311 4153 2552 4223 Virginis
2579 4150 2790 4220 incipit,
2823 4161 2996 4215 usque
3021 4144 3086 4196 ad
3115 4144 3234 4210 ejus
3268 4131 3475 4209 partem
3505 4137 3594 4190 27.

2032 4250 2305 4306 Culminat
2335 4256 2514 4299 autem
2565 4243 2777 4297 oriente
2824 4238 2918 4291 illo
2967 4233 3176 4289 zodiaci
3232 4237 3596 4300 segmentum,

2032 4341 2176 4412 quod
2203 4346 2287 4393 est
2335 4352 2366 4390 a
2417 4332 2581 4388 Tauri
2615 4329 2872 4386 vicesima
2918 4325 3147 4394 septima
3193 4327 3348 4390 parte
3392 4317 3594 4379 media,

2034 4408 2208 4503 usque
2245 4430 2311 4484 ad
2345 4425 2695 4483 Geminorum
2720 4421 2809 4473 27.
2839 4417 3020 4470 Prima
3057 4413 3214 4468 stella
3263 4411 3445 4464 Bootae
3487 4408 3600 4461 oria-

2037 4499 2137 4579 tur_
2163 4539 2248 4586 ea,
2281 4535 2400 4591 qua:
2424 4525 2506 4573 est
2536 4517 2592 4569 in
2612 4513 2820 4582 capite;
2846 4509 3034 4562 ultima
3058 4518 3176 4573 quae
3203 4511 3287 4556 est
3317 4501 3370 4554 in
3406 4499 3600 4552 dextro

2037 4618 2192 4688 pede.
2223 4590 2464 4667 Aliorum
2501 4607 2764 4666 siderum,
2793 4608 2974 4656 ortum
3009 4598 3228 4650 ineunte
3261 4592 3449 4656 Boote,
3483 4590 3602 4644 cul-

2036 4706 2209 4761 minat
2257 4701 2479 4756 sinister
2536 4696 2798 4749 humerus
2839 4687 3079 4749 Orionis,
3112 4692 3166 4739 ct
3216 4683 3438 4738 sinister
3479 4694 3598 4748 pes,

2036 4797 2131 4868 qui
2165 4789 2526 4850 semicubitali
2569 4783 2856 4842 intervallo
2888 4777 3250 4834 meridianum
3296 4771 3602 4834 antecedit;

2039 4890 2145 4947 sub
2191 4895 2346 4942 ortus
2379 4883 2540 4938 ﬁnem
2570 4872 3051 4935 culminatlucida,
3075 4884 3195 4940 quae
3214 4874 3297 4922 est
3320 4867 3373 4920 in
3399 4865 3604 4920 femore

2035 4980 2220 5037 Canis.
2249 4977 2418 5032 Totus
2438 4974 2616 5028 oritur
2649 4969 2852 5024 Bootes
2876 4965 3028 5020 horis
3059 4964 3171 5018 fere
3190 4959 3403 5014 duabus
3421 4970 3605 5026 requa-

2040 5076 2204 5130 libus.

2111 5273 2326 5327 Corona
2379 5266 2612 5330 oriente,
2661 5257 2869 5314 zodiaci
2924 5267 3084 5308 arcus
3125 5250 3304 5305 oritur
3353 5260 3384 5298 a
3436 5240 3607 5312 gradu

2040 5363 2282 5435 Virginis
2322 5359 2388 5413 Ἦ
2448 5368 2620 5426 usque
2665 5350 2732 5404 ad
2769 5346 3005 5403 medium
3051 5343 3084 5397 5
3123 5341 3448 5397 Chelarum;
3489 5333 3608 5385 cnl-

2045 5454 2218 5510 minat
2249 5466 2280 5505 a
2319 5447 2498 5504 medio
2527 5445 2598 5497 27
2627 5441 2980 5496 Geminorum
3003 5473 3018 5496 ,
3064 5445 3240 5500 usque
3290 5425 3355 5478 ad
3409 5420 3608 5478 Cancri

2043 5544 2284 5601 medium
2338 5540 2392 5594 5.
2454 5535 2635 5590 Prima
2684 5522 2911 5586 Coronaé
2955 5523 3113 5579 stella
3163 5519 3338 5574 oritur
3389 5531 3451 5570 ea
3492 5529 3616 5582 quae

2042 5631 2544 5710 splendidissimam
2590 5621 2881 5700 praecedit,
2912 5617 3104 5675 ultima
3148 5627 3302 5678 vero,
3339 5608 3618 5666 borealior
