4132 6410
550 371 578 424 Ἰ
591 373 694 427 095

1540 369 1632 424 AD
1672 368 1936 424 EUSEBII
1973 364 2370 426 CHRONICON
2407 369 2766 427 APPENDlX.

3670 372 3812 430 1096

551 504 742 544 earum
783 503 903 559 qua!
941 503 972 542 a
1015 488 1458 558 splendidissima
1513 491 1783 545 orientem
1835 504 2032 544 versus
2075 495 2127 542 et

2235 491 2505 558 Στεφάνου
2531 491 2559 542 6
2593 491 3000 562 προηγούμενος
3027 484 3120 541 τοῦ
3149 485 3554 559 λαμπροτάτου,
3584 486 3812 560 ἔσχατος

547 577 728 634 'llrsas
762 579 1046 634 ret-edunt.
1077 579 1192 634 Sub
1209 581 1595 635 ortusinitium
1626 582 1893 636 culminat
1922 597 1984 636 ea
2009 597 2130 651 qua:

549 678 638 725 est
666 672 726 723 in
767 669 974 724 femore
1002 671 1204 737 Canis;
1249 681 1526 742 postrema
1560 687 1714 734 vero,
1764 671 1964 736 lucida,
2007 686 2130 742 qua:

544 759 724 833 Hidri
752 770 911 830 caput
936 763 1194 830 przccedit
1228 780 1240 814 :
1277 778 1397 832 qua:
1425 763 1646 834 quidem
1662 763 1860 818 Cancri
1893 775 1946 819 et
1977 763 2130 820 Urse

551 851 830 906 borealior
860 861 943 906 est
971 852 1203 906 duarum
1235 855 1542 919 stellarum,
1578 870 1699 923 quae
1744 855 1798 909 in
1833 856 2128 910 anteriori-

454 938 494 973 "
543 939 658 996 ‘hus
690 941 922 1011 pedibus
955 943 1075 996 sitae
1102 952 1266 1010 sunt;
1298 945 1550 1015 proxime
1593 945 1790 1001 deinde
1821 947 2126 1012 stellarum,

551 1047 677 1102 quae
723 1035 870 1087 circa
926 1034 1182 1089 nebulam
1223 1034 1425 1090 Cancri
1483 1043 1636 1102 sunt,
1670 1037 1738 1092 ad
1787 1037 2127 1094 occidentem

540 1123 764 1192 ‘positae.
825 1123 1016 1179 Oritur
1081 1125 1300 1183 Corona
1371 1129 1628 1200 partibus
1688 1129 1905 1186 duabus
1965 1131 2129 1186 unius

553 1215 722 1270 horae.

623 1415 846 1470 Oriente
861 1414 1178 1487 lngeniculo
1191 1417 1371 1470 oritur
1393 1432 1517 1472 cum
1545 1434 1613 1473 eo
1635 1419 1843 1474 zodiaci
1875 1436 2122 1480 segmen-

537 1516 667 1562 Itum
698 1507 846 1578 quod
880 1520 964 1562 est
1016 1523 1050 1564 a
1097 1517 1251 1579 parte
1298 1509 1366 1563 12
1421 1508 1664 1582 Virginis
1715 1510 1782 1564 ad
1836 1512 2128 1568 mediam8

540 1599 790 1669 Scorpii.
825 1600 1104 1654 Culminat
1148 1609 1330 1656 autem
1376 1617 1406 1654 a
1455 1603 1636 1657 media
1683 1601 1723 1657 ’8
1771 1599 2126 1659 Geminorum

553 1709 726 1764 usque
755 1691 824 1746 ad
846 1691 1056 1747 Leonis
1081 1693 1318 1763 gradum
1351 1693 1420 1749 M
1449 1694 1639 1764 prima:
1685 1694 1942 1750 oriuntur
1985 1704 2129 1750 aste-

551 1785 708 1841 rismi
752 1784 919 1855 hujus
969 1785 1162 1850 ambae,
1193 1800 1430 1854 quarum
1483 1786 1656 1840 altera
1704 1799 1789 1842 est
1827 1787 1883 1840 in
1935 1787 2128 1842 dextro

551 1876 710 1948 pede,
762 1877 933 1932 altera
969 1877 1023 1930 in
1067 1877 1260 1932 dextro
1291 1893 1468 1948 genu,
1517 1877 1730 1944 ultima,
1759 1893 1882 1948 quae
1929 1879 1984 1934 in
2029 1894 2127 1935 ex-

551 1981 723 2024 trema
741 1985 904 2025 manu
927 1970 1175 2026 sinistra.
1193 1969 1476 2026 Culminat
1490 1986 1554 2026 ex
1573 1971 1699 2027 aliis
1721 1972 1892 2027 stellis
1919 1971 2130 2028 oriente

551 2063 888 2134 lngeniculo,
920 2077 983 2119 ea
1035 2065 1274 2134 primum
1326 2079 1450 2134 quae
1485 2079 1553 2119 ex
1602 2073 1840 2134 quatuor
1865 2064 1932 2120 ad
1964 2067 2129 2135 pedes

540 2154 908 2209 'Genn'norum
949 2154 1073 2209 sitis
1105 2153 1349 2210 secunda
1381 2162 1470 2211 est
1499 2155 1570 2209 ab
1603 2155 1918 2222 occidente;
1945 2156 2130 2213 novis-

552 2247 693 2300 sima
723 2247 1019 2301 australior
1040 2246 1323 2301 ambarum
1346 2247 1401 2300 in
1432 2246 1638 2310 Leone,
1669 2263 1792 2317 quae
1813 2250 1957 2302 circa
1985 2249 2128 2303 lum-

552 2339 746 2393 borum
781 2338 1120 2408 splendidam
1153 2339 1345 2408 posita:
1379 2346 1528 2393 sunt.
1561 2337 1746 2392 Oritur
1777 2339 2127 2410 lngeniculus

541 2431 733 2500 spatio
761 2430 1022 2485 horarum
1057 2429 1113 2498 4,
1144 2429 1227 2484 36'
1249 2426 1382 2486 fere.

622 2629 738 2685 XX.
771 2628 910 2686 Cum
942 2627 1263 2700 Ophiuchus
1310 2628 1519 2691 oritur,
1565 2627 1772 2683 zodiaci
1823 2643 1986 2684 arcus
2035 2630 2128 2687 ille

553 2723 719 2779 simul
745 2722 1010 2788 ascendit,
1041 2721 1136 2792 qui
1165 2727 1250 2776 est
1277 2736 1305 2774 a
1339 2721 1410 2776 29
1439 2720 1733 2776 Chelarum
1763 2722 1830 2776 ad
1861 2722 1933 2776 23
1965 2721 2128 2778 Scor-

546 2814 650 2886 pii.
675 2811 952 2866 Culminat
982 2826 1013 2865 a
1049 2811 1250 2868 Leonis
1277 2813 1310 2866 5
1331 2812 1504 2882 gradu
1541 2811 1610 2866 ad
1639 2811 1883 2883 Virginis
1913 2813 1980 2880 5;
2013 2814 2128 2884 pri-

495 2886 500 2891 ,
553 2920 657 2962 ma:
671 2907 925 2959 oriuntur
945 2903 1092 2960 illius
1113 2904 1304 2967 stellae,
1322 2919 1446 2974 quae
1463 2905 1518 2958 in
1541 2904 1764 2959 sinistra
1785 2920 1947 2959 manu
1967 2914 2122 2961 sunt:

484 3006 508 3020 ‘
545 3004 670 3050 enim
717 3010 840 3066 quae
891 2995 949 3051 in
1003 2995 1296 3066 Serpente;
1352 3003 1628 3066 postrema
1668 2998 1844 3052 oritur
1887 3000 2126 3055 secunda

552 3103 752 3144 versus
785 3102 1046 3144 occasum
1105 3102 1172 3144 ex
1203 3094 1462 3158 quatuor,
1508 3103 1631 3158 qua:
1671 3095 1802 3145 sunt
1851 3089 1908 3144 in
1951 3091 2126 3162 i-psius

2227 581 2284 634 δὲ
2305 583 2335 634 6
2360 581 2694 654 βορειότερος
2723 584 2831 636 τῶν
2852 583 2927 646 ὡς
2957 582 3093 653 πρὸς
3121 581 3386 644 ἀνατολὰς
3414 580 3511 634 καὶ
3537 583 3811 652 ’Δρκτοιις

2229 673 2498 743 κειμένων
2548 673 2642 726 τοῦ
2691 673 3090 746 λαμπροτάτου.
3148 673 3487 744 Μεσουρανεῖ
3525 672 3586 726 δὲ
3630 673 3813 745 ἀστὴρ
3863 687 3868 692 “

2228 763 2286 814 ὲν
2323 762 2421 832 μὲν
2458 764 2522 833 τῇ
2552 763 2693 833 ἀρχῇ
2727 763 2824 832 τῆς
2855 762 3114 832 ἀνατολῆς
3153 760 3246 813 τοῦ
3277 759 3453 822 Κυνὸς
3499 760 3530 811 6
3575 761 3667 812 ἐπὶ
3697 759 3812 812 τῶν

2232 853 2438 923 ἰσχίων,
2485 853 2712 920 ἔσχατος
2749 854 2806 907 δὲ
2835 855 2864 906 6
2897 851 3305 925 προηγούμενος
3331 853 3431 922 τῆς
3468 851 3565 904 τοῦ
3602 851 3808 922 ’Υδρου

2226 945 2486 1016 κεφαλῆς,
2517 947 2546 999 6
2577 947 2839 1017 ἐκφανὴς,
2879 948 2938 1009 ὃς
2981 948 3098 998 ἐστι
3132 945 3225 998 τοῦ
3273 945 3550 1016 Καρκίνου
3581 943 3678 997 καὶ
3709 943 3811 1014 τῆς

2232 1037 2469 1108 Ἄρκτου
2499 1039 2528 1090 6
2563 1036 2897 1108 βορειότερος
2923 1035 3032 1090 τῶν
3067 1039 3125 1090 ἐν
3151 1039 3263 1098 τοῖς
3293 1033 3646 1106 ἐμπροσθίοις
3677 1032 3811 1086 ποσὶ

2224 1129 2320 1184 δύο
2349 1130 2592 1202 ἀστέρων
2620 1131 2698 1160 ³⁷⁸
2732 1129 2957 1199 ἔγγιστα
2999 1129 3057 1182 δὲ
3105 1129 3202 1182 καὶ
3244 1129 3352 1181 τῶν
3392 1127 3521 1199 περὶ
3551 1127 3614 1180 τὸ
3646 1127 3808 1196 νεφέ-

2225 1220 2338 1274 λιον
2361 1221 2456 1274 τοῦ
2479 1220 2756 1292 Καρκίνου
2784 1221 3050 1291 κειμένων
3076 1222 3124 1274 ol
3151 1220 3288 1292 πρὸς
3309 1218 3483 1272 δύσιν.
3503 1217 3808 1272 ’Δνατέλλει

2225 1311 2284 1364 δὲ
2310 1311 2340 1364 6
2371 1312 2641 1382 Στέφανος
2674 1313 2732 1366 ἐν
2763 1311 2884 1364 δυσὶ
2914 1312 3105 1383 μέρεσι
3142 1317 3190 1364 α’
3221 1309 3389 1382 ὥρας.

2299 1425 2405 1479 Τοῦ
2455 1425 2512 1478 δὲ
2561 1426 2648 1479 Ἐν
2692 1426 2911 1495 γόνασιν
2956 1421 3358 1486 ἀνατέλλοντος,
3422 1420 3808 1476 συνανατέλλει

2230 1517 2328 1588 μὲν
2358 1519 2387 1572 6
2418 1517 2679 1582 ζωδιακὸς
2709 1517 2818 1572 ἀπὸ
2848 1517 3121 1588 Παρθένου
3154 1517 3264 1587 μοι.
3299 1516 3366 1586 ιβ’
3393 1515 3498 1578 ἓως
3535 1514 3805 1586 Σκορπιου

2229 1609 2341 1680 μοι.
2381 1615 2429 1680 η’
2477 1609 2681 1681 μέσηςτ
2725 1612 3050 1680 μεσουρανεῖ
3091 1608 3148 1661 δὲ
3188 1608 3296 1662 ἀπὸ
3328 1606 3574 1678 Διδύμων
3621 1613 3671 1678 η’
3709 1607 3808 1677 μέ·-

2229 1720 2330 1776 σης
2377 1703 2482 1768 ἓως
2529 1703 2754 1768 Λέοντος
2807 1701 2866 1757 ιδ’
2903 1703 3012 1774 μοι.
3051 1702 3161 1755 Καὶ
3192 1701 3400 1776 πρῶτοι
3443 1700 3542 1771 μὲν
3572 1700 3806 1772 ἀστέρες

2227 1773 2319 1848 τοῦ
2371 1796 2458 1848 Ἐν
2506 1795 2763 1864 γούνασιν
2814 1773 3218 1856 ἀνατέλλουσιν,
3268 1773 3300 1847 6
3333 1809 3392 1846 τε
3428 1793 3487 1845 ὲν
3516 1791 3595 1863 τῷ
3643 1790 3807 1862 δεξιῷ

2231 1887 2351 1940 ποδὶ
2379 1887 2473 1940 καὶ
2497 1886 2526 1938 6
2557 1887 2615 1939 ἐν
2647 1885 2724 1956 τῷ
2742 1883 2900 1955 δεξιῷ
2932 1884 3140 1953 γόνατι,
3179 1883 3403 1954 ἔσχατος
3432 1882 3489 1935 δὲ
3517 1884 3546 1936 6
3577 1884 3636 1936 ἐν
3655 1881 3807 1955 ἄκρᾳ.

2227 1982 2293 2050 τῇ
2322 1979 2588 2052 ἀριστερᾷ
2618 1978 2778 2049 χειρί.
2824 1977 3164 2048 Μεσουρανεῖ
3199 1975 3256 2028 δὲ
3293 1975 3401 2028 τῶν
3440 1973 3612 2030 ἄλλων
3647 1972 3806 2026 ἀστέ-

2227 2088 2362 2144 ρων,
2415 2071 2795 2134 ἀνατέλλοντος
2848 2069 3073 2138 τοῦ,Ἐν
3124 2067 3384 2137 γούνασι,
3435 2066 3651 2137 πρῶτος
3703 2065 3806 2136 μὲν

2225 2161 2334 2215 τῶν
2367 2162 2424 2216 ὲν
2449 2163 2561 2225 τοῖς
2587 2160 2710 2213 ποσὶ
2741 2159 2848 2212 τῶν
2875 2157 3121 2228 Διδύμων
3156 2156 3219 2222 δ’,
3245 2155 3538 2228 όδεύτερος
3573 2156 3682 2210 ἀπὸ
3708 2154 3805 2211 δύ-

2229 2270 2385 2316 σεως,
2421 2253 2646 2324 ἔσχατος
2697 2252 2753 2304 δὲ
2798 2249 2893 2304 τοῦ
2939 2252 3165 2313 Λέοντος
3195 2252 3224 2304 6
3267 2247 3582 2320 νοτιώτερος
3612 2247 3722 2301 τῶν
3757 2249 3803 2318 β’

2225 2344 2334 2395 τῶν
2367 2343 2494 2414 ’περὶ⁸
2522 2342 2611 2395 τὸν
2636 2342 2889 2413 λαμπρὸν
2915 2341 3006 2395 τὸν
3031 2341 3124 2394 ἐπὶ
3162 2341 3260 2410 τῆς
3290 2338 3490 2408 ὀσφύος
3527 2338 3800 2409 κείμενον.

2239 2433 2540 2486 Ἀνατέλλει
2567 2433 2625 2486 δὲ
2659 2435 2689 2486 6
2728 2434 2819 2486 Ἐν
2851 2434 3102 2501 γούνασιν
3157 2433 3215 2485 έν
3243 2429 3414 2503 ὥραις
3447 2431 3493 2484 δ’
3534 2431 3629 2484 καὶ
3653 2430 3804 2502 τρισὶ

2228 2541 2296 2580 πε
2303 2527 2669 2598 μπτημορίοις
2697 2525 2774 2590 ὡς
2802 2525 3050 2596 ἔγγιστα.

2298 2641 2383 2696 ις’.
2424 2641 2531 2695 Τοῦ
2581 2640 2641 2694 δὲ
2673 2639 2956 2711 Ὀφιούχου
2985 2639 3388 2706 ἀνατέλλοντος,
3426 2639 3803 2694 συνανατέ).λει

2233 2734 2336 2806 μὲν
2372 2735 2401 2787 6
2427 2732 2692 2797 ζωδιακὸς
2717 2731 2827 2785 ἀπὸ
2859 2731 3052 2802 Χηλῶν
3095 2731 3140 2785 θ’
3163 2733 3258 2786 καὶ
3284 2737 3332 2785 κ’
3357 2731 3466 2802 μοί.
3495 2731 3600 2788 ἕως
3632 2731 3805 2801 Σκορ-

2236 2825 2362 2877 πιου
2399 2821 2509 2894 μοί.
2543 2829 2658 2892 κγ’·
2717 2823 3038 2895 μεσουρανεῖ
3079 2821 3137 2874 δὲ
3183 2821 3290 2875 ἀπὸ
3331 2820 3558 2884 Λέοντος
3601 2826 3652 2890 γ’
3689 2821 3804 2891 μοι.

2223 2917 2331 2982 ἓως
2366 2915 2639 2987 Παρθένου
2679 2914 2744 2968 λ’.
2795 2915 2907 2968 Καὶ
2939 2913 3147 2986 πρῶτοι
3184 2913 3284 2986 μὲν
3315 2913 3543 2984 ἀστέρες
3573 2912 3804 2966 ἀνατέλ-

2227 3009 2373 3062 λουσι
2399 3006 2494 3060 τοῦ
2533 3005 2822 3078 Ὀφιούχου
2852 3007 2903 3059 οἱ
2948 3009 3006 3060 ὲν
3036 3009 3102 3078 τῇ
3148 2991 3414 3078 ἀριστερᾷ
3456 3005 3598 3076 χειρί
3618 3021 3632 3034 ·
3665 3003 3804 3058 ἀλλὰ

2233 3099 2338 3171 μὴν
2367 3099 2459 3152 καὶ
2485 3099 2536 3152 οἱ
2572 3098 2632 3151 ὲν
2663 3097 2741 3169 τῷ
2771 3101 2930 3168 Ὀφει
2963 3097 3204 3169 κείμενοι
3223 3115 3237 3130 ·
3267 3098 3494 3168 ἔσχατος
3529 3097 3586 3150 δὲ
3609 3097 3720 3151 τῶν
3743 3100 3803 3151 ἐν

551 3181 746 3237 dextro
777 3181 944 3250 pede;
970 3181 1238 3234 culminat
1261 3181 1412 3251 prior
1440 3179 1622 3235 lucida
1643 3196 1830 3236 earum
1857 3199 1978 3254 qua:
1997 3194 2125 3240 sunt

2227 3191 2304 3264 τῷ
2327 3189 2484 3262 δεξιῷ
2519 3190 2640 3244 1:061
2679 3191 2846 3246 αὑτοῦ
2873 3191 2916 3245 δ’
2953 3193 2982 3244 6
3013 3191 3057 3262 β’
3086 3191 3194 3246 ἀπὸ
3233 3191 3458 3254 δύσεως,
3516 3191 3804 3262 Μεσουρα-

548 3273 608 3327 in
641 3273 803 3337 collo,
845 3279 901 3327 et
928 3281 1152 3342 pectore
1170 3269 1394 3338 Leonis,
1425 3287 1548 3342 quae
1575 3278 1662 3327 est
1691 3272 1760 3327 ad
1791 3276 2128 3344 septentrio-

551 3377 674 3418 nem
706 3361 970 3426 secunda,
1027 3361 1328 3417 novissima
1378 3377 1531 3427 vero,
1581 3379 1704 3434 quae
1732 3366 1788 3420 in
1819 3367 1999 3436 capite
2039 3375 2126 3424 est

540 3455 735 3511 Corvi.
762 3452 950 3510 Oritur
981 3451 1314 3524 Ophiuchus
1351 3453 1504 3510 horis
1533 3453 1766 3513 duabus.

623 3649 758 3706 Cum
795 3659 1072 3722 serpente,
1098 3669 1258 3723 quem
1279 3652 1614 3724 Ophiuchus
1635 3664 1806 3722 tenet,
1833 3660 2013 3715 oritur
2035 3677 2124 3716 an-

551 3759 653 3798 cus
683 3744 894 3799 zodiaci
914 3745 985 3800 ab
1009 3745 1043 3800 8
1072 3755 1226 3815 parte
1251 3748 1544 3804 Chelarum
1567 3766 1740 3822 usque
1768 3754 1833 3806 ad
1856 3763 2064 3824 partem
2093 3756 2118 3812 1

546 3835 792 3890 mediam
843 3834 1144 3908 Sagittarii.
1173 3837 1454 3895 Culminat
1501 3843 1570 3898 ab
1609 3843 1644 3898 8
1693 3845 1870 3900 media
1923 3847 2124 3904 Cancri

555 3926 625 3979 ad
666 3926 907 3996 Virginis
951 3928 1041 3983 14.
1073 3927 1258 3984 Prima
1290 3935 1572 4004 consurgit
1613 3936 1766 3991 stella
1811 3939 2124 4008 praeceden-

549 4018 692 4072 tium
719 4017 1010 4084 borealior,
1042 4036 1164 4091 quae
1196 4022 1250 4076 in
1284 4021 1458 4092 ipsius
1488 4025 1667 4096 capite
1700 4038 1862 4095 sunt;
1907 4033 2120 4098 ultima,

547 4125 677 4180 quae
701 4118 787 4166 est
837 4111 894 4166 in
942 4119 1182 4168 extrema
1233 4113 1429 4170 cauda.
1462 4116 1740 4174 Culminat
1778 4123 1930 4193 prior
1967 4125 2125 4180 stella

555 4203 761 4267 lucida,
797 4219 919 4274 quae
959 4213 1042 4260 est
1071 4205 1128 4260 in
1153 4206 1498 4264 extremitate
1523 4209 1724 4282 Argus,
1758 4215 2124 4270 semicubitali

550 4296 735 4365 spatio
768 4295 992 4352 circiter
1018 4295 1234 4353 distans
1261 4312 1295 4353 a
1326 4300 1650 4368 meridiano,
1670 4313 1982 4374 postremus
2006 4308 2125 4364 eul-

553 4387 727 4441 minat
759 4385 1156 4454 Vindemiator,
1195 4396 1250 4444 et
1281 4389 1554 4447 borealior
1579 4392 1840 4452 humerus
1857 4395 2120 4470 Virginis,

553 4485 787 4548 utraque
832 4480 990 4534 stella
1039 4481 1350 4536 semicubiti
1381 4480 1506 4538 fere
1559 4484 1847 4542 intervallo
1887 4487 2058 4546 distat
2089 4505 2119 4544 a
2148 4531 2197 4590 υ

548 4569 880 4625 meridiano.
910 4570 1098 4626 Oritur
1137 4587 1367 4643 serpens
1387 4573 1538 4630 horis
1556 4576 1591 4630 ι
1616 4577 1738 4648 1/2.

616 4876 841 4930 Oriente
872 4875 1037 4946 Lyra,
1082 4891 1206 4931 cum
1262 4891 1326 4931 ea
1365 4876 1574 4932 zodiaci
1623 4893 1786 4935 arcus
1819 4882 2066 4938 ascendit
2091 4900 2122 4936 a

550 4968 728 5037 gradu
759 4981 904 5021 nono
931 4967 1110 5021 medio
1145 4965 1356 5038 Scorpii
1405 4984 1582 5039 usque
1611 4971 1676 5025 ad
1724 4970 1825 5038 18;
1859 4973 2125 5030 culminat

553 5074 583 5111 a
643 5057 823 5112 medio
872 5057 940 5112 15
997 5056 1196 5114 Leonis
1247 5075 1422 5129 usque
1465 5060 1534 5115 ad
1582 5061 1672 5116 26.
1711 5061 1892 5117 Prima
1949 5069 2124 5120 oritur

552 5149 708 5220 Lyra:
731 5148 908 5211 stella,
939 5163 1062 5218 quae
1108 5163 1140 5203 a
1181 5150 1553 5219 septentrione
1599 5151 1814 5222 adjacet
1847 5154 2124 5212 lucidissi-

553 5258 684 5310 mze;
721 5243 912 5298 ultima
939 5257 1090 5306 vero,
1124 5243 1191 5300 de
1229 5243 1444 5300 duabus
1487 5245 1706 5311 lucidis,
1743 5262 1867 5316 qua:
1901 5246 1958 5301 in
2000 5249 2122 5318 ejus

548 5335 682 5406 jugo
713 5345 869 5398 sunt,
903 5351 1025 5405 quae
1052 5343 1138 5391 est
1189 5335 1260 5389 ad
1311 5336 1598 5392 orientem.
1648 5336 1808 5393 Prior
1856 5340 2124 5396 culminat

553 5425 814 5479 australis
850 5424 1258 5496 splendidarum
1307 5425 1540 5480 duarum
1598 5427 1653 5480 in
1683 5428 1870 5484 lumbo
1897 5427 2118 5496 Leonis,

553 5516 767 5578 ultima,
791 5532 912 5587 quae
933 5519 988 5571 in
1014 5517 1188 5572 cauda
1223 5515 1422 5573 Leonis
1441 5524 1528 5573 est
1579 5519 1760 5574 lucida
1787 5539 1803 5576 :
1830 5529 1884 5576 et
1916 5537 2039 5592 quae
2063 5523 2118 5578 in

549 5617 798 5661 extrema
847 5608 1072 5664 sinistra
1111 5607 1353 5680 Virginis
1381 5609 1468 5665 ala
1513 5613 1894 5671 semicubitale
1951 5615 2122 5672 inter-

621 5785 764 5854 ."TP-
792 5787 1142 5858 ἐμπροσθίοις
1173 5786 1322 5841 δυσὶν
1359 5787 1620 5859 ἀστρασιν

2227 3287 2311 3341 νεῖ
2339 3285 2397 3339 δὲ
2419 3285 2596 3358 ἀστὴρ
2631 3289 2677 3338 α’
2710 3283 2809 3354 μὲν
2851 3285 2880 3337 6
2912 3281 3022 3337 τῶν
3054 3285 3112 3338 ἐν
3146 3282 3224 3354 τῷ
3251 3281 3504 3355 τραχήλῳ
3542 3284 3637 3336 καὶ
3667 3285 3801 3355 στή-

2225 3377 2310 3432 θει
2335 3378 2430 3432 τοῦ
2456 3379 2681 3441 Λέοντος
2723 3375 2974 3447 λαμπρὸς
3004 3376 3033 3428 6
3060 3374 3106 3446 β’
3149 3375 3244 3429 ἀπ’
3277 3377 3534 3449 Ἄρκτου,
3571 3375 3800 3446 ἔσχατος

2220 3467 2282 3522 δὲ
2329 3469 2358 3520 6
2411 3469 2472 3520 ὲν
2511 3471 2576 3538 τῇ
2607 3465 2816 3538 κεφαλῇ
2864 3465 2960 3520 τοῦ
3000 3467 3272 3538 Κόρακος.
3312 3467 3617 3522 Ἀνατέλλει
3665 3467 3725 3521 δὲ
3771 3471 3802 3522 6

2238 3553 2517 3630 Ὀφιοῦχος
2535 3561 2597 3612 ἐν
2629 3558 2799 3631 ὥραις
2820 3558 2847 3614 δ
2870 3558 2962 3612 tot.

2294 3671 2403 3726 Τοῦ
2431 3671 2489 3724 δὲ
2525 3674 2758 3742 Ὄφεως,
2791 3671 2850 3724 δν
2879 3670 2991 3742 ἔχει
3010 3674 3039 3726 ὁ
3066 3671 3364 3744 Ὀφιοῦχος,
3392 3671 3798 3739 ἀνατέλλοντος,

2227 3762 2606 3818 συνανατέλλει
2653 3764 2751 3835 μὲν
2783 3763 2932 3835 αύτῷ
2963 3768 2990 3818 ό
3015 3763 3278 3830 ζωδιακὸς
3307 3765 3420 3820 ἀπὸ
3455 3765 3653 3837 Χηλῶν
3683 3766 3795 3836 μοί.

2223 3863 2274 3928 η’
2296 3856 2402 3918 ἕως
2433 3853 2663 3920 Τοξότου
2695 3858 2805 3925 μοι.
2841 3863 2890 3910 6'
2925 3857 3098 3928 μέσης
3124 3873 3136 3884 ·
3171 3860 3500 3930 μεσουρανεῐ
3531 3859 3604 3912 δὲ.
3627 3860 3656 3912 6
3686 3859 3800 3913 ἀπὸ

2224 3943 2501 4018 Καρκίνου
2543 3950 2592 4016 η’
2643 3945 2813 4016 μέσης
2861 3945 2966 4010 ἕως
3010 3945 3289 4017 Παρθένου
3340 3944 3419 3998 ιδ.
3462 3945 3573 3998 Καὶ
3615 3952 3662 3998 α’
3699 3947 3800 4016 μὲν

2223 4035 2400 4107 ἀστὴρ
2429 4035 2708 4090 ἀνατέλλει
2735 4035 2842 4090 τῶν
2868 4040 2926 4091 ἐν
2951 4041 3016 4108 τῇ
3047 4037 3253 4109 κεφαλῇ
3282 4038 3445 4092 αὑτοῦ
3473 4041 3501 4092 6
3531 4038 3800 4110 βορειότε-

2227 4139 2320 4198 ρος
2350 4125 2458 4180 τῶν
2493 4126 2831 4198 ἡγουμένων.
2863 4127 3088 4198 ἔσχατος
3115 4129 3171 4181 δὲ
3211 4131 3239 4182 ὁ
3270 4130 3331 4180 ὲν
3370 4129 3516 4201 ἄκρᾳ
3548 4133 3612 4200 τῇ
3636 4131 3795 4202 οὐρᾷ.

2224 4220 2565 4290 Μεσουρανεί
2589 4219 2661 4289 ,δὲ
2705 4221 2880 4292 ἀστὴρ
2912 4227 2959 4274 α’
3002 4222 3100 4292 μὲν
3134 4224 3191 4274 ὲν
3223 4221 3301 4292 τῷ
3331 4223 3664 4294 ἀκροστολίῳ
3696 4224 3797 4295 τῆς

2237 4310 2465 4382 Ἀργοῦς
2521 4309 2800 4383 λαμπρὸς,
2859 4311 2934 4376 ὥς
2999 4313 3300 4384 ήμιπήχιον
3362 4313 3798 4384 ἀπολειπόμενος

2223 4400 2321 4454 τοῦ
2362 4401 2755 4474 μεσημϐρινοῦ,
2775 4403 2996 4472 ἔσχατος
3027 4403 3083 4456 δὲ
3111 4404 3140 4456 ὅ
3170 4421 3229 4456 τε
3257 4404 3669 4478 Προτρυγητὴρ,
3702 4407 3798 4460 καὶ

2223 4494 2252 4546 6
2290 4491 2620 4564 βορειότερος
2644 4486 2792 4563 ὦμος
2816 4492 2916 4562 τῆς
2937 4491 3237 4565 Παρθένου,
3264 4493 3343 4556 ὥς
3380 4497 3646 4566 πηχυαῖον
3681 4495 3798 4550 διά-

2226 4603 2406 4657 στημα
2453 4585 2546 4639 τοῦ
2596 4583 2966 4657 μεσημϐρινοῦ
3023 4584 3480 4657 ὑπολελειμμένος
3535 4587 3796 4657 ἑκάτερος

2221 4677 2421 4731 αὐτῶν.
2475 4677 2777 4731 ’Δνατέλλει
2810 4676 2866 4730 δὲ
2917 4677 2946 4728 6
2985 4678 3145 4746 Ὄφις
3201 4678 3259 4730 ὲν
3301 4675 3474 4749 ὥραις
3505 4678 3545 4732 δ’
3599 4680 3693 4734 καὶ
3731 4682 3798 4754 ή-

2226 4768 2458 4839 μιωρίῳ.

2293 4881 2404 4951 Τῆς
2449 4880 2508 4934 δὲ
2557 4880 2742 4951 Δύρας
2787 4882 3215 4955 ἀνατελλούσης,
3267 4884 3644 4940 συνανατέλλει
3693 4886 3797 4956 μὲν

2221 4973 2358 5044 αὐτῇ
2401 4973 2432 5024 6
2462 4972 2724 5038 ζωδιακὸς
2766 4972 2877 5028 ἀπὸ
2917 4977 3184 5047 Σκορπίου
3229 4978 3336 5048 μοί.
3385 4978 3428 5030 θ’
3473 4977 3645 5047 μέσης
3689 4977 3796 5042 ἕως

2223 5063 2492 5136 Σκορπὶου
2529 5063 2631 5136 ιη’⁶
2681 5070 3000 5138 μεσουρανεῖ
3039 5068 3098 5123 δ)
3123 5069 3236 5124 ἀπὸ
3283 5069 3509 5132 Λέοντος
3564 5070 3678 5140 μοι.
3731 5077 3796 5138 ιγ’

2227 5154 2400 5224 μέσης
2426 5155 2532 5218 ἕως
2556 5157 2784 5220 Λέοντος
2829 5157 2939 5228 μοί.
2973 5165 3024 5222 ς’
3064 5159 3157 5212 καὶ
3186 5165 3253 5212 κ’.
3287 5160 3396 5213 Καὶ
3435 5159 3651 5230 πρῶτος
3695 5161 3798 5232 μὲν

2224 5244 2398 5316 ἀστὴρ
2435 5245 2712 5300 ἀνατέλλει
2743 5247 2844 5318 τῆς
2871 5247 3056 5318 Δύρας
3083 5249 3112 5300 6
3147 5250 3240 5303 ἀπ’
3273 5249 3490 5322 ἄρκτων
3531 5251 3800 5320 παρακεί-

2227 5354 2386 5408 μενος
2417 5337 2494 5409 τῷ
2523 5339 2906 5411 λαμπροτάτῳ,
2937 5340 3160 5410 ἔσχατος
3193 5341 3250 5394 δὲ
3283 5344 3310 5396 6
3345 5333 3480 5411 πρὸς
3525 5341 3796 5404 ἀνατολὰς

2221 5429 2329 5483 τῶν
2371 5433 2428 5484 ὲν
2468 5430 2544 5502 τῷ
2577 5431 2865 5502 ζυγῶματι
2902 5433 3070 5502 αὐτῆς
3105 5432 3150 5503 β’
3178 5432 3466 5504 λαμπρῶν.
3512 5435 3799 5504 Μεσουρα-

2223 5526 2304 5578 νεῖ
2335 5523 2394 5576 δὲ
2423 5523 2602 5596 ἀστὴρ
2645 5530 2692 5575 α’
2737 5523 2836 5594 μὲν
2871 5523 2963 5576 τοῦ
2991 5524 3218 5586 Λέοντος
3248 5525 3278 5578 6
3325 5524 3641 5596 νοτιώτερος
3686 5525 3798 5577 τῶν

2225 5617 2269 5687 β’
2317 5616 2426 5670 τῶν
2473 5618 2566 5670 ἐπὶ
2609 5617 2710 5688 τῆς
2756 5615 2955 5686 ὀσφύος
2997 5615 3286 5688 λαμπρῶν,
3317 5617 3544 5690 ἔσχατος
3571 5618 3627 5672 δὲ
3660 5619 3689 5670 6
3739 5619 3800 5672 ὲν
