4132 6414
342 339 472 392 1097

1295 320 1658 377 illPPABCHI
1698 320 1788 374 ΑΙ)
1820 317 2262 374 ΡῘΙᾹΞΝΟΜΕΝΑ
2299 317 2427 374 LIB.
2453 317 2516 373 ll.

3430 319 3568 377 1098

337 452 481 518 ἀκρᾲ
512 448 577 516 τῇ
624 443 760 515 οὐρᾷ
799 442 891 496 τοῦ
924 442 1146 508 Λέοντος
1190 443 1460 514 λαμπρὸς,
1496 442 1589 494 καὶ
1617 443 1645 494 6
1675 443 1731 496 ἐν
1762 441 1904 513 ἄκρᾳ

2015 440 2216 493 stitium
2279 439 2484 493 habens
2534 453 2562 490 a
2613 436 2933 494 meridiano.
2976 435 3167 493 Oritur
3207 436 3350 511 Lyra
3391 450 3572 510 spatio

337 542 402 609 τῇ
433 538 695 610 ἀριστερᾷ
725 535 957 606 πτέρυγι
1001 536 1099 606 τῆς
1146 533 1444 606 Παρθένου,
1487 534 1562 596 ὡς
1608 535 1904 604 ἡμιπήχιον

337 627 761 698 ὑπολειπόμενος
810 625 904 679 τοῦ
962 625 1354 698 μεσημϐρινοῦ.
1423 623 1726 677 ’Δνατέλλει
1771 624 1827 676 δὲ
1873 626 1907 695 ἠ

337 718 489 790 Λύρα
519 719 576 770 ὲν
603 716 644 769 δ’
677 717 1114 788 πεμπτημορίοις
1145 722 1193 768 α’
1222 714 1391 788 ὥρας.

409 807 514 860 Τοῦ
564 806 623 859 δὲ
671 806 921 878 Ὄρνιθος
961 806 1359 869 ἀνατέλλοντος,
1396 804 1771 859 συνανατέλλει
1811 805 1908 874 μὲν

339 898 368 951 6
406 895 665 960 ζωδιακὸς
701 895 809 950 ἀπὸ
857 896 1050 967 Χηλῶν
1100 896 1144 961 ζ’
1193 897 1286 949 καὶ
1334 903 1381 948 κ’
1413 896 1522 966 μοί.
1583 895 1753 966 μέσης
1805 895 1907 958 ἕως

340 989 434 1042 τοῦ
469 989 696 1054 Τοξότου
732 990 774 1059 β’
798 991 891 1044 καὶ
923 989 992 1042 κ”
1027 989 1350 1060 μεσουρανεί
1375 989 1432 1042 δὲ
1469 987 1577 1041 ἀπὸ
1605 989 1702 1058 τῆς
1733 986 1906 1058 ἀρχῆς

340 1079 433 1133 τοῦ
467 1079 690 1143 Λέοντος
718 1080 822 1144 ἓως
860 1078 1052 1150 Χηλῶν
1103 1085 1132 1132 ι’
1185 1079 1294 1149 μοί.
1351 1077 1540 1149 μέσης.
1576 1078 1686 1129 Καὶ
1726 1082 1774 1130 α’
1809 1077 1906 1147 μὲν

338 1171 514 1243 ἀστὴρ
545 1170 822 1225 ἀνατέλλει
864 1173 893 1223 6
921 1170 1257 1240 βορειότατος
1281 1169 1390 1222 τῶν
1420 1171 1477 1222 ἐν
1508 1171 1574 1239 τῇ
1601 1167 1749 1238 δεξιᾷ
1778 1168 1907 1220 πτέ-

341 1278 465 1332 ρυγι
493 1263 559 1317 ⁸⁸.
595 1263 936 1332 Μεσουρανεῖ
965 1261 1022 1313 δὲ
1050 1261 1226 1331 ἀστὴρ
1263 1267 1312 1314 α’
1349 1259 1446 1330 μὲν
1470 1260 1499 1311 6
1529 1261 1586 1312 6v
1612 1261 1677 1329 τῇ
1712 1257 1906 1328 καρδίᾳ

339 1355 432 1408 τοῦ
463 1356 688 1418 Λέοντος
718 1352 988 1424 λαμπρὸς,
1033 1351 1256 1422 ἔσχατος
1281 1350 1337 1403 66
1399 1348 1492 1403 τοῦ
1536 1349 1846 1419 Κενταύρου
1877 1349 1906 1400 6

339 1445 652 1516 νοτιώτερος
680 1443 785 1498 τῶν
815 1444 921 1496 ὑπὸ
947 1443 1038 1496 τὸν
1070 1441 1240 1507 δεξιὸν
1269 1435 1438 1511 ὦμον,
1463 1442 1556 1494 καὶ
1582 1441 1612 1492 6
1661 1438 1908 1511 Ἀρκτοῦ-

2009 536 2155 588 hora}
2185 535 2238 598 0,
2268 534 2371 588 48'.

2079 799 2214 854 Cum
2248 798 2433 868 Cygno
2463 796 2720 852 zodiacus
2745 797 2922 852 oritur
2947 813 2978 852 a
3005 807 3156 869 parte
3181 799 3471 856 Chelarum
3501 801 3573 854 27

2011 893 2208 955 media,
2257 905 2430 960 usque
2459 888 2527 942 ad
2572 887 2848 958 Sagittarii
2881 889 2990 958 22;
3022 891 3286 945 culminat
3323 893 3391 947 ab
3417 892 3574 947 initio

2011 984 2229 1046 Leonis,
2259 981 2325 1035 ad
2349 980 2580 1036 mediam
2612 981 2680 1035 10
2705 981 3014 1037 Chelarum.
3051 981 3236 1038 Oritur
3260 985 3573 1054 prima,bo-

2010 1077 2210 1132 realior
2244 1073 2403 1143 129
2437 1088 2644 1135 earum,
2669 1089 2790 1144 quae
2835 1081 2962 1130 sunt
2993 1075 3048 1128 in
3077 1075 3162 1128 ala
3191 1075 3404 1131 dextra.
3439 1075 3573 1132 Cul-

2010 1166 2184 1219 minat
2225 1166 2374 1234 prior
2408 1161 2555 1216 clara
2614 1163 2668 1216 in
2697 1162 2861 1218 corde
2893 1162 3119 1230 Leonis;
3147 1173 3420 1234 postrema
3445 1183 3574 1222 vero

2010 1257 2302 1311 australior
2345 1271 2574 1320 earum,
2627 1270 2746 1325 quae
2793 1255 2896 1312 sub
2945 1256 3139 1310 dextro
3187 1268 3317 1310 sunt
3345 1257 3574 1312 humero

2011 1347 2303 1412 Centauri;
2350 1363 2452 1402 nec
2483 1361 2590 1401 non
2635 1347 2903 1402 Arcturus
2944 1347 3273 1403 semicubito
3300 1347 3514 1405 distans
3542 1365 3574 1403 a

2013 1439 2333 1495 meridiano.
2366 1436 2554 1492 Oritur
2580 1439 2800 1508 Cygnus
2827 1438 2976 1494 horis
3006 1439 3062 1503 4,
3081 1438 3182 1494 24'.

343 1554 452 1607 ρος,
497 1536 574 1599 ὡς
626 1535 923 1606 ήμιπήχιον
999 1531 1419 1602 ὑπολειπόμενος
1460 1529 1555 1583 τοῦ
1606 1526 2001 1600 μεσημϐρινοῦ.
2049 1525 2350 1581 Ἀνατέλλει
2418 1526 2475 1579 δὲ
2513 1528 2571 1580 ἐν
2636 1525 2806 1598 ὥραις
2846 1527 2886 1580 6'
2915 1528 3010 1582 καλ⁹
3068 1529 3188 1582 δυσὶ
3249 1547 3575 1602 πεμπτημο-

341 1632 497 1702 ρίοις.

409 1725 538 1778 KA'.
571 1721 678 1776 Τοῦ
705 1722 763 1775 δὲ
784 1721 1016 1793 Κηφέως
1042 1721 1177 1792 μόνα
1200 1719 1268 1773 τά
1290 1717 1425 1789 πρὸς
1445 1719 1508 1788 τῇ
1533 1715 1744 1786 κεφαλῇ
1768 1714 1908 1784 μέρη

2080 1707 2218 1762 XXI.
2247 1707 2451 1778 Cephei
2483 1716 2666 1777 partes
2707 1707 2962 1762 oriuntur
2992 1723 3069 1762 eae
3097 1709 3271 1763 solum
3293 1726 3414 1781 quae
3446 1721 3576 1769 sunt

340 1814 642 1870 ἀνατέλλει.
693 1813 1078 1868 Συνανατέλλει
1117 1812 1174 1864 66
1217 1809 1366 1880 αὐτῷ
1412 1811 1442 1862 6
1489 1806 1750 1873 ζωδιακὸς
1800 1805 1911 1859 ἀπὸ

343 1905 609 1977 Σκορπίου
647 1904 756 1975 μοι.
807 1902 850 1968 ζ’
890 1903 982 1957 καὶ
1024 1909 1070 1956 κ’
1104 1901 1274 1972 μέσης
1309 1900 1413 1964 ἓως
1449 1897 1544 1952 τοῦ
1589 1896 1816 1962 Τοξότου
1858 1900 1911 1959 ς’

347 1997 550 2067 μέσης·
598 1996 917 2066 μεσουρανεῖ
955 1992 1010 2046 δὲ
1058 1992 1166 2045 ἀπὸ
1202 1990 1478 2062 Παρθένου
1520 1987 1631 2059 μοί.
1669 1987 1714 2040 θ’
1747 1984 1915 2056 μέσης

341 2086 448 2147 ἕως
479 2083 756 2154 Παρθένου
784 2089 833 2135 α’
857 2083 951 2136 καὶ⁸
974 2088 1043 2134 κ’.
1080 2081 1137 2132 Λ⁹
1171 2079 1226 2132 δὲ
1263 2079 1439 2150 ἀστὴρ
1467 2078 1790 2148 μεσουρανεῖ
1819 2072 1912 2126 τοῦ

342 2177 591 2247 Κόρακος
622 2175 652 2226 6
691 2176 748 2227 ὲν
773 2177 838 2245 τῇ
885 2174 1022 2244 οὐρᾷ
1045 2172 1315 2244 λαμπρὸς,
1349 2171 1424 2234 ὡς
1461 2170 1758 2241 ήμιπήχιον
1785 2168 1916 2221 ὑπο-

344 2264 663 2334 λειπόμενος
693 2262 788 2315 τοῦ
813 2261 1208 2332 μεσημϐρινοῦ,
1237 2260 1464 2330 ἔσχατος
1493 2259 1550 2312 66
1573 2260 1602 2311 6
1631 2257 1916 2329 ἀριστερὸς

345 2355 530 2424 ἀγκὼν
563 2356 662 2426 τῆς
693 2357 968 2426 Παρθένου
996 2397 1012 2421 ,
1056 2356 1131 2420 ὡς
1172 2356 1469 2426 ήμιπήχιον
1510 2352 1916 2424 προηγούμενος

345 2449 438 2502 τοῦ
473 2447 862 2520 μεσημϐρινοῦ.
913 2447 1212 2502 Ἀνατέλλει
1243 2445 1301 2498 66
1328 2446 1357 2497 6
1384 2446 1607 2516 Κηφεὺς
1645 2445 1704 2496 ὲν
1743 2449 1792 2512 γ’
1825 2441 1916 2512 ἐγ-

346 2555 506 2608 γιστα
539 2541 973 2610 πεμπτημορίοις
998 2538 1148 2610 ῶρας
1174 2544 1244 2592 α’.

415 2630 530 2700 Τῆς
562 2630 619 2683 δὲ
663 2629 1034 2692 Κασσιεπείας
1076 2627 1492 2699 ἀνατελλούσης,
1538 2626 1914 2682 συνανατέλλει

347 2721 446 2793 μὲν
461 2723 489 2774 6
506 2720 768 2786 ζωδιακὸς
798 2720 905 2776 ἀπὸ
927 2719 1020 2773 τοῦ
1038 2719 1263 2786 Τοξότου
1298 2719 1342 2790 β’
1367 2720 1460 2773 καὶ
1484 2725 1531 2773 κ’
1560 2720 1673 2790 μοί.
1700 2718 1805 2781 ἕως
1824 2718 1916 2772 Αί-

344 2812 691 2883 γόκερω.ιβ⁹·
731 2815 1055 2884 μεσουρανεῖ
1084 2812 1140 2865 δὲ
1181 2813 1288 2865 61:6
1320 2811 1512 2884 Χηλῶν
1562 2813 1671 2884 μοί.
1712 2818 1778 2864 ια’
1810 2811 1915 2875 ἕως

346 2903 614 2974 Σκορπίου
640 2909 688 2971 γ’
718 2904 908 2974 μέσης.
937 2904 1044 2956 Καὶ
1080 2909 1128 2956 6'
1161 2903 1258 2972 μὲν
1292 2903 1467 2975 ἀστὴρ
1495 2902 1774 2957 ἀνατέλλει
1801 2905 1828 2955 6
1855 2903 1914 2957 ὲν

345 2994 424 3066 τῷ
458 2995 630 3071 θρόνῳ
653 2995 823 3065 αὐτῆς
851 2995 1119 3067 λαμπρὸς,
1145 2995 1369 3066 ἔσχατος
1386 2997 1443 3049 66
1463 2998 1490 3050 6
1508 2997 1566 3049 έν
1587 2998 1652 3066 τῇ
1683 2995 1910 3067 κεφαλῇ.

2013 1801 2083 1856 ad
2101 1808 2282 1872 caput.
2304 1798 2560 1854 Cooritur
2587 1799 2844 1854 zodiacus
2863 1813 2892 1852 a
2921 1799 2993 1852 27
3020 1799 3197 1856 media
3227 1809 3381 1872 parte
3410 1803 3576 1859 δεον-ι

2013 1896 2086 1968 pii
2117 1896 2185 1950 ad
2213 1894 2446 1949 mediam
2469 1892 2502 1946 6
2525 1891 2836 1964 Sagittarii;
2859 1893 3121 1950 culminat
3145 1910 3178 1949 a
3204 1895 3381 1952 media
3407 1897 3440 1952 9
3465 1896 3578 1952 Vir-

2016 1985 2160 2057 ginis
2189 1985 2256 2038 ad
2286 1983 2534 2053 ejusdem
2561 1983 2654 2038 2i.
2691 1983 2849 2038 Prior
2876 1991 3057 2040 autem
3089 1987 3354 2042 culminat
3374 2004 3496 2060 quae
3517 1991 3576 2045 in

2014 2075 2188 2130 cauda
2217 2083 2301 2130 est
2327 2075 2492 2130 Corvi
2519 2075 2719 2142 lucida,
2750 2078 2908 2147 quasi
2945 2079 3269 2135 semicubito
3295 2080 3509 2140 distans
3544 2099 3576 2137 a

2014 2167 2358 2230 meridiano;
2387 2167 2598 2231 ultima,
2631 2167 2852 2223 sinister
2881 2167 3126 2238 Virginis
3165 2171 3386 2227 cubitus
3407 2212 3424 2238 ,
3454 2182 3577 2228 tan-

2015 2255 2254 2313 tumdem
2299 2257 2660 2312 meridianum
2716 2259 3062 2314 antecedens.
3097 2258 3284 2316 Oritur
3327 2261 3576 2333 Cepheus

2015 2344 2150 2400 hora
2184 2347 2574 2418 propemodum
2597 2347 2652 2412 0,
2684 2346 2786 2402 ὅθ’.

2083 2603 2426 2658 Ascendente
2468 2603 2760 2675 Cassiepca
2809 2603 3066 2662 zodiacus
3113 2606 3290 2662 oritur
3331 2621 3362 2662 a
3407 2610 3580 2681 gradu

2013 2695 2085 2749 22
2132 2694 2412 2767 Sagittarii
2450 2696 2517 2751 ad
2559 2697 2878 2767 Capricorni
2923 2699 3024 2766 i2;
3057 2699 3321 2754 culminat
3361 2716 3392 2755 a
3425 2712 3581 2773 parte

2014 2786 2304 2844 Chelarum
2341 2789 2402 2840 1-1
2435 2789 2503 2842 ad
2524 2788 2559 2843 5
2589 2789 2820 2844 mediam
2848 2787 3080 2860 Scorpii.
3109 2787 3266 2846 Prior
3288 2793 3463 2849 oritur
3490 2795 3578 2848 lu-

2015 2879 2138 2932 cida
2179 2879 2234 2934 in
2290 2878 2437 2934 illius
2467 2880 2703 2944 throno;
2734 2882 2943 2946 ultima,
2992 2898 3112 2953 quae
3155 2893 3240 2941 est
3287 2886 3343 2940 in
3378 2887 3577 2957 capite.

2014 2969 2198 3024 Prima
2247 2972 2511 3026 culminat
2554 2974 2845 3028 australior
2889 2989 3112 3043 earum,
3148 2991 3269 3047 qua:
3301 2985 3430 3033 sunt
3475 2980 3580 3034 sub

347 3060 682 3158 Ιοίεσουρανεῖ
711 3060 976 3158 δὲ’ἀςςηρ
1002 3060 1048 3139 α’
1079 3086 1177 3158 μὲν
1203 3060 1296 3140 τὸῦ
1327 3060 1651 3157 Κενταύρου.
1668 3089 1697 3140 6
1723 3060 1910 3140 νότιῶ-

2015 3060 2208 3116 dextro
2267 3062 2495 3117 humero
2525 3063 2816 3130 Centauri,
2863 3079 2987 3119 cum
3041 3067 3308 3134 Arcturo;
3363 3067 3578 3130 ultima,

346 3193 504 3247 τερος
538 3177 644 3230 τῶν
684 3177 788 3246 ὑπὸ
820 3175 909 3230 τὸν
946 3177 1117 3243 δεξιὸν
1155 3171 1324 3248 ὦμον,
1363 3179 1455 3232 καὶ
1491 3180 1519 3231 6
1564 3177 1908 3249 Ἀρκτοῦρος,

349 3268 571 3337 ἔσχατος
595 3267 654 3320 δὲ
685 3268 714 3319 6
738 3267 899 3338 μέσος
925 3268 1033 3321 τῶν
1058 3270 1116 3322 ὲν
1142 3268 1219 3340 τῷ
1251 3270 1488 3339 μετώπῳ
1506 3268 1598 3322 τοῦ
1621 3269 1910 3342 Σκορπίου,

347 3358 442 3410 καὶ
477 3357 572 3410 τοῦ
599 3357 870 3428 Στεφάνου
911 3361 939 3412 6
971 3356 1270 3430 ἡγούμενος
1301 3358 1394 3412 τοῦ
1436 3356 1708 3429 λαμπροῦ.
1757 3359 1912 3411 Ἀνα-

346 3449 521 3504 τέλλει
549 3449 605 3504 66
632 3453 665 3520 ἡ
701 3450 1040 3505 Κασσιέπεια
1066 3453 1124 3505 ὲν
1147 3449 1266 3522 ὥρᾳ
1295 3456 1341 3502 α’
1372 3450 1466 3504 καὶ
1488 3457 1535 3519 γ’
1562 3451 1736 3521 μέρει.

419 3540 532 3610 Τῆς
567 3541 624 3594 δὲ
680 3541 1033 3614 Ἀνδρομέδας
1073 3541 1488 3613 ἀνατελλούσης,
1535 3539 1914 3595 συνανατέλλει

337 3631 449 3702 ¹μὲν
469 3633 604 3704 αὐτῇ
631 3634 660 3686 6
683 3633 942 3698 ζωδιακὸς
961 3633 1069 3686 ἀπὸ
1087 3633 1368 3703 Αίγόκερω
1389 3639 1448 3685 ιε’
1471 3632 1580 3702 μοί.
1603 3632 1707 3696 ἕως
1732 3632 1917 3696 Ὑδρο-

347 3722 473 3792 χόου
503 3722 611 3793 μοί.
637 3720 679 3774 δ’
700 3723 793 3776 καὶ
815 3727 865 3776 κ’
888 3722 1075 3794 μέσης·
1105 3724 1428 3794 μεσουρανεῖ
1447 3721 1503 3775 δὲ
1522 3721 1628 3775 ἀπὸ
1650 3721 1914 3790 Σκορπίου

349 3821 405 3880 ς’
434 3817 604 3884 μέσης
631 3813 736 3878 ἓως
764 3814 990 3880 Τοξότου
1033 3814 1080 3890 η’
1113 3813 1304 3884 μέσης.
1340 3813 1450 3866 Καὶ
1477 3819 1523 3865 α’
1559 3813 1656 3882 μὲν
1683 3813 1713 3864 6
1739 3811 1916 3881 ἀστὴρ

346 3903 628 3957 ἀνατέλλει
662 3902 832 3972 αὐτῆς
859 3905 888 3955 6
917 3900 1231 3972 νοτιὼτερος
1258 3901 1366 3955 τῶν
1398 3902 1455 3953 ὲν
1475 3903 1542 3971 τῇ
1571 3899 1719 3969 δεξιᾷ
1749 3898 1913 3969 χειρὶ,

345 3993 574 4062 ἔσχατος
603 3991 658 4044 δὲ
685 3992 714 4043 6
744 3993 802 4045 ἐν
829 3992 974 4063 ἄκρᾳ
1002 3992 1067 4062 τῇ
1103 3991 1366 4062 ἀριστερᾷ
1393 3991 1554 4062 χειρί.
1579 3990 1920 4061 Μεσουρανεῖ

345 4085 408 4139 66
423 4084 596 4155 ἀστὴρ
615 4089 663 4137 α’
678 4083 775 4155 μὲν
796 4085 889 4137 τοῦ
911 4083 1181 4152 Στεφάνου
1200 4085 1228 4136 6
1250 4082 1506 4153 ἐχόμενος
1521 4081 1614 4134 τοῦ
1638 4079 1915 4152 λαμπροῦ,

347 4174 577 4243 ἔσχατος
597 4174 654 4228 δὲ
677 4175 706 4226 6
733 4173 1020 4245 ἀριστερὸς
1041 4170 1226 4240 ἀγκὼν
1247 4171 1341 4224 τοῦ
1378 4171 1465 4223 Ἐν
1486 4171 1724 4239 γόνασιν.
1765 4169 1919 4222 Ἀνα-

346 4264 524 4318 τέλλει
551 4265 607 4318 66
641 4266 674 4335 η
719 4264 1040 4335 Ἀνδρομέδα
1070 4265 1126 4316 ὲν
1154 4263 1323 4335 ὥραις
1356 4262 1401 4334 β’
1427 4263 1520 4317 καὶ
1547 4269 1595 4334 η’
1632 4263 1808 4334 μέρει.

423 4357 529 4410 Τοῦ
563 4356 620 4410 66
648 4357 846 4409 Ἵππου
879 4355 1274 4418 ἀνατέλλοντος,
1309 4353 1683 4408 συνανατέλλει
1717 4353 1864 4423 αὐτῷ
1888 4353 1917 4406 6

2015 3168 2204 3208 earum
2231 3154 2407 3208 media
2431 3171 2551 3226 quae
2579 3163 2708 3210 sunt
2735 3156 2790 3210 in
2816 3155 2989 3212 fronte
3013 3156 3222 3228 Scorpii
3243 3198 3258 3224 ,
3291 3167 3344 3213 et
3374 3175 3578 3230 praece-

2015 3243 2149 3298 dcns
2190 3242 2427 3298 lucidam
2472 3244 2719 3301 Coronae.
2767 3245 2956 3300 Oritur
3010 3246 3301 3319 Cassiepca
3351 3250 3484 3305 hora
3523 3251 3579 3316 1,

2013 3333 2118 3389 20’.

2086 3515 2223 3570 Cum
2268 3513 2613 3570 Andromeda
2664 3514 2842 3570 oritur
2897 3530 3059 3572 arcus
3088 3515 3297 3572 zodiaci
3332 3532 3362 3572 a
3388 3517 3582 3590 Capri-

2015 3608 2168 3664 corni
2201 3617 2354 3678 parte
2383 3608 2468 3675 l5,
2506 3609 2572 3662 ad
2597 3608 2821 3679 Aquarii
2851 3608 2923 3663 24
2954 3610 3220 3677 mediam;
3260 3611 3522 3666 culminat
3549 3619 3586 3666 a’

2015 3698 2193 3754 media
2213 3699 2246 3753 6
2279 3699 2491 3772 Scorpii
2533 3699 2603 3754 ad
2633 3701 2866 3755 mediam
2885 3701 2918 3754 8
2951 3699 3447 3770 Sagittarii.Prima
3470 3703 3583 3756 ori-

2017 3799 2109 3846 tur
2153 3793 2448 3848 australior
2474 3807 2663 3847 earum
2714 3808 2836 3862 quae
2878 3801 3006 3849 sunt
3051 3795 3106 3847 in
3140 3794 3331 3849 dextra
3379 3811 3580 3859 manu;

2017 3884 2229 3947 ultima,
2254 3900 2374 3954 quae
2396 3885 2452 3938 in
2488 3885 2830 3939 extremitate
2861 3885 3100 3941 sinistrae
3132 3901 3347 3942 manus.
3373 3887 3583 3941 Culmi-

2017 3983 2112 4031 nat
2144 3977 2340 4046 prima,
2372 3991 2493 4046 quae
2534 3975 2730 4031 lucida:
2765 3977 2995 4033 Corona:
3042 3979 3289 4048 proxima
3330 3988 3449 4047 est;
3484 3996 3582 4050 po-

2017 4074 2257 4123 stremus
2302 4082 2432 4123 vero
2479 4067 2698 4124 cubitus
2747 4067 2970 4124 sinister
3023 4069 3342 4139 lngeniculi.
3392 4067 3583 4126 Oritur

2018 4158 2361 4214 Andromeda
2380 4159 2531 4215 horis
2558 4157 2595 4212 2
2621 4159 2643 4212 1
2650 4158 2744 4230 /8.

2090 4331 2227 4387 Cum
2264 4331 2453 4402 Equus
2482 4331 2680 4398 oritur,
2709 4330 2956 4387 ascendit
2987 4345 3110 4386 cum
3135 4344 3202 4385 eo
3227 4328 3486 4385 zodiacus
3513 4331 3584 4386 ab

351 4446 616 4514 ζωδιακὸς
657 4446 766 4498 ἀπὸ
804 4446 903 4516 τῆς
943 4445 1118 4516 ἀρχῆς
1149 4443 1242 4498 τοῦ
1274 4443 1555 4514 Λίγόκερω
1583 4442 1687 4506 ἓως
1733 4421 1913 4513 Ὑδρο-

2019 4426 2174 4481 initio
2189 4424 2505 4496 Capricorni
2531 4423 2599 4478 ad
2631 4423 2854 4493 Aquarii
2883 4431 3087 4492 partem
3122 4421 3211 4476 2|.
3252 4421 3527 4478 Culminat
3550 4437 3586 4480 a

353 4540 482 4612 χόου
516 4537 623 4608 μοί.
649 4543 696 4589 α’
731 4538 824 4590 καὶ
855 4542 924 4588 κ’·
952 4537 1271 4607 μεσουρανεῖ
1297 4535 1354 4588 66
1383 4535 1489 4589 61:6
1523 4534 1715 4606 Χηλῶν
1745 4539 1790 4588 α’
1825 4533 1919 4587 καὶ

354 4636 404 4684 κ’
437 4628 608 4699 μέσης
636 4627 740 4688 ἓως
778 4625 1004 4692 Τοξότου
1037 4632 1088 4691 ς’
1122 4627 1313 4698 μέσης.
1361 4625 1470 4679 Καὶ
1515 4629 1564 4678 α’
1612 4625 1708 4694 μὲν
1751 4623 1916 4677 αὐτοῦ

352 4721 528 4790 ἀστὴρ
541 4717 823 4795 ἀνατέλλει
843 4719 871 4769 6
892 4716 1205 4789 νοτιώτερος
1225 4716 1332 4769 τῶν
1354 4714 1698 4787 ἐμπροσθίων
1718 4713 1916 4777 ποδῶν,

355 4813 580 4883 ἔσχατος
600 4810 656 4864 δὲ
679 4812 707 4863 6
729 4808 821 4862 ἐπὶ
849 4809 945 4880 τῆς
973 4807 1169 4878 ὀσφύος
1200 4807 1469 4879 λαμπρός.
1499 4806 1836 4876 Μεσουρανεῖ
1861 4803 1919 4858 δὲ

356 4903 530 4976 ἀστὴρ
561 4909 608 4955 α’
639 4901 736 4972 μὲν
769 4903 798 4953 6
830 4901 888 4953 6v
925 4899 1065 4970 μέσῃ
1099 4901 1166 4970 τῇ
1199 4898 1350 4968 νοτίᾳ
1391 4897 1542 4968 Χηλῇ
1563 4936 1577 4961 ,
1613 4896 1829 4966 ἔσχατοι
1862 4895 1918 4948 66

356 4996 450 5050 τοῦ
495 4995 772 5065 Ὀφιούχου
800 4995 849 5046 οἱ
877 4990 1024 5064 παρά
1049 4991 1140 5046 τὸν
1159 4991 1326 5056 δεξιὸν
1356 4986 1503 5060 ὦμον
1528 4995 1578 5058 γ’
1602 4989 1686 5042 ἐπ’
1707 4987 1919 5051 εὐθείας

357 5090 618 5160 κείμενοι,
647 5089 801 5152 ἐκτὸς
820 5087 970 5150 ὄντες
991 5084 1179 5149 αὑτοῦ,
1205 5085 1412 5139 καὶτοῦ
1453 5085 1539 5138 Ἐν
1562 5083 1780 5153 γόνασιν
1807 5084 1836 5135 6
1859 5082 1919 5134 ὲν

355 5180 434 5250 τῷ
463 5178 736 5250 ἀριστερῷ
771 5177 930 5249 μηρῷ
961 5177 1232 5248 λαμπρὸς,
1275 5175 1468 5247 μικρὸν
1513 5172 1920 5245 προηγούμενος

356 5271 540 5324 αὐτοῦ.
582 5270 882 5324 Ἀνατέλλει
905 5270 962 5322 66
988 5271 1018 5324 6
1043 5270 1237 5331 Ἵππος
1269 5269 1327 5321 ὲν
1355 5267 1524 5338 ὥραις
1553 5272 1622 5334 γ’.

425 5363 531 5416 Τοῦ
554 5362 611 5415 66
642 5362 850 5418 Ὀῖστοῦ
877 5361 1275 5424 ἀνατέλλοντος,
1305 5357 1680 5412 συνανατέλλει
1706 5358 1804 5426 μὲν
1827 5356 1923 5410 αὐ-

355 5453 432 5525 τῷ
462 5455 491 5507 6
519 5453 780 5520 ζωδιακὸς
808 5454 918 5507 ἀπὸ
948 5453 1042 5506 τοῦ
1074 5451 1304 5518 Τοξότου
1339 5449 1452 5521 μοί.
1487 5455 1528 5502 ε’
1555 5449 1660 5513 ἓως
1693 5447 1920 5514 Τοξότου

355 5552 387 5600 ι’
416 5547 608 5619 μέσης·
648 5547 969 5616 μεσουρανεῖ
1001 5545 1057 5598 δὲ
1093 5542 1199 5598 ἀπὸ
1227 5539 1505 5615 Παρθένου
1543 5540 1604 5594 ιθ¹
1637 5539 1742 5602 ἕως
1775 5540 1923 5610 Παρ-

436 5705 480 5736 ⁸⁸
506 5704 655 5758 Deest
682 5701 868 5754 ultima
903 5698 1090 5752 oriens.

633 5795 899 5854 ΡΑτιιοι..
943 5790 1060 5850 Gn.
1098 5785 1271 5848 ΧΙΧ.

2017 4518 2310 4572 Chelarum
2352 4527 2506 4586 parte
2534 4515 2597 4569 2i
2639 4514 2817 4569 media
2855 4513 2922 4567 ad
2950 4511 3231 4584 Sagittarii
3263 4513 3496 4568 mediam
3525 4515 3582 4570 6.

2017 4608 2200 4664 Prima
2227 4609 2348 4678 ejus
2371 4609 2544 4662 oritur
2573 4606 2751 4668 stella,
2770 4620 2890 4675 quae
2918 4611 3002 4660 est
3027 4605 3322 4659 australior
3345 4607 3583 4660 anterio-

2017 4717 2139 4758 rum
2175 4701 2404 4771 pedum;
2434 4698 2646 4760 ultima,
2677 4712 2798 4767 qua:
2824 4705 2908 4751 est
2936 4695 2990 4749 in
3033 4695 3195 4751 ilibus
3226 4696 3426 4751 lucida.
3454 4697 3585 4752 Cul—

2018 4795 2190 4848 minat
2227 4791 2377 4862 prior
2408 4789 2581 4845 media
2627 4789 2681 4842 in
2727 4787 2953 4842 australi
2999 4785 3197 4853 Chela,
3237 4787 3438 4842 ultima:
3464 4804 3585 4859 quae

2020 4885 2087 4940 ad
2116 4885 2368 4940 dextrum
2417 4883 2714 4936 humerum
2746 4877 3019 4949 Ophiuchi
3053 4888 3164 4934 tres
3204 4879 3259 4933 in
3313 4877 3582 4934 directum

2019 4977 2232 5047 posita),
2258 4982 2522 5046 extraque
2554 4973 2734 5043 ipsum
2765 4973 2904 5034 sitae,
2934 4985 3042 5024 una
3073 4985 3198 5024 cum
3230 4971 3429 5034 lucida,
3464 4988 3587 5042 qua:

2018 5079 2103 5126 est
2130 5071 2185 5123 in
2229 5069 2456 5124 sinistro
2485 5065 2687 5121 femore
2718 5063 3050 5134 Engonasin,
3087 5063 3247 5132 paulo
3277 5063 3455 5133 ipsum
3489 5078 3586 5117 ann

2019 5161 2293 5218 tecedens.
2326 5158 2515 5212 Oritur
2546 5157 2732 5227 Equus
2765 5155 2918 5210 horis
2949 5156 3004 5210 5.

2090 5352 2226 5406 Cum
2261 5350 2469 5421 Sagitta
2512 5345 2720 5403 zodiaci
2751 5359 2912 5401 arcus
2958 5345 3134 5399 oritur
3162 5359 3193 5398 a
3228 5351 3382 5415 parte
3421 5343 3454 5398 5
3481 5342 3586 5397 Sa-

2021 5443 2222 5516 gittarii
2243 5441 2310 5496 ad
2325 5439 2568 5510 ejusdem
2604 5437 2670 5491 10
2695 5436 2962 5500 mediam;
2993 5434 3258 5488 culminat
3289 5447 3319 5486 a
3348 5441 3502 5504 parte
3520 5433 3589 5488 19

2023 5535 2284 5608 Virginis,
2334 5533 2402 5590 ad
2427 5531 2519 5587 25.
2552 5529 2751 5585 Prima:
2775 5527 3025 5584 oriuntur
3064 5539 3185 5597 quae
3217 5534 3346 5581 sunt
3383 5525 3439 5579 in
3472 5524 3590 5595 gly‘

3280 5765 3358 5825 35
