2053 3210
252 155 327 184 ’1099

749 152 793 180 Al)
810 152 943 180 EUSEBII
961 151 1161 180 CHRONICON
1182 152 1363 180 APPENDIX.

1809 152 1879 181 1100

258 214 349 250 phide,
362 213 388 240 id
403 216 444 240 est
458 219 573 245 «crena;
592 220 602 236 ι
626 211 731 243 ultima,
744 219 804 246 qua:
816 215 860 238 est
872 211 903 238 in
917 211 1037 246 cuspide.

1091 211 1166 238 θένου
1179 215 1198 237 ε’
1210 212 1257 238 καὶ
1271 215 1306 239 κ’.
1322 211 1377 238 Καὶ
1388 211 1491 247 πρῶτοι
1504 213 1552 247 μὲν
1563 212 1752 241 ἀνατέλλουσιν
1766 214 1790 240 οἱ
1803 214 1831 240 ὲν
1842 214 1877 248 τῇ

258 259 397 287 Culminat
416 258 491 293 prior
503 265 564 293 qua:
577 261 619 285 est
632 257 660 284 in
673 257 784 284 sinistro
800 257 892 284 cubito
910 257 1040 292 Virginis,

259 304 401 339 paululum
427 303 497 330 citra
526 302 705 330 meridianum
729 301 799 335 sita;
819 302 925 334 ultima,
950 302 1040 337 Spica,

258 350 398 386 paululum
414 349 593 377 meridianum
609 348 790 381 antecedens;
805 352 832 375 et
851 356 911 382 qua:
925 348 975 375 sub
990 348 1042 375 hu-

260 403 336 424 mero
344 395 440 423 dextro
453 394 593 421 Centauri.
609 392 702 421 Oritur
717 393 820 429 Sagitta
837 393 904 420 hora
915 393 942 425 0,
952 393 1004 420 20'.

293 538 377 567 XXII.
393 537 488 565 Oritur
499 536 597 571 Aquila
611 543 673 562 cum
689 542 754 562 arcu
770 535 875 562 zodiaci
889 542 904 561 a
920 533 1041 569 Sagitta-

259 587 292 613 rii
306 585 391 621 gradu
403 584 430 616 9,
443 584 475 611 ad
497 583 617 610 medium
631 583 683 615 M;
697 582 827 610 culminat
840 588 855 608 a
876 580 994 616 Virginis
1006 579 1041 607 24

259 633 292 659 ad
306 631 425 658 medium
442 629 486 656 50.
505 629 596 656 Prima
611 628 752 662 consurgit
768 626 873 661 Aquila:
887 625 975 656 stella,
989 625 1040 652 bo-

257 678 356 706 realior
368 683 526 712 parvarum,
543 682 604 710 quae
617 680 680 702 sunt
692 674 720 701 in
730 673 837 700 duabus
851 672 919 705 alis;
933 671 1040 703 ultima,

257 731 317 759 qua:
326 727 368 750 est
383 722 529 750 australior
539 721 621 748 trium
630 721 658 747 in
671 727 786 755 corpore
799 718 961 746 lucidarum.
977 717 1041 744 Cul-

256 769 343 795 minat
354 768 428 803 prior
441 766 532 802 Spica,
548 765 653 797 ultima,
669 764 803 791 borealior
818 770 912 790 earum
928 770 989 797 qua:
1012 762 1041 788 in

257 814 388 842 Centauri
403 813 502 848 capite.
523 811 617 840 Oritur
630 810 730 846 Aquila
743 810 810 837 hora
825 809 852 842 0,
866 809 920 836 26'.

293 948 384 978 Oritur
400 954 463 975 cum
471 944 600 979 Delphine
614 942 744 970 zodiacus
759 947 774 967 a
789 937 929 974 Sagittarii
947 936 1034 973 gradu

256 995 291 1023 20
305 993 394 1022 medio
409 992 443 1019 ad
465 990 584 1018 medium
600 987 655 1020 24;
672 985 803 1014 culminat
819 984 854 1010 ab
868 986 965 1010 octavo
979 989 1038 1011 me-

257 1043 302 1070 dio
318 1039 409 1068 Chelte
423 1037 459 1065 ad
473 1037 516 1064 l3.
523 1035 620 1062 Primae
629 1033 755 1060 oriuntur
763 1029 956 1058 antecedentes
967 1036 1037 1063 qua-

257 1094 321 1115 tuor
337 1087 365 1114 in
376 1083 502 1116 rhombo,
519 1084 656 1117 postrema
666 1085 727 1114 quae
739 1077 767 1104 in
776 1075 865 1103 cauda
884 1078 925 1102 est
933 1079 1039 1102 austra-

256 1135 321 1162 lior.
342 1130 482 1160 Culminat
508 1129 625 1164 primum
648 1125 759 1153 sinister
774 1130 822 1158 pes
846 1120 1036 1153 Andromedae,

256 1183 395 1214 postremo
408 1173 537 1202 Centauri
554 1171 671 1199 maxime
684 1169 802 1197 borealis
816 1170 845 1197 in
858 1169 969 1205 thyrso;
981 1170 1039 1193 tum

257 1212 292 1251 ad
307 1231 376 1259 genu
388 1219 507 1255 Virginis
521 1218 645 1245 dextrum
661 1223 676 1242 a
692 1215 874 1251 septentrione
887 1214 951 1245 sita,
960 1212 1038 1248 quasi

258 1258 419 1298 semicubito
454 1266 559 1293 distans
584 1271 598 1290 a
623 1262 783 1289 meridiano.
811 1260 904 1287 Oritur
924 1258 1038 1293 Delphin

258 1317 323 1343 hora
341 1315 368 1346 0,
381 1315 431 1341 15'.

1091 256 1207 291 γλυφίδι,
1220 257 1332 292 ἔσχατος
1342 257 1370 283 δὲ
1380 258 1394 283 6
1403 258 1431 283 ὲν
1441 258 1473 293 τῇ
1484 257 1566 285 ἀκίδι.
1577 258 1667 285 Μεσου
1672 260 1746 294 ρανεῐ
1755 258 1783 285 δὲ
1791 259 1880 294 ἀστὴρ

1091 306 1115 330 α’
1128 303 1177 338 μὲν
1188 304 1201 329 6
1211 304 1240 329 ὲν
1251 303 1290 338 τῷ
1299 303 1435 339 ἀριστερῷ
1447 304 1551 338 ἀγκῶνι
1561 305 1610 340 τῆς
1619 305 1768 341 Παρθένου,
1779 305 1878 341 μικρὸν

1090 348 1302 384 ὑπολειπόμενος
1321 349 1367 376 τοῦ
1384 350 1581 386 μεσημϐρινοῦ,
1600 352 1713 387 ἔσχατος
1728 352 1756 378 δὲ
1776 353 1791 378 6
1810 352 1879 379 Στά-

1091 404 1151 430 χυς,
1178 396 1275 431 μικρὸν
1298 396 1500 432 προηγούμενος
1516 396 1563 424 τοῦ
1585 397 1782 433 μεσημϐρινοῦ,
1799 398 1846 424 καὶ
1863 399 1878 425 ό

1091 441 1144 467 ὑπὸ
1157 441 1203 467 τὸν
1216 441 1360 477 ἀριστερὸν
1376 439 1451 478 ὦμον
1471 442 1518 469 τοῦ
1536 443 1704 479 Κενταύρου.
1726 442 1878 470 Ἀνατέλλει

1091 486 1119 513 δὲ
1134 486 1149 512 6
1172 487 1276 519 Ὀῖστὸς
1291 488 1319 514 ὲν
1335 491 1358 522 τ’
1373 488 1449 523 μέρει
1465 488 1549 524 ὧρας.

1126 533 1190 560 KB’.
1199 532 1252 559 Τοῦ
1265 533 1293 559 δὲ
1311 533 1402 560 Ἀετοῦ
1417 535 1615 567 ἀνατέλλοντος,
1630 535 1816 562 συνανατέλλει
1826 535 1877 571 μὲν

1091 577 1164 613 αὐτῷ
1179 578 1194 604 6
1207 578 1336 610 ζωδιακὸς
1352 579 1405 605 ἀπὺ
1422 579 1534 612 Τοξότου
1550 580 1604 615 μοι.
1621 580 1643 606 θ’
1656 580 1707 611 ἔως
1719 580 1832 614 Τοξότου
1845 581 1876 607 ιδ’

1092 622 1189 658 μέσης·
1213 625 1374 659 μεσουρανεῐ
1395 624 1423 650 δὲ
1446 624 1500 651 ἀπὸ
1520 625 1659 661 Παρθένου
1681 625 1702 651 δ’
1720 626 1768 653 καὶ
1783 629 1807 653 κ’
1823 626 1876 657 ἕως

1091 666 1229 702 Παρθένου
1243 667 1264 693 λ’
1275 667 1371 703 μέσης.
1386 669 1441 695 Καὶ
1459 672 1483 695 α’
1501 669 1550 705 μὲν
1567 670 1654 705 ἀστὴρ
1670 670 1811 697 ἀνατέλλει
1827 671 1875 698 τοῦ

1097 711 1188 737 ’Λετοῦ
1204 713 1218 738 6
1228 711 1395 748 βορειότερος
1411 713 1465 740 τῶν
1478 715 1506 741 ὲν
1518 716 1579 747 ταῖς
1594 715 1704 751 πτέρυξι
1720 715 1742 751 β’
1758 716 1876 752 μικρῶν,

1090 756 1204 792 ἔσχατος
1220 758 1249 784 δὲ
1270 758 1284 784 6
1298 759 1457 795 νοτιώτερος
1473 760 1526 787 τῶν
1542 762 1571 787 ἐν
1585 761 1624 796 τῷ
1640 762 1746 798 σώματι
1761 766 1785 798 γ’
1804 762 1875 798 λαμ-

1091 804 1177 839 πρῶν.
1193 805 1364 841 Μεσουρανεῐ
1375 807 1403 833 δὲ
1414 807 1501 843 ἀστὴρ
1513 811 1537 834 α’
1551 808 1600 843 μὲν
1612 809 1626 835 6
1637 809 1752 844 Στάχυς,
1764 809 1877 845 ἔσχατος

1090 849 1119 875 δὲ
1134 849 1181 876 τοῦ
1197 850 1355 887 Κενταύρου
1369 853 1383 878 6
1402 852 1569 889 βορειότερος
1588 854 1641 880 τῶν
1657 855 1687 881 ὲν
1758 856 1876 891 κεφαλῇ.

1056 890 1077 917 Β
1096 895 1246 922 Ἀνατέλλει
1257 896 1284 923 δὲ
1294 897 1308 923 6
1325 897 1414 930 ’Δετὸς
1426 900 1454 925 ὲν
1468 899 1490 934 β’
1502 908 1612 936 πεμτιτη
1618 901 1720 936 μορίοις
1731 902 1779 937 τῆς
1789 890 1876 937 ὥρας.

1126 940 1179 967 Τοῦ
1202 941 1231 967 δὲ
1252 942 1379 977 Δελφῖνος
1398 944 1599 978 ἀνατέλλοντος,
1621 947 1809 974 συνανατέλλει
1826 949 1877 983 μὲν

1091 985 1165 1021 αὐτῷ
1179 987 1193 1012 6
1208 986 1337 1020 ζωδιακὸς
1354 989 1408 1016 ἀπὸ
1419 989 1465 1016 τοῦ
1482 990 1594 1023 Τοξότου
1611 992 1667 1027 μοί.
1682 992 1706 1019 κ’
1724 992 1809 1029 μέσης
1823 993 1877 1026 ἓως

1091 1030 1206 1064 Τοξότου
1216 1031 1236 1058 δ’
1248 1033 1295 1059 καὶ
1306 1036 1330 1060 κ’
1344 1034 1440 1070 μέσηςθ
1458 1038 1621 1073 μεσουρανεῖ
1631 1038 1659 1064 δὲ
1674 1038 1729 1065 ἀπὸ
1740 1039 1837 1075 Χηλῶν
1849 1043 1876 1075 η’

1093 1077 1178 1112 μέσης
1194 1077 1246 1109 ἔως
1262 1078 1358 1114 Χηλῶν
1377 1084 1420 1114 ιγ’.
1434 1082 1488 1108 Καὶ
1504 1082 1606 1117 πρῶτοι
1621 1083 1670 1118 μὲν
1683 1084 1798 1120 ἀστέρες
1812 1085 1877 1112 ἀνα-

1091 1121 1227 1149 τέλλουσιν
1239 1123 1263 1149 οί
1279 1123 1424 1160 ήγοῦμενοι
1438 1127 1492 1153 τῶν
1506 1127 1535 1154 ἐν
1552 1126 1592 1162 τῷ
1608 1128 1701 1164 ῥόμϐῳ
1714 1129 1746 1160 δ’,
1764 1129 1877 1165 ἔσχατος

1092 1167 1120 1194 δὲ
1135 1168 1189 1195 τῶν
1199 1170 1227 1195 ὲν
1241 1171 1273 1206 τῇ
1286 1170 1354 1207 οὐρᾷ
1367 1173 1382 1198 6
1394 1172 1560 1210 vondrrspog.
1572 1175 1740 1211 Μεσουρανεῖ
1749 1176 1777 1203 δὲ
1789 1181 1813 1203 α’
1827 1177 1878 1213 μὲν

1092 1214 1106 1239 6
1121 1214 1263 1251 ἀριστερὸς
1279 1216 1346 1248 ποῦς
1361 1217 1410 1252 τῆς
1437 1218 1625 1254 Ἀνδρομέδας,
1650 1220 1763 1256 ἔσχατος
1779 1221 1808 1248 δὲ
1827 1222 1876 1249 τοῦ

1093 1259 1249 1295 Κενταύρου
1270 1262 1283 1287 6
1297 1262 1464 1297 βορειότατος
1480 1264 1533 1290 τῶν
1550 1266 1578 1291 ὲν
1594 1266 1632 1300 τῷ
1651 1266 1752 1302 θύρσῳ,
1768 1268 1877 1303 καὶτῆς

1094 1307 1231 1341 Παρθένου
1245 1310 1259 1335 6
1275 1310 1321 1335 ἀπ’
1338 1311 1452 1345 ’Ἄρκτου
1469 1312 1592 1346 κείμενος
1605 1314 1651 1340 τοῦ
1663 1314 1749 1347 δεξιοῦ
1764 1315 1876 1349 γόνατος

257 1364 304 1391 καὶ
329 1362 375 1389 τοῦ
396 1361 490 1391 ποδὸς,
515 1359 552 1390 ὡς
577 1357 726 1393 ἠμιπήχιον
751 1354 955 1391 τέροηγούμενος
980 1352 1035 1399 τοῦ,
1058 1355 1253 1389 μεσημϐρινοῦ.
1269 1358 1585 1394 ’ΛνατέλλειδὲὸΔελφὶς
1596 1361 1624 1386 ὲν
1635 1361 1654 1387 δ’
1668 1362 1876 1399 μέρεια¹ὦρας.

293 1408 393 1436 Perseo
411 1407 532 1433 cooritur
545 1412 624 1431 arcus
637 1403 740 1430 zodiaci
756 1409 771 1428 a
785 1400 946 1435 Capricorni
961 1399 996 1425 25
1005 1398 1039 1425 ad

257 1455 356 1481 Arietis
370 1453 403 1479 Μ
418 1452 534 1479 medium
546 1459 553 1483 ;
565 1450 695 1477 culminat
711 1456 725 1474 a
740 1448 847 1482 Scurpii
860 1447 892 1473 16
907 1446 994 1473 medio
1006 1446 1038 1473 ad

259 1501 275 1527 8
293 1499 413 1526 medium
440 1496 610 1531 Capricorni.
629 1495 759 1529 Princeps
776 1494 864 1520 oritur
886 1492 963 1519 stella
980 1499 1039 1526 qua:

257 1551 298 1573 cst
315 1547 341 1572 in
355 1545 442 1579 Ilarpe
458 1544 598 1573 nebulosa,
612 1542 791 1574 ultintec,qua:
807 1546 890 1574 supra
903 1538 1038 1565 Pleiadem

257 1593 283 1619 in
309 1592 421 1619 sinistro
438 1589 515 1624 pede.
533 1588 671 1615 Culminat
693 1586 781 1620 primo
799 1584 889 1611 lucida
912 1591 972 1618 qua:
995 1587 1038 1609 est

257 1639 284 1664 in
299 1638 352 1663 Ara
379 1635 478 1667 mcdia,
505 1638 532 1661 et
556 1632 714 1667 Engonasin
740 1630 906 1657 antecedens
932 1628 1038 1655 humeri

256 1683 356 1715 dextri,
372 1689 431 1717 quae
450 1685 491 1709 est
504 1681 532 1707 in
553 1679 682 1711 brachio;
701 1678 796 1705 ultima
811 1675 973 1711 Capricorni
991 1675 1040 1702 bo-

256 1731 355 1758 realior
379 1736 473 1757 earum
487 1734 547 1762 qua:
559 1730 623 1753 sunt
639 1725 665 1752 in
680 1724 823 1759 geniculis.
842 1722 908 1750 Item
920 1730 935 1749 c
946 1721 1040 1757 Cygno

256 1776 391 1804 borealior
407 1781 512 1808 earum,
532 1780 592 1807 qum
612 1772 641 1798 in
662 1772 704 1798 ala
729 1771 836 1801 dextra,
859 1767 1039 1796 semicubitali

256 1822 312 1849 fere
329 1820 475 1848 interstitio
485 1819 666 1846 meridianum
677 1816 851 1844 antecedens.
869 1814 963 1842 Oritur
973 1813 1038 1840 Per-

256 1876 321 1895 seus
335 1868 411 1894 horis
423 1866 450 1898 5,
466 1866 516 1893 50'.

281 1998 358 2025 Cum
376 1999 476 2031 Auriga
494 1996 623 2022 zodiacus
640 1994 729 2021 oritur
747 2002 760 2021 a
777 1993 897 2020 Piscium
915 1997 992 2027 parte
1007 1992 1036 2018 l.

256 2044 355 2075 media,
369 2051 455 2077 usque
471 2041 504 2068 ad
515 2040 598 2068 Tauri
613 2040 645 2067 I6
662 2040 795 2072 mediam;
810 2039 943 2065 culminat
958 2045 972 2064 a
988 2037 1038 2064 Sa-

255 2088 406 2124 gittarii‘ZO
429 2087 513 2122 gradu
526 2085 559 2113 ad
574 2085 736 2121 Capricorni
756 2084 801 2111 29.
823 2083 920 2111 Primre
946 2088 1038 2110 ortum

255 2134 357 2160 faciunt
372 2132 467 2164 stellae,
484 2139 544 2166 qua:
561 2135 623 2157 sunt
636 2131 663 2156 in
682 2130 788 2164 capite;
802 2129 907 2159 ultima,
923 2136 983 2162 qua)
998 2131 1039 2155 est

255 2177 281 2203 in
300 2176 396 2203 dextro
411 2175 490 2209 pede.
508 2174 646 2201 Culminat
665 2174 754 2207 prima
773 2172 914 2207 Sagittarii
937 2178 1039 2206 praace-

1128 1401 1180 1427 Τοῦ
1203 1402 1230 1428 δὲ
1252 1404 1378 1438 Περσέως
1399 1406 1603 1439 ἀνατέλλοντος,
1623 1409 1810 1436 συνανατέλλει
1826 1410 1877 1445 μὲν

1092 1446 1165 1481 αὐτῷ
1183 1448 1196 1473 ὁ
1215 1448 1345 1481 ζωδιακὸς
1366 1450 1419 1476 ἀπὸ
1440 1452 1581 1487 Λὶγόκερω
1603 1456 1622 1478 ε’
1643 1454 1689 1479 καὶ
1709 1457 1732 1480 κ’
1747 1455 1801 1489 μοί.
1823 1455 1876 1487 ἓως

1093 1492 1177 1526 Κριοῦ
1193 1493 1221 1519 ιδ’
1238 1494 1332 1529 μέσης
1351 1498 1511 1531 μεσουρανεῖ
1523 1497 1549 1523 δὲ
1565 1498 1618 1523 ἀπὸ
1629 1498 1676 1525 τοῦ
1689 1499 1821 1535 Σκορπίου
1837 1504 1876 1533 ις’

1095 1538 1179 1573 μέσης
1192 1539 1242 1570 ἕως
1257 1540 1396 1576 Αἰγόκερω
1410 1545 1433 1577 η’
1447 1542 1542 1577 μέσης.
1557 1543 1644 1570 Καὶα¹
1658 1544 1706 1579 μὲν
1717 1545 1803 1581 ἀστὴρ
1815 1546 1878 1573 ἀνα-

1091 1583 1176 1629 τέλλει
1190 1585 1203 1610 6
1217 1586 1244 1611 ἐν
1261 1587 1294 1621 τῇ
1308 1586 1399 1623 ’Ἀρπῃ
1417 1588 1594 1624 νεφελοειδὴς,
1607 1589 1714 1625 ἔσχατοι
1729 1591 1756 1617 δὲ
1770 1592 1794 1618 οἱ
1807 1592 1877 1629 ὑπὲρ

1089 1628 1138 1663 τὴν
1152 1629 1267 1656 Πλειάδα
1281 1632 1309 1657 ἐν
1323 1632 1361 1666 τῷ
1372 1633 1507 1669 ἀριστερῷ
1521 1635 1581 1661 ποδὶ
1593 1636 1724 1670 κείμενοι.
1735 1628 1878 1673 Μεσουρα-

1090 1676 1129 1700 νεῖ
1142 1675 1169 1701 δὲ
1184 1676 1270 1712 ἀστὴρ
1278 1681 1301 1703 α’
1312 1678 1361 1713 μὲν
1373 1680 1386 1704 ὁ
1395 1679 1422 1704 ἐν
1434 1680 1508 1714 μέσῳ
1521 1680 1558 1715 τῷ
1569 1681 1745 1718 Θυμιατηρίῳ
1752 1683 1878 1720 λαμπρὸς

1091 1721 1137 1746 καὶ
1151 1722 1198 1747 τοῦ
1219 1723 1262 1749 Ἐν
1277 1724 1385 1757 γόνασιν
1399 1726 1412 1751 6
1426 1726 1629 1761 προηγούμενος
1640 1727 1686 1754 τοῦ
1701 1728 1788 1761 δεξιοῦ
1800 1729 1877 1765 ὥμου

1090 1766 1119 1792 ὲν
1136 1767 1173 1802 τῷ
1186 1767 1316 1803 βραχίονι,
1333 1770 1445 1805 ἔσχατος
1458 1771 1486 1797 δὲ
1501 1772 1547 1798 τοῦ
1560 1773 1700 1810 Αίγόκερω
1713 1775 1727 1800 6
1739 1774 1877 1811 βορειότε-

1091 1821 1137 1847 ρος
1148 1815 1202 1839 τῶν
1212 1815 1239 1840 ἐν
1247 1817 1302 1847 τοῖς
1313 1817 1456 1849 γονατίοις,
1468 1818 1514 1844 καὶ
1523 1818 1570 1844 τοῦ
1582 1820 1705 1855 Ὄρνιθος
1719 1821 1733 1846 6
1744 1821 1879 1857 βορειότε-

1093 1867 1137 1894 ρος
1161 1860 1214 1886 τῶν
1234 1862 1263 1887 ὲν
1285 1863 1316 1897 τῇ
1334 1862 1407 1898 δεξιᾷ
1433 1864 1558 1899 πτέρυγι,
1584 1865 1622 1897 ὼς
1643 1867 1792 1903 ήμιπήχιον
1808 1876 1877 1903 προ-

1091 1905 1240 1940 ηγούμενος
1251 1906 1296 1932 τοῦ
1310 1907 1506 1943 μεσημϐρινοῦ.
1526 1909 1676 1936 Ἀνατέλλει
1687 1911 1715 1937 δὲ
1726 1911 1740 1937 ὁ
1753 1912 1878 1948 Περσεὺς

1091 1950 1118 1975 ἐν
1135 1949 1220 1985 ὥραις
1235 1954 1258 1985 γ’
1274 1951 1322 1977 καὶ
1336 1952 1440 1987 ἡμίσει,
1456 1954 1501 1979 καὶ
1515 1957 1537 1987 γ’
1553 1954 1629 1989 μέρει
1647 1954 1732 1991 ὥρας.

1126 1997 1178 2023 Τοῦ
1192 1997 1219 2023 δὲ
1241 1997 1363 2033 Ἦνιόχου
1378 1999 1577 2032 ἀνατέλλοντος,
1592 2002 1781 2028 συνανατέλλει
1798 2003 1846 2038 μὲν
1861 2004 1876 2030 6

1090 2041 1218 2073 ζωδιακὸς
1234 2042 1287 2068 ἀπὸ
1308 2043 1416 2077 Ἰχθύων
1432 2044 1486 2079 μοί.
1500 2048 1532 2071 ια’
1547 2046 1632 2080 μέσης
1643 2046 1697 2078 ἕως
1709 2046 1756 2073 τοῦ
1768 2047 1877 2084 Ταύρου

1091 2091 1127 2119 ις’
1144 2087 1244 2122 μέσης·
1265 2091 1426 2125 μεσουρανεῖ
1446 2090 1473 2115 δὲ
1499 2091 1552 2117 ἀπὸ
1574 2091 1687 2124 Τοξότου
1705 2095 1729 2119 κ’
1746 2092 1801 2128 μοί.
1823 2093 1877 2125 ἔως

1089 2133 1229 2168 Λῑγόκερω
1244 2134 1265 2160 θ’
1279 2135 1325 2161 καὶ
1341 2139 1374 2162 κ’.
1390 2136 1443 2162 Καὶ
1459 2137 1561 2171 πρῶτοι
1573 2137 1621 2171 μὲν
1637 2137 1751 2173 ἀστέρες
1763 2138 1878 2165 ἀνατέλ-

1089 2179 1178 2205 λουσιν
1190 2180 1214 2205 οἱ
1225 2180 1253 2205 ἐν
1263 2181 1295 2215 τῇ
1308 2181 1422 2216 κεφαλῇ,
1438 2181 1549 2217 ἔσχατος
1562 2183 1590 2209 δὲ
1599 2184 1612 2209 6
1623 2184 1651 2209 ὲν
1661 2183 1700 2218 τῷ
1711 2183 1791 2219 δεξιῷ
1802 2183 1875 2212 ποδί.

253 2223 320 2249 dcns
331 2230 424 2249 earum
439 2229 498 2256 qum
512 2225 576 2247 sunt
594 2221 621 2246 in
639 2227 722 2254 sago;
738 2222 765 2246 ct
780 2226 886 2249 carum,
899 2225 960 2252 qua:
973 2220 1037 2245 sunt

1089 2225 1258 2261 Μεσουρανεῖ
1272 2226 1298 2252 δὲ
1312 2230 1334 2253 α’
1350 2226 1399 2261 μὲν
1412 2228 1499 2262 ἀστὴρ
1513 2228 1559 2254 τοῦ
1572 2228 1684 2260 Τοξὸτου
1698 2230 1712 2255 6
1724 2229 1877 2264 ἡγούμενος

251 2269 279 2295 in
293 2269 385 2300 dorso,
402 2267 575 2295 media.ltem
593 2267 706 2301 Anguis,
724 2273 804 2300 quem
819 2264 980 2299 Ophiuchus
993 2267 1035 2291 te-

251 2319 308 2345 net,
327 2314 448 2342 secunda
465 2314 499 2340 ah
512 2318 633 2341 extrema
661 2312 759 2339 cauda.
783 2310 884 2337 Ultima
903 2309 1036 2337 culminat

251 2361 341 2387 lucida
365 2360 393 2386 in
412 2361 483 2387 rictu
497 2359 584 2394 Equi,
597 2363 624 2386 οι
638 2358 722 2393 Cygni
736 2357 909 2392 subsequens
923 2356 950 2383 in
967 2355 1037 2383 sini-

250 2411 308 2434 stro
323 2406 407 2440 pede.
424 2413 474 2432 nec
496 2413 550 2432 non
575 2405 603 2431 in
623 2403 731 2438 Cepheo
755 2403 901 2430 australior
926 2405 1036 2430 antece-

249 2452 371 2479 dentium
383 2451 461 2486 130
475 2451 580 2477 humeri
591 2450 680 2477 dextri
689 2449 894 2477 solendidarum
905 2447 1033 2475 duarum.

245 2499 343 2525 Oritur
352 2498 508 2525 Heniochus
520 2497 594 2524 horis
618 2494 644 2521 5.

285 2582 377 2610 XXIII.
394 2583 456 2611 Haec
473 2584 501 2610 in
516 2584 578 2610 ειειί
595 2584 771 2611 inclinatione
787 2584 844 2616 illa,
863 2591 946 2619 quam
962 2584 1035 2611 dixi-

247 2638 320 2662 mus,
334 2624 463 2657 accidunt
476 2630 549 2657 circa
565 2634 642 2657 ortus
655 2630 786 2662 siderum,
797 2638 858 2665 qua:
874 2629 908 2657 ad
923 2634 1034 2665 septen-

247 2675 351 2702 triones
367 2680 432 2702 sunt
451 2675 555 2702 zodiaci
574 2674 683 2702 circuli.
704 2674 827 2703 Occasus
847 2681 939 2702 autem
952 2675 991 2702 ita
1005 2682 1034 2702 se

248 2721 362 2748 habent.

280 2775 364 2804 Boote
372 2777 513 2805 occidente
523 2777 651 2805 zodiacus
659 2785 720 2805 cum
730 2786 762 2806 eo
773 2778 914 2806 descendit
924 2787 940 2806 a
950 2778 1032 2807 Scor-

246 2819 283 2853 pii
299 2824 377 2854 parte
393 2821 409 2848 ϐ
429 2821 463 2848 ad
480 2821 641 2857 Capricorni
658 2822 691 2850 I9
713 2824 847 2857 mediam;
863 2825 996 2852 culminat
1010 2833 1026 2852 a

246 2863 408 2899 Capricorni
424 2866 504 2895 22ad
521 2868 621 2897 Arietis
637 2869 664 2897 4.
680 2869 759 2897 Prior
772 2870 885 2904 occidit,
902 2879 962 2906 qua:
981 2880 1032 2899 au-

1087 2271 1141 2297 τῶν
1157 2272 1185 2297 ὲν
1199 2273 1232 2307 τῇ
1248 2272 1384 2305 ὲφαπτίδι,
1409 2273 1456 2298 καὶ
1476 2274 1490 2299 ὁ
1511 2274 1592 2308 μέσος
1611 2274 1665 2301 τῶν
1682 2275 1710 2301 ὲν
1728 2274 1767 2310 τῷ
1786 2275 1874 2311 νώτῳ,

1087 2317 1134 2343 καὶ
1147 2318 1192 2344 τοῦ
1207 2319 1324 2353 Ὄφεως,
1339 2318 1368 2344 ὃν
1382 2318 1436 2353 ἔχει
1451 2320 1465 2345 6
1489 2319 1638 2355 Ὀφιοῦχος,
1656 2321 1670 2346 6
1684 2320 1706 2355 β’
1723 2321 1769 2347 ἀπ’
1786 2321 1875 2357 ἄκρας

1086 2361 1136 2395 τῆς
1149 2362 1231 2396 οὗρᾶς
1242 2361 1452 2397 ἀριθμούμενος-
1471 2363 1583 2399 ἔσχατος
1597 2365 1625 2390 δὲ
1642 2367 1832 2400 μεσουρανεῖοό
1844 2367 1876 2394 ἐν

1086 2407 1124 2441 τῷ
1142 2407 1237 2443 ῥύγχει
1254 2409 1300 2435 τοῦ
1318 2410 1417 2436 Ἵππου
1431 2409 1566 2444 λαμπρὸς,
1586 2411 1632 2437 καὶ
1648 2410 1693 2437 τοῦ
1717 2411 1840 2448 Ὄρνιθος
1860 2412 1876 2438 6

1087 2452 1219 2487 ἑπόμενος
1238 2454 1266 2479 ἐν
1285 2453 1323 2488 τῷ
1343 2454 1480 2489 ἀριστερῷ
1497 2454 1567 2485 ποδὶ,
1588 2454 1634 2480 καὶ
1651 2454 1698 2481 τοῦ
1722 2455 1840 2490 Κηφέως
1860 2457 1876 2483 6

1087 2497 1244 2532 νοτιώτερος
1268 2498 1321 2525 τῶν
1344 2499 1556 2534 προηγουμένων
1580 2499 1627 2526 τοῦ
1647 2500 1735 2532 δεξιοῦ
1753 2501 1830 2536 ὤμου
1850 2501 1874 2537 β’

1086 2540 1220 2574 ὲκφανῶν.
1244 2542 1393 2569 Ἀνατέλλει
1406 2543 1433 2569 δὲ
1449 2544 1462 2569 6
1484 2544 1603 2579 Ἡνίοχος
1616 2545 1644 2570 ὲν
1659 2544 1744 2580 ὥραις
1756 2548 1790 2580 γ’.

1121 2585 1184 2613 ΚΓ¹,
1202 2587 1268 2623 Περὶ
1292 2588 1339 2622 μὲν
1357 2587 1402 2614 οὖν
1419 2588 1467 2620 τὰς
1483 2589 1614 2621 ἀνατολὰς
1630 2591 1683 2617 τῶν
1696 2591 1875 2628 βορειοτέρων

1086 2631 1191 2666 ἄστρων
1208 2633 1254 2659 τοῦ
1273 2633 1404 2665 ζωδιακοῦ
1420 2634 1519 2660 κύκλου
1534 2635 1620 2662 ταῦτα
1633 2637 1776 2672 συμϐαίνει
1794 2638 1824 2664 ἐν
1838 2639 1872 2674 τῇ

1085 2678 1272 2713 προειρημένῃ
1287 2679 1332 2705 τοῦ
1346 2679 1449 2715 κόσμου
1464 2681 1593 2714 ἐγκλίσει·
1607 2682 1671 2717 περὶ
1681 2682 1709 2709 δὲ
1724 2682 1774 2715 τὰς
1788 2691 1875 2710 κατα-

1084 2722 1175 2755 δύσεις
1190 2723 1224 2750 τὰ
1238 2725 1361 2751 τοιαῦτα.

1120 2780 1172 2806 Τοῦ
1190 2780 1294 2807 Βοώτου
1312 2780 1448 2814 δύνοντος,
1473 2784 1668 2817 συγκαταδύνει
1693 2785 1743 2820 μὲν
1766 2785 1841 2821 αὐτῷ
1857 2786 1874 2812 6

1085 2824 1217 2857 ζωδιακὸς
1233 2826 1286 2852 ἀπὸ
1301 2827 1434 2862 Σκορπίου
1447 2828 1500 2862 μοί.
1515 2832 1540 2860 ς’
1553 2829 1605 2860 ἕως
1615 2830 1801 2865 Δίγοκέρωτος
1812 2831 1871 2864 μοι.

1088 2871 1118 2898 ιϐ’
1131 2872 1226 2907 μέσης·
1243 2874 1403 2908 μεσουρανεῖ
1415 2873 1441 2899 δὲ
1457 2873 1510 2900 ἀπὸ
1522 2874 1707 2911 Ᾱίγοκέρωτος
1720 2875 1774 2911 μοί.
1787 2875 1811 2912 β’
1822 2875 1872 2903 καὶ
