4106 6410
287 366 317 424 1
329 367 420 424 10!

1266 342 1637 412 H‘IPPARCHI
1672 349 1765 406 AD
1802 342 2253 403 PHENOMENA
2289 342 2417 398 LIB.
2457 342 2522 397 ιι.

3370 335 3512 393 “0‘2

286 491 336 540 κ’
367 483 473 547 ἕως
497 478 672 553 Κριοῦ
695 479 756 534 δ’.
777 478 894 533 Καὶ
913 484 961 532 α’
990 477 1087 548 μὲν
1116 475 1293 547 ἀστὴρ
1318 474 1464 527 δύνει
1489 473 1518 524 6
1539 468 1857 531 νοτιώτατος

1970 462 2141 519 stralis
2167 468 2249 517 est
2270 460 2506 514 maxime
2532 470 2737 522 earum,
2762 470 2883 527 qua!
2908 454 2967 511 in
2991 453 3221 511 sinistro
3240 450 3412 523 pede;
3434 453 3521 504 ul-

288 574 398 629 τῶν
428 576 485 627 ὲν
511 571 590 643 τῷ
628 568 901 642 ἀριστερῷ
945 567 1084 629 ποδὶ,
1116 565 1339 635 ἔσχατος
1367 563 1423 615 δὲ
1460 564 1489 615 6
1524 559 1857 632 βορειότατος

288 665 398 719 τῶν
447 666 503 717 ὲν
551 662 627 734 τῷ
676 659 998 731 κολλορόὸῳ.
1056 657 1401 727 Μεσουρανεῖ
1444 654 1503 707 δὲ
1547 653 1655 705 τῶν
1683 649 1857 704 ἄλλων

290 755 543 810 ἀπλανῶν
571 758 618 808 α’
643 754 740 824 μὲν
761 750 855 804 :06
881 749 1148 822 Ὄρνιθος,
1176 750 1204 800 ὁ
1222 750 1279 800 ὲν
1310 747 1451 819 μέσῃ
1478 747 1542 815 τῇ
1563 744 1698 814 οὐρᾷ
1721 743 1860 813 λαμ-

292 848 448 919 πρὸς,
479 847 574 899 καὶ
613 843 706 898 :06
735 842 1015 913 Αίγόκερω
1051 841 1080 892 ὁ
1111 838 1412 911 ἡγούμενος
1440 836 1548 889 τῶν
1577 835 1685 888 67:6
1707 834 1858 887 νότου

292 938 715 1011 παρακειμένων
738 937 850 997 τοῖς
877 935 933 987 ὲν
960 936 1025 1003 τῇ
1057 932 1213 1001 οὐρᾷ,
1250 930 1475 999 ἔσχατος
1507 927 1563 979 66
1595 925 1688 980 :06
1721 928 1861 996 Περ-

294 1030 432 1092 σέως
450 1031 478 1082 6
504 1031 561 1081 ὲν
585 1030 651 1098 τῇ
678 1028 861 1097 ’Ἂρπῃ
884 1023 1240 1094 νεφελοειδὴς,
1263 1019 1468 1075 καὶτοῦ
1492 1018 1661 1089 Κριοῦ
1684 1022 1711 1072 ὁ
1737 1020 1863 1072 ἑπό-

298 1138 455 1192 μενος
473 1119 579 1173 τῶν
596 1121 651 1172 ὲν
666 1121 731 1189 τῇ
754 1117 960 1187 κεφαλῇ
977 1121 1045 1183 γ’,
1071 1112 1164 1167 καὶ
1184 1116 1213 1166 6
1236 1111 1533 1182 Σύνδεσμος
1550 1109 1657 1162 τῶν
1680 1108 1859 1165 λίνων.

294 1210 451 1262 Δύνει
484 1208 540 1261 δὲ
572 1208 600 1259 6
637 1206 851 1276 Βοώτης
884 1208 941 1258 ὲν
982 1204 1151 1275 ὥραις
1182 1203 1519 1273 ίσημεριναῖς
1546 1198 1589 1252 δ’
1618 1198 1713 1252 καὶ
1742 1199 1863 1251 δυσὶ

300 1303 523 1372 μέρεσιν
557 1299 730 1372 ὥρας.

365 1392 472 1447 Τοῦ
501 1392 558 1445 δὲ
582 1390 850 1459 Στεφάνου
872 1387 1136 1453 δύνοντος,
1157 1386 1547 1456 συγκαταδύνει
1575 1386 1672 1457 μὲν
1699 1386 1727 1438 ὁ
1755 1384 1863 1449 ζω-

295 1482 480 1545 διακὸς
505 1480 613 1534 ἀπὸ
633 1478 729 1533 τοῦ
760 1478 986 1544 Τοξότου
1018 1477 1127 1548 μοί.
1162 1483 1210 1546 γ’
1246 1477 1340 1529 καὶ
1373 1483 1420 1530 κ’
1449 1476 1553 1540 ἕως
1585 1476 1865 1546 Αίγόκερω

295 1576 337 1629 δ’
369 1576 557 1647 μέσης·
588 1573 909 1645 μεσουρανεῖ
935 1571 992 1625 δὲ
1018 1570 1126 1624 ἀπὸ
1155 1570 1255 1640 τῆς
1288 1570 1463 1641 ἀρχῆς
1494 1570 1601 1623 τῶν
1650 1568 1865 1639 Ἰχθύων

297 1663 404 1728 ἓως
446 1662 664 1734 ’ἰχθύων
693 1662 802 1733 μοί.
845 1658 903 1714 ιδ’
935 1660 1128 1731 μέσης.
1160 1660 1271 1713 Καὶ
1302 1664 1350 1711 α’
1387 1659 1485 1730 μὲν
1518 1658 1692 1730 ἀστὴρ
1720 1658 1864 1711 δύνει

297 1759 327 1810 6
363 1756 742 1827 λαμπρότατος
783 1753 892 1807 τῶν
935 1754 994 1805 ὲν
1036 1751 1116 1823 τῷ
1155 1751 1432 1822 Στεφάνῳ,
1480 1751 1706 1821 ἔσχατος
1744 1750 1801 1802 δὲ
1826 1751 1866 1803 ’ό

299 1847 693 1919 ἀμαυρότερος,
724 1845 819 1898 καὶ
847 1844 1069 1915 ἔσχατος
1101 1842 1175 1896 ὢν
1205 1844 1306 1913 τῆς
1333 1842 1607 1914 ἑπομένης
1639 1860 1867 1914 περιφε-

302 1942 474 2013 ρείας.
510 1940 848 2009 Μεσθυρανεῖ
876 1937 934 1991 δὲ
965 1937 1074 1991 τῶν
1095 1936 1268 1991 ἄλλων
1290 1936 1535 2007 ἀστέρων
1559 1942 1608 1989 α’
1638 1936 1737 2007 μὲν
1760 1936 1868 1993 τῶν

313 2033 530 2105 Ἰχθύων
553 2031 647 2085 :06
677 2030 992 2102 νοτιωτέρου
1020 2030 1048 2081 6
1078 2030 1136 2081 6v
1168 2027 1314 2100 ἄκρᾳ
1336 2030 1403 2099 τῇ
1436 2028 1571 2098 οὐρᾷ
1594 2028 1867 2100 λαμπρὸς,

301 2125 396 2178 καὶ
422 2122 517 2177 τοῦ
544 2122 679 2194 πρὸς
710 2121 860 2175 νότον
894 2120 1058 2173 αὐτοῦ
1088 2120 1339 2191 κειμένου
1368 2117 1867 2190 παραλληλογράμ-

306 2234 406 2289 μου
433 2217 483 2269 οἱ
508 2214 822 2287 ἡγούμενοι,
862 2211 1076 2282 ἔσχατοι
1112 2212 1171 2265 δὲ
1207 2213 1235 2264 ὅ
1273 2229 1334 2265 τε
1367 2213 1426 2265 ὲν
1458 2212 1607 2283 μέσῳ
1646 2212 1724 2283 τῷ
1764 2210 1869 2264 σώ-

306 2326 437 2381 ματι
459 2309 557 2380 τῆς
575 2303 961 2369 Κασσιεπείας,
987 2303 1080 2357 καὶ
1099 2304 1127 2356 6
1152 2305 1210 2356 ὲν
1235 2306 1300 2374 τῇ
1325 2304 1588 2375 ἀριστερᾷ
1607 2305 1749 2375 χειρὶ
1771 2304 1871 2374 τῆς

317 2397 688 2471 Ἀνδρομέδας.
724 2393 880 2449 Δύνει
907 2393 963 2447 δὲ
987 2393 1016 2446 ὁ
1045 2392 1316 2462 Στέφανος
1353 2394 1411 2446 ὲν
1444 2392 1564 2464 ὥρᾳ
1601 2399 1651 2446 α’
1674 2392 1751 2456 ὡς
1782 2391 1872 2460 ἔγ-

302 2504 485 2558 γιστα.

374 2579 481 2633 Τθῦ
521 2579 581 2633 δὲ
629 2578 717 2633 Ἐν
751 2576 939 2646 γόνασι
978 2573 1245 2639 δύνοντος,
1287 2574 1678 2644 συγκαταδύνει
1714 2574 1812 2647 μὲν
1843 2577 1872 2628 6

303 2671 562 2736 ζωδιακὸς
592 2670 699 2724 ἀπὸ
726 2668 820 2722 τοῦ
845 2666 1070 2735 Τοξότου
1102 2666 1211 2737 μοί.
1243 2666 1299 2719 ιδ’
1320 2667 1425 2730 ἓως
1460 2666 1746 2739 Ὑδροχόου
1776 2674 1868 2733 ις’·

306 2762 629 2832 μεσουρανεῖ
658 2758 714 2812 δὲ
755 2756 865 2812 ἀπὸ
899 2756 992 2811 :06
1030 2755 1312 2828 ’Υδροχόου
1347 2755 1456 2827 μοί.
1488 2762 1536 2824 γ’
1564 2757 1659 2809 καὶ
1695 2763 1743 2810 κ’
1768 2757 1874 2821 ἕως

302 2846 516 2916 Ταύρου
554 2845 661 2917 μοί.
693 2850 741 2915 η’
778 2844 971 2915 μέσης.
1005 2845 1116 2897 Καὶ
1152 2850 1199 2896 α’
1237 2844 1336 2914 μὲν
1372 2846 1548 2916 ἀστὴρ
1585 2845 1731 2899 δύνει
1762 2848 1790 2900 6
1815 2848 1873 2900 ἐν

304 2938 452 3008 ἄκρᾳ
478 2939 544 3007 τῇ
572 2935 720 3006 δεξιᾷ
752 2935 915 3007 χειρὶ,
954 2932 1178 3004 ἔσχατος
1215 2934 1273 2987 δὲ
1317 2937 1346 2989 6
1387 2937 1446 2989 ὲν
1486 2934 1562 3006 τῷ
1600 2937 1873 3009 ἀριστερῷ

304 3029 446 3083 ποδί.
487 3029 822 3098 Μεσουρανεϊ
861 3026 918 3078 66
949 3025 1056 3093 τῶν
1090 3025 1262 3079 ἄλλων
1290 3027 1536 3099 ἀστέρων
1560 3029 1654 3082 τοῦ
1689 3030 1785 3100 μὲν
1814 3032 1873 3084 ὲν

303 3120 384 3190 τῷ
416 3118 681 3190 Ὑδροχόῳ
713 3117 901 3181 ὕδατος
936 3120 965 3171 6
991 3120 1245 3190 ἐχόμενος
1269 3118 1377 3174 τῶν
1405 3122 1462 3174 ὲν
1489 3124 1555 3193 τῇ
1585 3121 1624 3174 6'
1648 3139 1873 3194 συστρο-

305 3213 405 3281 φῇ,
433 3208 527 3261 τοῦ
567 3208 623 3262 δὲ
651 3210 846 3261 Ἵππου
884 3211 912 3261 6
940 3208 1272 3280 βορειότερος
1304 3209 1412 3263 τῶν
1456 3212 1513 3265 ὲν
1545 3211 1623 3281 τῷ
1659 3212 1868 3281 σώματι

307 3300 566 3371 συνεχῶν,
595 3299 690 3353 τοῦ
717 3301 775 3354 66
805 3300 1039 3372 Κηφέως
1077 3303 1106 3355 6
1144 3300 1428 3373 ἀριστερὸς
1473 3296 1623 3373 ὦμος
1664 3305 1873 3377 ήμιπή-

306 3408 423 3463 χιον
469 3391 887 3462 ὑπολειπόμενος
929 3390 1024 3444 τοῦ
1076 3390 1468 3463 μεσημϐρινοῦ.
1521 3395 1786 3464 Ἔσχατος
1814 3396 1872 3449 δὲ

309 3484 637 3555 μεσουρανεῖ
659 3481 751 3536 :06
777 3483 833 3536 6v
862 3482 940 3553 τῷ
958 3484 1128 3553 Κήτει
1159 3483 1560 3556 τετραπλεύρου
1585 3487 1614 3538 6
1634 3487 1875 3542 νοτιώτε-

307 3592 402 3647 ρος
431 3574 539 3629 τῶν
566 3573 842 3645 ἑπομένων
864 3573 1151 3647 λαμπρῶν,
1186 3577 1281 3628 καὶ
1309 3578 1339 3629 6
1369 3576 1504 3647 πρὸς
1526 3578 1874 3650 μεσημϐρίαν

305 3664 557 3736 κείμενος
597 3663 1034 3735 ἀκατονόμαστος
1081 3665 1347 3736 λαμπρός.
1397 3666 1552 3720 Δύνει
1603 3667 1660 3720 66
1705 3671 1734 3721 6
1786 3669 1874 3723 Ἐν

304 3757 527 3827 γόνασιν
562 3758 621 3811 ἐν
657 3755 825 3828 ὥραις
851 3755 892 3810 δ’
923 3756 1017 3811 καί¹
1042 3758 1188 3829 τρισὶ
1223 3758 1657 3829 πεμπτημορίοις
1684 3760 1759 3824 ὡς
1784 3760 1875 3829 ἔγ-

304 3867 489 3920 γιστα.

377 3944 504 3999 ΚΔ’.
532 3937 638 3996 Τοῦ
663 3942 720 3995 66
748 3940 1029 4013 Ὀφιούχου
1058 3942 1323 4008 δύνοντος,
1359 3944 1750 4014 συγκαταδύνει
1777 3945 1876 4016 μὲν

302 4038 332 4089 6
360 4035 620 4100 ζωδιακὸς
652 4035 758 4090 ἀπὸ
782 4036 1047 4108 Σκορπίου
1081 4036 1190 4106 μοί.
1220 4044 1286 4089 ια’
1315 4037 1420 4101 ἕως
1447 4037 1729 4111 Αἰγόκερω
1764 4039 1871 4109 μοί.

307 4126 352 4196 β’
375 4141 390 4155 ο
417 4130 735 4198 μεσουρανεῖ
757 4127 811 4182 δὲ
836 4127 943 4181 ἀπὸ
962 4128 1239 4200 Δίγόκερω
1261 4135 1300 4180 ε’
1328 4129 1421 4182 καὶ
1445 4137 1492 4183 κ’
1520 4130 1624 4196 ἓως
1661 4130 1876 4202 Ἰχθύων

310 4225 383 4273 ια’
412 4220 602 4291 μέσης.
638 4220 748 4274 Καὶ
783 4226 830 4272 α’
857 4219 955 4289 μὲν
988 4221 1162 4291 ἀστὴρ
1187 4220 1331 4274 δύνει
1362 4224 1390 4274 6
1415 4223 1472 4275 ἐν
1501 4222 1578 4294 τῷ
1607 4223 1878 4295 ἀριστερῷ

305 4311 453 4377 ποδὶ,
481 4311 706 4383 ἔσχατος
736 4311 794 4365 66
816 4313 844 4364 6
878 4315 937 4365 ὲν
969 4314 1035 4382 τῇ
1060 4313 1292 4382 κεφαλῇ.
1318 4314 1660 4386 Μεσουρανεῖ
1687 4316 1745 4370 δὲ
1770 4316 1877 4371 τῶν

306 4404 483 4460 ἄλλων
520 4403 762 4474 ἀστέρων
799 4410 847 4456 α’
880 4404 976 4474 μὲν
1008 4402 1101 4457 τοῦ
1125 4405 1405 4476 Αίγόκερω
1435 4407 1463 4460 6
1485 4407 1744 4478 ἑπόμενος
1769 4407 1878 4461 τῶν

307 4496 369 4552 ὲν
394 4499 460 4567 τῇ
494 4495 651 4566 οὐρᾷ,
693 4495 788 4547 καὶ
822 4495 916 4547 τοῦ
958 4495 1209 4567 Ὄρνιθος
1249 4497 1277 4549 ό
1312 4496 1650 4568 βορειότατος
1681 4498 1788 4551 τῶν
1821 4500 1878 4552 ὲν
1912 4520 1957 4576 ο

307 4590 380 4659 τῇ
408 4585 555 4656 δεξιᾷ
590 4587 821 4656 πτέρυγι
843 4603 857 4616 θ
891 4586 1116 4657 ἔσχατος
1147 4587 1204 4641 δὲ
1236 4591 1336 4652 τῆς
1373 4590 1741 4654 Κασσιεπείας
1772 4592 1800 4644 6
1822 4591 1879 4644 ὲν

308 4681 378 4750 τῇ
410 4677 640 4748 κεφαλῇ,
670 4677 765 4731 καὶ
786 4678 815 4729 6
844 4679 901 4731 ὲν
925 4678 1003 4750 τῷ
1028 4680 1201 4752 δίφρῳ
1233 4683 1426 4751 μικρός
1449 4699 1463 4712 ·
1493 4682 1586 4735 καὶ
1627 4684 1726 4753 τῆς
1768 4685 1883 4737 Ἀν-

309 4769 574 4842 δρομέδας
607 4773 635 4824 6
682 4769 1017 4842 βορειότατος
1044 4773 1151 4826 τῶν
1186 4774 1245 4826 ὲν
1284 4774 1361 4844 τῷ
1397 4773 1615 4846 στήθει·
1653 4776 1748 4829 καὶ
1786 4775 1881 4829 :06

309 4862 528 4934 Κήτους
551 4863 579 4914 6
602 4860 918 4935 νοτιώτερος
949 4863 1057 4917 τῶν
1087 4865 1144 4917 ὲν
1173 4867 1238 4935 τῇ
1265 4865 1420 4937 οὐρᾷ,
1449 4866 1641 4937 μικρὸν
1664 4867 1881 4921 ὑπολει-

310 4955 546 5024 πόμενος
586 4953 681 5007 :06
726 4953 1118 5026 μεσημϐρινοῦ.
1149 4954 1302 5010 Δύνει
1335 4957 1391 5011 δὲ
1436 4959 1464 5011 6
1508 4957 1788 5028 Ὀφιοῦχος
1823 4960 1881 5012 ὲν

310 5043 480 5118 ὥραις
509 5053 556 5115 γ’
587 5047 663 5111 ὡς
692 5046 938 5116 ἔγγιστα.

384 5137 500 5189 Ὄτ*
543 5136 609 5190 ἂν
654 5137 710 5190 δὲ
752 5140 781 5191 6
821 5139 982 5206 Ὄφις
1022 5136 1200 5201 δύνει,
1250 5137 1307 5190 ὃν
1356 5136 1468 5209 ἔχει
1500 5141 1529 5192 6
1576 5138 1880 5211 Ὀφιοῦχος,

312 5227 705 5295 συγκαταδύνει
737 5229 835 5300 μὲν
861 5229 1008 5300 αὐτῷ
1046 5230 1075 5282 6
1100 5227 1361 5292 ζωδιακὸς
1390 5230 1498 5283 ἀπὸ
1526 5231 1797 5300 Σκορπίου
1828 5250 1882 5297 gr

309 5317 406 5370 καὶ
432 5324 479 5371 κ’
523 5319 695 5389 μέσης
723 5320 829 5390 μοί.
861 5320 966 5383 ἓως
992 5319 1270 5389 Αίγόκερω
1304 5320 1411 5389 μοί.
1450 5320 1528 5373 θ’·
1563 5324 1886 5394 μεσουρανεῖ

309 5408 366 5463 δὲ
390 5410 497 5464 ἀπὸ
529 5411 813 5482 ’Υδροχόου
856 5412 965 5483 μοί.
995 5418 1042 5483 η’
1073 5411 1178 5474 ἕως
1211 5409 1429 5482 Ἰχθύων
1461 5418 1510 5464 κ’
1545 5413 1729 5483 μέσης.
1775 5415 1885 5467 Καὶ

311 5500 519 5570 πρῶτοι
557 5516 656 5572 μεν
686 5501 915 5572 ἀστέρες
943 5502 1187 5555 δύνουσιν
1223 5501 1273 5553 οἱ
1314 5502 1372 5554 ὲν
1399 5499 1477 5572 τῷ
1507 5501 1739 5572 σώματι,
1771 5521 1886 5557 x0:-

311 5592 393 5643 νον⁵
433 5592 586 5655 ὄντες
622 5580 861 5662 καὶτῆς
897 5594 1190 5663 ἀριστερᾶς
1230 5592 1411 5664 χειρὸς
1448 5591 1540 5645 :06
1578 5593 1881 5663 Ὀφιούχου,

311 5680 537 5754 ἔσχατος
570 5686 627 5739 δὲ
668 5686 698 5738 6
740 5687 796 5739 ὲν
835 5685 982 5758 ἄκρᾳ
1012 5688 1078 5758 τῇ
1111 5685 1267 5757 οὐρᾷ.
1300 5686 1639 5756 Μεσουρανεῖ
1681 5685 1737 5739 δὲ
1774 5685 1883 5739 τῶν

308 5772 482 5830 ἄλλων
510 5775 755 5849 ἀστέρων
783 5782 831 5830 α’
866 5777 962 5847 μὲν
990 5777 1020 5829 6
1062 5776 1120 5829 6v
1162 5774 1238 5846 τῷ
1276 5775 1434 5846 δεξιῷ
1479 5775 1600 5830 ποδὶ
1640 5777 1734 5831 τοῦ
1764 5778 1883 5849 Κη-

1956 554 2111 618 tima,
2139 566 2261 624 qua:
2290 557 2376 606 est
2406 549 2643 604 maxime
2684 547 2921 603 borealis
2949 545 3007 600 in
3052 542 3353 600 colloroho.
3388 541 3524 595 Cul-

1958 644 2133 698 minat
2178 657 2249 698 ex
2290 641 2415 697 aliis
2464 639 2834 695 inerrantibus
2876 637 3051 708 prima
3082 633 3304 707 quidem
3336 631 3523 686 lucida

1956 732 2149 805 Cygni,
2177 747 2297 803 quae
2326 731 2490 787 estin
2522 729 2730 795 cauda;
2762 734 2817 783 et
2840 728 2897 781 in
2934 725 3270 796 Capricorno
3303 729 3527 775 antece-

1959 825 2094 882 dens
2115 839 2302 880 earum
2329 838 2450 892 quae
2478 822 2549 877 ab
2569 828 2757 877 austro
2793 818 3046 889 adjacent
3068 816 3137 871 iis
3166 828 3286 884 qua:
3311 816 3441 867 sunt
3468 808 3525 862 in

1959 916 2165 974 cauda:
2206 917 2398 971 ultima
2432 928 2582 979 vero,
2624 913 2781 968 stella
2813 908 3019 975 Persei,
3054 921 3176 977 qua:
3221 905 3278 959 in
3316 902 3520 971 Harpe,

1961 1010 2244 1073 nebulosa,
2263 1017 2317 1063 et
2344 1006 2547 1061 Arietis
2573 1004 2873 1061 succedens
2901 1002 3067 1056 trium
3093 1001 3150 1055 in
3173 998 3380 1068 capite:
3405 1002 3525 1049 tum

1959 1100 2146 1156 Nodus
2172 1101 2428 1154 linorum.
2453 1096 2665 1152 Occidit
2699 1095 2897 1151 Bootes
2926 1092 3080 1148 horis
3110 1087 3469 1161 aequabilihns
3487 1086 3525 1140 4

1962 1200 2016 1248 et
2045 1192 2257 1248 duabus
2288 1192 2556 1262 partibus.
3234 1192 3247 1199 ’

2032 1369 2326 1427 Occidente
2345 1368 2559 1425 Corona
2580 1366 2743 1424 simul
2772 1363 2970 1421 occidit
2998 1359 3252 1417 zodiacus
3281 1372 3312 1412 a
3342 1354 3525 1428 Sagit-

1962 1465 2090 1520 tarii
2118 1472 2272 1531 parte
2294 1462 2366 1517 2'5
2391 1460 2456 1516 ad
2473 1457 2843 1530 Capricornil
2871 1454 3140 1519 mediam;
3163 1449 3428 1507 culminat
3455 1448 3525 1502 ab

1964 1558 2123 1612 initio
2150 1555 2432 1619 'Piscium,
2461 1555 2528 1608 ad
2557 1550 2875 1608 eorumdem
2913 1548 2981 1602 M
3028 1546 3261 1602 mediam
3288 1548 3521 1613 partem.

1963 1645 2147 1701 Prima
2176 1644 2376 1700 occidit
2410 1641 2849 1714 splendidissima
2886 1637 3131 1699 Coronae,
3176 1634 3367 1688 ultima
3403 1645 3527 1703 quae

1966 1747 2051 1794 est
2077 1737 2452 1800 dbscurior,et
2479 1747 2754 1806 postrema
2783 1729 3128 1790 succedentis
3149 1726 3362 1783 circuli.
3396 1723 3528 1779 Cul-

1898 1801 1941 1860 8
1969 1830 2143 1884 minat
2185 1844 2251 1883 ex
2300 1827 2424 1882 aliis
2457 1801 2630 1881 stellis
2663 1824 2815 1895 prior
2846 1818 3027 1877 lucida
3076 1820 3133 1875 in
3183 1817 3528 1874 extremitate

1967 1918 2142 1976 Piscis
2199 1916 2579 1983 australioris;
2611 1925 2665 1971 et
2711 1912 3081 1986 prmcedentes
3133 1911 3190 1965 in
3234 1908 3524 1981 parallelo-

1967 2026 2234 2083 grammo,
2257 2009 2403 2080 quod
2432 2008 2534 2079 ipsi
2564 2007 2631 2062 ad
2659 2006 2940 2062 meridiem
2978 2004 3142 2059 situm
3169 2008 3285 2068 est;
3311 2004 3526 2071 postre-

1968 2120 2073 2160 ma:
2117 2103 2441 2168 culminant,
2480 2116 2601 2171 quae
2630 2100 2686 2153 in
2726 2097 2906 2154 medio
2939 2110 3169 2166 corpore
3198 2093 3526 2164 Cassiepeze,

1969 2204 2024 2253 et
2050 2210 2171 2267 quae
2204 2196 2260 2249 in
2299 2194 2526 2250 sinistra
2557 2206 2721 2246 manu
2751 2187 3135 2244 Andromeda}.
3164 2183 3379 2241 Occidit
3422 2181 3529 2237 Co-

1970 2302 2105 2344 rona
2131 2285 2524 2358 propemodum
2560 2284 2694 2338 hora
2715 2296 2847 2336 una.

2040 2550 2176 2606 Cum
2206 2544 2522 2619 lngeniculo
2548 2542 2750 2599 occidit
2781 2541 3041 2599 zodiacus
3086 2554 3118 2596 a
3146 2539 3318 2612 gradu
3350 2538 3532 2610 Sagit-

1970 2643 2096 2698 tarii
2122 2638 2186 2696 i6
2215 2639 2283 2695 ad
2308 2635 2534 2708 Aquarii
2574 2634 2676 2703 i6;
2704 2634 2967 2690 culminat
2997 2632 3066 2687 ab
3093 2631 3317 2702 Aquarii
3339 2630 3432 2697 25,
3464 2629 3535 2685 ad

1972 2734 2214 2789 medium
2249 2729 2284 2785 8
2307 2727 2496 2783 Tauri.
2530 2724 2687 2780 Prior
2717 2724 2920 2780 occidit
2950 2739 3071 2793 quae
3093 2732 3178 2778 est
3200 2723 3255 2777 in
3278 2723 3537 2778 extremi—

1972 2833 2085 2881 tate
2135 2824 2341 2878 dextraa
2391 2832 2624 2885 manus;
2654 2816 2848 2890 ultima
2876 2831 2997 2886 quae
3026 2815 3081 2869 in
3126 2815 3350 2870 sinistro
3376 2802 3532 2884 péde.

1973 2915 2248 2975 Culminat
2275 2929 2342 2969 ex
2391 2910 2514 2966 aliis
2547 2909 2721 2965 stellis
2773 2908 3009 2978 primum
3051 2920 3171 2976 qua:
3213 2906 3269 2961 in
3308 2905 3538 2977 Aquarii

1978 3021 2119 3079 aqua
2149 3004 2361 3074 adjacet
2390 3000 2458 3054 iis
2485 3016 2607 3070 qua:
2637 3004 2765 3053 sunt
2794 2997 2849 3050 in
2882 2995 3354 3066 6'conglobationc
3384 3003 3541 3050 :tum

1978 3096 2035 3151 in
2064 3095 2216 3165 Equo
2241 3090 2513 3148 borealior
2535 3103 2747 3151 earum,
2775 3102 2895 3157 qum
2920 3087 2973 3139 in
3007 3099 3235 3155 corpore
3263 3085 3539 3140 continuae

1898 3164 1945 3227 ο
1977 3164 2137 3253 sunt;
2164 3188 2291 3240 item
2321 3182 2544 3238 sinister
2574 3180 2833 3234 humerus
2860 3177 3059 3248 Cephei
3099 3176 3192 3247 qui
3215 3176 3352 3232 citra
3375 3179 3540 3232 meri-

1976 3279 2121 3334 diem
2150 3284 2235 3332 est
2262 3273 2619 3331 semicubitali
2654 3271 2766 3327 fere
2797 3272 2993 3342 spatio.
3033 3267 3315 3325 Postrema
3342 3269 3540 3324 culmi-

1976 3380 2072 3426 nat
2096 3386 2165 3425 ex
2196 3365 2567 3440 quadrilatero
2594 3362 2713 3419 Ceti
2744 3378 2868 3434 quae
2894 3361 3191 3417 australior
3224 3372 3309 3417 est
3347 3375 3540 3417 succe-

1978 3461 2220 3517 dentium
2252 3457 2578 3521 lucidarum,
2621 3464 2676 3511 et
2703 3469 2824 3525 quae
2868 3453 2937 3507 ad
2977 3451 3259 3508 meridiem
3308 3453 3411 3508 sita
3455 3461 3543 3509 est

1977 3552 2161 3609 lucida
2195 3564 2390 3607 carens
2420 3549 2660 3603 nomine.
2695 3545 2910 3601 Occidit
2934 3544 3284 3617 lngeniculus
3310 3546 3461 3601 horis
3482 3545 3541 3611 4,

1978 3647 2061 3702 56'
2095 3645 2331 3700 circiter.

2051 3904 2240 3963 XXIV.
2258 3903 2556 3977 Anguifero
2580 3902 3179 3969 occidente,descendit
3206 3917 3311 3957 una
3337 3901 3547 3959 zodiaci

1983 4016 2147 4057 arcus
2178 4016 2208 4055 a
2230 3998 2442 4069 Scorpii
2473 3997 2532 4050 ii
2558 3998 2727 4067 gradu
2757 3996 2824 4051 ad
2844 3995 3162 4066 Capricorni
3189 3994 3258 4060 2;
3283 3995 3548 4050 culminat

1984 4107 2015 4145 a
2045 4087 2367 4160 Capricorni
2392 4086 2465 4141 ‘25
2486 4085 2550 4141 ad
2583 4084 2824 4142 Piscium
2864 4084 2924 4138 11
2960 4083 3219 4138 medium.
3244 4082 3424 4137 Prima
3459 4097 3548 4137 0c-

1983 4182 2117 4238 cidit
2139 4181 2317 4246 stella,
2350 4194 2470 4250 qua:
2507 4186 2592 4234 est
2620 4177 2674 4231 in
2716 4176 2941 4232 sinistro
2972 4174 3143 4244 pede;
3175 4174 3388 4239 ultima,
3424 4188 3547 4243 quae

1984 4278 2068 4328 est
2095 4271 2153 4325 in‘
2180 4271 2379 4340 capite.
2410 4267 2688 4323 Culminat
2719 4282 2785 4320 ex
2818 4264 2939 4320 aliis
2960 4264 3132 4320 stellis
3158 4263 3328 4333 prior,
3362 4261 3549 4332 Capri-

1984 4365 2139 4419 corni
2181 4361 2482 4420 succedens
2519 4361 2574 4414 in
2608 4358 2805 4423 cauda,
2860 4365 2915 4412 et
2949 4355 3121 4427 Cygni
3167 4354 3547 4410 borealissima

1984 4472 2053 4513 ex
2083 4456 2153 4511 iis
2183 4471 2304 4528 quae
2333 4461 2461 4511 sunt
2479 4454 2535 4507 in
2557 4452 2643 4506 ala
2671 4452 2859 4506 dextra
2881 4468 2892 4503 :
2914 4449 3102 4502 ultima
3130 4461 3279 4511 vero,
3311 4461 3432 4515 quae
3461 4454 3548 4500 est

1984 4554 2040 4608 in
2072 4553 2250 4622 capite
2277 4550 2605 4620 Cassiepeae,
2633 4554 2686 4602 et
2716 4561 2879 4617 parva
2897 4560 3016 4616 quae
3050 4544 3105 4598 in
3126 4544 3245 4613 ejus
3266 4551 3351 4599 est
3372 4543 3543 4599 solio:

1982 4654 2096 4699 tum
2135 4644 2372 4700 borealis
2415 4642 2651 4695 maxime
2681 4655 2746 4693 ex
2800 4638 2885 4692 his
2927 4651 3047 4707 qum
3075 4643 3204 4691 sunt
3242 4635 3297 4689 in
3327 4641 3548 4705 pectore

1983 4732 2341 4789 Andromedae
2373 4750 2387 4785 :
2421 4739 2477 4785 et
2508 4726 2907 4783 australissima
2949 4740 3136 4780 earum
3169 4740 3288 4795 quae
3328 4731 3456 4778 sunt
3489 4724 3548 4779 in

1983 4824 2157 4879 cauda
2187 4822 2325 4885 Ceti,
2357 4820 2636 4890 paululum
2665 4818 2799 4871 citra
2822 4815 3183 4873 meridianum
3212 4814 3411 4885 posita.
3438 4813 3547 4869 Oc-

1983 4915 2118 4971 cidit
2141 4912 2464 4985 Ophiuchus
2501 4909 2651 4965 horis
2681 4907 2794 4964 fere
2822 4909 2875 4964 5.

2050 5138 2185 5193 Cum
2207 5135 2491 5207 Serpente,
2514 5152 2672 5206 quem
2703 5144 2848 5192 tenet
2880 5135 3217 5207 Ophiuchus,
3238 5133 3439 5189 occidit
3462 5148 3551 5187 ar-

1985 5246 2083 5285 cus
2107 5228 2314 5283 zodiaci
2341 5245 2371 5281 a
2399 5227 2611 5297 Scorpii
2644 5236 2799 5298 parte
2844 5229 2914 5282 26
2936 5227 3115 5283 media
3165 5224 3231 5281 ad
3276 5235 3486 5297 partem
3515 5226 3549 5281 9

1984 5318 2336 5390 Capricorni;
2366 5318 2629 5373 culminat
2667 5319 2736 5373 ab
2775 5319 3001 5390 Aquarii
3033 5319 3067 5374 8
3102 5317 3173 5374 ad
3211 5319 3441 5373 mediam
3480 5316 3553 5373 20

1985 5410 2246 5466 Piscium.
2276 5409 2474 5465 Primae
2502 5411 2672 5466 stellae
2697 5410 3037 5467 descendunt
3059 5426 3179 5480 quae
3196 5418 3323 5466 sunt
3351 5412 3404 5465 in
3427 5425 3552 5464 cor—

1986 5518 2141 5572 pore,
2172 5517 2491 5558 cnmmunes
2523 5504 2758 5559 sinistra:
2782 5505 2966 5557 manui
2990 5501 3301 5573 Anguiferi;
3335 5502 3549 5563 ultima,

1987 5609 2109 5663 quae
2139 5592 2294 5648 estin
2328 5603 2571 5648 extrema
2606 5592 2800 5649 cauda.
2833 5593 3107 5647 Culminat
3130 5607 3195 5646 ex
3226 5589 3349 5644 aliis
3381 5588 3554 5643 stellis

1984 5686 2158 5755 prior,
2191 5700 2310 5755 qua:
2356 5693 2439 5740 est
2475 5685 2531 5738 in
2581 5684 2774 5739 dextro
2803 5684 2939 5755 pede
2980 5683 3203 5754 Cephei,
3248 5690 3302 5738 et
3332 5696 3452 5753 qua!
3492 5681 3554 5738 in

1987 5780 2165 5834 media
2198 5794 2335 5835 urna
2370 5779 2598 5849 Aquarii
2629 5779 2818 5835 ultima
2842 5793 3052 5845 earum,
3077 5775 3390 5841 australior,
3423 5789 3546 5838 quae
