2053 3214
217 181 221 186 ·
246 172 313 202 “05

735 173 780 201 AD
793 172 926 201 EUSEBII
944 173 1140 203 CHRONICON
1154 175 1337 204 APPENDIX.

1791 178 1857 206 IIM

244 234 308 259 sunt
326 230 353 258 in
365 229 450 257 cauda
466 229 554 258 Piscis
566 231 712 264 australis;
730 235 757 258 et
775 239 835 267 quae
851 236 893 260 est
906 232 933 259 in
952 240 1021 268 genu

1078 234 1154 269 ps‘wg,
1168 235 1215 261 καὶ
1229 235 1243 261 6
1263 235 1291 261 ὲν
1308 234 1376 270 μέσῃ
1387 234 1420 269 τῇ
1437 233 1543 261 κάλπιδι
1554 234 1601 261 τοῦ
1617 235 1769 271 Ὑδροχόου,
1784 237 1851 272 ἐσχα

236 277 406 312 Cassiepeaa.
419 276 525 304 Occidit
536 275 655 312 Serpens
668 277 748 312 ,horis
761 277 817 305 fere
832 278 858 305 5.

266 418 343 445 Cum
360 417 430 453 Lyra
449 416 588 445 descendit
613 424 676 452 pars
699 416 824 450 zodiaci,
845 424 906 452 quae
928 422 970 444 est
988 416 1023 444 ab

243 463 354 498 Aquarii
365 467 441 498 parte
454 463 471 490 4
485 463 519 490 ad
534 462 585 496 l2;
602 463 733 490 culminat
747 463 782 491 ab
793 463 895 491 Arietis
909 463 946 491 25
964 470 1022 490 Ine-

240 511 289 538 dia
303 510 336 537 ad
351 509 433 537 Tauri
445 509 471 536 5.
484 508 573 536 Prima
589 509 690 537 occidit
704 509 794 542 stella,
810 509 967 544 praecedens
982 510 1024 536 lu-

240 557 378 588 eidarum,
391 563 452 590 quae
465 558 530 583 sunt
545 554 573 582 in
586 555 671 591 jugo;
687 556 794 588 ultima,
811 563 872 590 quae
884 563 899 583 a
915 559 1024 591 septen—

245 601 379 629 trionibus
395 601 501 636 adjacet
514 601 620 629 lucidze.
635 601 773 629 Culminat
787 608 819 628 ex
842 601 902 629 aliis
925 601 1023 636 prima,

243 646 333 674 media
346 647 464 679 illarum,
476 654 536 682 quae
548 647 575 674 in
587 647 687 675 Arietis
694 647 797 681 cauda;
808 647 916 679 ultima,
929 654 1024 675 earum

244 692 395 726 stellarum,
407 700 468 727 qua:
481 693 553 720 inter
565 699 698 720 summam
713 691 853 727 cuspidem
866 692 985 720 Pleiadis
997 696 1025 719 et

246 739 416 771 Sueularum,
434 747 495 774 qua:
519 742 583 767 sunt
598 738 626 766 in
641 738 736 766 dextra
752 738 852 770 fronte,
870 738 928 765 sitae
949 741 1023 769 sunt,

245 785 380 813 borealior
400 788 428 812 et
448 784 625 819 splendidior,
641 785 720 812 besse
736 784 820 812 cubiti
839 783 896 812 fere
919 784 1025 811 distans

246 838 261 857 a
275 829 436 858 meridiano.
454 830 520 858 Item
535 830 563 857 in
579 830 683 865 majore
698 830 802 858 ambitu
817 829 903 857 Fluvii
917 830 1026 858 Orionis

246 875 365 903 secunda
380 876 413 903 ad
438 876 663 911 septentrionem,
678 880 704 903 et
718 876 818 907 lucida,
834 883 848 902 a
875 875 1025 903 meridiano

1076 288 1121 311 τος
1134 280 1161 306 δὲ
1177 280 1222 307 τοῦ
1237 289 1266 306 τε
1282 280 1368 306 νοτίου
1387 280 1486 315 ’ἰχθύος
1505 281 1519 307 6
1532 281 1689 316 νοτιώτερος
1709 281 1764 309 τῶν
1779 284 1808 309 ὲν
1826 285 1870 319 τῇν

1076 326 1153 361 οὐρᾷ,
1169 325 1216 352 καὶ
1229 326 1278 361 τῆς
1291 326 1477 359 Κασσιεπείας
1491 328 1505 353 6
1518 328 1547 354 ὲν
1562 327 1602 362 τῷ
1618 327 1721 361 γόνατι.
1739 328 1816 355 Δύνει
1832 329 1859 356 δὲ

1075 372 1089 398 ό
1098 373 1178 406 Ὄφις
1192 371 1221 399 ὲν
1232 371 1316 407 ὥραις
1329 375 1354 406 γ’
1365 372 1402 403 ὡς
1414 372 1537 406 ἔγγιστα.

1111 418 1166 453 Τῆς
1176 417 1205 444 δὲ
1217 418 1308 453 Δύρας
1320 417 1459 452 δυνούσης,
1473 418 1667 452 συγκαταδύνει
1681 419 1730 453 μὲν
1743 419 1758 444 6
1770 419 1859 451 ζωδια-

1076 464 1124 496 κὸς
1135 463 1189 490 ἀπὸ
1199 463 1245 490 τοῦ
1262 463 1402 499 ’Υδροχόου
1416 464 1471 499 μοί.
1482 463 1502 490 δ’
1515 464 1567 495 ἓως
1585 463 1728 500 ’Υδροχόον
1745 465 1800 500 μοί.
1815 465 1859 500 ιβ’·

1078 510 1238 544 μεσουρανεϊ
1257 509 1285 536 δὲ
1299 509 1354 536 ἀπὸ
1372 509 1458 544 Κριοῦ
1474 513 1497 544 γ’
1514 510 1561 536 καὶ
1576 514 1600 536 κ’
1620 511 1705 545 μέσης
1725 511 1777 543 ἕως
1792 512 1860 538 Ταύ-

1077 563 1125 590 ρου
1143 558 1177 588 γ’.
1200 554 1255 581 Καὶ
1270 558 1294 582 α’
1314 554 1363 590 μὲν
1377 555 1466 590 ἀστὴρ
1487 555 1558 582 δύνει
1570 556 1585 582 6
1601 556 1752 591 ἡγούμενος
1764 557 1818 583 τῶν
1834 557 1861 584 ἐν

1076 599 1114 635 τῷ
1136 599 1276 634 ζυγώματι
1299 599 1444 635 λαμπρῶν,
1465 600 1578 635 ἔσχατος
1602 600 1624 627 δ’
1642 601 1657 627 6
1682 602 1730 627 ἀπ’
1754 602 1862 638 ἄρκτων

1076 645 1277 681 παρακείμενος
1290 645 1329 680 τῷ
1338 645 1466 681 λαμπρῷ.
1486 647 1657 682 Μεσουρανεϊ
1666 646 1695 673 δὲ
1704 647 1758 674 τῶν
1775 647 1862 675 ἄλλων

1076 695 1099 717 α’
1120 691 1170 727 μὲν
1191 691 1205 717 6
1220 691 1301 727 μέσος
1317 691 1371 718 τῶν
1389 692 1418 718 ὲν
1433 693 1467 727 τῇ
1482 693 1551 728 οὐρᾷ
1572 691 1619 719 τοῦ
1637 693 1734 729 Κριοῦ,
1750 693 1862 729 ἔσχατος

1075 737 1103 763 δὲ
1115 737 1168 764 τῶν
1183 737 1284 773 μεταξὺ
1301 737 1348 764 τοῦ
1362 746 1392 764 τε
1406 737 1535 771 ὀξυτάτου
1546 738 1596 773 τῆς
1608 739 1735 771 Πλειάδος
1750 740 1797 767 καὶ
1808 741 1863 767 τῶν

1081 782 1194 816 Ὑάδων,
1211 782 1265 809 τῶν
1278 783 1324 810 ἐπὶ
1343 783 1389 810 τοῦ
1404 783 1491 816 δεξιοῦ
1509 784 1649 819 μετώπου,’
1661 786 1677 812 6
1696 785 1863 823 βορειότερος

1076 829 1165 855 αὐτῶν
1183 829 1227 855 καὶ
1243 829 1450 865 ὲκφανέστερος,
1464 830 1678 866 ὑπολειπόμενος
1694 832 1741 859 τοῦ
1757 841 1861 869 μεσημ-

1078 874 1168 908 ϐρινοῦ
1181 874 1218 905 ὡς
1238 874 1260 909 βί
1280 875 1348 909 μέρη
1371 875 1495 909 πήχεως·
1515 876 1561 902 καὶ
1583 876 1632 911 τῆς
1649 877 1771 913 μεγάλης
1787 887 1864 914 περι-

246 922 350 949 distans
364 922 476 949 semisse
489 921 571 949 cubili
584 931 591 954 ;
603 922 666 949 item
682 929 743 956 quae
756 922 826 948 inter
836 921 1022 956 praeeisionem

1078 922 1186 956 φερείας
1207 922 1253 948 τοῦ
1265 923 1317 949 ἀπὸ
1329 922 1376 949 τοῦ
1397 923 1522 959 Ὠρίωνος
1538 924 1664 959 Ποταμοῦ
1684 926 1697 952 6
1710 925 1732 961 β’
1745 926 1801 953 τῶν
1815 927 1864 954 ἀπ’

246 966 339 1000 Tauri,
355 971 382 994 et
396 975 473 998 eam,
493 975 553 1002 qua:
572 971 614 995 est
637 968 664 994 in
692 967 816 1002 seapula,
839 966 918 994 besse
939 966 1030 994 cubiti‘

246 1012 400 1047 praecedens
415 1012 606 1040 meridianum.
619 1012 723 1040 Occidit
739 1012 809 1048 Lyra
824 1012 928 1040 duabus
945 1012 1026 1039 unius

246 1065 318 1085 cura:
332 1058 469 1093 partibus.

276 1199 368 1234 Cygno
383 1198 565 1227 descendente
595 1199 725 1227 zodiacus
747 1199 847 1226 occidit
864 1200 898 1226 ab
912 1199 1025 1233 Aquarii

248 1250 323 1280 parte
335 1245 424 1273 media
437 1246 454 1273 5
467 1246 500 1272 ad
524 1246 642 1272 Piscium
657 1246 706 1278 lit;
725 1245 857 1271 culminat
876 1245 909 1270 ab
926 1246 1026 1272 Arietis

246 1291 280 1319 24
300 1291 388 1318 media
410 1291 443 1318 ad
463 1290 637 1318 Geminorum
654 1290 695 1318 1'2.
716 1290 807 1317 Prima
824 1290 1024 1322 occiditstella,

182 1359 192 1370 .
246 1346 307 1374 quae
322 1342 364 1366 est
376 1339 403 1365 in
415 1338 485 1365 rictu
503 1337 592 1372 Equi;
614 1337 719 1369 ultima,
731 1337 866 1364 borealior
876 1344 906 1363 ex
922 1337 954 1363 iis
968 1344 1027 1371 quae

247 1389 311 1412 sunt
321 1386 354 1412 in
365 1385 536 1411 extremitate
550 1384 598 1410 altc
614 1383 726 1410 dcxlrzc.
745 1382 782 1409 Ex
797 1383 858 1410 aliis
870 1383 956 1410 stellis
968 1383 1026 1409 cul-

247 1431 333 1457 minat
347 1430 423 1465 prior
434 1429 523 1456 lucida
534 1430 560 1456 in
574 1428 669 1456 dextro
686 1429 788 1456 feruore
799 1428 889 1456 Persei
902 1438 907 1461 ;
925 1434 951 1455 et
965 1436 1027 1456 suc-

248 1476 347 1503 cedens
365 1483 457 1503 earum
478 1483 538 1510 qua:
560 1475 586 1502 in
601 1474 687 1502 cauda
704 1477 767 1502 sunt
789 1474 889 1502 Arietis
904 1483 910 1507 ;
930 1474 1027 1501 ultima

247 1529 321 1554 vero,
333 1529 395 1549 cum
421 1522 499 1548 tertia
517 1522 550 1547 ab
569 1528 670 1548 occasu
695 1528 788 1547 earum
801 1541 807 1552 ,
824 1528 885 1555 qum
910 1525 973 1547 sunt
998 1520 1026 1547 in

246 1566 359 1601 pedibus
371 1565 545 1593 Geminorum
565 1572 571 1590 :
585 1565 819 1594 tumantecedcns
835 1566 917 1592 trium
934 1566 960 1591 in
980 1573 1026 1600 ge-

1078 968 1176 1003 ἄρκτου
1192 968 1238 994 καὶ
1262 969 1396 1004 λαμπρὺς,
1416 969 1630 1005 ὑπολειπόμενος
1642 971 1689 998 τοῦ
1710 972 1866 1009 μεσημϐρι-

1077 1013 1121 1039 νοῦ
1141 1013 1177 1044 ὡς
1195 1014 1360 1048 ἡμιπήχιον·
1384 1015 1429 1040 καὶ
1451 1016 1464 1041 6
1490 1015 1591 1050 μεταξὺ
1608 1017 1657 1051 τῆς
1671 1026 1700 1043 τε
1725 1018 1865 1054 ἀποτομῆς

1078 1058 1123 1084 τοῦ
1138 1058 1243 1093 Ταύρου
1258 1060 1305 1085 καὶ
1323 1059 1370 1085 τοῦ
1386 1061 1413 1086 ὲν
1434 1062 1467 1096 τῇ
1483 1061 1643 1097 ὠμοπλάτη,
1660 1064 1866 1099 προηγούμενος

1077 1104 1123 1130 τοῦ
1144 1105 1330 1139 μεσημϐρινοῦ
1354 1106 1390 1137 ὡς
1416 1106 1436 1140 β’
1459 1107 1530 1142 μέρη
1555 1108 1673 1142 πήχεως.
1698 1109 1775 1136 Δύνει
1795 1109 1823 1136 δὲ
1847 1110 1865 1147 ἡ

1078 1149 1154 1185 Λύρα
1168 1150 1196 1175 ὲν
1210 1150 1270 1176 δυσὶ
1285 1151 1395 1185 μέρεσιν
1409 1151 1493 1186 ὥρας.

1111 1195 1163 1221 Τοῦ
1178 1196 1205 1222 δὲ
1223 1197 1347 1231 Ὄρνιθος
1362 1197 1486 1229 δύνοντος
1510 1199 1704 1232 συγκαταδύνει
1721 1200 1771 1235 μὲν
1790 1200 1867 1236 αύτῷ

1076 1243 1089 1268 ό
1111 1241 1241 1273 ζωδιακὸς
1262 1243 1315 1269 ἀπὸ
1341 1243 1386 1269 τοῦ
1413 1243 1555 1278 ’Υδροχόου
1581 1245 1635 1279 μοί.
1662 1249 1682 1271 ε’
1705 1246 1791 1281 μέσης
1813 1246 1866 1278 ἕως

1083 1287 1191 1322 Ἰχθύων
1208 1288 1262 1323 μοί.
1280 1288 1311 1314 ιδ’
1323 1297 1329 1303 ·
1347 1291 1508 1324 μεσουρανεῖ
1523 1290 1551 1316 δὲ
1570 1291 1623 1317 ἀπὸ
1637 1291 1684 1317 τοῦ
1703 1291 1788 1326 Κριοῦ
1808 1292 1864 1327 μοί.

1077 1333 1096 1359 δ’
1112 1335 1158 1360 καί
1179 1337 1202 1360 κ’
1219 1334 1304 1369 μέσης
1321 1335 1372 1366 ἕως
1388 1335 1510 1370 Διδύμων
1529 1336 1572 1371 ιβ’.
1595 1337 1650 1363 Καὶ
1673 1340 1696 1364 α’
1713 1337 1762 1373 μὲν
1777 1338 1866 1375 ἀστὴρ

1076 1379 1147 1406 δύνει
1154 1380 1168 1405 6
1176 1380 1204 1405 ἐν
1212 1380 1251 1414 τῷ
1260 1380 1353 1415 ῥύγχει
1361 1381 1416 1416 [τοῦ
1424 1382 1545 1417 Ἵππου],
1554 1382 1664 1418 ἔσχατος
1673 1383 1700 1410 δὲ
1708 1385 1722 1410 6
1731 1383 1866 1419 βορειότε-

1079 1434 1122 1460 ρος
1130 1426 1183 1452 τῶν
1190 1427 1218 1452 ὲν
1226 1427 1297 1461 ἄκρᾳ
1308 1428 1339 1461 τῇ
1351 1427 1424 1462 δεξιᾷ
1431 1428 1479 1453 πτέ
1485 1437 1556 1463 ρυγι.
1567 1429 1766 1464 Μεσουρανοῦσι
1775 1430 1804 1457 δὲ
1811 1430 1867 1457 τῶν

1077 1472 1162 1498 ἄλλων
1173 1473 1294 1509 ἀστέρων
1305 1473 1407 1508 πρῶτοι
1421 1474 1470 1508 μὲν
1483 1474 1529 1500 τοῦ
1538 1475 1663 1511 Περσέως
1675 1477 1690 1502 6
1704 1476 1732 1502 ὲν
1741 1476 1779 1512 τῷ
1786 1476 1867 1512 δεξιῷ

1078 1516 1156 1551 μηρῴ
1169 1517 1305 1552 λαμπρὸς,
1326 1518 1372 1544 καὶ
1383 1518 1430 1544 τοῦ
1444 1519 1527 1553 Κριοῦ
1541 1520 1554 1545 6
1568 1520 1699 1554 ἑπόμενος
1713 1520 1767 1548 τῶν
1781 1521 1811 1547 ὲν
1829 1523 1865 1557 τῇ

1077 1563 1158 1597 οὐρᾷ·
1178 1563 1284 1597 ἔσχατοι
1299 1564 1326 1590 δὲ
1343 1564 1396 1590 τῶν
1410 1565 1531 1599 Διδύμων
1552 1567 1565 1593 ὅ
1589 1575 1618 1593 τε
1640 1567 1731 1602 τρίτος
1743 1568 1798 1595 ἀπὸ
1820 1568 1867 1595 δύ-

248 1611 344 1642 nibus;
362 1611 432 1637 ultra
449 1610 587 1637 meridiem
608 1609 661 1636 sita
678 1610 753 1645 131
772 1610 954 1638 semicubitali
971 1610 1026 1638 fere

1079 1617 1146 1640 σεως
1159 1609 1212 1634 τῶν
1226 1610 1253 1635 έν
1273 1611 1328 1641 τοῖς
1344 1611 1415 1642 ποσὶ,
1430 1612 1476 1637 καὶ
1489 1612 1503 1636 6
1524 1611 1591 1646 ήγού
1597 1621 1676 1647 μενος
1694 1613 1748 1639 τῶν
1767 1614 1796 1639 ὲν
1810 1614 1866 1645 τοῖς

248 1657 344 1692 spatio.
357 1656 463 1685 Occidit
476 1656 586 1692 Cygnus
603 1657 679 1684 horis
694 1657 804 1684 circiter
824 1657 849 1690 5,
869 1658 920 1684 10'.

283 1789 364 1816 XXV.
386 1788 487 1824 Cephei
509 1791 600 1822 partes
622 1794 660 1814 ea:
684 1787 771 1813 solum
797 1786 942 1818 occulunt,
968 1794 1028 1820 quae

245 1840 311 1864 sunt
325 1835 358 1863 ad
374 1838 464 1870 caput.
476 1833 544 1861 Cum
559 1840 591 1860 eo
604 1832 744 1860 descendit
761 1832 890 1860 zodiacus
905 1833 939 1859 ab
952 1832 1029 1859 Arie-

245 1883 283 1910 tis
299 1882 316 1909 8
335 1885 409 1916 parte
432 1879 521 1907 media
539 1879 572 1907 ad
587 1880 638 1912 M;
655 1878 786 1906 culminat
799 1885 813 1904 a
838 1877 935 1905 Cancri
962 1878 978 1905 9
995 1878 1029 1906 ad

248 1927 292 1954 16.
317 1927 408 1953 Prima
430 1925 510 1953 stella
533 1924 632 1951 occidit
646 1942 654 1950 .
673 1943 678 1949 .
697 1943 704 1950 .
721 1943 728 1950 .
744 1923 882 1950 Culminat
910 1931 943 1951 ex
966 1923 1027 1950 aliis

249 1972 334 1999 stellis
354 1971 449 2006 prima,
470 1969 614 1997 australior
627 1967 724 1995 Cancri
736 1976 769 1995 ex
785 1968 828 1996 his
842 1976 902 2003 qua:
918 1969 951 1995 ab
966 1973 1026 1996 ortu

249 2018 322 2044 circa
337 2015 498 2044 nubeculam
522 2014 581 2042 sita:
598 2018 672 2047 sunt,
695 2014 834 2047 paululum
851 2014 919 2040 citra
945 2014 1028 2041 rueri-

249 2064 320 2091 diem
342 2062 449 2098 posita:
464 2065 520 2088 tum
537 2059 637 2091 lucida,
653 2067 713 2094 qua:
736 2059 763 2085 in
787 2059 958 2086 extremitate
978 2060 1030 2086 Ar~

249 2118 299 2146 gus
323 2109 447 2136 :ultimaz
477 2107 644 2138 culminant,
672 2105 762 2133 lucida
791 2107 817 2133 in
845 2107 1029 2140 anteriorjbus

251 2156 325 2184 Ursae
339 2155 462 2191 genibus,
479 2153 618 2187 paululum
635 2153 702 2179 citra
716 2152 896 2180 meridianum
911 2153 979 2185 sila;
1003 2157 1030 2181 et

248 2201 275 2227 in
290 2199 395 2227 Cancro
408 2197 495 2225 media
514 2196 608 2229 trium,
625 2204 685 2231 quae
706 2200 770 2224 sunt
785 2197 858 2224 circa
881 2198 1028 2225 australem

248 2245 365 2278 Chelen;
386 2251 435 2271 nec
454 2251 508 2270 non
528 2242 622 2278 llydri,
638 2250 699 2277 qutc
715 2243 742 2268 in
760 2242 851 2269 radice
865 2242 945 2275 colli;
968 2247 1028 2270 tum

1079 1655 1173 1688 γόνασι
1193 1658 1228 1688 γ’,
1244 1656 1448 1691 προηγούμενος
1467 1656 1513 1683 τοῦ
1533 1658 1730 1693 μεσημϐρινοῦ,
1746 1659 1784 1691 ὠς
1805 1659 1868 1695 ἡμι-

1080 1700 1184 1734 πήχιον.
1211 1701 1289 1726 Δύνει
1315 1701 1342 1727 δὲ
1361 1702 1374 1727 6
1393 1703 1486 1738 Ὄρνις
1504 1704 1532 1729 ὲν
1551 1703 1637 1739 ὥραις
1661 1707 1685 1738 γ’
1703 1705 1750 1732 καὶ
1770 1708 1797 1738 ς’
1818 1705 1868 1741 μέ-

1080 1753 1131 1780 ρει.

1115 1792 1178 1818 ΚΕ¹.
1191 1792 1241 1818 Τοῦ
1249 1792 1276 1818 δὲ
1286 1792 1402 1827 Κηφέως
1413 1793 1485 1820 δύνει
1496 1794 1530 1820 τὰ
1539 1795 1654 1831 περὶτὴν
1662 1796 1782 1833 κεφαλὴν
1793 1797 1867 1834 μέρη

1081 1835 1169 1868 μόνον.
1184 1835 1238 1861 Καὶ
1255 1837 1448 1869 συγκαταδύνει
1468 1838 1516 1873 μὲν
1530 1840 1604 1875 αὐτῷ
1623 1841 1637 1866 6
1662 1840 1794 1874 ζωδιακὸς
1811 1843 1867 1870 ἀπὸ

1080 1881 1164 1916 Κριοῦ
1189 1882 1243 1916 μοί.
1266 1886 1290 1918 η’
1311 1883 1395 1919 μέσης
1418 1884 1470 1917 ἕως
1492 1886 1577 1921 Κριοῦ
1597 1887 1643 1914 ιδ”
1662 1890 1866 1925 μεσουρανείδὲ

1079 1927 1132 1953 ἀπὸ
1141 1927 1278 1962 Καρκίνου
1295 1930 1352 1964 μοί.
1365 1930 1386 1956 θ’
1400 1930 1451 1962 ἕως
1466 1933 1602 1967 Καρκίνου
1613 1934 1666 1969 μοί.
1682 1939 1718 1967 ις’
1732 1936 1766 1963 θ’.
1775 1936 1830 1963 Καὶ
1841 1939 1868 1963 α’

1082 1973 1130 2007 μὲν
1150 1973 1238 2009 ἀστὴρ
1255 1974 1341 2000 δύνει·
1361 1978 1555 2012 μεσουρανοῦσι
1571 1979 1599 2005 δὲ
1616 1979 1669 2006 τῶν
1683 1980 1770 2008 ἄλλων
1785 1981 1866 2009 ἀστέ-

1082 2027 1134 2053 ρων
1148 2018 1171 2045 α’
1183 2019 1232 2054 μὲν
1241 2019 1287 2046 τοῦ
1301 2029 1330 2047 τε
1344 2022 1480 2057 Καρκίνου
1492 2024 1506 2050 ό
1514 2024 1671 2060 νοτιώτερος
1677 2025 1732 2053 τῶν
1742 2026 1789 2053 ἀπ’
1801 2027 1867 2054 ἁνα-

1080 2064 1158 2100 τολῆς
1184 2066 1248 2102 περὶ
1271 2066 1300 2093 τδ
1322 2068 1443 2102 νεφέλιον
1465 2070 1608 2105 κειμένων,
1634 2073 1732 2108 μικρὸν
1756 2072 1866 2100 ὑπολει-

1080 2110 1196 2154 πόμενος
1213 2111 1259 2137 τοῦ
1276 2113 1471 2149 μεσημϐρινοῦ,
1485 2115 1531 2141 καὶ
1549 2116 1599 2150 τῆς
1621 2117 1735 2152 ’Δργοῦς
1754 2118 1769 2144 6
1784 2119 1813 2144 ὲν
1825 2118 1867 2154 τῷ

1079 2153 1245 2190 ἀκροστολίῳ
1267 2155 1390 2192 λαμπρός
1401 2166 1407 2172 ·
1423 2157 1535 2193 ἔσχατος
1549 2159 1576 2186 δὲ
1596 2161 1646 2196 τῆς
1663 2162 1781 2197 Ἄρκτου
1801 2164 1817 2190 6
1836 2153 1868 2190 ὲν

1078 2200 1134 2231 τοῖς
1149 2200 1324 2236 ἐμπροσθίοις
1341 2203 1436 2236 γόνασι
1453 2204 1587 2241 λαμπρδς,
1605 2207 1702 2242 μικρὸν
1721 2207 1867 2234 ὑπολειπό-

1081 2253 1159 2280 μενος
1172 2246 1218 2272 τοῦ
1245 2249 1430 2284 μεσημῦρινοῦ
1442 2258 1448 2263 ·
1465 2250 1511 2276 καὶ
1527 2251 1573 2277 τοῦ
1595 2252 1733 2287 Καρκίνου
1747 2254 1761 2279 6
1783 2253 1868 2288 μέσος

250 2292 337 2319 lucida
351 2291 379 2318 in
392 2290 474 2318 Navis
485 2290 579 2321 latere,
590 2289 731 2324 paululum
747 2289 817 2316 citra
832 2289 1023 2320 meridianum.

1078 2290 1129 2317 τῶν
1143 2290 1167 2325 γ’
1179 2291 1233 2319 τῶν
1246 2294 1309 2328 περὶ
1324 2294 1372 2329 τὴν
1388 2295 1476 2321 νοτίαν
1488 2295 1579 2332 Χηλήν
1589 2306 1595 2312 ·
1612 2285 1658 2324 καὶ
1676 2299 1723 2325 τοῦ
1738 2285 1836 2335 ’Υδρου
1851 2300 1867 2326 6

249 2338 295 2364 ἐπὶ
306 2339 355 2373 τῆς
369 2338 507 2372 ἐκφύσεως
522 2338 567 2365 τοῦ
584 2338 732 2374 τραχήλου·
748 2339 794 2364 καὶ
828 2338 877 2373 τῆς
898 2337 1012 2373 ’Δργοῦς
1031 2339 1045 2364 6

248 2385 293 2411 τοῦ
310 2385 506 2421 μεσημϐρινοῦ.

283 2452 430 2480 Occidente
442 2453 584 2488 Cassiepea
595 2454 723 2480 zodiacus
735 2461 788 2480 una
798 2453 897 2481 occidit
909 2454 943 2481 ab
952 2454 1029 2482 Arie-

249 2499 283 2525 tis
295 2498 325 2524 21
349 2498 383 2525 ad
403 2497 484 2524 Tauri
509 2498 623 2525 mediam
647 2503 750 2533 partem
773 2499 824 2532 24,;
842 2500 973 2526 culminat
995 2500 1029 2527 ab

248 2544 347 2570 Cancri
366 2544 401 2570 2i
421 2544 454 2571 ad
470 2543 589 2579 Virginis
603 2544 628 2571 5.
643 2543 723 2571 Prior
738 2545 838 2573 occidit
854 2545 933 2573 stella
948 2546 1024 2581 capi—

249 2589 420 2622 tis;.ultima.
437 2596 498 2624 qum
519 2593 561 2617 est
576 2590 604 2617 in
625 2590 750 2624 pedibus.
769 2590 925 2618 Culminant
940 2591 1029 2627 primo

248 2633 348 2661 Leonis
362 2634 483 2661 anterior
494 2641 560 2668 pes;
575 2638 602 2661 et
612 2642 707 2661 earum
724 2643 784 2670 quae
802 2639 867 2663 sunt
882 2636 909 2663 in
926 2636 1027 2672 capite,

249 2681 416 2708 lucidissima
439 2688 511 2708 :nce
533 2688 588 2707 non
607 2681 690 2717 llydri
718 2681 951 2717 splendidissima.
981 2683 1029 2711 Ulo

250 2725 325 2758 timo,
340 2725 472 2753 Draconis
489 2725 609 2753 secunda
623 2734 717 2754 earum
733 2735 793 2762 qua:
810 2727 844 2755 ab
859 2728 946 2755 cauda
965 2733 1029 2756 sunt

249 2770 354 2803 lucida,
374 2775 401 2798 et
419 2778 479 2806 qua:
494 2779 522 2798 ιιι
542 2774 632 2800 rostro
649 2772 744 2806 Corvi;
766 2781 817 2801 nec
841 2780 896 2802 non
915 2781 975 2810 qum
1001 2775 1029 2802 in

284 2848 307 2863 υ
319 2847 381 2880 Reg.
396 2847 434 2874 ιδ’.

1078 2340 1106 2365 ὲν
1125 2340 1200 2375 μέσῳ
1222 2341 1261 2376 τῷ
1280 2342 1362 2377 τοίχῳ
1377 2342 1501 2378 λαμπρὸς
1531 2346 1627 2381 μικρὸν
1654 2346 1869 2382 ὑπολειπόμενος

1117 2455 1173 2491 Τῆς
1197 2456 1225 2483 δὲ
1250 2458 1433 2490 Κασσιεπείας
1449 2459 1588 2496 δυνούσης,
1608 2463 1802 2496 συγκαταδύνει
1817 2464 1869 2500 μὲν

1083 2502 1150 2537 αὐτῇ
1167 2503 1182 2528 6
1194 2502 1322 2535 ζωδιακὸς
1341 2504 1394 2530 ἀπὸ
1409 2505 1494 2540 Κριοῦ
1512 2506 1566 2541 μοί.
1581 2510 1604 2533 α’
1621 2509 1668 2534 καὶ
1680 2508 1704 2535 κ’
1720 2509 1772 2541 ἕως
1792 2509 1868 2537 Ταύ-

1066 2578 1068 2580 »
1084 2556 1130 2582 pou
1154 2547 1173 2574 δ’
1190 2549 1237 2574 καὶ
1253 2551 1276 2575 κ’
1295 2549 1393 2584 μέσης·
1420 2555 1581 2587 μεσουρανεῖ
1599 2553 1627 2580 δὲ
1647 2554 1701 2580 ἀπὺ
1726 2555 1865 2591 Καρκίνου

1085 2593 1139 2627 μοι.
1155 2592 1175 2619 δ’
1190 2594 1236 2620 καὶ
1252 2598 1275 2621 κ’
1289 2595 1341 2627 ἕως
1355 2596 1491 2632 Παρθένου
1507 2601 1537 2625 ε’.
1553 2599 1606 2625 Καὶ
1619 2603 1642 2626 α’
1656 2599 1705 2635 μὲν
1717 2600 1805 2637 ἀστὴρ
1819 2601 1868 2628 δύ-

1082 2646 1121 2665 νει
1141 2640 1155 2665 6
1171 2640 1199 2666 ὲν
1215 2641 1246 2675 τῇ
1263 2642 1377 2677 κεφαλῇ,
1396 2642 1506 2678 ἔσχατος
1517 2644 1545 2670 δὲ
1559 2646 1573 2671 6
1587 2645 1615 2671 ἐν
1629 2646 1684 2677 τοῖς
1699 2646 1773 2673 ποσί.
1793 2647 1870 2674 Μεσ-

1082 2685 1222 2720 ουρανοῦσι
1230 2687 1257 2713 δὲ
1267 2687 1320 2715 τῶν
1327 2688 1412 2716 ἄλλων
1423 2689 1542 2724 ἀστέρων
1552 2690 1576 2717 α’
1585 2691 1634 2726 μὲν
1644 2691 1691 2718 τοῦ
1697 2692 1810 2725 Λέοντος
1817 2693 1831 2720 ὅ
1837 2702 1870 2720 τι

1083 2731 1246 2765 ἑμπρόσοιος
1262 2733 1337 2766 ποῦς,
1350 2734 1396 2760 καὶ
1409 2735 1462 2764 τῶν
1481 2736 1509 2762 ὲν
1522 2738 1553 2772 τῇ
1565 2738 1669 2774 κεφαλῇ
1681 2739 1695 2765 6
1711 2739 1870 2776 λαμπρότα-

1083 2784 1136 2809 τος,
1148 2777 1193 2804 καὶ
1206 2778 1360 2815 τοῦὝδρου
1377 2781 1390 2806 6
1404 2780 1599 2817 λαμπρότατος·
1613 2783 1720 2819 ἔσχατοι
1732 2785 1760 2812 δὲ
1776 2784 1824 2813 τοῦ
1838 2793 1871 2813 τι
