4106 6406
339 468 474 520 1105

1295 456 1662 514 ΙΙΙΡΡΑΒΟΗΙ
1702 457 1791 511 AD
1829 455 2279 512 PII/ENOMENA
2317 455 2443 508 LIB.
2489 455 2548 510 II.

3429 455 3564 512 H06

341 582 636 652 Δράκοντος
659 583 685 633 6
719 579 762 650 β’
798 580 903 632 τῶν
928 580 1036 632 ἀπὸ
1056 579 1152 647 τῆς
1181 579 1347 650 οὐρᾶς
1369 576 1656 648 λαμπρῶν,
1699 576 1791 628 καὶ
1816 575 1909 628 τοῦ

2028 575 2134 644 ejus
2173 574 2367 644 capite.
2422 573 2634 628 Occidit
2665 569 2954 642 Cassicpea
2987 570 3138 627 horis
3166 569 3220 637 2,
3266 576 3317 626 et
3358 571 3567 628 duabus

343 675 581 743 Κόρακος
603 673 631 725 ὅ
655 689 714 724 τε
741 674 798 723 ὲν
826 670 902 740 τῷ
937 671 1126 740 ῥύγχει
1157 671 1251 723 καὶ
1275 673 1302 724 6
1334 672 1389 722 ἐν
1416 672 1480 740 τῇ
1505 668 1732 738 κεφαλῇ.
1753 667 1905 720 Δύνει

337 765 392 817 66
420 766 452 835 ἡ
487 763 821 820 Κασσιέπεια
851 765 909 816 ὲν
932 763 1102 833 ὥραις
1137 760 1182 832 β’
1214 762 1308 814 καὶ
1335 761 1456 813 δυσὶ
1497 761 1717 830 μέρεσιν
1738 758 1904 828 ὥρας.

407 858 518 927 Τῆς
547 856 602 908 δὲ
657 855 1013 926 Ἀνδρομέδας
1061 852 1339 921 δυνούσης,
1377 849 1762 920 συγκαταδύνει
1811 849 1909 917 μὲν

340 950 475 1020 αὐτῇ
505 951 533 1001 6
576 947 836 1012 ζωδιακὸς
863 945 970 1000 ἀπὸ
1012 943 1230 1012 Ἰχθύων
1289 929 1346 1012 β’Δ
1392 943 1487 995 καὶ
1517 948 1561 994 κ’
1604 939 1710 1012 μοί.
1744 939 1910 1010 μέσης

341 1040 444 1102 ἕως
476 1038 644 1108 Κριοῦ
673 1045 722 1108 η’
760 1038 852 1091 καὶ⁴
874 1035 920 1090 κ’
957 1037 1126 1107 μέσης
1145 1052 1157 1066 ·
1193 1035 1517 1105 μεσουρανεῖ
1541 1031 1598 1084 δὲ
1629 1030 1734 1084 ἀπὸ
1765 1029 1914 1083 Διδύ-

347 1148 462 1202 μων
511 1129 559 1184 α¹
600 1132 692 1184 καὶ
745 1137 792 1183 κ’
847 1131 1018 1199 μέσης
1063 1129 1168 1190 ἕως
1213 1126 1440 1187 Λέοντος
1480 1121 1544 1195 β’.
1589 1124 1698 1176 Καὶ
1734 1128 1780 1175 α’
1817 1121 1914 1191 μὲν

343 1224 517 1294 ἀστὴρ
544 1222 689 1276 δύνει
709 1223 737 1275 6
765 1223 820 1276 ἐν
849 1224 915 1294 τῇ
943 1220 1175 1291 κεφαλῇ,
1202 1219 1424 1288 ἔσχατος
1447 1217 1502 1272 66
1526 1217 1554 1269 6
1588 1215 1916 1287 βορειότερος

340 1311 448 1365 τῶν
500 1314 557 1364 έν
599 1311 676 1382 τῷ
725 1310 881 1382 δεξιῷ
914 1311 1053 1364 ποδί.
1095 1305 1505 1380 Μεσουρανοῦσι
1534 1307 1591 1360 δὲ
1619 1305 1724 1358 τῶν
1745 1303 1918 1358 ἄλλων

343 1403 584 1475 ἀστέρων
615 1405 671 1456 ὲν
703 1405 843 1474 ἀρχῇ
889 1403 984 1474 μὲν
1017 1403 1046 1454 ὃ
1068 1419 1127 1454 τε
1156 1403 1213 1455 ὲν
1236 1400 1314 1470 τῷ
1347 1398 1533 1469 ῥύγχει
1555 1398 1651 1468 τῆς
1680 1396 1918 1468 μεγάλης

349 1495 606 1564 Ἀρκτου,
640 1495 733 1547 καὶ
759 1496 788 1548 6
811 1495 869 1547 ὲν
896 1497 962 1565 τῇ
997 1493 1206 1563 κεφαλῇ
1232 1491 1324 1544 τοῦ
1352 1489 1674 1562 ἡγουμένου,
1710 1489 1802 1542 καὶ
1826 1485 1918 1539 τοῦ

347 1585 519 1648 Κυνὸς
564 1587 592 1638 6
630 1585 966 1658 βορειότατος
1014 1585 1120 1638 τῶν
1151 1586 1209 1636 ὲν
1237 1585 1302 1653 τῇ
1346 1581 1574 1650 κεφαλῇ·
1617 1578 1837 1649 ἔσχατον
1865 1577 1922 1630 66

348 1673 742 1744 μεσουρανοῦσι
776 1674 869 1727 τοῦ
907 1690 968 1727 τε
1003 1672 1302 1742 Δράκοντος
1351 1671 1380 1721 6
1424 1670 1482 1722 έν
1522 1667 1667 1739 ἄκρᾳ
1695 1669 1760 1738 τῇ
1789 1666 1924 1735 οὐρᾷ

347 1765 441 1818 καὶ
457 1767 494 1819 ό
522 1765 682 1835 μέσος
706 1765 813 1818 τῶν
845 1769 904 1818 6v
929 1764 1007 1834 τῷ
1028 1762 1279 1835 τραχήλῳ
1305 1759 1469 1814 αὐτοῦ
1495 1758 1542 1828 γ’
1569 1759 1652 1813 ἐπ’
1688 1757 1920 1821 εὐθείας,

345 1856 440 1908 καὶ
465 1855 559 1908 τοῦ
594 1856 805 1927 Ταύρου
834 1858 862 1908 6
890 1853 937 1924 γ’
965 1855 1070 1908 τῶν
1103 1852 1240 1925 μετά
1265 1853 1355 1905 τὸν
1383 1850 1633 1922 λαμπρὸν
1663 1847 1925 1910 ἀνατολὰς

2012 667 2158 720 horae
2191 666 2456 736 partibus.

2077 843 2213 899 Cum
2259 841 2602 897 Andromeda
2648 841 2926 896 descendit
2978 856 3139 896 arcus
3182 841 3388 898 zodiaci
3423 857 3453 896 a
3480 841 3569 896 Pi-

2013 937 2184 992 scium
2214 945 2370 1006 parte
2397 936 2468 989 22
2489 935 2666 990 media
2695 941 2867 1005 lisque
2891 935 2959 989 ad
2982 935 3182 991 Arietis
3205 935 3274 990 28
3298 935 3566 1000 mediam;

2012 1025 2273 1079 culminat
2334 1039 2364 1078 a
2412 1023 2765 1080 Geminorum
2811 1024 2875 1078 21
2939 1025 3114 1079 media
3153 1024 3222 1078 ad
3279 1024 3476 1080 Leonis
3511 1024 3566 1080 2.

2013 1116 2193 1171 Prima
2239 1116 2439 1171 occidit
2480 1132 2600 1187 quae
2631 1125 2714 1172 est
2758 1117 2814 1170 in
2861 1116 3071 1184 capite;
3120 1114 3332 1179 ultima,
3380 1131 3569 1171 earum

2013 1223 2136 1279 quas
2162 1218 2289 1264 sunt
2329 1209 2382 1262 in
2425 1208 2616 1263 dextro
2644 1207 2798 1278 pede,
2830 1208 3116 1264 borealior.
3149 1207 3462 1264 Gulminant
3503 1225 3571 1264 ex

2017 1299 2140 1354 aliis
2171 1298 2366 1362 stellis,
2393 1299 2548 1353 initio
2573 1300 2812 1369 quidem,
2847 1315 2965 1369 quae
2988 1308 3072 1356 est
3103 1302 3158 1355 in
3191 1309 3370 1356 rostro
3399 1300 3572 1370 majo-

2017 1391 2095 1444 ris
2128 1389 2310 1456 Ursae;
2356 1398 2558 1461 etquae
2604 1393 2661 1445 in
2705 1391 2881 1461 capite
2930 1392 3283 1462 praecedentis
3308 1391 3569 1448 Gemini:

2019 1491 2134 1538 tum
2183 1483 2417 1538 maxime
2454 1484 2690 1539 borcalis
2732 1500 2919 1538 earum
2969 1500 3090 1556 quae
3138 1485 3348 1540 suntin
3396 1485 3575 1556 capite

2018 1579 2201 1634 Canis.
2232 1577 2517 1634 Postremo
2548 1580 2848 1634 culminant
2888 1594 2950 1634 ea
2981 1595 3100 1650 qua:
3139 1587 3222 1636 est
3248 1581 3302 1633 in
3336 1588 3575 1638 extrema

2021 1669 2194 1725 cauda
2227 1668 2490 1725 Draconis
2510 1707 2526 1733 ,
2557 1677 2610 1725 et
2641 1671 2817 1726 media
2861 1672 3024 1726 trium
3057 1688 3176 1742 qua:
3206 1673 3262 1726 in
3291 1672 3410 1742 ejus
3438 1673 3577 1727 collo

2023 1763 2078 1816 in
2099 1762 2365 1817 directum
2399 1762 2516 1818 sitae
2544 1769 2690 1817 sunt.
2722 1762 2850 1819 Item
2883 1764 2940 1817 in
2963 1763 3142 1819 Tauro
3173 1765 3331 1819 tertia
3355 1764 3421 1819 de
3443 1778 3578 1834 qua-

2028 1861 2170 1918 tuor,
2201 1869 2322 1925 quae
2361 1855 2427 1910 ad
2457 1855 2720 1910 orientem
2770 1863 2896 1910 sunt
2924 1863 3049 1926 post
3080 1856 3337 1912 lucidam.
3368 1853 3579 1911 Occidit

345 1944 407 1999 δ’.
439 1946 592 1998 Δύνει
629 1946 686 1999 δὲ
731 1949 763 2016 ἡ
814 1945 1134 2016 Ἀνδρομέδα
1185 1947 1241 1998 6v
1283 1942 1452 2014 ὥραις
1491 1940 1538 2010 γ’
1561 1941 1635 2004 ώς
1675 1939 1916 2008 έγγιστα.

2028 1944 2365 2000 Andromeda
2391 1944 2542 2000 horis
2571 1945 2817 2014 proxime
2841 1946 3036 2001 tribus.

419 2034 526 2088 T06
558 2035 615 2089 66
648 2037 842 2089 Ἵππου
871 2035 1134 2099 δύνοντος,
1166 2031 1557 2103 συγκαταδύνει
1587 2032 1684 2102 μὲν
1717 2031 1865 2100 αὐτῷ
1891 2031 1920 2082 6

347 2126 608 2190 ζωδιακὸς
643 2127 750 2179 ἀπὸ
793 2127 1075 2198 ’Υδροχόου
1110 2126 1220 2197 μοί.
1248 2131 1312 2194 ιγ’
1358 2125 1527 2195 μέσης
1558 2122 1663 2185 ἕως
1703 2121 1921 2190 Ἰχθύων

351 2218 460 2288 μοί.
500 2217 565 2287 ιγ’
574 2235 586 2248 ο
610 2221 929 2290 μεσουρανεῖ
958 2219 1015 2271 δὲ
1043 2217 1149 2270 ἀπὸ
1180 2215 1393 2286 Ταύρου
1427 2213 1468 2268 δ’
1501 2214 1671 2283 μέσης
1700 2213 1804 2275 ἕως
1830 2213 1920 2264 Δι-

347 2310 531 2382 δύμων
581 2310 646 2366 ια’
703 2311 896 2382 μέσης.
941 2311 1051 2363 Καὶ
1089 2307 1136 2364 α’
1181 2308 1282 2378 μὲν
1322 2307 1495 2378 ἀστὴρ
1525 2305 1668 2358 δύνει
1694 2306 1722 2357 6
1761 2305 1817 2355 έν
1843 2301 1922 2373 τῷ

351 2401 579 2472 στόματι
605 2401 768 2455 αὐτοῦ
793 2400 1063 2470 λαμπρὸς,
1095 2399 1317 2468 ἔσχατος
1343 2397 1400 2451 δὲ
1425 2399 1452 2450 ὁ
1482 2396 1574 2448 ἐπὶ
1607 2395 1702 2465 τῆς
1724 2393 1921 2462 ὀσφύος

353 2491 626 2563 λαμπρός.
661 2492 1002 2562 Μεσουρανεῖ
1029 2489 1086 2542 δὲ
1112 2489 1218 2542 τῶν
1250 2488 1422 2542 ἄλλων
1459 2484 1505 2541 α’
1539 2486 1636 2557 μὲν
1668 2486 1696 2538 ὅ
1741 2502 1800 2538 τε
1837 2484 1922 2553 βο-

351 2581 618 2651 ρειότερος
673 2579 778 2632 τῶν
836 2576 1034 2649 μεταξὺ
1084 2576 1178 2630 τοῦ
1218 2575 1384 2642 ὀξέως
1417 2574 1514 2645 τῆς
1548 2571 1802 2634 Πλειάδος
1831 2571 1923 2623 καὶ

348 2672 459 2726 τῶν
495 2672 700 2726 Ὑάδων
752 2669 860 2724 τῶν
892 2671 952 2722 ἐν
981 2669 1060 2740 τῷ
1088 2665 1360 2740 ἀριστερῷ
1413 2663 1668 2736 μετώπῳ,
1699 2664 1791 2716 καὶ
1829 2661 1921 2714 τοῦ

350 2762 565 2834 Ταύρου
589 2764 618 2816 6
645 2763 702 2815 ἐν
727 2765 793 2833 τῇ
825 2760 1124 2832 ὠμοπλάτη
1156 2757 1349 2830 μικρὸν
1381 2756 1803 2827 ὑπολειπόμενος
1828 2754 1920 2808 τοῦ

355 2851 748 2925 μεσημϐρινοῦο
787 2851 1003 2921 ἔσχατοι
1033 2850 1089 2904 δὲ
1117 2847 1510 2920 μεσουρανοῦσι
1538 2847 1646 2901 τῶν
1679 2847 1922 2918 Διδύμων

2094 2033 2248 2106 Equo
2292 2033 2657 2090 descendente
2699 2033 2900 2089 occidit
2943 2033 3199 2091 zodiacus
3249 2035 3317 2089 ab
3356 2033 3578 2104 Aquarii

2025 2133 2178 2196 parte
2198 2125 2266 2180 IS
2295 2125 2471 2180 media
2503 2125 2570 2179 ad
2604 2121 2841 2180 Piscium
2873 2125 2977 2192 I5;
3013 2126 3272 2181 culminat
3299 2141 3328 2180 a
3363 2124 3581 2181 Tauri4

2024 2215 2199 2274 media
2220 2216 2286 2271 ad
2303 2215 2648 2272 Geminorum
2669 2217 2728 2271 II
2749 2210 3001 2274 mediam.
3022 2216 3178 2272 Prior
3192 2217 3391 2273 occidit
3405 2218 3580 2282 stella,

2025 2323 2146 2378 quae
2171 2307 2226 2360 in
2249 2307 2367 2376 ejus
2383 2313 2468 2362 est
2489 2322 2584 2362 ore
2609 2306 2818 2373 lucida;
2847 2307 3036 2362 ultima
3057 2322 3179 2378 qua:
3204 2315 3287 2363 est
3313 2309 3369 2361 in
3399 2308 3584 2361 lumbo

2028 2397 2228 2452 lucida.
2256 2396 2488 2452 Medium
2527 2399 2648 2453 coeli
2684 2407 2831 2454 tenet
2859 2415 2925 2454 ex
2956 2399 3077 2454 aliis
3109 2401 3286 2469 primo
3317 2398 3584 2453 borealior

2027 2503 2214 2544 earum
2240 2504 2358 2558 qua:
2375 2499 2502 2543 sunt
2525 2489 2666 2545 inter
2679 2506 2906 2546 acumen
2925 2491 3177 2556 Pleiadis,
3190 2499 3242 2546 et
3260 2489 3584 2545 Sueularum

2028 2594 2149 2649 qua:
2176 2579 2232 2634 in
2265 2581 2486 2635 sinistra
2514 2579 2712 2638 fronte.
2743 2581 2874 2638 Item
2903 2582 3090 2648 Tauri,
3116 2599 3236 2654 qua:
3257 2591 3340 2637 est
3367 2582 3423 2636 in
3465 2596 3585 2636 sca—

2028 2670 2156 2740 puIa
2182 2671 2460 2739 paululum
2497 2672 2634 2726 citra
2658 2673 3014 2728 meridianum
3045 2693 3058 2728 :
3097 2682 3368 2743 postremo
3395 2672 3576 2727 eulmi-

2027 2767 2180 2820 nant.
2208 2762 2401 2817 tertius
2429 2761 2777 2819 Geminorum
2810 2765 2875 2819 ab
2897 2763 3176 2819 occidente
3219 2780 3344 2835 pes;
3375 2770 3430 2818 et
3450 2778 3586 2834 prte-

2029 2850 2229 2907 cedens
2251 2853 2416 2908 trium
2441 2855 2497 2908 in
2522 2855 2770 2925 genibus.
2794 2855 3006 2910 Occidit
3029 2854 3212 2924 Equus
3237 2856 3382 2910 horis
3401 2853 3437 2906 2
3460 2854 3582 2924 1ί2.

353 2949 383 3002 ὃ
407 2965 465 3001 τε
490 2948 670 3017 τρίτος
688 2946 797 3001 ἀπὸ
827 2946 1032 3008 δύσεως
1058 2944 1194 3008 ποῦς
1221 2945 1314 2998 καὶ
1335 2943 1364 2994 ὁ
1389 2943 1686 3014 ἡγούμενος
1744 2941 1852 2995 τῶν
1891 2944 1947 2995 ἐν
1977 2947 2090 3011 τοῖς
2128 2947 2316 3015 γόνασι
2343 2948 2410 3018 γ’.
2476 2950 2629 3006 Δύνει
2665 2951 2722 3004 δὲ
2755 2954 2783 3005 6
2811 2952 3005 3014 Ἵππος
3037 2954 3095 3006 ὲν
3136 2951 3306 3021 ὥραις
3329 2949 3448 3003 δυσὶ
3494 2951 3586 3004 καὶ

353 3037 629 3179 ἡρΤΐὲίὲζ
662 3123 870 3178 Ὀῖστοῦ
901 3122 1167 3188 δύνοντος,
1202 3121 1592 3190 συγκαταδύνει
1640 3121 1737 3192 μὲν
1779 3119 1926 3190 αὐτῷ

2103 3119 2309 3191 Sagitta
2352 3135 2476 3176 cum
2523 3122 2747 3187 occidit,
2781 3121 3062 3178 descendit
3106 3137 3211 3177 una
3256 3124 3512 3180 zodiacus
3555 3142 3585 3180 a

353 3221 384 3272 6
421 3217 680 3280 ζωδιακὸς
713 3214 819 3269 ἀπὸ
848 3214 1129 3284 Αἰγόκερω
1158 3214 1265 3284 μοί,
1304 3211 1346 3276 ζ’
1383 3214 1476 3266 καὶ
1508 3220 1555 3264 κ’
1608 3212 1778 3283 μέσης
1823 3211 1925 3274 ἕως

2031 3211 2207 3267 media
2243 3223 2396 3284 parte
2438 3213 2507 3268 27
2545 3214 2860 3285 Capricorni
2884 3217 2950 3270 ad
2993 3214 3028 3267 2
3064 3215 3298 3269 mediam
3338 3215 3584 3285 Aquarii;

369 3307 650 3380 ’Υδροχόου
705 3306 814 3377 μοί.
847 3305 890 3376 β’
927 3305 1096 3377 μέσης
1121 3322 1132 3335 ·
1169 3307 1492 3375 μεσουρανεῖ
1525 3304 1581 3357 δὲ
1613 3303 1721 3357 ἀπὸ
1761 3301 1930 3373 Κριοῦ

360 3399 470 3471 μοι.
509 3399 566 3452 ιδ’
605 3400 712 3463 ἓως
740 3399 912 3470 Κριοῦ
950 3397 1058 3468 μοί.
1085 3394 1190 3451 κα’.
1220 3397 1328 3449 Καὶ
1359 3403 1406 3449 α’
1441 3396 1540 3466 μὲν
1574 3395 1800 3466 ἀστέρες
1843 3395 1933 3448 δύ-

358 3509 540 3546 νουσιν
580 3493 630 3544 οἱ
674 3495 731 3545 ὲν
761 3495 826 3562 τῇ
879 3489 1115 3560 γλυφίδι,
1162 3489 1388 3558 έσχατος
1419 3487 1476 3540 66
1519 3490 1548 3541 6
1585 3487 1643 3540 ὲν
1670 3489 1736 3558 τῇ
1767 3487 1928 3541 ἀκίδι.

354 3582 766 3654 Μεσουρανοῦσι
795 3583 851 3636 δὲ
877 3583 982 3635 τῶν
1012 3581 1184 3636 ἄλλων
1217 3581 1458 3652 ἀστέρων
1480 3579 1528 3632 α’
1555 3579 1654 3649 μὲν
1676 3576 1768 3630 τοῦ
1795 3579 1934 3648 Περ-

361 3675 502 3738 σέως
527 3676 554 3726 6
580 3677 636 3727 ὲν
658 3673 734 3744 τῷ
756 3672 914 3744 δεξιῷ
942 3671 1096 3743 ὥμῳ,
1126 3672 1218 3724 καὶ
1245 3671 1336 3724 τοῦ
1355 3670 1524 3742 Κριοῦ
1549 3671 1577 3722 6
1603 3669 1933 3740 βορειότερος

355 3765 468 3819 τῶν
500 3766 641 3835 ὑπὲρ
672 3765 771 3836 τὴν
799 3763 964 3835 οὐρὰν
992 3762 1042 3832 γ’
1076 3764 1161 3816 ἐπ’
1202 3762 1417 3826 εὐθείας
1483 3761 1933 3833 ἀκατονομάστων

360 3857 458 3911 καὶ
489 3859 516 3910 6
544 3858 601 3911 ὲν
623 3857 700 3928 τῷ
740 3856 894 3927 νώτῳ
931 3855 1116 3921 αὐτοῦ,
1146 3854 1552 3927 προηγούμενος
1582 3853 1676 3908 τοῦ
1723 3870 1934 3924 μεσημ-

357 3948 550 4018 ϐρινοῦ
596 3946 670 4010 ώς
698 3948 994 4019 ἡμιπήχιον
1020 3963 1034 3977 ⁸
1103 3947 1198 4000 καὶ
1223 3945 1316 3998 τοῦ
1342 3947 1554 4016 Κήτους
1581 3947 1609 3998 6
1635 3945 1933 4015 ἡγούμενος

356 4040 470 4095 τῶν
504 4040 564 4092 ἐν
588 4041 655 4110 τῇ
685 4037 840 4110 νοτία
869 4038 1074 4107 σιαγόνι
1100 4036 1147 4106 γ’
1177 4035 1460 4107 λαμπρῶν·
1483 4034 1694 4105 ἔσχατοι
1719 4034 1773 4087 δὲ
1803 4050 1933 4105 μεσ-

354 4130 651 4202 ουρανοῦσι
702 4128 796 4182 τοῦ
828 4129 1082 4201 Περσέως
1128 4129 1156 4181 6
1198 4130 1253 4182 ἐν
1280 4127 1358 4198 τῷ
1389 4127 1536 4197 μέσῳ
1569 4125 1662 4178 τοῦ
1687 4123 1935 4195 σώματος

356 4219 633 4291 λαμπρὸς,
662 4219 856 4290 μικρὸν
883 4219 1291 4289 προηγούμενος
1315 4216 1408 4270 τοῦ
1436 4213 1824 4286 μεσημϐρινοῦ,
1841 4214 1934 4266 καὶ

354 4311 456 4365 τοῦ
490 4312 704 4382 Κήτους
732 4313 761 4363 6
788 4310 1049 4381 ἑπόμενος
1089 4309 1194 4362 τῶν
1228 4311 1286 4361 ὲν
1322 4310 1387 4379 τῇ
1418 4307 1567 4377 νοτία
1593 4305 1821 4374 σιαγόνι,
1847 4322 1934 4375 μι-

357 4404 495 4476 κρὸν
520 4403 938 4473 ὑπολειπόμενος
966 4401 1058 4454 τοῦ
1087 4397 1476 4471 μεσημϐρινοῦ.
1502 4397 1654 4450 Δύνει
1684 4397 1741 4450 66
1764 4398 1793 4450 6
1825 4396 1932 4448 Ὀϊ-

360 4495 494 4557 στὸς
524 4495 582 4546 έν
609 4491 656 4561 γ’
693 4493 847 4564 μέρει
884 4492 1050 4563 ὥρας.

2032 3301 2296 3356 culminat
2337 3302 2406 3357 ab
2451 3303 2648 3358 Arietis
2684 3310 2836 3374 parte
2884 3304 2950 3358 14
2989 3309 3055 3358 ad
3087 3303 3178 3358 21.
3214 3303 3408 3359 Primae
3439 3307 3584 3360 occi-

2031 3393 2168 3449 dunt
2200 3395 2389 3459 stellae,
2420 3410 2540 3464 quae
2568 3403 2695 3450 sunt
2737 3397 2790 3449 in
2818 3410 3001 3457 ercna,
3028 3396 3234 3463 ultima,
3268 3411 3388 3467 qum
3419 3405 3501 3452 est
3533 3399 3586 3451 iu

2031 3485 2275 3554 cuspide.
2311 3484 2626 3540 Culminant
2649 3501 2712 3540 ex
2739 3485 2860 3541 aliis
2883 3486 3054 3541 stellis
3082 3486 3254 3556 prima
3275 3487 3452 3542 dextri
3482 3489 3584 3541 hu-

2032 3576 2168 3630 meri
2195 3574 2378 3631 Persei
2403 3617 2418 3642 ,
2447 3587 2500 3631 et
2531 3577 2802 3632 borealior
2824 3578 2986 3631 trium
3014 3577 3371 3648 appellatione
3399 3594 3584 3635 caren-

2033 3669 2190 3736 tium,
2225 3684 2348 3740 quae
2391 3684 2554 3739 supra
2593 3669 2823 3724 caudam
2849 3669 3050 3724 Arietis
3095 3669 3151 3723 in
3195 3668 3462 3723 directum
3499 3685 3585 3740 po-

2033 3762 2152 3816 sita:
2194 3771 2340 3827 sunt,
2375 3771 2488 3815 tum
2537 3777 2656 3832 quae
2700 3761 2755 3816 in
2805 3761 2952 3818 illius
2996 3761 3180 3826 dorso,
3227 3761 3588 3817 meridianum

2035 3853 2359 3909 semicubito
2389 3855 2614 3908 circiter
2644 3854 2989 3910 antecedens.
3023 3853 3149 3908 Item
3171 3855 3483 3925 praecedens
3507 3855 3590 3908 ιυ-

2033 3944 2279 3999 cidarum
2309 3947 2471 4001 trium
2502 3961 2623 4017 quae
2655 3947 2707 4000 in
2732 3947 2956 4003 australi
2983 3946 3297 4001 mandibula
3319 3945 3438 4001 Ccti
3461 3963 3474 4010 ;
3499 3961 3579 4015 po-

2033 4043 2250 4092 stremae
2282 4038 2603 4102 culminant,
2641 4038 2817 4094 lucida
2847 4053 2967 4108 quae
2991 4047 3074 4095 est
3099 4039 3155 4093 in
3179 4037 3357 4094 medio
3385 4037 3588 4100 Persei,

2033 4129 2312 4199 paululum
2354 4131 2682 4185 antecedens
2730 4130 3121 4195 meridianum,
3165 4138 3218 4184 et
3256 4130 3592 4200 subsequens

2030 4236 2242 4285 earum,
2276 4237 2398 4291 quae
2439 4221 2492 4276 in
2531 4223 2753 4276 australi
2800 4221 3112 4277 mandibula
3145 4221 3282 4287 Ceti,
3319 4223 3479 4291 paulo
3508 4222 3590 4275 ci-

2032 4319 2115 4365 tra
2147 4312 2525 4368 meridianum.
2559 4313 2768 4368 Occidit
2793 4312 2996 4384 Sagitta
3023 4313 3168 4368 liora:
3199 4313 3418 4367 triente.

430 4586 576 4650 KG’.
593 4583 697 4636 T06
714 4584 770 4636 66
786 4583 966 4637 Ἀετοῦ
983 4583 1246 4648 δύνοντος,
1267 4581 1654 4651 συγκαταδύνει
1669 4581 1765 4652 μὲν
1781 4579 1925 4649 αὐτῷ

2099 4582 2288 4644 XXVI.
2329 4583 2464 4639 Cum
2490 4583 2682 4654 Aquila
2706 4582 2985 4639 descendit
3010 4595 3170 4636 arcus
3193 4579 3394 4636 zodiaci
3417 4594 3447 4632 a
3478 4593 3587 4634 me-

359 4679 390 4730 6
412 4675 674 4739 ζωδιακὸς
701 4675 809 4728 ἀπὸ
824 4675 1023 4743 Αἰγόκε
1033 4692 1107 4745 ρω
1125 4674 1233 4745 μοι.
1255 4673 1318 4739 ιζ’
1338 4675 1508 4744 μέσης
1532 4673 1636 4735 ἕως
1652 4671 1929 4742 Αιγόκερω

360 4785 398 4835 γ
438 4767 530 4818 καὶ
556 4763 630 4818 κ’·
670 4768 990 4835 μεσουρανεί
1017 4765 1073 4817 δὲ
1101 4765 1209 4818 ἀπὸ
1240 4764 1411 4835 Κριοῦ
1432 4764 1539 4834 μοί.
1567 4761 1610 4833 β’
1629 4764 1732 4825 ἓως
1756 4761 1928 4833 Κριοῦ

363 4861 478 4930 μοί.
513 4865 586 4928 η’.
617 4859 726 4912 Καὶ
755 4857 961 4930 πρῶτοι
992 4859 1088 4927 μὲν
1119 4858 1346 4928 ἀστέρες
1369 4857 1682 4910 δύνουσινόῑ
1722 4857 1780 4908 εν
1811 4858 1930 4918 ταῖς

359 4952 588 5024 πτέρυξι
620 4950 663 5022 β’
693 4950 897 5022 μικροὶ,
930 4949 1154 5020 ἔσχατος
1183 4951 1238 5003 66
1271 4951 1298 5002 6
1337 4949 1671 5020 βορειότερος
1721 4947 1827 5000 τῶν
1873 4950 1929 4999 ὲν

363 5051 444 5113 τῳ
481 5042 692 5114 σώματι
737 5041 779 5112 β’
823 5041 1110 5112 λαμπρῶν.
1145 5043 1481 5112 Μεσουρανεῖ
1520 5042 1576 5094 δὲ
1608 5040 1714 5094 τῶν
1757 5039 1928 5093 ἄλλων

365 5128 612 5199 ἀστέρων
667 5128 714 5182 α’
749 5130 847 5198 μὲν
881 5129 977 5199 τῆς
1009 5129 1359 5199 Ἀνδρομέδας
1393 5132 1421 5182 6
1467 5131 1524 5181 ὲν
1554 5129 1630 5199 τῷ
1662 5126 1930 5199 ἀριστερῷ

366 5219 510 5283 ποδὶ,
559 5220 652 5273 καὶ
686 5219 780 5273 τοῦ
814 5220 986 5292 Κριοῦ
1014 5221 1042 5272 6
1081 5222 1242 5292 μέσος
1263 5220 1370 5272 τῶν
1396 5221 1453 5273 ὲν
1483 5223 1550 5291 τῇ
1583 5221 1811 5291 κεφαλῇ,
1839 5221 1930 5273 καὶ

362 5307 460 5358 τοῦ
479 5308 688 5376 Κήτους
709 5309 738 5360 ό
766 5307 1080 5379 νοτιώτερος
1108 5308 1217 5360 τῶν
1247 5308 1525 5377 ἑπομένων
1557 5309 1614 5358 ὲν
1643 5308 1719 5378 τῷ
1740 5326 1931 5380 τετρα-

362 5395 499 5448 πλεύ
509 5413 584 5466 ρῳ
602 5413 616 5427 ο
652 5398 876 5469 ἔσχατος
900 5400 955 5452 δὲ
980 5399 1072 5453 τοῦ
1094 5398 1368 5470 Τριγώνου
1403 5400 1430 5450 6
1458 5399 1718 5468 ἑπόμενος
1745 5399 1850 5451 τῶν
1875 5401 1930 5452 ἐν

359 5489 428 5555 τῇ
482 5487 656 5555 βάσει,
702 5489 1108 5560 προηγούμενος
1161 5490 1268 5543 τῶν
1296 5492 1351 5543 ἐν
1380 5491 1444 5560 τῇ
1479 5489 1662 5560 βορεξᾳ
1700 5490 1926 5558 σιαγόνι.

361 5578 521 5631 Δύνει
549 5579 604 5632 66
632 5581 660 5632 6
703 5579 882 5644 Ἀετὸς
911 5582 966 5634 έν
995 5579 1041 5648 γ’
1069 5581 1223 5653 μέρει
1261 5581 1426 5652 ὥρας.

436 5669 540 5722 Τοῦ
573 5671 629 5724 δὲ
655 5672 904 5741 Δελφίνος
937 5671 1200 5739 δύνοντος,
1228 5671 1615 5742 συγκαταδύνει
1654 5673 1748 5743 μὲν
1779 5676 1806 5725 6
1826 5673 1931 5737 Cui—-

363 5758 549 5825 διακὸς
578 5763 685 5816 ἀπὸ
716 5764 810 5817 τοῦ
848 5764 1128 5836 Ὑδροχὸου
1159 5765 1266 5836 μοί,
1307 5763 1349 5835 β’
1371 5765 1474 5828 ἓως
1512 5765 1788 5835 Ὑδροχόου
1819 5766 1926 5835 μοί.

365 5847 415 5922 η’
468 5853 664 5927 μέσης·
723 5860 1044 5929 μεσουρανεῖ
1089 5858 1143 5910 66
1180 5859 1284 5912 ἀπὸ
1335 5857 1504 5925 Κριοῦ
1539 5857 1582 5911 κ’
1621 5858 1785 5921 μέσης
1830 5858 1931 5917 ἕως

2034 4675 2122 4727 dia
2157 4681 2308 4743 parte
2342 4673 2410 4727 17
2435 4672 2752 4742 Capricorni
2781 4672 2849 4727 ad
2876 4671 2978 4740 25;
3023 4671 3286 4725 culminat
3317 4669 3386 4723 ab
3433 4668 3590 4724 Arie-

2036 4764 2104 4820 tis
2130 4765 2164 4818 2
2195 4763 2261 4818 ad
2289 4765 2342 4818 8.
2367 4762 2562 4818 Prima:
2594 4764 2846 4818 occidunt
2895 4763 3060 4818 stellae
3088 4762 3207 4818 dua:
3236 4775 3433 4832 parvae,
3473 4775 3600 4830 quae»

2035 4857 2092 4910 in
2144 4856 2283 4920 alis;
2333 4863 2628 4925 postrema,
2680 4855 2949 4910 borealior
2989 4854 3288 4908 lucidarum
3336 4852 3589 4916 duarum,

2035 4962 2156 5016 quae
2175 4957 2303 5001 sunt
2333 4949 2386 5000 in
2414 4962 2662 5017 corpore.
2689 4948 2764 5000 Ex
2797 4946 2918 4999 aliis
2940 4944 3112 5000 stellis
3134 4943 3392 4997 culminat
3415 4941 3592 5012 primo

2037 5055 2156 5110 quae
2183 5050 2262 5096 est
2293 5042 2345 5095 in
2379 5041 2735 5095 Andromedae
2763 5041 2987 5095 sinistro
3015 5039 3148 5107 pede
3172 5055 3186 5104 ;
3216 5044 3269 5090 et
3304 5035 3478 5089 media
3500 5048 3592 5088 ca-

2038 5148 2182 5197 rum,
2213 5149 2333 5202 quae
2370 5132 2426 5186 in
2447 5133 2648 5186 Arietis
2677 5131 2875 5202 capite.
2916 5129 3048 5185 Item
3078 5129 3369 5185 australior
3404 5141 3592 5182 succe-

2036 5223 2278 5278 dentium
2315 5225 2431 5279 Ccti
2489 5225 2544 5277 in
2575 5224 2980 5293 quadrilatero;
3014 5222 3204 5274 ultima
3256 5221 3593 5288 subsequens

2037 5330 2222 5371 earum
2249 5332 2370 5386 qua:
2401 5324 2528 5371 sunt
2558 5317 2613 5370 in
2650 5315 2768 5372 basi
2812 5315 3098 5384 trianguli,
3128 5311 3435 5383 praecedens
3473 5310 3593 5364 illas

2037 5422 2157 5477 qua:
2215 5418 2341 5462 sunt
2391 5409 2445 5461 in
2499 5408 2704 5462 boreali
2753 5405 3082 5460 mandibula.
3140 5403 3348 5458 Occidit
3400 5401 3592 5470 Aquila

2038 5499 2185 5554 hora!
2212 5499 2427 5554 triente.

2109 5671 2400 5728 Occidente
2437 5671 2702 5742 Delphino
2749 5685 2870 5724 cum
2909 5684 2974 5724 co
3017 5666 3296 5723 descendit
3338 5663 3598 5718 zodiacus

2038 5766 2105 5820 ab
2129 5765 2348 5834 Aquarii
2377 5771 2527 5834 parte
2549 5763 2584 5816 2
2615 5762 2682 5818 ad
2724 5761 2955 5817 mediam
2980 5761 3045 5825 8;
3073 5759 3333 5814 culminat
3354 5755 3420 5809 ab
3442 5753 3597 5807 Aric-

2039 5859 2110 5914 tis
2133 5859 2201 5914 20
2224 5857 2401 5913 media
2444 5856 2510 5912 ad
2550 5856 2638 5914 29.
2673 5855 2825 5910 Prior
2873 5853 3071 5910 occidit
3128 5848 3453 5906 antecedens
3498 5859 3596 5897 ea-
