4106 6442
505 473 645 531 “07

1488 469 1581 525 AD
1612 467 1883 525 EUSEBII
1924 467 2321 525 CHRONICON
2356 465 2737 523 APPENDIX.‘

3618 462 3760 518 “08

504 606 629 646 rum
659 603 782 661 qua:
824 594 952 644 sunt
991 587 1048 644 in
1084 588 1296 656 cauda;
1343 595 1640 658 postrema,
1677 588 1950 644 borealior
1992 602 2079 644 ea-

2180 585 2352 660 Κριοῦ
2386 585 2431 639 θ’
2459 586 2555 639 καὶ
2585 583 2654 639 κ’.
2687 584 2799 638 Καὶ
2819 590 2868 637 α’
2904 582 3000 653 μὲν
3036 579 3211 653 ἀστὴρ
3235 578 3381 634 δύνει
3406 581 3435 633 6
3459 577 3760 650 ἡγούμενος

504 695 629 735 rum
669 694 791 750 quae
832 679 888 734 in
938 679 1261 733 succedente
1294 678 1463 733 latere
1510 676 1767 733 Rhombi.
1820 676 1899 731 Ex
1951 678 2074 735 aliis

508 769 682 826 stellis
712 769 867 839 prius
898 768 1203 823 culminant
1230 767 1410 823 lucida
1444 767 1609 822 medii
1643 768 1893 839 corporis
1944 766 2071 824 Per-

510 862 611 926 sei,
661 861 942 932 paululum
983 860 1314 915 antecedcns
1366 860 1754 924 meridianum,
1799 867 1853 915 et
1886 874 2077 917 succe-

509 954 647 1009 dens
684 968 873 1008 carum
900 967 1023 1023 quae
1063 960 1193 1007 sunt
1224 952 1278 1005 in
1319 952 1547 1007 australi
1576 951 1892 1006 mandibula
1923 952 2071 1018 Ceti,

510 1045 672 1116 paulo
697 1045 835 1100 citra
866 1044 1227 1099 meridianum
1268 1045 1395 1100 sita.
1428 1043 1712 1101 Postremo
1742 1044 2070 1111 culminant,

508 1151 629 1208 qua!
665 1136 721 1190 in
745 1134 880 1206 pede
904 1135 1132 1192 sinistro
1152 1134 1372 1201 Persei;
1405 1144 1460 1191 et
1490 1135 1763 1192 borealior
1783 1151 1911 1206 pars
1935 1152 2075 1207 prae-

510 1227 756 1284 cedentis
802 1228 990 1285 lateris
1030 1227 1285 1288 Pleiadis.
1338 1226 1553 1283 Occidit
1591 1226 1891 1299 Delphinus
1938 1228 2073 1285 hora

508 1319 756 1377 dimidia.

579 1493 722 1551 Cum
749 1493 948 1551 Perseo
985 1494 1267 1552 descendit
1299 1494 1557 1551 zodiacus
1586 1509 1618 1548 a
1655 1502 1809 1566 parte
1836 1493 2004 1549 Tauri
2037 1494 2074 1549 2

508 1586 578 1642 ad
604 1584 706 1654 29;
737 1587 1002 1644 culminat
1028 1603 1061 1642 a
1088 1586 1288 1643 Leonis
1321 1586 1503 1643 media
1537 1585 1570 1641 6
1591 1586 1659 1641 ad
1689 1585 1924 1642 mediam
1946 1585 2074 1642 Vir-

507 1680 652 1750 ginis
698 1680 786 1735 10.
816 1680 973 1736 Prior
1004 1680 1160 1751 132
1207 1679 1412 1735 occidit
1452 1678 1724 1735 borealior
1743 1677 2074 1734 anteceden-

510 1771 645 1825 tium
688 1771 744 1826 in
768 1769 1077 1843 Gorgonio;
1104 1771 1295 1826 ultima
1322 1786 1454 1828 vero
1485 1786 1675 1828 earum
1706 1787 1827 1843 quae
1858 1779 1987 1827 sunt
2015 1771 2073 1827 in

509 1864 704 1919 dextro
741 1878 901 1936 genu.
935 1862 1249 1919 Culminant
1289 1879 1359 1919 ex
1384 1863 1508 1919 aliis
1554 1864 1728 1921 stellis
1762 1864 1919 1922 ,αἰεο
1950 1863 2074 1935 qui-

509 1954 633 2010 dem
661 1969 727 2010 ea
750 1934 888 2026 ηοω
919 1962 1003 2011 est
1040 1955 1096 2009 in
1135 1962 1327 2010 ventre
1370 1954 1593 2020 Leonis,
1638 1955 1753 2012 sive
1787 1934 2076 2028 propemo-
2103 1934 2147 1990 Β

511 2045 641 2102 dum
672 2047 995 2105 semicubito
1016 2048 1154 2103 citra
1181 2047 1542 2103 meridianum
1573 2050 1700 2103 sita.
1724 2047 1857 2103 item
1879 2055 2077 2119 quarta

512 2154 700 2195 earum
747 2156 869 2211 quae
910 2149 1042 2196 sunt
1082 2151 1208 2211 post
1242 2141 1480 2196 lucidam
1519 2139 1714 2212 Hydri,
1752 2142 2077 2197 semicubito

511 2228 627 2286 fere
664 2232 803 2287 citra
850 2232 1210 2287 meridianum
1261 2232 1461 2302 posita.
1493 2230 1626 2286 Item
1661 2232 1854 2287 ultima
1890 2246 2076 2288 earum

509 2333 635 2388 quae
657 2318 713 2375 in
739 2319 931 2375 carina
957 2328 1084 2375 sunt
1116 2320 1303 2377 Navis.
1343 2319 1644 2376 Postremae
1675 2321 1979 2376 culminant
2012 2337 2077 2378 ea

512 2424 634 2479 quae
663 2420 749 2467 est
781 2411 840 2466 in
873 2413 1046 2467 cauda
1075 2411 1264 2480 Corvi,
1293 2420 1348 2469 et
1377 2429 1498 2484 quae
1528 2414 1583 2468 in
1612 2413 1786 2485 ipsius
1824 2414 2074 2484 pedibus.

512 2499 727 2558 Occidit
750 2501 987 2561 Perseus
1015 2504 1169 2562 boris
1189 2504 1246 2571 2,
1273 2505 1379 2561 20'.

583 2679 718 2735 Cum
749 2678 956 2752 Auriga
988 2679 1271 2738 descendit
1293 2682 1555 2740 zodiacus
1579 2698 1609 2738 a
1634 2682 1800 2739 Tauri
1829 2689 1985 2755 parte
2007 2682 2079 2738 25

366 2742 407 2783 θ’
512 2770 584 2827 ad
624 2769 826 2827 Cancri
869 2742 1101 2828 mediam
1146 2774 1216 2840 2;
1263 2776 1526 2831 culminat
1575 2791 1607 2831 a
1639 2742 1884 2848 Virginis
1927 2777 1965 2831 2
2009 2776 2079 2831 ad

510 2863 805 2919 Cbelsrum
846 2863 936 2919 22.
968 2863 1126 2919 Prior
1165 2865 1369 2921 occidit
1413 2883 1535 2938 qua:
1567 2875 1652 2925 est
1684 2868 1741 2923 in
1777 2869 1914 2939 pede
1943 2869 2079 2925 sini-

515 2957 635 3007 stro
657 2964 677 3017 ς
698 2957 1006 3021 postremae,
1034 2968 1155 3023 quae
1184 2954 1241 3009 in
1273 2955 1468 3025 capite.
1508 2956 1826 3027 Culminant
1859 2974 1890 3016 e
1917 2967 2081 3015 crete-

511 3042 594 3097 ris
640 3042 833 3107 stellis,
887 3043 1045 3100 initio
1090 3061 1213 3116 quae
1269 3056 1355 3103 est
1408 3048 1466 3102 in
1515 3050 1859 3107 extremitate
1894 3052 2081 3108 caudas

512 3128 798 3199 Draconis,
829 3139 885 3189 et
910 3133 1291 3192 borealissima
1320 3137 1584 3205 Corona;
1630 3147 1931 3210 postrema,
1960 3157 2082 3211 quae

2177 677 2284 732 τῶν
2324 680 2382 732 ὲν
2422 681 2488 749 τῇ
2528 677 2683 748 οὐρᾷ,
2717 675 2942 745 ἔσχατος
2966 672 3022 726 δὲ
3050 675 3079 726 6
3116 672 3450 745 βορειότερος
3473 670 3581 723 τῶν
3605 672 3662 723 ὲν
3689 672 3757 739 τῇ

2177 769 2417 841 ἑπομένῃ
2460 768 2666 839 πλευρᾷ
2692 765 2785 819 τοῦ
2831 763 3082 834 Ῥόμόου.
3107 761 3519 835 Μεσουρανοῦσι
3560 760 3617 814 δὲ
3650 760 3759 814 τῶν

2176 860 2375 913 λοιπῶν
2401 859 2644 932 ἀστέρων
2681 856 2888 928 πρῶτοι
2918 855 3015 926 μὲν
3039 856 3067 908 ὅ
3093 872 3153 907 τε
3178 855 3235 907 ὲν
3267 854 3416 926 μέσῳ
3438 851 3517 923 τῷ
3544 851 3758 923 σώματι

2175 954 2269 1008 τοῦ
2322 952 2576 1025 Περσέως
2619 949 2890 1021 λαμπρὸς,
2944 948 3138 1020 μικρὸν
3196 944 3608 1019 προηγούμενος
3659 941 3755 997 τοῦ

2180 1041 2573 1116 μεσημϐρινοῦ,
2607 1041 2701 1096 καὶ
2744 1040 2774 1093 6
2815 1040 3079 1109 ἑπόμενος
3115 1038 3222 1091 τῶν
3264 1040 3320 1092 ὲν
3349 1040 3416 1107 τῇ
3455 1036 3605 1108 νοτία
3634 1051 3756 1088 σια-

2156 1138 2292 1206 ηγόνι
2319 1134 2412 1189 τοῦ
2441 1136 2676 1205 Κήτους,
2719 1131 2911 1203 μικρὸν
2954 1130 3382 1201 ὑπολειπόμενος
3413 1126 3506 1182 τοῦ
3542 1144 3757 1199 μεσημ-

2174 1226 2380 1300 ὅρινοῦ⁸
2410 1225 2627 1296 ἔσχατοι
2653 1224 2711 1277 δὲ
2736 1224 2785 1277 οἱ
2815 1224 2873 1277 ἐν
2901 1222 2977 1294 τῷ
3000 1220 3274 1293 ἀριστερῷ
3291 1220 3479 1289 γόνατι
3499 1218 3593 1273 τοῦ
3614 1220 3756 1290 Περ-

2174 1318 2333 1381 σέως,
2366 1317 2591 1386 καὶτῆς
2636 1313 2891 1377 Πλειάδος
2946 1313 3006 1366 τὸ
3056 1312 3391 1384 βορειότερον
3450 1310 3615 1382 μέρος
3653 1308 3756 1378 τῆς

2172 1408 2480 1481 ἡγουμένης
2534 1407 2793 1479 πλευρᾶς.
2828 1404 2984 1459 Δύνει
3032 1405 3089 1458 δὲ
3119 1407 3147 1458 6
3183 1403 3375 1472 Δελφὶς
3400 1403 3458 1456 ὲν
3480 1400 3753 1472 ὴμιωρίῳ.

2248 1498 2355 1554 Τοῦ
2389 1498 2447 1551 δὲ
2481 1496 2734 1569 Περσέως
2764 1496 3029 1563 δύνοντος,
3060 1493 3453 1564 συγκαταδύνει
3482 1493 3580 1564 μὲν
3606 1491 3759 1562 αὐτῷ

2171 1593 2200 1645 6
2226 1589 2486 1656 ζωδιακὸς
2508 1590 2615 1643 ἀπὸ
2636 1589 2730 1642 τοῦ
2751 1588 2963 1659 Ταύρου
3002 1588 3111 1659 μοί.
3133 1586 3177 1658 β’
3206 1588 3311 1651 ἓως
3344 1586 3559 1658 Ταύρου
3577 1584 3689 1655 μοί.
3710 1584 3758 1637 0'

2172 1681 2269 1735 καὶ
2292 1678 2360 1734 κ”
2387 1697 2552 1752 μεσου
2562 1682 2711 1752 ρανεῖ
2724 1679 2781 1733 δὲ
2798 1679 2906 1733 ἀπὸ
2919 1679 3144 1742 Λέοντος
3167 1676 3220 1743 ς’
3240 1677 3411 1749 μέσης
3430 1677 3534 1740 ἕως
3553 1674 3762 1746 Παρθέ-

2172 1791 2262 1827 νου
2290 1770 2320 1826 ι¹
2341 1774 2532 1845 μέσης.
2560 1773 2670 1826 Καὶ
2697 1778 2746 1824 α’
2776 1772 2875 1842 μὲν
2897 1770 3070 1842 ἀστὴρ
3096 1770 3239 1824 δύνει
3261 1770 3368 1823 τῶν
3388 1769 3541 1840 ἐντῷ
3567 1770 3762 1841 Γοργοσ

2173 1865 2272 1936 νίῳ
2292 1868 2320 1919 6
2365 1865 2700 1937 βορειότερος
2736 1863 2844 1917 τῶν
2884 1863 3220 1935 ἡγουμένων,
3241 1862 3468 1933 ἔσχατος
3492 1861 3550 1914 δὲ
3571 1859 3679 1913 τῶν
3699 1862 3759 1914 ἐν

2173 1958 2251 2031 τῷ
2274 1958 2431 2028 δεξιῷ
2454 1957 2660 2027 γόνατι.
2677 1955 3088 2027 Μεσουρανοῦσι
3107 1956 3165 2009 δὲ
3181 1953 3289 2007 τῶν
3315 1954 3491 2008 ἄλλων
3512 1953 3761 2026 ἀστέρων

2175 2052 2403 2122 ὲνάρχῇ
2441 2049 2539 2120 μὲν
2575 2050 2604 2102 ὅ
2638 2065 2697 2100 τε
2737 2050 2795 2103 ὲν
2827 2051 2893 2120 τῇ
2932 2048 3132 2119 γαστρὶ
3159 2046 3253 2101 τοῦ
3273 2048 3517 2111 Λέοντος,
3556 2044 3637 2118 [ἦ]
3681 2045 3760 2110 ὡς

2173 2142 2475 2212 ἡμιπήχιον
2520 2139 2949 2210 ὑπολειπόμενος
2991 2137 3084 2193 τοῦ
3126 2137 3632 2210 μεσημϐρινοῦ,καὶ
3662 2136 3758 2190 τοῦ

2177 2231 2375 2304 ’Υδρου
2402 2231 2432 2282 6
2457 2228 2715 2301 τέταρτος
2737 2228 2846 2281 τῶν
2870 2227 3007 2299 μετά
3033 2229 3123 2281 τὸν
3148 2226 3419 2299 λαμπρὸν,
3442 2226 3517 2290 ὡς
3547 2227 3760 2298 ἡμιτιή-

2177 2337 2293 2393 χιον
2345 2319 2753 2392 προηγούμενος
2803 2318 2900 2372 τοῦ
2937 2319 3329 2390 μεσημϐρινοῦ,
3367 2320 3458 2373 καὶ
3491 2319 3589 2389 τῆς
3628 2320 3757 2392 Ἀρ-

2175 2412 2307 2482 γοῦς
2328 2415 2355 2466 6
2376 2412 2598 2483 ἔσχατος
2629 2410 2739 2465 τῶν
2764 2412 2822 2465 ὲν
2853 2413 2919 2482 τῇ
2945 2413 3142 2482 τροπῇ·
3170 2410 3387 2481 ἔσχατοι
3411 2410 3467 2463 δὲ
3496 2426 3760 2481 μεσουρα·

2176 2501 2359 2557 νοῦσιν
2379 2504 2408 2555 ὃ
2427 2520 2487 2556 τε
2504 2504 2562 2555 ἐν
2585 2505 2650 2574 τῇ
2672 2503 2809 2574 οὐρᾷ
2839 2500 2934 2555 τοῦ
2957 2502 3204 2573 Κόρακος
3223 2502 3318 2555 καὶ
3338 2504 3366 2555 6
3385 2504 3443 2555 ὲν
3462 2504 3575 2565 τοῖς
3599 2502 3759 2555 ποσὶν

2176 2593 2363 2649 αὑτοῦ.
2398 2593 2554 2648 Δύνει
2594 2593 2652 2647 δὲ
2680 2594 2709 2647 ὁ
2745 2592 2987 2665 Περσεὺς
3013 2595 3070 2646 ὲν
3098 2591 3268 2664 ὥραις
3296 2591 3341 2663 β’
3372 2592 3466 2645 καὶ
3497 2590 3544 2661 γ’
3578 2592 3755 2665 μέρει.

2249 2683 2357 2738 Τοῦ
2394 2683 2452 2737 δὲ
2492 2683 2734 2755 Ἠνιόχου
2771 2676 3037 2748 δύνοντος,
3064 2683 3452 2754 συγκαταδύνει
3489 2685 3586 2755 μὲν
3607 2684 3759 2756 αύτῷ

2177 2777 2207 2829 ὀ
2228 2773 2489 2839 ζωδιακὸς
2533 2775 2642 2828 ἀπὸ
2679 2773 2893 2846 Ταύρου
2936 2774 3045 2845 μοί.
3071 2771 3121 2843 γ’
3144 2775 3238 2829 καὶ
3272 2772 3319 2827 κ’
3352 2773 3459 2838 ἓως
3478 2774 3757 2846 Καρκίνου

2181 2864 2225 2938 β’
2252 2866 2423 2937 μέσης
2442 2883 2456 2897 ο
2496 2870 2815 2938 μεσουρανεῖ
2841 2866 2897 2919 δὲ
2930 2866 3037 2920 ἀπὸ
3061 2865 3337 2938 Παρθένου
3357 2864 3407 2936 ﬁ"
3429 2866 3534 2929 ἕως
3561 2866 3760 2937 Χηλῶν

2181 2956 2227 3029 β’
2254 2959 2349 3014 καὶ
2380 2957 2449 3014 κ’.
2476 2958 2587 3011 Καὶ
2623 2957 2671 3013 α’
2709 2958 2807 3030 μὲν
2841 2957 3013 3031 ἀστὴρ
3041 2958 3188 3012 δύνει
3227 2960 3256 3011 6
3283 2958 3339 3010 ἐν
3375 2957 3453 3029 τῷ
3483 2959 3761 3034 ἀριστερῷ

2180 3050 2322 3115 ποδὶ,
2351 3048 2567 3121 ἔσχατοι
2596 3050 2653 3103 δὲ
2692 3050 2742 3102 οἱ
2778 3051 2836 3102 ὲν
2872 3053 2940 3121 τῇ
2980 3049 3211 3121 κεφαλῇ.
3255 3049 3663 3121 Μεσουρανοῦσι
3700 3051 3761 3106 δὲ

2178 3140 2288 3195 τῶν
2336 3141 2510 3196 ἄλλων
2538 3142 2780 3213 ἀστέρων
2810 3143 2868 3195 ὲν
2890 3143 3028 3214 ἀρχῇ
3064 3142 3161 3213 μὲν
3191 3141 3285 3195 τοῦ
3315 3143 3614 3214 Δράκοντος
3638 3144 3668 3196 6
3700 3145 3762 3199 ὲν

512 3222 574 3277 in
600 3223 779 3279 media
809 3232 897 3281 est
932 3227 1160 3283 australi
1203 3227 1390 3286 Cbela.
1427 3228 1646 3286 Occidit
1673 3230 1875 3303 Auriga
1914 3234 2079 3303 paulo

2182 3232 2328 3305 ἄκρᾳ
2349 3236 2415 3305 τῇ
2444 3233 2599 3306 οὐρᾷ,
2626 3232 2721 3286 καὶ
2751 3232 2845 3287 τοῦ
2869 3233 3138 3303 Στεφάνου
3161 3235 3190 3287 6
3218 3233 3576 3303 βορειότατος,
3601 3233 3765 3306 ἔσχα-

512 3314 639 3388 plus
668 3315 821 3373 horis
849 3318 905 3375 5.

584 3495 860 3588 Hactenus
877 3498 945 3555 de
965 3501 1219 3558 omnibus
1235 3501 1445 3588 αοᾶίσοί
1470 3504 1869 3562 borealioribus
1889 3506 2082 3578 imagi-

512 3587 696 3645 nibus.
729 3587 968 3646 Cateras
1000 3591 1142 3648 libro
1169 3587 1431 3665 sequente
1454 3595 1768 3662 reddemus,
1804 3598 1858 3654 id
1894 3599 2084 3657 obsera

512 3688 729 3746 ventes,
761 3687 821 3737 ut
848 3696 919 3737 ne
937 3682 1146 3753 justum
1173 3685 1394 3741 modum
1427 3686 1535 3742 iste
1561 3687 1699 3744 liber
1724 3690 1973 3745 excedat.

519 3881 674 3939 Finis
735 3883 878 3963 libri
916 3888 1153 3963 secundi
1187 3886 1602 3963 Enarrql‘ionum
1662 3889 1959 3963 Hipparchi
2012 3895 2082 3949 ad

842 3957 1001 4013 Arati
1027 3967 1079 4013 et
1106 3959 1321 4014 Eudoxi
1357 3960 1735 4019 Phamomena.

2183 3339 2275 3386 τος
2296 3322 2352 3375 δὲ
2379 3325 2408 3376 6
2435 3325 2493 3376 ὲν
2526 3322 2667 3396 μέσῃ
2695 3325 2760 3394 τῇ
2798 3323 2949 3394 νοτία
2975 3322 3149 3394 Χηλῇ.
3180 3321 3337 3375 Δύνει
3369 3321 3427 3377 δὲ
3455 3324 3484 3377 6
3514 3322 3762 3395 Ἡνίοχος

2190 3414 2370 3486 μικρῷ
2398 3414 2578 3469 πλεῖον
2610 3415 2644 3486 ἢ
2684 3414 2854 3487 ὥραις
2882 3421 2952 3483 γ’.

2255 3507 2553 3579 Εἰρηκότες
2590 3508 2654 3580 δὴ
2697 3508 2827 3581 περὶ
2873 3508 3091 3563 πάντων
3136 3508 3244 3563 τῶν
3279 3509 3634 3582 βορειοτέρων
3663 3510 3762 3564 τοῦ

2188 3598 2450 3665 ζωδιακοῦ
2494 3601 2729 3673 ἄστρων,
2781 3601 2909 3673 περὶ
2956 3600 3064 3655 τῶν
3095 3601 3295 3657 λοιπῶν
3324 3605 3381 3657 ὲν
3412 3601 3491 3675 τῷ
3517 3602 3767 3676 ἐχομένῳ

2188 3693 2559 3765 ἀπδὼσομεν,
2602 3693 2986 3766 στοχαζόμενοι
3016 3694 3119 3766 τῆς
3148 3695 3489 3768 συμμετρίας
3515 3694 3609 3749 τοῦ
3635 3711 3766 3750 συν-

2187 3783 2488 3855 τάγματος.
3266 3794 3271 3799 ’

2194 3896 2374 3963 Τέλος
2417 3897 2748 3969 Ἱππάρχου
2774 3897 3170 3969 τῶν-,Ἀράτου
3207 3901 3306 3955 καὶ
3333 3899 3603 3967 Εὐδόξου
3624 3904 3767 3959 Φαι-

2508 3968 2779 4038 νομένων
2824 3968 3210 4040 Ἐξηγήσεων
3234 3971 3339 4026 τοῦ
3368 3969 3450 4037 β’.

530 4103 3740 4143 _..._.____.____.._._______.._.______________________

1716 4235 2526 4354 ΙΠΠΑΡΧΟΥ

1140 4445 1300 4516 ,ΊΩΝ
1321 4449 1614 4505 ΑΡΔΤΟΥ
1639 4448 1769 4504 ΚΑΙ
1792 4444 2076 4501 ΕΥΔΟΞΟ

2176 4448 2653 4505 ΦΑΙΝΟΜΕΝΩΝ
2686 4449 3120 4512 ΕΞΗΓΗΣΕΩΝ

1824 4585 2264 4674 ΒΙΒΛΪΟΝ
2334 4580 2443 4674 Γ’.

1750 4864 2529 4982 HIPPARCHI

1139 5086 1739 5145 ENARRATIONUM
1767 5088 1866 5144 AD
1904 5088 2079 5145 AR.“

2176 5086 2249 5144 ΞΤ
2278 5084 2573 5144 EUDOXI
2602 5082 3109 5144 ΡΗΑΞΝΟΜΕΝΑ

1625 5240 1989 5328 LIBER
2081 5239 2638 5330 TERTIUS.

2122 5416 2190 5434 ο-,ι

583 5505 798 5578 1331.
816 5505 1110 5579 Superiore
1124 5508 1285 5573 libro,
1304 5507 1585 5575 Aﬁschrio,
1605 5507 1674 5565 de
1687 5508 2079 5565 borealioribus

2264 5505 2342 5558 A'.
2382 5502 2798 5576 Προειρηκότες,
2828 5494 2874 5555 ὢ
2895 5503 3189 5573 Αἰσχρίων,
3230 5504 3287 5556 ὲν
3318 5502 3396 5574 τῷ
3426 5503 3535 5576 πρὸ
3572 5506 3769 5560 τούτου

509 5596 739 5653 zodiaco
770 5598 980 5654 circulo
1014 5597 1347 5669 imaginibus
1377 5599 1617 5655 diximus
1640 5639 1657 5664 ,
1689 5614 1929 5670 quonam
1961 5613 2079 5654 cum

2190 5596 2529 5667 συντάγματι
2542 5612 2607 5647 πε
2616 5594 2670 5665 pl.
2682 5593 2789 5647 τῶν
2805 5593 3043 5665 βορειοτέ
3052 5611 3157 5664 ρων
3171 5594 3383 5665 ἄστρων
3395 5595 3488 5648 τοῦ
3503 5594 3769 5659 ζωδιακοῦ

510 5685 669 5755 signo
695 5685 764 5742 de
788 5685 1078 5744 duodecim
1109 5688 1360 5744 oriantur
1383 5697 1438 5744 et
1463 5688 1717 5747 ocoidant
1744 5706 1759 5756 ;
1794 5699 1907 5743 tum
1941 5688 2079 5760 quod

2187 5692 2390 5746 κύκλου
2412 5733 2426 5757 ,
2456 5690 2561 5744 τίνι
2588 5706 2648 5741 τε
2691 5687 2866 5758 ζωδίῳ
2905 5687 3016 5741 τῶν
3048 5688 3115 5759 ιβ’
3143 5688 3373 5741 ’ἑκαστον
3418 5688 3599 5742 αὐτῶν
3642 5705 3771 5744 συν-

510 5774 731 5844 signum
766 5776 977 5832 oriente
1013 5778 1293 5847 qualibet,
1325 5778 1411 5834 vel
1448 5776 1851 5844 descendente,
1892 5780 2079 5835 culmi-

2188 5781 2466 5837 ανατέλλει
2504 5780 2600 5833 καὶ
2634 5777 3025 5847 συγκαταδύνει
3044 5822 3059 5846 ,
3092 5779 3187 5832 καὶ
3216 5779 3269 5831 τί
3298 5778 3506 5844 ζώδιον,
3538 5779 3769 5833 ἀνατέλ-

512 5871 644 5933 net;
683 5881 932 5937 quamam
971 5868 1091 5940 ipso
1129 5876 1322 5937 ortus,
1354 5870 1438 5928 vel
1476 5884 1709 5929 occasus
1759 5869 1952 5942 initio,
1993 5880 2079 5928 aul

2188 5873 2372 5936 λοντος
2397 5870 2561 5925 αὑτοῦ
2588 5869 2622 5939 ἢ
2649 5867 2899 5933 δύνοντος
2923 5872 3316 5941 ,ομεσουρανεϊ,
3352 5871 3447 5925 καὶ
3482 5870 3627 5933 τίνες
3658 5869 3769 5925 τῶν
