4106 6434
358 446 495 502 1109
1341 441 1714 498 HlPPARCHl
1752 442 1843 497 AD
1882 442 1941 496 Pl

2049 440 2327 496 NOMENA
2362 439 2488 494 LIB.
2531 441 2618 496 lli.
3470 449 3608 504 1110

355 559 610 613 ἀπλανῶν
659 556 904 630 ἀστέρων
954 556 1045 610 ἐπὶ
1094 555 1187 610 τοῦ
1242 557 1615 629 μεσημϐρινοῦ
1670 558 1930 626 γίνονται,

2042 571 2232 611 rursus
2271 554 2589 618 occidente,
2638 554 3008 612 inerrantibus
3063 572 3093 611 e
3140 559 3315 614 stellis
3367 561 3620 628 medium

354 651 660 723 ἀρχομένου
689 667 748 702 τε
791 648 954 703 αὐτοῦ
988 649 1298 702 ἀνατέλλειν
1330 649 1363 720 ἢ
1403 649 1579 704 δύνειν
1599 691 1613 714 ,
1645 651 1740 702 καὶ
1770 649 1930 702 πάλιν

2042 647 2233 700 cmlum
2269 651 2500 714 occupet
2529 662 2542 697 :
2583 643 2650 698 ad
2683 644 2802 697 haec
2836 653 2968 714 quot
3002 648 3468 716 aequinoctialium
3505 649 3623 710 ho-':

355 743 599 807 δύνοντος
624 760 637 773 ⁸
671 744 751 796 ἐτι
787 743 832 796 δ’
865 742 923 795 ἐν
967 742 1159 804 πόσαις
1209 743 1550 812 ἰσημεριναϊς
1589 741 1760 811 ὥραις
1798 741 1930 794 ἕκα-

357 852 480 898 στος
505 833 806 897 ἀνατέλλει,
840 834 872 904 ἢ
908 832 1085 886 δύνει·
1130 830 1226 884 νῦν
1265 833 1652 904 ὑπογράψομεν
1685 832 1756 885 τά
1793 831 1933 885 αὐτὰ

356 927 485 996 περὶ
511 927 736 980 ἑκάστου
770 925 874 978 τῶν
913 924 1244 995 νοτιωτέρων
1271 924 1364 978 τοῦ
1395 923 1661 989 ζωδιακοῦ
1693 924 1929 995 ἄστρων,

356 1020 452 1073 καὶ
482 1019 660 1073 αὐτῶν
686 1019 796 1072 τῶν
829 1016 895 1088 ιβ’
923 1017 1149 1082 ζωδίων.

426 1111 547 1164 Τῶν
597 1110 692 1180 μὲν
744 1105 837 1162 οὖν
881 1108 1214 1179 νοτιωτέρων
1249 1105 1341 1159 τοῦ
1391 1105 1655 1169 ζωδιακοῦ
1704 1108 1929 1171 κύκλου,

355 1201 485 1255 ὅταν
520 1201 617 1272 μὲν
645 1203 673 1253 6
704 1200 902 1270 Ὕδρος
931 1198 1214 1269 ἀνατέλλῃ,
1248 1198 1620 1252 συνανατέλλει
1657 1199 1754 1270 μὲν
1784 1200 1933 1270 αὐτῷ

355 1293 387 1344 6
414 1289 674 1355 ζωδιακὸς
707 1290 812 1343 ἀπὸ
846 1288 1119 1360 Καρκίνου
1158 1288 1268 1359 μοί.
1315 1288 1377 1340 ιϐ’
1409 1289 1580 1360 μέσης
1608 1288 1712 1352 ἕως
1737 1291 1931 1361 Χηλῶν

359 1393 434 1452 ις’
472 1387 679 1457 μέσηςοί
713 1388 1033 1456 μεσουρανεῖ
1073 1385 1129 1437 δὲ
1170 1384 1277 1437 ἀπὸ
1320 1383 1490 1455 Κριοῦ
1533 1383 1639 1454 μοί.
1682 1389 1729 1451 γ’
1761 1383 1934 1454 μέσης

356 1478 462 1541 ἕως
489 1477 763 1548 Καρκίνου
799 1483 892 1546 ιη’.
927 1476 1036 1529 Καὶ
1067 1481 1115 1528 α’
1148 1475 1243 1546 μὲν
1267 1474 1455 1546 ἀστὴρ
1483 1472 1761 1526 ἀνατέλλει
1792 1474 1819 1525 6
1845 1471 1934 1541 βο-

359 1571 634 1641 ρειότερος
664 1569 772 1622 τῶν
799 1570 855 1622 ὲν
884 1569 959 1641 τῷ
992 1568 1252 1639 χάσματι,
1287 1566 1514 1636 ἔσχατος
1545 1565 1603 1618 δὲ
1634 1567 1662 1618 6
1695 1567 1751 1617 ἐν
1787 1564 1934 1636 ἄκρα

356 1665 424 1734 τῇ
457 1663 612 1734 οὐρᾷ.
658 1663 997 1732 Μεσουρανεῖ
1031 1661 1086 1713 δὲ
1125 1660 1300 1730 ἀστὴρ
1332 1664 1379 1710 α’
1410 1657 1508 1728 μὲν
1549 1655 1644 1710 τοῦ
1692 1673 1751 1709 τε
1790 1658 1934 1728 Περ-

359 1753 499 1817 σέως
517 1755 546 1806 ὁ
571 1757 629 1808 ὲν
651 1756 716 1825 τῇ
745 1755 931 1826 ’Ἀρπῃ
952 1751 1311 1822 νεφελοειδὴς,
1342 1750 1435 1801 καὶ
1459 1750 1487 1801 6
1510 1746 1802 1818 σύνδεσμος
1826 1745 1935 1802 τῶν

371 1846 698 1916 Ἰχθύων,ὠς
727 1847 1025 1916 ήμιπὴχιον
1067 1843 1494 1912 ὑπολειπόμενος
1535 1840 1642 1894 τῶν
1672 1842 1729 1892 ὲν
1751 1841 1816 1910 τῇ
1841 1856 1934 1892 κε-

2031 755 2218 793 rarum
2260 738 2439 809 spatio
2468 738 2705 807 singula:
2743 746 2898 794 ortus
2939 755 3068 796 suos
3124 757 3466 811 occasusque
3523 729 3623 806 fa-§

2030 831 2201 884 ciant.
2242 829 2387 884 ldem
2423 845 2568 883 nunc
2618 829 2685 884 de
2736 831 3160 888 australioribus
3206 834 3432 888 zodiaco
3480 834 3606 888 caeli

2031 923 2580 986 constellationibus,
2643 937 2708 977 ac
2767 922 2834 978 de
2897 923 3033 993 ipsis
3085 925 3372 980 duodecim
3434 926 3608 996 signis

2032 1014 2272 1070 scribere
2310 1013 2682 1068 instituemus.

2103 1105 2178 1158 Ex
2216 1105 2282 1160 iis
2315 1105 2481 1175 igitur
2524 1106 2870 1174 asterismis,
2917 1107 3010 1177 qui
3065 1109 3424 1166 australiores
3475 1119 3606 1165 sunt

2031 1199 2260 1252 zodiaeo
2293 1197 2534 1260 circulo,
2569 1196 2755 1268 llydro
2796 1207 3086 1268 surgente,
3123 1201 3378 1255 zodiacus
3409 1216 3605 1257 ascen—

2031 1290 2110 1344 dit
2141 1306 2170 1343 a
2205 1289 2415 1344 Cancri
2435 1290 2500 1345 19
2533 1291 2710 1345 media
2745 1299 2934 1359 parte,
2965 1293 3033 1346 ad
3069 1294 3301 1348 mediam
3351 1296 3417 1348 16
3463 1296 3607 1351 Clie—

2032 1383 2242 1450 larum;
2273 1383 2536 1437 culminat
2568 1385 2636 1438 ab
2668 1385 2871 1441 Arietis
2907 1387 3084 1441 media
3118 1387 3152 1440 5
3182 1387 3249 1440 ad
3285 1386 3482 1442 Caneri
3513 1389 3602 1442 18.

2031 1473 2215 1529 Prima
2252 1474 2429 1528 oritur
2461 1476 2618 1530 stella
2664 1476 2939 1532 borealior
2975 1493 3162 1533 earum
3204 1495 3325 1548 quae
3363 1481 3418 1532 in
3458 1481 3613 1535 rictu.

2034 1573 2163 1622 sunt
2188 1582 2202 1631 ;
2230 1566 2418 1619 ultima
2438 1608 2452 1632 ,
2486 1582 2606 1636 qua:
2633 1567 2685 1620 in
2713 1568 3058 1622 extremitate
3088 1570 3294 1623 caudae.
3326 1569 3607 1625 Culminat

2034 1659 2186 1728 prior
2234 1673 2355 1728 qua:
2391 1657 2449 1712 in
2488 1658 2672 1715 Persei
2710 1669 2798 1714 est
2825 1658 3006 1730 Harpe
3033 1660 3245 1714 nebula:
3276 1661 3514 1727 similis;
3548 1669 3610 1716 et

2034 1753 2213 1808 nodus
2257 1751 2533 1816 Piscium,
2577 1753 2903 1809 semicubito
2945 1754 3163 1808 circiter
3205 1754 3415 1809 distans
3458 1770 3490 1808 a
3521 1755 3605 1808 lu-

2037 1845 2175 1900 cidis
2203 1845 2376 1901 tribus
2400 1845 2596 1914 capitis
2619 1845 2850 1913 Caneri;
2879 1846 3205 1901 semicubito
3229 1860 3447 1916 quoque
3469 1846 3618 1900 citra-

359 1937 502 2008 φαλῇ
531 1937 624 1990 τοῦ
654 1937 928 2008 Καρκίνου
962 1935 1230 2005 λαμπρῶν
1260 1940 1330 2003 γ’,
1366 1932 1440 1995 ὡς
1467 1933 1765 2003 ήμιπήχιον
1805 1931 1936 1982 ὐπο-

2042 1937 2398 1991 meridianum
2450 1940 2646 2008 posita.
2701 1936 2903 1992 Ultima
2951 1939 3251 2004 culminat,
3309 1938 3611 1993 australier

357 2026 676 2097 λειπόμενος
705 2025 799 2078 τοῦ
835 2024 1207 2097 μεσημϐρινοῦ
1239 2041 1251 2054 ο
1282 2023 1508 2093 ἔσχατος
1533 2023 1586 2076 δὲ
1617 2023 1939 2093 μεσουρανεῖ

357 2116 453 2170 τοῦ
490 2135 550 2169 τε
587 2117 814 2180 Λέοντος
859 2119 886 2171 6
927 2115 1244 2188 νοτιώτερος
1282 2115 1390 2168 τῶν
1422 2113 1742 2185 ἡγουμένων
1770 2114 1829 2166 ὲν
1869 2115 1936 2183 τῇ

359 2207 568 2280 κεφαλῇ
595 2247 610 2272 ,
640 2207 734 2261 καὶ
766 2207 867 2277 τῆς
903 2207 1130 2279 Ἀργοῦς
1155 2209 1182 2259 6
1209 2205 1525 2276 νοτιώτερος
1551 2203 1660 2258 τῶν
1689 2204 1746 2256 ὲν
1789 2203 1940 2273 μέσῳ

355 2299 436 2372 τῷ
478 2298 628 2370 ἱστῷ.
669 2298 970 2353 Ἀνατέλλει
1015 2299 1074 2353 δὲ
1115 2301 1143 2352 6
1163 2299 1360 2371 Ὕδρος
1398 2299 1455 2351 ὲν
1483 2296 1652 2366 ὥραις
1680 2295 1724 2360 ζ’
1753 2295 1847 2348 καὶ
1879 2310 1939 2346 ιε’

238 2453 247 2461 _
361 2391 542 2464 μέρει.

435 2483 604 2535 Ὅταν
649 2481 704 2534 δὲ
737 2481 765 2533 6
798 2479 1027 2553 Κρατὴρ
1072 2479 1338 2550 ἀνατέλλῃ
1363 2520 1376 2543 ,
1409 2478 1787 2532 συνανατέλλει
1840 2478 1941 2550 μὲν

357 2573 509 2643 αὐτῷ
549 2576 577 2627 6
609 2573 871 2638 ζωδιακὸς
918 2571 1026 2626 ἀπὸ
1065 2571 1291 2635 Λέοντος
1336 2571 1444 2643 μοί.
1484 2571 1527 2637 ξ’
1561 2575 1654 2626 καὶ
1687 2578 1732 2626 κ’
1766 2571 1940 2642 μέσης

358 2667 465 2730 ἕως
506 2666 784 2739 Παρθένου
837 2666 946 2737 μοί.
1001 2672 1067 2719 ια’
1119 2665 1321 2737 μέσηςο
1365 2668 1691 2737 μεσουρανεῖ
1731 2665 1786 2718 δὲ
1831 2664 1940 2718 ἀπὸ

359 2758 576 2831 Ταύρου
608 2765 656 2813 α’
687 2761 780 2813 καὶ
808 2765 857 2812 κ’
904 2757 1074 2830 μέσης
1096 2758 1200 2822 ἓως
1231 2758 1476 2828 Διδύμων
1509 2758 1701 2828 μέσης.
1748 2759 1859 2810 Καὶ
1891 2763 1940 2810 α’

365 2852 464 2923 μὲν
500 2850 674 2922 ἀστὴρ
706 2850 987 2905 ἀνατέλλει
1021 2853 1049 2904 6
1080 2849 1417 2922 βορειότερος
1449 2849 1558 2903 τῶν
1591 2851 1649 2902 ὲν
1683 2852 1749 2920 τῇ
1786 2849 1941 2919 βάσει

359 2945 424 3006 δ’,
462 2943 685 3014 ἔσχατος
716 2943 774 2997 δὲ
799 2947 828 2997 6
851 2943 1170 3008 νοτιώτατος
1199 2943 1304 2996 τῶν
1330 2944 1389 2996 ὲν
1407 2942 1486 3013 τῷ
1507 2943 1676 3014 Κήτει
1702 2948 1755 3006 ς’
1783 2941 1942 2994 ἀστέ-

366 3054 496 3108 ρων.
533 3037 942 3108 Μεσουρανοῦσι
971 3037 1028 3091 66
1055 3037 1260 3110 πρῶτοι
1294 3037 1390 3108 μὲν
1431 3037 1658 3109 ἀστέρες
1695 3037 1746 3089 οἱ
1782 3037 1840 3088 ὲν
1872 3039 1938 3107 τῇ

364 3127 574 3199 κεφαλῇ
603 3127 697 3181 τοῦ
732 3129 974 3200 Ἦνιόχου
1011 3131 1149 3182 κατὰ
1187 3129 1250 3182 τὸ
1282 3129 1443 3201 μέσον
1470 3128 1601 3181 αὐτὸ
1623 3130 1688 3193 9°,
1725 3128 1940 3198 ἔσχατοι

362 3221 420 3274 δὲ
454 3221 561 3274 τῶν
583 3238 643 3273 τε
666 3221 912 3291 Διδύμων
940 3223 968 3275 6
1013 3222 1056 3276 δ’
1087 3222 1193 3274 ἀπὸ
1222 3222 1425 3286 δύσεως
1457 3221 1567 3275 τῶν
1603 3223 1660 3274 ὲν
1679 3224 1791 3284 τοῖς
1815 3221 1942 3273 ποσὶ

2038 2028 2462 2098 praecedentium
2511 2029 2566 2083 in
2618 2031 2794 2099 capite
2838 2029 3078 2084 Leonis:
3132 2031 3424 2086 australior
3476 2031 3630 2103 item

2037 2134 2228 2172 earum
2264 2135 2387 2190 quae
2423 2122 2479 2174 in
2520 2120 2663 2176 malo
2691 2121 2872 2175 medio
2903 2128 3030 2177 sunt
3061 2120 3244 2178 Navis.
3276 2121 3463 2178 Oritur
3492 2120 3607 2193 Hy-

2037 2209 2171 2266 drus
2203 2210 2355 2268 horis
2387 2219 2593 2283 septem
2614 2252 2630 2277 ,
2665 2219 2719 2268 et
2752 2222 2905 2284 parte
2941 2213 3091 2269 horae
3123 2215 3210 2270 15.

2111 2473 2332 2530 Oriente
2355 2475 2579 2532 Cratere
2606 2478 2865 2534 zodiacus
2893 2478 3128 2549 assurgit
3151 2493 3182 2533 a
3207 2477 3408 2534 Leonis
3433 2476 3614 2531 media

2039 2577 2194 2637 parte
2225 2567 2295 2620 27
2330 2583 2506 2639 usque
2543 2571 2611 2625 ad
2649 2570 2890 2644 Virginis
2930 2573 3165 2628 mediam
3205 2573 3264 2626 11
3294 2590 3309 2638 ;
3350 2572 3615 2626 eulmina!

2041 2671 2072 2710 a
2097 2663 2254 2726 parte
2277 2656 2444 2713 Tauri
2472 2659 2649 2714 media
2675 2660 2740 2714 21
2772 2661 2842 2714 ad
2868 2662 3103 2716 mediam
3131 2702 3143 2714 .
3168 2701 3182 2713 .
3203 2660 3611 2718 .Geminorum.

2039 2745 2199 2802 Prior
2231 2749 2408 2803 oritur
2436 2751 2709 2806 borealior
2740 2751 2808 2806 de
2842 2759 3079 2822 quatuor
3108 2753 3164 2825 in
3193 2751 3352 2818 basi;
3387 2751 3577 2805 ultima
3597 2790 3612 2816 ,

2040 2855 2162 2910 quae
2199 2847 2284 2895 est
2323 2841 2586 2896 australis
2622 2842 2862 2896 maxime
2899 2856 2998 2897 sex
3033 2843 3090 2895 in
3127 2839 3266 2897 Ceto
3305 2843 3609 2897 stellarum.

2041 2930 2366 2986 Culminant
2403 2933 2614 3002 priores
2652 2948 2731 2988 eae
2767 2932 2970 3002 stellae,
3011 2947 3133 3002 quae
3172 2939 3303 2988 sunt
3339 2933 3398 2986 in
3436 2933 3615 3002 capite

2041 3025 2288 3096 Aurigae,
2321 3027 2467 3082 circa
2497 3029 2736 3084 medium
2768 3030 2996 3100 ipsum:
3035 3027 3376 3092 novissimae,
3413 3032 3623 3097 quarta.

2043 3117 2113 3172 ab
2144 3132 2343 3173 occasu
2373 3119 2444 3174 de
2471 3129 2706 3190 quatuor
2737 3137 2861 3191 quae
2897 3127 3026 3175 sunt
3065 3121 3124 3174 in
3164 3118 3396 3189 pedibus
3430 3117 3614 3172 Gemi-

2044 3236 2243 3276 norum
2263 3261 2277 3285 ,
2310 3228 2364 3276 et
2389 3217 2571 3274 lucida
2602 3229 2801 3270 carens
2829 3212 3083 3277 nomine,
3115 3210 3312 3282 Lepori
3342 3209 3609 3279 subjecta.

361 3311 425 3377 δ’,
455 3315 549 3366 καὶ
571 3315 600 3366 6
631 3313 735 3366 ὑπὸ
764 3314 855 3366 τὸν
882 3314 1078 3383 Λαγὼν
1110 3315 1360 3385 λαμπρὸς
1395 3314 1569 3386 ἀστὴρ
1597 3313 1937 3384 ἀκατονόμα-

2042 3311 2228 3368 Oritur
2253 3313 2443 3368 Crater
2467 3310 2602 3364 hora
2631 3309 2656 3362 1
2681 3347 2696 3373 ,
2734 3303 2837 3362 15'.

365 3422 508 3467 στος.
551 3405 851 3459 Ἀνατέλλει
883 3405 940 3458 δὲ
972 3408 1001 3459 6
1029 3405 1256 3478 Κρατὴρ
1282 3408 1340 3459 ἐν
1367 3405 1486 3475 ὥρᾳ
1507 3412 1552 3458 α’
1572 3405 1665 3459 καὶ
1689 3405 1728 3458 δ’
1759 3404 1934 3476 μέρει.

434 3497 510 3549 B'.
558 3498 725 3551 Ὅταν
753 3497 810 3552 δὲ
837 3501 865 3551 6
891 3497 1076 3569 Κόραξ
1106 3499 1370 3572 ἀνατέλλῃ
1392 3537 1405 3563 ,
1434 3498 1808 3553 συνανατέλλει
1840 3497 1940 3568 μὲν

363 3587 514 3660 αὐτῷ
545 3591 573 3644 6
604 3589 868 3654 ζωδιακὸς
893 3590 1000 3644 ἀπὸ
1023 3589 1297 3662 Παρθένου
1335 3590 1445 3660 μοί.
1489 3597 1564 3655 ις’
1588 3589 1692 3653 ἕως
1732 3588 1943 3660 Παρθέ-

363 3699 455 3735 νου
491 3680 598 3751 μοί.
628 3687 677 3750 γ’
719 3681 815 3735 καὶ
843 3688 890 3735 κ’
918 3695 932 3710 ·
971 3684 1295 3753 μεσουρανεῖ
1323 3681 1380 3734 66
1410 3681 1516 3735 ἀπὸ
1553 3681 1800 3752 Διδύμων
1830 3681 1941 3752 μοί.

365 3775 430 3827 ιδ’
456 3773 560 3836 ἕως
585 3772 832 3844 Διδύμων
862 3773 967 3844 μοί.
995 3772 1039 3844 β’
1059 3773 1153 3827 καὶ
1176 3780 1242 3827 κ’.
1276 3774 1386 3827 Καὶ
1406 3774 1622 3844 πρῶτος
1647 3774 1744 3845 μὲν
1770 3775 1944 3847 ἀστὴρ

361 3862 644 3919 ἀνατέλλει
698 3865 726 3918 6
773 3865 864 3917 ἐπὶ
893 3865 994 3935 τῆς
1039 3863 1237 3935 ὀσφύος
1261 3905 1276 3929 ,
1310 3864 1532 3935 ἔσχατος
1569 3865 1626 3918 δὲ
1671 3867 1698 3918 ὁ
1731 3868 1788 3919 ὲν
1831 3869 1944 3930 τοῖς

361 3955 513 4010 ποσί.
550 3957 891 4028 Μεσουρανεϊ
928 3956 984 4010 66
1016 3964 1065 4010 α’
1106 3957 1204 4028 μὲν
1237 3959 1266 4009 ὁ
1299 3959 1356 4010 ὲν
1388 3959 1454 4028 τῇ
1487 3956 1762 4028 ἡγουμένῃ
1799 3959 1944 4029 χειρὶ

361 4049 459 4102 τοῦ
487 4048 791 4120 ἡγουμένου
820 4047 1073 4120 Διδύμου,
1115 4048 1209 4102 καὶ
1245 4049 1274 4100 6
1310 4047 1483 4112 δεξιὸς
1516 4048 1653 4108 ποῦς
1690 4047 1782 4100 τοῦ
1825 4048 1948 4100 ἑπο-

365 4140 535 4211 μένου
565 4139 818 4211 Διδύμου,
848 4139 1068 4211 ἔσχατοι
1111 4139 1169 4193 δὲ
1193 4137 1302 4193 τῶν
1332 4156 1392 4191 τε
1422 4137 1665 4208 Διδύμων
1699 4137 1728 4190 6
1758 4144 1808 4206 γ’
1837 4138 1947 4191 ἀπὸ

361 4231 572 4294 δύσεως
597 4230 708 4284 τῶν
739 4232 798 4284 ὲν
841 4234 953 4293 τοῖς
995 4228 1188 4300 ὤμοις,
1237 4228 1330 4282 καὶ
1377 4226 1472 4280 τοῦ
1512 4227 1689 4290 Κυνὸς
1713 4230 1742 4280 6
1783 4228 1841 4280 ὲν
1877 4229 1944 4298 τῇ

363 4323 596 4394 ἐκφύσει
660 4323 769 4377 τῶν
802 4322 1150 4394 ἐμπροσθίων
1199 4319 1402 4392 μερῶν,
1453 4319 1645 4391 μικρὸν
1694 4317 2124 4391 ὑπολειπόμενος
2164 4323 2258 4376 τοῦ
2317 4321 2714 4395 μεσημϐρινοῦ.

362 4421 514 4493 τρισὶ
542 4419 978 4491 πεμπτημορίοις
1003 4425 1049 4471 α’
1080 4418 1248 4490 ὥρας.

443 4516 610 4567 Ὅταν
641 4513 698 4566 δὲ
721 4515 750 4566 6
782 4513 1091 4584 Κένταυρος
1119 4511 1402 4584 ἀνατέλλῃ,
1436 4509 1816 4564 συνανατέλλει
1854 4510 1952 4580 μὲν

2115 3494 2180 3549 ll.
2221 3493 2444 3549 Oriente
2471 3491 2680 3554 Corvo,
2710 3488 2918 3544 zodiaci
2954 3501 3114 3542 arcus
3141 3483 3407 3539 attollitur
3436 3497 3465 3536 a
3493 3480 3618 3536 Vir-

2045 3588 2187 3659 ginis
2219 3587 2287 3641 16
2328 3587 2394 3641 ad
2427 3585 2527 3650 25;
2558 3583 2823 3639 culminat
2853 3597 2883 3635 a
2912 3579 3263 3634 Geminorum
3306 3577 3374 3630 14
3419 3576 3488 3630 ad
3523 3574 3615 3628 ‘22.

2048 3678 2207 3733 Prior
2233 3679 2410 3732 oritur
2436 3677 2592 3732 stella
2612 3716 2626 3740 ,
2653 3690 2775 3746 quae
2798 3681 2884 3729 est
2908 3673 2965 3728 in
2986 3671 3183 3726 lumbis
3201 3711 3218 3738 ,
3243 3669 3435 3723 ultima
3456 3706 3474 3730 ,
3501 3681 3620 3737 quae

2050 3779 2135 3827 est
2169 3771 2224 3825 in
2259 3771 2510 3841 pedibus.
2545 3768 2826 3822 Culminat
2856 3766 3031 3836 prima
3063 3777 3184 3834 qua:
3212 3770 3298 3817 est
3329 3761 3386 3819 in
3418 3774 3625 3831 praece-

2049 3864 2211 3919 dente
2259 3878 2420 3918 manu
2481 3861 2839 3933 praacedentis
2890 3857 3147 3923 Gemini;
3203 3864 3257 3911 et
3296 3871 3393 3926 pes
3430 3854 3623 3908 dexter

2050 3953 2396 4011 succedentis
2424 3972 2439 4021 ;
2466 3961 2755 4023 postremae
2772 3996 2786 4018 ,
2811 3951 2972 4007 tertia
2998 3949 3065 4003 ab
3088 3963 3288 4003 occasu
3311 3963 3376 4001 ex
3407 3945 3475 4001 iis
3503 3959 3625 4015 quae

2050 4054 2179 4103 sunt
2209 4047 2265 4100 in
2291 4045 2642 4101 Geminorum
2693 4044 2959 4108 humeris,
2992 4050 3046 4097 et
3070 4056 3191 4112 quae
3224 4040 3280 4094 in
3309 4038 3493 4094 radice
3525 4053 3626 4092 an-

2049 4139 2312 4195 teriorum
2359 4140 2597 4208 partium
2636 4137 2803 4193 Canis
2825 4177 2840 4201 ,
2880 4136 3162 4206 paululum
3193 4134 3332 4188 citra
3359 4129 3623 4186 meridia-

2049 4247 2180 4285 num
2216 4231 2415 4301 posita.
2449 4230 2639 4287 Oritur
2667 4230 2878 4286 Corvus
2908 4229 3043 4283 hora
3074 4226 3143 4292 0,
3177 4223 3280 4280 ὅθ’.

2797 4318 3098 4373 Ἀνατέλλει
3155 4317 3210 4370 66
3247 4318 3276 4368 6
3316 4311 3502 4384 Κόραξ
3567 4313 3626 4365 ἐν

2133 4507 2270 4561 Cum
2317 4505 2592 4560 Centauro
2643 4504 2900 4558 zodiacus
2951 4500 3204 4555 oritura
3249 4507 3404 4568 parte
3433 4498 3628 4554 Chela-

367 4605 516 4676 αὐτῷ
568 4606 597 4657 6
642 4603 904 4668 ζωδιακὸς
951 4583 1058 4657 ἀτέδ
1107 4601 1301 4674 Χηλῶν
1343 4583 1454 4672 μοι.
1486 4608 1516 4654 ι’
1566 4601 1670 4664 ἓως
1721 4598 1941 4664 Τοξάτου

2052 4616 2174 4654 rum
2209 4599 2273 4652 10
2300 4598 2367 4652 ad
2398 4597 2673 4668 Sagittarii
2704 4597 2770 4661 4;
2795 4595 3058 4648 culminat
3089 4609 3118 4645 a
3147 4602 3300 4661 parte
3329 4590 3528 4646 Caneri
3559 4591 3628 4644 12

373 4699 482 4772 μοί.
513 4698 576 4750 δ’·
606 4698 928 4768 μεσουρανεί
958 4696 1015 4750 δὲ
1049 4696 1158 4749 ἀπὸ
1201 4695 1477 4766 Καρκίνου
1521 4694 1585 4764 ιβ’
1613 4694 1718 4756 έως
1747 4691 1952 4764 Παρθέ-

366 4809 460 4846 νου
498 4788 560 4854 ιξ’
593 4789 784 4861 μέσης.
819 4789 930 4843 Καὶ
967 4795 1016 4841 α’
1052 4789 1150 4858 μὲν
1180 4787 1353 4859 ἀστὴρ
1404 4786 1681 4842 ἀνατέλλει
1721 4788 1750 4839 6
1791 4787 1847 4837 6v
1873 4783 1951 4854 τῷ

367 4880 642 4952 ἀριστερῷ
673 4880 829 4951 ὤμῳ,
872 4879 1096 4950 ἔσχατος
1139 4880 1195 4932 66
1231 4882 1259 4932 6
1290 4879 1556 4950 ἑπόμενος
1583 4877 1692 4930 τῶν
1739 4877 1950 4946 ἐμπρο-

371 4971 534 5026 σθίων
565 4971 758 5025 ποδῶν.
783 4973 966 5025 Μεσου
977 4973 1124 5043 ρανεί
1148 4971 1203 5023 δὲ
1228 4976 1276 5023 α’
1305 4971 1402 5041 μὲν
1423 4971 1596 5042 ἀστὴρ
1622 4969 1723 5038 τῆς
1751 4985 1811 5020 τε
1836 4967 1953 5037 Ἀρ-

368 5060 499 5130 γοῦς
537 5065 566 5116 6
612 5062 720 5115 ἀπὸ
757 5061 961 5125 δύσεως
995 5061 1104 5113 τῶν
1145 5063 1202 5113 ὲν
1226 5061 1305 5131 τῷ
1348 5059 1775 5132 καταστρώματι
1808 5057 1950 5128 λαμ-

370 5152 546 5222 πρῶν,
573 5154 666 5206 καὶ
698 5150 792 5206 τοῦ
817 5153 1016 5226 ’Υδρου
1055 5153 1153 5224 τῆς
1189 5152 1369 5214 νοτίας
1401 5151 1646 5220 σιαγόνος
1691 5153 1720 5204 6
1752 5150 1952 5222 ἑπόμε-

366 5261 480 5310 νος,
508 5244 733 5315 ἔσχατος
763 5243 819 5298 66
844 5247 872 5298 6
898 5243 1296 5317 Προτρυγητὴρ
1336 5243 1412 5306 ὡς
1463 5244 1760 5314 ἡμιπήχιον
1819 5259 1950 5314 προ-

365 5337 674 5410 ηγούμενος
717 5334 810 5390 τοῦ
861 5335 1256 5409 μεσημϐρινοῦ.
1299 5335 1601 5390 Ἀνατέλλει
1647 5336 1704 5388 δὲ
1743 5337 1772 5388 ὁ
1815 5335 1951 5388 Κέν-

366 5447 568 5502 ταυρος
595 5431 652 5484 ὲν
679 5428 848 5500 ὥραις
875 5429 918 5482 δ’
945 5431 1040 5483 καὶ
1065 5435 1112 5497 γ’
1145 5429 1301 5500 μέρει
1323 5427 1487 5498 ὥρας.

441 5523 548 5576 Τοῦ
581 5521 639 5576 δὲ
669 5523 870 5594 Θηρίου
904 5522 1314 5586 ἀνατέλλοντος,
1348 5521 1376 5574 ὃ
1409 5520 1521 5590 ἕχει
1560 5522 1589 5573 6
1616 5519 1946 5590 Κένταυρος,

368 5614 748 5674 ουναυατέλλει
779 5613 880 5685 μὲν
914 5613 1063 5684 αὐτῷ
1085 5617 1113 5667 ὁ
1139 5613 1398 5678 ζωδιακὸς
1421 5611 1530 5666 ἀπὸ
1562 5617 1608 5679 γ’
1640 5611 1733 5664 καὶ
1759 5617 1806 5662 κ’
1836 5610 1946 5681 μοί.

366 5706 464 5761 τοῦ
497 5705 770 5779 Σκορπίου
799 5706 904 5769 ἓως
935 5705 1164 5772 Τοξότου
1218 5712 1334 5759 κα’·
1377 5706 1700 5776 μεσουρανεῖ
1739 5701 1796 5756 δὲ
1842 5702 1949 5758 ἀπὸ

433 5865 487 5900 ’⁸
499 5857 631 5926 Rea.
663 5866 835 5926 αὐτοὶ.
863 5865 902 5924 Γ.
928 5865 1111 5922 αὐτοῦ.

2055 4691 2122 4746 ad
2155 4691 2388 4745 mediam
2422 4687 2663 4759 Virginis
2688 4688 2778 4742 17.
2809 4685 2990 4740 Prima
3025 4685 3200 4738 oritur
3232 4683 3386 4738 stella
3417 4682 3630 4737 sinistri

2053 4785 2303 4847 humeri,
2349 4783 2564 4850 ultima,
2585 4797 2750 4847 vero,
2801 4778 3105 4834 succedens
3153 4777 3489 4832 anteriorum
3535 4791 3632 4844 pe-

2052 4879 2203 4934 dum.
2245 4875 2524 4931 Culminat
2572 4873 2748 4943 prima
2790 4872 2947 4928 stella
2986 4886 3108 4940 quae
3143 4869 3213 4924 ab
3249 4883 3451 4922 occasu
3490 4867 3632 4921 luei-

2051 4973 2245 5027 darum
2283 4977 2369 5024 est
2405 4969 2463 5022 in
2504 4967 2639 5022 foris
2677 4966 2889 5036 Argus,
2929 4972 2985 5020 et
3024 4963 3326 5018 succedens
3365 4960 3623 5017 australis

2054 5061 2392 5116 mandibula:
2418 5059 2559 5115 Ceti.
2586 5057 2873 5113 Postremo
2903 5054 3277 5110 Vindemiator
3304 5051 3641 5108 semicubito.

2056 5153 2373 5225 praecedens
2403 5151 2786 5207 meridianum.
2823 5147 3010 5203 Oritur
3044 5146 3354 5202 Centaurus
3379 5143 3530 5199 horis
3562 5145 3595 5197 4
3615 5182 3630 5209 ,

2053 5258 2105 5304 et
2126 5247 2228 5302 20'.

2137 5516 2296 5589 134
2319 5514 2454 5571 Fera
2478 5555 2491 5579 ,
2519 5529 2682 5585 quam
2704 5512 3015 5566 Centaurus
3049 5517 3196 5565 tenet
3218 5548 3231 5572 ,
3267 5507 3504 5572 oriente,
3537 5519 3636 5559 zo-

2055 5613 2247 5668 diacus
2279 5608 2508 5680 emergit
2537 5623 2566 5661 a
2588 5613 2743 5678 parte
2773 5603 2988 5674 Scorpii
3018 5603 3091 5657 23
3123 5602 3191 5656 ad
3222 5598 3503 5670 Sagittarii
3530 5597 3635 5662 21;

2058 5705 2323 5764 culminat
2355 5719 2385 5759 a
2416 5701 2659 5775 Virginis
2690 5700 2726 5756 5'
2766 5698 2834 5754 ad
2867 5695 3044 5752 Librae
3075 5693 3157 5750 10.
3187 5693 3348 5748 Prior
3374 5690 3552 5748 oritur.
3573 5703 3648 5745 ea.
