4106 6428
519 393 656 453 “ll

1527 403 1618 459 AD
1658 404 1928 462 EUSEBII
1963 403 2356 462 CllRONICON
2395 402 2758 462 APPENDIX.

3626 406 3769 461 me

519 528 641 586 quae
663 522 747 570 est
775 514 832 570 in
854 516 1210 574 antecedente
1232 520 1427 590 pedum
1458 523 1841 591 posteriorum,
1867 539 1989 594 quae
2007 534 2078 580 esl

2194 523 2470 594 Παρθένου
2495 529 2543 591 γ’
2573 522 2678 586 ἕως
2703 520 2874 589 Ζυγοῦ
2907 528 2958 575 ι’.
2987 520 3096 574 Καὶ
3133 526 3181 573 α’
3200 520 3305 591 μὲν
3341 520 3517 593 ἀστὴρ
3546 522 3771 577 ἀνατέλ-

521 604 795 660 borealior
844 608 1074 663 sitarum
1124 609 1229 665 sub
1276 608 1468 665 dextro
1518 611 1745 669 humero
1779 614 2081 683 Centauri;

523 697 711 751 ultima
742 713 906 765 vero,
952 700 1198 755 omnium
1243 702 1559 769 australior,
1612 714 1668 759 et
1716 707 1774 761 in
1825 708 2087 763 extremi-

522 799 652 853 tate,
687 805 808 861 quae
836 791 889 845 in
922 791 1124 849 lumbis
1149 802 1268 856 est,
1315 793 1584 863 subjecta.
1610 794 1793 852 Prima
1820 798 2087 853 culminat

519 880 710 948 stella,
765 882 1178 938 succedentium
1227 900 1295 940 ex
1342 885 1410 939 iis
1449 900 1570 955 qua:
1614 896 1744 942 sunt
1784 870 1839 942 in
1886 886 2085 943 Leonis

517 970 730 1039 capite,
782 972 1068 1039 borealior,
1124 981 1178 1028 et
1226 990 1348 1045 quae
1392 975 1451 1030 in
1497 977 1867 1033 anterioribus
1912 977 2085 1048 ipsius

517 1060 790 1131 pedibus;
833 1063 1024 1117 ultima
1067 1079 1193 1119 vero
1235 1064 1415 1120 lucida
1440 1104 1455 1129 ,
1497 1082 1620 1136 quae
1658 1067 1713 1121 in
1760 1067 1962 1125 lumbis
2000 1074 2085 1123 est

518 1151 743 1221 majoris
774 1151 961 1208 Ursae:
993 1161 1047 1209 et
1078 1171 1199 1225 quae
1228 1156 1282 1211 in
1310 1163 1460 1214 recto
1489 1166 1576 1214 est
1605 1158 1868 1229 trianguli
1896 1160 2085 1215 ortho-

513 1243 695 1315 gonii,
729 1244 822 1315 qui
856 1252 941 1300 est
977 1246 1080 1302 sub
1110 1247 1354 1305 Cratere.
1390 1248 1576 1305 Oritur
1604 1248 1740 1307 Fera
1771 1252 1948 1321 spatio
1984 1251 2085 1307 ho-

511 1350 698 1392 rarum
731 1335 768 1390 2
784 1380 799 1405 ,
837 1337 938 1395 ιδ’.

584 1516 693 1573 Ara
720 1534 844 1575 cum
875 1520 1073 1588 oritur,
1098 1536 1221 1577 cum
1252 1537 1317 1578 ea
1349 1521 1610 1579 zodiacus
1637 1523 1884 1580 ascendit
1918 1538 1948 1578 a
1983 1523 2082 1578 Sa—

515 1610 721 1679 gittarii
751 1621 903 1683 parte
934 1613 1000 1667 15
1024 1614 1093 1670 ad
1120 1614 1228 1683 25;
1257 1615 1521 1670 culminat
1548 1631 1579 1670 a
1607 1615 1899 1671 Cbelarum
1930 1624 2084 1687 parte

513 1702 635 1757 211d
667 1702 748 1758 10.
778 1701 936 1760 Prior
962 1705 1138 1761 oritur
1164 1708 1320 1762 stella
1341 1721 1462 1778 quae
1490 1714 1575 1763 est
1600 1706 1656 1761 in
1688 1706 1810 1762 foco
1831 1724 1847 1773 ;
1872 1717 2082 1778 postre-

515 1809 601 1847 ma
634 1796 930 1853 australior
955 1812 1143 1853 earum
1171 1813 1293 1870 qua:
1322 1799 1378 1854 in
1412 1798 1552 1854 basi.
1596 1796 1780 1852 Prima
1814 1799 2082 1854 culminat

2193 615 2272 669 λει
2300 618 2329 669 6
2371 619 2430 670 ὲν
2451 615 2528 685 τῷ
2556 615 2846 686 ἡγουμένῳ
2873 613 2980 669 τῶν
3020 612 3279 667 ὀπισθίων
3305 613 3480 667 ποδῶν
3502 629 3515 643 ·
3551 614 3667 667 ἐστι
3708 614 3769 669 δὲ

2191 701 2346 772 0610;
2390 711 2420 763 6
2462 707 2794 779 βορειότερος
2838 706 2947 760 τῶν
2985 705 3089 772 6116
3127 705 3218 760 τὸν
3263 705 3434 771 δεξιὸν
3475 701 3625 777 ῶμον
3668 706 3766 760 τοῦ

2192 798 2504 871 Κενταύρου
2533 815 2547 830 ·
2583 798 2813 869 ἔσχατος
2851 798 2908 852 66
2930 800 2960 851 6
2984 798 3301 869 νοτιώτερος
3328 797 3544 851 πάντων
3571 797 3667 850 καὶ
3707 801 3767 852 έν

2191 891 2345 964 ἄκρῳ
2392 891 2471 961 τῷ
2497 891 2591 944 ἐπὶ
2622 891 2722 961 τῆς
2755 889 2954 958 ὀσφύος
3007 888 3383 960 ὑποκείμενος.
3428 890 3771 960 Μεσουρανεῖ

2190 981 2246 1034 δὲ
2283 987 2333 1034 α’
2358 981 2534 1051 ἀστὴρ
2556 982 2586 1034 ὀ
2608 980 2718 1033 τῶν
2752 981 2811 1033 ὲν
2850 981 2917 1050 τῇ
2941 977 3151 1049 κεφαλῇ
3177 977 3273 1031 τοῦ
3296 977 3525 1040 Λέοντος
3557 976 3767 1047 βορειό-

2191 1089 2349 1144 τερος
2376 1071 2486 1125 τῶν
2508 1070 2808 1141 ἑπομένων,
2835 1071 2930 1123 καὶ
2955 1070 2984 1122 6
3007 1071 3066 1123 ὲν
3086 1069 3199 1133 τοῖς
3222 1068 3573 1139 ἐμπροσθίοις
3597 1066 3765 1121 αὐτοῦ

2193 1165 2372 1227 ποσὶν,
2405 1163 2630 1234 ἔσχατος
2671 1161 2729 1215 δὲ
2775 1163 2803 1214 6
2842 1161 2936 1214 ἐπὶ
2985 1160 3085 1230 τῆς
3131 1158 3330 1227 ὀσφύος
3373 1158 3473 1228 τῆς
3523 1157 3767 1228 μεγάλης

2194 1255 2430 1325 Ἄρκτου
2459 1252 2730 1323 λαμπρὸς,
2760 1251 2856 1305 καὶ
2890 1250 2985 1305 τοῦ
3016 1250 3121 1304 ὑπό
3146 1251 3238 1304 τὸν
3265 1249 3532 1321 Κρατῆρα
3567 1248 3767 1320 τριγώ-

2189 1362 2283 1398 νου
2312 1343 2637 1415 ὀρθογωνίου
2675 1342 2768 1395 ὲπὶ
2807 1341 2904 1413 τῆς
2946 1340 3114 1412 ὀρθῆς
3148 1341 3416 1412 κείμενος.
3462 1338 3761 1394 Ἀνατέλλει

2186 1437 2245 1492 δὲ
2268 1437 2329 1490 16
2354 1435 2553 1508 θηρίον
2579 1437 2636 1489 6v
2662 1434 2833 1507 ὥραις
2866 1434 2912 1504 β’
2940 1434 3034 1487 καὶ
3056 1433 3096 1487 δ’
3139 1433 3316 1505 μέρει.

2263 1527 2433 1584 Ὅταν
2466 1528 2524 1581 δὲ
2562 1528 2623 1581 τὸ
2660 1527 3026 1597 Θυμιατήριον
3055 1525 3341 1596 ἀνατέλλῃ,
3385 1523 3735 1578 συνανατέλλι

2191 1620 2289 1692 μὲν
2314 1618 2462 1690 αὐτῷ
2492 1619 2520 1671 ὀ
2548 1617 2809 1691 ζωδιακὸς
2840 1615 2948 1671 6116
2979 1615 3209 1681 Τοξότου
3248 1615 3358 1688 μοί.
3389 1622 3449 1669 ιε’
3471 1616 3574 1679 ἕως
3601 1615 3736 1681 Τοξό

2185 1727 2282 1765 του
2340 1708 2448 1781 μοί.
2490 1714 2539 1777 γ’
2573 1709 2666 1762 καὶ
2703 1714 2751 1762 κ’
2774 1724 2790 1739 ο
2820 1709 3143 1779 μεσουρανεῖ
3180 1707 3238 1761 δὲ
3277 1706 3386 1762 6116
3422 1706 3616 1779 Χηλῶν
3648 1706 3762 1778 μοί.

2191 1799 2236 1872 β’
2270 1801 2373 1865 ἕως
2400 1800 2593 1873 Χηλῶν
2636 1799 2748 1871 μοί.
2778 1806 2829 1854 1'.
2862 1799 2974 1854 Καὶ
3002 1805 3053 1852 α’
3097 1799 3194 1870 μὲν
3222 1798 3397 1870 ἀστὴρ
3429 1798 3709 1853 ἀνατέλλει
3733 1801 3765 1853 6

514 1886 673 1942 stella
693 1927 709 1952 ,
745 1889 1042 1944 australior
1073 1905 1264 1947 earum
1296 1903 1421 1961 qua:
1451 1895 1580 1943 sunt
1606 1887 1663 1942 in
1692 1887 1917 1944 sinistro
1945 1885 2078 1959 pede

2180 1889 2272 1945 ἐπὶ
2298 1889 2391 1944 τοῦ
2429 1890 2719 1962 έπιπύρου,
2746 1888 2968 1959 ἔσχατος
2993 1889 3051 1943 66
3072 1889 3101 1942 6
3128 1887 3443 1960 νοτιώτερος
3472 1889 3582 1944 τῶν
3610 1891 3668 1943 ὲν
3693 1893 3762 1961 τῇ

514 1976 717 2044 Bootae,
739 1986 795 2034 et
819 1977 1001 2035 lucida
1024 1982 1079 2035 in
1108 1980 1503 2053 posterioribus
1524 1978 1781 2035 Centauri
1811 1978 2079 2049 pedibus;

514 2074 789 2137 postrema
818 2085 941 2141 quae
972 2085 1004 2126 a
1036 2072 1404 2141 septentrione
1440 2068 1619 2125 dextri
1657 2084 1796 2140 genu
1832 2084 1897 2124 ac
1926 2067 2081 2137 pedis

511 2157 689 2212 dextri
741 2156 983 2230 Virginis
1027 2160 1220 2215 ultima
1263 2170 1379 2229 est,
1427 2161 1753 2217 semicubito
1798 2159 1916 2216 fere
1943 2160 2079 2216 citra

513 2238 901 2308 meridianum.
930 2249 1118 2306 Oritur
1146 2252 1255 2306 Ara
1282 2251 1573 2330 semihorae
1604 2250 1801 2323 spatio.

511 2344 609 2398 καὶ
645 2343 740 2399 τοῦ
786 2343 963 2410 δεξιοῦ
1003 2347 1184 2413 ποδὸς,
1244 2346 1323 2412 ὡς
1366 2348 1665 2419 ήμιπήχιον
1706 2344 2131 2417 ὑπολειπόμενος

512 2439 784 2513 ἡμιωριφ.

583 2551 674 2610 lll.
716 2552 959 2612 Australi
997 2556 1155 2613 Pisce
1180 2555 1393 2613 oriente
1414 2596 1431 2623 ,
1472 2559 1649 2631 surgit
1677 2575 1786 2614 una
1820 2559 2078 2615 zodiacus

511 2658 544 2697 ο
574 2653 732 2714 parte
761 2646 828 2700 l7
861 2646 1040 2703 media
1070 2646 1296 2719 Aquarii
1330 2646 1400 2703 ad
1433 2646 1675 2721 Virginis
1704 2651 1935 2707 mediam
1969 2650 2035 2704 ‘2!
2060 2667 2076 2717 ;

511 2736 779 2792 culminat
818 2751 848 2792 a
882 2747 1036 2809 parte
1068 2737 1349 2812 Sagittarii
1381 2738 1417 2794 4
1447 2740 1515 2796 ad
1553 2740 1626 2796 25
1662 2740 1919 2797 mediam.
1959 2739 2081 2796 Pri-

509 2841 600 2881 ma
650 2827 893 2883 omnium
948 2829 1130 2885 oritur
1182 2831 1375 2898 stella,
1424 2831 1697 2887 borealior
1731 2847 1925 2888 earum
1958 2846 2082 2903 quae

512 2926 646 2972 sunt
674 2918 730 2974 in
763 2920 968 2987 cauda;
1001 2928 1318 2991 postrema,
1357 2938 1479 2994 qua:
1513 2924 1569 2978 in
1606 2924 1953 2981 extremitate
1988 2939 2081 2980 ro-

510 3010 613 3067 stri
646 3010 846 3067 lucida.
873 3012 1151 3071 Culminat
1175 3013 1328 3084 prior
1348 3028 1470 3085 qua:
1494 3022 1579 3070 est
1607 3014 1665 3070 in
1681 3015 1828 3071 Arcu
1856 3015 2037 3071 medio
2061 3032 2076 3081 ;

509 3112 567 3159 et
602 3104 897 3160 australior
932 3120 1122 3161 earum
1155 3120 1278 3177 qua:
1315 3104 1372 3162 in
1409 3106 1605 3163 dextro
1640 3107 1921 3179 Anguiferi
1958 3108 2079 3164 sita:

2189 1966 2365 2051 βάσει.
2403 1982 2745 2051 Μεσουρανεί
2770 1980 2828 2034 66
2858 1987 2906 2033 α’
2939 1980 3040 2051 μὲν
3069 1980 3242 2053 ἀστὴρ
3277 1980 3375 2034 τοῦ
3406 1997 3465 2034 τε
3494 1978 3708 2033 Βοώτου
3734 1981 3765 2033 6

2186 2068 2503 2143 νοτιιῖιτερος
2527 2070 2634 2126 τῶν
2670 2073 2728 2125 ὲν
2753 2069 2831 2141 τῷ
2871 2069 3143 2142 ἀριστερῷ
3179 2070 3322 2135 11061,
3352 2071 3447 2124 καὶ
3494 2070 3587 2123 τοῦ
3632 2071 3764 2123 Κεψ

2184 2161 2389 2234 ταύρου
2422 2162 2451 2215 6
2480 2162 2539 2217 ὲν
2577 2164 2691 2226 τοῖς
2725 2161 2989 2225 ὀπισθίοις
3040 2161 3166 2215 ποσὶ
3210 2161 3459 2233 λαμπρός
3479 2162 3763 2232 ’,ἔσχατος

2185 2252 2243 2304 66
2276 2251 2374 2321 τῆς
2408 2250 2687 2324 Παρθένου
2719 2254 2748 2305 6
2782 2252 2876 2306 611’
2903 2252 3138 2324 ’Δρκτου
3186 2252 3279 2308 τοῦ
3323 2252 3497 2319 δεξιοῦ
3538 2253 3763 2322 γόνατος

2182 2346 2275 2401 τοῦ
2311 2346 2705 2419 μεσημϐρινοῦ.
2748 2347 3046 2402 ’Δνατέλλει
3086 2349 3144 2403 δὲ
3186 2348 3247 2404 16
3281 2349 3646 2423 Θυμιατήριον
3684 2350 3764 2403 ὲνι

2254 2555 2332 2611 Γ.
2371 2556 2539 2610 Ὅταν
2562 2555 2619 2609 δὲ
2653 2555 2683 2607 ὀ
2715 2554 2887 2619 νότιος
2922 2555 3097 2626 Ἰχθὺς
3125 2556 3409 2630 ἀνατέλλῃ,
3439 2559 3762 2614 συνανατέλ-

2183 2647 2267 2701 λει
2318 2648 2415 2719 μὲν
2439 2646 2586 2717 αὐτῷ
2615 2648 2644 2701 6
2672 2646 2931 2711 ζωδιακὸς
2962 2648 3072 2702 ἀπὸ
3105 2648 3386 2720 ’Υδροχόου
3428 2650 3537 2721 μοί.
3575 2650 3639 2714 ιζ’
3662 2651 3763 2723 μέ-

2186 2758 2286 2813 σης
2310 2740 2415 2805 ἕως
2443 2739 2721 2810 Παρθένου
2767 2746 2816 2795 α’
2861 2741 2956 2795 καὶ
2980 2748 3029 2795 κ’
3055 2742 3228 2813 μέσης
3251 2759 3264 2772 ·
3293 2745 3616 2816 μεσουρανεί
3652 2746 3763 2799 6116

2185 2831 2415 2897 Τοξότου
2449 2831 2493 2885 6'
2526 2832 2632 2895 ἕως
2674 2831 2900 2898 Τοξότου
2928 2838 2970 2885 ε’
3008 2833 3103 2887 καὶ
3133 2839 3182 2887 κ’
3218 2832 3409 2905 μέσης.
3441 2835 3552 2889 Καὶ
3585 2842 3635 2889 α’
3660 2837 3760 2907 μὲν

2185 2919 2361 2992 ἀστὴρ
2380 2919 2655 2975 ἀνατέλλει
2678 2922 2707 2974 6
2737 2919 3075 2995 βορειότερος
3102 2922 3213 2977 τῶν
3239 2925 3298 2977 ὲν
3323 2926 3390 2996 τῇ
3420 2925 3757 2998 0696,6116-

2184 3027 2275 3074 τος
2295 3010 2353 3066 66
2383 3013 2414 3064 6
2439 3013 2496 3065 ὲν
2531 3012 2687 3083 ἄκρῳ
2709 3011 2789 3083 τῷ
2817 3011 3008 3085 ῥύγχει
3030 3013 3300 3086 λαμπρός.
3335 3017 3676 3088 Μεσουρανεί
3701 3017 3762 3072 δὲ

2182 3107 2231 3155 α’
2262 3100 2360 3171 μὲν
2400 3101 2431 3154 ὃ
2466 3118 2528 3155 τε
2567 3104 2625 3157 ὲν
2660 3102 2811 3175 μέσῳ
2851 3103 2930 3176 τῷ
2960 3105 3143 3177 Τόξῳ,
3176 3107 3270 3160 καὶ
3297 3106 3387 3160 τοῦ
3420 3107 3705 3179 Ὀφιούχου
3731 3111 3760 3164 6

508 3203 640 3255 Sunt
661 3195 893 3253 humero
911 3235 928 3264 ,
954 3195 1281 3255 semicubito
1304 3195 1421 3254 fere
1437 3199 1577 3253 citra
1604 3199 1960 3256 meridianum
1984 3214 2078 3271 po-

2182 3190 2495 3263 νοτιὼτερος
2534 3191 2643 3246 τῶν
2698 3193 2756 3247 ὲν
2789 3191 2869 3263 τῷ
2916 3192 3074 3264 δεξιῷ
3121 3191 3288 3265 ὤμῳ,
3335 3194 3412 3258 ὡς
3455 3195 3760 3266 ἡμιπήχιον

507 3286 657 3352 sita;
693 3287 886 3342 ultima
923 3302 1082 3355 vero,
1122 3287 1305 3345 lucida
1343 3288 1545 3361 pedum
1582 3292 1992 3363 posteriorum;
2026 3297 2082 3347 et

508 3390 631 3445 qua
667 3375 725 3432 in
760 3376 1107 3432 extremitate
1143 3377 1333 3435 caudae
1370 3378 1688 3450 Serpentis,
1733 3395 1894 3451 quem
1932 3387 2082 3436 tenet

507 3463 860 3536 Ophiuchus:
883 3467 1014 3522 item
1034 3467 1344 3538 praecedens
1358 3468 1591 3527 duarum
1613 3470 1939 3537 lucidarum,
1958 3486 2082 3541 quae

508 3566 642 3615 sunt
672 3557 730 3615 in
756 3559 891 3630 jugo
920 3557 1214 3626 Fidiculm,
1239 3561 1603 3618 semicubitali
1636 3561 1751 3618 fere
1787 3561 2081 3617 interstitio

508 3648 870 3706 meridianum
902 3648 1253 3708 antecedens.
1285 3650 1473 3708 Oritur
1499 3650 1676 3710 Piscis
1705 3652 1838 3708 hora
1863 3653 1899 3708 0
1916 3691 1933 3718 ,
1970 3649 2077 3709 48'.

580 3827 719 3884 Cum
743 3826 913 3885 Cetus
939 3828 1139 3896 oritur,
1167 3830 1398 3903 emergit
1422 3845 1546 3887 cum
1572 3845 1641 3887 eo
1666 3828 1926 3888 zodiacus
1952 3846 1982 3886 a
2007 3830 2079 3887 20

507 3926 666 3991 parte
703 3918 942 3976 Piscium
982 3920 1051 3976 ad
1089 3919 1257 3979 Tauri
1295 3921 1367 3990 7;
1424 3920 1690 3977 culminat
1729 3936 1762 3976 a
1801 3919 2079 3994 Sagittarii

506 4011 691 4068 media
712 4010 786 4066 24
807 4011 875 4068 ad
908 4010 1227 4082 Capricorni
1249 4012 1320 4067 2‘2
1344 4012 1603 4069 mediam.
1624 4011 1803 4068 Prima
1831 4014 2076 4069 omnium

506 4102 687 4158 oritur
717 4103 875 4160 stella
894 4143 910 4169 ,
948 4103 1218 4160 borealior
1241 4118 1430 4161 earum
1463 4118 1583 4173 quae
1614 4109 1742 4161 sunt
1774 4105 1830 4160 in
1859 4104 2073 4173 cauda;

509 4195 736 4261 ultima,
759 4195 1169 4253 succedentium
1198 4194 1505 4251 lucidarum
1537 4210 1660 4266 qua:
1693 4195 1749 4251 in
1784 4196 2075 4254 Laterculo

506 4296 669 4354 sunt,
708 4288 1023 4344 australior.
1079 4287 1354 4345 Culminat
1389 4293 1514 4343 ante
1554 4287 1722 4354 alias,
1762 4288 2075 4360 praecedens

505 4394 695 4433 earum
716 4394 840 4450 quae
864 4389 995 4436 sunt
1020 4380 1075 4434 in
1100 4379 1234 4450 jugo
1253 4377 1425 4443 Fidis,
1449 4388 1725 4451 postrema
1753 4396 1874 4452 qua:
1899 4388 1983 4437 est
2017 4380 2073 4437 in

504 4469 680 4527 cauda
707 4470 877 4543 Cygni
902 4470 1101 4528 lucida.
1126 4469 1312 4527 Oritur
1343 4468 1511 4528 Cetus
1542 4470 1694 4528 horis
1720 4470 1777 4529 3.

573 4645 779 4703 Orione
810 4646 1168 4710 ascendente,
1208 4662 1333 4707 cum
1374 4663 1441 4706 eo
1479 4647 1739 4705 zodiacus
1776 4648 2004 4720 emergit
2040 4662 2071 4704 a

503 4735 666 4791 Tauri
711 4735 782 4797 28
814 4737 992 4794 media
1021 4737 1089 4795 ad
1120 4737 1315 4794 Cancri
1349 4739 1418 4807 3;
1452 4738 1716 4795 culminat
1748 4738 1817 4793 ab
1848 4738 2073 4810 Aquarii

503 4838 658 4898 parte
681 4828 716 4884 9
738 4828 806 4884 ad
832 4827 1073 4885 Piscium
1106 4830 1194 4886 15.
1219 4830 1399 4885 Prima
1424 4832 1708 4903 consurgit
1733 4830 1887 4888 stella
1907 4870 1923 4892 ,
1951 4846 2072 4901 qua:

501 4929 586 4978 est
610 4922 667 4978 in
692 4921 916 4979 sinistra
942 4937 1142 4989 manu;
1188 4923 1400 4988 ultima,
1434 4938 1555 4994 quae
1578 4932 1663 4980 est
1688 4923 1743 4978 in
1772 4922 1964 4979 dextro
1985 4939 2072 4994 pe-

500 5013 588 5067 de.
611 5009 885 5067 Culminat
903 5027 969 5068 ex
995 5011 1117 5067 aliis
1146 5012 1381 5081 primum
1408 5011 1608 5083 Cephei
1633 5028 1729 5084 pes
1756 5014 1947 5068 dexter
1973 5030 1987 5078 ;
2016 5022 2071 5070 et

499 5119 690 5159 earum
727 5118 849 5176 qua:
884 5105 942 5159 in
978 5102 1204 5175 Aquarii
1244 5118 1381 5158 urna
1421 5110 1581 5169 sunt,
1622 5102 1821 5160 media.
1863 5102 2069 5161 Ultimo

498 5211 666 5260 vero,
705 5210 873 5266 parva
911 5194 1067 5251 stella
1104 5208 1226 5265 quae
1263 5195 1319 5248 in
1358 5194 1492 5250 sella
1520 5202 1605 5250 est
1632 5194 1979 5266 Cassiepeae;
2014 5202 2069 5251 et

499 5301 691 5342 carum
730 5285 968 5341 maxime
1008 5283 1283 5349 borealis,
1324 5299 1447 5356 quae
1486 5285 1543 5340 in
1578 5284 1943 5343 Andromedae
1972 5302 2069 5356 pe-

499 5385 679 5435 ctore.
710 5373 879 5431 Orion
907 5372 1088 5444 spatio
1120 5371 1297 5443 surgit
1324 5372 1585 5429 horarum
1613 5372 1679 5439 2,
1717 5372 1820 5431 10'.

566 5636 703 5690 Cum
726 5633 939 5698 Fluvio,
961 5635 1055 5706 qui
1077 5650 1157 5696 est
1182 5639 1251 5695 ab
1280 5638 1510 5701 Orione,
1538 5634 1803 5693 zodiacus
1830 5639 2006 5692 oritur
2032 5651 2063 5692 a

498 5736 651 5798 parte
681 5727 748 5782 l5
775 5725 976 5789 Tauri,
1011 5726 1077 5779 ad
1106 5726 1306 5782 Cancri
1348 5726 1451 5793 lt);
1492 5726 1758 5782 culminat
1798 5742 1827 5781 a
1866 5729 2056 5797 Capri-

499 5815 751 5875 corn'127
780 5816 848 5871 ad
886 5814 1126 5873 Piscium
1152 5813 1243 5873 22.
1296 5816 1454 5875 Prior
1484 5818 1682 5887 oritur,
1732 5819 2059 5878 antecedens

2182 3282 2605 3354 ὑπολειπόμενος
2628 3283 2723 3337 τοῦ
2754 3284 3129 3356 μεσημϐρινοῦ
3154 3303 3167 3316 ·
3195 3285 3422 3357 ἔσχατος
3451 3286 3511 3340 δὲ
3544 3288 3573 3340 6
3598 3303 3659 3340 τε
3698 3289 3758 3341 ὲν

2178 3374 2290 3437 τοῖς
2315 3373 2581 3438 ὀπισθίοις
2606 3374 2735 3428 ποσὶ
2764 3375 3036 3447 λαμπρὸς,
3059 3376 3154 3431 καὶ
3179 3376 3273 3431 τοῦ
3299 3378 3533 3446 Ὄφεως,
3561 3377 3621 3431 δν
3643 3376 3757 3449 ἔχει

2177 3464 2207 3517 6
2249 3462 2550 3535 Ὀφιοῦχος,
2576 3466 2606 3518 6
2641 3464 2700 3518 ὲν
2748 3465 2895 3537 ἄκρα
2933 3467 3001 3537 τῇ
3047 3466 3215 3537 ούρᾷο
3252 3466 3472 3537 καὶτῆς
3513 3466 3699 3539 Δύρας
3727 3468 3759 3522 6

2176 3553 2481 3627 ἡγούμενος
2538 3554 2647 3610 τῶν
2692 3557 2751 3609 ὲν
2804 3555 2882 3627 τῷ
2923 3555 3208 3627 ζυγώματι
3254 3556 3299 3627 β’
3334 3556 3633 3630 λαμπρῶν,
3679 3558 3757 3622 ὡς

2178 3644 2474 3716 ὴμιπήχιον
2520 3644 2931 3717 προηγούμενος
2973 3645 3068 3700 τοῦ
3140 3647 3531 3719 μεσημϐρινοῦ.
3601 3649 3758 3703 Ἀνα-

2178 3732 2352 3788 τέλλει
2379 3734 2437 3789 δὲ
2464 3736 2494 3789 6
2533 3735 2707 3807 Ἰχθὺς
2731 3737 2790 3790 ἐν
2817 3736 2861 3790 6'
2882 3739 3332 3810 πεμπτημορίοις-
3348 3746 3396 3793 α’
3423 3737 3593 3811 ὥρας.

2253 3826 2420 3879 Ὅταν
2461 3826 2519 3880 66
2555 3826 2618 3880 16
2659 3828 2837 3899 Κῆτος
2873 3828 3136 3900 ἀνατέλλῃ
3155 3868 3170 3893 ,
3219 3830 3596 3886 συνανατέλλει
3653 3832 3755 3903 μὶν

2177 3915 2328 3986 αύτῷ
2358 3918 2388 3970 6
2408 3915 2671 3981 ζωδιακὸς
2695 3916 3058 3989 ἁπδ,’1χθύων
3093 3921 3203 3991 μοί.
3234 3926 3281 3972 κ’
3307 3919 3410 3984 ἕως
3442 3919 3655 3993 Ταύρου
3680 3920 3749 3987 ξ’·

2180 4007 2508 4078 μεσουρανεί
2537 4004 2594 4061 66
2617 4006 2729 4061 6116
2751 4006 2979 4074 Τοξότου
3005 4007 3047 4061 δ’
3074 4010 3167 4064 καὶ
3186 4008 3234 4064 κ’
3261 4010 3430 4082 μέσης
3460 4012 3565 4075 ἓως
3592 4012 3753 4080 Αἰγό-

2177 4110 2324 4167 κερω
2353 4093 2398 4165 β’
2436 4094 2530 4148 καὶ
2558 4100 2608 4156 κ’
2641 4094 2834 4165 μέσης.
2857 4097 2967 4151 Καὶ
2995 4104 3042 4151 α’
3078 4098 3178 4169 μὲν
3206 4099 3381 4171 ἀστὴρ
3412 4100 3690 4155 ἀνατέλλει
3722 4104 3753 4156 6

2179 4185 2517 4259 βορειότερος
2554 4186 2664 4242 τῶν
2704 4187 2764 4241 ἐν
2796 4191 2863 4261 τῇ
2900 4190 3071 4262 οὐρᾷ,
3103 4190 3328 4261 ἔσχατος
3354 4190 3411 4244 66
3450 4192 3558 4245 τῶν
3585 4194 3643 4246 ὲν
3668 4193 3751 4266 τῷ

2178 4278 2579 4353 Τετραπλεύρῳ
2611 4278 2878 4352 λαμπρῶν
2909 4282 2938 4337 6
2962 4280 3278 4358 νοτιώτερος
3306 4283 3415 4337 τῶν
3443 4285 3747 4356 ἑπομένων.

2176 4369 2361 4422 ὶίεσου
2371 4372 2523 4441 ρανεῖ
2546 4369 2604 4423 δὲ
2630 4376 2678 4424 α’
2708 4369 2808 4441 μὲν
2833 4372 2863 4424 6
2891 4370 2992 4441 τῆς
3020 4372 3202 4445 Δύρας
3224 4374 3523 4447 ἡγούμενος
3554 4376 3663 4430 τῶν
3685 4378 3747 4432 ὲν

2175 4459 2255 4531 τῷ
2292 4459 2598 4532 ζυγὼματι,
2627 4462 2854 4533 ἔσχατος
2890 4461 2949 4516 δὲ
2976 4462 3069 4516 τοῦ
3109 4465 3357 4536 Ὄρνιθος
3381 4468 3410 4520 6
3432 4468 3490 4520 ὲν
3510 4470 3575 4540 τῇ
3607 4470 3746 4541 οὐρᾷ

2105 4544 2151 4601 D
2174 4550 2447 4625 λαμπρός.
2498 4553 2802 4608 ’Δνατέλλει
2832 4552 2889 4607 66
2913 4551 2974 4607 16
2998 4555 3177 4627 Κῆτος
3202 4558 3259 4609 έν
3285 4555 3457 4627 ὥραις
3482 4558 3547 4628 β’.

2250 4645 2417 4699 Ὅταν
2469 4645 2526 4701 δὲ
2566 4647 2596 4699 6
2634 4645 2824 4717 Ὠρίων
2867 4646 3132 4720 ἀνατέλλῃ
3158 4688 3176 4713 ,
3224 4650 3599 4705 συνανατέλλει
3643 4652 3745 4723 μὲν

2172 4733 2321 4806 αὐτῷ
2351 4735 2380 4788 6
2413 4734 2675 4800 ζωδιακὸς
2703 4733 2812 4787 6116
2848 4734 3063 4806 Ταύρου
3111 4743 3161 4808 ἠ’
3189 4737 3284 4793 καὶ
3328 4746 3375 4792 κ’
3424 4740 3597 4812 μέσης
3638 4742 3745 4806 ἕως

2171 4826 2448 4898 Καρκίνου
2512 4827 2622 4898 μοί.
2681 4834 2729 4896 γ’
2751 4846 2765 4859 ·
2819 4832 3141 4902 μεσουρανεῖ
3184 4830 3241 4885 66
3299 4830 3407 4885 ἀπὸ
3456 4831 3744 4903 ’Υδροχόου

2173 4918 2284 4990 μοί.
2326 4917 2371 4971 θ’
2397 4917 2503 4982 ἕως
2536 4918 2757 4990 Ἰχθύων
2791 4927 2878 4989 ιγ’.
2908 4921 3017 4976 Καὶ
3046 4928 3094 4975 α’
3130 4922 3230 4994 μὲν
3257 4922 3431 4996 ἀστὴρ
3464 4923 3745 4978 ἀνατέλλει

2169 5009 2198 5062 6
2225 5009 2283 5062 6v
2319 5011 2387 5079 τῇ
2422 5009 2683 5081 ἀριστερᾷ
2727 5010 2907 5083 χειρὶ,
2935 5010 3160 5081 ἔσχατος
3196 5011 3254 5067 δὲ
3295 5014 3324 5066 ὀ
3372 5014 3429 5066 ὲν
3474 5012 3553 5084 τῷ
3583 5012 3744 5085 δεξιῷ

2171 5097 2311 5151 ποδί.
2343 5098 2685 5170 Μεσουρανεῖ
2708 5098 2765 5152 δὲ
2793 5099 2902 5152 τῶν
2932 5099 3106 5154 ἄλλων
3141 5106 3189 5152 α’
3212 5101 3313 5172 μὲν
3345 5103 3374 5154 ὀ
3407 5100 3577 5166 δεξιὸς
3606 5101 3742 5166 ποῦς

2166 5187 2261 5241 τοῦ
2288 5187 2544 5259 Κηφέως,
2578 5189 2673 5243 καὶ
2698 5187 2806 5242 τῶν
2846 5190 2903 5242 ὲν
2927 5193 2993 5261 τῇ
3025 5190 3242 5245 κάλπιδι
3270 5190 3364 5244 τοῦ
3402 5190 3685 5260 Ὑδροχόου
3712 5191 3742 5243 6

2170 5277 2333 5350 μέσος
2351 5319 2366 5344 ,
2391 5277 2615 5351 ἔσχατος
2640 5280 2698 5334 66
2724 5280 2823 5351 τῆς
2846 5297 2905 5334 τε
2933 5282 3299 5348 Κασσιεπείας
3327 5286 3356 5337 ὀ
3377 5285 3435 5337 ἐν
3458 5282 3536 5354 τῷ
3563 5283 3739 5354 δίφρῳ

2169 5356 2390 5441 μικρὸς,
2426 5371 2521 5425 καὶ
2569 5371 2666 5442 τῆς
2706 5371 3061 5444 Ἀνδρομέδας
3094 5375 3122 5426 6
3157 5372 3494 5446 βορειότατος
3530 5374 3637 5428 τῶν
3676 5375 3739 5427 ὲν

2165 5461 2242 5532 τῷ
2283 5461 2489 5533 στήθει.
2536 5463 2841 5518 Ἀνατέλλει
2884 5463 2942 5518 δὲ
2975 5466 3004 5518 6
3042 5464 3231 5537 Ὠρίων
3264 5467 3321 5519 έν
3352 5464 3524 5538 ὥραις
3568 5463 3611 5536 β’
3641 5467 3737 5518 καὶ

2167 5560 2218 5617 ς’
2258 5554 2431 5626 μέρει.
3608 5580 3615 5587 ·

2237 5645 2403 5701 Ὅταν
2432 5645 2541 5699 666
2581 5646 2689 5700 6116
2729 5647 2825 5701 106
2868 5647 3117 5718 Ὠρίωνος
3155 5645 3409 5717 Ποταμὺς
3441 5642 3732 5716 ἀνατέλλῃ,

2162 5737 2539 5789 συνανατέλλει
2574 5738 2671 5808 μὲν
2699 5739 2847 5810 αὐτῷ
2880 5739 2908 5790 6
2941 5738 3200 5803 ζωδιακὸς
3227 5739 3335 5792 6116
3365 5720 3730 5809 1916906906.

2164 5832 2231 5895 ιγ’
2262 5825 2366 5890 ἕως
2408 5826 2684 5899 Καρκίνου
2726 5828 2833 5900 μοί.
2867 5836 2923 5881 ι’·
2972 5831 3296 5902 μεσουρανεῖ
3332 5827 3387 5883 δὲ
3428 5827 3536 5884 ἀπὸ
3568 5827 3731 5900 Αἰγο-
