4106 6426
349 439 488 496 1113
1339 433 1711 491 HIPPARCHI
1755 435 1842 488 AD
1878 435 1936 489 Pl

2041 435 2319 490 NOMENA
2359 435 2485 489 LIB.
2527 435 2610 492 ΙΙΙ.
3452 440 3593 494 HM

349 551 585 622 κέρωτος
628 547 737 618 μοί.
769 547 813 612 ζ’
844 548 938 600 καὶ
976 553 1022 600 κ’
1057 548 1169 610 ἔως
1207 546 1422 616 Ἰχθύων
1459 547 1502 616 β’
1529 549 1621 600 καὶ
1640 554 1709 600 κ’.
1747 547 1853 601 Καὶ
1878 555 1924 601 α’

2041 549 2396 603 borealiorum
2444 550 2498 602 in
2545 549 3084 620 parallelogrammo,
3121 551 3264 620 quod
3305 549 3358 603 in
3395 565 3594 620 magno

351 641 449 712 μὲν
475 638 648 710 ἀστὴρ
694 639 972 692 ἀνατέλλει
1012 639 1106 691 τοῦ
1142 640 1200 692 έν
1237 640 1302 710 τῇ
1350 637 1560 710 μεγάλῃ
1602 638 1922 709 περιφερείᾳ

2041 640 2196 694 ﬂexu-
2229 655 2396 710 prope
2441 641 2628 695 Cetum
2669 641 2904 711 positum
2949 649 3070 706 est;
3113 650 3422 711 postrema,
3455 641 3594 694 luci-

351 730 942 802 παραλληλογράμμου,
971 729 1061 787 καὶ
1089 728 1260 797 ἔγγὺς
1302 727 1396 781 τοῦ
1427 728 1643 798 Κήτους
1669 728 1920 798 κειμένου

2041 729 2294 793 dissima,
2331 738 2385 786 et
2422 732 2781 797 antecedens,
2819 743 2870 787 et
2900 733 3134 786 maxime
3171 733 3426 787 australis
3469 748 3592 787 om-

349 823 385 884 ἁ
406 820 706 892 ἡγούμενος
733 819 843 872 τῶν
869 819 1240 890 βορειοτέρων,
1267 818 1490 888 ἔσχατος
1526 818 1583 871 66
1617 821 1645 871 6
1676 818 1922 889 λαμπρὸ⁴

2041 821 2204 874 nium.
2243 819 2518 874 Culminat
2551 820 2886 891 reliquarum
2921 822 3196 876 stellarum
3233 821 3382 890 prior
3413 860 3428 875 .
3466 861 3479 873 .
3519 861 3532 874 .
3572 859 3588 874 .

350 929 508 974 τατος
530 953 543 975 ,
574 910 667 964 καὶ
695 913 723 964 6
761 910 1061 981 ἡγούμενος
1082 948 1097 972 ,
1126 910 1220 963 καὶ
1253 911 1282 962 6
1322 909 1642 979 νοτιώτερος
1683 909 1918 963 πάντων.

2041 954 2042 957 η
2081 951 2094 962 .
2135 953 2149 965 .
2193 950 2206 963 .
2244 953 2256 964 .
2297 951 2310 964 .
2351 951 2364 963 .
2406 953 2418 965 .
2454 927 2574 981 quae
2605 927 2632 964 a
2666 913 3033 980 septentrione
3061 912 3310 983 adjacent
3341 913 3442 972 iis,
3470 927 3592 982 qum

349 1007 690 1075 Μεσουρανεῖ
729 1004 786 1057 δὲ
831 1004 940 1056 τῶν
968 1002 1140 1057 ἄλλων
1181 1009 1229 1056 α’
1272 1001 1370 1071 μὲν
1404 1008 1474 1069 ιγ’
1516 1000 1609 1054 τοῦ
1655 1018 1713 1054 τε
1751 1003 1779 1056 6
1812 1007 1859 1054 α’
1893 1002 1922 1053 6

2041 1010 2158 1058 sunt
2191 1003 2247 1056 in
2279 1003 2456 1056 cauda
2485 1022 2497 1057 :
2534 1004 2662 1057 item
2698 1003 2989 1056 australior
3019 1019 3206 1058 earum
3227 1043 3242 1067 ,
3275 1019 3395 1074 qua:
3430 1003 3484 1056 in
3513 1004 3590 1058 si-

351 1095 615 1164 ἔπόμενος
643 1094 751 1147 τῶν
785 1093 880 1146 ἀπ’
913 1092 1116 1162 ἄρκτου
1158 1090 1578 1161 παρακειμένων
1611 1093 1723 1152 τοῖς
1755 1090 1812 1142 ὲν
1851 1091 1916 1160 τῇ

2041 1095 2209 1150 ιίειιοο
2235 1093 2369 1163 pede
2393 1095 2582 1165 Cygni.
2613 1093 2809 1148 Ultima
2831 1133 2846 1159 ,
2875 1110 2995 1163 qua:
3019 1102 3103 1148 est
3131 1093 3184 1148 in
3211 1095 3439 1164 genibus
3466 1093 3596 1148 Cas-

351 1185 506 1255 οὐρᾷ,
541 1184 633 1237 καὶ
667 1181 762 1236 τοῦ
790 1181 1038 1254 Ὄρνιθος
1063 1183 1090 1234 6
1115 1179 1429 1250 νοτιωτερος
1468 1179 1574 1233 τῶν
1612 1182 1668 1234 ἔν
1691 1179 1769 1250 τῷ
1797 1181 1920 1250 ἀρι-

2041 1186 2224 1255 siepeae
2248 1226 2263 1251 ,
2310 1193 2365 1241 et
2401 1202 2521 1256 quae
2555 1187 2611 1240 in
2645 1189 2985 1242 extremitate
3023 1187 3208 1240 cauda:
3251 1185 3592 1242 australioris

353 1273 526 1343 στερῷ
551 1271 701 1324 ποδί·
737 1270 963 1341 ἔσχατος
985 1270 1042 1323 δὲ
1072 1270 1171 1340 τῆς
1195 1286 1253 1322 τε
1282 1269 1649 1332 Κασσιεπείας
1676 1271 1704 1322 6
1730 1272 1788 1322 έν
1809 1267 1920 1334 τοῖς

2041 1271 2288 1328 Piscium.
2325 1273 2513 1329 Oritur
2540 1275 2734 1331 ﬂuvius
2764 1277 2820 1331 in
2855 1276 3004 1332 horis
3037 1278 3098 1341 '5,
3135 1286 3188 1331 et
3219 1275 3321 1331 56'.

351 1366 572 1434 γόνασι,
605 1365 832 1418 καὶτῶν
874 1363 1094 1435 ’ἰχθύων
1136 1362 1230 1416 τοῦ
1273 1363 1596 1434 νοτιωτέρου
1628 1365 1656 1415 6
1685 1365 1742 1416 6v
1777 1364 1924 1434 ἄκρᾳ
1961 1367 2027 1436 τῇ
2051 1368 2206 1438 οὐρᾷ.
2238 1370 2537 1424 Ἀνατέλλει
2567 1371 2623 1425 66
2662 1372 2690 1424 ό
2728 1373 2975 1443 Ποταμὸς
3002 1373 3058 1425 ἐν
3085 1372 3254 1444 ὥραις
3309 1378 3356 1439 γ’
3394 1367 3488 1422 καὶ
3544 1373 3593 1437 γ’

353 1478 578 1534 πεμπτη
587 1461 814 1533 μορίοις.

424 1553 497 1608 Δ’.
521 1553 628 1606 Τοῦ
655 1552 712 1605 66
734 1549 961 1620 Λαγωοῦ
991 1548 1390 1615 ἀνατέλλοντος,
1417 1549 1791 1602 συνανατέλλει
1822 1549 1919 1618 μὲν

2097 1547 2188 1604 ιν.
2228 1547 2448 1604 Oriente
2476 1547 2684 1619 Lepore
2715 1549 2971 1604 zodiacus
3001 1551 3246 1605 ascendit
3275 1566 3305 1605 a
3339 1550 3596 1609 Gemino-

354 1642 502 1713 αὐτῷ
547 1643 576 1694 6
617 1641 878 1706 ζωδιακὸς
914 1640 1023 1693 ἀπὸ
1064 1639 1309 1711 Διδύμων
1358 1640 1467 1710 μοί.
1513 1640 1556 1704 ζ’
1602 1640 1696 1692 καὶ
1742 1644 1790 1692 κ’
1817 1639 1921 1702 ἓως

2041 1656 2149 1695 rum
2186 1649 2338 1709 parte
2371 1640 2440 1693 27
2484 1641 2551 1694 ad
2592 1639 2789 1695 Cancri
2839 1641 3070 1696 mediam
3118 1642 3220 1708 12;
3264 1645 3526 1699 culminat
3562 1660 3596 1700 ι

355 1734 630 1804 Καρκίνου
663 1733 729 1804 ιβ’
761 1732 964 1803 μέσης·
997 1732 1321 1804 μεσουρανεϊ
1339 1730 1394 1782 δὲ
1417 1730 1525 1784 61:6
1564 1729 1782 1800 Ἰχθύων
1809 1729 1919 1800 μοί.

2041 1731 2267 1785 Piscium
2312 1730 2345 1783 4
2389 1729 2456 1783 ad
2485 1729 2572 1783 25.
2609 1729 2788 1784 Prima
2835 1733 3006 1803 surgit
3032 1731 3356 1788 antecedens
3404 1734 3569 1790 borea

354 1823 396 1877 δ’
424 1823 528 1888 ἔως
567 1823 784 1895 Ἰχθύων
826 1825 935 1894 μοί.
960 1831 1000 1876 ε’
1027 1823 1122 1877 καὶ
1149 1829 1217 1876 κ’.
1261 1823 1371 1874 Καὶ
1393 1828 1440 1873 α’
1473 1821 1573 1891 μὲν
1597 1821 1770 1892 ἀστὴρ
1795 1823 1924 1874 ἀνα-

2041 1822 2228 1875 liorum
2249 1859 2264 1885 ,
2299 1835 2421 1890 quae
2445 1830 2573 1874 sunt
2602 1821 2656 1875 in
2700 1821 2961 1888 auribus;
2996 1822 3183 1876 ultima
3231 1823 3593 1892 posteriorum

354 1915 530 1969 τέλλει
555 1915 666 1969 τῶν
696 1917 753 1968 ἐν
774 1917 886 1978 τοῖς
919 1916 1021 1968 ὠσὶ
1048 1916 1089 1968 6'
1122 1916 1151 1967 6
1179 1913 1479 1984 ἡγούμενος
1517 1913 1626 1966 τῶν
1669 1913 1927 1984 βορειοτέ-

2041 1910 2228 1980 pedum
2262 1912 2570 1966 australior.
2601 1911 2874 1966 Culminat
2905 1928 2935 1968 e
2963 1914 3136 1970 stellis
3163 1915 3388 1983 reliquis
3421 1915 3593 1984 prior,

360 2024 490 2078 ρων,
515 2007 742 2078 ἔσχατος
778 2007 836 2060 δὲ
875 2009 904 2060 6
950 2005 1265 2076 νοτιώτερος
1291 2004 1398 2058 τῶν
1431 2004 1488 2057 ὲν
1526 2006 1638 2067 τοῖς
1667 2003 1930 2067 ὀπισθίοις

2041 2001 2214 2056 lucida
2247 2017 2369 2073 qua:
2398 2003 2454 2057 in
2482 2003 2680 2059 lumbis
2713 2003 2882 2074 Equi,
2918 2012 2972 2060 et
2999 2022 3092 2076 pes
3121 2006 3320 2078 Cephei
3352 2009 3594 2067 sinister.

359 2099 504 2154 ποσί.
539 2101 874 2171 Μεσουρανεῖ
905 2098 962 2152 δὲ
997 2097 1106 2152 τῶν
1132 2096 1307 2152 ἄλλων
1349 2095 1564 2167 πρῶτος
1609 2095 1706 2164 μὲν
1744 2094 1835 2147 τοῦ
1868 2112 1928 2147 τε

2041 2091 2233 2146 Ultima
2256 2135 2272 2160 ,
2313 2095 2587 2149 borealior
2621 2095 3026 2151 succedentium
3068 2097 3124 2152 in
3164 2099 3423 2154 laterculo
3456 2098 3592 2153 Ceti.

361 2189 557 2242 Ἵππου
584 2191 612 2243 6
631 2189 723 2242 ἐπὶ
747 2188 846 2260 τῆς
873 2187 1073 2257 ὀσφύος
1097 2185 1368 2256 λαμπρὸς,
1401 2185 1496 2238 καὶ
1519 2183 1612 2238 τοῦ
1644 2183 1877 2254 Κηφέως
1899 2185 1928 2236 6

2041 2182 2216 2237 Oritur
2241 2182 2419 2253 Lepus
2447 2184 2580 2238 hora
2610 2186 2672 2250 1,
2707 2183 2806 2240 12’,

357 2281 642 2353 ἀριστερὸς
673 2281 808 2344 ποῦς
831 2296 845 2310 ·
879 2279 1102 2350 ἔσχατος
1133 2278 1189 2332 δὲ
1221 2277 1315 2330 τοῦ
1353 2277 1566 2348 Κήτους
1601 2275 1710 2329 τῶν
1753 2277 1811 2329 ὲν
1851 2274 1928 2328 τῶ
1965 2265 2384 2348 τετραπλεύρῳ’
2414 2279 2442 2330 6
2509 2277 2843 2348 βορειότερος
2872 2277 2979 2331 τῶν
3019 2280 3316 2349 ἑπομένων.
3356 2280 3600 2334 Ἀνατέλ-

359 2372 438 2426 λει
469 2372 528 2426 δὲ
563 2371 592 2422 6
625 2369 847 2438 Λαγωὸς
875 2371 933 2423 ὲν
961 2367 1078 2440 ὥρᾳ
1100 2375 1147 2422 α’
1170 2370 1264 2422 καὶ
1287 2374 1328 2420 ε’
1359 2367 1537 2438 μέρει.

369 2467 374 2470 ’
431 2466 596 2518 Ὅταν
622 2465 680 2518 δὲ
705 2466 734 2517 6
753 2462 914 2517 Κύων
937 2463 1223 2534 ἀνατέλλῃ,
1254 2459 1632 2516 συνανατέλλει
1664 2460 1762 2531 μὲν
1785 2461 1936 2532 αὐτῷ

2103 2459 2241 2516 Cum
2268 2461 2416 2516 Cane
2449 2461 2706 2518 zodiacus
2731 2464 2962 2534 emergit
2987 2477 3018 2516 a
3045 2462 3239 2518 Cancri
3272 2464 3339 2519 15
3368 2464 3434 2518 ad
3464 2464 3602 2521 Leo-

357 2559 385 2612 6
420 2555 682 2622 ζωδιακὸς
716 2555 825 2609 ἀπὸ
857 2555 1134 2628 Καρκίνου
1167 2555 1276 2626 μοι.
1321 2561 1381 2608 ιε’
1411 2553 1516 2618 ἔως
1544 2553 1774 2618 Λέοντος
1820 2554 1931 2623 μοι.

2041 2554 2120 2609 nis
2154 2554 2387 2609 mediam
2440 2555 2508 2620 5;
2545 2555 2808 2610 culminat
2837 2569 2869 2610 a
2905 2554 2975 2610 28
3007 2553 3246 2611 Piscium
3287 2555 3354 2611 ad
3401 2556 3600 2613 Arietis

359 2655 398 2701 ε’
434 2647 605 2718 μέσης
631 2663 645 2677 ·
679 2650 1006 2718 μεσουρανεῖ
1038 2647 1099 2701 δὲ
1135 2647 1242 2701 61:6
1279 2645 1497 2716 ’ἰχθύων
1526 2645 1636 2716 μοι.
1677 2651 1726 2715 η’
1761 2645 1856 2699 καὶ
1885 2651 1933 2699 κ’

2041 2645 2102 2700 24
2131 2645 2386 2701 mediam.
2419 2645 2580 2700 Prior
2606 2647 2781 2701 oritur
2811 2647 2999 2714 stella,
3031 2663 3152 2717 qua:
3177 2648 3230 2701 in
3258 2649 3603 2704 extremitate

357 2740 462 2803 ἔως
486 2737 660 2811 Κριοῦ
683 2738 725 2792 δ’
745 2739 841 2792 καὶ
871 2744 919 2792 κ’
951 2739 1141 2810 μέσης.
1165 2739 1276 2792 Καὶ
1303 2743 1352 2791 α’
1375 2737 1676 2810 666661619
1699 2737 1926 2790 ἀνατέλ-

2041 2737 2854 2809 praecedentis'borealiorisque
2897 2738 3090 2808 pedis;
3140 2739 3325 2794 ultima
3347 2778 3362 2803 ,
3397 2753 3516 2808 quae
3545 2739 3600 2792 in

358 2831 441 2886 λει
475 2831 505 2884 6
542 2833 600 2886 6v
640 2831 794 2903 ἄκρῳ
827 2830 906 2901 τῷ
935 2831 1252 2903 ὲμπροσθίῳ
1291 2832 1384 2885 καὶ
1418 2829 1739 2902 βορειοτέρῳ
1770 2829 1922 2882 ποδί·

2041 2836 2280 2883 extrema
2308 2828 2503 2882 cauda.
2532 2827 2612 2882 Ex
2637 2829 2759 2884 aliis
2785 2828 3050 2883 culminat
3078 2844 3141 2883 ea
3163 2869 3179 2894 ,
3241 2845 3362 2898 qua:
3405 2830 3460 2883 in
3507 2844 3604 2898 pe-

359 2921 584 2992 ἔσχατος
621 2923 679 2975 66
703 2925 732 2976 6
762 2923 822 2976 έν
855 2923 1001 2993 ἄκρᾳ
1035 2925 1102 2994 τῇ
1143 2925 1299 2994 οὐρᾷ.
1340 2923 1680 2994 Μεσουρανεί
1714 2921 1773 2975 66
1817 2920 1926 2974 τῶν

2041 2919 2198 2975 dibus
2253 2920 2600 2989 Cassiepeaa,
2652 2929 2707 2976 et
2765 2921 3038 2975 borealior
3095 2936 3313 2989 earum,
3363 2935 3483 2990 qua:
3544 2921 3603 2976 in

360 3014 533 3069 ἄλλων
565 3020 612 3068 α’
641 3013 739 3084 μὲν
764 3015 794 3066 6
820 3015 878 3067 ὲν
921 3016 1032 3077 τοῖς
1060 3015 1188 3067 ποσὶ
1219 3015 1320 3084 τῆς
1347 3014 1748 3077 Κασσιεπείας,
1775 3014 1871 3066 καὶ
1899 3015 1928 3066 6

2041 3012 2232 3068 dextro
2287 3011 2648 3067 Andromedae
2707 3012 2843 3083 pede
2901 3013 3180 3082 paululum
3243 3013 3602 3067 meridianum

364 3103 700 3175 βορειότερος
727 3103 836 3156 τῶν
866 3103 924 3157 ὲν
965 3103 1043 3174 τῷ
1076 3103 1233 3175 δεξιῷ
1269 3105 1392 3158 ποδὶ
1418 3106 1517 3176 τῆς
1549 3104 1926 3176 Ἀνδρομέδας,

2041 3103 2351 3168 antecedit;
2405 3103 2594 3158 ultima
2638 3117 2802 3168 vero,
2848 3101 3028 3156 lucida
3066 3102 3122 3154 in
3167 3100 3360 3156 dextro
3400 3099 3605 3155 femore

366 3193 560 3265 μικρὸν
594 3192 1001 3264 προηγούμενος
1035 3192 1128 3247 τοῦ
1173 3193 1575 3266 μεσημϐρινοῦ·
1622 3193 1849 3264 ἔσχατος
1877 3194 1934 3247 δὲ

2041 3192 2264 3258 Persei,
2315 3203 2366 3248 et
2416 3192 2714 3249 succedens
2759 3205 2948 3247 earum
2993 3205 3112 3260 quae
3158 3196 3286 3245 sunt
3328 3189 3382 3242 in
3428 3188 3604 3242 cauda

362 3283 455 3337 τοῦ
484 3279 737 3355 Περσέως
763 3286 793 3338 6
832 3286 889 3338 ὲν
917 3283 994 3355 τῷ
1019 3284 1177 3355 δεξιῷ
1207 3285 1366 3356 μηρῷ
1405 3285 1672 3358 λαμπρὸς,
1697 3287 1794 3340 καὶ
1836 3283 1929 3338 τοῦ

2041 3287 2264 3343 Cancri.
2298 3285 2483 3342 Oritur
2513 3286 2679 3343 Canis
2707 3285 2841 3340 hora
2888 3298 2996 3338 una
3019 3322 3034 3348 ,
3082 3282 3310 3354 ejusque
3357 3280 3602 3350 partibus

362 3376 638 3449 Καρκίνου
663 3378 693 3430 6
717 3377 980 3447 ἑπόμενος
1005 3375 1113 3431 τῶν
1135 3379 1193 3430 ἐν
1217 3379 1283 3447 τῇ
1307 3376 1462 3448 οὐρᾷ.
1501 3377 1802 3431 Ἀνατέλλει
1829 3376 1887 3430 δὲ
1904 3378 1933 3430 6

363 3471 525 3526 Κύων
555 3473 613 3525 ἔν
642 3472 762 3543 ὥρᾳ
801 3472 901 3542 μιᾷ
927 3471 1023 3524 καὶ
1049 3470 1169 3524 δυσὶ
1205 3469 1428 3541 μέρεσιν
1455 3469 1625 3543 ὥρας.

435 3563 541 3618 Τοῦ
565 3565 624 3617 δὲ
652 3564 928 3634 Πρὸκυνος
970 3561 1348 3625 ἀνατέλλοντος
1367 3602 1384 3628 ,
1413 3561 1790 3616 συνανατέλλει
1835 3561 1935 3632 μὲν

364 3656 513 3728 αὐτῷ
552 3655 582 3708 6
625 3651 886 3719 ζωδιακὸς
923 3655 1030 3708 ἀπὸ
1070 3653 1346 3724 Καρκίνου
1377 3653 1417 3706 6'
1465 3654 1575 3723 μοί.
1621 3654 1794 3724 μέσης
1830 3654 1936 3716 ἔως

365 3748 641 3820 Καρκίνου
675 3749 788 3819 μοί.
817 3748 891 3802 θ’·
921 3751 1243 3818 μεσουρανεί
1266 3747 1324 3800 66
1351 3747 1458 3801 61:6
1489 3745 1708 3816 Ἰχθύων
1744 3745 1854 3816 μοί.
1873 3751 1935 3799 ιε’

363 3841 468 3905 ἔως
509 3839 726 3912 Ἰχθύων
750 3839 858 3912 μοί.
881 3847 930 3893 κ’
955 3839 1150 3910 μέσης.
1179 3839 1290 3892 Καὶ
1311 3845 1359 3892 α’
1393 3838 1490 3908 μὲν
1518 3837 1695 3909 ἀστὴρ
1721 3836 1937 3890 ἀνατέλ-

364 3933 446 3986 λει
467 3934 496 3985 ὁ
523 3933 823 4004 ἡγούμενος
859 3930 952 3984 καὶ
989 3929 1207 3991 διπλοῦς
1231 3970 1246 3995 ,
1281 3929 1505 4000 ἔσχατος
1533 3928 1591 3982 66
1618 3929 1647 3981 6
1673 3929 1936 3998 ἑπόμενος

365 4025 460 4080 καὶ
482 4024 752 4096 λαμπρός.
773 4024 1115 4094 Μεσουρανεῖ
1147 4021 1204 4074 δὲ
1243 4021 1352 4074 τῶν
1376 4019 1550 4076 ἄλλων
1580 4019 1680 4088 τῆς
1701 4020 1936 4072 Κασσιε-

366 4116 526 4177 πείας
547 4116 576 4168 6
609 4116 666 4167 ἔν
704 4114 852 4185 μέσῳ
888 4112 965 4184 τῷ
1005 4111 1239 4183 σώματι,
1277 4109 1483 4164 καὶτοῦ
1509 4112 1722 4179 Κήτους
1742 4107 1848 4162 τῶν
1878 4109 1936 4160 έν

366 4213 432 4281 τῇ
460 4210 597 4281 οὐρᾷ
617 4209 659 4262 6'
680 4209 730 4262 οί
754 4207 1029 4278 ἑπόμενοι.
1057 4204 1314 4275 Ἐσχατοι
1341 4204 1398 4257 66
1427 4200 1815 4274 μεσουρανοῦσι
1839 4200 1936 4269 τῆς

366 4320 427 4356 τε
459 4300 815 4374 Ἀνδρομέδας
847 4301 876 4353 ὁ
919 4299 1172 4369 ἐχόμενος
1203 4297 1314 4352 τῶν
1342 4299 1400 4350 ὲν
1425 4298 1490 4367 τῇ
1523 4293 1688 4366 ζώνῃ,
1716 4293 1812 4345 καὶ
1841 4290 1937 4344 τοῦ

367 4392 580 4464 Κήτους
603 4395 631 4447 6
662 4392 996 4463 βορειότερος
1019 4390 1127 4446 τῶν
1147 4391 1205 4443 ὲν
1228 4389 1306 4459 τῷ
1344 4385 1749 4460 τετραπλεύρῳ.
1786 4384 1937 4437 Ἀνα-

366 4485 539 4540 τέλλει
558 4485 614 4538 66
638 4486 666 4537 6
693 4483 952 4554 Προκύων
973 4484 1029 4536 ἐν
1053 4488 1101 4552 γ’
1132 4481 1287 4552 μέρει
1311 4479 1480 4551 ὥρας.

2035 3380 2265 3438 duabus.

2110 3557 2246 3610 Cum
2274 3572 2334 3612 se
2354 3554 2604 3626 Procyon
2627 3553 2852 3621 attollit,
2877 3553 3053 3608 oritur
3076 3567 3182 3606 una
3205 3550 3413 3606 zodiaci
3441 3565 3602 3608 arcus

2037 3664 2068 3702 a
2111 3648 2268 3719 135
2306 3648 2505 3702 Cancri
2539 3646 2574 3699 4
2618 3654 2773 3716 parte
2821 3645 3030 3708 media,
3062 3645 3129 3698 ad
3156 3645 3230 3708 9;
3271 3642 3532 3698 culminat
3571 3658 3604 3698 a

2039 3741 2277 3796 Piscium
2325 3741 2394 3795 15
2441 3739 2509 3793 ad
2545 3739 2617 3793 20
2655 3738 2910 3794 mediam.
2963 3735 3122 3800 Prior
3171 3736 3348 3790 oritur
3387 3742 3604 3789 antece-

2036 3834 2173 3890 dens
2192 3872 2208 3898 ,
2229 3841 2283 3889 et
2312 3833 2477 3903 dupla
2506 3849 2520 3898 ;
2550 3831 2742 3887 ultima
2763 3870 2778 3897 ,
2804 3828 3107 3885 succedens
3127 3871 3142 3890 .
3171 3836 3224 3883 et
3251 3826 3452 3884 lucida.
3484 3825 3606 3880 Pri-

2037 3941 2126 3982 ma
2161 3942 2230 3982 ex
2257 3926 2380 3980 aliis
2412 3924 2710 3988 culminat,
2745 3937 2866 3992 qua:
2893 3921 2948 3975 in
2978 3919 3156 3976 medio
3182 3918 3434 3989 corporis
3466 3916 3604 3973 Cas-

2037 4019 2232 4089 siepeze
2257 4037 2271 4072 :
2295 4027 2350 4072 et
2369 4017 2723 4073 succedentes
2745 4029 2930 4070 earum
2947 4018 3334 4083 quatuor,quae
3352 4009 3405 4063 in
3430 4007 3606 4062 cauda

2037 4112 2156 4168 Ceti
2193 4118 2342 4167 sunt.
2384 4107 2708 4164 Novissima:
2751 4106 3054 4160 culminant
3101 4104 3346 4174 proxima
3380 4115 3602 4163 earum,

2037 4219 2159 4274 quae
2191 4203 2248 4258 in
2279 4199 2636 4256 Andromeda:
2662 4212 2800 4254 zona
2820 4236 2836 4259 ,
2869 4204 2924 4251 et
2953 4194 3224 4250 borealior
3262 4208 3327 4247 ex
3359 4192 3456 4255 iis,
3486 4205 3606 4261 qua:

2040 4295 2095 4348 in
2131 4292 2396 4348 laterculo
2423 4289 2563 4345 Ceti.
2595 4286 2780 4344 Oritur
2807 4284 3054 4354 Procyon
3083 4281 3216 4336 hora
3247 4279 3309 4342 0,
3338 4275 3441 4332 20'.

564 4533 662 4627 *δὲ*
935 4533 1375 4643 ἀνατελλούσης,ι
1402 4533 1788 4622 συνανατέλλει
1837 4566 1935 4638 μὲν

2055 4539 2062 4546 ’
2121 4553 2269 4623 Argo
2314 4549 2438 4606 navi
2482 4548 2713 4610 oriente,
2750 4557 2872 4598 cum
2908 4555 2971 4596 ea
3009 4538 3262 4593 zodiacus
3309 4533 3545 4602 assurgit
3574 4547 3602 4585 a

2045 4644 2066 4646 _
2199 4645 2205 4646 κ
2476 4639 2500 4646 -
2597 4637 2608 4646 .
2765 4635 2776 4646 .
2981 4631 2994 4646 .
3349 4624 3600 4646 Δημὼ-Α,

366 4665 505 4735 αὐτῇ
525 4665 554 4717 6
577 4662 836 4727 ζωδιακὸς
857 4661 966 4715 ἀπὸ
991 4662 1216 4726 Λέοντος
1244 4662 1355 4732 μοί.
1393 4666 1446 4725 ς’
1467 4659 1571 4723 ἓως
1593 4656 1788 4730 Χηλῶν
1817 4657 1929 4727 μοί.

365 4755 406 4808 δ’
438 4754 642 4826 μέσης·
679 4755 1004 4823 μεσουρανεί
1034 4751 1092 4806 66
1136 4752 1246 4808 61:6
1272 4751 1442 4824 Κριοῦ
1479 4757 1530 4815 ς’
1562 4751 1654 4803 καὶ
1684 4755 1731 4802 κ’
1768 4747 1937 4819 μέσης

366 4845 470 4910 ἔως
500 4845 775 4916 Καρκίνου
807 4844 848 4896 6'
884 4844 1074 4916 μέσης.
1109 4843 1220 4898 Καὶ
1251 4841 1298 4897 α’
1326 4843 1422 4914 μὲν
1452 4840 1626 4912 ἀστὴρ
1663 4839 1938 4893 ἀνατέλλει

367 4939 396 4991 ὁ
427 4937 534 4991 61:6
563 4936 673 4990 τῶν
704 4937 763 4990 ὲν
787 4937 934 5009 ἄκρᾳ
956 4938 1022 5006 τῇ
1051 4935 1186 5006 οὐρᾷ
1217 4933 1312 4987 τοῦ
1345 4933 1521 4996 Κυνὸς
1544 4931 1620 4995 ὡς
1655 4928 1935 5002 τριπλοῦς,

369 5030 591 5099 ἔσχατος
645 5029 702 5082 66
749 5029 780 5082 6
821 5027 1140 5090 νοτιώτατος
1192 5026 1300 5080 τῶν
1346 5027 1405 5079 ἐν
1436 5029 1502 5097 τῇ
1550 5025 1798 5095 ἀποτομῇ
1844 5024 1937 5077 τοῦ

369 5119 560 5172 Πλοίου
587 5121 681 5172 καὶ
699 5118 966 5190 λαμπρός.
993 5117 1334 5186 Μεσουρανεῖ
1347 5116 1403 5170 δὲ
1429 5115 1538 5168 τῶν
1564 5114 1736 5168 ἄλλων
1764 5120 1812 5166 α’
1841 5115 1939 5184 μὲν

365 5211 460 5264 τοῦ
484 5211 737 5283 Περσέως
757 5213 786 5264 6
807 5213 865 5264 6v
878 5208 957 5280 τῷ
977 5207 1249 5280 ἀριστερῷ
1268 5205 1446 5278 μηρῷ,
1460 5205 1551 5258 καὶ
1572 5207 1600 5257 6
1623 5203 1940 5268 νοτιώτατος

366 5303 476 5356 τῶν
514 5306 572 5357 ὲν
603 5305 670 5374 τῇ
698 5305 944 5373 ἀποτομῇ
974 5300 1069 5354 τοῦ
1095 5298 1308 5369 Ταύρου
1329 5315 1341 5328 ·
1369 5297 1592 5367 ἔσχατος
1630 5296 1688 5348 δὲ
1729 5297 1758 5349 6
1804 5312 1938 5365 προ-

368 5395 503 5466 ηγού
512 5412 670 5466 μενος
695 5395 795 5466 τῆς
817 5393 912 5447 τοῦ
934 5393 1135 5464 Ὕδρου
1158 5389 1398 5461 κεφαλῆς
1420 5391 1448 5442 6
1470 5387 1723 5459 ἐκφανὴς,
1741 5389 1770 5441 ὃ
1793 5389 1939 5440 ἐστιν

367 5489 424 5540 ὲν
447 5490 560 5552 τοῖς
586 5486 781 5550 νοτίοις
801 5487 929 5539 ποσὶ
959 5485 1054 5538 τοῦ
1080 5483 1276 5548 Κυνός.

440 5577 516 5636 Ε’.
552 5576 708 5650 Ἑξῆς
730 5578 788 5631 66
815 5576 1048 5649 ἐροῦμεν
1070 5575 1200 5646 περὶ
1224 5575 1322 5646 τῆς
1355 5570 1698 5634 καταδύσεως
1721 5569 1828 5624 τῶν
1855 5584 1940 5624 νο-

369 5669 641 5740 τιωτέρων
676 5667 768 5721 τοῦ
799 5666 1062 5732 ζωδιακοῦ
1095 5664 1314 5718 κύκλου.

444 5762 608 5814 Ὅταν
628 5761 725 5831 μὲν
740 5754 833 5814 οὖν
846 5759 977 5831 δύνῃ
991 5761 1019 5812 6
1037 5757 1255 5826 ’Ύδρος,
1278 5750 1660 5823 συγκαταδύνει
1682 5748 1777 5820 μὲν
1795 5746 1939 5816 αὐτῷ

372 5849 402 5907 ὸ
425 5850 682 5920 ζωδιακὸς
724 5853 828 5910 ἀπὸ
865 5851 1110 5923 Διδύμων
1141 5849 1183 5904 θ’
1243 5847 1335 5901 καὶ
1367 5852 1415 5899 κ’
1446 5844 1554 5917 μοί.
1595 5843 1698 5904 ἔως
1734 5838 1939 5909 Παρθέ-

2043 4644 2242 4699 Leouis
2280 4650 2434 4712 parte
2470 4639 2502 4694 6
2545 4637 2608 4691 ad
2647 4635 2936 4690 Chelarum
2970 4631 3002 4685 4
3039 4628 3309 4691 mediam;
3343 4624 3604 4712 culminat

2045 4730 2116 4784 ab
2149 4707 2349 4784 Arietis
2392 4725 2462 4779 26
2491 4721 2690 4788 media,
2723 4720 2788 4773 ad
2832 4716 3026 4772 Cancri
3064 4713 3298 4768 mediam
3341 4709 3393 4764 4.
3424 4707 3605 4762 Prima

2049 4822 2227 4878 oritur
2271 4835 2392 4891 quae
2423 4835 2453 4873 e
2485 4814 2656 4872 stellis
2694 4813 2749 4866 in
2787 4807 2960 4863 cauda
2988 4805 3153 4861 Canis
3197 4805 3255 4857 ﬁt
3298 4801 3462 4856 veluti
3507 4799 3607 4852 tri-

2041 4919 2164 4990 plex
2215 4934 2228 4970 :
2281 4913 2492 4976 ultima,
2531 4923 2651 4979 qua:
2698 4907 2750 4960 in
2801 4900 3137 4958 abscissione
3172 4895 3336 4951 Navis
3376 4893 3604 4948 sitarum

2046 4983 2449 5064 australissima
2495 5009 2618 5064 est,
2669 5005 2723 5054 et
2761 4995 2961 5050 lucida.
3005 4992 3188 5046 Prima
3235 4986 3493 5044 culminat
3539 4983 3607 5037 de

2047 5102 2222 5160 stellis
2257 5098 2485 5168 reliquis
2513 5111 2598 5158 ea,
2633 5109 2752 5164 quae
2780 5101 2862 5146 est
2899 5089 2955 5143 in
2988 5087 3212 5142 sinistro
3244 5081 3446 5137 femore
3473 5077 3603 5132 Per-

2042 5197 2118 5252 sei
2154 5214 2167 5250 :
2202 5202 2253 5250 et
2301 5187 2703 5246 australissima
2738 5197 2924 5240 earum
2967 5193 3088 5250 qua:
3125 5184 3252 5231 sunt
3279 5176 3332 5228 in
3364 5169 3607 5227 sectione

2045 5287 2216 5342 Tauri
2252 5304 2264 5339 :
2305 5284 2516 5343 ultima,
2551 5276 2864 5350 prmeedens
2901 5270 3094 5341 capitis
3115 5267 3280 5338 Hydri
3301 5259 3602 5335 splendida,

2039 5396 2161 5451 quae
2190 5385 2274 5434 est
2305 5376 2361 5430 in
2399 5371 2731 5429 australibus
2765 5365 2993 5438 pedibus
3019 5361 3205 5416 Canis.

2113 5559 2182 5614 Υ.
2219 5554 2532 5612 Secundum
2567 5551 2681 5605 hzec
2724 5560 2942 5618 agemus
2974 5542 3039 5597 de
3075 5553 3273 5596 occasu
3317 5531 3603 5590 australio-

2041 5668 2161 5707 rum
2195 5650 2419 5704 zodiaco
2447 5643 2748 5700 cmlestium
2780 5637 3093 5708 imaginum.

2114 5739 2387 5809 imprimis
2426 5752 2549 5790 cum
2604 5732 2821 5803 Hydrus
2868 5725 3089 5787 occidit,
3144 5718 3424 5776 descendit
3477 5729 3601 5809 cum

2042 5851 2106 5890 co
2141 5805 2399 5888 ziidiacus
2429 5844 2456 5882 τι
2482 5833 2632 5898 parte
2655 5822 3002 5879 Geminorum
3025 5815 3093 5871 29
3123 5814 3185 5869 ad
3218 5809 3452 5885 Virginis
3500 5805 3556 5861 11
3586 5820 3601 5870 ;
