4106 6438
513 400 656 458 H15

1491 404 1586 458 AD
1620 400 1891 459 EUSEBII
1927 402 2317 460 CHRONICON
2355 405 2720 463 APPENDIX.

3605 412 3751 467 ιιιθ

509 516 773 571 culminat
813 530 845 572 a
889 517 957 574 l9
990 520 1168 576 media
1208 519 1496 576 Cbelarum
1551 523 1619 576 ad
1667 520 1948 593 Sagittarii
2004 522 2059 577 ιε

2174 536 2265 573 νου
2302 527 2368 574 ια’
2388 538 2403 552 ’
2440 524 2763 593 μεσουρανεῖ
2810 521 2867 575 δὲ
2921 521 3029 575 ἀπὸ
3073 522 3266 592 Χηλῶν
3325 522 3391 576 ιθ¹
3423 522 3593 595 μέσης
3636 526 3747 591 ἕως

513 605 776 661 mediam.
804 605 964 664 Prior
991 613 1213 679 occidit,
1243 614 1536 668 australior
1571 629 1760 669 earum
1790 628 1909 683 quae
1941 622 2073 669 sunt

508 695 566 749 in
595 698 735 752 rictu
768 714 783 751 :
816 701 1024 767 ultima,
1056 719 1176 773 qua:
1217 706 1271 759 in
1302 707 1642 761 extremitate
1681 707 1890 761 cauda.
1936 706 2069 761 Cul-

508 786 725 841 minant
774 804 839 846 ex
871 792 992 847 aliis
1020 795 1208 860 stellis,
1243 797 1399 849 initio
1437 797 1676 867 quidem,
1709 797 1911 861 lucida,
1949 813 2072 868 quae

506 884 595 932 est
636 893 667 931 a
715 880 891 935 cauda
946 881 1209 940 Draconis
1256 888 1438 952 tertia,
1486 890 1809 943 semicubito
1853 889 2072 945 circiter

508 967 835 1025 antecedens
902 972 1264 1028 meridianum
1336 994 1349 1032 :
1419 977 1547 1032 item
1610 978 1791 1033 lucida
1866 979 2070 1049 cinguli

505 1056 709 1122 Bootae,
739 1076 840 1117 nec
868 1079 977 1117 non
1006 1066 1320 1134 priecedens
1368 1067 1606 1122 lucidam
1646 1070 1701 1122 in
1729 1070 2070 1125 estremitate

504 1147 899 1221 Mremeelai;
917 1162 970 1208 et
985 1171 1103 1225 qua:
1120 1155 1283 1227 llydri
1299 1167 1382 1214 est
1404 1159 1460 1213 in
1488 1168 1730 1214 extrema
1745 1160 1939 1225 cauda,
1955 1162 2069 1215 vel-

505 1248 566 1295 ut
583 1244 900 1299 semicubito
924 1248 1283 1303 meridianum
1301 1252 1641 1307 antecedens.
1659 1251 1940 1308 Postremo
1953 1254 2070 1309 cul-

503 1331 713 1386 minant
743 1333 1009 1392 Draconis
1039 1340 1335 1396 australius
1368 1348 1580 1412 tempus
1620 1358 1633 1393 :
1671 1350 1726 1397 et
1758 1344 2063 1415 Serpentis,

502 1439 663 1495 quem
695 1436 840 1485 tenet
874 1430 1156 1501 Anguifer,
1193 1435 1249 1488 in
1276 1443 1520 1491 extrema
1560 1437 1732 1491 cauda
1759 1440 1862 1494 sita
1900 1459 1912 1493 :
1951 1450 2065 1494 tum

502 1519 829 1576 antecedens
871 1537 1082 1590 earum,
1116 1542 1237 1597 qua:
1274 1529 1330 1582 in
1365 1543 1496 1600 sago
1522 1526 1828 1600 Sagittarii.
1848 1528 2068 1588 Occidit

501 1604 718 1679 Hydrus
748 1610 901 1669 horis
924 1613 979 1667 4.

569 1790 792 1850 Cratere
823 1796 1126 1865 occidente,
1162 1815 1285 1857 cum
1319 1817 1387 1858 eo
1430 1802 1712 1860 descendit
1738 1804 1996 1865 zodiacus
2032 1823 2064 1864 a

499 1880 695 1938 Cancri
724 1893 879 1955 parte
905 1887 969 1943 21
1005 1890 1074 1944 ad
1100 1890 1297 1948 Leonis
1324 1895 1556 1950 mediam
1587 1898 1689 1961 l3;
1728 1899 1991 1953 culminat
2031 1914 2064 1954 a

499 1977 678 2031 media
740 1980 809 2036 13
868 1980 1078 2054 Scorpii
1129 1985 1196 2040 ad
1255 1988 1471 2041 initium
1528 1988 1827 2061 Sagittarii.
1881 1990 2063 2047 Prima

498 2067 703 2123 occidit
726 2085 936 2139 earum,
968 2090 1089 2145 qua:
1116 2084 1244 2132 sunt
1272 2078 1327 2132 in
1358 2079 1497 2146 basi,
1523 2080 1795 2136 borealior
1826 2101 1838 2136 :
1872 2083 2063 2137 ultima

496 2173 628 2215 vero
674 2163 989 2229 australior.
1030 2172 1086 2221 et
1126 2166 1403 2223 borealior
1447 2185 1636 2225 earum
1683 2187 1805 2241 quae
1842 2181 1969 2227 sunt
2007 2174 2064 2228 in

498 2249 672 2306 alveo.
708 2251 1023 2309 Culminant
1066 2256 1296 2312 aliarum
1334 2260 1642 2325 stellarum,
1687 2262 1869 2330 initio,
1902 2262 2064 2319 Scor-

498 2339 577 2409 pii
623 2342 822 2398 tertius
857 2353 911 2399 et
954 2346 1181 2415 quintus
1223 2350 1524 2421 spondylus
1558 2368 1767 2419 eorum,
1798 2357 1893 2425 qui
1934 2370 2062 2411 sunt

496 2437 624 2500 post
662 2439 872 2500 pectus,
905 2444 959 2491 et
996 2439 1157 2493 tertia
1200 2448 1324 2511 post
1353 2442 1606 2499 dextrum
1656 2445 1939 2502 humerum
1972 2447 2061 2503 ln-

498 2522 755 2591 geniculi,
798 2524 855 2579 in
904 2526 1131 2585 brachio
1168 2532 1297 2598 sita,
1348 2534 1492 2588 velut
1542 2539 1863 2595 semicubito
1907 2543 2063 2597 meri-

496 2609 722 2667 dianum
776 2618 1130 2688 pmcedens;
1183 2623 1374 2680 ultima
1414 2641 1569 2692 vero,
1604 2644 1726 2699 quae
1773 2632 1829 2684 in
1877 2632 2060 2688 radice

497 2702 704 2760 sinistri
735 2706 957 2766 femoris
975 2719 1059 2766 est
1088 2712 1384 2785 lngeniculi
1419 2737 1432 2772 :
1466 2735 1566 2776 nec
1596 2736 1708 2777 non
1738 2725 1923 2795 cuspis
1950 2728 2056 2780 Ar-

496 2808 616 2851 cus.
648 2794 855 2854 Occidit
886 2799 1076 2859 Crater
1103 2805 1236 2861 hora
1268 2807 1321 2877 1,
1345 2807 1454 2864 20'.

565 2968 744 3029 Corvo
769 2973 1133 3036 descendente
1162 2982 1323 3038 simul
1350 2983 1609 3042 zodiacus
1632 2987 1831 3043 occidit
1859 3005 1890 3045 a
1923 2989 2059 3047 Leo-

494 3061 584 3118 nis
605 3063 690 3154 A297
712 3066 891 3154 media
946 3070 1014 3124 ad
1053 3070 1345 3128 Cbelarum
1381 3077 1480 3143 M;
1516 3079 1781 3134 culminat
1817 3095 1847 3134 a
1880 3080 2060 3154 Sagit-

493 3151 619 3206 tarii
671 3153 741 3209 io
775 3155 845 3210 ad
895 3160 1127 3216 mediam
1173 3163 1495 3235 Capricorni
1549 3168 1602 3225 6.
1650 3168 1810 3226 Prior
1856 3151 2056 3230 occidit

494 3242 670 3309 stella,
711 3259 830 3315 qua:
864 3247 918 3302 in
948 3253 1349 3321 posterioribus
1383 3256 1699 3326 femoribus,
1728 3263 2052 3331 novissima,

493 3334 795 3392 succedens
839 3353 1049 3406 earum,
1081 3358 1202 3414 quae
1235 3354 1364 3401 sunt
1403 3348 1458 3402 in
1503 3346 1702 3420 capite.
1741 3352 2057 3411 Culminant

493 3423 725 3481 aliarum
776 3430 1091 3499 stellarum,
1155 3437 1426 3508 principio
1481 3442 1702 3511 quidem
1763 3443 2052 3513 Draconis,

490 3530 613 3584 qua:
643 3525 728 3573 est
767 3518 825 3574 in
857 3522 1019 3590 rictu,
1063 3529 1377 3594 prazcedens
1413 3534 1772 3591 meridianum
1817 3542 2058 3597 semicu»

490 3606 607 3664 bito
661 3609 815 3681 fere;
854 3614 981 3670 item
1040 3618 1339 3689 lngeniculi
1391 3625 1563 3680 cubiti
1611 3628 1823 3685 sinistri
1853 3629 2050 3699 ﬂexus,

492 3698 814 3758 semicubito
836 3702 1051 3760 circiter
1067 3710 1392 3768 antecedens
1418 3714 1811 3786 meridianum;
1844 3730 2054 3790 postre-

490 3800 602 3851 ma,
632 3792 939 3858 praecedens
968 3792 1268 3855 lucidarum
1295 3802 1481 3869 trium,
1506 3821 1627 3876 quae
1646 3816 1774 3864 sunt
1801 3810 1857 3864 in
1878 3814 2055 3882 prima

492 3879 641 3945 spira
684 3880 981 3952 Draconis;
1008 3903 1108 3943 nec
1144 3905 1256 3945 non
1287 3907 1372 3957 ea,
1406 3910 1528 3967 quae
1554 3907 1639 3954 est
1660 3898 1716 3953 in
1745 3900 1831 3954 ala
1860 3879 2052 3959 dextra

491 3966 684 4064 Cygni,
717 3975 993 4064 paululum
1025 3978 1160 4033 citra
1193 3966 1557 4041 meridianum
1606 3989 1819 4058 posita;
1850 3999 1905 4047 et
1930 4010 2053 4064 quae

490 4057 550 4110 in
582 4061 807 4130 cuspide
835 4061 1055 4136 Sagittae
1081 4069 1253 4137 [item
1290 4076 1582 4133 australior
1609 4057 1666 4134 in
1690 4081 1843 4138 vultu
1866 4057 2058 4158 Capri-

491 4153 665 4208 corni.
698 4152 908 4213 Occidit
934 4158 1072 4216 Fera
1089 4160 1239 4219 horis
1264 4164 1320 4221 2.

2172 610 2397 675 τοξότου
2433 612 2497 665 ιθ¹
2530 612 2718 683 μέσης.
2750 613 2861 666 Kal
2891 618 2939 667 α’
2976 613 3074 684 μὲν
3111 614 3285 685 ἀστὴρ
3321 614 3466 668 δύνει
3491 617 3520 668 6
3552 616 3743 670 νοτιὼα

2167 718 2325 773 τερος
2352 702 2461 755 τῶν
2492 705 2549 757 ὲν
2575 704 2653 774 τῷ
2683 704 2941 775 χάσματι,
2986 704 3209 776 ἔσχατος
3252 706 3309 760 δὲ
3340 709 3370 760 6
3413 709 3471 762 ὲν
3501 709 3646 780 ἄκρᾳ
3668 714 3739 782 τῇ

2168 794 2325 865 οὐρᾷ.
2359 795 2766 866 Μεσουρανοῦσι
2805 795 2861 849 δὲ
2888 796 2997 850 τῶν
3032 797 3203 853 ἀλλων
3236 800 3478 871 ἀστέρων
3508 803 3565 855 ὲν
3593 804 3738 874 ἀρχῇ
3772 832 3783 877 ί

2171 884 2272 955 μὲν
2299 884 2391 939 τοῦ
2423 903 2482 939 τε
2514 886 2812 956 Δράκοντος
2849 888 2879 939 6
2910 892 2957 956 Υ
2985 889 3094 942 ἀπὸ
3137 890 3239 960 τῆς
3268 891 3435 961 οὐρᾶς
3465 892 3736 965 λαμπρὸς,

2167 975 2244 1038 ὡς
2286 977 2590 1047 ὴμιπήχιον
2627 978 3036 1049 προηγούμενος
3094 980 3188 1034 τοῦ
3221 981 3612 1055 μεσημϐρινοῦ,
3644 985 3738 1038 καὶ

2164 1065 2261 1119 τοῦ
2292 1066 2501 1122 Βοώτου
2538 1070 2567 1122 6
2595 1069 2651 1122 ὲν
2680 1073 2746 1141 τῇ
2783 1071 2927 1142 ζώνῃ
2973 1071 3242 1144 λαμπρὸς,
3284 1075 3379 1127 καὶ
3403 1077 3433 1129 6
3467 1077 3740 1147 προηγού-

2169 1175 2332 1229 μενος
2358 1159 2452 1212 τοῦ
2477 1162 2534 1213 ὲν
2561 1159 2708 1232 ἄκρᾳ
2726 1164 2793 1233 τῇ
2825 1161 3018 1235 βορείῳ
3048 1163 3198 1236 Χηλῇ
3220 1165 3495 1237 λαμπροῦ,
3525 1170 3617 1222 καὶ
3638 1169 3735 1223 τοῦ

2166 1249 2367 1321 ’Υδρου
2404 1252 2433 1303 6
2464 1252 2523 1304 ὲν
2550 1251 2695 1323 ἄκρᾳ
2715 1257 2784 1324 τῇ
2817 1254 2953 1325 οὐρᾷ
2974 1294 2990 1318 ,
3024 1255 3100 1319 ὡς
3130 1258 3431 1328 ἡμιπήχιον
3467 1261 3736 1331 προηγού-

2168 1356 2327 1409 μενος
2377 1338 2469 1393 τοῦ
2523 1342 2893 1414 μεσημϐρινοῦ
2917 1362 2930 1376 ·
2974 1345 3197 1417 ἔσχατον
3240 1348 3298 1403 δὲ
3343 1351 3734 1421 μεσουρανοῦσι

2161 1430 2255 1483 τοῦ
2299 1449 2357 1484 τε
2397 1432 2696 1504 Δράκοντος
2725 1436 2754 1488 6
2796 1435 3108 1509 νοτιώτερος
3155 1440 3442 1510 κρόταφος,
3490 1443 3587 1497 καὶ
3634 1442 3733 1497 τοῦ

2167 1522 2400 1591 Ὄφεως,
2435 1524 2493 1579 ὃν
2526 1524 2639 1596 ἔχει
2675 1528 2707 1579 6
2738 1528 3018 1600 Ὀφιοῦχος
3046 1532 3076 1584 6
3106 1532 3165 1584 ὲν
3196 1531 3422 1604 ἀκρᾳτῇ
3455 1535 3609 1606 οὐρᾷ,
3635 1536 3733 1589 καὶ

2161 1612 2255 1667 τοῦ
2282 1614 2508 1679 Τοξότου
2538 1619 2567 1669 6
2598 1617 2896 1688 ἡγούμενος
2929 1621 3037 1676 τῶν
3073 1622 3133 1675 ὲν
3167 1626 3232 1695 τῇ
3271 1625 3542 1695 ὲφαπτίδι.
3574 1626 3739 1683 Δύνει

2162 1704 2218 1758 δὲ
2252 1707 2280 1757 6
2310 1706 2503 1777 ’Υδρος
2536 1710 2593 1761 ὲν
2618 1695 2794 1781 ’ὥραις
2813 1710 2875 1765 6'.

2236 1798 2339 1851 Τοῦ
2366 1798 2421 1851 δὲ
2453 1801 2739 1874 Κρατῆρος
2754 1801 3017 1869 δύνοντος,
3042 1805 3429 1876 συγκαταδύνει
3461 1807 3559 1880 μὲν
3582 1810 3743 1883 αύτῷ-

2096 1866 2137 1919 B
2164 1891 2192 1943 6
2225 1889 2487 1955 ζωδιακὸς
2510 1866 2617 1946 ἀπὸ
2630 1866 2912 1966 ’Καρκίνου
3094 1866 3144 1951 α’
3175 1900 3269 1954 καὶ
3292 1907 3340 1954 κ’
3361 1866 3474 1966 ἕως.
3503 1866 3731 1969 Λέοντος

2167 1989 2233 2052 ιγ’
2263 1984 2433 2054 μέσης
2456 2000 2469 2013 ο
2501 1989 2820 2056 μεσουρανεῖ
2841 1987 2898 2040 δὲ
2919 1990 3026 2042 ἀπὸ
3053 1989 3147 2044 τοῦ
3167 1991 3431 2064 Σκορπίου
3462 1992 3527 2063 ιβ’
3557 1994 3733 2067 μέσης

2161 2072 2267 2136 ἓως
2300 2073 2529 2138 Τοξότου
2559 2076 2747 2148 ἀρχῆς.
2809 2079 2919 2132 Kal
2950 2087 2998 2133 α’
3029 2081 3126 2151 μὲν
3170 2083 3344 2155 ἀστὴρ
3391 2085 3537 2140 δύνει
3582 2088 3613 2140 6
3640 2086 3730 2157 βο-

2164 2165 2432 2236 ρειότερος
2458 2166 2567 2219 τῶν
2602 2170 2660 2221 ὲν
2689 2172 2754 2241 τῇ
2802 2171 2977 2241 βάσει,
3012 2172 3237 2244 ἔσχατος
3261 2176 3318 2229 66
3353 2178 3382 2230 6
3412 2179 3729 2250 νοτιώτερος

2161 2256 2257 2308 καὶ
2284 2259 2312 2309 6
2336 2257 2669 2330 βορειότερος
2693 2260 2799 2313 τῶν
2826 2263 2885 2315 ὲν
2927 2262 3005 2334 τῷ
3038 2265 3208 2319 κύτει.
3243 2267 3647 2340 Μεσουρανοῦσι
3668 2270 3730 2325 66

2158 2346 2267 2400 τῶν
2297 2347 2468 2401 ἄλλων
2505 2350 2745 2421 ἀστέρων
2777 2352 2834 2405 ὲν
2870 2354 3011 2425 ἀρχῇ
3049 2356 3146 2426 μὲν
3183 2356 3276 2410 τοῦ
3309 2359 3576 2430 Σκορπίου
3617 2365 3646 2416 6
3676 2370 3739 2430 γ”

2159 2440 2253 2493 καὶ
2284 2440 2312 2491 6
2339 2447 2379 2492 ε’
2414 2440 2702 2510 σφόνδυλος
2728 2442 2834 2497 τῶν
2864 2446 3000 2515 μετά
3033 2448 3093 2501 τὸ
3132 2448 3343 2521 στῆθος,
3378 2451 3472 2505 καὶ
3500 2451 3595 2506 τοῦ
3637 2454 3728 2508 Ἐν

2157 2529 2376 2598 γόνασιν
2413 2533 2441 2584 6
2469 2538 2517 2600 γ’
2544 2532 2651 2585 ἀπὸ
2695 2534 2788 2586 τοῦ
2840 2534 3013 2600 δεξιοῦ
3063 2536 3235 2609 ὤμου,
3278 2540 3336 2593 ὲν
3363 2540 3440 2612 τῷ
3486 2542 3737 2615 βραχίονι

2157 2621 2425 2691 κείμενος,
2463 2624 2868 2695 προηγούμενος
2893 2628 2952 2680 δὲ
2978 2627 3070 2681 τοῦ
3102 2630 3472 2703 μεσημϐρινοῦ
3503 2634 3579 2699 ὡς
3601 2637 3731 2706 ἡμι-

2156 2714 2349 2783 πήχιον
2373 2731 2387 2744 ο
2432 2714 2657 2787 ἔσχατον
2703 2718 2759 2770 δὲ
2800 2718 2892 2771 τοῦ
2919 2735 2979 2772 τε
3016 2720 3103 2775 Ἐν
3134 2721 3352 2791 γόνασιν
3379 2727 3408 2777 6
3445 2726 3503 2777 ἐν
3528 2728 3594 2797 τῇ
3632 2730 3728 2781 ὲκ-

2156 2805 2314 2874 φύσει
2347 2806 2440 2860 τοῦ
2474 2808 2761 2881 ἀριστεροῦ
2794 2811 2990 2881 μηροῦ,
3034 2814 3128 2867 καὶ
3174 2813 3268 2866 τοῦ
3314 2815 3480 2882 Τόξου
3510 2819 3544 2888 η
3579 2818 3723 2883 ἀκίς.

2154 2896 2310 2952 Δύνει
2338 2899 2393 2953 δὲ
2422 2902 2449 2953 6
2487 2902 2713 2973 Κρατὴρ
2737 2902 2794 2955 ἐν
2817 2901 2936 2975 ὥρᾳ
2960 2909 3006 2957 α’
3032 2904 3125 2957 καὶ
3154 2911 3201 2974 γ’
3238 2906 3417 2977 μέρει.

2225 2990 2331 3043 Τοῦ
2372 2991 2428 3045 δὲ
2456 2992 2705 3064 Κόρακος
2731 2993 2997 3059 δύνοντος,
3042 2997 3425 3065 συγκαταδύνει
3455 2998 3554 3069 μὲν
3575 2999 3739 3072 αὐτῷ

2154 3081 2184 3132 6
2220 3082 2480 3148 ζωδιακὸς
2512 3085 2620 3139 ἀπὸ
2650 3084 2876 3150 Λέοντος
2910 3086 2993 3140 κθ¹
3039 3088 3149 3158 μοί.
3194 3088 3364 3161 μέσης
3404 3089 3507 3154 ἕως
3530 3091 3735 3163 Χηλῶν

2083 3219 2125 3277 c
2159 3180 2254 3227 ια’⁶
2292 3180 2613 3248 μεσουρανεῖ
2638 3177 2695 3231 δὲ
2744 3178 2853 3231 ἀπὸ
2899 3178 3124 3244 Τοξότου
3158 3187 3188 3232 ι’
3222 3180 3325 3245 ἕως
3350 3181 3631 3252 Δίγόκερω
3671 3192 3731 3248 ς’

2162 3264 2352 3337 μέσης.
2379 3268 2489 3320 Καὶ
2508 3274 2556 3319 α’
2583 3268 2682 3338 μὲν
2711 3268 2885 3341 ἀστὴρ
2906 3269 3048 3324 δύνει
3076 3273 3105 3324 6
3124 3273 3182 3325 6v
3201 3275 3313 3336 τοῖς
3334 3273 3597 3338 ὀπισθίοις
3621 3292 3729 3347 μη-

2161 3360 2291 3428 ροῖς,
2334 3357 2555 3428 ἔσχατος
2580 3358 2638 3411 66
2664 3362 2693 3413 6
2720 3360 2983 3433 ἑπόμενος
3013 3361 3119 3416 τῶν
3146 3364 3204 3417 ἐν
3230 3366 3295 3434 τῇ
3328 3363 3556 3436 κεφαλῇ.
3578 3367 3730 3419 Μεσ-

2156 3448 2440 3518 ουρανοῦσι
2463 3449 2519 3503 δὲ
2541 3450 2649 3503 τῶν
2685 3450 2856 3505 ἄλλων
2886 3452 3128 3525 ἀστέρων
3168 3455 3226 3508 ὲν
3252 3455 3349 3526 μὲν
3367 3458 3433 3526 τῇ
3460 3456 3601 3528 ἀρχῇ
3625 3457 3727 3512 τοῦ

2155 3539 2455 3612 Δράκοντος
2479 3543 2507 3595 6
2526 3542 2585 3595 ὲν
2608 3541 2684 3613 τῷ
2703 3543 2940 3615 χάσματι
2965 3547 3369 3617 προηγούμενος
3390 3549 3484 3601 τοῦ
3511 3566 3726 3621 μεσημ-

2157 3630 2342 3703 ϐρινοῦ
2370 3633 2446 3696 ὡς
2475 3635 2772 3705 ἡμιπήχιον
2795 3675 2809 3700 ,
2854 3637 2949 3690 καὶ
2978 3637 3071 3692 τοῦ
3107 3639 3194 3693 Ἐν
3222 3640 3440 3708 γόνασιν
3457 3642 3487 3694 ό
3506 3641 3727 3711 ἀριστε-

2158 3722 2249 3794 ρὸς
2294 3723 2503 3791 ἀγκὼν,
2543 3727 2950 3797 προηγούμενος
3012 3729 3089 3793 ὡς
3135 3732 3431 3803 ήμιπήχιον
3478 3732 3572 3786 τοῦ
3620 3751 3721 3804 με-

2155 3816 2454 3888 σημὸρινοῦ
2479 3836 2494 3849 ·
2523 3818 2745 3891 ἔσχατον
2774 3821 2831 3875 δὲ
2864 3822 2958 3876 τοῦ
2994 3822 3295 3894 Δράκοντος
3328 3823 3437 3877 τῶν
3478 3827 3536 3878 ὲν
3572 3827 3639 3895 τῇ
3671 3829 3723 3878 α’

2154 3910 2356 3983 σπείρᾳ
2387 3911 2553 3983 τριῶν
2572 3913 2836 3984 λαμπρῶν
2862 3917 2891 3967 6
2917 3915 3215 3985 ἡγούμενος
3234 3914 3443 3969 καὶτοῦ
3473 3914 3725 3986 Ὄρνιθος

2153 3998 2182 4049 6
2213 3996 2272 4050 ἐν
2308 3997 2454 4071 ἄκρᾳ
2482 4003 2549 4071 τῇ
2577 3999 2725 4073 δεξιᾷ
2770 4002 3019 4073 πτέρυγι,
3063 4004 3253 4074 μικρὸν
3297 4004 3727 4075 ὑπολειπόμενος

2158 4085 2255 4142 τοῦ
2284 4089 2652 4161 μεσημϐρινοῦ
2675 4109 2689 4123 ’
2721 4094 2814 4147 καὶ
2843 4092 2935 4147 τοῦ
2986 4093 3193 4147 Ὀῖστοῦ
3221 4094 3250 4146 6
3281 4095 3376 4147 ἐπὶ
3398 4094 3497 4164 τῆς
3514 4095 3718 4158 ἀκίδος*

2159 4180 2369 4234 καὶτοῦ
2392 4183 2671 4256 Αἰγόκερω
2698 4186 2726 4237 6
2750 4184 3064 4258 νοτιώτερος
3092 4185 3199 4240 τῶν
3230 4187 3289 4241 ὲν
3314 4185 3392 4257 τῷ
3421 4186 3719 4259 προσώπῳ.

2159 4267 2314 4323 Δύνει
2335 4271 2393 4325 δὲ
2422 4273 2482 4325 τὸ
2509 4274 2707 4346 Θηρίον
2738 4277 2799 4331 ἐν
2830 4276 2999 4348 ὥραις
3021 4276 3161 4333 δυσί.

1534 4366 1736 4423 Desunt
1763 4370 1847 4425 hic
1873 4376 2140 4432 asterismi
2171 4378 2426 4439 Centauri
2449 4394 2500 4440 et
2526 4385 2701 4443 Ferte.

563 4469 647 4527 Vl.
690 4475 798 4530 Ara
834 4474 1121 4541 occidente
1168 4479 1425 4539 zodiacus
1466 4496 1499 4537 a
1537 4481 1735 4541 Leonis
1764 4487 1941 4544 media
1981 4489 2049 4544 i9

2224 4501 2313 4566 εἷ’.
2350 4499 2455 4555 Τοῦ
2506 4501 2563 4555 δὲ
2605 4503 2974 4576 Θυμιατηρίου
3023 4506 3289 4575 δύνοντος,
3325 4509 3728 4579 συγκαταδύνειι

491 4563 558 4618 ad
595 4564 884 4623 Chelarum
924 4569 958 4624 9
995 4570 1385 4640 absconditur;
1427 4575 1743 4632 culminata
1768 4576 2050 4649 Sagittarii

490 4657 525 4713 5
552 4657 619 4713 ad
647 4657 967 4731 Capricorni
1012 4662 1246 4719 mediam
1285 4665 1336 4720 9.
1365 4665 1548 4722 Prima
1595 4669 1797 4725 occidit
1835 4679 2051 4727 austra-

488 4747 593 4803 lior
619 4766 804 4806 earum
834 4768 955 4822 quae
996 4755 1052 4810 in
1087 4758 1349 4828 margine,
1387 4761 1686 4831 eademque
1725 4763 1928 4834 dupla;
1968 4764 2053 4818 ul-

486 4840 621 4894 tima
651 4842 924 4899 borealior
950 4861 1139 4902 earum
1165 4864 1287 4919 quae
1317 4852 1373 4906 in
1404 4852 1545 4907 basi.
1566 4853 1881 4910 Culminant
1912 4857 2050 4911 alia-

488 4944 612 4985 rum
658 4934 935 4990 stellarum
978 4936 1135 4993 initio
1185 4941 1403 5011 quidem
1456 4944 1660 5011 lucida,
1706 4961 1829 5016 qua:
1869 4957 1955 5003 est
1995 4948 2051 5004 in

488 5021 713 5080 sinistro
744 5024 1046 5097 lngeniculi
1090 5029 1313 5097 femore,
1355 5039 1409 5087 et
1450 5036 1628 5090 media
1673 5052 1885 5102 earum,
1930 5054 2053 5110 quae

488 5124 620 5170 sunt
651 5117 709 5172 in
743 5133 876 5174 arcu
920 5119 1200 5193 Sagittarii
1236 5141 1248 5176 :
1284 5124 1475 5180 ultima
1507 5128 1815 5184 lucidarum
1843 5147 1965 5202 quae
1994 5133 2051 5187 in

487 5208 715 5276 genibus
741 5214 1051 5270 australior.
1084 5215 1418 5275 OcciditAra
1450 5220 1664 5278 duabus
1687 5223 1837 5279 horis
1869 5231 1923 5280 et
1947 5224 2048 5281 10‘.

557 5496 788 5564 Quando
814 5497 991 5558 Piscis
1019 5503 1276 5558 australis
1301 5502 1525 5569 occidit,
1557 5518 1681 5559 cum
1719 5519 1785 5561 eo
1821 5504 2051 5562 descen-

489 5585 565 5640 dit
596 5589 853 5646 zodiacus
886 5607 917 5647 a
946 5589 1223 5663 Sagittarii
1250 5602 1405 5663 parte
1434 5594 1504 5648 24
1530 5595 1595 5649 ad
1630 5593 1952 5665 Capricorni
1983 5595 2050 5649 18

489 5676 724 5732 mediam
748 5694 763 5741 ;
799 5680 1063 5735 culminat
1092 5697 1122 5736 a
1148 5680 1388 5739 Piscium
1420 5684 1453 5738 5
1488 5684 1555 5738 ad
1582 5683 1785 5739 Arietis
1814 5684 1869 5739 2.
1891 5682 2051 5739 Prior

489 5766 692 5824 occidit
726 5770 904 5842 stella,
933 5773 1258 5841 lucidarum,
1304 5791 1426 5846 qua:
1464 5775 1519 5832 in
1559 5777 1735 5833 cauda
1777 5786 1924 5847 sunt,
1955 5792 2051 5833 au-

2156 4589 2254 4661 μὲν
2279 4593 2307 4644 6
2334 4592 2595 4659 ζωδιακὸς
2618 4595 2725 4650 ἀπὸ
2760 4597 2986 4662 Λέοντος
3024 4600 3089 4653 ιϐ’
3134 4600 3242 4671 μοί.
3278 4601 3449 4673 μέσης
3475 4601 3579 4667 ἕως
3604 4603 3722 4673 Χη-

2150 4682 2256 4736 λῶν
2286 4684 2331 4738 θ¹
2349 4701 2363 4712 ·
2399 4691 2719 4758 μεσουρανεῖ
2742 4689 2799 4742 δὲ
2834 4689 2941 4744 ἀπὸ
2966 4690 3190 4756 Τοξότου
3234 4698 3274 4745 ε’
3304 4692 3408 4757 ἕως
3438 4693 3721 4765 Αίγόκερω

2151 4774 2197 4828 θ’
2232 4775 2423 4849 μέσης.
2453 4779 2560 4832 Kal
2594 4779 2807 4851 πρῶτος
2838 4781 2937 4851 μὲν
2965 4783 3137 4855 ἀστὴρ
3168 4783 3313 4837 δύνει
3341 4785 3369 4837 6
3402 4784 3719 4854 νοτιώτερος

2149 4866 2257 4923 τῶν
2294 4871 2351 4923 ὲν
2383 4869 2459 4940 τῷ
2482 4871 2647 4940 χείλει
2686 4872 2780 4924 καὶ
2808 4872 3024 4939 διπλοῦς
3048 4892 3061 4905 ·
3097 4874 3321 4946 ἔσχατος
3350 4875 3407 4929 66
3452 4878 3481 4930 6
3509 4875 3718 4948 βορειό-

2148 4976 2307 5031 τερος
2334 4960 2441 5013 τῶν
2462 4962 2520 5014 ὲν
2545 4965 2609 5034 τῇ
2636 4963 2806 5033 βάσει.
2849 4965 3254 5037 Μεσουρανοῦσι
3299 4966 3356 5018 δὲ
3397 4965 3507 5021 τῶν
3540 4965 3720 5021 ἄλλων

2148 5048 2395 5118 ἀστέρων
2428 5051 2485 5102 ὲν
2512 5050 2609 5119 μὲν
2639 5053 2702 5122 τῇ
2730 5053 2869 5124 ἀρχῇ
2895 5051 2988 5106 τοῦ
3016 5071 3075 5107 τε
3120 5054 3207 5106 Ἐν
3234 5053 3455 5121 γόνασιν
3487 5055 3516 5108 6
3554 5056 3613 5107 6v
3636 5054 3723 5126 τῷ

2150 5139 2423 5211 ἀριστερῷ
2451 5140 2609 5212 μηρῷ
2642 5141 2913 5214 λαμπρὸς,
2948 5146 3042 5199 καλ⁵
3085 5143 3179 5197 τοῦ
3211 5143 3439 5210 Τοξότου
3480 5145 3510 5196 6
3554 5145 3727 5215 μέσος

2149 5229 2257 5282 τῶν
2285 5230 2342 5282 ἐν
2369 5230 2447 5301 τῷ
2477 5231 2613 5303 τόξῳ
2631 5250 2644 5262 ·
2682 5232 2906 5304 ἔσχατον
2942 5234 2999 5287 66
3025 5235 3117 5288 τοῦ
3151 5235 3430 5306 Αίγόκερω
3474 5236 3503 5288 6
3528 5235 3719 5288 νοτ-ιὼ-

2148 5337 2304 5392 τερος
2328 5321 2435 5374 τῶν
2461 5324 2518 5375 ὲν
2554 5327 2665 5385 τοῖς
2692 5326 2880 5394 γόνασι
2916 5327 3198 5399 λαμπρῶν.
3234 5327 3387 5381 Δύνει
3418 5326 3474 5380 δὲ
3508 5327 3570 5382 τὸ
3609 5327 3717 5382 Θυ-

2153 5412 2438 5483 μιατήριον
2460 5414 2517 5466 ὲν
2545 5412 2714 5486 ὥραις
2739 5414 2783 5485 β’
2820 5417 2913 5469 καὶ
2943 5422 2995 5482 ς’
3024 5418 3199 5489 μέρει.

2159 5544 2166 5550 .
2224 5502 2391 5557 Ὅταν
2422 5504 2477 5557 δὲ
2516 5505 2544 5556 6
2589 5506 2761 5570 νότιος
2796 5506 2967 5577 Ἰχθὺς
3012 5508 3161 5581 δύνῃ,
3197 5510 3585 5577 συγκαταδύνει
3615 5509 3721 5581 μὲν

2148 5593 2295 5663 αὐτῷ
2331 5597 2359 5647 6
2410 5593 2670 5660 ζωδιακὸς
2719 5596 2828 5650 ἀπὸ
2880 5597 3121 5665 Τοξότον
3149 5599 3257 5670 μοί.
3304 5599 3345 5653 δ’
3381 5601 3475 5654 καὶ
3517 5607 3563 5654 κ’
3608 5601 3718 5665 ἕως

2148 5685 2429 5757 Δίγόκερω
2454 5693 2523 5757 ιη’
2549 5688 2746 5757 μέσης·
2775 5691 3171 5762 μεωυρανεῖδὲ
3201 5692 3309 5747 ἀπὸ
3345 5693 3561 5765 Ἰχθύων
3597 5694 3712 5765 μοί.

2149 5784 2197 5847 γ’
2224 5778 2329 5843 ἕως
2367 5780 2537 5851 Κριοῦ
2574 5781 2686 5852 μοί.
2733 5780 2797 5852 β’.
2831 5782 2941 5837 Kal
2979 5792 3028 5838 α’
3064 5785 3162 5857 μὲν
3202 5786 3375 5859 ἀστὴρ
3400 5785 3544 5843 δύνει
3569 5788 3599 5841 ό
3624 5803 3717 5841 νοι-
