4106 6416
332 448 465 505 1117

1281 444 1649 500 HIPPARCHI
1691 445 1780 499 AD
1818 443 2266 500 Pl-I/ENOMENA
2304 442 2432 496 LIB.
2474 442 2565 497 Ill.

3418 451 3556 506 1118

327 561 583 632 τιώτερος
607 557 714 613 τῶν
751 560 808 614 ἐν
847 563 911 631 τῇ
944 559 1078 631 οὐρᾷ
1099 560 1386 633 λαμπρῶν,
1432 561 1653 632 ἔσχατος
1691 561 1748 614 δὲ
1785 563 1812 613 6
1838 562 1894 613 ὲν

2004 557 2264 622 stralior;
2310 555 2501 608 ultima
2544 569 2692 618 vero,
2730 553 3065 610 lucidissima
3098 554 3283 610 rostri.
3321 554 3400 610 Ex
3432 558 3555 612 aliis

328 652 406 722 τῷ
435 651 625 722 ῥύγχει
659 651 906 722 λαμπρὸς
942 651 1164 722 σφόδρα.
1212 652 1551 723 Μεσουρανεί
1579 651 1635 704 δὲ
1667 651 1774 703 τῶν
1803 651 1895 703 ἀλ-

329 746 434 796 λων
466 746 706 814 ἀστέρων
735 747 792 796 ὲν
825 745 962 814 ἀρχῇ
1010 744 1108 813 μὲν
1148 742 1257 796 τῶν
1285 743 1500 813 Ἰχθύων
1532 743 1625 796 τοῦ
1652 743 1895 795 νοτιωτέ-

333 850 425 903 ρου
453 836 480 886 6
506 836 562 885 ἐν
587 835 729 905 ἄκρᾳ
752 837 817 904 τῇ
842 836 1005 905 οὐρᾷο
1038 833 1259 904 ἔσχατον
1296 835 1351 886 δὲ
1377 835 1476 904 τῆς
1515 852 1573 886 τε
1615 835 1896 905 Ἀνδρομέ-

329 925 424 987 δας
444 928 472 978 6
502 927 787 996 ἀριστερὸς
819 927 972 989 ποῦς,
1001 927 1093 978 καὶ
1129 926 1221 979 τοῦ
1253 927 1421 998 Κριοῦ
1443 930 1470 978 6
1511 927 1671 996 μέσος
1702 926 1808 979 τῶν
1837 929 1895 980 ἐν

330 1019 396 1086 τῇ
428 1016 655 1087 κεφαλῇ,
689 1018 778 1070 καὶ
803 1018 893 1070 τοῦ
922 1019 979 1070 ὲν
1012 1017 1089 1088 τῷ
1136 1019 1303 1088 Κήτει
1331 1018 1730 1089 τετραπλεύρου
1757 1020 1785 1070 6
1810 1034 1896 1070 νο-

329 1105 586 1178 τιὼτερος
621 1109 726 1162 τῶν
765 1109 1060 1179 ἑπομένων.
1103 1110 1258 1163 Δύνει
1301 1111 1358 1163 δὲ
1391 1113 1418 1162 ὀ
1455 1111 1625 1180 Ἰχθὺς
1676 1113 1732 1164 ὲν
1777 1111 1896 1182 ὥρᾳ

331 1201 378 1246 α’
404 1197 496 1246 καὶ
524 1196 563 1247 δ’
593 1198 1046 1267 πεμπτημορίοις.
1607 1207 1612 1212 ’

401 1286 505 1338 Τοῦ
538 1287 594 1340 δὲ
617 1289 827 1357 Κήτους
853 1287 1116 1352 δύνοντος,
1147 1290 1536 1357 συγκαταδύνει
1566 1292 1662 1360 μὲν
1689 1289 1836 1359 αὐτῷ
1867 1290 1896 1342 6

333 1374 592 1439 ζωδιακὸς
631 1378 736 1430 ἀπὸ
782 1377 1063 1449 Ὑδροχόου
1115 1379 1222 1450 μοί.
1268 1387 1318 1449 η’
1367 1381 1457 1432 καὶ
1494 1386 1540 1432 κ’
1580 1380 1748 1450 μέσης
1791 1379 1895 1442 ἕως

331 1464 504 1534 Κριοῦ
533 1466 589 1517 ιδ’
615 1483 628 1496 ’
670 1471 993 1537 μεσουρανεί
1017 1469 1072 1521 δὲ
1102 1469 1209 1521 ἀπὸ
1257 1469 1469 1540 Ταύρου
1511 1469 1618 1540 μοί.
1655 1469 1696 1538 β’
1731 1470 1822 1521 καὶ
1847 1474 1894 1520 κ’

330 1553 436 1617 ἕως
469 1555 740 1625 Καρκίνου
773 1557 881 1627 poi.
937 1565 993 1610 ιε’
1027 1558 1219 1628 μέσης.
1257 1560 1364 1610 Καὶ
1405 1567 1451 1611 α’
1487 1560 1584 1628 μὲν
1613 1559 1782 1629 ἀστὴρ
1808 1558 1892 1610 δύ-

331 1662 443 1700 νειν
475 1647 699 1717 ἄρχεται
732 1649 760 1699 6
800 1648 1114 1720 νοτιώτερος
1140 1649 1248 1702 τῶν
1290 1653 1348 1704 ὲν
1381 1653 1446 1721 τῇ
1478 1651 1634 1722 οὐρᾷ,
1673 1651 1896 1720 ἔσχατος

328 1736 387 1790 δὲ
411 1737 438 1788 6
475 1738 737 1808 ἑπόμενος
758 1737 865 1792 τῶν
892 1739 948 1791 ἐν
985 1739 1063 1810 τῷ
1099 1739 1290 1810 βορείῳ
1329 1740 1556 1810 χελυνίῳ
1585 1741 1647 1792 ¹⁹¹.
1680 1742 1895 1793 Μεσου-

1994 649 2163 703 stellis
2189 646 2510 710 culminant,
2546 645 2718 708 initio,
2754 660 2874 714 quae
2909 653 2993 700 est
3024 645 3079 698 in
3114 655 3354 700 extrema
3381 647 3557 702 cauda

1999 739 2345 793 australioris
2383 737 2664 802 Piscium;
2715 744 3012 806 postremo,
3053 737 3414 792 Andromeda:
3459 753 3560 808 pes

1994 831 2214 886 sinister
2248 848 2263 897 ;
2303 838 2357 884 et
2388 829 2564 882 media
2591 843 2799 892 earum,
2835 844 2955 897 quae
2985 829 3040 881 in
3070 831 3245 897 capite
3278 838 3405 885 sunt
3445 830 3558 884 An-

1993 921 2285 986 dromeda,
2323 927 2376 974 et
2402 920 2670 982 laterculi,
2709 919 2855 988 quod
2893 927 2976 974 est
3007 920 3061 973 in
3085 920 3237 986 Ceto,
3262 923 3557 978 succeden-

1993 1013 2128 1067 tium
2156 1011 2466 1068 australior.
2497 1009 2706 1066 Occidit
2734 1010 2909 1066 Piscis
2932 1012 3068 1066 hora
3093 1013 3142 1078 1,
3163 1014 3250 1068 48’

2060 1292 2353 1355 Occidente
2399 1291 2565 1362 Ceto,‘
2592 1294 2824 1353 cum'eo
2867 1290 3148 1354 descendit
3186 1299 3441 1356 zodiacus
3487 1302 3555 1357 ab

1992 1390 2214 1459 Aquarii
2256 1397 2407 1458 parte
2436 1388 2506 1442 28
2539 1388 2716 1443 media
2756 1389 2823 1443 ad
2853 1389 3052 1445 Arietis
3086 1390 3184 1455 14;
3232 1392 3494 1445 culminat
3525 1408 3556 1446 a

1995 1482 2159 1536 Tauri
2198 1481 2268 1534 22
2301 1478 2369 1535 ad
2409 1481 2603 1534 Cancri
2645 1481 2711 1535 15
2769 1482 3021 1536 mediam.
3063 1481 3323 1539 Occidere
3370 1485 3558 1554 incipit

1996 1572 2291 1625 australior
2315 1587 2500 1628 earum
2547 1589 2667 1643 quae
2697 1581 2824 1628 sunt
2856 1573 2912 1626 in
2944 1572 3117 1626 cauda
3144 1591 3158 1639 ;
3200 1575 3386 1627 ultima
3433 1591 3557 1630 suc-

1995 1661 2191 1718 cedens
2218 1663 2273 1715 in
2296 1663 2501 1719 boreali
2535 1679 2778 1720 convexo
2800 1665 2955 1736 136
2972 1668 3127 1737 tergi.
3146 1665 3464 1722 Culminant
3487 1683 3554 1722 ex

1996 1754 2117 1809 aliis
2158 1756 2352 1821 stellis,
2385 1757 2543 1811 initio
2584 1757 2824 1828 quidem,
2871 1759 3161 1813 australior
3207 1773 3394 1813 earum
3436 1775 3557 1829 qua:

331 1827 551 1899 ρανοῦσι
577 1829 637 1881 δὲ
669 1829 782 1881 τῶν
819 1829 993 1884 ἄλλων
1027 1831 1270 1901 ἀστέρων
1309 1834 1365 1883 ἐν
1408 1831 1504 1902 μὲν
1535 1834 1598 1902 τῇ
1629 1832 1767 1901 ἀρχῇ
1802 1829 1894 1883 τοῦ

2004 1856 2124 1901 sunt
2156 1848 2211 1901 in
2244 1848 2460 1919 Aurigae
2483 1827 2661 1920 capite
2690 1857 2744 1905 et
2771 1849 2964 1906 dextro
3002 1851 3156 1920 pede,
3187 1851 3375 1904 ultima
3407 1827 3554 1916 vero,

327 1938 389 1974 τε
431 1922 670 1991 Ἡνιόχου
699 1924 727 1974 6
753 1921 1066 1992 νοτιώτερος
1103 1922 1210 1976 τῶν
1243 1925 1300 1974 ὲν
1322 1926 1386 1993 τῇ
1422 1923 1629 1994 κεφαλῇ
1663 1923 1754 1976 καὶ
1786 1924 1813 1974 6
1838 1925 1895 1976 ὲν

2004 1939 2175 2018 lucida
2215 1955 2336 2010 qua:
2365 1948 2450 1996 est
2500 1942 2556 1995 in
2584 1942 2959 2000 anterioribus
2998 1943 3252 1997 cruribus
3293 1941 3464 2007 Ursae,
3504 1953 3560 1999 et

329 2009 406 2078 τῷ
437 2008 593 2079 δεξιῷ
619 2009 758 2074 ποδὶ,
797 2009 1022 2079 ἔσχατος
1054 2011 1110 2063 δὲ
1155 2012 1251 2082 τῆς
1281 2029 1340 2063 τε
1375 2012 1606 2082 Ἀρκτου
1631 2013 1659 2063 6
1692 2013 1749 2064 ὲν
1785 2013 1894 2076 τοῖς

329 2100 682 2171 ἐμπροσθίοις
705 2100 917 2153 σκέλεσι
949 2101 1217 2173 λαμπρὸς,
1263 2103 1356 2154 καὶ
1396 2103 1494 2172 τῆς
1534 2102 1759 2173 Ἀργοῦς
1783 2104 1811 2154 6
1838 2105 1896 2155 ἐν

333 2192 482 2261 μέσῳ
533 2190 641 2242 τῶν
688 2190 881 2261 τοίχων
930 2191 1197 2263 λαμπρὸς,
1229 2192 1632 2263 προηγούμενος
1669 2193 1762 2246 τοῦ
1803 2210 1899 2263 με-

330 2283 631 2354 σημϐρινοῦ
652 2283 727 2346 ὡς
767 2284 1083 2354 ήμιπήχιον.
1123 2284 1275 2337 Δύνει
1296 2285 1351 2337 δὲ
1372 2285 1431 2338 τὸ
1450 2285 1630 2355 Κῆτος
1649 2287 1705 2338 ὲν
1729 2285 1899 2356 ὥραις

327 2373 369 2428 δ’
401 2374 710 2438 λειπούσαις
743 2375 792 2445 η’
824 2375 998 2444 μέρει.

400 2464 505 2518 Τοῦ
534 2466 590 2518 δὲ
623 2464 871 2536 Ὠρίωνος
898 2464 1162 2530 δύνοντος,
1203 2466 1590 2535 συγκαταδύνει
1623 2467 1720 2538 μὲν
1752 2468 1898 2540 αὐτῷ

328 2559 359 2611 6
389 2555 648 2620 ζωδιακὸς
680 2555 787 2609 ἀπὸ
812 2555 1023 2627 Ταύρου
1054 2557 1163 2627 μοί.
1201 2557 1244 2621 ζ’
1277 2558 1382 2622 ἕως
1429 2559 1642 2630 Ταύρου
1687 2559 1795 2630 μοί.
1831 2560 1894 2612 λ’·

332 2651 652 2718 μεσουρανεῖ
675 2647 730 2701 δὲ
763 2649 870 2702 ἀπὸ
918 2650 1146 2713 Λέοντος
1199 2650 1309 2720 poi.
1358 2649 1423 2720 ιβ’
1468 2650 1573 2713 ἓως
1623 2651 1898 2723 Παρθένου

331 2738 442 2810 μοί.
482 2745 566 2807 ιγ’.
599 2741 708 2793 Καὶ
749 2747 798 2792 α’
835 2741 934 2811 μὲν
964 2741 1138 2812 ἀστὴρ
1164 2741 1306 2795 δύνει
1346 2744 1374 2794 6
1411 2744 1468 2798 ἐν
1505 2742 1583 2813 τῷ
1628 2745 1900 2816 ἀριστερῷ

327 2827 468 2892 ποδὶ,
500 2827 714 2898 ἔσχατοι
738 2828 794 2880 δὲ
817 2832 863 2882 οἱ
889 2829 1215 2902 βορειότατοι
1238 2829 1345 2883 τῶν
1373 2833 1429 2883 ὲν
1456 2831 1534 2902 τῷ
1569 2833 1894 2904 κολλορόϐῳ.

326 2919 737 2990 Μεσουρανοῦσι
757 2920 813 2972 δὲ
838 2921 946 2974 τῶν
973 2922 1146 2977 ἄλλων
1171 2924 1416 2991 ἀστέρων
1447 2925 1503 2977 ὲν
1534 2926 1630 2994 μὲν
1657 2928 1721 2996 τῇ
1758 2927 1897 2997 ἀρχῇ

326 3009 429 3080 τῆς
457 3010 696 3080 μεγάλης
726 3012 958 3082 ’Ἄρκτου
988 3014 1016 3064 6
1045 3015 1102 3065 ὲν
1142 3017 1252 3077 τοῖς
1271 3013 1536 3079 ὀπισθίοις
1566 3016 1773 3083 γόνασι,
1807 3020 1901 3071 καὶ

328 3100 424 3153 τοῦ
450 3101 674 3165 Λέοντος
697 3103 725 3153 ὁ
753 3103 860 3155 ἀπὸ
891 3105 1040 3157 νότου
1072 3104 1150 3175 τῷ
1177 3106 1270 3158 ἐπὶ
1305 3107 1403 3177 τῆς
1444 3093 1641 3175 ὀσφύος
1666 3107 1901 3179 λαμπρῷ

329 3191 766 3262 παρακείμενος,
801 3192 1024 3264 ἔσχατος
1070 3195 1126 3248 δὲ
1166 3199 1265 3267 τῆς
1297 3197 1572 3268 Παρθένου
1617 3201 1646 3251 6
1695 3199 1901 3270 βορειό-

327 3299 486 3353 τερος
513 3277 680 3354 ὥμος.
719 3284 873 3339 Δύνει
921 3285 977 3338 δὲ
1015 3289 1044 3339 6
1087 3287 1278 3358 Ὠρίων
1326 3290 1384 3343 ἐν
1427 3288 1601 3362 ὥραις
1641 3291 1792 3348 δυσὶν
1829 3292 1905 3357 ὡς

329 3372 576 3442 ἔγγιστα.

404 3469 568 3523 ’Ὀταν
589 3468 646 3522 δὲ
675 3471 703 3522 6
734 3469 842 3524 67:6
871 3467 962 3524 :06
1008 3470 1258 3542 Ὠρίωνος
1285 3472 1536 3544 Ποταμὸς
1582 3473 1734 3548 δύνῃ,
1775 3491 1906 3546 συγ-

329 3560 614 3622 καταδύνει
644 3562 740 3632 μὲν
768 3561 916 3632 αὐτῷ
956 3565 983 3615 ὁ
1017 3562 1276 3628 ζωδιακὸς
1310 3565 1418 3618 67:6
1449 3564 1666 3635 Ἰχθύων
1706 3567 1815 3637 μοί.
1860 3567 1904 3632 ζ’

330 3652 438 3716 ἕως
475 3652 688 3724 Ταύρου
741 3653 852 3724 poi.
898 3660 938 3706 ε’
979 3654 1178 3725 μέσηςο
1219 3659 1542 3725 μεσουρανεῖ
1580 3657 1638 3709 δὲ
1677 3657 1786 3711 ἀπὸ
1818 3659 1907 3711 Δι-

329 3745 516 3817 δύμων
562 3745 602 3797 δ’
630 3744 735 3809 ἕως
784 3745 1010 3808 Λέοντος
1047 3752 1078 3798 ι’
1128 3748 1316 3816 μέσης.
1360 3749 1470 3800 Kal.
1523 3756 1570 3801 α’
1602 3750 1698 3820 μὲν
1734 3749 1908 3823 ἀστὴρ

322 3836 477 3891 δύνει
500 3838 528 3889 ὁ
560 3836 857 3908 ἡγούμενος
883 3838 977 3890 καὶ
1006 3836 1386 3908 λαμπρότατος
1421 3839 1657 3904 πάντων,
1684 3839 1909 3911 ἔσχατος

318 3928 392 3986 δὲ
425 3929 453 3981 6
485 3935 554 3993 α’,
587 3929 680 3982 καὶ
711 3927 820 3982 ἀπὸ
865 3928 1210 4000 μεσημϐρίας
1241 3929 1642 4000 παρακείμενος
1669 3931 1748 4001 τῷ
1788 3929 1910 3982 ποδὶ

318 4018 428 4076 τοῦ
470 4020 739 4092 Ὠρίωνος.
775 4019 1182 4092 Μεσουρανοῦσι
1231 4019 1288 4073 δὲ
1319 4019 1427 4074 τῶν
1459 4021 1630 4076 ἄλλων
1664 4022 1910 4094 ἀστέρων

321 4113 396 4166 ἐν
429 4111 524 4181 μὲν
552 4113 618 4183 τῇ
646 4112 785 4182 ἀρχῇ
828 4111 927 4181 τῆς
955 4110 1158 4175 δύσεως
1193 4110 1300 4164 τῶν
1335 4130 1394 4165 τε
1426 4113 1670 4182 Διδύμων
1708 4116 1736 4167 6
1766 4113 1905 4184 Πρό-

322 4219 493 4266 σεους,
543 4203 733 4275 μικρὸν
767 4203 1189 4274 ὑπολειπόμενος
1227 4202 1321 4256 τοῦ
1372 4202 1766 4275 μεσημϐρινοῦ,
1808 4205 1903 4258 καὶ

322 4292 432 4349 τοῦ
460 4292 682 4362 Λαγωοῦ
705 4293 754 4346 οἱ
783 4295 841 4346 ὲν
870 4293 1016 4364 μέσῳ
1035 4292 1112 4363 τῷ
1136 4292 1348 4364 σώματι
1370 4293 1437 4363 β’·
1469 4293 1694 4365 ἔσχατον
1718 4294 1776 4348 δὲ
1810 4311 1904 4366 με·

332 4380 661 4452 σουρανοῦσι
707 4380 800 4434 τοῦ
839 4397 900 4434 τε
943 4381 1169 4444 Λέοντος
1210 4383 1238 4436 ὁ
1283 4382 1547 4452 ἑπόμενος
1582 4383 1690 4437 τῶν
1741 4386 1799 4437 έν
1826 4383 1904 4456 τῷ

1929 3242 1976 3305 C

1995 2031 2175 2085 lucida
2221 2031 2385 2086 medii
2435 2033 2622 2089 lateris
2677 2034 2876 2104 Argus,
2919 2050 3038 2103 quae
3079 2036 3401 2090 semicubito
3448 2037 3559 2089 cir-

1996 2122 2132 2176 citer
2161 2121 2432 2176 antecedit
2469 2122 2854 2178 meridianum.
2893 2123 3107 2179 Occidit
3138 2124 3302 2182 Cetus
3327 2125 3474 2181 horis
3498 2126 3554 2192 4,

1996 2213 2180 2270 minus
2209 2221 2398 2267 octava
2420 2220 2592 2284 parte.

2070 2469 2270 2525 Orione
2316 2469 2563 2532 cadente,
2619 2483 2744 2524 cum
2789 2485 2855 2525 eo
2902 2470 3182 2527 descendit
3234 2472 3488 2527 zodiacus
3530 2488 3562 2526 a

2000 2559 2166 2614 Tauri
2215 2567 2368 2630 parte
2419 2560 2450 2612 7
2484 2559 2553 2613 ad
2603 2560 2711 2628 50;
2769 2561 3034 2616 culminat
3076 2577 3108 2616 a
3153 2561 3350 2618 Leonis
3389 2563 3456 2616 l2
3494 2564 3562 2618 ad

1999 2654 2239 2725 Virginis
2266 2654 2353 2707 15.
2389 2653 2546 2708 Prior
2576 2654 2776 2709 occidit
2812 2670 2876 2710 ea
2911 2672 3031 2726 quae
3066 2657 3223 2712 estin
3259 2659 3391 2728 pede
3432 2658 3566 2713 siui~

2001 2751 2135 2808 stro,
2189 2744 2392 2797 ultimae
2433 2758 2586 2810 vero,
2627 2758 2834 2808 earum,
2861 2760 2981 2812 quae
3009 2753 3137 2799 sunt
3177 2746 3231 2800 in
3281 2747 3561 2802 collorobo

1999 2831 2235 2885 maxime
2264 2830 2556 2886 australes.
2586 2830 2665 2883 Ex
2697 2831 2819 2884 aliis
2849 2832 3021 2886 stellis
3054 2834 3358 2887 culminant
3384 2834 3559 2898 initio,

2000 2937 2062 2977 ea
2083 2937 2201 2991 quae
2230 2929 2314 2976 est
2343 2921 2396 2975 in
2425 2918 2820 2991 posterioribus
2856 2922 3083 2990 genibus
3129 2922 3280 2978 Ursae
3315 2925 3562 2994 majoris,

2000 3023 2054 3070 et
2081 3029 2200 3084 qua:
2222 3015 2290 3067 ab
2319 3019 2505 3067 austro
2528 3011 2723 3065 lucida:
2743 3011 2976 3080 adjacet,
3007 3029 3127 3083 quae
3147 3025 3230 3070 est
3254 3017 3308 3069 in
3340 3017 3562 3081 lumbis,

2001 3115 2295 3176 postremo,
2314 3103 2586 3159 borealior
2602 3100 2840 3173 Virginis
2863 3103 3143 3161 humerus.
3163 3105 3374 3161 Occidit
3393 3106 3565 3163 Orion

2005 3198 2156 3254 boris
2187 3199 2404 3254 circiter
2435 3198 2488 3251 2.

2070 3464 2204 3521 Cum
2237 3463 2459 3522 Orionis
2491 3465 2682 3522 Fluvio
2704 3465 2964 3522 zodiacus
3002 3464 3203 3520 occidit
3234 3478 3263 3517 a
3324 3460 3564 3517 Piscium

2001 3565 2155 3629 parte
2179 3557 2209 3610 7
2232 3557 2300 3612 ad
2326 3557 2490 3612 Tauri
2524 3558 2558 3612 5
2580 3558 2809 3613 mediam
2833 3575 2848 3623 ;
2882 3556 3142 3611 culminat
3162 3571 3190 3608 a
3216 3555 3566 3610 Geminorum

2006 3651 2041 3706 4
2071 3651 2136 3705 ad
2167 3651 2364 3706 Leonis
2395 3651 2630 3706 mediam
2668 3652 2755 3706 10.
2786 3648 2944 3704 Prior
2983 3650 3187 3704 occidit
3214 3647 3564 3710 antecedens,

2011 3752 2066 3798 et
2118 3742 2454 3798 lucidissima
2503 3744 2770 3810 omnium,
2820 3741 3011 3795 ultima
3042 3756 3192 3802 vero,
3233 3754 3353 3810 quae
3396 3738 3570 3808 prima

2011 3843 2113 3902 est,
2154 3843 2209 3890 et
2240 3850 2270 3889 a
2307 3833 2536 3890 meridie
2582 3834 2796 3904 adjacet
2836 3833 3056 3890 Orionis
3088 3831 3232 3900 pedi.
3270 3830 3312 3883 E
3346 3830 3570 3900 reliquis

2011 3925 2205 3989 stellis,
2251 3938 2484 3979 occasus
2530 3924 2688 3979 initio
2733 3923 3036 3978 culminant
3067 3920 3280 3991 Propus
3317 3919 3572 3975 Gemino-

2008 4033 2152 4082 rum,
2194 4017 2471 4087 paululum
2513 4017 2651 4070 citra
2695 4015 3056 4070 meridianum
3110 4013 3341 4083 positus,
3372 4020 3425 4067 et
3470 4010 3574 4066 Le-

2009 4113 2160 4182 poris
2189 4111 2243 4166 in
2263 4111 2440 4167 medio
2466 4111 2615 4175 dum;
2639 4117 2913 4181 postremo
2937 4107 3252 4172 culminant,
3276 4105 3574 4162 succedens

2010 4203 2068 4257 in
2093 4211 2242 4275 tergo
2275 4203 2502 4268 Leonis,
2556 4209 2610 4258 et
2635 4217 2758 4272 quae
2801 4202 2857 4255 in
2886 4198 3280 4270 posterioribus
3304 4196 3457 4251 Ursa:
3482 4212 3576 4265 ge-

2011 4294 2194 4358 nibus,
2227 4310 2414 4366 parum
2440 4295 2578 4350 citra
2600 4291 2960 4349 meridianum
2985 4290 3109 4347 sita.
3129 4286 3575 4345 OcciditFluvius

2011 4385 2163 4442 horis
2192 4387 2247 4451 4,
2279 4387 2385 4441 42'.

335 4475 513 4545 νώτῳ,
549 4473 766 4544 καὶτῆς
796 4475 1029 4546 Ἀρκτου
1067 4477 1096 4528 6
1127 4477 1185 4529 ὲν
1223 4477 1334 4538 τοῖς
1379 4476 1642 4540 ὀπισθίοις
1666 4479 1908 4546 γόνασιν,
1964 4479 2040 4543 ὡς
2085 4481 2388 4551 ἡμιπήχιον
2449 4479 2870 4550 ὑπολειπόμενος
2927 4477 3020 4531 τοῦ
3053 4469 3445 4548 μεσημϐρινοῦ.
3475 4468 3576 4522 Δύ-

337 4585 420 4623 νει
445 4565 500 4618 δὲ
532 4567 559 4618 6
588 4563 832 4634 Ποταμὸς
855 4565 912 4617 ὲν
939 4563 1108 4634 ὥραις
1136 4563 1176 4616 δ’
1205 4565 1299 4618 καὶ
1325 4565 1531 4634 ἡμίσει,
1563 4566 1656 4618 καὶ
1683 4572 1723 4618 ε’
1749 4567 1906 4639 μέρει
1942 4566 2108 4638 ὥρας.

411 4659 483 4711 Z'.
517 4653 622 4708 Τοῦ
650 4655 708 4708 δὲ
752 4655 980 4723 Λαγωοῦ
1025 4655 1292 4719 δύνοντος,
1328 4655 1717 4725 συγκαταδύνει
1759 4657 1856 4728 μὲν
1888 4660 1903 4711 ί

2091 4659 2201 4713 V'll.
2241 4659 2535 4715 Occidente
2571 4657 2796 4728 Lepore,
2823 4656 3103 4713 descendit
3130 4671 3256 4710 cum
3295 4668 3360 4710 eo
3391 4651 3575 4707 zodia-

341 4747 602 4814 ζωδιακὸς
638 4745 745 4799 ἀπὸ
776 4747 946 4817 Κριοῦ
985 4747 1095 4817 μοί.
1139 4747 1182 4812 ζ’
1212 4747 1304 4800 καὶ
1339 4755 1384 4802 κ’
1423 4748 1595 4820 μέσης
1635 4749 1739 4812 ἕως
1777 4749 1920 4802 Ταύ-

344 4858 440 4914 ρου
475 4839 552 4893 ιδ’·
593 4839 914 4910 μεσουρανεῖ
961 4837 1017 4890 δὲ
1088 4837 1196 4891 ἀπὸ
1247 4839 1522 4908 Καρκίνου
1572 4840 1681 4909 μοί.
1730 4839 1773 4892 λ’
1814 4839 1918 4904 ἕως

342 4931 570 4993 Λέοντος
606 4929 713 5001 μοί.
746 4935 794 4982 α’
825 4928 918 4982 καὶ
949 4934 1015 4981 κ’.
1055 4928 1168 4981 Καὶ
1203 4935 1250 4982 α’
1295 4932 1392 5000 μὲν
1423 4931 1599 5002 ἀστὴρ
1631 4929 1775 4983 δύνει
1805 4931 1836 4983 6
1859 4932 1916 4984 iv

341 5024 456 5084 τοῖς
503 5018 858 5091 ἐμπροσθίοις
899 5019 1076 5083 ποσὶν,
1124 5019 1350 5089 ἔσχατος
1381 5021 1437 5073 δὲ
1486 5022 1514 5073 6
1555 5023 1612 5072 ὲν
1665 5022 1810 5094 ἄκρᾳ
1849 5025 1914 5094 τῇ

341 5114 499 5185 οὐρᾷ.
534 5110 941 5182 Μεσουρανοῦσι
979 5110 1038 5164 δὲ
1069 5111 1176 5164 τῶν
1209 5111 1378 5166 ἄλλων
1417 5114 1660 5184 ἀστέρων
1706 5118 1764 5168 ἐν
1812 5115 1910 5187 μὲν

341 5209 410 5277 τῇ
446 5207 584 5276 ἀρχῇ
635 5204 734 5274 τῆς
779 5221 840 5256 τε
865 5204 1098 5273 ’Ἄρκτου
1154 5201 1248 5255 τοῦ
1312 5202 1557 5257 πλινθίου
1596 5207 1624 5257 6
1665 5205 1756 5258 ἐπὶ
1805 5205 1912 5259 τῶν

344 5295 509 5367 ὥμων
538 5295 728 5364 αὐτῆς,
765 5295 856 5348 καὶ
897 5292 990 5346 τοῦ
1021 5291 1320 5364 Δράκοντος
1347 5295 1374 5345 6
1402 5294 1458 5346 ὲν
1492 5294 1636 5364 ἄκρᾳ
1659 5297 1724 5364 τῇ
1753 5295 1909 5366 οὐρᾷ,

344 5387 440 5440 καὶ
473 5385 563 5438 τοῦ
594 5385 818 5448 Λέοντος
851 5386 879 5436 6
911 5387 968 5437 ἐν
1009 5387 1076 5455 τῇ
1117 5383 1332 5455 καρδίᾳ,
1367 5384 1460 5437 καὶ
1491 5384 1590 5454 τῆς
1635 5385 1860 5456 Ἀργοῦς
1885 5387 1912 5438 ὁ

348 5475 682 5547 βορειότερος
705 5476 811 5528 τῶν
841 5477 898 5528 ὲν
925 5477 990 5546 τῇ
1033 5476 1304 5545 ἀποτομῇ,
1342 5474 1535 5545 μικρὸν
1569 5474 1914 5545 προηγούμε-

345 5584 435 5631 νος
471 5566 564 5619 τοῦ
600 5563 1002 5637 μεσημϐρινοῦ’
1037 5565 1262 5636 ἔσχατον
1290 5565 1347 5618 δὲ
1384 5565 1774 5636 μεσουρανοῦσι
1817 5565 1911 5620 τοῦ

345 5674 406 5710 τε
436 5658 662 5720 Λέοντος
702 5658 730 5709 6
759 5656 1002 5720 ὀπίσθιος
1049 5656 1183 5721 ποῦς
1223 5657 1317 5710 καὶ¹
1357 5659 1385 5710 6
1426 5658 1482 5710 ἐν
1508 5660 1618 5719 τοῖς
1650 5657 1915 5721 ὀπισθίοις

2016 4765 2114 4805 cus
2155 4750 2224 4803 ab
2259 4749 2458 4804 Arietis
2488 4748 2559 4801 27
2584 4747 2759 4802 media
2790 4747 2857 4801 ad
2889 4745 3055 4800 Tauri
3097 4746 3203 4810 M;
3249 4745 3510 4799 culminat
3543 4757 3574 4796 a

2014 4849 2167 4914 parte
2192 4841 2388 4895 Cancri
2409 4840 2477 4895 50
2507 4839 2574 4893 ad
2614 4839 2812 4893 Leonis
2849 4838 2936 4891 21.
2966 4837 3146 4892 Prima
3169 4835 3367 4892 occidit
3395 4833 3572 4898 stella,

2015 4947 2136 5003 quae
2190 4941 2274 4986 est
2313 4931 2368 4985 in
2419 4930 2785 4985 anterioribus
2835 4927 3101 4998 pedibus;
3148 4927 3336 4980 ultima
3369 4939 3489 4994 quae
3517 4925 3572 4979 in

2014 5030 2353 5078 extremitate
2417 5023 2621 5076 caudae.
2675 5020 2719 5074 E
2768 5021 2940 5076 stellis
2997 5020 3225 5089 reliquis
3274 5018 3574 5072 culminant

2014 5113 2191 5177 initio,
2222 5114 2278 5167 in
2307 5111 2460 5168 Ursae
2486 5113 2770 5176 laterculo,
2792 5125 2912 5180 qua:
2939 5110 2993 5164 in
3020 5110 3262 5164 humeris
3291 5109 3435 5162 illius
3465 5113 3570 5165 est,

2017 5212 2071 5259 et
2110 5220 2230 5273 quae
2273 5205 2330 5258 in
2371 5213 2617 5258 extrema
2650 5203 2824 5258 cauda
2849 5201 3126 5264 Draconis,
3159 5200 3285 5254 item
3319 5213 3412 5253 cor
3441 5195 3575 5250 Leo—

2014 5294 2123 5360 nis,
2154 5302 2206 5348 et
2235 5310 2439 5360 earum,
2467 5310 2587 5364 quae
2615 5294 2669 5348 in
2699 5292 2861 5348 Navis
2887 5291 3248 5350 abscissione,
3281 5287 3572 5348 borealior,

2016 5377 2235 5454 paulum
2275 5385 2603 5439 antecedens
2642 5385 3036 5449 meridianum;
3077 5387 3351 5451 postremo
3380 5376 3573 5431 culmi-

2017 5487 2149 5530 nant
2208 5475 2404 5531 Leonis
2431 5492 2524 5546 pes
2546 5475 2813 5545 posterior
2864 5483 2918 5529 et
2942 5489 3061 5545 qum
3091 5474 3144 5526 in
3181 5469 3574 5542 posterioribus

2019 5568 2270 5621 cruribus
2306 5587 2318 5622 :
2363 5567 2490 5622 item
2537 5565 2928 5621 australissima
2968 5578 3153 5618 earum
3195 5576 3317 5630 qua:
3354 5566 3480 5616 sunt
3518 5558 3576 5611 in

2017 5657 2135 5713 basi
2169 5658 2431 5714 Crateris.
2461 5657 2674 5714 Occidit
2703 5657 2880 5728 Lepus
2909 5656 3044 5712 hora
3075 5655 3128 5722 1,
3167 5654 3272 5709 20'.

349 5747 582 5810 σκέλεσι,
621 5745 836 5798 καὶτοῦ
872 5745 1160 5817 Κρατῆρος
1203 5749 1232 5801 6
1267 5745 1584 5812 νοτιώτατος
1611 5746 1719 5801 τῶν
1757 5749 1814 5800 ὲν
1847 5749 1913 5818 τῇ
1953 5745 2128 5816 βάσει.
2168 5750 2324 5805 Δύνει
2347 5751 2402 5805 δὲ
2435 5753 2462 5805 6
2493 5750 2716 5819 Λαγωὸς
2748 5751 2805 5804 ἐν
2837 5747 2954 5820 ὥρᾳ
2990 5748 3081 5802 καὶ
3112 5752 3158 5815 γ’
3193 5745 3368 5820 μείρει.

325 5835 346 5864 ”
423 5860 464 5893 ’ί
501 5877 588 5932 no.
629 5859 886 5932 χελωνίῳ.
