4106 6452
501 451 641 509 1119

1500 449 1586 504 AD
1627 447 1892 504 EUSEBII
1929 447 2324 504 CIIROMCON
2363 449 2722 506 APPENDIX.

3601 456 3740 511 H20

568 563 865 622 Occidente
905 562 1076 626 Cane,
1128 578 1254 618 cum
1299 577 1365 618 eo
1405 562 1690 618 descendit
1741 561 2000 616 zodiacus
2034 575 2064 612 a

2197 585 2202 600 -
2239 561 2345 614 Τοῦ
2389 563 2446 616 δὲ
2475 563 2652 626 Κυνὸς
2683 563 2949 626 δύνοντος,
2987 563 3379 632 συγκαταδύνει
3415 565 3513 637 μὲν
3540 569 3688 640 αὐτῷ
3709 572 3739 622 ὁ

501 668 650 728 parte
694 654 860 708 Tauri
901 655 962 708 H
1005 655 1069 708 ad
1107 654 1222 722 29;
1258 655 1521 708 culminat
1567 669 1600 708 a
1645 651 1848 708 Leonis
1883 652 1950 704 17
1995 652 2062 706 ad

499 743 739 815 Virginis
775 743 859 796 11.
903 742 1063 796 Prior
1111 742 1314 798 occidit
1349 743 1527 796 lucida
1565 743 1760 812 pedum
1795 742 2065 811 posterio-

501 851 661 902 rum;
691 835 883 890 ultima
917 851 1067 900 vero,
1102 835 1536 905 splendidarum,
1565 853 1688 906 quae
1719 843 1846 892 sunt
1887 837 1940 890 in
1973 851 2065 892 ca-

501 927 630 996 pite,
655 927 1084 994 australissima;
1110 927 1391 982 stellarum
1415 935 1736 982 caeterarum
1761 927 2064 982 culminant

500 1019 676 1082 initio,
713 1018 1036 1072 antecedens
1051 1032 1261 1082 earum,
1276 1034 1396 1088 quae
1413 1020 1470 1073 in
1495 1019 1890 1088 posterioribus
1913 1017 2066 1075 Ursae

501 1109 768 1178 pedibus,
817 1117 871 1164 et
915 1123 1038 1178 quae
1086 1109 1138 1162 in
1185 1111 1385 1165 lumbis
1425 1109 1623 1165 Leonis
1667 1129 1680 1164 :
1717 1111 1922 1165 ultimae
1956 1111 2068 1165 cul-

499 1201 726 1266 minant,
763 1215 826 1254 ea
874 1216 996 1270 qua:
1045 1201 1101 1254 in
1151 1202 1384 1272 pedibus
1425 1201 1629 1268 Corvi,
1669 1211 1723 1258 et
1769 1203 2066 1258 anstralior

498 1291 758 1346 humerus
789 1290 1030 1363 Virginis
1050 1334 1066 1359 ,
1098 1293 1238 1348 citra
1281 1293 1644 1348 meridianum
1680 1294 1820 1350 situs
1850 1295 2063 1350 duabus

496 1380 611 1438 fere
632 1384 804 1438 cubiti
835 1385 1104 1454 partibus.
1134 1383 1346 1441 Occidit
1367 1384 1534 1442 Canis
1555 1383 1898 1457 sesquihora.

565 1638 702 1693 Cum
739 1637 1020 1712 Procyone
1047 1641 1325 1700 descendit
1357 1645 1612 1702 zodiacus
1646 1661 1676 1700 a
1709 1645 2062 1705 Geminorum

499 1737 652 1798 parte
701 1731 768 1786 15
791 1733 860 1787 ad
907 1733 1006 1799 l8;
1049 1736 1312 1792 culminat
1361 1739 1430 1794 ab
1479 1739 1634 1796 initio
1679 1739 1856 1797 Libra:
1893 1743 1961 1798 ad
2005 1743 2061 1800 4.

2165 651 2424 716 ζωδιακὸς
2458 654 2566 708 ἀπὸ
2611 654 2824 723 Ταύρου
2858 655 2966 724 μοί.
3017 662 3084 708 ια’
3125 655 3242 723 (tu);
3274 656 3486 730 Ταύρου
3535 659 3644 729 μοί.
3693 661 3736 713 θ’

2164 745 2258 796 καὶ
2280 750 2327 796 κ’
2353 759 2366 773 ·
2403 746 2726 816 μεσουρανεῖ
2747 745 2804 796 δὲ
2829 745 2936 798 ἀπὸ
2962 746 3190 808 Λέοντος
3219 745 3328 816 μοι.
3359 747 3424 812 ιζ’
3458 747 3562 812 ἕως
3589 751 3736 822 Παρ-

2165 833 2320 888 Θένου
2357 843 2442 889 ια’.
2475 837 2586 890 Καὶ
2615 843 2662 890 α’
2694 837 2791 906 μὲν
2823 837 2996 907 ἀστὴρ
3025 837 3169 891 δύνει
3193 839 3221 890 6
3250 839 3305 892 ὲν
3333 842 3448 902 τοῖς
3472 841 3738 906 ὀπισθίοις

2165 924 2291 976 ποσὶ
2332 924 2603 995 λαμπρὸς,
2655 925 2880 995 ἔσχατος
2911 925 2968 978 δὲ
2995 927 3024 978 6
3053 925 3374 990 νοτιώτατος
3421 928 3530 980 τῶν
3565 931 3624 982 ἐν
3667 935 3734 1002 τῇ

2165 1013 2373 1084 κεφαλῇ
2401 1003 2670 1083 ὲκεὲανῶν.
2707 1013 3114 1086 Μεσουρανοῦσι
3145 1015 3202 1069 δὲ
3232 1015 3342 1070 τῶν
3375 1017 3549 1072 ἄλλων
3575 1021 3736 1073 ἀστέ-

2169 1121 2274 1176 ρων
2295 1106 2353 1158 ὲν
2381 1105 2480 1176 μὲν
2510 1109 2575 1176 τῇ
2603 1106 2743 1178 ἀρχῇ
2771 1107 2870 1178 τῆς
2897 1124 2957 1160 τε
2986 1109 3223 1178 Ἀρκτου
3243 1110 3272 1160 6
3302 1107 3601 1180 ἡγούμενος
3627 1111 3738 1164 τῶν

2165 1197 2223 1250 tv
2255 1201 2366 1262 τοῖς
2399 1197 2664 1261 ὀπισθίοις
2715 1199 2860 1264 ποσὶ,
2895 1199 2989 1252 καὶ
3033 1199 3128 1252 τοῦ
3180 1200 3408 1264 Λέοντος
3440 1203 3469 1255 6
3501 1203 3593 1256 ἐπὶ
3636 1205 3738 1274 τῆς

2164 1286 2386 1356 ὀσφύος·
2417 1287 2632 1358 ἔσχατοι
2677 1289 2734 1343 δὲ
2776 1291 3166 1362 μεσουρανοῦσι
3211 1291 3306 1346 τοῦ
3339 1311 3401 1347 τε
3433 1296 3674 1365 Κόρακος
3705 1305 3732 1357 ό

2163 1380 2222 1432 tv
2249 1383 2363 1444 τοῖς
2391 1385 2539 1446 ποσὶ,
2583 1382 2678 1436 καὶ
2711 1382 2810 1453 τῆς
2861 1383 3138 1454 Παρθένου
3173 1385 3202 1437 ὁ
3227 1383 3546 1454 νπιὼτερος
3567 1379 3736 1460 ὦμος,

2163 1469 2586 1541 ὑπολειπόμενος
2617 1472 2711 1525 τοῦ
2752 1473 3124 1545 μεσημϐρινοῦ
3157 1475 3232 1539 ῶς
3262 1475 3305 1546 β’
3333 1475 3472 1549 μέρη
3499 1477 3734 1548 πήχεως.

2164 1560 2318 1614 Δύνει
2343 1562 2400 1616 δὲ
2427 1563 2456 1614 6
2486 1561 2648 1616 Κύων
2681 1563 2736 1616 ἐν
2763 1571 2811 1632 γ’
2844 1565 3150 1636 ήμιωρῐοις.

2234 1653 2339 1706 Τοῦ
2363 1655 2420 1708 δὲ
2451 1655 2724 1726 Πρόκυνος
2755 1657 3022 1720 δύνοντος,
3049 1655 3439 1725 συγκαταδύνει
3463 1655 3562 1726 μὲν
3591 1657 3738 1728 αὐτῷ

2163 1743 2192 1794 6
2217 1740 2474 1808 ζωδιακὸς
2507 1745 2616 1798 ἀπὸ
2658 1745 2903 1817 Διδύμων
2940 1745 3048 1816 μοι.
3087 1753 3146 1798 ιε’
3195 1745 3300 1811 ἕως
3333 1747 3580 1818 Διδύμων
3625 1750 3734 1820 μοί.

497 1821 654 1875 Prior
681 1823 878 1877 occidit
911 1825 1088 1892 stella,
1128 1827 1478 1896 antecedens,
1521 1839 1575 1886 et
1609 1832 1831 1902 duplex,
1867 1833 2062 1888 ultima

2172 1841 2234 1904 ιη’
2261 1853 2274 1865 ·
2319 1840 2641 1908 μεσουρανεῖ
2680 1838 2738 1891 δὲ
2781 1835 2888 1891 ἀπὸ
2923 1837 3024 1908 τῆς
3053 1837 3228 1909 ἀρχῆς
3263 1838 3370 1892 τῶν
3403 1839 3598 1910 Χηλῶν
3634 1840 3738 1902 ἕως

498 1913 820 1980 succedens,
851 1923 904 1970 et
943 1917 1142 1974 lucida.
1183 1918 1260 1974 Ex
1295 1921 1419 1975 aliis
1462 1923 1634 1980 stellis
1664 1897 1930 1978 culminat
1961 1925 2065 1980 ini-

2172 1897 2360 1998 Χηλιῦν
2393 1897 2502 2000 μοίί
2529 1931 2592 1984 δ’.
2632 1929 2745 1984 Καὶ
2775 1937 2824 1982 α’
2856 1897 3344 2002 μὲν-ἀστηρΙδύνει
3371 1933 3399 1985 6
3439 1897 3740 2002 ἡχούμενος

497 2005 595 2070 tio,
626 2021 814 2062 earum
843 2023 963 2080 qua:
991 2021 1121 2066 sunt
1151 2013 1206 2066 in
1238 2012 1432 2070 dextro
1465 2013 1647 2071 Beata:
1675 2017 1832 2088 pede,
1863 2017 2064 2082 media,

499 2097 659 2166 paulo
696 2099 834 2154 citra
877 2101 1238 2157 meridianum
1283 2107 1388 2159 sita
1422 2125 1435 2160 :
1465 2115 1522 2162 et
1551 2108 1824 2162 borealior
1851 2124 2063 2174 earum,

496 2203 618 2259 quae
659 2197 788 2244 sunt
835 2190 889 2244 in
927 2193 1109 2262 capite
1153 2193 1435 2262 Centauri,
1486 2198 1810 2254 semicubito
1848 2201 2068 2256 circiter

499 2282 832 2336 antecedens
863 2283 1258 2352 meridianum;
1285 2289 1582 2345 novissime
1605 2290 1928 2358 culminant,
1948 2309 2068 2362 qua:

497 2369 552 2423 in
587 2379 832 2426 extrema
868 2383 952 2428 est
983 2372 1136 2430 Ursae
1163 2375 1356 2440 cauda,
1399 2379 1680 2448 paululum
1723 2377 1882 2436 citra'
1911 2383 2068 2437 meri-

497 2463 721 2518 dianum
771 2465 950 2534 posita
975 2507 992 2533 ,
1025 2473 1079 2522 et
1121 2467 1394 2526 borealior
1423 2487 1632 2537 earum,
1676 2489 1798 2543 qua:
1839 2485 1968 2531 sunt
2011 2476 2066 2530 in

498 2555 724 2614 sinistro
757 2559 895 2628 pede
925 2559 1108 2615 Bootae
1158 2579 1173 2615 :
1213 2559 1340 2617 item
1365 2579 1487 2632 qua:
1519 2565 1574 2618 in
1613 2575 1856 2622 extrema
1897 2565 2064 2637 llydri

498 2647 694 2714 cauda,
741 2648 1002 2706 Centauri
1046 2667 1264 2725 quoque
1307 2654 1498 2710 dexter
1530 2656 1809 2713 humerus.
1849 2658 2066 2716 Occidit

498 2736 746 2810 Procyon
771 2739 904 2796 hora
931 2745 982 2805 Ο,
1012 2741 1114 2800 12'.

571 3021 706 3078 Cum
738 3023 883 3095 Argo
909 3023 1274 3084 descendente
1301 3027 1560 3084 zodiacus
1587 3029 1788 3085 occidit
1813 3029 1883 3086 ab
1911 3033 2068 3088 Arie-

499 3115 572 3172 tis
605 3123 759 3187 parte
795 3117 861 3172 16
899 3120 967 3176 ad
1002 3119 1356 3178 Geminorum
1393 3123 1458 3178 18
1492 3125 1798 3191 ;culminat
1826 3128 1895 3183 ab
1923 3127 2068 3182 Can-

2167 2021 2262 2074 καὶ
2285 2019 2523 2086 διπλοῦς,
2545 2021 2768 2092 ἔσχατος
2794 2021 2850 2074 δὲ
2867 2024 2896 2076 6
2919 2021 3182 2092 ἑπόμενος
3205 2023 3297 2076 καὶ
3312 2022 3580 2094 λαμπρός.
3597 2024 3742 2076 Μεσ-

2165 2114 2386 2184 ουρανεῖ
2419 2113 2478 2166 δὲ
2513 2113 2620 2166 τῶν
2667 2112 2838 2166 ἄλλων
2877 2113 3121 2186 ἀστέρων
3155 2115 3212 2168 tv
3247 2115 3344 2186 μὲν
3375 2117 3440 2184 τῇ
3473 2115 3614 2186 ἀρχῇ
3643 2115 3738 2168 τοῦ

2167 2203 2378 2257 Βοώτου
2407 2205 2437 2258 6
2495 2204 2658 2274 μέσος
2701 2205 2809 2258 τῶν
2854 2205 2912 2258 tv
2937 2203 3014 2274 τῷ
3061 2203 3332 2276 ἀριστερῷ
3360 2204 3500 2271 ποδὶ,
3547 2203 3741 2276 μικρὸν

2169 2297 2592 2366 ὑπολειπόμενος
2620 2296 2710 2350 τοῦ
2755 2295 3146 2368 μεσημϐρινοῦ,
3190 2297 3282 2351 καὶ
3309 2296 3404 2350 τοῦ
3431 2297 3741 2368 Κενταύρου

2167 2390 2195 2440 ὁ
2219 2388 2554 2460 βορειότερος
2581 2389 2688 2442 τῶν
2713 2391 2773 2442 tv
2813 2392 2877 2461 τῇ
2898 2388 3131 2460 κεφαλῇ,
3155 2389 3230 2454 ὡς
3269 2389 3568 2462 ἡμιπήχιον
3617 2409 3744 2462 προ-

2167 2479 2302 2550 ηγού
2310 2496 2466 2549 μενος
2485 2479 2582 2532 τοῦ
2604 2478 2992 2550 μεσημϐρινοῦ·
3021 2479 3246 2550 ἔσχατον
3269 2480 3326 2532 δὲ
3350 2479 3744 2552 μεσουρανοῦσι

2165 2571 2265 2640 τῆς
2292 2589 2351 2624 τε
2388 2573 2623 2641 ’Ἄρκτου
2656 2573 2684 2624 6
2723 2573 2780 2626 tv
2829 2571 2974 2642 ἄκρᾳ
2999 2573 3065 2642 τῇ
3113 2571 3269 2642 οὐρᾷ,
3323 2572 3744 2644 ὑπολειπόμενος

2171 2662 2366 2732 μικρὸν
2393 2661 2487 2714 τοῦ
2529 2659 2924 2732 μεσημϐρινοῦ,
2952 2661 3047 2714 καὶ¹
3095 2659 3190 2714 τοῦ
3239 2659 3448 2714 Βοώτου
3478 2663 3506 2714 6
3542 2661 3743 2733 βορειό-

2167 2741 2321 2824 τερος
2341 2751 2449 2806 τῶν
2480 2753 2539 2806 ὲν
2565 2751 2644 2823 τῷ
2671 2751 2942 2824 ἀριστερῷ
2969 2753 3112 2816 ποδὶ,
3151 2753 3244 2806 καὶ
3267 2751 3361 2806 τοῦ
3391 2753 3597 2825 ⁴’Υδρου
3628 2755 3656 2808 6
3687 2757 3748 2808 tv

2166 2844 2312 2916 ἄκρᾳ
2341 2847 2408 2916 τῇ
2442 2844 2598 2915 οὐρᾷ,
2645 2844 2739 2897 καὶ
2781 2842 2874 2897 τοῦ
2927 2844 3242 2916 Κενταύρου
3287 2847 3314 2898 6
3357 2843 3528 2909 δεξιὸς
3573 2837 3742 2915 ὦμος.

2167 2935 2324 2990 Δύνει
2347 2936 2402 2990 δὲ
2435 2937 2463 2989 6
2502 2935 2765 3008 Προκύων
2792 2936 2850 2990 ὲν
2879 2942 2918 2989 ε’
2951 2936 3106 3006 μέρει
3132 2935 3303 3007 ὧρας.

2237 3029 2346 3099 Τῆς
2379 3027 2436 3080 δὲ
2474 3027 2700 3100 Ἀργοῦς
2733 3027 3012 3099 δυνούσης,
3051 3028 3442 3097 συγκαταδύνει
3483 3029 3580 3100 μὲν
3607 3029 3744 3100 αὐτῇ

2167 3119 2196 3172 6
2221 3117 2481 3184 ζωδιακὸς
2643 3115 2814 3189 Κριοῦ
2847 3117 2955 3188 μοι.
2991 3125 3064 3182 ις’
3093 3118 3197 3182 ἕως
3235 3099 3495 3190 Διδύμων
3513 3119 3622 3190 μοί.
3655 3099 3744 3190 ιη’ζ

501 3209 580 3262 eri
633 3209 703 3262 17
741 3209 812 3266 ad
843 3209 1018 3267 Libra!
1057 3213 1109 3267 5.
1154 3211 1332 3268 Prima
1368 3215 1570 3270 occidit
1611 3216 1967 3286 lucidissima,
2015 3227 2069 3276 et

2173 3211 2494 3281 μεσουρανεῖ
2517 3209 2573 3262 δὲ
2599 3209 2706 3264 ἀπὺ
2721 3207 2996 3280 Καρκίνου
3029 3210 3136 3280 μοί.
3183 3210 3246 3274 ιζ’
3269 3210 3375 3275 ἕως
3401 3211 3595 3280 Χηλῶν
3636 3211 3745 3282 μοί.

502 3301 900 3358 australissima
929 3309 1138 3366 fearum
1170 3321 1290 3376 qum
1331 3319 1459 3361 sunt
1498 3307 1554 3362 in
1585 3305 1823 3366 Temone
1853 3329 1866 3364 :
1901 3327 2066 3382 quam

501 3393 752 3450 nonnulli
805 3393 1084 3450 Canobum
1149 3397 1460 3465 nominant,
1516 3399 1729 3466 ultima,
1797 3402 2069 3457 horealior

500 3499 712 3549 carum,
749 3501 871 3557 quae
903 3493 1032 3542 sunt
1065 3487 1122 3541 in
1151 3490 1315 3544 malo.
1343 3489 1660 3546 Culminant
1687 3509 1752 3548 ex
1787 3494 1910 3552 aliis
1945 3497 2072 3550 stel-
2109 3521 2111 3524 -

501 3577 592 3640 lis,
619 3578 777 3634 initio
811 3579 1028 3648 quidem
1059 3581 1355 3637 australior
1385 3583 1826 3640 antecedentium
1856 3603 2070 3654 earum,

501 3683 624 3740 quae
667 3675 796 3724 sunt
841 3669 896 3724 in
939 3669 1138 3727 Leonis
1180 3674 1378 3743 capite,
1429 3675 1755 3737 semicubito
1785 3677 1900 3733 fere
1933 3681 2072 3736 citra

503 3760 866 3814 meridianum
903 3763 1082 3831 posita
1115 3781 1130 3818 :
1163 3771 1217 3818 et
1240 3781 1364 3834 qua:
1403 3767 1460 3820 in
1499 3768 1626 3822 colli
1657 3767 1824 3841 Hydri
1865 3773 2072 3840 radice,

503 3867 710 3920 parva;
766 3853 968 3907 ultima:
1014 3853 1316 3910 culminant
1350 3872 1472 3926 qua:
1516 3859 1572 3912 in
1609 3867 1854 3916 extrema
1903 3865 2076 3919 cauda

506 3951 636 4000 sunt
659 3944 882 4014 majoris
907 3945 1059 4002 Ursae
1087 3967 1100 4002 :
1127 3955 1181 4004 et
1197 3949 1471 4005 borealior
1497 3967 1684 4006 earum
1713 3967 1836 4024 qum
1861 3964 1989 4012 sunt
2019 3958 2076 4013 in

508 4035 734 4090 sinistro
757 4034 890 4103 pede
915 4035 1119 4102 Bootae,
1147 4037 1478 4093 semicubito
1502 4039 1723 4096 circiter
1747 4043 2078 4100 antecedens

507 4128 891 4193 meridianum,
917 4144 1016 4184 nec
1038 4145 1146 4184 non
1169 4145 1290 4200 quae
1309 4130 1362 4184 in
1390 4139 1632 4187 extrema
1661 4131 1828 4204 Hydri
1855 4136 2026 4190 cauda
2061 4153 2073 4189 :

507 4227 622 4274 tum
667 4219 926 4276 Centauri
979 4221 1171 4277 dexter
1215 4223 1495 4290 humerus,
1546 4226 1824 4296 paululum
1864 4239 2080 4286 antece-

507 4313 644 4372 dens
674 4313 1058 4371 meridianum.
1085 4313 1298 4372 Occidit
1319 4315 1465 4388 Argo
1495 4318 1714 4375 circiter
1739 4320 1890 4377 horis
1919 4323 1974 4378 5.

2169 3308 2228 3355 ε’.
2253 3301 2364 3355 Καὶ
2392 3307 2440 3353 α’
2477 3300 2576 3370 μὲν
2605 3301 2781 3371 ἀστὴρ
2807 3299 2954 3354 δύνει
2980 3302 3007 3353 6
3031 3301 3414 3372 λαμπρότατος
3435 3303 3529 3355 καὶ
3559 3301 3748 3356 νοτιώ-

2168 3411 2326 3456 τατος
2355 3391 2462 3445 τῶν
2489 3393 2544 3444 tv
2587 3391 2664 3461 τῷ
2695 3390 2964 3462 Πηδαλίῳ,
2995 3392 3054 3445 ὃν
3102 3410 3243 3455 τινες
3291 3393 3550 3446 Κάνωϐον
3585 3411 3752 3465 προσ·-

2170 3483 2557 3554 αγορεύουσιν·
2604 3482 2830 3553 ἔσχατος
2893 3482 2950 3535 δὲ
2985 3483 3015 3535 6
3055 3481 3387 3555 βορειότερος
3429 3483 3538 3536 τῶν
3584 3485 3642 3537 tv
3672 3484 3753 3554 τῷ

2175 3574 2325 3646 ἱστῷ.
2357 3575 2768 3646 Μεσουρανοῦσι
2795 3573 2851 3626 δὲ
2870 3573 2978 3626 τῶν
3001 3573 3174 3627 ἄλλων
3197 3575 3440 3644 ἀστέρων
3472 3575 3530 3630 ὲν
3565 3575 3663 3646 μὲν
3683 3579 3750 3646 τῇ

2172 3667 2317 3738 ἀρχῇ
2350 3665 2443 3720 τοῦ
2469 3665 2694 3730 Λέοντος
2727 3665 2836 3718 τῶν
2859 3667 2918 3720 tv
2937 3669 3000 3737 τῇ
3029 3666 3236 3738 κεφαλῇ
3259 3669 3288 3720 6
3311 3665 3526 3720 νπιὼτε
3534 3685 3624 3738 ρος
3647 3667 3753 3720 τῶν

2173 3759 2512 3831 ἡγουμένων,
2535 3759 2610 3822 ὡς
2630 3758 2930 3830 ήμιπήχιον
2969 3757 3392 3830 ὑπολειπόμενος
3427 3757 3523 3812 τοῦ
3549 3775 3756 3830 μεσημ-

2173 3849 2380 3922 ϐρινοῦ,
2418 3849 2624 3904 καὶτοῦ
2655 3849 2852 3923 ’Υδρου
2883 3852 2912 3904 6
2947 3851 3085 3920 μετά
3101 3851 3198 3922 τὴν
3231 3849 3458 3919 ἔκφυσιν
3487 3849 3582 3904 τοῦ
3617 3868 3754 3919 τρα-

2177 3941 2342 4014 χήλου
2382 3941 2604 4013 μικρός’
2639 3940 2859 4013 ἔσχατοι
2907 3943 2966 3996 δὲ
3007 3943 3395 4014 μεσουρανοῦσι
3434 3943 3534 4014 τῆς
3565 3961 3623 3996 τε
3657 3961 3756 4014 με-

2177 4035 2350 4107 γάλης
2387 4034 2623 4105 ’Ἄρκτου
2655 4037 2705 4088 οἱ
2739 4037 2796 4088 tv
2837 4033 2982 4107 ἄκρᾳ
3005 4039 3072 4106 τῇ
3105 4037 3262 4108 οὐρᾷ,
3289 4037 3384 4089 καὶ
3420 4035 3514 4090 τοῦ
3543 4035 3755 4090 Βοώτου

2180 4129 2209 4180 6
2236 4125 2570 4198 βορειότερος
2605 4125 2716 4180 τῶν
2763 4128 2821 4180 tv
2851 4126 2928 4197 τῷ
2969 4129 3240 4198 ἀριστερῷ
3269 4127 3411 4192 ποδὶ,
3451 4127 3758 4200 ὡςήμιπή-

2181 4231 2297 4288 χιον
2337 4215 2744 4288 προηγούμενος
2777 4216 2869 4269 τοῦ
2919 4217 3291 4290 μεσημϐρινοῦ
3315 4219 3406 4272 καὶ
3433 4217 3526 4272 τοῦ
3557 4219 3756 4290 ’Υδρου

2182 4312 2212 4364 6
2261 4311 2319 4363 tv
2368 4309 2512 4381 ἄκρᾳ
2567 4311 2633 4380 τῇ
2680 4309 2846 4382 οὐρᾷ·
2881 4311 2972 4364 καὶ
3025 4309 3118 4364 τοῦ
3157 4310 3466 4383 Κενταύρου
3511 4311 3539 4362 6
3585 4309 3758 4376 δεξιὸς

2183 4394 2353 4470 ὦμος,
2393 4401 2586 4472 μικρὸν
2617 4401 3026 4472 προηγούμενος
3055 4401 3148 4454 τοῦ
3181 4399 3572 4474 μεσημϐρινοῦ.
3603 4400 3756 4454 Δύνει

2185 4494 2242 4547 δὲ
2271 4495 2304 4564 ἡ
2337 4491 2518 4564 Ἀργὼ
2546 4494 2603 4546 tv
2629 4491 2800 4564 ὥραις
2820 4499 2860 4545 ε’
2888 4493 2964 4556 ὡς
2987 4491 3228 4560 ἔγγιστα.

1577 4611 1655 4668 De
1685 4621 1803 4668 ortu
1832 4621 1882 4668 et
1921 4630 2112 4670 occasu
2153 4615 2425 4685 signorum
2457 4613 2683 4669 zodiaci.

583 4731 712 4788 Vlll.
735 4729 1012 4802 Expositis
1031 4729 1300 4787 hactenus
1317 4728 1405 4796 iis,
1429 4745 1550 4801 quae
1570 4730 1625 4786 in
1639 4730 2072 4804 uniuscujusque

2251 4733 2334 4786 H'.
2366 4731 2518 4784 Ἐπεὶ
2549 4729 2607 4783 δὲ
2647 4730 2756 4783 τῶν
2793 4728 2948 4792 ἐκτὸς
2980 4727 3073 4782 τοῦ
3108 4727 3369 4792 ζωδιακοῦ
3411 4725 3608 4780 κύκλου
3643 4743 3758 4780 κει-

513 4826 710 4882 sideris
767 4833 922 4880 extra
975 4823 1258 4878 zodiacum
1333 4822 1500 4892 positi
1572 4831 1696 4878 ortu
1766 4839 2078 4895 occasuque

512 4917 810 4981 accidunt,
863 4916 1122 4984 deinceps
1175 4912 1463 4970 duodecim
1527 4916 1738 4972 zodiaci
1795 4916 2076 4988 signorum

513 5015 736 5064 coortus
762 5014 815 5062 et
839 5019 1069 5060 occasus
1095 5003 1508 5074 explicabimus.

579 5099 747 5172 Igitur
785 5097 998 5153 oriente
1039 5095 1272 5164 Cancro,
1303 5111 1426 5152 eum
1455 5112 1522 5152 eo
1551 5097 1808 5153 zodiacus
1843 5096 2020 5152 oritur
2050 5111 2080 5151 a

513 5193 865 5248 Geminorum
915 5195 1068 5259 parte
1109 5187 1182 5244 25
1225 5189 1294 5243 ad
1337 5189 1536 5244 Cancri
1583 5189 1689 5256 18;
1750 5189 2012 5243 culminat
2050 5205 2082 5244 a

515 5283 753 5336 Piscium
783 5279 818 5336 5
842 5277 910 5334 ad
939 5278 1142 5334 Arietis
1173 5279 1198 5331 1
1231 5278 1488 5333 mediam.
1512 5277 1671 5332 Prior
1697 5277 1873 5333 oritur
1899 5281 2084 5344 stella,

519 5371 674 5444 137
692 5385 812 5440 quae
833 5369 888 5423 in
912 5377 1156 5424 extrema
1181 5367 1344 5423 borea
1363 5367 1529 5422 Chela
1549 5385 1565 5433 ;
1585 5367 1774 5421 ultima
1795 5383 1944 5432 vero,
1962 5383 2082 5438 quae

515 5464 570 5516 in
601 5461 942 5518 extremitate
971 5460 1228 5516 australis
1253 5458 1454 5514 Chelae.
1483 5458 1757 5514 Culminat
1799 5475 1928 5516 vero
1957 5463 2084 5516 relio

517 5554 640 5623 quis
674 5569 705 5608 e
739 5553 912 5608 stellis
944 5552 1094 5622 prior
1123 5550 1328 5612 lucida,
1356 5565 1477 5620 quae
1522 5559 1605 5606 est
1634 5551 1691 5605 in
1726 5551 2086 5608 Andromeda:

518 5645 691 5713 capite
725 5661 737 5696 :
771 5645 1068 5700 novissima
1091 5657 1220 5698 vero
1240 5643 1548 5713 praecedens
1569 5643 1870 5699 lucidarum
1897 5643 2082 5710 trium,

519 5751 640 5801 quae
693 5745 822 5790 sunt
877 5735 932 5789 in
987 5735 1189 5789 Arietis
1247 5736 1445 5806 capite.
1495 5745 1548 5790 ct
1593 5751 1622 5788 a
1675 5735 1900 5791 meridie
1953 5738 2085 5790 Celo

523 5826 798 5896 adiacens,
873 5827 1022 5884 circa
1077 5826 1314 5882 medium
1383 5843 1582 5900 corpus
1641 5828 1835 5898 ipsius,
1889 5843 2084 5900 expers

2183 4822 2358 4894 μένων
2385 4819 2632 4891 ἀστέρων
2665 4819 3084 4892 ἀποδεδώκαμεν
3125 4819 3195 4873 τὰ
3232 4818 3595 4890 συμϐαίνοντα
3629 4819 3758 4890 περὶ

2181 4915 2282 4986 τὴν
2311 4913 2542 4968 ἑκάστου
2573 4911 2754 4966 αὐτῶν
2781 4912 3043 4982 ἀνατολήν
3066 4929 3124 4964 τε
3142 4911 3235 4964 καὶ
3260 4910 3429 4974 δύσιν,
3463 4908 3590 4978 ἑξῆς
3615 4911 3756 4962 ἁπο-

2179 5003 2424 5074 δὼσομεν
2455 5001 2552 5065 τὰς
2585 5001 2764 5056 αὐτῶν
2807 5001 2915 5055 τῶν
2961 5001 3026 5072 ιβ’
3055 5001 3258 5064 {motum
3297 4998 3660 5062 συνανατολάς
3695 5017 3757 5052 τε

2181 5094 2277 5148 καὶ
2309 5093 2758 5161 συγκαταδύσεις.

2255 5185 2362 5239 Τοῦ
2395 5185 2493 5256 μὲν
2522 5181 2612 5239 οὖν
2641 5187 2918 5258 Καρκίνου
2947 5183 3349 5246 ἀνατέλλοντος,
3383 5179 3758 5236 συνανατέλλει

2187 5279 2286 5350 μὲν
2313 5277 2461 5348 αὐτῷ
2511 5279 2540 5332 6
2584 5278 2846 5343 ζωδιακὸς
2891 5277 2998 5330 ἀπὸ
3039 5275 3282 5346 Διδύμων
3333 5281 3380 5342 γ’
3417 5273 3513 5328 καὶ
3563 5280 3608 5326 κ’
3643 5272 3752 5344 μοί.

2181 5371 2286 5434 ἕως
2327 5371 2601 5442 Καρκίνου
2639 5377 2730 5440 ιη”
2767 5369 3090 5440 μεσουρανεῖ
3107 5367 3164 5420 δὲ
3193 5365 3300 5420 ἀπὸ
3337 5365 3552 5436 Ἰχθύων
3577 5371 3618 5418 ε’
3651 5363 3757 5426 ἕως

2183 5461 2358 5534 Κριοῦ
2401 5469 2448 5516 α’
2495 5463 2686 5532 μέσης.
2731 5462 2842 5514 Καὶ
2881 5466 2928 5512 α’
2974 5459 3072 5529 μὲν
3117 5457 3291 5529 ἀστὴρ
3333 5457 3610 5512 ἀνατέλλει
3641 5455 3672 5507 6
3698 5455 3758 5506 ὲν

2185 5555 2330 5625 ἄκρᾳ
2357 5557 2422 5626 τῇ
2468 5553 2662 5624 βορείῳ
2687 5553 2861 5622 Χηλῇ,
2892 5551 3116 5620 ἔσχατος
3157 5549 3214 5601 δὲ
3245 5551 3273 5602 6
3308 5550 3366 5602 tv
3401 5547 3546 5618 ἄκρᾳ
3573 5547 3639 5612 τῇ
3673 5560 3760 5595 νο-

2189 5643 2278 5716 τιᾳ
2315 5644 2484 5714 Χηλῇ.
2525 5645 2862 5713 Μεσουρανεῖ
2890 5641 2945 5695 δὲ
2971 5641 3080 5695 τῶν
3113 5640 3282 5696 ἄλλων
3312 5637 3556 5708 ἀστέρων
3577 5641 3624 5688 α’
3659 5632 3760 5703 μὲν

2188 5738 2217 5789 6
2247 5739 2304 5792 tv
2331 5741 2396 5808 τῇ
2429 5736 2634 5806 κεφαλῇ
2691 5737 2787 5808 τῆς
2823 5735 3172 5810 Ἀνδρομέδας
3211 5732 3493 5802 λαμπρὸς,
3534 5727 3760 5797 ἔσχατος

2187 5829 2243 5884 δὲ
2273 5829 2366 5883 τοῦ
2410 5847 2468 5882 τε
2511 5827 2682 5898 Κριοῦ
2733 5829 2841 5882 τῶν
2895 5830 2950 5882 tv
2991 5830 3057 5898 τῇ
3105 5825 3310 5895 κεφαλῇ
3345 5831 3390 5892 γ’
3437 5819 3702 5893 λαμπρῶν
3729 5816 3763 5873 ὁ
