4106 6466
353 388 484 446 HQ!
1340 374 1711 432 lllPPARCHl
1750 374 1842 430 AD
1880 375 1957 431 PH

2055 374 2329 432 NOMENA
2368 376 2494 432 LIB.
2536 377 2624 435 Ill.
3490 377 3632 436 112⁸4

353 506 673 579 ἡγούμενος,
725 501 819 555 καὶ
860 500 935 565 ὡς
984 498 1119 571 πρὸς
1162 495 1512 568 μεσημϐρίαν
1555 495 1806 567 κείμενος
1844 496 1937 550 τοῦ

2055 497 2303 561 nominis,
2337 507 2390 553 et
2424 497 2605 553 lucida
2641 519 2653 553 :
2690 500 2818 555 item
2860 498 3152 556 australior
3189 495 3626 567 succedentium,

354 599 586 670 Κήτους,
613 591 755 648 κατά
788 591 951 663 μέσον
989 588 1153 643 αὑτοῦ
1183 588 1245 641 τὸ
1279 588 1458 660 σῶμα,
1503 588 1942 659 ἀκατονόμαστος

2055 607 2169 662 qua:
2195 593 2251 647 in
2282 592 2549 648 laterculo
2595 592 2758 648 Ccti:
2809 609 2911 649 nec
2949 610 3058 649 non
3105 608 3202 665 pcs
3246 592 3472 649 sinister
3517 591 3632 646 An-

354 691 449 745 καὶ
480 687 729 760 λαμπρός
748 702 763 716 ο
790 685 884 739 καὶ
927 683 1037 738 τῶν
1088 683 1146 736 ἐν
1179 681 1256 753 τῷ
1285 681 1678 754 τετραπλεύρῳ
1703 680 1798 734 τοῦ
1827 683 1943 752 Κή-

2055 683 2335 750 ιίιυοηιεᾶωζ
2364 685 2647 755 paululum
2676 685 2813 740 citra
2856 686 3218 742 meridianum
3250 686 3410 743 situs.
3441 683 3633 740 Oritur

357 797 479 844 τους
503 782 533 834 6
557 775 875 847 νοτιώτερος
904 774 1014 829 τῶν
1053 772 1366 844 ἑπομένων
1392 771 1489 825 καὶ
1519 772 1619 843 τῆς
1662 770 1945 843 Ἀνδρομέ-

2055 771 2261 829 Cancer
2290 774 2425 829 hora
2456 775 2510 837 1,
2537 783 2591 830 et
2613 774 2685 829 24
2712 783 2891 846 parte.

354 876 448 940 δας
492 877 522 928 6
562 872 848 948 ἀριστερὸς
898 869 1066 936 ποῦς,
1123 868 1316 940 μικρὸν
1375 866 1799 938 ὑπολειπόμενος
1835 865 1931 920 τοῦ
1974 869 2370 941 μεσημϐρινοῦ.
2414 870 2719 924 Ἀνατέλλει
2749 871 2807 925 δὲ
2842 872 2870 925 6
2899 870 3173 943 Καρκίνος
3195 870 3255 925 ὲν
3280 868 3400 944 ὥρα
3426 866 3498 937 α’,
3538 870 3634 924 καλ⁵

357 976 404 1025 κ’
426 972 521 1024 καὶ
545 969 586 1023 6'
623 967 800 1040 μέρει.

429 1062 601 1116 Ὅταν
630 1061 687 1114 δὲ
708 1061 738 1113 6
763 1058 915 1114 Λέων
947 1055 1234 1129 ἀνατέλλῃ,
1266 1053 1646 1109 συνανατέλλει
1672 1054 1770 1125 μὲν
1795 1052 1946 1125 αὑτῷ

356 1157 385 1210 ὁ
409 1152 673 1220 ζωδιακὸς
700 1153 808 1208 ἀπὸ
841 1151 1121 1222 Καρκίνου
1163 1149 1276 1221 μοι.
1302 1154 1353 1218 η’
1384 1146 1560 1219 μέσης
1583 1146 1695 1212 ’ἐως-
1716 1146 1948 1210 Λέοντος

363 1247 427 1302 ιθ¹
460 1245 630 1318 μέσης
649 1262 662 1277 ·
701 1245 1025 1318 μεσουρανεῖ
1049 1241 1107 1296 δὲ
1135 1240 1242 1296 ἀπὸ
1274 1238 1497 1311 Ἰχθύων
1524 1245 1573 1292 κ’
1596 1239 1700 1302 ἓως
1733 1237 1947 1310 Ταύρου

362 1336 429 1407 ιβ’
463 1337 653 1408 μέσης.
687 1336 800 1389 Kal.
830 1340 879 1388 a'
918 1333 1016 1405 μὲν
1059 1331 1235 1404 ἀστὴρ
1272 1329 1550 1385 ἀνατέλλει
1596 1329 1703 1383 τῶν
1748 1330 1840 1383 ἐπὶ
1881 1331 1948 1401 τῇ

361 1431 571 1503 κεφαλῇ
601 1431 630 1483 6
681 1429 1020 1501 βορειότερος
1070 1424 1179 1479 τῶν
1223 1425 1566 1497 ἡγουμένων,
1612 1423 1840 1495 ἔσχατος
1888 1422 1945 1476 δὲ

360 1524 468 1579 τῶν
495 1526 553 1577 ὲν
574 1525 688 1587 τοῖς
712 1521 980 1586 ὀπισθίοις
1006 1521 1154 1576 ποσί.
1188 1521 1534 1592 Μεσουρανεί
1558 1517 1615 1571 δὲ
1639 1517 1744 1571 τῶν
1772 1516 1948 1579 ἄλλων

359 1616 609 1688 ἀστέρων
666 1613 715 1669 α’
770 1614 871 1687 μὲν
927 1614 1027 1685 τῆς
1077 1631 1137 1667 τε
1187 1611 1548 1684 Ἀνδρομέδας
1601 1612 1631 1664 6
1683 1609 1949 1681 ἑπόμενος

360 1707 469 1762 τῶν
492 1709 551 1762 ὲν
584 1709 651 1779 τῇ
682 1704 850 1779 ζώνῃ,
880 1707 974 1760 καὶ
999 1704 1095 1759 τοῦ
1143 1706 1200 1759 ὲν
1232 1702 1311 1776 τῷ
1339 1704 1514 1776 Κήτει
1541 1700 1947 1775 τετραπλεύρου

360 1803 388 1854 ὁ
433 1798 768 1871 βορειότερος
816 1797 929 1851 τῶν
988 1795 1301 1867 ἑπομένωνο
1344 1794 1572 1865 ἔσχατος
1622 1793 1679 1847 δὲ
1731 1793 1842 1847 τῶν
1888 1810 1947 1845 τε
1981 1837 2022 1892 Β

373 1891 580 1970 Ὑριδων
624 1891 653 1943 6
684 1888 1063 1960 λαμπρότατος
1084 1905 1096 1918 ’
1132 1886 1228 1941 καὶ
1265 1885 1358 1939 τοῦ
1398 1884 1643 1956 Ἦνιόχου
1699 1887 1728 1939 6
1770 1886 1829 1939 ἐν
1866 1884 1945 1954 τῷ

365 1979 638 2055 ἀριστερῷ
682 1978 913 2048 ἀγκῶνι,
948 1979 1023 2043 ὥς
1067 1979 1365 2050 ήμιπήχιον
1400 1976 1827 2048 ὑπολειπόμενος
1856 1974 1949 2029 τοῦ

366 2072 760 2145 μεσημϐρινοῦ.
796 2069 1102 2126 Ἀνατέλλει
1138 2071 1194 2125 δὲ
1225 2073 1253 2124 6
1282 2069 1435 2126 Λέων
1468 2069 1526 2124 ὲν
1560 2068 1731 2142 ὥραις
1775 2075 1823 2138 γ’
1856 2068 1953 2123 καὶ

361 2165 402 2218 δ’
440 2164 616 2235 μέρει.

432 2256 545 2328 Τῆς
570 2255 627 2309 δὲ
661 2254 939 2328 Παρθένου
981 2252 1401 2324 ἀνατελλούσης,
1437 2253 1819 2309 συνανατέλλει
1851 2253 1955 2325 μὲν

365 2326 509 2418 αὐτῇ
534 2348 562 2399 6
585 2326 847 2409 ζωδιακὸς
881 2344 991 2398 ἀπὸ
1025 2344 1256 2407 Λέοντος
1289 2343 1402 2414 μοί.
1434 2342 1481 2415 β’
1509 2344 1604 2399 καὶ
1632 2350 1681 2397 κ’
1709 2343 1815 2408 ἓως
1841 2345 1957 2416 Χη-

361 2438 470 2491 λῶν
499 2444 581 2508 τιν’
611 2438 937 2509 μεσουρανεῖ
960 2435 1016 2489 δὲ
1042 2435 1152 2489 ἀπὸ
1176 2435 1391 2507 Ταύρου
1422 2436 1533 2508 μοί.
1560 2442 1619 2490 ιε’
1652 2437 1826 2508 μέσης
1852 2436 1957 2501 ἕως

364 2530 640 2603 Καρκίνου
674 2529 738 2584 θ’.
774 2528 887 2582 Καὶ
925 2534 971 2580 α’
1006 2527 1106 2600 μὲν
1136 2527 1314 2599 ἀστὴρ
1342 2528 1623 2583 όυατέλλει
1662 2528 1771 2583 τῶν
1803 2529 1861 2582 ὲν
1885 2530 1953 2600 τῇ

363 2622 572 2696 κεφαλῇ
604 2623 633 2675 6
668 2620 1007 2695 βορειότερος
1053 2618 1148 2673 τοῦ
1196 2618 1526 2691 ἡγουμένου,
1570 2619 1799 2691 ἔσχατος
1836 2620 1894 2674 δὲ
1925 2620 1954 2673 6

364 2719 422 2770 ὲν
455 2715 532 2784 τῷ
559 2712 717 2785 δεξιῷ
750 2713 892 2769 ποδί.
926 2713 1270 2784 Μεσουρανεῖ
1308 2710 1365 2765 δὲ
1406 2711 1517 2765 τῶν
1558 2711 1734 2765 ἀλλων
1765 2718 1815 2765 α’
1855 2712 1954 2783 μὲν

362 2808 458 2862 τοῦ
492 2807 737 2879 Ἡνιόχου
773 2807 803 2860 6
841 2805 935 2858 ἐπὶ
985 2801 1081 2858 τοῦ
1131 2802 1424 2876 ἀριστεροῦ
1478 2800 1630 2874 ὥμου
1679 2802 1952 2875 λαμπρὸς,

364 2899 591 2970 ἔσχατος
621 2896 678 2950 δὲ
699 2896 799 2967 τῆς
821 2913 882 2948 τε
927 2892 1156 2966 Ἀργοῦς
1184 2895 1213 2947 6
1248 2895 1306 2948 έν
1346 2892 1425 2965 τῷ
1449 2892 1785 2966 ἀκροστολίῳ
1813 2892 1947 2964 λαμ-

367 2993 502 3064 πρός
522 3009 534 3021 ·
572 2990 667 3045 καὶ
703 2987 798 3042 τοῦ
827 2987 1032 3059 ’Ύδρου
1064 2988 1093 3040 6
1125 2985 1464 3058 βορειότερος
1504 2985 1615 3039 τῶν
1646 2987 1704 3040 ὲν
1733 2984 1812 3057 τῷ
1853 2985 1981 3057 χά-·

369 3102 556 3157 σματι,
585 3081 1009 3152 ὑπολειπόμενος
1057 3078 1154 3132 τοῦ
1203 3077 1580 3151 μεσημϐρινοῦ
1620 3079 1696 3144 ὡς
1737 3080 1949 3151 ἡμιπή-

367 3193 502 3248 χιον.
541 3172 857 3228 ’Ἀνατέλλει
884 3171 942 3226 δὲ
977 3173 1012 3244 ἡ
1055 3170 1334 3244 Παρθένος
1357 3173 1416 3225 ὲν
1441 3171 1613 3245 ὥραις
1637 3179 1685 3243 γ’
1708 3173 1803 3226 καὶ
1832 3173 1953 3228 τέσ-
1980 3171 2023 3232 C

369 3285 531 3340 σαρσι
557 3263 1020 3338 πεμπτημορίοις.

437 3360 512 3413 Θ’.
545 3359 713 3413 Ὅταν
758 3357 815 3413 δὲ
851 3357 908 3410 αἱ
943 3354 1121 3427 Χηλαὶ
1169 3354 1531 3423 ἀνατέλλωσι,
1578 3356 1954 3412 συνανατέλλει

371 3450 472 3522 μὲν
522 3448 713 3511 αὑταῖς
753 3447 784 3500 6
841 3443 1105 3510 ζωδιακὸς
1167 3445 1275 3499 ἀπὸ
1324 3444 1521 3516 Χηλῶν
1567 3446 1680 3518 μοί.
1733 3444 1807 3512 ις’
1849 3446 1956 3511 ἕως

369 3539 638 3612 Σκορπίου
673 3537 784 3610 μοι.
823 3543 924 3603 ις’·
957 3538 1285 3609 μεσουρανεῖ
1325 3536 1384 3590 δὲ
1431 3536 1541 3591 ἀπὸ
1578 3537 1953 3611 Καρκίνουιη¹

366 3632 473 3697 ἓως
498 3631 729 3694 Λέοντος
760 3635 848 3684 ια’.
878 3629 988 3681 Καὶ
1009 3627 1057 3681 α’
1082 3628 1180 3699 μὲν
1209 3627 1382 3700 ἀστὴρ
1408 3628 1689 3684 ἀνατέλλει
1721 3631 1750 3684 6
1772 3629 1957 3685 νοτιῶ-

366 3741 525 3797 τερος
549 3721 657 3777 τῶν
698 3723 757 3777 ὲν
787 3721 986 3792 ἄκραις
1030 3723 1150 3785 ταῖς
1181 3720 1388 3793 Χηλαῖς
1424 3720 1697 3794 λαμπρὸς,
1730 3722 1958 3795 ἔσχατος

366 3817 423 3871 δὲ
456 3819 485 3870 6
516 3813 839 3878 νοτιώτατος
884 3812 995 3867 τῶν
1032 3814 1091 3867 ὲν
1137 3812 1216 3885 τῷ
1244 3811 1484 3885 μετώπῳ
1527 3814 1620 3868 τοῦ
1658 3816 1954 3888 Σκορπίου.

369 3910 708 3980 Μεσουρανεῖ
738 3905 796 3961 δὲ
820 3904 929 3959 τῶν
961 3905 1137 3960 ἄλλων
1175 3904 1423 3977 ἀστέρων
1448 3913 1497 3961 α’
1533 3906 1634 3978 μὲν
1662 3907 1773 3963 τῶν
1801 3910 1859 3964 ὲν
1888 3913 1956 3983 τῇ

369 4001 581 4074 κεφαλῇ
613 3998 709 4054 τοῦ
761 3998 988 4062 Λέοντος
1035 4000 1065 4053 6
1105 3997 1426 4073 νοτιώτερος
1464 3999 1573 4055 τῶν
1613 4002 1955 4075 ἡγουμένων,

370 4092 467 4148 καὶ
488 4084 590 4163 τῆς
626 4090 854 4163 Ἀργοῦς
876 4090 905 4143 6
927 4087 1264 4163 βορειότερος
1284 4089 1391 4143 τῶν
1420 4092 1477 4145 ὲν
1501 4091 1652 4164 μέσῳ
1684 4092 1762 4165 τῷ
1787 4095 1919 4166 ἱστῷ
1939 4113 1953 4126 ·

370 4183 596 4254 ἔσχατος
626 4180 683 4234 δὲ
715 4179 808 4234 τοῦ
835 4179 1064 4242 Λέοντος
1084 4179 1113 4232 ό
1139 4178 1407 4248 ἑπόμενος
1439 4178 1551 4232 τῶν
1581 4181 1640 4232 ὲν
1689 4178 1766 4251 τῷ
1803 4179 1959 4253 νώτῳ

374 4276 416 4346 β’
439 4276 704 4347 ἀστέρων.
751 4272 1129 4327 ’Λνατέλλουσι
1151 4270 1209 4325 δὲ
1241 4273 1299 4324 αἱ
1335 4271 1512 4342 Χηλαὶ
1548 4276 1607 4329 ὲν
1642 4273 1762 4348 ὥρᾳ
1787 4276 1836 4330 α’
1864 4277 1958 4332 καὶ

371 4374 420 4437 γ’
462 4364 928 4439 πεμπτημορίοις.

442 4455 548 4509 Τοῦ
593 4455 650 4509 δὲ
701 4455 971 4529 Σκορπίρυ
1015 4454 1414 4522 ἀνατέλλοντος,
1441 4457 1818 4512 συνανατέλλει
1859 4460 1958 4529 μὲν

2114 1050 2250 1107 Cum
2278 1051 2460 1109 Leone
2502 1054 2827 1110 conscendit
2857 1054 3115 1111 zodiacus
3165 1071 3196 1111 a
3241 1056 3444 1111 Cancri
3476 1065 3635 1128 parte

2052 1142 2085 1198 8
2142 1144 2323 1200 media
2369 1146 2436 1200 ad
2472 1146 2673 1203 Leonis
2717 1147 2785 1203 l9
2836 1149 3115 1214 mediam;
3163 1149 3427 1204 culminat
3467 1164 3497 1202 a
3541 1148 3635 1204 Pi-

2047 1234 2224 1291 scium
2267 1235 2340 1291 20
2371 1236 2439 1291 ad
2487 1236 2655 1292 Tauri
2687 1238 2754 1292 12
2791 1238 3047 1294 mediam.
3100 1237 3258 1294 Prior
3303 1239 3462 1294 stella
3498 1254 3636 1294 con-

2049 1327 2225 1397 surgit
2259 1329 2721 1398 antecedentium,
2752 1345 2875 1401 quae
2929 1338 3059 1385 sunt
3110 1331 3164 1385 in
3205 1329 3409 1401 capite,
3444 1330 3634 1385 borea-

2050 1420 2187 1486 lior;
2217 1429 2496 1491 postrema
2523 1438 2656 1479 vero
2687 1438 2876 1479 earum
2902 1439 3024 1495 quae
3057 1431 3187 1480 sunt
3220 1424 3276 1478 in
3310 1423 3633 1495 posteriori-

2048 1513 2152 1569 bus
2176 1513 2407 1584 pedibus
2440 1554 2453 1567 .
2492 1554 2507 1569 .
2543 1559 2557 1571 .
2598 1557 2614 1571 .
2648 1515 2728 1571 Ex
2766 1517 2892 1574 aliis
2923 1518 3100 1574 stellis
3127 1517 3397 1573 culminat
3452 1517 3633 1591 prima

2051 1607 2355 1664 succedens
2397 1623 2610 1678 carum,
2647 1625 2768 1681 qua:
2809 1618 2941 1666 sunt
2968 1612 3022 1665 in
3062 1610 3424 1667 Andromedae
3457 1626 3631 1676 zona,
3686 1608 3692 1613 ’

2051 1706 2107 1755 et
2139 1699 2413 1756 horealior
2444 1701 2854 1758 succedentium
2887 1703 2944 1758 in
2973 1703 3094 1760 Ceti
3114 1703 3414 1773 laterculo;
3441 1703 3634 1759 ultima

2052 1806 2201 1856 vero,
2250 1791 2595 1849 lucidissima
2647 1791 3010 1860 Sucularum,
3058 1802 3108 1850 el
3146 1810 3268 1866 quae
3308 1794 3366 1849 in
3414 1793 3634 1866 Aurigae

2056 1881 2268 1937 sinistri
2311 1882 2482 1936 cubiti
2510 1880 2675 1945 ﬂexu,
2722 1883 2881 1955 quasi
2924 1884 3249 1939 semicubito
3280 1885 3418 1939 citra
3467 1884 3633 1941 meri-

2053 1973 2277 2029 dianum
2311 1975 2512 2047 posita.
2543 1973 2731 2031 Oritur
2757 1973 2868 2032 Leo
2903 1975 3054 2032 horis
3083 1976 3138 2041 '5,
3175 1976 3274 2032 ιε’.

2126 2254 2263 2311 Cum
2294 2254 2525 2328 Virgine
2544 2256 2758 2313 zodiaci
2788 2273 2919 2330 pars
2948 2259 3145 2325 oritur,
3178 2276 3300 2331 qua;
3322 2269 3407 2318 est
3434 2277 3464 2317 a
3492 2261 3633 2319 Leo-

2056 2349 2142 2404 nis
2189 2346 2260 2402 22
2302 2348 2370 2404 ad
2419 2348 2598 2405 Libra:
2641 2350 2704 2416 8;
2748 2339 3016 2406 culminat
3067 2367 3098 2406 a
3144 2352 3323 2408 media
3369 2362 3525 2426 parte
3566 2356 3635 2412 15

2057 2435 2227 2492 Tauri
2261 2438 2329 2493 ad
2377 2438 2411 2494 9
2458 2438 2677 2495 Cancri.
2720 2439 2903 2497 Prima
2952 2443 3129 2497 oritur
3179 2459 3390 2513 earum,
3417 2461 3539 2517 quae
3577 2449 3636 2503 in

2055 2530 2235 2599 capite
2260 2539 2408 2597 sunt,
2454 2532 2811 2588 antecedente
2848 2534 3154 2602 borealior;
3184 2544 3481 2608 postrema,
3513 2554 3638 2611 quae

2055 2629 2140 2675 est
2177 2620 2233 2674 in
2273 2619 2467 2676 dextro
2496 2622 2651 2693 pede.
2685 2622 2965 2679 Culminat
2997 2634 3317 2682 caaterarum
3340 2628 3512 2699 prior,
3548 2630 3636 2684 lu-

2055 2712 2201 2776 cida,
2231 2728 2353 2783 qua:
2376 2714 2429 2767 in
2462 2713 2692 2769 sinistro
2716 2715 2949 2772 humero
2977 2726 3060 2774 est
3087 2718 3324 2791 Aurigae.
3354 2720 3638 2778 Postrema

2064 2819 2215 2871 vero,
2251 2804 2454 2872 lucida,
2484 2822 2608 2877 quae
2630 2814 2716 2862 est
2745 2806 2802 2862 in
2834 2810 3182 2885 extremitate
3207 2810 3416 2880 Navis;
3455 2820 3510 2868 et
3540 2813 3640 2868 ho-

2053 2895 2256 2952 realior
2282 2910 2499 2964 earum,
2535 2912 2660 2968 qua:
2692 2898 2750 2953 in
2792 2900 2938 2955 rictu
2968 2909 3098 2957 sunt
3126 2901 3318 2974 Hydri,
3353 2904 3640 2974 quasi-se-

2054 2988 2320 3044 micubito
2347 2989 2488 3045 citra
2531 2992 2899 3048 meridianum
2948 2994 3073 3050 sita.
3117 2994 3308 3052 Oritur
3333 2996 3500 3072 Virgo
3532 2998 3638 3055 ho-

2052 3081 2130 3136 ris
2157 3082 2210 3147 5,
2243 3081 2349 3137 68’.

2126 3346 2217 3402 IX.
2256 3348 2488 3417 Quando
2517 3350 2701 3407 Chelae
2751 3352 3029 3417 oriuntur,
3077 3369 3202 3408 cum
3250 3352 3339 3410 his
3386 3357 3637 3413 ascendit

2056 3440 2315 3498 zodiacus
2343 3457 2373 3497 a
2406 3441 2703 3499 Chelarum
2744 3453 2901 3515 parte
2927 3443 2993 3498 l6
3024 3444 3092 3498 ad
3143 3443 3356 3516 Scorpii
3385 3446 3484 3513 l6;
3518 3450 3638 3504 cul-

2056 3535 2227 3589 minat
2273 3550 2304 3591 a
2343 3536 2544 3592 Cancri
2580 3536 2669 3603 18,
2720 3537 2788 3591 ad
2836 3536 3037 3593 Leonis
3073 3540 3160 3592 ll.
3209 3537 3367 3594 Prior
3408 3542 3638 3613 emergit

2056 3629 2354 3686 australior
2381 3638 2435 3684 et
2473 3628 2654 3684 lucida
2686 3644 2900 3695 earum,
2946 3645 3070 3701 qua)
3118 3631 3172 3686 in
3208 3633 3471 3689 extremis
3507 3644 3637 3690 sunt

2056 3720 2276 3790 Chelis;
2315 3721 2509 3777 ultima
2540 3735 2672 3777 vero
2711 3736 2900 3777 earum
2933 3738 3057 3793 quae
3094 3723 3151 3778 in
3195 3723 3376 3781 fronte
3420 3724 3637 3800 Scorpii

2058 3821 2209 3878 sunt,
2257 3814 2575 3869 australior.
2633 3813 2966 3869 Caeterarum
3010 3815 3186 3885 prima
3226 3818 3494 3874 culminat
3539 3835 3640 3874 au-

2058 3906 2283 3963 stralior
2311 3904 2756 3961 antecedentium
2785 3920 2973 3979 earum
3008 3923 3134 3977 quae
3172 3917 3305 3965 sunt
3344 3909 3402 3964 in
3438 3909 3640 3970 Leonis

2059 4000 2268 4069 capite;
2301 4004 2355 4052 et
2389 3996 2666 4052 borealior
2691 4011 2882 4052 earum
2917 4010 3037 4068 quae
3066 4000 3278 4057 suntin
3311 4002 3493 4074 Argus
3524 4021 3641 4060 me-

2059 4090 2152 4146 dio
2184 4090 2374 4156 malo;
2427 4097 2729 4161 postrema,
2779 4106 2901 4162 quae
2945 4092 3001 4146 in
3052 4091 3252 4149 Leonis
3288 4093 3455 4151 dorso
3485 4104 3638 4162 sunt,

2059 4182 2293 4237 duarum
2358 4182 2643 4237 stellarum
2717 4181 3085 4254 subsequens.
3140 4182 3408 4240 Oriuntur
3454 4186 3643 4244 Chelas

2059 4274 2195 4330 hora
2227 4276 2280 4341 1,
2307 4273 2411 4330 56'.

2129 4456 2269 4512 Cum
2300 4455 2532 4527 Scorpio
2572 4455 2835 4515 zodiacus
2873 4472 2904 4512 a
2933 4468 3088 4528 parte
3118 4460 3153 4515 5
3182 4457 3396 4531 Scorpii
3430 4459 3497 4516 ad
3533 4460 3638 4517 Sa-

371 4546 521 4618 αὑπεῷ
558 4549 589 4600 6
625 4540 887 4612 ζωδιακὸς
918 4546 1025 4600 ἀπὸ
1056 4547 1328 4619 Σκορπιου
1365 4548 1475 4619 μοι.
1506 4555 1557 4619 γ’
1590 4550 1696 4615 ἕως
1728 4550 1957 4616 Τοξότου

2063 4550 2268 4621 gittarii
2295 4549 2330 4604 9
2360 4549 2648 4617 ascendit;
2681 4550 2947 4605 culminat
2979 4566 3009 4606 a
3048 4550 3248 4610 Leonis
3289 4554 3322 4609 8
3356 4553 3533 4610 media
3567 4557 3638 4612 ad

373 4640 450 4695 0"
486 4642 811 4712 μεσουρανεῖ
855 4640 911 4693 δὲ
957 4640 1066 4695 ἀπὸ
1108 4640 1337 4705 Λέοντος
1384 4643 1495 4711 μοι.
1544 4651 1593 4716 η’
1639 4645 1815 4716 μέσης
1852 4645 1957 4711 ἕως

372 4731 650 4805 Παρθένου
677 4738 763 4797 κγ’
799 4730 990 4802 μέσης.
1029 4730 1139 4785 Καὶ
1179 4738 1227 4785 α’
1262 4733 1363 4802 μὲν
1399 4732 1576 4806 ἀστὴρ
1620 4734 1897 4789 ἀνατέλλει
1929 4738 1959 4789 6

374 4826 713 4898 βορειότατος
733 4822 843 4877 τῶν
866 4824 925 4877 ὲν
953 4822 1030 4895 τῷ
1053 4822 1310 4895 μετώπῳ,
1336 4824 1564 4909 ἔσχατος
1589 4826 1646 4881 δὲ
1673 4829 1703 4881 ὁ
1725 4834 1775 4897 γ’
1798 4829 1959 4898 σφόν-

369 4922 527 4986 δυλος
560 4919 671 4975 ἀπὸ
706 4918 802 4973 τοῦ
824 4920 883 4972 ὲν
915 4917 994 4989 τῷ
1029 4919 1329 4990 Κενταύρῳ
1353 4918 1777 4994 ἀριθμούμενος,
1818 4930 1872 4988 ς’
1899 4922 1957 4976 δὲ

370 5015 446 5069 ὥν
468 5013 575 5069 τῶν
609 5012 747 5085 μετὰ
775 5011 902 5074 τοὺς
945 5011 1003 5063 ὲν
1032 5008 1110 5080 τῷ
1138 5009 1342 5081 στήθει.
1388 5014 1731 5086 Μεσουρανεί
1758 5014 1817 5068 δὲ
1846 5014 1956 5069 τῶν

370 5107 547 5161 ἄλλων
598 5104 814 5178 πρῶτος
850 5103 949 5175 μὲν
988 5102 1089 5174 τῆς
1132 5102 1375 5176 μεγάλης
1417 5106 1652 5176 Ἀρκτου
1710 5108 1740 5160 6
1775 5107 1835 5160 ὲν
1877 5105 1956 5178 τῷ

373 5199 562 5270 στήθει
584 5197 855 5269 λαμπρὸς,
894 5196 988 5249 καὶ
1018 5194 1114 5249 τοῦ
1146 5195 1347 5266 ’Ύδρου
1373 5195 1482 5250 τῶν
1519 5198 1660 5269 μετά
1695 5198 1788 5252 τὸν
1817 5199 1956 5272 λαμ-

373 5289 641 5357 πρότατον
666 5288 709 5341 6’
728 5287 838 5341 τῶν
864 5286 972 5358 πρὸ
1000 5284 1094 5340 τοῦ
1125 5285 1415 5357 Κρατῆρος
1444 5288 1474 5340 6
1497 5285 1546 5356 γ’
1572 5288 1683 5342 ἀπὸ
1713 5289 1917 5356 δύσεως
1937 5307 1950 5320 ·

372 5377 598 5449 ἔσχατος
624 5378 681 5431 δὲ
708 5379 737 5431 ὅ
762 5396 823 5432 τε
857 5377 1087 5447 Στάχυς,
1135 5376 1232 5430 καὶ
1280 5374 1373 5429 τοῦ
1416 5378 1732 5451 Κενταύρου
1767 5382 1797 5435 6
1833 5382 1956 5453 ἀρι-

373 5470 563 5540 στερὸς
598 5464 782 5541 ὦμος,
821 5469 901 5533 ὡς
939 5468 1245 5540 ήμιπήχιον
1277 5469 1690 5541 προηγούμενος
1729 5473 1823 5526 τοῦ
1860 5492 1957 5546 με-

373 5560 697 5634 σημϐρινοῦ.
743 5559 1046 5615 Ἀνατέλλει
1088 5560 1147 5612 δὲ
1196 5560 1226 5612 6
1271 5559 1539 5631 Σκορπίος
1582 5561 1641 5614 ὲν
1684 5561 1857 5633 ὥραις
1908 5570 1954 5633 γ’

370 5653 686 5718 λειπούσαις
724 5659 755 5706 ι’
788 5652 966 5725 μέρει.

441 5746 548 5801 Τοῦ
598 5746 655 5800 δὲ
696 5746 926 5812 Τοξότου
974 5746 1376 5810 ἀνατέλλοντος,
1421 5744 1801 5800 συνανατέλλει
1852 5745 1953 5815 μὲν

371 5838 517 5910 αὐτῷ
559 5843 587 5894 6
635 5838 897 5905 ζωδιακὸς
943 5840 1051 5895 ἀπὸ
1093 5840 1321 5907 Τοξότου
1370 5837 1481 5908 μοί.
1530 5845 1581 5902 ς’
1638 5838 1809 5909 μέσης
1846 5837 1950 5901 ἕως

2060 4642 2296 4698 mediam
2320 4641 2392 4697 25
2423 4640 2697 4718 Virginis.
2724 4642 2914 4698 Oritur
2937 4644 3115 4715 prima
3139 4645 3377 4704 horealis
3400 4647 3640 4705 maxime

2060 4733 2116 4788 in
2148 4733 2328 4789 fronte
2368 4734 2712 4804 positarum;
2762 4735 3062 4791 novissime
3092 4752 3223 4793 vero
3258 4738 3420 4793 tertia
3456 4747 3639 4795 verte-

2058 4825 2160 4881 bra
2184 4825 2252 4879 ab
2281 4839 2367 4889 ea,
2404 4839 2527 4894 qua:
2568 4833 2654 4879 est
2684 4823 2739 4878 in
2769 4823 3068 4890 Centauro,
3113 4836 3439 4897 numerata;
3483 4839 3637 4886 sexta

2059 4931 2225 4989 porro
2259 4916 2327 4971 ab
2359 4915 2450 4981 iis,
2484 4930 2607 4987 qua:
2640 4926 2772 4972 sunt
2803 4916 2861 4970 in
2889 4925 3134 4986 pectore.
3166 4918 3444 4975 Culminat
3473 4928 3638 4977 caete-

2058 5025 2245 5065 rarum
2291 5008 2463 5080 prior,
2508 5008 2690 5064 lucida
2729 5024 2852 5079 quae
2899 5017 2987 5065 est
3033 5011 3089 5064 in
3138 5019 3361 5081 pectore
3408 5013 3638 5084 majoris

2059 5102 2247 5172 Ursae;
2272 5112 2328 5160 et
2357 5104 2413 5158 in
2442 5102 2630 5175 Hydro
2651 5111 2894 5174 quatuor
2924 5118 2955 5158 a
2990 5104 3333 5160 lucidissima
3356 5114 3484 5162 ante
3504 5106 3639 5162 Cra-
3694 5124 3702 5131 ·

2057 5201 2230 5248 terem
2246 5194 2479 5250 sitarum
2502 5193 2572 5248 ab
2586 5192 2872 5249 occidente
2891 5194 3055 5248 tertia
3079 5211 3094 5261 ;
3117 5195 3417 5250 novissime
3436 5195 3599 5267 Spica
3617 5240 3633 5264 ,

2056 5296 2112 5344 et
2149 5286 2412 5342 Cenlauri
2459 5286 2688 5343 sinister
2733 5286 3022 5353 humerus,
3065 5288 3226 5358 quasi
3272 5288 3636 5345 semicubitali

2058 5381 2238 5452 spatio
2270 5380 2634 5436 meridianum
2661 5379 2997 5450 praecedens.
3032 5377 3220 5433 Oritur
3250 5379 3516 5450 Scorpius
3538 5380 3637 5435 lio-

2058 5477 2136 5531 ris
2164 5476 2218 5540 ὃ,
2251 5474 2490 5546 demptis
2521 5472 2555 5528 6
2584 5472 2883 5544 scrupulis.

2126 5741 2263 5795 Cum
2296 5739 2628 5811 Sagittarius
2661 5739 2860 5804 oritur,
2890 5737 3143 5795 ascendit
3184 5751 3308 5792 cum
3352 5752 3419 5792 c0
3450 5736 3639 5792 zodia-

2056 5850 2154 5892 cus
2184 5851 2213 5889 ιι
2256 5844 2413 5907 parte
2451 5835 2484 5890 6
2514 5833 2797 5905 Sagittarii
2828 5831 3009 5893 media
3059 5833 3129 5889 ad
3172 5831 3496 5903 Capricorni
3532 5831 3634 5900 l8;
