2053 3212
253 159 322 187 “2'5

758 164 804 191 AD
823 164 956 192 EUSEBII
974 165 1170 194 CHRONICON
1191 165 1371 194 APPENDIX.

1794 169 1865 199 1124

251 214 384 243 culminat
398 222 413 241 a
428 218 505 250 parte
519 216 608 244 media
620 217 740 254 Virginis
755 219 792 246 20
804 219 837 246 ad
850 219 956 256 Scorpii
969 229 1025 249 me-

1081 221 1220 257 Διγόκερω
1234 225 1267 258 ιη’
1276 231 1282 237 ·
1300 223 1463 258 μεσουρανεῖ
1474 223 1502 249 δὲ
1516 223 1569 250 ἀπὸ
1583 223 1721 260 Παρθένου
1737 228 1762 252 κ’
1779 226 1866 263 μέσης

250 261 324 288 diam
335 261 362 288 9.
378 260 457 287 Prior
472 261 559 289 oritur
575 263 652 290 stella
663 272 724 299 qua;
737 268 779 292 est
793 265 820 292 in
837 266 968 301 cuspide;
989 267 1032 294 ul-

249 307 319 333 tima
336 313 400 333 vero
416 306 517 338 lucida,
540 315 600 342 qua:
623 313 665 336 est
684 310 711 336 in
734 310 849 344 pedibus
870 302 1031 346 posteriori-

251 351 313 379 bus.
343 352 508 379 Caaterarum
533 354 672 381 stellarum
694 355 827 382 culminat
847 357 943 390 prima,
970 365 1031 392 quae

249 401 293 424 est
311 397 339 424 in
355 397 466 425 sinistro
480 398 600 434 Virginis
615 400 701 427 cubiti
715 400 798 433 ﬂexu,
817 403 956 437 paululum
977 411 1032 431 me-

250 442 386 469 ridianum
408 444 590 482 antecedens;
607 445 701 472 ultima
715 454 790 478 vero.
807 448 895 474 media
911 452 939 475 et
962 448 1031 475 luci-

250 486 363 514 dissima
378 488 528 521 stellarum,
542 497 603 524 qua:
619 490 646 516 in
664 495 773 524 pectore
791 491 896 528 Scorpii
908 512 916 525 ,
934 497 960 520 et
970 501 1030 528 qua:

249 532 277 558 in
293 532 405 559 sinistra
421 541 501 560 manu
521 539 563 562 est
575 534 715 569 Anguil‘eri
733 546 739 563 :
758 537 822 564 item
838 538 916 565 tertia
932 546 1030 566 secun-

249 577 314 603 dum
340 579 536 612 consequentia
565 580 705 614 signorum
730 582 763 608 ab
787 582 877 610 lucida
897 583 1028 616 Coronae,

249 623 328 657 quasi
339 624 493 651 semicubiti
510 625 654 653 intervallo
668 627 849 655 meridianum
862 630 1028 664 praecedens.

248 667 342 695 Oritur
356 668 522 704 Sagittarius
536 670 612 697 horis
628 670 655 697 5.

283 711 317 739 X.
338 712 507 747 Capricorno
527 715 701 748 ascendente,
717 715 845 744 zodiacus
862 717 949 745 oritur
965 726 1028 747 cum

247 764 281 784 eo
293 765 308 783 a
330 757 469 792 Sagittarii
493 763 570 793 parte
587 759 622 786 29
637 761 725 787 media
743 760 776 788 ad
795 761 956 797 Capricorni
976 764 1027 798 27;

247 803 380 830 culminat
403 811 418 830 a
438 803 526 831 Librae
548 808 624 839 parte
642 805 673 833 19
696 807 786 834 media
802 808 837 834 ad
852 807 885 836 18
910 808 1027 844 Scorpii.

247 845 326 874 Prior
342 847 430 873 oritur
444 848 523 875 stella
546 849 683 877 borealior
704 851 867 885 lucidarum,
884 861 945 888 quae
964 858 1028 883 sunt

1082 267 1133 299 ἕως
1147 268 1279 304 Σκορπξου
1292 268 1314 294 θ’
1328 268 1422 304 μέσης.
1441 269 1495 295 Καὶ
1511 272 1535 296 α’
1554 270 1603 305 μὲν
1625 271 1713 307 ἀστὴρ
1723 272 1864 300 ἀνατέλλει

1081 313 1095 338 6
1113 313 1141 339 ὲν
1154 314 1187 348 τῇ
1204 313 1285 346 ἀκίδι,
1301 314 1413 349 ἔσχατος
1431 315 1459 341 δὲ
1482 316 1496 341 6
1519 316 1549 342 ἐν
1567 317 1622 348 τοῖς
1644 317 1777 349 ὀπισθίοις
1799 318 1865 345 ποσὶ

1081 357 1213 395 λαμπρός.
1230 361 1398 396 Μεσουρανεῖ
1412 361 1440 387 δὲ
1461 361 1515 388 τῶν
1532 362 1618 389 ἀλλων
1635 363 1756 398 ἀστέρων
1774 367 1797 390 α’
1815 365 1865 399 μὲν

1080 405 1130 439 τῆς
1155 405 1292 441 Παρθένου
1316 408 1330 433 6
1351 407 1381 433 ἐν
1404 407 1443 442 τῷ
1468 407 1603 443 ἀριστερῷ
1622 408 1743 442 ἀγκῶνι,
1767 410 1865 445 μικρὸν

1080 450 1282 485 προηγούμενος
1300 450 1346 477 τοῦ
1365 450 1550 487 μεσημϐρινοῦ
1562 460 1568 466 ·
1593 451 1705 487 ἔσχατος
1721 453 1750 479 δὲ
1765 453 1811 479 τοῦ
1833 462 1864 479 τε

1080 496 1213 531 Σκορπίου
1229 497 1242 522 6
1259 496 1343 530 μέσος
1360 496 1414 523 τῶν
1436 498 1464 523 ὲν
1487 497 1526 532 τῷ
1548 498 1638 532 στήθει
1661 498 1862 534 λαμπρότατος,

1080 540 1127 566 καὶ
1141 540 1155 565 6
1170 541 1199 566 ὲν
1215 541 1247 575 τῇ
1263 541 1393 576 ἀριστερᾷ
1407 542 1478 576 χειρὶ
1498 541 1544 568 τοῦ
1563 541 1704 576 Ὀφιούχου
1715 551 1721 557 ·
1745 543 1793 569 καὶ
1815 543 1863 570 τοῦ

1080 586 1216 620 Στεφάνου
1230 587 1244 612 6
1257 587 1280 620 γ’
1293 586 1347 613 ἀπὸ
1367 586 1413 613 τοῦ
1428 587 1553 622 λαμπροῦ
1573 588 1618 613 ἐπὶ
1632 587 1666 614 τὰ
1678 588 1808 623 ἑπόμενα,
1824 588 1864 621 ὡς

1080 632 1227 667 ήμιπήχιον
1254 632 1458 667 προηγούμενος
1490 633 1537 659 τοῦ
1566 632 1763 669 μεσημϐρινοῦ.
1786 635 1864 661 Ἀνα-

1079 675 1165 701 τέλλει
1177 675 1206 702 δὲ
1219 677 1233 702 6
1249 674 1364 711 Τοξότης
1377 678 1406 703 ὲν
1423 677 1507 712 ὥραις
1523 680 1557 711 γ’.

1114 721 1142 748 l’.
1158 721 1240 748 Ὅταν
1256 722 1284 748 δὲ
1304 723 1318 748 6
1335 723 1491 758 Δὶγόκερως
1512 723 1653 760 ἀνατέλλῃ.
1676 725 1863 752 συνανατέλλει

1080 765 1128 799 μὲν
1148 765 1221 801 αὐτῷ
1235 767 1249 792 6
1263 766 1393 799 ζωδιακὸς
1408 768 1461 794 ἀπὸ
1479 768 1592 800 Τοξότου
1606 769 1661 804 μοι.
1674 769 1696 795 θ’
1712 770 1758 796 καὶ
1770 774 1794 797 κ’
1812 770 1862 805 μέ-

1080 818 1128 846 σης
1141 811 1193 843 ἕως
1207 812 1391 847 Αἰγοκέρωτος
1408 813 1430 845 ζ’
1446 814 1492 840 καὶ
1515 817 1553 840 κ”
1584 817 1746 851 μεσουρανετ
1761 816 1789 842 δὲ
1808 817 1863 843 ἀπὸ

1078 855 1175 891 Χηλῶν
1191 857 1222 883 ιϐ’
1237 858 1321 893 μέσης
1333 858 1385 890 ἕως
1400 859 1532 894 Σκορπίου
1546 863 1589 895 ιη’.
1604 861 1659 887 Καὶ
1675 860 1699 887 α’
1711 862 1760 896 μὲν
1773 863 1863 898 ἀστὴρ

248 891 275 918 in
291 892 420 926 genibus;
435 892 540 925 ultima,
556 894 706 923 succedens
718 896 880 931 lucidarum,
893 907 953 933 qua!
963 904 1026 928 sunt

1078 902 1215 929 ἀνατέλλει
1253 891 1419 940 βορειότερος
1431 891 1485 931 τῶν
1500 906 1529 931 ὲν
1540 891 1595 938 τοῖς
1609 906 1703 940 γόνασι
1711 891 1860 943 λαμπρῶν,

247 936 276 963 in
291 937 388 964 cauda.
401 938 523 965 Aliarum
537 939 677 966 stellarum
693 941 811 969 medium
825 943 886 970 caeli
898 946 1027 973 verticem

247 987 321 1011 tenet
339 983 425 1018 prior,
441 984 611 1012 lucidissima
624 993 729 1018 earum,
743 995 804 1022 quae
821 994 885 1017 sunt
899 990 925 1017 in
937 991 1028 1020 Bootae

247 1029 357 1064 cingulo
371 1039 378 1056 ι
391 1034 419 1057 et
439 1029 467 1056 in
488 1029 580 1058 Chelis
603 1032 771 1060 antecedens
793 1038 923 1063 extrema;
938 1036 1029 1065 Chelaz

246 1074 373 1102 borealis.
396 1074 460 1101 Item
474 1074 575 1107 lucida,
597 1084 658 1111 qum
679 1077 707 1103 in
729 1077 861 1113 Serpente
877 1088 926 1116 per
943 1081 1028 1112 Ursas

245 1125 354 1148 meante
368 1121 403 1148 ab
415 1122 588 1150 extremitate
598 1122 693 1150 caudae
705 1124 786 1151 tertia
801 1132 970 1160 numeratur.
986 1136 1029 1156 se-

245 1166 397 1193 micubitali
419 1167 508 1201 spatio
529 1167 710 1196 meridianum
733 1170 908 1206 praecedens;
932 1174 1028 1202 ultimo

246 1211 378 1238 culminat
394 1212 489 1240 dexter
501 1212 632 1241 humerus
647 1214 795 1250 lngeniculi
808 1225 815 1249 ;
829 1222 855 1245 et
871 1227 932 1254 quae
951 1227 966 1246 a
985 1228 1028 1248 se-

246 1257 401 1292 ptentrione
415 1258 521 1292 adjacet
534 1267 566 1286 ex
581 1259 614 1287 iis
631 1268 691 1295 quae
711 1261 738 1288 in
752 1262 848 1290 dextro
863 1272 943 1293 crure
964 1271 1028 1293 sunt

245 1302 380 1338 ejusdem.
391 1303 485 1331 Oritur
498 1304 680 1340 Capricornus
695 1306 762 1335 hora
776 1309 800 1340 1,
815 1309 869 1337 50'.

281 1395 349 1423 Cum
375 1396 494 1431 Aquario
526 1398 655 1425 zodiacus
684 1400 798 1435 emergit
826 1407 840 1426 a
867 1400 1026 1435 Capricorni

245 1446 323 1476 parte
347 1442 363 1468 6
387 1443 419 1469 ad
442 1443 552 1477 Aquarii
574 1444 604 1470 21
630 1445 763 1476 mediam;
791 1447 921 1473 culminat
947 1455 960 1473 a
981 1448 1026 1474 Li-

246 1485 301 1512 bra:
314 1485 347 1511 27
363 1487 394 1513 ad
411 1486 547 1521 Sagittarii
562 1489 586 1514 7.
603 1489 691 1515 Prima
712 1490 852 1517 stellarum
870 1492 959 1518 oritur
976 1501 1025 1519 an-

245 1532 372 1558 tecedens
391 1540 449 1558 eam
473 1541 532 1567 quze
558 1538 598 1560 est
622 1535 648 1560 in
677 1543 758 1561 manu
784 1536 909 1569 sinistra;
930 1538 1024 1564 ultima

244 1584 319 1609 vero,
337 1577 425 1603 lucida
441 1578 516 1611 pedis
529 1578 625 1605 dextri.
641 1578 776 1605 Culminat
792 1588 806 1606 e
821 1582 924 1608 ueteris
938 1582 1021 1615 prior,
1039 1569 1059 1596 (ἶ

245 1630 305 1657 quae
323 1626 365 1649 est
386 1623 413 1648 in
431 1623 518 1656 capite
543 1623 641 1649 Boote.
664 1623 776 1656 Ultima,
795 1625 929 1652 borealior
945 1627 1025 1662 138

245 1675 339 1694 earum
351 1676 410 1702 qum
423 1672 485 1695 sunt
498 1668 525 1694 in
541 1676 605 1695 arcu
623 1669 780 1704 Sagittarii;
797 1674 823 1697 et
837 1676 891 1698 tres
906 1672 932 1698 iu
951 1673 1025 1700 dire-

245 1718 316 1739 ctum
331 1713 435 1747 positae,
458 1720 489 1739 ac
506 1714 618 1740 nomine
639 1718 774 1748 carentes,
798 1724 857 1749 quae
874 1719 1024 1745 secundum

244 1758 370 1785 dextrum
386 1758 527 1785 humerum
539 1757 674 1793 Ophiuchi
691 1769 697 1786 :
714 1768 763 1787 nec
777 1769 830 1787 non
848 1762 948 1793 lucida,
965 1771 1025 1797 qua:

243 1808 286 1832 cst
297 1805 324 1831 in
340 1804 452 1832 sinistro
472 1805 576 1833 femore
590 1805 751 1841 lngeniculi,
769 1807 847 1841 quasi
861 1808 1025 1835 sernieubito

244 1849 426 1876 meridianum
444 1851 610 1885 praecedens.
635 1850 728 1878 Oritur
743 1851 883 1886 Aquarius
902 1852 977 1880 horis
996 1854 1023 1886 2,

243 1900 270 1922 et
286 1895 407 1930 partibus
422 1895 538 1924 duabus.

280 1996 405 2025 Piscibus
425 1998 585 2030 orientibus,
606 1998 727 2026 ascendit
743 2006 805 2026 cum
823 1998 874 2026 illis
897 1999 1024 2026 zodiacus

245 2043 279 2069 ab
293 2043 405 2077 Aquarii
427 2049 503 2077 parte
518 2044 532 2069 7
557 2043 590 2070 ad
607 2044 708 2072 Arietis
734 2044 786 2077 16;
807 2044 937 2071 culminat
958 2053 972 2071 a
989 2045 1024 2071 26

245 2087 351 2123 Scorpii
367 2089 399 2115 ad
422 2089 581 2123 Capricorni
593 2090 619 2117 9.
635 2089 713 2117 Prior
729 2091 841 2125 emergit
858 2099 917 2126 quae
932 2092 957 2118 in
977 2100 1024 2119 ex-

243 2139 330 2162 tremo
354 2139 443 2162 rostro
467 2135 554 2164 Piscis
570 2137 714 2169 australis;
732 2138 891 2169 novissima,
911 2146 971 2173 qua:
996 2140 1026 2167 in.

243 2180 318 2208 Nodo
336 2180 478 2208 linearum.
493 2181 657 2209 Cmtcrarum
673 2183 759 2217 prima
774 2183 904 2210 culminat
919 2192 978 2218 qure
996 2184 1024 2211 in

1078 950 1189 986 ἔσχατος
1202 950 1230 977 δὲ
1240 952 1254 978 6
1265 951 1395 986 ἑπόμενος
1407 952 1461 978 τῶν
1474 954 1502 979 ὲν
1512 954 1543 988 τῇ
1556 953 1623 989 οὐρᾷ
1635 953 1777 989 λαμπρῶν.
1789 955 1863 981 Μεσ-

1077 996 1183 1030 cupa.st
1197 995 1225 1021 δὲ
1239 995 1293 1022 τῶν
1308 995 1394 1022 ἄλλων
1418 999 1441 1022 α’
1460 996 1509 1031 μὲν
1526 997 1572 1024 τοῦ
1590 1006 1619 1024 τε
1643 998 1747 1025 Βοὼτου
1761 999 1815 1025 τῶν
1833 1000 1862 1026 ἐν

1076 1040 1110 1075 τῇ
1124 1040 1194 1076 ζώνῃ
1208 1042 1222 1067 6
1236 1041 1435 1077 λαμπρότατος,
1451 1043 1497 1070 καὶ
1511 1043 1565 1070 τῶν
1585 1043 1682 1079 Χηλῶν
1698 1045 1712 1071 6
1727 1046 1862 1080 προηγοὺ-

1078 1094 1157 1119 μενος
1171 1086 1220 1120 τῆς
1229 1086 1316 1122 ἄκρας
1328 1087 1376 1122 τῆς
1388 1087 1494 1122 βαρείας
1510 1088 1613 1124 Χηλῆς,
1630 1090 1676 1116 καὶ
1687 1090 1733 1116 τοῦ
1749 1090 1793 1117 διὰ
1805 1091 1861 1118 τῶν

1078 1131 1203 1166 ’Λρκτων
1222 1132 1327 1166 Ὄφεως
1341 1133 1355 1159 6
1371 1132 1394 1167 γ’
1409 1133 1455 1159 ἀπ’
1472 1134 1559 1170 ἄκρας
1571 1135 1620 1170 τῆς
1634 1136 1717 1172 οὐρᾶς
1727 1136 1861 1172 ἀριθμού-

1078 1184 1157 1211 μενος
1183 1176 1317 1213 λαμπρὸς,
1349 1178 1388 1210 ὡς
1414 1179 1564 1215 ὴμιπήχιον
1590 1182 1793 1218 προηγούμενος
1814 1184 1861 1211 τοῦ

1078 1222 1263 1258 μεσημϐρινοῦ
1274 1231 1280 1237 ·
1297 1223 1409 1258 ἔσχατος
1423 1224 1450 1251 δὲ
1465 1228 1626 1262 μεσουρανεί
1646 1227 1694 1254 τοῦ
1717 1229 1761 1256 Ἐν
1781 1230 1862 1263 γόνα-

1077 1275 1119 1293 σιν
1134 1268 1147 1294 6
1165 1277 1194 1294 τε
1215 1268 1300 1301 δεξιὸς
1317 1266 1391 1304 ὦμος
1409 1271 1456 1298 καὶ
1472 1272 1485 1299 6
1502 1272 1555 1299 ἀπὸ
1570 1272 1669 1308 ἄρκτου
1692 1276 1862 1311 παρακείμε-

1076 1321 1120 1344 νος
1131 1313 1185 1340 τῶν
1205 1315 1234 1340 ἐν
1253 1317 1285 1350 τῇ
1304 1316 1378 1352 δεξιᾷ
1389 1319 1490 1354 κνήμῃ.
1514 1320 1663 1348 Ἀνατέλλει
1679 1322 1706 1349 δὲ
1722 1324 1736 1349 6
1749 1323 1862 1358 Αέγόκε-

1078 1367 1130 1393 ρως
1144 1360 1171 1385 ἐν
1188 1359 1246 1395 ὥρᾳ
1263 1361 1286 1386 α’
1303 1363 1348 1388 καὶ
1363 1364 1466 1397 ἡμίσει,
1483 1366 1528 1391 καὶ
1548 1370 1571 1399 γ’
1588 1367 1675 1403 μέρει.

1112 1405 1193 1431 Ὅταν
1210 1407 1236 1432 δὲ
1252 1408 1265 1433 6
1288 1408 1426 1443 ’Υδροχόος
1444 1411 1584 1448 sva-.5113],
1608 1414 1793 1441 συνανατέλλει
1811 1417 1861 1451 μὲν

1076 1451 1149 1485 αὑτῷ
1166 1452 1179 1476 6
1195 1452 1325 1485 ξωδιακδς
1348 1455 1400 1480 ἀπὸ
1420 1457 1558 1492 Λίγόκερω
1575 1459 1629 1492 μοί.
1648 1463 1674 1491 ς’
1695 1460 1746 1492 ἕως
1767 1461 1861 1497 Ὑδρο-

1076 1497 1137 1531 χόου
1153 1501 1175 1523 α’
1191 1499 1236 1524 καὶ
1254 1503 1275 1524 κ’
1293 1500 1392 1535 μέσης*
1411 1504 1571 1537 μεσουρανεῖ
1583 1504 1610 1529 δὲ
1626 1504 1679 1530 ἀπὸ
1691 1506 1788 1542 Χηλῶν
1804 1508 1859 1542 μοί.

1077 1542 1098 1574 ζ’
1114 1543 1160 1569 καὶ
1174 1543 1195 1569 κ’
1209 1544 1260 1575 ἕως
1277 1546 1389 1578 regem
1404 1547 1434 1577 ζ’.
1448 1548 1502 1573 Καὶ
1515 1551 1538 1573 α’
1557 1549 1605 1583 μὲν
1621 1550 1708 1586 ἀστὴρ
1722 1551 1862 1580 ἀνατέλλει

1075 1589 1088 1613 6
1104 1589 1252 1625 ἡγούμενος
1271 1591 1316 1617 τοῦ
1336 1592 1365 1618 ἐν
1386 1594 1419 1628 τῇ
1446 1594 1575 1630 ἀριστερᾷ
1589 1596 1668 1632 χειρὶ,
1682 1596 1794 1633 ἔσχατος
1807 1599 1863 1628 6ὲὸ

1076 1634 1104 1660 ὲν
1119 1635 1156 1669 τῷ
1171 1636 1248 1670 δεξιῷ
1263 1638 1322 1663 ποδὶ
1337 1638 1469 1674 λαμπρός.
1484 1641 1653 1676 Μεσουρανεῖ
1666 1643 1694 1669 δὲ
1709 1644 1762 1671 τῶν
1774 1646 1862 1674 ἄλλων

1076 1686 1099 1708 α’
1116 1683 1163 1717 μὲν
1178 1685 1191 1709 ὀ
1208 1684 1236 1709 ἐν
1252 1686 1284 1718 τῇ
1301 1685 1403 1720 κεφαλῇ
1424 1686 1470 1712 τοῦ
1492 1687 1607 1718 Βοὼτου,
1629 1688 1741 1724 ἔσχατος
1762 1690 1790 1717 δὲ
1814 1692 1861 1719 τοῦ

1077 1728 1188 1760 Τοξότου
1212 1731 1225 1755 6
1252 1730 1417 1766 βορειότερος
1442 1732 1495 1758 τῶν
1520 1734 1548 1759 ὲν
1574 1733 1612 1768 τῷ
1637 1734 1722 1769 τόξῳ·
1744 1737 1791 1763 καὶ
1814 1737 1862 1764 τοῦ

1083 1774 1220 1809 Ὀφιούχου
1242 1777 1265 1801 οἱ
1292 1777 1367 1811 παρά
1390 1777 1434 1803 16v
1459 1778 1544 1811 δεξιὸν
1567 1779 1639 1814 ὦμον
1657 1784 1681 1815 γ’
1698 1782 1742 1808 ἐπ’
1754 1782 1862 1815 εὐθείας

1076 1819 1302 1855 ἀκατονόμαστοι·
1319 1822 1365 1847 καὶ
1379 1822 1425 1848 τοῦ
1448 1823 1491 1849 Ἐν
1517 1824 1626 1858 γόνασιν
1652 1826 1666 1851 6
1691 1826 1719 1853 ἐν
1742 1827 1781 1862 τῷ
1798 1828 1861 1864 ἀρι-

1078 1865 1165 1900 στερῷ
1184 1867 1262 1901 μηρῷ
1283 1867 1416 1903 λαμπρὸς,
1434 1868 1471 1900 ὡς
1491 1871 1640 1906 ἡμιπήχιον
1658 1873 1862 1909 προηγούμενος

1075 1910 1121 1936 τοῦ
1137 1911 1331 1946 μεσημϐρινοῦ.
1349 1913 1498 1939 Ἀνατέλλει
1513 1915 1540 1941 δὲ
1554 1917 1567 1941 6
1583 1916 1722 1952 ’Υδροχόος
1734 1919 1763 1944 ὲν
1776 1918 1862 1954 ὥραις

1077 1956 1098 1990 β’
1114 1957 1159 1982 καὶ
1175 1957 1233 1983 δυσὶ
1251 1958 1360 1992 μέρεσιν
1376 1959 1461 1994 ὦρας,

1112 2002 1193 2029 Ὅταν
1209 2003 1236 2028 δὲ
1254 2005 1277 2029 οἱ
1299 2004 1397 2039 ’ἰχθύες
1416 2006 1588 2039 ἀνατέλλωσι,
1605 2009 1793 2039 συνανατέλλει
1809 2011 1861 2046 μὲν

1075 2048 1165 2079 αὐτοῖς
1179 2049 1193 2074 ὁ
1206 2048 1334 2081 ζωδιακὸς
1350 2050 1403 2076 ἀπὸ
1420 2051 1560 2086 ’Υδροχόου
1581 2053 1635 2088 μοί.
1660 2054 1681 2086 ζ’
1704 2055 1756 2087 ἕως
1772 2056 1860 2091 Κριοῦ

1077 2092 1129 2124 ις’·
1147 2095 1306 2128 μεσουρανεῖ
1321 2095 1348 2120 δὲ
1366 2095 1419 2121 ἀπὸ
1441 2096 1573 2131 Σκορπίου
1591 2098 1644 2132 μοί.
1664 2103 1691 2131 ς’
1706 2100 1754 2126 καὶ
1767 2101 1792 2126 κ’
1807 2101 1861 2132 ἕως

1075 2139 1215 2174 Αἰγόκερω
1231 2140 1285 2174 μοί.
1310 2140 1341 2166 0'.
1359 2141 1414 2166 Καὶ
1434 2145 1456 2168 α’
1474 2142 1522 2176 μὲν
1539 2143 1625 2179 ἀστὴρ
1642 2145 1780 2172 ἀνατέλλει
1800 2148 1815 2173 6
1830 2148 1860 2174 ὲν

1075 2186 1151 2220 ἄκρῳ
1163 2185 1201 2220 τῷ
1214 2186 1307 2221 ῥύγχει
1320 2187 1366 2212 τοῦ
1383 2188 1469 2213 νοτίου
1488 2188 1597 2223 Ἰχθύος,
1615 2189 1727 2225 ἔσχατος
1746 2192 1774 2218 δὲ
1795 2193 1809 2218 6
1830 2193 1862 2220 ὲν

244 2235 372 2262 processu
391 2227 476 2254 dextri
500 2228 610 2255 femoris
634 2228 798 2263 lngeniculi;
820 2234 845 2257 et
860 2238 921 2265 qum
945 2238 960 2257 ιι
980 2239 1023 2258 se-

1075 2230 1112 2265 τῷ
1125 2230 1267 2265 Συνδέσμῳ
1279 2231 1330 2256 τῶν
1347 2231 1435 2258 λίνων.
1461 2232 1631 2268 Μεσουρανεῖ
1654 2235 1681 2261 δὲ
1702 2235 1757 2261 τῶν
1771 2236 1860 2263 ἄλλων

243 2273 443 2307 ptentrionibus
461 2273 565 2307 adjacct
582 2274 615 2300 iis
631 2282 691 2308 qua:
707 2279 771 2301 sunt
788 2275 814 2301 in
831 2276 925 2302 aculeo
941 2274 1024 2302 Scor-

241 2319 296 2353 pii;
316 2327 376 2353 quae
393 2323 482 2346 autem
509 2320 535 2346 in
562 2320 650 2354 capite
671 2324 713 2347 est
738 2321 898 2355 lngeniculi,
915 2321 1022 2348 duabus

242 2365 351 2391 circiter
365 2365 446 2392 cubiti
465 2365 587 2400 partibus
609 2371 652 2392 est
668 2367 736 2393 citra
754 2367 953 2399 meridianum;
975 2375 1024 2401 po-

241 2414 342 2437 stremo
359 2411 489 2438 culminat
505 2412 651 2438 australior
665 2420 769 2444 earum,
784 2420 843 2447 quze
864 2414 891 2439 in
907 2413 1022 2448 genibus

241 2455 398 2490 Capricorni
413 2466 419 2483 :
434 2461 461 2484 et
480 2463 539 2491 qua!
560 2458 587 2483 in
604 2460 715 2492 gutture
735 2462 777 2485 est
796 2457 871 2491 Avis,
890 2462 971 2492 atque
994 2458 1021 2484 in

240 2501 309 2528 ﬂexu
325 2503 373 2530 ala:
389 2503 516 2530 dexteraa.
529 2502 661 2530 Oriuntur
675 2503 768 2530 Pisces
782 2504 856 2530 horis
873 2504 900 2534 5,
917 2504 950 2530 ϐ’.

1073 2278 1096 2301 α’
1111 2275 1159 2309 μὲν
1176 2276 1221 2301 τοῦ
1235 2284 1263 2301 τε
1282 2276 1324 2301 Ἐν
1340 2276 1449 2310 γόνασιν
1463 2278 1477 2303 6
1492 2279 1519 2303 ἐν
1530 2280 1561 2313 τῇ
1579 2279 1692 2314 ἑκφύσει
1708 2280 1754 2307 τοῦ
1771 2281 1859 2314 δεξιοῦ

1073 2320 1227 2355 μηροῦρκάὶ
1245 2320 1289 2346 τοῦ
1304 2321 1437 2354 Σκορπίου
1457 2323 1470 2348 6
1488 2323 1533 2348 ἀπ’
1557 2323 1664 2360 ἄρκτων
1688 2327 1860 2361 παρακείμε-

1070 2373 1114 2395 νος
1128 2366 1183 2395 τοῖς
1199 2365 1228 2391 ὲν
1247 2364 1416 2400 τῷκέντρῳ·
1432 2366 1446 2391 ὁ
1466 2366 1494 2392 δὲ
1516 2368 1544 2393 ἐν
1566 2370 1598 2403 τῇ
1621 2369 1724 2405 κειραλῇ
1745 2370 1791 2397 τοῦ
1815 2371 1861 2397 Ἐν

1070 2410 1179 2444 γόνασιν
1204 2410 1377 2437 ὑπολείπεται
1402 2412 1447 2437 τοῦ
1476 2414 1661 2449 μεσημϐρινοῦ
1681 2416 1719 2447 ὡς
1741 2415 1762 2450 β’
1787 2416 1859 2452 μέρη

1070 2457 1193 2491 πήχεως·
1210 2456 1322 2491 ἔσχατον
1339 2457 1367 2483 δὲ
1383 2460 1541 2493 μεσουρανεῖ
1563 2459 1609 2485 τοῦ
1634 2469 1663 2486 τε
1688 2461 1829 2497 Αιγόκερω
1845 2463 1861 2488 6

1070 2502 1227 2537 νοτιώτερος
1249 2502 1301 2528 τῶν
1327 2504 1356 2529 ἐν
1386 2505 1440 2535 τοῖς
1466 2505 1576 2538 γόνασιν
1612 2506 1712 2539 αὑτοῦ,
1740 2507 1787 2533 καὶ
1810 2507 1859 2533 τοῦ

242 2549 366 2584 Ὄρνιοος
381 2550 394 2575 ὁ
407 2550 436 2575 ὲν
451 2548 489 2584 τῷ
501 2549 626 2584 λάρυγγι,
643 2550 747 2577 καὶτοῦ
761 2551 789 2577 ὲν
804 2549 842 2585 τῷ
853 2549 957 2584 ἀγκῶνι
971 2549 1020 2584 τῆς
1037 2548 1126 2581 δεξιᾶς
1159 2548 1304 2583 πτέρυγος.
1323 2548 1508 2577 ’Λνατέλλουσι
1521 2552 1549 2578 δὲ
1563 2553 1587 2578 οξ
1605 2552 1705 2588 Ἰχούες
1719 2554 1747 2580 ὲν
1773 2553 1859 2588 ὥραις

239 2599 263 2628 γ’
277 2595 322 2620 καὶ
338 2594 352 2620 ι’
366 2594 453 2629 μέρει.

273 2640 318 2666 XI.
339 2640 406 2667 Cum
425 2640 514 2667 Ariete
534 2640 663 2669 zodiacus
682 2641 770 2669 oritur
793 2650 808 2668 a
831 2641 921 2670 media
940 2645 1019 2676 parte

240 2686 273 2713 19
288 2685 406 2712 Piscium
425 2686 457 2713 ad
476 2686 575 2713 Arietis
591 2686 625 2713 '24
636 2695 643 2718 ;
655 2688 787 2714 culminat
800 2695 815 2714 a
829 2687 967 2722 Sagittarii
980 2687 1015 2714 ‘24

238 2729 325 2756 media
341 2729 375 2756 ad
397 2729 556 2765 Capricorni
572 2731 614 2757 14.
630 2730 720 2758 Prima
735 2732 823 2758 oritur
847 2739 878 2759 ea
899 2739 958 2767 qua:
977 2736 1020 2758 est

239 2775 266 2802 in
285 2777 413 2803 anteriori
440 2777 524 2810 pede;
548 2777 654 2808 ultima,
673 2778 824 2805 succedens
841 2786 935 2806 earum
958 2785 1018 2813 quae

239 2825 303 2846 sunt
320 2821 349 2848 in
376 2821 473 2849 cauda.
496 2822 659 2852 Ceterarum
684 2824 826 2856 culminat,
853 2824 1018 2851 antecedens

237 2870 333 2892 earum
346 2871 406 2900 qua
422 2870 486 2894 sunt
501 2866 528 2894 in
541 2865 608 2902 iugo
623 2864 770 2895 ﬁdiculae:
790 2869 854 2895 item
864 2867 1015 2896 succedens

1103 2639 1155 2665 IA'.
1168 2638 1212 2673 Τῷ
1224 2638 1251 2664 δὲ
1263 2639 1339 2675 Κριῷ
1356 2640 1544 2667 συνανατέλλει
1559 2641 1607 2676 μὲν
1625 2642 1639 2666 6
1658 2642 1788 2674 ζωδιακὸς
1803 2643 1860 2670 ἀπὸ

1074 2685 1183 2720 Ἰχθύων
1198 2685 1253 2720 μοί.
1271 2685 1302 2711 ιϐ’
1318 2685 1402 2721 μέσης
1415 2686 1467 2718 ἕως
1478 2687 1563 2723 Κριοῦ
1575 2688 1597 2714 δ’
1611 2688 1657 2714 καὶ
1669 2692 1693 2714 κ’
1704 2698 1710 2704 ·
1726 2697 1859 2725 μεσουρα-

1065 2733 1107 2758 νεῐ
1122 2731 1150 2757 δὲ
1167 2731 1219 2757 ἀπὸ
1231 2731 1344 2763 Τοξότου
1355 2731 1375 2757 δ’
1388 2733 1434 2758 καὶ
1449 2736 1472 2759 κ’
1485 2734 1571 2769 μέσης
1590 2734 1643 2765 ἓως
1659 2735 1800 2770 Αιγὸκερω
1815 2735 1856 2762 ιδ’.

1067 2777 1122 2803 Καὶ
1137 2780 1161 2802 α’
1180 2777 1228 2811 μὲν
1241 2777 1328 2812 ἀστὴρ
1351 2778 1487 2805 ἀνατέλλει
1512 2780 1526 2805 6
1553 2780 1600 2806 ἐπὶ
1621 2780 1668 2806 τοῦ
1689 2780 1858 2817 ὲμπροσθίου

1065 2822 1154 2853 ποδὸς,
1171 2822 1280 2857 ἔσχατος
1296 2823 1324 2849 δὲ
1342 2823 1355 2848 ὁ
1375 2824 1504 2859 ἑπόμενος
1520 2826 1574 2852 τῶν
1597 2827 1625 2852 ὲν
1639 2827 1671 2862 τῇ
1689 2827 1766 2863 οὐρᾷ.
1782 2827 1860 2853 Μεσ-

1063 2869 1173 2903 ουρανεῖ
1192 2867 1220 2894 δὲ
1244 2868 1297 2895 τῶν
1322 2869 1407 2896 ἄλλων
1431 2871 1479 2906 τῆς
1504 2880 1532 2898 τε
1561 2872 1652 2907 Δύρας
1673 2873 1687 2899 6
1705 2871 1860 2908 ἡγούμενος
