4106 6416
316 354 340 405 1
359 352 454 406 12Ξί

1264 333 1632 393 HIPPARCII!
1667 333 1757 387 AD
1794 329 2244 386 ΡΗᾸΕΝΟΜΕΝΑ
2272 327 2401 382 LIB.
2436 325 2521 380 III.

3404 316 3546 373 1120

309 465 415 517 τῶν
435 463 491 514 tv
513 460 589 529 τῷ
612 457 914 527 ζυγώματι,
942 454 1036 507 καὶ
1063 451 1154 505 τοῦ
1180 450 1407 516 Τοξότου
1434 449 1462 499 6
1488 447 1748 516 ἑπόμενος
1771 445 1878 496 τῶν

2004 458 2168 497 rarum
2203 455 2322 510 quae
2347 447 2476 494 sunt
2517 438 2571 491 in
2605 443 2757 506 tergo
2788 431 3085 503 Sagittarii,
3127 430 3336 486 duabus
3370 433 3544 491 cubiti

312 557 369 607 tv
390 552 468 622 τῷ
491 550 661 620 νώτῳ,
693 549 768 611 ὼς
808 547 848 616 β’
891 546 1028 618 μέρη
1070 545 1287 614 πήχεως
1328 539 1734 610 προηγούμενος
1783 535 1877 588 τοῦ

316 642 716 717 μεσημϐρινοῦ⁸
764 639 988 708 ἔσχατος
1030 637 1085 688 6t
1117 633 1436 704 μεσουρανεῖ
1475 629 1566 682 τοῦ
1606 645 1665 680 τε
1700 627 1883 697 Ὑδρο-

1988 535 2234 605 partibus
2260 530 2586 585 antecedens
2615 527 2976 582 meridianum
2999 542 3014 591 ;
3050 531 3323 594 postrema
3346 526 3546 579 culmi-

1981 633 2074 679 nat
2097 624 2322 694 Aquarii
2361 621 2662 678 succedens
2708 633 2919 680 earum,
2949 631 3068 685 quae
3111 625 3238 670 sunt
3281 616 3339 670 in
3380 632 3547 672 manu

313 739 438 809 χὸου
482 739 510 790 6
538 736 798 803 ἑπόμενος
822 730 929 783 τῶν
969 730 1027 780 tv
1067 729 1132 796 τῇ
1177 722 1439 795 ἀριστερᾷ
1471 719 1631 790 χειρὶ,
1661 718 1752 770 καὶ
1787 716 1880 769 τοῦ

2004 717 2229 778 ιὶιιὶεῑνο,
2256 723 2308 768 et
2339 728 2460 784 quae
2490 712 2544 764 in
2575 718 2794 780 pectore
2823 708 3182 779 Capricorni;
3218 709 3547 762 antecedens

316 807 595 896 Ᾰὶγόκερω
619 827 646 876 6
676 826 732 876 tv
760 820 838 891 τῷ
869 817 1073 888 στήθει,
1097 817 1188 868 καὶ
1212 813 1304 867 τοῦ
1324 811 1574 879 Δελφῖνος
1596 811 1623 859 6
1650 807 1883 878 ἡγούμε-

1982 810 2111 863 item
2154 822 2366 869 earum,
2400 820 2523 874 qua:
2567 810 2697 858 sunt
2746 803 2802 856 in
2834 801 3008 855 cauda
3055 799 3327 869 Delphini.
3363 799 3551 855 Oritur

313 937 403 981 νος
457 895 562 971 τῶν
600 918 656 968 tv
690 917 754 984 τῇ
795 912 953 982 οὐρᾷ.
993 907 1292 962 Ἀνατέλλει
1330 905 1388 957 δὲ
1419 903 1447 954 ὁ
1478 901 1645 971 Κριὸς
1677 903 1732 954 tv
1766 900 1885 972 ὥρᾳ

2004 897 2142 952 tries
2173 898 2306 951 bora
2336 896 2384 960 1,
2414 895 2519 949 24’.

315 1007 362 1062 α’
396 1009 487 1061 καὶ
513 1008 631 1060 δυσ)⁵
657 1000 1109 1074 πεμπτημορίοις.

387 1101 493 1153 Τοῦ
535 1100 590 1152 δὲ
640 1097 852 1166 Ταύρου
901 1093 1296 1154 ἀνατέλλοντος,
1348 1088 1726 1142 συνανατέλλει
1789 1085 1886 1154 μὲν

317 1191 462 1261 αὐτῷ
499 1193 528 1243 6
559 1187 817 1252 ζωδιακὸς
864 1185 970 1238 ἀπὸ
1020 1183 1232 1254 Ταύρου
1290 1182 1397 1251 μοί.
1445 1181 1487 1244 ζ’
1527 1181 1630 1242 ἕως
1674 1177 1886 1248 Ταύρου

321 1285 433 1356 μοί.
460 1284 504 1336 θ’
535 1282 628 1334 καὶ
673 1287 752 1334 κ’·
785 1279 1103 1350 μεσουρανεῖ
1144 1275 1199 1328 δὲ
1236 1274 1341 1326 61:6
1369 1271 1740 1343 Αίγοκέρωτος
1775 1270 1883 1339 μοί.

322 1378 367 1447 β’
390 1375 483 1429 καὶ
511 1380 555 1427 κ’
587 1373 754 1444 μέσης
792 1371 895 1433 ἓως
933 1367 1216 1438 Ὑδροχόου
1247 1365 1310 1420 θ’.
1357 1364 1464 1416 Καὶ
1494 1369 1538 1415 α’
1581 1362 1678 1432 μὲν
1715 1359 1922 1445 ἀστὴρ.

321 1464 598 1520 ἀνατέλλει
621 1466 648 1516 6
673 1461 992 1522 νοτιώτατος
1029 1458 1137 1511 τῶν
1175 1459 1232 1509 tv
1274 1459 1341 1527 τῇ
1372 1456 1619 1523 ἀποτομῇ
1643 1452 1702 1515 6',
1728 1450 1891 1520 ἔσχα-

317 1576 410 1621 τος
447 1558 504 1610 δὲ
543 1559 572 1610 6
609 1558 666 1608 tv
702 1555 855 1625 ἄκρῳ
895 1552 973 1622 τῷ
1009 1549 1164 1620 δεξιῷ
1209 1549 1416 1619 κέρατι.
1456 1545 1794 1613 Μεσουρανεῖ
1835 1540 1892 1593 δὲ

318 1651 429 1704 τῶν
457 1649 631 1704 ἄλλων
674 1655 720 1702 α’
749 1648 845 1718 μὲν
891 1644 984 1698 τοῦ
1028 1641 1272 1713 Ὄρνιθος
1320 1639 1348 1690 6
1394 1641 1451 1691 tv
1485 1636 1621 1707 μέσῃ
1661 1637 1727 1703 τῇ
1757 1632 1894 1702 οὐρᾷ

318 1740 590 1811 λαμπρὸς,
627 1739 848 1808 ἔσχατος
894 1735 950 1788 6t
987 1733 1081 1787 τοῦ
1123 1731 1359 1802 Κηφέως
1407 1730 1434 1780 6
1487 1725 1892 1798 προηγούμενος

2059 1073 2242 1128 Tauro
2268 1083 2597 1142 emergente,
2628 1069 2884 1124 zodiacus
2919 1070 3119 1134 oritur,
3154 1085 3184 1122 a
3207 1077 3362 1139 parte
3385 1069 3552 1124 Tauri

1991 1166 2021 1217 7
2055 1166 2122 1218 ad
2149 1163 2248 1228 29;
2281 1163 2542 1217 culminat
2575 1177 2605 1215 a
2633 1161 2954 1230 Capricorni
2980 1159 3050 1212 22
3075 1161 3251 1213 media
3281 1159 3347 1212 ad
3368 1160 3554 1230 Aqua-

1988 1256 2054 1309 rii
2087 1254 2139 1308 9.
2174 1253 2331 1306 Prior
2363 1253 2537 1307 oritur
2585 1251 2985 1306 australissima
3027 1250 3094 1303 de
3135 1257 3392 1318 quatuor,
3433 1265 3556 1319 quae

1991 1355 2119 1404 sunt
2151 1347 2205 1400 in
2230 1345 2570 1400 abscissione
2593 1362 2606 1409 ;
2633 1343 2846 1406 ultima,
2868 1356 2988 1412 quae
3011 1351 3094 1396 est
3124 1341 3180 1394 in
3209 1341 3554 1395 extremitate

1989 1442 2166 1496 dextri
2192 1455 2385 1494 cornu.
2414 1439 2744 1492 Ceterarum
2776 1436 3055 1490 stellarum
3091 1434 3354 1488 culminat
3379 1435 3556 1503 prima

1989 1533 2193 1597 lucida,
2225 1547 2345 1602 qum
2384 1537 2468 1585 est
2500 1531 2555 1583 in
2587 1529 2760 1582 cauda
2804 1528 2979 1582 media
3019 1525 3226 1597 Cygni;
3258 1533 3553 1595 postrema,

1991 1627 2180 1689 trium,
2219 1638 2340 1693 qua:
2367 1623 2422 1676 in
2449 1620 2629 1691 capite
2657 1619 2855 1688 Cephei
2881 1627 3030 1679 sunt,
3060 1617 3410 1682 antecedens,
3436 1607 3557 1671 una

1992 1733 2116 1773 eum
2148 1716 2342 1771 dextro
2373 1713 2523 1768 illius
2556 1712 2712 1782 pede,
2757 1711 3084 1766 semicubito
3123 1710 3344 1765 circiter
3391 1710 3558 1764 meri-

319 1803 430 1886 τῶν
460 1803 517 1886 tv
545 1834 611 1902 τῇ
643 1803 849 1900 κέίραλῇ
879 1834 927 1897 γ’
946 1843 960 1858 ’
1006 1827 1100 1880 καὶ
1149 1826 1177 1877 6
1223 1823 1392 1887 δεξιὸς
1425 1818 1588 1873 αὑτοῦ
1634 1816 1789 1881 ποῦς,
1821 1816 1897 1878 ὡς

2004 1811 2217 1865 dianum
2251 1806 2600 1878 praecedens;
2633 1818 2735 1858 nec
2781 1818 2890 1856 non
2921 1803 2975 1855 in
3018 1803 3241 1871 Aquarii
3282 1815 3420 1855 urna
3446 1815 3560 1855 me-

321 1923 622 1993 ήμιπήχιον
685 1918 1092 1991 προηγούμενος
1164 1914 1256 1967 τοῦ
1327 1910 1736 1984 μεσημϐρινοῦ·
1803 1907 1895 1960 καὶ

321 2016 354 2068 6
414 2013 576 2084 μέσος
625 2011 734 2065 τῶν
793 2013 850 2063 tv
899 2011 967 2079 τῇ
1023 2006 1244 2061 κάλπιδι
1299 2003 1393 2057 τοῦ
1439 2002 1719 2072 ’Υδροχόου
1746 2039 1760 2062 ,
1824 1999 1901 2060 ὡς

2001 1904 2111 1967 dia,
2151 1899 2474 1956 semicubito
2505 1896 2617 1952 fere
2645 1896 3007 1950 meridianum
3055 1893 3404 1948 antecedens.
3443 1891 3563 1947 Ori-

2006 2002 2098 2050 tur
2128 1992 2342 2046 Taurus
2371 1991 2506 2044 hora
2536 1988 2588 2051 1,
2620 1995 2673 2042 et
2701 1987 2822 2057 1/8.

322 2076 624 2173 ἠμίπήχιον
684 2076 1093 2171 προηγούμενος
1137 2094 1230 2147 τοῦ
1287 2090 1682 2164 μεσημϐρινοῦ.
1727 2085 2026 2141 Ἀνατέλλει
2053 2083 2111 2136 δὲ
2143 2083 2171 2134 6
2204 2080 2412 2152 Ταῦρος
2444 2080 2501 2132 ὲν
2530 2078 2649 2149 ὥρα
2673 2083 2719 2130 α’
2749 2078 2843 2129 καὶ
2867 2083 2914 2146 η’
2949 2076 3122 2148 μέρει.

393 2210 516 2264 Τῶν
546 2209 602 2261 δὲ
635 2207 877 2277 Διδύμων
910 2203 1338 2267 ἀνατελλόντων,
1385 2199 1761 2255 συνανατέλλει
1794 2197 1890 2267 μὲν

322 2302 505 2365 αὐτοῖς
540 2303 568 2354 6
611 2297 871 2364 ζωδιακὸς
909 2297 1016 2349 ἀπὸ
1061 2295 1308 2364 Διδύμων
1351 2291 1460 2362 μοί.
1498 2290 1541 2360 β’
1579 2290 1748 2360 μέσης
1787 2287 1892 2350 ἓως

323 2390 569 2460 Διδύμων
607 2389 682 2440 λ’·
737 2387 1059 2457 μεσουρανεῖ
1104 2384 1160 2436 δὲ
1197 2383 1304 2436 ἀπὸ
1341 2380 1622 2451 Ὑδροχόου
1669 2377 1776 2448 μοί.
1825 2381 1893 2429 ια’

327 2482 500 2552 μέσης
526 2481 630 2543 ἕως
669 2478 886 2548 Ἰχθύων
917 2477 959 2529 θ’
991 2476 1182 2546 μέσης.
1211 2474 1321 2528 Καὶ
1349 2473 1396 2527 α’
1434 2473 1532 2543 μὲν
1562 2471 1736 2541 ἀστὴρ
1767 2471 1897 2523 ἀνα-

323 2573 554 2626 τέλλειὸ
587 2575 643 2624 tv
676 2573 741 2642 τῇ
771 2569 1032 2640 ἀριστερᾷ
1076 2568 1218 2638 χειρὶ
1267 2565 1360 2618 τοῦ
1403 2564 1707 2635 ἡγουμένου
1752 2561 1905 2615 Διδύ-

330 2685 455 2738 μου,
486 2666 709 2736 ἔσχατος
741 2664 799 2716 δὲ
843 2665 870 2715 6
902 2663 959 2715 tv
997 2663 1062 2732 τῇ
1110 2659 1258 2729 δεξιᾷ
1307 2658 1447 2729 χειρὶ
1496 2656 1588 2709 τοῦ
1635 2654 1898 2726 ἑπομένου

327 2758 580 2826 Διδύμου.
614 2756 952 2827 Μεσουρανεῖ
981 2751 1038 2805 δὲ
1079 2751 1186 2804 τῶν
1229 2750 1401 2804 ἄλλων
1440 2749 1684 2816 ἀστέρων
1729 2753 1777 2799 α’
1804 2745 1902 2815 μὲν

325 2849 421 2905 τοῦ
450 2848 684 2920 Κηφέως
711 2850 739 2901 6
771 2849 828 2900 tv
864 2846 940 2917 τῷ
979 2843 1189 2915 σώματι
1229 2841 1498 2912 λαμπρὸς,
1539 2839 1632 2892 καὶ
1676 2836 1771 2890 τοῦ
1809 2837 1902 2889 ’Υ-

327 2941 548 3014 δροχόου
589 2942 616 2993 6
647 2942 703 2993 tv
728 2939 805 3010 τῷ
837 2939 995 3009 δεξιῷ
1036 2937 1157 2990 ποδὶ
1188 2933 1454 3004 λαμπρὸς,
1485 2933 1578 2984 καὶ
1606 2931 1698 2984 τοῦ
1728 2929 1904 2984 νοτίου

343 3033 545 3104 Ἰχθύος
572 3033 600 3086 6
629 3033 687 3084 tv
719 3030 796 3101 τῷ
827 3031 1016 3102 ῥύγχει
1062 3025 1338 3098 λαμπρός’
1373 3025 1599 3093 ἔσχατος
1629 3021 1685 3074 δὲ
1714 3035 1907 3090 μεσου-

2067 2191 2311 2247 Geminis
2353 2188 2680 2251 orientibus,
2718 2201 2840 2240 cum
2869 2185 2938 2239 iis
2976 2185 3232 2238 zodiacus
3260 2181 3497 2252 assurgit
3531 2195 3563 2234 a

1998 2283 2348 2339 Geminorum
2367 2287 2520 2351 parte
2542 2279 2577 2331 2
2599 2277 2774 2332 media
2797 2276 2862 2330 ad
2887 2275 2987 2342 '50;
3013 2275 3276 2329 culminat
3294 2274 3361 2328 ab
3382 2274 3566 2340 Aqua-

2000 2378 2071 2432 rii
2103 2375 2166 2430 11
2201 2372 2380 2428 media
2408 2371 2475 2426 ad
2520 2370 2754 2426 mediam
2787 2369 3029 2424 Piscium
3068 2367 3121 2421 9.
3163 2365 3346 2420 Prima
3389 2366 3566 2420 oritur

2004 2483 2066 2524 ea
2095 2483 2216 2537 quae
2253 2475 2338 2522 est
2368 2467 2424 2519 in
2471 2464 2693 2518 sinistra
2730 2477 2894 2514 manu
2927 2459 3285 2531 praecedentis
3315 2457 3563 2523 Gemini;

2002 2560 2212 2625 ultima,
2240 2573 2360 2628 quae
2381 2566 2464 2611 est
2493 2557 2544 2609 in
2577 2554 2768 2608 dextra
2800 2551 3143 2607 succedentis
3173 2549 3405 2604 Gemini.
3437 2547 3569 2602 Cul-

2002 2650 2172 2704 minat
2206 2649 2355 2718 prior
2402 2651 2724 2699 exterarum
2778 2643 3081 2705 stellarum,
3119 2640 3302 2694 lucida
3341 2640 3394 2693 in
3443 2653 3568 2692 cor-

2001 2757 2136 2812 pore
2178 2739 2414 2810 Cephei;
2468 2744 2522 2792 et
2560 2735 2760 2800 lucida,
2796 2749 2916 2804 quae
2963 2735 3020 2787 in
3075 2733 3266 2787 dextro
3299 2731 3434 2802 pede
3481 2737 3568 2785 est

2003 2831 2230 2902 Aquarii
2265 2851 2276 2884 :
2307 2831 2435 2883 item
2482 2827 2664 2882 lucida
2718 2827 2776 2879 in
2815 2834 2996 2880 rostro
3041 2822 3217 2877 Piscis
3267 2820 3565 2884 australis;

2005 2924 2195 2977 ultima
2250 2921 2516 2976 culminat
2566 2915 2927 2971 Andromeda;
2975 2915 3152 2968 media
3196 2913 3396 2976 trium,
3445 2923 3568 2979 qua:

2008 3023 2136 3070 sunt
2165 3013 2219 3066 in
2247 3012 2437 3066 dextro
2457 3009 2702 3062 humero.
2721 3005 2982 3060 Oriuntur
3000 3003 3213 3058 Gemini
3237 3003 3370 3056 'nora
3390 3002 3441 3064 1,
3461 3001 3562 3054 50'.

335 3093 486 3198 ρανεῖ
525 3093 626 3195 τῆς
661 3093 1016 3196 Ἀνδρομέδας
1062 3123 1092 3175 6
1137 3093 1308 3191 ⁷μέσος
1349 3116 1459 3170 τῶν
1508 3119 1565 3169 tv
1617 3114 1694 3184 τῷ
1739 3112 1896 3185 δεξιῷ
1936 3110 2071 3184 ὥμῳ
2129 3116 2197 3178 γ’.
2237 3105 2605 3160 Ἀνατέλλουσι
2667 3101 2724 3154 δὲ
2770 3101 2818 3152 ot
2873 3099 3091 3169 Δίδυμοι
3132 3099 3189 3150 tv
3225 3096 3344 3166 ὥρᾳ
3387 3101 3435 3147 α’
3473 3093 3568 3148 καὶ

327 3219 402 3274 ‘S"
430 3220 525 3274 καὶ
559 3225 608 3288 γ’
636 3217 812 3290 μέρει.

451 3356 590 3425 Περὶ
621 3353 734 3423 τῆς
765 3351 1268 3423 συγ-καταδύσεως
1299 3348 1416 3402 τῶν
1449 3349 1526 3414 ιβ’
1550 3346 1783 3408 ζωδίων.

404 3514 507 3567 IB'.
537 3510 706 3564 Πάλιν
749 3508 826 3571 δὲ,
853 3504 946 3560 τοῦ
978 3507 1076 3578 μὲν
1105 3504 1381 3576 Καρκίνου
1405 3501 1670 3564 δύνοντος,
1702 3515 1904 3567 συγκα-

329 3604 549 3659 ταδύνει
579 3603 676 3673 μὲν
700 3599 847 3670 αὐτῷ
869 3603 897 3654 6
921 3598 1180 3664 ζωδιακὸς
1206 3597 1313 3650 ἀπὸ
1339 3594 1582 3666 Διδύμων
1613 3592 1718 3664 μοί.
1745 3592 1788 3655 ζ’
1813 3590 1906 3643 καὶ

330 3704 384 3752 κ’
434 3695 602 3768 μέσης
649 3693 754 3756 ἓως
795 3690 1069 3761 Καρκίνου
1120 3695 1168 3741 κ’
1222 3688 1423 3758 μέσης·
1475 3684 1797 3755 μεσουρανεῖ
1848 3679 1906 3732 δὲ

329 3789 443 3842 ἀπὸ
464 3785 654 3857 Χηλῶν
694 3783 756 3848 ιζ’
785 3782 890 3846 ἓως
925 3780 1191 3852 Σκορπίου
1233 3778 1318 3848 ιβ’.
1350 3777 1462 3830 Καὶ
1497 3783 1544 3828 α’
1591 3775 1688 3844 μὲν
1733 3771 1906 3841 ἀστὴρ

328 3882 480 3936 δύνει
510 3881 537 3933 6
569 3881 626 3932 tv
653 3880 764 3941 τοῖς
796 3877 922 3929 ποσὶ
952 3874 1045 3928 τοῦ
1086 3873 1362 3944 Καρκίνου
1392 3867 1652 3938 ἐκφανὴς,
1684 3865 1778 3918 καὶ
1819 3863 1905 3916 ἐπ’

329 3972 553 4036 εὐθείας
577 3971 827 4041 κείμενος
853 3968 929 4031 ὼς
953 3967 1088 4037 πρὸς
1117 3964 1268 4017 δύσιν
1297 3965 1405 4026 τοῖς
1437 3959 1774 4028 νοτιωτέροις
1796 3957 1907 4017 τοῖς

333 4065 468 4136 περὶ
500 4062 558 4115 τὸ
595 4061 836 4130 νεφέλιον
867 4057 927 4111 τὸ
956 4060 1012 4110 tv
1038 4055 1116 4126 τῷ
1144 4054 1424 4125 Καρκίνῳ,
1453 4051 1675 4120 ἔσχατος
1701 4047 1756 4100 δὲ
1795 4048 1824 4099 6
1851 4048 1909 4098 tv

332 4157 488 4226 ἄκρᾳ
515 4155 580 4224 τῇ
613 4151 797 4224 βορεία
828 4149 979 4220 Χηλῇ
1023 4147 1115 4200 τοῦ
1160 4145 1459 4218 Καρκίνου.
1499 4138 1908 4211 Μεσουρανοῦσι

331 4251 397 4306 δὲ
424 4249 532 4303 τῶν
561 4247 733 4303 ἄλλων
765 4245 1008 4316 ἀστέρων
1035 4242 1128 4296 τοῦ
1159 4259 1215 4294 τε
1255 4239 1464 4293 Βοὼτου
1490 4241 1517 4292 6
1541 4237 1712 4304 δεξιὸς
1751 4234 1906 4300 ποῦς,

333 4343 436 4399 καὶ
463 4341 574 4395 τῶν
617 4339 810 4410 Χηλῶν
840 4340 868 4391 6
897 4340 953 4390 tv
981 4332 1126 4406 ἄκρᾳ
1152 4336 1216 4404 τῇ
1251 4332 1403 4403 νοτία
1433 4331 1583 4402 Χηλῇ
1624 4328 1872 4399 λαμπρός
1894 4347 1905 4357 ·

337 4434 570 4502 ἔσχατον
594 4431 649 4483 δὲ
694 4426 1082 4499 μεσουρανοῦσι
1120 4423 1213 4477 τοῦ
1239 4441 1298 4477 τε
1334 4424 1421 4475 Ἐν
1445 4422 1662 4490 γόνασιν
1691 4423 1718 4472 ὁ
1751 4421 1808 4470 tv
1833 4415 1912 4487 τῷ

335 4522 498 4594 δεξιῷ
530 4521 790 4592 βραχίονι,
825 4525 871 4588 γ’
901 4513 984 4570 ῶν
1005 4517 1113 4570 ἀπὸ
1151 4515 1243 4569 τοῦ
1277 4513 1449 4579 δεξιοῦ
1486 4511 1656 4582 ῶμου,
1692 4510 1786 4564 καὶ
1817 4507 1910 4560 τοῦ

336 4613 608 4685 Σκορπίου
638 4613 665 4664 6
694 4616 762 4679 γ’,
791 4609 884 4662 καὶ
913 4611 946 4661 6-
975 4593 1156 4671 δ’,καὶ
1182 4607 1208 4658 6
1237 4613 1276 4658 ε’
1307 4603 1594 4673 σφόνδυλος
1633 4599 1739 4654 τῶν
1773 4598 1911 4670 μετά

2145 3337 2246 3391 'De
2278 3333 2550 3388 duodecim
2581 3331 2871 3401 imaginum
2899 3328 3025 3382 cati"
3045 3326 3396 3381 descensione.

2071 3512 2188 3568 XII.
2223 3513 2456 3576 Rursus,
2481 3510 2760 3565 occidente
2785 3507 3018 3572 Cancro,
3043 3505 3326 3562 descendit
3353 3520 3474 3560 cum
3503 3521 3570 3562 eo

2005 3605 2264 3661 zodiacus
2309 3618 2339 3656 a
2376 3601 2548 3673 gradu
2592 3599 2944 3666 Geminorum
2989 3598 3060 3650 27
3097 3597 3166 3651 ad
3203 3595 3402 3651 Caneri
3456 3611 3572 3650 me-

2007 3699 2152 3752 diam
2184 3696 2287 3762 20;
2334 3695 2599 3748 culminat
2634 3707 2665 3745 a
2715 3691 3006 3745 Chelarum
3030 3689 3098 3743 17
3126 3689 3192 3743 ad
3233 3687 3445 3757 Scorpii
3479 3688 3566 3741 12.

2006 3786 2190 3840 Prima
2242 3784 2398 3839 stella
2448 3781 2653 3838 occidit
2693 3781 2896 3844 lucida,
2941 3795 3062 3849 quae
3107 3785 3191 3833 est
3238 3777 3293 3832 in
3341 3778 3572 3847 pedibus

2007 3878 2228 3943 Cancri,
2261 3878 2317 3931 in
2354 3876 2623 3932 directum
2656 3873 2854 3944 posita,
2888 3872 2956 3926 ad
2986 3886 3242 3926 occasum
3281 3870 3574 3925 australio—

2009 3987 2100 4029 res
2141 3970 2458 4041 respiciens,
2513 3983 2635 4038 quae
2676 3967 2824 4022 circa
2879 3965 3207 4020 nubeculam
3252 3963 3307 4018 in
3359 3963 3574 4018 Cancro

2010 4070 2167 4128 sunt;
2208 4061 2421 4126 ultima,
2462 4074 2585 4130 qua
2611 4066 2695 4113 est
2735 4059 2791 4111 in
2820 4057 3164 4112 extremitate
3193 4055 3429 4110 borealis
3463 4054 3576 4108 [οων

2011 4154 2149 4224 cipis
2205 4151 2443 4218 Cancri;
2510 4157 2830 4204 caeterarum
2892 4147 3170 4200 stellarum
3235 4146 3571 4208 culminant,

2011 4243 2192 4298 Bootae
2223 4257 2319 4312 pes
2347 4241 2568 4306 dexter;
2601 4249 2654 4293 et
2693 4239 2984 4292 Chelarum
3022 4236 3221 4298 lucida,
3259 4251 3379 4305 quae
3401 4243 3485 4290 est
3516 4236 3572 4287 in

2011 4335 2356 4392 extremitate
2385 4331 2642 4386 australis
2680 4329 2893 4394 Chelas;
2936 4336 3210 4398 postremo
3243 4327 3568 4388 culminant,

2011 4443 2132 4499 quae
2159 4433 2243 4482 est
2268 4427 2320 4480 in
2347 4425 2575 4480 brachio
2605 4423 2794 4479 dextro
2818 4423 3139 4493 lngeniculi,
3171 4428 3224 4476 et
3253 4429 3336 4475 est
3366 4421 3435 4474 ab
3469 4421 3574 4474 hu-

2012 4531 2164 4572 mero
2193 4516 2386 4570 dextro
2415 4515 2601 4579 tertia;
2640 4513 2768 4566 item
2798 4510 3011 4579 Scorpii
3048 4510 3228 4572 tertia,
3267 4517 3481 4579 quarta,
3519 4517 3574 4562 et

2014 4606 2203 4675 quinta
2235 4604 2487 4659 vertebra
2522 4617 2706 4656 earum
2738 4617 2858 4670 qua:
2889 4609 3017 4655 sunt
3053 4607 3177 4670 post
3218 4607 3428 4669 pectus.
3464 4597 3572 4652 Oc-

338 4707 400 4761 τὸ
432 4702 648 4774 στῆθος.
691 4699 845 4752 Δύνει
876 4698 934 4752 δὲ
971 4701 998 4750 ὁ
1032 4695 1300 4769 Καρκίνος
1354 4695 1412 4748 tv
1453 4693 1572 4764 ὥρᾳ
1627 4697 1674 4744 α’
1720 4690 1812 4743 καὶ
1861 4695 1902 4756 γ¹

2014 4697 2146 4751 cidit
2167 4697 2376 4750 Cancer
2405 4695 2540 4748 hora
2571 4693 2623 4756 1,
2653 4691 2758 4748 56'.

341 4817 411 4852 πε
420 4815 568 4869 μπτη
578 4793 804 4865 μορίοις.

413 4909 519 4964 Τοῦ
543 4908 599 4960 δὲ
614 4907 841 4966 Λέοντος
871 4902 1138 4964 δύνοντος,
1157 4895 1542 4967 συγκαταδύνει
1573 4893 1672 4965 μὲν
1700 4889 1846 4960 αὐτῷ
1881 4890 1910 4941 6

343 5000 605 5068 ζωδιακὸς
625 4998 730 5051 ἀπὸ
747 4995 1020 5066 Καρκίνου
1049 4991 1158 5063 μοί.
1186 4989 1232 5044 α’
1254 4990 1347 5042 καὶ
1375 4997 1422 5042 κ’
1447 4988 1618 5059 μέσης
1634 4986 1737 5047 ςέως
1759 4984 1906 5052 Παρ-

343 5097 498 5149 θένου
523 5095 630 5165 μοί.
657 5093 736 5146 ιδ”
760 5089 1080 5160 μεσουρανεῖ
1099 5085 1154 5138 δὲ
1175 5084 1281 5137 61:6
1300 5083 1564 5150 Σκορπίου
1591 5079 1701 5150 μοί.
1723 5085 1788 5146 ιγ’
1805 5077 1910 5138 ἔως

342 5186 570 5250 Τοξότου
597 5190 644 5237 α’
676 5183 771 5236 καὶ
793 5188 840 5234 κ’
869 5180 1061 5251 μέσης.
1093 5177 1202 5229 Καὶ
1229 5183 1276 5227 α’
1308 5176 1404 5244 μὲν
1435 5174 1606 5244 ἀστὴρ
1644 5172 1787 5224 δύνει
1817 5168 1908 5222 τοῦ

342 5277 569 5340 Λέοντος
621 5278 650 5330 6
693 5278 750 5328 tv
795 5277 908 5336 τοῖς
934 5271 1287 5343 ἐμπροσθίοις
1335 5268 1508 5329 ποσὶν,
1545 5265 1766 5335 ἔσχατος
1792 5262 1849 5315 δὲ
1881 5262 1911 5314 ὀ

340 5371 399 5423 tv
425 5369 570 5438 ἄκρᾳ
593 5370 658 5438 τῇ
690 5367 844 5438 ούρᾷ,
872 5367 1212 5434 Μεσουρανεῖ
1236 5363 1292 5416 δὲ
1316 5361 1425 5413 τῶν
1463 5358 1634 5412 ἄλλων
1662 5356 1910 5424 ἀστέρων

341 5463 401 5513 tv
451 5459 549 5528 μὲν
592 5460 657 5528 τῇ
687 5458 829 5527 ἀρχῇ
865 5457 965 5524 τῆς
1005 5455 1209 5516 δύσεως
1252 5451 1346 5505 τοῦ
1401 5468 1460 5503 τε
1501 5450 1589 5502 Ἐν
1621 5448 1840 5515 γόνασιν
1885 5447 1914 5498 6

341 5550 513 5617 δεξιὸς
545 5547 697 5612 ποῦς,
722 5547 816 5600 καὶ
850 5546 944 5598 τοῦ
995 5545 1277 5615 Ὀφιούχου
1328 5543 1388 5596 τὸ
1433 5540 1714 5613 ἀριστερὸν
1760 5538 1913 5606 γόνυ,

342 5641 419 5704 ὥς
485 5641 785 5710 ὴμιπήχιον
865 5637 1289 5706 ὑπολειπόμενον
1345 5634 1439 5688 τοῦ
1505 5630 1913 5705 μεσημϐρινοῦ,

344 5733 438 5785 καὶ
463 5728 555 5784 τοῦ
583 5727 850 5791 Σκορπίου
877 5731 906 5783 6
943 5735 989 5782 α’
1018 5727 1304 5794 σφόνδυλος
1323 5745 1335 5758 ο
1365 5727 1590 5796 ἔσχατον
1629 5726 1684 5780 δὲ
1722 5741 1917 5795 μεσου-

2081 4895 2217 4951 Cum
2259 4892 2438 4948 Leone
2479 4890 2680 4946 occidit
2729 4889 2986 4944 zodiacus
3019 4902 3048 4941 a
3081 4885 3280 4941 Caneri
3322 4891 3476 4954 parte
3503 4883 3569 4937 21

2011 4988 2187 5041 media
2229 4986 2292 5039 ad
2326 4986 2393 5040 11
2432 4983 2708 5053 Virginis;
2766 4980 3031 5036 culminat
3076 4994 3106 5032 a
3159 4977 3372 5046 Scorpii
3405 4977 3472 5030 13
3505 4977 3576 5030 ad

2019 5078 2295 5149 Sagittarii
2337 5077 2403 5130 21
2439 5076 2696 5131 mediam.
2735 5073 2917 5127 Prima
2962 5071 3164 5126 occidit
3213 5069 3411 5124 Leonis
3456 5083 3578 5136 qua:

2016 5179 2097 5226 est
2121 5171 2174 5223 in
2205 5168 2572 5223 anterioribus
2599 5165 2827 5235 pedibus
2853 5182 2866 5230 ;
2899 5163 3109 5223 ultima,
3145 5174 3265 5228 quae
3293 5167 3376 5212 est
3407 5160 3459 5210 in
3481 5172 3575 5210 ex-

2016 5264 2289 5319 tremitate
2313 5261 2522 5317 caudae.
2543 5259 2818 5315 Culminat
2849 5257 3079 5310 aliarum
3112 5253 3391 5308 stellarum
3423 5250 3580 5304 initio

2017 5357 2235 5428 quidem
2281 5370 2535 5418 occasus,
2572 5351 2786 5406 Gemini
2825 5365 2921 5419 pes
2954 5348 3180 5411 dexter;
3216 5351 3270 5398 et
3298 5341 3580 5412 Anguiferi

2017 5450 2302 5506 sinistrum
2325 5462 2489 5518 genu,
2515 5443 2670 5514 quasi
2705 5439 3027 5496 semicubito
3056 5438 3193 5491 citra
3218 5433 3579 5488 meridianum

2017 5541 2301 5612 positum:
2333 5547 2386 5592 et
2429 5535 2644 5604 Scorpii
2694 5532 2993 5603 spondylus
3022 5530 3084 5593 1;
3137 5534 3417 5596 postremo
3463 5523 3584 5576 eul-

2018 5633 2231 5686 minant
2251 5629 2517 5684 Draconis
2548 5625 2823 5682 borealius
2848 5632 3100 5691 tempus;
3148 5628 3201 5674 et
3233 5632 3352 5687 quae
3385 5616 3439 5668 in
3468 5629 3584 5667 me-

2019 5725 2111 5780 dio
2141 5733 2292 5794 tergo
2323 5721 2627 5794 Sagittarii,
2661 5717 2817 5789 quasi
2861 5712 3187 5772 semicubito
3216 5707 3583 5766 meridianum
