2053 3211
259 159 334 201 1127.

769 155 812 182 AD
830 154 963 182 EUSEBII
983 153 1180 182 CIIRONICON
1201 153 1382 181 APPENDIX.

1813 154 1881 181 {138

259 215 433 244 antecedens.
453 215 560 244 Occidit
575 214 631 242 Leo
653 213 728 241 horis
743 213 770 245 9.,
795 216 822 243 et
842 212 949 239 duabus
969 211 1042 238 hora:

1099 211 1204 245 ρανοῠσι
1225 210 1272 236 τοῦ
1284 218 1314 236 τε
1341 209 1491 245 Δράκοντος
1516 209 1530 234 6
1554 208 1721 244 βορειότερος
1745 209 1884 245 κρόταφος

259 261 392 296 partibus.

297 395 409 431 Virgine
429 395 581 426 occidente,
595 394 726 421 zodiacus
747 391 889 420 descendit
905 399 921 419 a
945 391 1045 419 Leonis

261 442 296 467 ‘27
314 446 391 475 parte
407 441 439 468 ad
454 440 542 467 Libra:
556 440 585 474 7;
604 440 736 466 culminat
759 446 774 465 a
798 438 937 474 Sagittarii
951 438 981 464 II
1010 437 1045 465 ad

262 486 421 522 Capricorni
442 486 469 513 4.
484 485 577 512 Prima
599 485 701 513 occidit
714 492 745 512 ea
761 492 822 519 qua:
839 488 881 512 est
899 484 926 510 in
942 484 984 510 ala
1006 483 1045 510 si-

262 533 366 565 nistra;
382 532 487 564 ultima,
503 539 563 567 quae
582 535 624 558 est
642 531 670 557 in
688 531 772 558 boreo
789 530 866 565 pede.
888 529 1045 556 Culminant

263 578 377 605 aliarum
396 578 546 609 stellarum,
564 577 642 604 initio
655 576 764 611 quidem
779 574 914 610 Ophiuchi
926 574 1045 602 secunda

264 623 300 650 ab
312 623 483 650 extremitate
496 622 578 658 139
592 623 695 649 caudae.
712 621 777 649 Item
802 621 829 648 in
846 621 987 656 Sagittarii
1006 621 1045 647 Ia~

263 670 368 696 terculo
384 668 548 696 antecedens
568 668 771 699 obscuriorum,
787 674 848 702 quae
866 667 893 693 in
911 667 1045 701 oppositis

263 719 327 742 sunt
351 714 479 749 angulis;
508 718 649 749 postremo
672 713 835 747 culminant,
859 713 959 745 lucida,
986 720 1046 748 qua:

263 764 306 788 est
322 760 349 787 in
370 760 461 787 medio
476 767 592 793 corpore
611 759 716 795 Cygni;
731 764 759 787 et
779 759 926 787 australior
947 766 1045 786 succe-

263 805 385 833 dentium
415 806 442 832 in
465 805 580 833 rhombo
600 805 735 840 Delphini.
761 804 869 833 Occidit
891 803 974 840 Virgo
998 804 1046 832 ho-

263 852 302 879 ris
315 851 343 883 ‘2,
360 851 411 879 I23

299 980 368 1010 XIII.
383 981 474 1009 Chelat
492 988 554 1008 cum
568 980 708 1013 occidunt,
730 979 872 1008 descendit
883 987 936 1007 una
956 979 1049 1007 zodia-

265 1037 314 1057 cus
331 1028 505 1056 aChelarum
532 1031 610 1062 parte
633 1026 667 1053 I7
686 1025 775 1053 media
800 1025 834 1052 ad
862 1024 968 1060 Scorpii
997 1025 1048 1058 I5;

265 1075 396 1102 culminat
420 1081 437 1101 a
460 1073 619 1109 Capricorni
648 1077 725 1108 parte
754 1072 787 1100 I0
809 1071 842 1099 ad
868 1072 904 1099 28
919 1071 1047 1099 mediam.

264 1120 343 1149 Prior
359 1120 460 1148 occidit
472 1120 562 1151 stella.
578 1118 668 1146 lucida
683 1125 744 1153 quae
761 1121 803 1145 est
826 1117 854 1145 in
877 1117 1049 1144 extremitate

265 1168 395 1195 australis
409 1167 513 1200 Chelm;
543 1166 651 1197 ultima,
666 1173 727 1200 qua:
739 1169 781 1193 est
794 1166 822 1191 in
838 1163 938 1191 boreali
954 1163 1047 1191 Chela.

265 1214 432 1241 Cmterarum
459 1212 600 1240 stellarum
627 1210 795 1242 culminant,
817 1210 905 1240 initio,
933 1208 1049 1235 maxime

266 1260 382 1288 borealis
398 1268 430 1287 ex
446 1260 490 1291 iis,
511 1266 570 1293 qum
585 1262 649 1285 sunt
664 1258 691 1284 in
717 1258 759 1283 ala
779 1257 885 1288 dextra,
903 1255 1049 1282 novissime

267 1314 327 1341 qua:
339 1306 366 1333 in
378 1313 425 1333 ore
439 1304 506 1340 Equi
519 1304 618 1331 lucida.
630 1303 763 1330 Occidunt
776 1302 866 1329 Chelze
880 1302 945 1328 hora
962 1302 986 1332 I,
1000 1300 1046 1327 ιδ’.

302 1438 368 1465 Cum
398 1437 510 1472 Scorpio
534 1435 648 1463 cadente
673 1435 771 1462 occidit
801 1441 853 1461 una
879 1433 1007 1460 zodiacus
1034 1440 1048 1459 a

267 1488 343 1519 parte
358 1484 392 1510 I5
406 1483 494 1510 mcdia
505 1482 650 1509 Chelarum
674 1481 706 1508 ad
724 1481 831 1515 Scorpii
843 1480 877 1512 6;
892 1480 1022 1506 culminat
1034 1486 1049 1504 a

267 1530 427 1564 Capricorni
443 1529 531 1556 media
548 1528 604 1555 7nd
618 1527 777 1562 Capricorni
788 1526 833 1552 ‘22.
852 1525 929 1553 Prior
951 1525 1049 1552 occidit

268 1577 417 1610 stcllaquw
443 1579 485 1602 est
504 1575 531 1601 in
546 1575 562 1600 3
578 1573 729 1609 spondylo;
757 1577 894 1608 postrema
915 1571 1051 1599 borcalior

267 1630 370 1653 earum,
383 1628 442 1655 qum
458 1624 521 1648 sunt
537 1621 564 1647 in
588 1620 685 1647 fronte.
703 1618 878 1654 Rcliquarum
911 1619 1050 1645 stellarum

268 1668 428 1698 r-ulininant,
446 1667 522 1693 initio
534 1665 643 1701 quidem
662 1673 756 1692 earum
770 1673 830 1699 qua:
850 1664 876 1691 in
898 1664 940 1690 ala
957 1664 1051 1691 dextra

267 1713 364 1748 Cygni,
380 1712 480 1744 media,
501 1712 580 1746 quasi
595 1711 755 1738 semicubito
776 1711 845 1737 citra
870 1710 1051 1736 mcridianum

268 1760 372 1794 posita;
387 1762 414 1785 et
429 1758 565 1785 borealior
581 1764 674 1784 earum
687 1764 748 1790 quae
770 1760 834 1783 sunt
849 1756 877 1782 in
892 1755 1051 1790 Capricorni

268 1805 383 1839 genibus
398 1813 405 1832 :
418 1804 565 1831 novissime
579 1803 742 1834 culminant,
753 1801 843 1828 lucida
860 1801 886 1827 in
903 1801 989 1828 cauda
1000 1801 1053 1835 Cy-

269 1851 313 1885 gni
333 1850 431 1884 media,
441 1854 467 1877 et
475 1850 635 1884 Capricorni
643 1848 802 1884 praecedens
812 1848 975 1879 Iucidarum,
992 1854 1052 1881 quae

269 1896 297 1922 in
314 1895 412 1927 cauda,
428 1903 443 1922 a
457 1895 609 1922 meridiano
631 1895 762 1922 deﬁciens
791 1895 869 1922 besse
885 1893 941 1921 fere
956 1893 1050 1920 cubiti.

269 1942 375 1970 Occidit
392 1942 523 1978 Scorpius
536 1942 603 1969 hora
618 1942 644 1970 I.

306 2073 452 2101 Occidente
469 2073 632 2109 Sagittario,
649 2072 789 2100 descendit
811 2080 865 2099 una
890 2072 1017 2099 zodiacus
1037 2079 1052 2098 ο

271 2126 345 2154 parte
362 2119 467 2154 Scorpii
484 2120 500 2146 5
515 2119 549 2146 ad
568 2118 707 2153 Sagittarii
721 2118 756 2144 27
768 2118 883 2145 mediam
898 2127 905 2151 ;
920 2119 1052 2144 culminat

271 2174 284 2192 a
302 2166 459 2200 Capricorni
470 2165 504 2193 20
519 2165 553 2192 ad
578 2165 697 2193 Piscium
715 2165 731 2191 5
745 2165 870 2192 mediam.
898 2164 988 2192 Prima
1007 2172 1052 2191 oc-

1093 256 1141 282 καὶ
1153 255 1200 282 τοῦ
1213 255 1328 288 Τοξότου
1342 256 1357 282 6
1377 256 1407 281 ὲν
1424 254 1500 290 μέσῳ
1509 254 1548 289 τῷ
1560 253 1646 289 νώτῳ,
1667 254 1705 286 ὡς
1732 256 1884 292 ἡμιπήχιον

1094 302 1298 337 προηγούμενος
1311 301 1358 328 τοῦ
1373 300 1570 336 μεσημϐρινοῦ.
1585 299 1664 327 Δύνει
1683 300 1712 327 δὲ
1730 301 1745 327 6
1763 301 1838 328 Λέων
1853 304 1882 329 ἐν

1093 347 1178 383 ὥραις
1195 347 1217 382 β’
1236 347 1283 374 καὶ¹
1300 347 1361 373 δυσὶ
1381 347 1491 382 μέρεσιν
1503 345 1587 382 ὥρας.

1129 392 1185 427 Τῆς
1198 392 1227 419 δὲ
1239 392 1376 428 Παρθένου
1391 392 1530 427 δυνούσης,
1543 392 1736 426 συγκαταδύνει
1751 395 1800 428 μὲν
1813 393 1881 429 αὐτῇ

1094 440 1108 466 6
1125 438 1256 471 ζωδιακὸς
1280 439 1334 466 ἀπὸ
1357 439 1472 471 Λέοντος
1494 439 1516 471 ζ’
1533 439 1580 465 καὶ
1600 438 1625 465 κ’
1642 439 1697 474 μοι.
1716 439 1769 471 ἓως
1784 440 1882 475 Χηλῶν

1094 484 1117 517 ζ’
1127 494 1133 500 ·
1151 487 1312 521 μεσουρανεῖ
1331 485 1359 512 δὲ
1382 485 1436 512 ἀπὸ
1450 485 1563 518 Τοξάτου
1582 488 1615 512 ια’
1629 485 1682 517 ἕως
1697 486 1883 522 Αίγοκέρωτος

1094 532 1125 559 δ’.
1141 532 1196 558 Καὶ
1207 534 1230 557 α’
1246 531 1295 566 μὲν
1310 531 1398 566 ἀστὴρ
1416 531 1488 558 δύνει
1510 532 1524 558 6
1546 532 1575 558 έν
1597 531 1671 567 ἄκρᾳ
1694 534 1726 567 τῇ
1751 533 1884 569 ἀριστερᾷ

1095 578 1211 614 πτέρυγι
1220 586 1227 593 α
1241 578 1355 613 ἔσχατος
1366 578 1395 604 δὲ
1408 578 1422 604 6
1440 578 1469 604 ὲν
1480 577 1520 613 τῷ
1532 577 1630 613 βορείῳ
1653 578 1721 604 ποδί.
1739 578 1883 615 Μεσουρα-

1095 624 1169 652 νοῦσι
1184 624 1212 650 δὲ
1225 624 1280 650 τῶν
1292 624 1379 651 ἄλλων
1396 624 1519 661 ἀστέρων
1542 625 1571 651 ὲν
1587 623 1636 659 μὲν
1656 626 1690 659 τῇ
1703 625 1773 660 ἀρχῇ
1789 624 1838 651 τοῦ
1855 633 1884 651 τε

1101 669 1242 704 Ὀφιούχου
1258 669 1272 695 6
1285 669 1307 703 β’
1323 669 1371 695 ἀπ’
1385 669 1473 704 ἄκρας
1487 669 1537 704 τῆς
1554 669 1648 705 οὐρᾶς,
1671 670 1719 696 καὶ
1738 669 1785 695 τοῦ
1802 669 1884 702 Τοξό-

1094 724 1142 742 του
1155 715 1209 741 τῶν
1222 715 1251 741 ὲν
1266 714 1305 750 τῷ
1318 715 1511 750 τετραπλεύρῳ
1529 716 1544 741 6
1559 715 1709 751 ἡγούμενος
1725 716 1779 744 τῶν
1797 716 1886 752 ἀμαυ-

1096 759 1214 795 ροτέρων
1232 759 1416 793 ἀντιγωνίων·
1440 759 1552 794 ἔσχατον
1574 760 1602 786 δὲ
1622 761 1819 796 μεσουρανοῦσι
1837 760 1884 788 τοῦ

1095 814 1126 833 τε
1143 806 1268 842 Ὄρνιθος
1284 807 1299 832 6
1317 807 1346 832 ὲν
1364 806 1437 841 μέσῳ
1451 806 1490 841 τῷ
1503 806 1608 841 σώματι
1622 807 1757 843 λαμπρὸς,
1775 809 1822 835 καὶ
1838 808 1885 835 τοῦ

1097 851 1223 887 Δελφίνος
1236 851 1290 878 τῶν
1304 852 1332 878 ὲν
1348 851 1386 886 τῷ
1401 852 1494 887 ῥόμϐῳ
1505 853 1520 879 6
1541 852 1701 889 νοτιώτερος
1717 854 1772 881 τῶν
1788 854 1886 890 ἑπομέ-

1061 886 1085 916 Β
1098 886 1161 923 νωνζ
1173 895 1249 922 Δύνει
1264 895 1293 922 δὲ
1313 897 1330 930 ἡ
1353 886 1489 932 Παρθένος
1508 897 1537 923 ἐν
1555 896 1642 933 ὦραις
1656 886 1685 933 ’β’
1701 899 1749 925 καὶ
1768 886 1886 935 πέμπτῳ

1100 941 1187 978 μέρει.

1132 988 1182 1015 II".
1201 989 1285 1015 Ὅταν
1299 988 1327 1014 δὲ
1340 989 1368 1015 αἱ
1388 988 1478 1024 Χηλαὶ
1494 988 1603 1020 δύνωσι,
1627 990 1822 1024 συγκαταδύνει
1836 991 1886 1027 μὲν

1098 1035 1221 1066 αὑταῐςὸ
1248 1034 1378 1066 ζωδιακὸς
1400 1035 1455 1061 ἀπὸ
1479 1035 1576 1068 Χηλῶν
1599 1036 1654 1071 μοι.
1674 1036 1706 1068 ιζ’
1726 1037 1812 1074 μέσης
1833 1038 1886 1070 ἓως

1098 1080 1233 1116 Σκορπίου
1251 1080 1306 1115 μοί.
1329 1084 1375 1107 ιε’·
1392 1083 1554 1117 μεσουρανετ
1567 1081 1595 1108 δὲ
1604 1082 1658 1108 ἀπὸ
1670 1082 1809 1119 Δῑγόκερω
1829 1084 1885 1119 μοί.

1100 1125 1115 1151 ι’
1130 1125 1182 1157 ἕως
1206 1126 1348 1161 Δίγόκερω
1371 1127 1426 1162 μοί.
1443 1126 1469 1162 η’
1489 1127 1535 1154 καὶ
1553 1127 1578 1154 κ’
1602 1127 1698 1163 μέσης.
1721 1129 1776 1156 Καὶ
1796 1132 1821 1156 α’
1837 1130 1886 1165 μὲν

1098 1170 1185 1206 ἀστὴρ
1201 1170 1273 1197 δύνει
1283 1172 1297 1198 6
1311 1172 1340 1199 ὲν
1354 1172 1427 1208 ἄκρα
1436 1173 1469 1208 τῇ
1480 1172 1556 1208 νοτίᾳ
1565 1173 1640 1208 Χηλῇ
1656 1173 1791 1210 λαμπρὸς,
1804 1175 1886 1210 ἐσχα-

1098 1224 1143 1247 τος
1153 1216 1207 1242 δὲὸ
1222 1217 1251 1242 ὲν
1271 1217 1341 1252 μέσῃ
1356 1219 1389 1253 τῇ
1413 1218 1510 1253 βορείῳ
1527 1219 1613 1254 Χηλῇ.
1633 1220 1835 1255 Μεσουρανοῦσι
1857 1221 1886 1248 δὲ

1098 1261 1151 1287 τῶν
1169 1262 1255 1288 ἄλλων
1275 1263 1396 1298 ἀστέρων
1414 1265 1442 1290 έν
1463 1265 1512 1299 μὲν
1527 1266 1559 1300 τῇ
1583 1267 1653 1301 ἀρχῇ
1670 1266 1715 1292 τοῦ
1734 1267 1857 1303 Ὄρνιθος
1871 1269 1887 1295 6

1100 1308 1267 1343 βορειότατος
1293 1309 1346 1335 τῶν
1364 1310 1392 1334 ὲν
1408 1311 1439 1344 τῇ
1457 1309 1531 1345 δεξιᾷ
1547 1311 1672 1346 πτέρυγι,
1690 1312 1801 1347 ἔσχατον
1824 1313 1852 1339 δὲ
1872 1315 1887 1340 6

1099 1354 1127 1379 ὲν
1142 1354 1179 1388 τῷ
1200 1355 1311 1389 στόματι
1335 1356 1379 1381 τοῦ
1399 1356 1496 1383 Ἵππου
1522 1357 1655 1392 λαμπρός.
1673 1357 1786 1385 Δύνουσι
1811 1359 1840 1386 δὲ
1858 1359 1887 1386 αἱ

1099 1399 1187 1434 Χηλαὶ
1204 1401 1231 1425 ὲν
1248 1399 1306 1434 ὥρᾳ
1320 1400 1343 1425 α’
1358 1400 1404 1426 καὶ
1422 1400 1443 1426 δ’
1462 1401 1550 1436 μέρει.

1134 1445 1186 1471 Τοῦ
1201 1445 1228 1471 δὲ
1242 1446 1375 1480 Σκορπίου
1391 1446 1522 1478 δύνοντος,
1539 1447 1733 1481 συγκαταδύνει
1750 1448 1799 1483 μὲν
1812 1448 1886 1484 αὑτῷ

1100 1491 1114 1516 6
1129 1491 1258 1522 ζωδιακὸς
1276 1491 1329 1517 ἀπὸ
1345 1491 1441 1525 Χηλῶν
1459 1492 1513 1527 μοί.
1534 1492 1566 1525 ιγ’
1584 1492 1670 1528 μέσης
1689 1493 1740 1525 ἕως
1754 1493 1886 1529 Σκορπὼυ

1104 1538 1157 1572 μοί.
1177 1537 1218 1569 ς’”
1238 1539 1398 1573 μεσουρανεῐ
1422 1538 1449 1563 δὲ
1472 1538 1525 1564 ἀπὸ
1540 1538 1680 1573 Λίγόκερω
1696 1538 1716 1570 ζ’
1732 1539 1817 1574 μέσης
1835 1539 1887 1571 ἕως

1102 1583 1241 1618 Λίγόκερω
1255 1583 1277 1617 β’
1292 1583 1337 1609 καὶ
1353 1587 1385 1610 κ’.
1404 1584 1458 1609 Καὶ
1470 1583 1493 1610 α’
1511 1584 1560 1618 μὲν
1571 1584 1657 1620 ἀστὴρ
1671 1584 1742 1611 δύνει
1755 1586 1769 1612 6
1782 1585 1828 1612 ἐπὶ
1840 1585 1887 1612 τοῦ

1102 1628 1126 1663 γ’
1143 1628 1286 1663 σφονδύλου
1301 1628 1436 1663 κείμενος,
1451 1629 1563 1664 ἔσχατον
1579 1630 1607 1655 δὲ
1621 1631 1634 1656 6
1652 1630 1820 1666 βορειότερος
1833 1630 1888 1657 τῶν

1102 1675 1129 1700 ὲν
1143 1673 1180 1709 τῷ
1196 1673 1323 1709 μετώπῳ.
1339 1674 1542 1709 Μεσουρανοῦσι
1555 1675 1583 1700 δὲ
1600 1675 1652 1701 τῶν
1666 1675 1753 1702 ἄλλων
1766 1675 1888 1711 ἀστέρων

1103 1721 1130 1746 ὲν
1144 1721 1192 1755 μὲν
1206 1722 1238 1755 τῇ
1254 1721 1324 1755 ἀρχῇ
1341 1719 1386 1746 τοῦ
1403 1721 1527 1755 ’Ὄρνιθος
1539 1721 1553 1746 6
1569 1721 1649 1755 μέσος
1662 1722 1714 1750 τῶν
1727 1724 1756 1749 ὲν
1768 1724 1801 1758 τῇ
1814 1722 1889 1758 δεξιᾷ

1102 1766 1226 1800 πτέρυγι,
1245 1766 1454 1801 ὑπολειπόμενος
1478 1766 1515 1797 ὼς
1535 1767 1684 1802 ἡμιπήχιον
1706 1767 1754 1794 τοῦ
1780 1776 1887 1803 μεσημ-

1103 1811 1205 1847 ϐρινοῦ,
1224 1812 1329 1838 καὶτοῦ
1347 1812 1487 1847 Αίγόκερω
1505 1813 1518 1838 6
1534 1813 1701 1849 βορειότερος
1721 1814 1775 1840 τῶν
1792 1815 1821 1841 ἐν
1832 1815 1890 1846 τοῖς

1102 1857 1211 1890 γόνασιν
1221 1865 1227 1871 ·
1245 1856 1357 1892 ἔσχατον
1371 1856 1398 1883 δὲ
1419 1858 1614 1892 μεσουρανοῦσι
1630 1858 1677 1884 τοῦ
1690 1867 1720 1885 τε
1735 1858 1859 1895 Ὄρνιθος
1874 1861 1890 1885 ὁ

1102 1903 1130 1928 ἐν
1147 1902 1217 1937 μέσῃ
1228 1903 1262 1937 τῇ
1278 1903 1346 1937 οὐρᾷ
1358 1902 1494 1937 λαμπρὸς,
1509 1903 1556 1930 καὶ
1571 1904 1617 1930 τοῦ
1630 1905 1770 1940 Δίγόκερω
1783 1906 1796 1931 6
1810 1904 1890 1941 ήγούυ

1103 1957 1182 1983 μενος
1202 1948 1255 1975 τῶν
1274 1949 1302 1974 ὲν
1317 1951 1348 1984 τῇ
1362 1949 1430 1984 οὐρᾷ
1450 1949 1594 1985 λαμπρῶν,
1612 1950 1825 1986 ὑπολειπόμενος
1841 1951 1888 1978 τοῦ

1104 1994 1288 2030 μεσημϐρινοῦ
1302 1995 1339 2026 ῶς
1352 1994 1373 2029 β’
1391 1995 1461 2030 μέρη
1478 1996 1596 2030 πήχεως.
1612 1995 1690 2022 Δύνει
1705 1996 1733 2022 δὲ
1755 1996 1889 2032 Σκορπίος

1102 2041 1130 2066 ὲν
1143 2039 1202 2075 ὥρᾳ
1215 2040 1249 2066 σι’.

1137 2084 1190 2110 Τοῦ
1206 2084 1234 2110 δὲ
1255 2084 1368 2116 Τοξότου
1388 2084 1519 2119 δύνοντος,
1538 2085 1732 2119 συγκαταδύνει
1751 2087 1799 2122 μὲν
1815 2087 1889 2123 αύτῷ

1101 2131 1115 2156 6
1132 2129 1261 2161 ζωδιακὸς
1275 2130 1330 2156 ἀπὸ
1346 2130 1480 2165 Σκορπίου
1498 2131 1552 2165 μοί,
1569 2131 1593 2164 γ’
1608 2131 1659 2162 ἕως
1674 2130 1787 2164 Τοξότου
1805 2131 1826 2163 ζ’
1841 2133 1889 2159 καὶ

1102 2175 1127 2201 κ’
1142 2175 1241 2210 μέσης·
1267 2179 1426 2211 μεσουρανεῖ
1442 2176 1469 2202 δὲ
1490 2177 1543 2203 ἀπὸ
1566 2177 1706 2212 Λίγόκερω
1724 2178 1780 2213 μοί.
1795 2178 1820 2205 κ’
1835 2178 1889 2210 ἕως

269 2212 336 2239 cidit
347 2212 435 2239 lucida
455 2212 614 2247 posterioris
629 2211 721 2246 pedis;
748 2212 842 2238 ultima
858 2212 993 2238 borcalior
1004 2218 1050 2238 ea-

1109 2221 1218 2256 Ὶχούων
1234 2224 1253 2247 ε’
1271 2221 1365 2256 μέσης.
1383 2222 1438 2248 Καὶ
1449 2222 1473 2248 α’
1491 2222 1538 2256 μὲν
1552 2222 1638 2258 ἀστὴρ
1649 2211 1749 2250 δύνει-δ
1764 2223 1889 2260 λαμπρὸς

270 2266 341 2290 rum,
357 2267 417 2293 qum
428 2263 491 2286 sunt
506 2259 533 2285 in
548 2266 624 2294 sago.
639 2258 803 2286 Creterarum
820 2258 957 2286 stellarum
975 2258 1052 2284 initio

270 2305 422 2331 Culminant
440 2313 501 2339 qum
515 2309 556 2333 cst
571 2305 597 2331 in
609 2305 703 2332 dextra
720 2313 801 2331 manu
815 2305 914 2339 Cephei
927 2314 934 2338 ;
950 2308 978 2331 et
994 2311 1054 2338 qua:

271 2353 297 2379 in
312 2352 380 2379 Ilcxu
395 2353 443 2379 ala:
456 2352 574 2379 sinistrae
590 2352 691 2387 Cygni;
705 2359 755 2379 nec
768 2359 822 2379 non
845 2352 994 2379 succedens
1008 2359 1054 2378 ea-

271 2405 330 2424 rum
343 2405 402 2432 qua:
413 2402 476 2425 sunt
492 2398 520 2424 in
539 2402 614 2432 tergo
626 2397 793 2432 Capricorni,
809 2396 988 2423 meridianum
1001 2397 1054 2423 cir-

271 2441 339 2468 citer
350 2441 513 2468 antecedens
525 2450 532 2473 ;
544 2442 692 2469 novissime
705 2441 866 2475 culminant,
880 2442 991 2469 sinister
1007 2448 1054 2475 pes

272 2487 383 2522 Cephei,
404 2491 431 2514 ct
441 2495 500 2522 quae
513 2488 540 2514 in
555 2488 684 2515 umbilico
695 2492 737 2516 est
752 2487 831 2523 Equi.
846 2488 952 2516 Occidit
964 2487 1054 2523 Sagit-

272 2535 357 2561 tarius
370 2534 444 2561 horis
459 2535 476 2561 5

305 2677 376 2704 XIV.
386 2678 453 2706 Cum
462 2677 630 2714 Capricorno
641 2677 919 2706 dcscenditzodiacus
930 2685 945 2704 a
956 2678 1056 2712 parte?

271 2724 431 2759 Capricorni
450 2726 482 2753 ad
506 2726 541 2752 24
569 2725 705 2757 mediam;
725 2725 858 2752 culminat
877 2732 892 2751 a
907 2725 994 2751 media
1010 2723 1055 2750 Pi-

272 2772 360 2798 scium
375 2771 405 2798 II
423 2772 456 2798 ad
471 2771 572 2798 Arietis
582 2771 609 2799 9.
625 2770 716 2798 Prima
729 2771 828 2798 occidit
850 2771 997 2798 australior
1010 2779 1057 2798 ea-

273 2823 334 2842 rnm
349 2824 410 2851 quae
434 2817 461 2843 in
476 2817 625 2852 geniculis;
654 2816 750 2843 ultima
779 2816 930 2844 succedens
962 2823 1056 2844 earum

272 2869 331 2896 qua:
349 2866 413 2889 sunt
433 2863 461 2890 in
479 2863 577 2890 cauda.
593 2863 769 2898 ﬂcliqnarum
795 2863 935 2891 stellarum
959 2863 1057 2891 culmi-

1103 2267 1117 2292 6
1133 2267 1161 2292 ὲν
1176 2265 1214 2301 τῷ
1233 2266 1347 2301 ὀπισΘίῳ
1363 2266 1431 2297 ποδὶ,
1450 2267 1560 2301 ἔσχατος
1573 2268 1601 2294 δὲ
1624 2269 1638 2294 6
1654 2268 1822 2305 βορειότερος
1834 2270 1889 2296 τῶν

1104 2313 1133 2338 ὲν
1147 2313 1179 2347 τῇ
1197 2312 1330 2346 ὲφαπτίδι.
1342 2313 1544 2347 Μεσουρανοῦσι
1557 2313 1585 2340 δὲ
1599 2313 1652 2340 τῶν
1663 2314 1749 2341 ἄλλων
1766 2315 1888 2351 ἀστέρων

1104 2359 1133 2384 ὲν
1147 2359 1234 2393 μὲντῇ
1252 2359 1321 2393 ἀρχῇ
1336 2358 1381 2384 τοῦ
1393 2359 1509 2393 Κηφέως
1522 2360 1535 2385 6
1551 2360 1579 2385 ἐν
1587 2360 1659 2395 ἄκρᾳ
1671 2362 1704 2396 τῇ
1719 2361 1792 2397 δεξιᾷ
1804 2362 1887 2397 χειρὶ,

1105 2403 1152 2429 καὶ
1164 2402 1211 2429 τοῦ
1226 2403 1350 2438 Ὄρνιθος
1364 2404 1378 2429 6
1391 2404 1419 2429 ὲν
1434 2404 1471 2438 τῷ
1486 2404 1588 2437 ἀγκῶνι
1602 2406 1651 2440 τῆς
1665 2406 1811 2442 ἀριστερᾶς
1822 2408 1888 2434 πτέ-

1107 2458 1198 2485 ρυγος,
1213 2450 1260 2476 καὶ
1271 2449 1317 2475 τοῦ
1328 2450 1469 2485 Αἱγόκερω
1480 2451 1494 2476 6
1504 2451 1635 2486 ἑπόμενος
1645 2452 1699 2479 τῶν
1708 2454 1738 2479 ὲν
1751 2453 1790 2488 τῷ
1800 2453 1887 2490 νώτῳ,

1105 2494 1309 2530 προηγούμενος
1320 2495 1366 2521 τοῦ
1379 2496 1565 2531 μεσημϐρινοῦ
1580 2497 1617 2528 ὡς
1631 2498 1795 2533 ήμιπήχιον”
1809 2499 1890 2534 ἐσχα-

1105 2549 1151 2567 τον
1163 2541 1190 2567 δὲ
1203 2541 1397 2576 μεωυρανοῦσι
1411 2542 1457 2568 τοῦ
1469 2551 1497 2568 τε
1507 2543 1622 2578 Κηφέως
1630 2544 1644 2569 6
1654 2544 1797 2580 ἀριστερὸς
1810 2545 1887 2577 ποῦς·

1103 2587 1152 2613 καὶ
1167 2587 1213 2613 τοῦ
1227 2588 1324 2614 Ἵππου
1338 2589 1352 2614 6
1369 2589 1397 2614 ὲν
1413 2588 1451 2623 τῷ
1469 2589 1591 2624 ὀμφαλῷ.
1606 2589 1683 2616 Δύνει
1696 2590 1725 2616 δὲ
1741 2591 1755 2616 6
1773 2590 1890 2627 Τοξότης

1106 2633 1135 2659 ὲν
1151 2633 1234 2669 ὥραις
1250 2633 1282 2667 γ’.

1142 2679 1190 2705 1Δ’.
1208 2679 1261 2705 Τοῦ
1279 2679 1306 2705 δὲ
1323 2679 1464 2714 Λὶγόκερω
1478 2679 1610 2712 δύνοντος,
1627 2681 1824 2715 συγκαταδύνει
1840 2682 1890 2717 μὲν

1107 2724 1181 2759 αὺτῷ
1192 2725 1207 2750 6
1220 2725 1349 2756 ζωδιακὸς
1361 2725 1414 2751 ἀπὸ
1426 2725 1566 2760 Αἰγόκερω
1580 2726 1634 2761 μοί.
1651 2727 1673 2761 β’
1688 2726 1740 2758 ἕως
1749 2727 1891 2762 Δίγόκερω

1109 2771 1163 2805 μοί.
1176 2771 1195 2797 δ’
1211 2773 1257 2798 καὶ
1267 2771 1290 2797 κ’
1306 2771 1389 2806 μέσης
1399 2779 1405 2786 ·
1420 2773 1582 2806 μεσουρανεῖ
1594 2772 1621 2798 δὲ
1637 2773 1690 2800 ἀπὸ
1710 2773 1820 2808 Ἰχθύων
1833 2773 1890 2808 μοί.

1110 2820 1141 2842 ια’
1158 2817 1242 2852 μέσης
1259 2817 1310 2848 ἕως
1324 2817 1409 2851 Κριοῦ
1419 2817 1450 2843 θ’.
1467 2818 1521 2844 Καὶ
1537 2817 1561 2844 α’
1577 2819 1624 2853 μὲν
1636 2819 1723 2855 ἀστὴρ
1735 2818 1808 2846 δύνει
1821 2819 1837 2844 6
1849 2827 1893 2845 νο-

1107 2862 1235 2897 τιώτερος
1252 2863 1304 2890 τῶν
1323 2864 1351 2890 ὲν
1363 2864 1418 2894 τοῖς
1430 2863 1573 2897 γονατίοις,
1589 2864 1701 2899 ἔσχατος
1713 2864 1743 2891 δὲ
1757 2865 1771 2890 6
1787 2863 1892 2898 ἑπόμε-
