4106 6472
405 338 542 396 1129

1379 333 1749 393 HIPPARCHI
1787 338 1880 393 AD
1917 340 2369 400 PHAENOMENA
2410 345 2537 400 LIB.
2580 343 2664 401 ΙΙΙ.

3528 362 3664 418 H30

401 472 492 520 νος
526 455 636 508 τῶν
682 455 742 508 ὲν
780 455 846 525 τῇ
881 453 1036 526 οὑρᾷ.
1079 453 1491 522 Μεσουρανοῦσι
1546 454 1604 508 δὲ
1655 456 1765 509 τῶν
1811 457 1955 512 ἄλλω

2060 514 2062 520 _
2091 471 2244 528 nant,
2298 463 2454 519 initio
2515 465 2738 536 quidem
2773 465 3062 522 obscurior
3089 484 3276 525 earum
3308 488 3427 543 quae
3457 488 3584 534 sunt
3607 483 3665 536 in

401 547 647 620 ἀστέρων
675 548 732 600 ὲν
764 545 864 618 μὲν
907 549 972 617 τῇ
1009 549 1151 618 ἀρχῇ
1195 546 1296 616 τῆς
1329 547 1702 611 Κασσιεπείας
1742 549 1772 600 6
1800 550 1980 620 ἀμαυ-

2085 555 2224 609 solio
2251 555 2585 626 Cassiepeze,
2611 563 2666 611 et
2703 572 2890 612 earum
2918 575 3039 630 quae
3064 573 3191 615 sunt
3215 563 3270 616 in
3303 563 3665 626 Andromedae

403 641 622 712 ρότερος
648 639 756 692 τῶν
777 641 835 691 ὲν
866 638 945 710 τῷ
967 639 1162 710 δίφρῳ,
1197 638 1292 691 καὶ
1317 639 1418 710 τῆς
1460 639 1818 710 Ἀνδρομέδας
1843 644 1871 694 6
1894 641 1956 712 βο

2083 655 2322 717 pectore,
2373 648 2644 703 borealior
2671 665 2685 700 :
2714 650 3014 706 novissime
3080 654 3404 720 culminant,
3441 659 3664 719 sinister

405 731 672 803 ρειότερος
693 731 801 783 τῶν
826 732 884 784 ἐν
909 731 987 801 τῷ
1011 730 1227 802 στήθει·
1260 727 1486 801 ἔσχατον
1507 731 1564 783 δὲ
1588 733 1980 804 μεσουρανοῦσι

398 821 493 874 τοῦ
520 839 578 874 τε
596 823 850 894 Περσέως
869 825 897 875 6
924 821 1209 894 ἀριστερὸς
1237 819 1407 892 ὦμος,
1437 821 1863 893 ὑπολειπόμενος
1881 823 1977 878 τοῦ

402 916 772 998 μεσημϐρινοῦ
805 917 880 980 ὡς
911 917 955 987 β’
989 917 1128 989 μέρη
1160 919 1399 988 πήχεως.
1437 916 1593 971 Δύνει
1616 918 1674 971 δὲ
1701 921 1730 973 6
1753 920 1979 989 Δίγόκε-

399 1024 507 1078 ρως
535 1008 594 1061 ὲν
625 1007 743 1079 ὥρᾳ
766 1006 814 1060 α’
853 1009 947 1062 καί
975 1008 1019 1078 β’
1048 1009 1269 1079 μέρεσιν
1293 1008 1463 1080 ὧρας.

469 1101 574 1154 Τοῦ
595 1101 649 1153 δὲ
686 1101 970 1172 Ὑδροχόου
991 1101 1258 1166 δύνοντος,
1281 1102 1671 1170 συγκαταδύνει
1705 1103 1804 1174 μὲν
1827 1105 1976 1176 αὐτῷ

394 1196 424 1247 6
479 1192 740 1258 ζωδιακὸς
797 1194 907 1246 ἀπὸ
956 1194 1331 1265 Αἰγοκέρωτος
1381 1195 1491 1266 μοί.
1526 1195 1595 1266 ιη’
1651 1198 1823 1269 μέσης
1871 1197 1976 1262 ἕως

405 1287 690 1359 ’Υδροχόου
727 1287 819 1340 ιε’⁶
859 1292 1179 1360 μεσουρανεῖ
1207 1289 1264 1342 δὲ
1297 1290 1404 1342 ἀπὸ
1437 1289 1610 1361 Κριοῦ
1649 1291 1757 1360 μοί.
1797 1292 1844 1360 γ’
1869 1292 1974 1357 ἕως

391 1379 605 1450 Ταύρου
631 1379 675 1444 ζ’
712 1379 900 1450 μέσης.
936 1380 1048 1432 Καὶ
1083 1379 1132 1433 α’
1174 1379 1272 1450 μὲν
1299 1380 1475 1451 ἀστὴρ
1505 1380 1650 1433 δύνει
1675 1381 1704 1432 6
1736 1381 1973 1451 ήγούμεο

390 1487 480 1533 νος
508 1470 616 1524 τῶν
646 1473 703 1523 ὲν
726 1474 791 1541 τῇ
821 1472 1085 1543 ἀριστερᾷ
1115 1472 1279 1542 χειρὶ,
1315 1470 1541 1540 ἔσχατος
1568 1471 1625 1523 δὲ
1647 1473 1676 1523 6
1706 1472 1971 1542 ἑπόμενος

387 1561 495 1616 τῶν
526 1566 662 1634 ὲντῇ
696 1563 934 1617 κάλπιδι.
955 1563 1365 1634 Μεσουρανοῦσι
1390 1564 1449 1616 δὲ
1476 1563 1585 1615 τῶν
1609 1563 1784 1618 ἄλλων
1812 1565 1972 1618 ἀστέ-

389 1671 498 1725 ρων
523 1655 580 1708 ὲν
614 1656 710 1726 μὲν
743 1659 810 1727 τῇ
852 1657 999 1726 ἀρχῇ
1029 1655 1120 1709 τοῦ
1155 1656 1407 1727 Περσέως
1443 1658 1471 1708 6
1497 1658 1555 1709 ἐν
1590 1658 1656 1726 τῇ
1700 1657 1849 1726 ἅρπῃ
1884 1673 1972 1710 νε-

386 1746 662 1818 φελοειδὴς
693 1745 789 1811 ὢν,
815 1747 908 1800 καὶ
930 1748 1027 1818 τῆς
1065 1746 1419 1818 Ἀνδρομέδας
1442 1748 1470 1798 6
1502 1746 1786 1817 ἀριστερὸς
1811 1745 1966 1811 ποῦς,

2081 737 2343 794 humerus
2400 738 2605 803 Persei,
2639 740 2777 794 citra
2836 742 3122 799 meridiem
3183 745 3399 803 duabus
3439 751 3664 808 circiter

2080 833 2328 902 partibus
2355 833 2522 888 cubiti
2547 833 2706 889 situs.
2741 833 2953 891 Occidit
2976 837 3344 908 Capricornus
3376 842 3509 899 hora
3544 845 3570 900 1
3608 853 3664 902 et

2079 924 2294 982 duobus
2334 925 2478 981 horae
2512 926 2779 996 partibus.

2149 1104 2287 1158 Cum
2317 1103 2561 1174 Aquario
2607 1104 2865 1162 zodiacus
2919 1108 3121 1163 occidit
3150 1124 3181 1164 a
3219 1109 3539 1181 Capricorni
3572 1115 3657 1180 t8,

2077 1195 2256 1248 media
2310 1195 2378 1250 ad
2434 1195 2659 1266 Aquarii
2692 1196 2791 1262 15;
2848 1197 3117 1252 culminat
3149 1201 3217 1254 ab
3265 1201 3466 1259 Arietis
3515 1207 3549 1260 5
3590 1207 3660 1261 ad

2077 1284 2242 1339 Tauri
2293 1287 2526 1341 mediani
2558 1287 2606 1339 7.
2639 1286 2800 1343 Prior
2847 1289 3048 1344 occidit
3083 1293 3263 1358 stella,
3324 1297 3657 1355 antecedens

2073 1393 2286 1444 earum,
2321 1395 2442 1450 quae
2481 1390 2607 1435 sunt
2637 1381 2690 1434 in
2714 1381 2941 1437 sinistra
2973 1398 3174 1452 manu;
3211 1386 3423 1450 ultima,
3467 1405 3659 1445 succe-

2075 1469 2211 1524 dens
2237 1484 2446 1534 earum,
2476 1487 2603 1541 qua:
2629 1472 2685 1525 in
2709 1487 2868 1526 urna.
2929 1472 3284 1545 Reliquarum
3330 1479 3650 1545 culminant,

2073 1560 2230 1615 initio
2252 1560 2493 1630 quidem,
2545 1577 2609 1618 ea
2650 1577 2771 1633 quae
2811 1570 2896 1619 est
2954 1565 3008 1619 in
3047 1566 3217 1637 harpe
3247 1566 3434 1626 Persei
3483 1572 3656 1626 nebu-

2074 1650 2189 1704 losa
2209 1668 2223 1716 ;
2243 1659 2297 1706 et
2326 1651 2690 1708 Andromeda:
2722 1670 2819 1725 pes
2861 1656 3107 1722 sinister,
3136 1659 3417 1728 paululum
3435 1672 3655 1718 antece-

2072 1739 2208 1796 dens
2237 1743 2601 1797 meridianum
2637 1760 2650 1794 :
2685 1744 2814 1798 item
2842 1744 3045 1799 Arietis
3077 1761 3264 1800 earum
3289 1763 3410 1816 qua:
3440 1761 3570 1804 sunt
3598 1753 3654 1806 in

387 1839 584 1908 μικρὸν
631 1837 1040 1908 προηγούμενος
1081 1836 1176 1890 τοῦ
1219 1837 1628 1909 μεσημϐρινοῦ*
1665 1839 1866 1909 ὁμοίως
1905 1839 1956 1892 δὲ

2070 1832 2266 1902 capite,
2291 1832 2504 1900 media;
2531 1834 2725 1889 ultima
2769 1850 2920 1902 vero,
2949 1852 3070 1907 quae
3112 1845 3196 1892 est
3225 1839 3280 1892 in
3316 1838 3480 1894 Tauri
3527 1858 3652 1897 sca-

383 1929 478 1982 καὶ
503 1927 596 1981 τοῦ
625 1928 796 2000 Κριοῦ
821 1931 848 1981 6
877 1929 1040 2000 μέσος
1061 1928 1170 1981 τῶν
1195 1930 1252 1981 ὲν
1273 1932 1337 2000 τῇ
1370 1929 1577 2000 κεφαλῇ
1607 1948 1619 1960 ·
1649 1929 1875 2000 ἔσχατος
1904 1929 1963 1983 δὲ

379 2020 410 2070 6
434 2019 500 2090 ,ἐν
531 2021 596 2090 τῇ
625 2018 925 2092 ὠμοπλάτη
957 2017 1050 2071 τοῦ
1085 2019 1321 2091 Ταύρου,
1382 2020 1458 2083 ὡς
1497 2021 1798 2091 ἡμιπήχιον
1823 2037 1960 2091 προ-

380 2109 682 2182 ηγούμενος
707 2109 802 2163 τοῦ
837 2110 1230 2181 μεσημϐρινοῦ,
1261 2112 1354 2164 καὶ
1380 2111 1490 2164 τῶν
1517 2111 1723 2166 Ὑάδων
1749 2115 1777 2166 6
1801 2115 1860 2167 ὲν
1885 2112 1964 2183 τῷ

382 2203 594 2274 ῥύγχει,
632 2203 707 2267 ὡς
756 2203 1056 2274 ήμιπήχιον
1081 2202 1506 2273 ὑπολειπόμενος
1533 2203 1627 2257 τοῦ
1661 2204 1963 2276 μεσημϐρι-

380 2293 492 2348 νοῦ.
531 2293 686 2348 Δύνει
716 2293 774 2346 δὲ
802 2295 830 2346 6
871 2293 1151 2364 ’Υδροχόος
1179 2295 1237 2347 ὲν
1279 2293 1450 2365 ὥραις
1488 2294 1534 2364 β’
1566 2295 1660 2348 καὶ
1705 2296 1754 2367 η’
1782 2296 1958 2369 μέρει.

450 2385 570 2438 Τῶν
613 2385 671 2438 δὲ
713 2384 934 2454 Ἰχθύων
971 2385 1256 2449 δυνόντων,
1294 2385 1685 2453 συγκαταδύνει
1723 2386 1822 2457 μὲν
1860 2388 1961 2441 αύ-

376 2479 488 2540 τοῖς
533 2478 562 2547 6
609 2474 872 2539 ζωδιακὸς
919 2475 1026 2528 ἀπὸ
1066 2475 1351 2546 Ὑδροχόου
1412 2475 1521 2546 μοί.
1559 2482 1608 2544 γ’
1638 2475 1734 2529 καὶ
1774 2483 1823 2530 κ’
1857 2476 1963 2542 ’έως

376 2565 549 2638 Κριοῦ
603 2567 714 2637 μοί.
742 2564 816 2617 ε’·
861 2567 1188 2636 μεσουρανεῖ
1241 2565 1299 2617 δὲ
1318 2564 1426 2617 ἀπὸ
1469 2563 1686 2637 Ταύρου
1742 2565 1851 2636 μοί.
1898 2565 1961 2630 ις’

374 2658 480 2722 ἕως
501 2658 775 2730 Καρκίνου
797 2663 872 2722 ς’.
893 2657 1000 2710 Καὶ
1026 2663 1073 2708 α’
1095 2656 1192 2727 μὲν
1223 2657 1398 2728 ἀστὴρ
1417 2657 1561 2712 δύνει
1581 2660 1610 2711 6
1639 2659 1694 2710 ὲν
1709 2658 1863 2730 ἄκρῳ
1884 2656 1962 2728 τῷ

376 2751 567 2822 ῥύγχει
599 2749 694 2803 τοῦ
740 2750 1080 2822 βορειοτέρου
1128 2748 1360 2819 Ἰχθύος·
1404 2752 1730 2820 μεσουρανεῖ
1764 2749 1820 2802 δὲ
1852 2748 1962 2802 τῶν

373 2842 548 2898 ἄλλων
578 2842 820 2913 ἀστέρων
849 2844 907 2894 έν
952 2843 1049 2912 μὲν
1085 2843 1150 2912 τῇ
1184 2843 1326 2914 ἀρχῇ
1359 2842 1452 2896 τοῦ
1487 2860 1547 2895 τε
1573 2842 1785 2914 Ταύρου
1825 2843 1855 2894 6
1900 2842 1958 2895 ὲν

371 2939 439 3006 τῇ
470 2935 696 3004 ὲκφύσει
741 2934 834 2987 τοῦ
879 2933 1052 3000 δεξιοῦ
1097 2935 1345 3005 κέρατος,
1379 2936 1473 2988 καὶ
1515 2934 1608 2988 τοῦ
1648 2935 1892 3006 Ἦνιόχου
1931 2937 1960 2989 6

372 3028 656 3100 ἀριστερὸς
702 3022 849 3098 ὦμος
875 3066 890 3091 ,
927 3027 1005 3090 ὡς
1050 3029 1350 3099 ἡμιπήχιον
1403 3028 1810 3099 προηγούμενος
1859 3028 1958 3081 τοῦ

2067 1922 2194 1992 pula
2225 1923 2422 1988 media,
2465 1925 2625 1994 quasi
2660 1926 2986 1981 semicubito
3033 1929 3395 1985 meridianum
3436 1941 3654 1988 antece-

2064 2013 2220 2080 dens,
2249 2021 2301 2068 et
2360 2013 2682 2071 Sucularum
2707 2031 2828 2086 quae
2859 2024 2944 2073 est
2987 2019 3042 2072 in
3074 2027 3274 2086 rostro,
3333 2023 3651 2078 semicubito

2065 2103 2178 2159 fere
2204 2106 2470 2161 collocata
2512 2109 2652 2162 citra
2702 2109 3085 2166 meridianum.
3125 2111 3340 2168 Occidit
3372 2117 3650 2188 Aquarius

2064 2195 2218 2254 boris
2243 2197 2279 2251 2
2317 2198 2439 2270 1/3.

2139 2376 2388 2434 Piscibus
2464 2380 2844 2438 occidentibus
2911 2383 3196 2440 descendit
3261 2385 3517 2442 zodiacus
3580 2388 3650 2441 ab

2063 2469 2292 2541 Aquarii
2321 2479 2475 2540 parte
2501 2471 2572 2526 25
2618 2473 2686 2534 ad
2715 2475 2916 2531 Arietis
2935 2474 3000 2540 5;
3055 2476 3322 2531 culminat
3343 2493 3373 2530 a
3393 2476 3559 2531 Tauri
3580 2477 3647 2531 Π

2064 2563 2132 2618 ad
2164 2562 2364 2618 Cancri
2391 2563 2444 2618 6.
2471 2563 2632 2619 Prior
2650 2566 2854 2621 occidit
2881 2583 3003 2637 qute
3021 2575 3106 2623 est
3139 2569 3194 2622 in
3223 2577 3404 2625 rostro
3450 2570 3647 2624 borea-

2064 2654 2220 2710 lioris
2265 2654 2460 2721 Piscis,
2514 2658 2780 2713 culminat
2849 2660 3078 2714 aliarum
3137 2662 3418 2717 stellarum
3468 2665 3646 2727 initio,

2066 2763 2188 2818 quae
2209 2757 2295 2803 est
2320 2747 2374 2801 in
2398 2763 2662 2818 processu
2695 2764 2867 2805 cornu
2894 2750 3068 2806 dextri
3100 2749 3266 2806 Tauri
3293 2771 3307 2818 ;
3341 2761 3395 2807 et
3425 2754 3650 2806 sinister

2062 2839 2327 2895 humerus
2392 2839 2680 2907 Heniochi,
2743 2842 3072 2898 semicubito
3116 2843 3227 2900 fere
3280 2845 3646 2900 meridianum

2062 2930 2377 3002 praecedens
2417 2945 2430 2981 :
2469 2931 2766 2986 novissime
2824 2947 2957 2988 vero
3007 2933 3316 2988 culminant
3371 2936 3647 2991 borealior

2063 3039 2274 3092 earum,
2309 3038 2430 3094 quae,
2458 3023 2515 3077 in
2541 3023 2909 3080 anterioribus
2935 3025 3092 3080 Ursa
3118 3026 3408 3093 cruribus;
3440 3027 3569 3082 item
3615 3043 3647 3081 e

379 3121 752 3194 μεσημϐρινοῦ
775 3138 788 3151 ⁸
823 3119 1046 3190 ἔσχατον
1072 3121 1128 3173 δὲ
1168 3121 1564 3192 μεσουρανοῦσι
1596 3122 1696 3192 τῆς
1739 3139 1796 3174 τε
1828 3122 1956 3194 Ἀρ-

2066 3123 2301 3187 quatuor
2351 3115 2499 3170 circa
2531 3115 2856 3170 nubeculam
2887 3116 2942 3170 in
2973 3115 3188 3171 Cancro
3219 3119 3447 3173 sitarum
3491 3122 3642 3172 occi-

372 3231 502 3267 κτου
532 3217 561 3267 6
588 3213 920 3286 βορειότερος
947 3212 1056 3265 τῶν
1083 3214 1142 3264 ὲν
1159 3215 1272 3276 τοῖς
1297 3213 1650 3286 ἐμπροσθίοις
1686 3213 1952 3278 σκέλεσιν,

373 3308 468 3360 καὶ
504 3306 597 3360 τοῦ
628 3306 901 3379 Καρκίνου
933 3306 984 3358 οἱ
1024 3305 1152 3376 περὶ
1190 3305 1251 3358 τὸ
1283 3307 1529 3377 νεφέλιον
1561 3308 1669 3360 τῶν
1700 3309 1759 3361 ὲν
1803 3305 1954 3378 αὑτῷ

2064 3209 2310 3264 dentales
2333 3208 2474 3272 duae,
2502 3223 2718 3262 necnon
2765 3209 3062 3263 australior
3091 3211 3426 3264 anteriorum
3474 3210 3641 3265 Canis

2061 3302 2281 3375 pedum.
2317 3300 2588 3357 Occidunt
2617 3299 2806 3356 Pisces
2827 3301 2980 3356 boris
3010 3301 3187 3357 tribus
3210 3310 3264 3356 et
3283 3303 3533 3357 semisse.

374 3401 644 3471 κειμένων
667 3401 707 3454 6'
742 3400 785 3470 β’
808 3401 857 3454 oi
880 3401 1015 3478 πρὸς
1037 3402 1208 3468 δύσιν,
1243 3403 1338 3458 καὶ
1366 3401 1457 3456 τοῦ
1484 3403 1658 3466 Κυνὸς
1686 3403 1714 3455 6
1734 3399 2050 3471 νοτιώτερος
2083 3398 2191 3451 τῶν
2223 3394 2568 3468 ἐμπροσθίων
2611 3394 2807 3448 ποδῶν.
2869 3393 3094 3448 Δύνουσι
3137 3394 3194 3447 δὲ
3233 3396 3280 3447 οἱ
3318 3393 3522 3464 Ἰχθύες
3581 3396 3643 3448 ἐν

280 3559 290 3569 _
372 3496 544 3568 ὥραις
573 3504 622 3568 γ’
641 3499 737 3553 καὶ
765 3499 1039 3570 ἡμιωρίῳ.

439 3654 539 3710 IE'.
564 3656 670 3710 Τοῦ
689 3656 746 3710 δὲ
767 3655 938 3729 Κριοῦ
957 3656 1224 3725 δύνοντος,
1259 3656 1655 3725 συγκαταδύνει
1682 3656 1779 3727 μὲν
1802 3652 1949 3722 αὑτῷ

365 3751 395 3802 6
446 3749 709 3814 ζωδιακὸς
757 3750 865 3803 ἀπὸ
901 3751 1122 3822 Ἰχθύων
1177 3749 1286 3820 μοί.
1332 3749 1375 3801 θ’
1407 3750 1500 3802 καὶ
1542 3755 1588 3802 κ’
1621 3749 1726 3812 ἓως
1774 3745 1973 3818 Κριοῦ·

371 3840 480 3911 μοί.
503 3847 556 3905 ς’
582 3841 676 3894 καὶ
705 3847 751 3894 κ’
767 3857 780 3870 ³
818 3843 1140 3913 μεσουρανεί
1162 3839 1219 3893 δὲ
1241 3839 1348 3892 ἀπὸ
1379 3839 1624 3910 Διδύμων
1656 3837 1765 3907 μοί.
1790 3836 1831 3889 θ’
1855 3835 1950 3888 καὶ

366 3941 414 3987 κ’
443 3935 547 3998 ἓως
575 3913 860 4008 Καρκίνου.
883 3933 926 3987 θ’
959 3935 1054 3988 καὶ
1086 3941 1155 3989 κ’.
1191 3933 1301 3988 Καὶ
1333 3940 1380 3986 α’
1419 3934 1514 4004 μὲν
1542 3931 1718 4002 ἀστὴρ
1749 3930 1892 3983 δύνει
1921 3930 1949 3978 6

364 4027 423 4080 ἐν
448 4030 558 4090 τοῖς
588 4027 943 4099 ἐμπροσθίοις
965 4027 1141 4092 ποσὶν,
1165 4025 1392 4098 ἔσχατος
1416 4025 1472 4078 δὲ
1502 4025 1530 4076 ὁ
1552 4023 1816 4093 ἑπόμενος
1839 4021 1945 4073 τῶν

363 4119 422 4170 ὲν
455 4121 520 4189 τῇ
562 4118 718 4189 ούρᾷ.
749 4119 1089 4190 Μεσουρανεί
1128 4117 1185 4169 δὲ
1224 4115 1332 4167 τῶν
1387 4113 1561 4167 ἄλλων
1601 4113 1845 4182 ἀστέρων
1891 4112 1944 4162 ὲν

368 4208 467 4279 μὲν
492 4211 558 4280 τῇ
598 4211 740 4281 ἀρχῇ
773 4210 866 4263 τοῦ
900 4209 1074 4273 Κυνὸς
1103 4210 1132 4262 6
1171 4210 1228 4261 έν
1258 4207 1405 4278 ἄκρᾳ
1432 4208 1498 4276 τῇ
1530 4205 1685 4275 οὐρᾷ,
1715 4203 1790 4266 ὼς
1819 4205 1950 4273 ἡμι-

363 4300 1004 4371 πήχιονέὺπολειπόμενος
1025 4299 1119 4352 τοῦ
1164 4293 1557 4370 μεσημϐρινοῦ,
1595 4293 1691 4346 καὶ
1717 4292 1811 4344 τοῦ
1838 4292 1948 4362 Πη-

361 4392 542 4446 δαλίου
575 4395 603 4446 6
625 4395 681 4446 έν
715 4393 854 4464 μέσῃ
883 4396 948 4464 τῇ
973 4393 1128 4464 νοτία
1165 4391 1376 4462 πλευρᾷ
1396 4409 1408 4418 ·
1438 4388 1664 4457 ἔσχατον
1692 4384 1750 4438 δὲ
1773 4383 1875 4453 τῆς
1888 4400 1948 4434 τε

2132 3644 2250 3700 XV.
2303 3644 2441 3700 Cum
2496 3643 2681 3698 Ariete
2744 3643 3001 3698 zodiacus
3057 3642 3260 3698 occid-it
3305 3657 3336 3697 a
3391 3641 3634 3698 Piscium

2056 3748 2212 3812 parte
2229 3738 2300 3793 29
2331 3737 2398 3792 ad
2427 3737 2627 3790 Arietis
2684 3733 2790 3802 26;
2822 3734 3087 3788 culminat
3113 3749 3145 3788 a
3174 3733 3527 3789 Geminorum
3561 3733 3633 3786 29

2060 3835 2128 3888 ad
2148 3830 2344 3887 Cancri
2369 3829 2461 3883 29.
2495 3827 2651 3883 Prior
2685 3825 2884 3881 occidit
2904 3825 3082 3888 stella,
3107 3841 3229 3896 quae
3253 3833 3338 3880 est
3364 3825 3418 3878 iu
3466 3833 3635 3878 ante—

2059 3924 2299 3980 rioribus
2337 3922 2595 3991 pedibus;
2643 3919 2834 3972 ultima
2885 3931 3036 3982 vero,
3099 3915 3399 3971 succedens
3445 3928 3636 3970 earum

2059 4030 2181 4085 quae
2214 4022 2342 4068 sunt
2371 4012 2424 4065 in
2452 4010 2644 4064 cauda.
2679 4006 3012 4079 Casterarum
3032 4006 3296 4060 culutinat
3325 4005 3502 4069 initio,
3531 4003 3638 4060 Ca-

2051 4107 2139 4162 nis
2164 4107 2219 4160 in
2250 4105 2592 4160 extremitate
2616 4099 2805 4155 caudae
2826 4098 3024 4169 posita,
3051 4097 3376 4154 semicubito
3405 4095 3522 4152 fere
3557 4097 3638 4152 ci-

2052 4206 2137 4252 tra
2165 4195 2555 4258 meridianum,
2589 4200 2644 4248 et
2675 4207 2798 4263 quae
2825 4193 2880 4246 in
2934 4190 3116 4246 medio
3173 4189 3402 4245 australi
3461 4189 3632 4244 latere

2054 4290 2346 4357 Temonis;
2389 4288 2708 4351 novissime,
2759 4286 3089 4341 antecedens
3135 4297 3346 4347 earum,
3406 4296 3527 4352 qua:
3573 4283 3632 4336 in

2052 4382 2453 4456 posterioribus
2475 4379 2628 4434 Ursae
2655 4378 2906 4448 pedibus,
2939 4375 3266 4431 semicubito
3289 4374 3508 4428 circiter
3530 4389 3630 4427 an-

366 4485 604 4556 Ἀρκτου
634 4483 663 4534 6
685 4482 986 4554 ἡγούμενος
1014 4481 1122 4535 τῶν
1147 4482 1202 4534 ὲν
1222 4483 1336 4544 τοῖς
1370 4478 1637 4540 ὀπισθίοις
1667 4476 1845 4538 ποσὶν,
1868 4471 1944 4535 ὡς

2060 4475 2311 4531 tecedens
2351 4473 2737 4531 meridianum,
2769 4479 2823 4524 et
2863 4469 3163 4523 lucidarum
3198 4468 3252 4521 in
3274 4466 3418 4520 collo
3446 4481 3511 4520 ac
3541 4483 3632 4534 pe-

360 4575 660 4647 ὴμιπήχιον
688 4575 1096 4645 προηγούμενος
1130 4571 1223 4627 τοῦ
1264 4569 1658 4643 μεσημϐρινοῦ,
1691 4567 1786 4620 καὶ¹
1843 4565 1937 4618 τοῦ

362 4668 592 4730 Λέοντος
624 4664 731 4719 τῶν
765 4667 824 4719 ὲν
863 4665 942 4736 τῷ
978 4664 1232 4736 τραχήλῳ
1261 4663 1354 4716 καὶ
1387 4661 1572 4733 στήθει
1613 4657 1882 4731 λαμπρῶν
1913 4661 1942 4711 6

360 4769 409 4832 γ’
436 4763 531 4815 ἀπ’
560 4763 796 4832 ἄρκτων,
824 4758 898 4822 ὡς
920 4759 963 4828 β’
999 4757 1138 4829 μέρη
1163 4759 1381 4829 πήχεως
1406 4753 1830 4824 ὑπολειπόμενος
1847 4749 1940 4804 τοῦ

365 4855 758 4929 μεσημϐρινοῦ.
789 4855 943 4907 Δύνει
973 4852 1029 4904 δὲ
1055 4854 1083 4903 6
1109 4850 1274 4922 Κριὸς
1303 4853 1360 4902 ἐν
1381 4850 1548 4920 ῶραις
1578 4848 1642 4919 β’.
1829 4847 1838 4854 ’

433 4945 537 4997 Τοῦ
567 4945 622 4996 δὲ
655 4944 865 5014 Ταύρου
896 4942 1162 5003 δύνοντος,
1193 4939 1582 5008 συγκαταδύνει
1618 4938 1714 5009 μὲν
1743 4936 1891 5007 αὑτῷ
1915 4939 1942 4989 6

360 5035 622 5101 ζωδιακὸς
654 5034 763 5098 ἀπὸ
803 5032 975 5104 Κριοῦ
1032 5032 1141 5102 μοί.
1175 5037 1221 5083 κ’
1250 5030 1353 5094 ἕως
1399 5031 1611 5102 Ταύρου
1661 5031 1769 5101 μοί.
1817 5027 1937 5093 κς’·

363 5128 686 5198 μεσουρανεῖ
711 5125 767 5178 δὲ
801 5124 910 5179 ἀπὸ
941 5123 1218 5195 Καρκίνου
1260 5121 1367 5192 μοί.
1394 5120 1438 5191 β’
1473 5122 1567 5174 καὶ
1591 5127 1638 5174 κ’
1661 5120 1766 5183 ἕως
1798 5120 1943 5192 Παρ-

359 5219 519 5273 θένου
543 5217 606 5283 ζ’.
641 5221 749 5272 Καὶ
781 5225 827 5271 α’
855 5217 952 5289 μὲν
977 5217 1153 5288 ἀστὴρ
1173 5214 1317 5269 δύνει
1347 5217 1374 5267 6
1403 5214 1724 5283 νοτιώτερος
1750 5213 1859 5267 τῶν
1883 5217 1942 5266 ὲν

357 5316 423 5384 τῇ
468 5313 716 5382 ἀποτομῇ
750 5313 814 5378 δ’,
845 5311 1070 5381 ἔσχατος
1115 5309 1170 5362 δὲ
1206 5311 1235 5361 6
1272 5309 1328 5360 ὲν
1361 5305 1516 5377 ἄκρῳ
1561 5305 1640 5376 τῷ
1670 5305 1942 5377 ἀριστερῷ

357 5408 573 5478 κέρατι.
603 5403 1010 5475 Μεσουρανοῦσι
1039 5401 1095 5454 δὲ
1127 5399 1234 5453 τῶν
1271 5399 1445 5454 ἄλλων
1470 5397 1714 5467 ἀστέρων
1753 5400 1811 5452 ὲν
1843 5398 1941 5468 μὲν

355 5502 422 5570 τῇ
450 5500 592 5570 ἀρχῇ
624 5495 718 5550 τοῦ
739 5496 935 5568 ’Ύδρου
961 5497 989 5548 6
1018 5489 1337 5554 νοτιώτατος
1365 5489 1476 5544 τῶν
1499 5491 1556 5544 ὲν
1576 5489 1656 5559 τῷ
1684 5489 1940 5560 τραχήλῳ

356 5597 427 5660 γ’,
441 5589 667 5658 ἔγγιστα
684 5586 790 5640 τῶν
809 5587 902 5638 ἀπ’
919 5587 984 5638 Ἀ
995 5601 1156 5657 ρκτου
1170 5583 1440 5652 κειμένων
1456 5580 1550 5634 τοῦ
1573 5578 1847 5650 λαμπροῦ,
1863 5579 1938 5644 ὡς

356 5682 656 5754 ήμιπήχιον
686 5677 1112 5747 ὑπολειπόμενος
1136 5675 1232 5728 τοῦ
1277 5671 1671 5747 μεσημϐρινοῦ·
1714 5670 1938 5742 ἔσχατον

356 5772 414 5826 δὲ
447 5767 838 5846 μεσουρανοῦσι
860 5767 958 5837 τῆς
980 5765 1255 5838 Παρθένου
1278 5767 1306 5817 ὁ
1336 5765 1392 5818 ὲν
1423 5762 1563 5835 μέσῃ
1583 5763 1649 5833 τῇ
1672 5761 1938 5831 ἀριστερᾷ

674 5863 947 5925 Ριτειοι.
979 5860 1096 5921 Gn.
1135 5855 1310 5916 ΧΙΧ.

2051 4571 2201 4618 ctore
2227 4561 2427 4617 Leonis
2461 4577 2488 4612 a
2515 4558 2990 4629 septentrionibus
3017 4557 3200 4619 tertia,
3232 4555 3480 4625 partibus
3533 4573 3631 4609 cu-

2050 4656 2149 4710 bili
2178 4654 2392 4709 duabus
2423 4653 2538 4706 fere
2578 4651 2715 4705 citra
2774 4650 3159 4704 meridianum.
3216 4646 3429 4701 Occidit
3471 4646 3631 4702 Aries

2047 4750 2194 4804 horis
2225 4745 2455 4803 duabus.

2121 4931 2257 4985 Cum
2288 4929 2469 4984 Tauro
2495 4927 2754 4982 zodiacus
2775 4926 2981 4983 occidit
3007 4927 3076 4983 ab
3111 4927 3314 4982 Arietis
3352 4935 3506 4996 parte
3556 4927 3628 4982 20

2052 5023 2209 5095 140
2257 5022 2337 5076 ad
2399 5020 2566 5075 Tauri
2624 5019 2732 5086 26;
2790 5021 3056 5076 culminat
3111 5036 3142 5075 a
3190 5022 3387 5076 Cancri
3434 5021 3506 5074 22
3557 5020 3628 5075 ad

2049 5115 2287 5186 Virginis
2325 5114 2379 5167 7.
2411 5113 2569 5168 Prior
2598 5115 2803 5169 occidit
2836 5115 3013 5180 stella,
3047 5129 3169 5184 quae
3200 5123 3286 5170 est
3330 5115 3627 5168 australior

2048 5212 2276 5266 sitarum
2321 5211 2380 5264 in
2409 5211 2734 5280 praecisione
2760 5221 3030 5281 quatuor;
3062 5211 3272 5274 ultima,
3305 5226 3425 5280 quae
3457 5218 3544 5264 est
3569 5210 3628 5264 in

2045 5303 2388 5359 extremitate
2424 5302 2632 5358 sinistri
2662 5318 2856 5357 cornu.
2891 5301 3246 5372 Reliquarum
3300 5301 3625 5364 culminant,

2047 5392 2203 5448 initio
2260 5392 2499 5462 quidem,
2556 5391 2953 5447 australissima
3007 5405 3195 5447 earum
3238 5405 3360 5460 quae
3409 5396 3538 5443 sunt
3572 5389 3629 5441 in

2045 5485 2206 5551 collo,
2237 5485 2578 5554 trium;qua:
2602 5483 2864 5554 proxima:
2883 5493 3013 5538 sunt
3047 5482 3112 5537 iis
3129 5497 3250 5552 quae
3292 5481 3360 5534 ad
3407 5490 3628 5549 septen-

2046 5577 2255 5632 triones
2285 5575 2539 5643 objacent
2565 5573 2760 5630 lucida:
2777 5591 2793 5636 ς
2817 5573 3146 5630 semicubito
3174 5571 3290 5626 fere
3306 5573 3445 5624 citra
3465 5571 3628 5623 meri-

2044 5669 2266 5724 dianum
2294 5669 2494 5738 posita,
2525 5667 2822 5724 novissime
2850 5665 3173 5730 culminant,
3202 5678 3321 5734 quae
3363 5663 3419 5715 in
3450 5662 3630 5717 media

2045 5761 2271 5818 sinistra
2298 5758 2671 5836 a|a_Virginis,
2701 5759 2983 5830 paululum
3005 5756 3372 5814 meridianum
3421 5771 3626 5826 praece—

3271 5847 3344 5909 36
