4106 6420
509 321 642 376 1151

1495 313 1586 368 AD
1618 313 1884 372 EUSEBII
1921 311 2316 372 CHBONICON
2355 312 2714 370 APPENDIX.

3631 307 3778 368 H52

509 435 646 490 dcns
677 454 688 488 :
713 440 842 490 item
867 445 1034 502 parva
1067 431 1123 486 in
1149 429 1311 486 Corvi
1347 430 1526 486 medio
1583 447 1834 504 corpore.
1855 430 2076 488 Occidit

2179 432 2428 502 πτέρυγι,
2467 431 2661 502 μικρὸν
2685 441 3090 500 προηγουμενος
3121 423 3212 478 τοῦ
3243 421 3638 494 μεσημϐρινοῦ,
3669 425 3768 478 καὶ

511 527 726 582 Taurus
755 526 904 582 horis
923 525 978 580 4.

585 705 832 763 Geminis
860 703 1235 760 occidentibus
1271 701 1530 756 zodiacus
1571 700 1858 757 descendit
1877 709 2088 772 a-parte

509 801 546 856 4
577 800 932 854 Geminorum
969 799 1038 852 ad
1077 799 1113 852 2
1159 796 1392 850 mediam
1447 795 1680 860 Cancri;
1739 795 1996 848 culmina!
2053 809 2088 848 a

511 901 667 964 parte
697 889 933 960 Virginis
962 889 1026 941 l7
1047 888 1113 944 ad
1169 887 1458 942 Chelarum
1506 885 1577 940 22
1621 885 1876 940 mediam.
1931 885 2088 940 Prior

511 980 714 1035 occidit
741 981 918 1040 stella,
945 993 1068 1048 quae
1115 985 1346 1032 vocatur
1388 977 1638 1047 Propus;
1697 977 1910 1042 ultima,
1965 991 2088 1047 quae

509 1079 594 1126 est
623 1071 676 1124 in
709 1070 902 1124 dextra
945 1084 1110 1122 manu
1143 1069 1489 1124 succedentis
1543 1067 1778 1123 Gemini.
1831 1066 2088 1138 Reliqua-

509 1177 632 1215 rum
661 1159 928 1214 culminat
955 1158 1113 1213 initio
1139 1157 1386 1228 quidem,
1411 1155 1796 1213 Vindemiator
1817 1167 1870 1213 et
1897 1160 2088 1215 dexter

507 1253 772 1308 humerus
794 1249 1057 1322 Virginis,
1084 1251 1408 1306 semicubito
1425 1247 1537 1304 fere
1567 1250 1926 1305 meridianum
1957 1265 2088 1320 prte-

507 1343 748 1410 cedens;
777 1343 1076 1398 novissime
1097 1343 1362 1397 culminat
1383 1341 1584 1405 lucida,
1617 1357 1740 1412 qua:
1787 1344 1946 1398 estin
1993 1359 2088 1398 ex-

506 1435 784 1490 tremitate
811 1433 993 1488 boreae
1017 1431 1198 1488 Chelae
1223 1471 1238 1497 ,
1270 1431 1486 1488 duabus
1519 1432 1692 1486 cubiti
1749 1432 1862 1488 fere
1913 1435 2088 1504 parti-

505 1525 610 1580 bus
657 1526 798 1580 citra
845 1523 1232 1580 meridianum.
1273 1521 1544 1580 Occidunt
1577 1522 1798 1580 Gemini
1835 1525 1988 1582 boris
2025 1525 2082 1592 2,

507 1615 610 1670 10'.

2187 523 2280 576 τοῦ
2297 523 2546 594 Κόρακος
2577 523 2606 574 ό
2633 523 2692 574 ὲν
2717 520 2866 590 μέσῳ
2889 517 2966 588 τῷ
2988 515 3198 588 σώματι
3227 515 3439 588 μικρός.
3471 513 3628 566 Δύνει
3654 514 3712 568 δὲ
3739 517 3772 568 6

2187 613 2398 685 Ταῦρος
2431 615 2488 668 έν
2523 613 2694 684 ὥραις
2717 619 2786 682 γ’.

2257 705 2378 758 Τῶν
2399 705 2456 758 δὲ
2477 705 2720 773 Διδύμων
2741 701 3025 766 δυνόντων,
3049 699 3437 770 συγκαταδύνει
3463 698 3560 769 μὲν
3579 700 3770 762 αὐτοῖς

2185 797 2214 850 6
2241 795 2502 860 ζωδιακὸς
2527 797 2636 850 ἀπὸ
2665 795 2909 865 Διδύμων
2939 794 3050 864 μοί.
3083 793 3124 846 δ’
3145 793 3248 854 ἓως
3281 791 3557 860 Καρκίνου
3593 790 3638 860 β’
3663 790 3769 860 μέο

2187 905 2286 960 σης
2305 903 2320 918 ·
2355 891 2680 960 μεσουρανεί
2699 887 2756 940 δὲ
2777 887 2884 940 ἀπὸ
2905 885 3181 958 Παρθένου
3213 881 3322 952 μοί.
3351 881 3416 944 ιζ’
3443 883 3547 944 ἓως
3567 881 3768 952 Χηλῶν

2189 978 2233 1049 β’
2267 979 2362 1030 καὶ⁵
2393 985 2440 1032 κ’
2473 979 2662 1050 μέσης.
2693 980 2804 1032 Καὶ
2827 985 2876 1032 α’
2907 979 3006 1048 μὲν
3021 975 3192 1046 ἀστὴρ
3218 975 3410 1028 δύνειό
3431 973 3770 1044 καλούμενος

2187 1071 2456 1142 Πρόπους,
2493 1071 2718 1142 ἔσχατος
2739 1070 2796 1122 δὲ
2839 1073 2868 1123 6
2901 1071 2957 1122 ὲν
2989 1067 3232 1140 τῇιδεξιᾷ
3253 1067 3394 1136 χειρὶ
3421 1065 3514 1118 τοῦ
3557 1065 3766 1135 ἑπομέ-

2185 1179 2276 1216 νου
2305 1163 2556 1233 Διδύμου.
2603 1165 2943 1234 Μεσουρανεῖ
2975 1161 3034 1214 δὲ
3061 1159 3167 1214 τῶν
3215 1159 3389 1213 ἄλλων
3431 1158 3674 1228 ἀστέρων
3705 1159 3767 1210 έν

2189 1255 2288 1324 μὲν
2315 1255 2381 1325 τῇ
2413 1255 2555 1328 ἀρχῇ
2585 1255 2612 1307 6
2639 1271 2698 1306 τε
2735 1251 3149 1327 Προτρυγητὴρ,
3179 1251 3270 1306 καὶ
3295 1251 3394 1321 τῆς
3433 1249 3707 1322 Παρθένου
3737 1251 3770 1303 6

2183 1347 2356 1414 δεξιὸς
2401 1343 2576 1419 ὦμος,
2635 1348 2710 1412 ὼς
2753 1349 3049 1418 ήμιπήχιον
3087 1343 3494 1418 προηγούμενος
3535 1341 3630 1396 τοῦ
3667 1360 3770 1412 με-

2187 1439 2516 1511 σημϐρινοῦ·
2561 1439 2789 1511 ἔσχατον
2817 1440 2876 1492 δὲ
2921 1441 3244 1510 μεσουρανεί
3277 1437 3386 1490 τῶν
3413 1435 3607 1507 Χηλῶν
3643 1435 3671 1488 6
3705 1435 3768 1486 ὲν

2184 1527 2332 1600 ἄκρᾳ
2353 1532 2421 1600 τῇ
2447 1529 2632 1602 βαρείᾳ
2661 1531 2815 1601 Χηλῇ
2861 1529 3132 1600 λαμπρὸς,
3166 1528 3242 1592 ὡς
3285 1527 3328 1598 β’
3361 1528 3500 1600 μέρη
3541 1527 3766 1596 πήχεως

2187 1618 2610 1695 ὑπολειπόμενος
2634 1619 2728 1674 τοῦ
2767 1617 3162 1692 μεσημϐρινοῦ.
3195 1618 3422 1672 Δύνουσι
3449 1619 3506 1672 δὲ
3535 1619 3584 1670 οἱ
3607 1617 3768 1672 Δίδυ-

2181 1725 2280 1780 .μοι
2311 1711 2370 1765 ὲν
2397 1710 2566 1782 ὥραις
2593 1711 2638 1782 β’
2671 1711 2764 1765 καὶ
2798 1718 2850 1776 ς’
2879 1711 3052 1784 μέρει.

1271 1834 1349 1890 De
1376 1834 1634 1890 distantia
1687 1835 1968 1890 stellarum
1999 1837 2218 1896 invicem
2243 1861 2334 1914 per
2357 1846 2642 1901 intervalla
2665 1859 2980 1916 temporum.

575 1947 716 2006 XVI.
745 1946 950 2004 Praeter
974 1945 1268 2003 orientium
1292 1953 1346 2002 et
1375 1946 1746 2002 occidentium
1775 1963 1899 2002 cum
1939 1949 2080 2004 side-

2249 1959 2366 2026 ις’.
2393 1957 2575 2030 Χωρὶς
2602 1959 2659 2012 δὲ
2685 1958 2783 2030 τῆς
2807 1961 2864 2011 ὲν
2885 1959 3006 2020 ταῖς
3041 1955 3424 2020 συνανατολαῖς
3445 1957 3538 2009 καὶ
3569 1955 3761 2010 δύσεσι

503 2041 656 2098 ribus
711 2039 921 2095 zodiaci
964 2039 1204 2110 partium
1257 2037 1590 2102 doctrinam,
1649 2055 1810 2095 usum
1859 2041 2084 2110 insuper

503 2133 782 2206 egregium
815 2131 1020 2186 habere
1055 2131 1192 2184 mihi
1221 2129 1458 2194 videtur,
1503 2130 1646 2186 scire
1673 2147 1798 2198 nos,
1831 2147 2082 2202 quaenam

504 2225 786 2282 stellarum
821 2223 1179 2279 inerrantium
1209 2223 1468 2278 horarum
1507 2223 1968 2292 aequinoctialium
1999 2227 2084 2281 in-

501 2315 747 2371 tervallis
771 2314 1032 2385 deinceps
1085 2313 1322 2368 invicem
1369 2312 1598 2369 distent.
1643 2313 1804 2370 Utilis
1837 2318 1986 2372 enim
2017 2331 2083 2374 ea

475 2441 478 2444 -
503 2423 596 2462 res
625 2413 710 2462 est
728 2407 794 2460 ad
817 2406 1008 2460 horam
1039 2413 1230 2461 exacte
1259 2413 1534 2461 nocturno
1557 2415 1802 2478 tempore
1817 2410 2080 2480 colligen-

475 2499 664 2552 -dam:
695 2505 807 2552 tum
841 2497 906 2552 ad
938 2497 1188 2568 ecliptica
1217 2496 1360 2553 lunae
1387 2500 1586 2570 spatia,
1611 2509 1666 2555 et
1695 2500 1752 2556 id
1785 2517 1956 2572 genus
1986 2516 2082 2556 co-

487 2591 820 2662 ..gnoscenda
847 2591 1080 2662 reliqua,
1103 2605 1227 2662 quae
1252 2589 1320 2645 ad
1371 2590 1614 2646 siderum
1660 2593 2082 2664 contemplatio-

505 2697 629 2737 nem
647 2681 941 2752 pertinent.

567 2773 942 2840 Quamobrem
973 2773 1030 2828 in
1059 2789 1124 2830 eo
1163 2773 1394 2836 circulo,
1423 2775 1518 2844 qui
1557 2788 1656 2845 per
1705 2775 1864 2846 polos
1906 2775 2082 2847 tropi-

507 2883 711 2938 ccsque
749 2867 1104 2930 describitur,
1136 2867 1291 2922 stella
1313 2872 1398 2921 est
1429 2866 1486 2920 in
1517 2869 1861 2923 extremitate
1895 2869 2082 2924 cauda:

503 2958 693 3021 Canis,
717 2955 960 3026 atquein
993 2971 1060 3011 eo
1087 2955 1459 3022 semicirculo,
1483 2956 1578 3026 qui
1608 2956 1858 3011 aestivum
1907 2957 2084 3029 trapi-

506 3065 632 3105 cum
667 3051 930 3106 continet.
959 3049 1044 3104 Ab
1069 3049 1172 3103 hac
1209 3048 1368 3104 stella
1423 3049 1644 3104 borario
1695 3049 1862 3106 distat
1911 3051 2082 3106 inter-

505 3143 669 3207 vallo,
709 3157 848 3214 -ιιιιω
899 3143 956 3196 in
1025 3155 1288 3212 processu
1343 3141 1469 3196 colli
1501 3140 1669 3214 Hydri
1736 3143 1915 3213 posita
1971 3149 2076 3199 est.

2183 2035 2435 2120 θεωρίας,
2465 2049 2758 2122 εὔχρηστον
2793 2043 2932 2102 εἶναι
2961 2047 3166 2119 νομίζω
3195 2048 3290 2101 καὶ
3315 2047 3377 2101 τὸ
3418 2047 3764 2119 παρακολου-

2182 2140 2294 2194 θεῖν
2325 2141 2473 2212 ἡμᾶς
2499 2142 2642 2204 τίνες
2665 2141 2772 2194 τῶν
2803 2139 3054 2194 ἀπλανῶν
3072 2139 3314 2211 ἀστέρων
3333 2139 3635 2210 ἀπέχουσιν
3661 2141 3762 2192 ἀπ’

2181 2231 2425 2304 ἀλλήλων
2441 2231 2580 2285 κατά
2609 2231 2676 2286 τά
2703 2231 2829 2302 ἑξῆς
2855 2229 3054 2303 ὼριαῖα
3077 2231 3366 2302 ἰσημερινά
3390 2231 3759 2301 διαστήματα.

2183 2325 2352 2380 Τοῦτο
2377 2327 2486 2397 γάρ
2513 2327 2646 2398 ἡμῖν
2667 2325 2964 2396 εύχρηστόν
2988 2325 3134 2378 ἐστιν
3157 2323 3292 2394 πρός
3325 2339 3384 2375 τε
3405 2323 3464 2374 τὸ
3483 2323 3581 2394 τὴν
3607 2323 3762 2394 ὥραν

2181 2417 2282 2488 τῆς
2303 2418 2494 2482 νυκτὸς
2523 2417 2764 2490 ἀκριϐῶς
2795 2415 3224 2485 συλλογίζεσθαι,
3251 2415 3346 2468 καὶ
3377 2414 3512 2486 πρὸς
3539 2413 3599 2467 τὸ
3631 2417 3762 2478 τοὺς

2181 2507 2556 2571 ὲκλειπτικοὺς
2577 2507 2676 2578 τῆς
2700 2507 2928 2578 σελήνης
2949 2505 3193 2578 χρόνους,
3225 2505 3320 2558 καὶ
3345 2503 3508 2576 ἕτερα
3537 2503 3762 2556 πλείονα

2181 2599 2462 2652 κατανοεῖν
2491 2597 2598 2650 τῶν
2627 2597 2685 2650 ὲν
2715 2595 3040 2668 ἀστρολογίᾳ
3057 2595 3234 2666 θεωρη
3245 2593 3447 2666 μάτων.

2263 2777 2387 2830 Ἐπὶ
2415 2775 2511 2848 μὲν
2537 2771 2628 2831 οὗν
2645 2775 2752 2830 τῶν
2769 2773 2860 2828 διά
2880 2772 2986 2828 τῶν
3001 2771 3276 2846 τροπικῶν
3295 2771 3536 2842 σημείων
3556 2771 3651 2824 καὶ
3667 2771 3760 2824 διά

2177 2867 2288 2922 τῶν
2307 2867 2484 2922 πόλων
2509 2866 2856 2940 γραφομένου
2877 2861 3076 2919 κύκλου
3097 2865 3271 2920 κεῖται
3295 2861 3512 2933 ἀστὴρὸ
3533 2863 3591 2914 ὲν
3611 2863 3758 2932 ἄκρᾳ

2179 2961 2244 3029 τῇ
2269 2957 2406 3030 οὐρᾷ
2433 2955 2528 3011 τοῦ
2575 2957 2772 3022 Κυνὸς,
2805 2957 2863 3010 ὲν
2883 2955 2960 3027 τῷ
2992 2955 3083 3010 τὸν
3121 2954 3330 3026 θερινὸν
3359 2953 3618 3025 τροπικὸν
3655 2969 3722 3024 ση
3741 2981 3757 2990 -

2183 3051 2333 3119 μεῖον
2371 3047 2548 3118 ἔχοντι
2596 3047 2906 3118 ἡμικυκλίῳ
2941 3045 3212 3116 κείμενος.
3261 3043 3392 3098 Ἀπὸ
3441 3045 3634 3096 τούτου
3659 3043 3756 3096 τοῦ

2179 3140 2406 3212 ἀστέρος
2433 3141 2626 3210 ἀπέχει
2657 3139 2879 3212 ὼριαῖον
2907 3138 3180 3208 διάστημα
3197 3135 3290 3190 τοῦ
3313 3153 3372 3188 τε
3403 3135 3604 3206 ’Ύδρου
3636 3137 3664 3188 6
3695 3137 3758 3188 ὲν

506 3233 760 3290 Proxime
815 3233 981 3288 etiam
1043 3233 1226 3288 lucida
1293 3233 1352 3288 in
1411 3233 1781 3290 anterioribus
1843 3233 2078 3306 genibus

2177 3235 2245 3303 τῇ
2281 3231 2508 3302 έκφύσει
2543 3229 2636 3284 τοῦ
2677 3231 2947 3302 τραχήλου
2977 3231 3245 3300 κείμενος.
3278 3229 3550 3297 Ἔγγιστα
3575 3229 3634 3282 δὲ
3665 3229 3760 3282 καὶ

505 3321 681 3379 Ursae.

575 3413 884 3470 Secundum
923 3413 1204 3470 horarium
1233 3413 1578 3469 intervallum
1631 3415 1891 3469 terminat
1947 3413 2081 3470 stel-

501 3507 612 3561 lula
637 3507 799 3576 paulo
828 3506 951 3577 plus
989 3505 1216 3562 cubitali
1258 3505 1438 3576 spatio
1481 3521 1579 3562 cor
1610 3505 1810 3562 Leonis
1859 3513 2080 3562 antece-

485 3599 658 3654 -dens.
685 3597 1126 3653 Eadem-stellula
1161 3597 1492 3668 spondylum
1537 3597 1798 3667 precedit
1847 3598 2076 3662 circulo,

502 3689 724 3758 ψήφοι-
753 3687 912 3757 polos
961 3687 1207 3754 ducitur,
1265 3685 1566 3744 secundum
1621 3687 1902 3743 horarium
1943 3687 2080 3760 deti-

504 3780 688 3832 niente
715 3779 972 3848 spatium.
1283 3797 1290 3806 -

575 3951 822 4009 Tertium
857 3952 1004 4008 horae
1041 3953 1280 4024 spatium
1333 3953 1740 4010 circumscribit
1775 3955 2076 4013 australior

505 4045 816 4110 ambarum,
847 4059 968 4115 quae
995 4061 1060 4101 ex
1095 4051 1328 4115 utraque
1347 4052 1510 4118 parte
1545 4047 1798 4130 adjacent
1857 4049 2074 4114 lucidas,

501 4151 626 4208 qua:
647 4143 732 4193 est
753 4137 810 4192 in
845 4136 1044 4194 lumbis
1071 4135 1292 4194 Leonis.

575 4311 836 4379 Quartam
865 4311 1054 4368 deﬁnit
1081 4313 1272 4368 horam
1297 4315 1354 4370 in
1375 4313 1602 4385 Virgine
1630 4315 1810 4382 stella,
1845 4331 1968 4388 quae
1993 4325 2078 4375 est

507 4407 561 4459 in
597 4406 794 4476 angulo
823 4413 978 4461 recto
999 4405 1310 4478 orthogonii
1353 4407 1633 4479 trianguli,
1667 4409 1762 4480 qui
1797 4412 1899 4466 sub
1941 4409 2077 4464 Cra-

507 4509 621 4552 tere
641 4499 780 4556 situs
811 4507 916 4564 est,
969 4506 1132 4571 atque
1189 4500 1245 4554 in
1293 4501 1496 4558 lumbis
1525 4509 1610 4557 est
1637 4503 1868 4572 majoris
1903 4503 2074 4570 Ursae,

507 4589 721 4655 lucida,
771 4591 953 4646 minus
1013 4590 1272 4646 vicesima
1334 4592 1482 4648 horae
1539 4601 1694 4664 parte
1743 4595 1881 4650 citra
1929 4597 2078 4652 hoste

507 4691 714 4750 quartae
732 4679 1072 4738 limitaneum
1101 4683 1391 4740 circulum.

497 4895 500 4900 -
579 4860 790 4927 Quintae
815 4861 961 4916 horae
989 4863 1256 4920 terminus
1281 4871 1366 4918 est
1406 4864 1464 4918 in
1513 4865 1692 4920 media
1724 4865 1970 4937 Virgine,
2025 4867 2074 4922 si

505 4965 696 5014 exacte
727 4958 880 5028 loqui
903 4959 1152 5024 velimus,
1189 4959 1345 5014 stella
1373 4960 1556 5028 nulla;
1587 4975 1776 5016 verum
1805 4961 1931 5030 plus
1981 4961 2076 5016 de-

503 5051 648 5104 cima
680 5048 828 5104 horae
853 5058 1004 5118 parte
1030 5048 1209 5104 deﬁcit
1231 5049 1300 5104 ab
1333 5051 1426 5104 illo
1463 5051 1697 5106 termino
1759 5049 2077 5108 Vindemia-

505 5147 612 5204 tor,
639 5146 692 5196 et
716 5139 896 5194 lucida
925 5139 984 5194 in
1015 5139 1206 5196 dextro
1229 5139 1458 5196 humero
1489 5139 1748 5212 Virginis.

579 5333 756 5389 Sexta:
808 5335 954 5390 hora:
999 5336 1156 5392 limes
1205 5343 1290 5392 est
1325 5337 1382 5392 in
1435 5339 1808 5408 aequinoctiali
1863 5341 2072 5397 circulo

505 5425 916 5494 quamproxime
939 5426 1156 5496 quidem
1189 5427 1242 5481 in
1267 5427 1540 5484 Centauro
1569 5429 1748 5484 lucida
1777 5431 2076 5489 succedens

507 5531 716 5582 carum,
748 5533 868 5587 quae
889 5527 1016 5572 sunt
1040 5521 1092 5574 in
1107 5521 1502 5577 australissima
1519 5533 1672 5591 parte
1695 5523 1890 5594 thyrsi,
1924 5541 2073 5595 qua:-

509 5623 612 5672 que
645 5609 964 5664 semicubito
989 5609 1101 5664 fere
1129 5611 1363 5676 distant,
1393 5627 1457 5667 ac
1489 5613 1728 5669 medium
1769 5615 1883 5671 fere
1931 5617 2074 5672 Cen-

507 5699 650 5752 tauri
677 5709 862 5768 pectus
887 5709 1174 5771 occupant.
1207 5701 1337 5759 ltcut
1365 5706 1543 5789 media
1567 5723 1778 5776 earum,
1805 5725 1925 5782 quae
1945 5719 2074 5767 sunt

2103 3296 2150 3356 ε
2178 3296 2276 3394 τῆς
2307 3296 2545 3392 ’Ᾰρκτου
2579 3322 2607 3374 6
2631 3322 2688 3374 ὲν
2713 3296 3212 3390 ⁷’τοξίςΙὲμπροσ-θίοις
3243 3296 3431 3387 γόνασι
3479 3317 3753 3390 λαμπρός.

2251 3413 2325 3466 T6
2349 3412 2406 3465 δὲ
2436 3410 2686 3484 δεύτερον
2729 3411 2950 3480 ὼριαῖον
2977 3411 3252 3480 διάστημα
3285 3407 3532 3480 ἀφορίζει
3565 3411 3672 3462 τῶν
3697 3411 3758 3463 ἐν

2177 3503 2256 3575 τῷ
2285 3503 2478 3558 Λέοντι
2521 3504 2550 3556 6
2595 3503 3004 3575 προηγούμενος
3057 3501 3237 3574 μικρῷ
3279 3501 3462 3572 μεῖζον
3495 3501 3530 3571 ἢ
3576 3501 3757 3572 πῆχυν

2177 3594 2272 3649 τοῦ
2303 3597 2362 3649 ὲν
2401 3597 2466 3666 τῇ
2497 3594 2698 3668 καρδίᾳ
2741 3593 2996 3667 λαμπροῦ
3033 3594 3230 3665 μικρὸς
3269 3593 3613 3666 ἀστερίσκος.
3647 3594 3756 3647 Τοῦ

2177 3701 2238 3740 τε
2273 3683 2560 3756 σφονδύλου
2601 3683 2921 3755 προηγεῖται
2953 3679 3108 3748 οὗτος
3130 3687 3158 3737 6
3195 3683 3516 3753 ἀστερίσκος
3539 3683 3634 3736 τοῦ
3667 3683 3758 3738 διά

2083 3797 2090 3810 ·
2177 3777 2287 3832 τῶν
2342 3777 2522 3832 πόλων
2567 3773 2767 3830 κύκλου
2805 3777 2867 3830 τὸ
2896 3775 2940 3848 β’
2971 3776 3190 3850 ὡριαῖον
3239 3775 3516 3846 διάστημα
3563 3775 3758 3848 ἀφορί-

2179 3865 2384 3930 ζοντος.

2249 3951 2324 4006 Τὸ
2367 3951 2423 4006 δὲ
2475 3951 2657 4025 τρίτον
2689 3953 2918 4027 ὡριαῖον
2963 3955 3236 4030 διάστημα
3287 3956 3416 4030 περὶ
3447 3955 3626 4030 μέσον
3661 3957 3757 4012 τὸν

2178 4045 2384 4100 Λέοντα
2409 4045 2656 4118 ἀφορίζει
2680 4045 2774 4100 τοῦ
2801 4047 3026 4112 Λέοντος
3055 4051 3084 4103 6
3111 4049 3426 4122 νοτιωτέρος
3449 4050 3560 4104 τῶν
3581 4049 3624 4120 β’
3643 4051 3756 4104 τῶν

2177 4135 2239 4200 ἐξ
2263 4135 2522 4208 ἑκατέρου
2549 4135 2747 4208 μέρους
2777 4137 3194 4208 παρακειμένων
3220 4139 3296 4212 τῷ
3315 4142 3410 4194 ἐπὶ
3427 4141 3529 4211 τῆς
3555 4139 3758 4211 ὀσφύος

2177 4225 2434 4298 λαμπρῷ.

2249 4317 2326 4390 Τὸ¹
2349 4318 2406 4372 δὲ
2430 4318 2688 4392 τέταρτον
2724 4319 2946 4392 ὼριαῖον
2977 4321 3250 4393 διάστημα
3279 4323 3408 4394 περὶ
3443 4325 3542 4396 τὴν
3577 4325 3756 4398 ἀρχὴν

2177 4409 2278 4480 τῆς
2307 4411 2583 4482 Παρθένου
2616 4411 2866 4484 ἀφορίζει
2903 4413 2995 4466 τοῦ
3023 4414 3126 4466 ὑπὸ
3168 4415 3258 4468 τὸν
3291 4415 3562 4489 Κρατῆρα
3599 4419 3758 4490 ὀρθο-

2179 4503 2375 4571 γωνίου
2419 4504 2686 4576 τριγώνου
2725 4507 2753 4558 6
2777 4505 2872 4557 ἐπὶ
2909 4505 3008 4576 τῆς
3057 4505 3220 4578 ὀρθῆς
3262 4509 3462 4574 γωνίας
3505 4511 3756 4580 κείμενος

2179 4593 2374 4665 ἀστήρ.
2423 4593 2479 4648 Ὀ
2503 4593 2562 4648 δὲ
2605 4595 2698 4648 ἐπὶ
2736 4595 2835 4666 τῆς
2866 4595 3064 4664 ὀσφύος
3103 4595 3202 4666 τῆς
3245 4598 3486 4668 μεγάλης
3515 4601 3754 4668 Ἄρκτου

2183 4684 2430 4756 λαμπρὸς
2477 4685 2695 4740 έλαττον
2735 4685 2768 4756 ἢ
2803 4693 2849 4740 κ’
2881 4687 3045 4760 μέρος
3085 4687 3232 4760 ὥρας
3281 4690 3626 4746 ὑπολείπεται
3659 4693 3756 4746 τοῦ

2181 4777 2280 4848 τὴν
2305 4775 2344 4828 δ’
2375 4775 2524 4846 ὥραν
2555 4777 2906 4848 ἀφορίζοντος
2939 4777 3160 4833 κύκλου.

2252 4865 2362 4936 Τὴν
2403 4866 2460 4919 δὲ
2503 4867 2760 4938 πέμπτην
2791 4865 2942 4940 ῶραν
2987 4869 3232 4942 ἀφορίζει
3277 4873 3404 4944 περὶ
3453 4873 3624 4946 μέσην
3659 4875 3758 4946 τὴν

2181 4958 2456 5030 Παρθένον
2487 4959 2730 5032 ἀκριϐῶς
2773 4963 2871 5033 μὲν
2909 4963 3082 5028 οὐδεὶς
3123 4965 3318 5038 ἀστὴρ,
3347 4967 3425 5038 τῷ
3455 4969 3511 5022 δὲ
3541 4977 3570 5022 ι’
3598 4971 3758 5040 μέρει

2183 5047 2332 5120 ὥρας
2365 5049 2525 5104 πλέον
2567 5051 2992 5123 ὑπολειπόμενος
3025 5055 3054 5108 6
3083 5073 3142 5108 τε
3175 5057 3570 5130 Προτρυγητὴρ
3609 5061 3702 5114 καὶ
3727 5063 3758 5112 6

2181 5141 2273 5194 ἐπὶ
2296 5139 2390 5194 τοῦ
2409 5135 2584 5209 δεξιοῦ
2615 5141 2766 5215 ῶμου
2794 5145 2894 5218 τῆς
2916 5147 3192 5220 Παρθένου
3233 5151 3484 5220 κείμενος
3503 5153 3758 5226 λαμπρὸς

2179 5231 2374 5303 ἀστήρ.

2248 5347 2358 5418 Τὴν
2377 5349 2434 5403 δὲ
2461 5350 2626 5422 ἕκτην
2658 5351 2807 5424 ὥραν
2851 5353 3101 5426 ἀφορίζει
3147 5355 3240 5409 ἐπὶ
3267 5358 3362 5410 τοῦ
3407 5358 3496 5412 διὰ
3527 5359 3634 5411 τῶν
3673 5361 3758 5412 [σ-

2181 5455 2214 5508 η
2223 5439 2456 5511 μερινῶν
2479 5443 2716 5513 σημείων
2728 5443 2948 5508 κύκλου,
2977 5447 3203 5515 έγγιστα
3223 5451 3320 5520 μὲν
3331 5449 3424 5504 τοῦ
3445 5451 3756 5522 Κενταύρου

2179 5531 2208 5582 ό
2239 5531 2502 5600 ἑπόμενος
2527 5533 2635 5586 τῶν
2665 5537 2723 5588 ὲν
2752 5535 2830 5606 τῷ
2870 5540 3172 5609 νοτιωτάτῳ
3207 5543 3362 5612 μέρει
3404 5543 3495 5596 τοῦ
3553 5543 3757 5614 θύρσου

2179 5622 2466 5694 λαμπρῶν,
2497 5627 2589 5680 καὶ
2615 5627 2690 5691 ὡς
2715 5630 3012 5700 ἡμιπήχιον
3041 5631 3418 5704 διεστηκότων,
3459 5637 3508 5689 οἳ
3547 5639 3756 5700 κεῖνται

2123 5797 2128 5802 γ
2180 5715 2321 5770 κατά
2363 5716 2525 5806 μέσον
2553 5737 2670 5786 πως
2715 5721 2774 5774 τὺ
2815 5724 3006 5796 στῆθος
3037 5725 3130 5780 τοῦ
3179 5727 3524 5800 Κενταύρου·
3564 5728 3662 5782 τοῦ
3693 5729 3758 5784 δὲ
