4106 6420
385 371 523 428 H55

1360 369 1726 425 IIIPPARCIII
1762 368 1853 424 AD
1891 362 2338 422 ΡΗίΕΝΟΜΕΝΑ
2376 362 2500 417 LIB.
2543 363 2625 420 III.

3469 372 3608 426 1154

383 487 594 541 Βοὼτου
615 490 642 542 6
677 487 838 558 μέσος
871 489 978 544 τῶν
1007 491 1065 543 ὲν
1103 489 1180 560 τῷ
1209 488 1481 560 ἀριστερῷ
1519 487 1660 551 ποδὶ,
1694 487 1770 551 ὡς
1800 487 1846 520 ⁹²
1867 487 1937 539 εί-

2049 485 2102 538 in
2127 481 2261 552 pede
2292 481 2517 535 sinistro
2532 480 2733 546 Bootae,
2753 478 3009 535 vicesima
3028 479 3139 538 fere
3159 488 3309 552 parte
3335 483 3545 543 distans
3574 504 3606 542 a

383 579 572 632 κοστὸν
607 580 768 651 μέρος
806 581 1028 653 ὡριαίου
1057 582 1418 650 διαστήματος
1455 579 1802 633 ὑπολείπεται
1847 577 1941 632 106

385 669 481 732 τὰς
514 677 564 734 ς’
584 669 730 739 ὥρας
757 671 1104 740 ἀφορίζοντος
1135 671 1354 724 κύκλου.

454 761 551 813 IZ'.
567 760 685 812 Τῶν
706 762 759 813 δὲ
775 761 973 832 μεταξὺ
990 761 1080 814 τοῦ
1096 760 1482 832 φθινοπωρινοῦ
1517 759 1829 832 ἰσημερινοῦ
1846 778 1942 832 ση-

387 850 537 922 μείου
569 853 660 905 καὶ
705 852 796 904 106
827 853 1131 923 χειμερινοῦ
1181 852 1442 924 τροπικοῦ
1471 859 1523 916 ς’
1552 851 1788 923 ὼριαίων
1830 853 1944 905 δια-

389 943 674 1014 στημάτων
701 944 760 996 τὸ
799 947 894 1014 μὲν
917 952 964 998 α’
991 944 1210 1015 ὡριαῖον
1239 945 1331 997 ἐπὶ
1357 943 1448 997 τοῦ
1487 944 1614 1015 περὶ
1651 943 1821 1015 μέσας
1843 943 1942 1006 τὰς

383 1035 568 1104 Χηλὰς
602 1034 800 1087 κύκλου
831 1035 1077 1106 ἀφορίζει
1103 1035 1178 1098 ὡς
1201 1035 1446 1104 ἔγγιστα,
1475 1035 1568 1088 τοῦ
1594 1053 1653 1088 τε
1682 1034 1890 1086 Βοὼτου
1915 1037 1943 1087 6

382 1126 664 1196 ἀριστερὸς
684 1120 850 1195 ὦμος,
882 1127 974 1179 καὶ
998 1129 1025 1180 6
1059 1129 1114 1181 ὲν
1155 1128 1300 1199 ἄκρᾳ
1328 1131 1394 1199 τῇ
1429 1128 1578 1198 νοτία
1613 1128 1765 1198 Χηλῇ
1800 1128 1941 1197 λαμ-

381 1215 519 1286 πρὸς
550 1216 749 1286 ἀστήρ·
783 1218 812 1269 6
835 1217 931 1286 μὲν
954 1210 1102 1288 ὦμος
1128 1217 1432 1290 ἀδιαφόρως
1461 1218 1640 1272 πλεῖον
1666 1218 1944 1272 ὑπολειπό-

317 1318 320 1323 ’
384 1323 562 1376 μενος,
588 1309 620 1378 ἡ
648 1306 703 1359 δὲ
724 1307 874 1378 Χηλὴ
902 1307 976 1372 ὡς
1005 1311 1321 1380 τριακοστὸν
1353 1310 1516 1381 μέρος
1559 1311 1939 1382 προηγουμένη

379 1396 472 1449 τοῦ
497 1397 781 1467 εἰρημένου
815 1384 904 1453 διά
923 1398 1030 1450 τῶν
1067 1399 1242 1453 πόλων
1266 1401 1481 1455 κύκλου.

449 1487 522 1538 Τὸ
542 1487 597 1539 δὲ
621 1486 662 1556 β’
693 1487 909 1557 ὡριαίον
935 1488 1205 1560 διάστημα
1234 1490 1480 1560 ἀφορίζει
1506 1491 1632 1561 περὶ
1651 1489 1749 1561 τὴν
1769 1487 1940 1560 ἀρχὴν
2003 1550 2027 1562 ε

377 1578 470 1631 τοῦ
499 1579 765 1648 Σκορπίου
791 1579 883 1632 τοῦ
919 1598 979 1644 τε
1013 1581 1294 1650 ὐφιούχου
1327 1582 1355 1632 6
1389 1580 1721 1653 βορειότερος
1753 1582 1859 1634 τῶν
1881 1583 1938 1635 ὲν

377 1673 442 1741 τῇ
467 1670 614 1742 δεξιᾷ
639 1673 780 1743 χειρὶ
809 1673 853 1743 β’
883 1673 1123 1743 ἀστέρων
1148 1671 1433 1743 λαμπρῶν,
1465 1674 1514 1726 οἳ
1553 1675 1755 1728 κεῖνται
1783 1675 1839 1725 ἐν
1861 1673 1940 1743 τῷ

377 1761 590 1834 σώματι
614 1762 708 1816 106
745 1765 955 1832 Ὄφεως
989 1763 1124 1833 μετά
1149 1761 1318 1827 δεξιὸν
1344 1765 1469 1832 γόνυ
1506 1764 1598 1817 106
1632 1764 1933 1834 Ὀφιούχου,

2045 582 2209 630 sextae
2241 572 2388 626 horae
2420 572 2698 626 limitaneo
2724 572 2951 628 circulo.

2119 747 2276 803 XVII.
2307 750 2454 804 Inter
2482 755 2743 819 punctum
2793 749 3102 817 aequinoctii
3152 753 3503 818 autumnalis,
3555 766 3610 810 et

2042 838 2255 893 hiberni
2288 841 2481 910 tropici
2532 855 2626 894 sex
2655 840 2998 894 horariorum
3049 841 3455 899 intervallorum
3498 849 3608 917 pri-

2043 946 2191 984 mum
2215 935 2471 986 terminat
2503 935 2559 987 in
2611 934 2840 999 circulo,
2871 936 2964 1004 qui
3016 938 3222 993 medias
3261 939 3455 998 Chelas
3487 959 3610 1014 per-

2041 1021 2262 1084 transit,
2285 1023 2531 1091 proxime
2560 1024 2779 1094 quidem
2818 1024 3043 1080 sinister
3075 1027 3336 1086 humerus
3395 1031 3607 1092 Bootae:

2042 1121 2096 1167 et
2127 1113 2304 1168 lucida
2342 1114 2396 1167 in
2423 1116 2762 1170 extremitate
2814 1118 3072 1173 australis
3109 1120 3307 1186 Chelae,
3348 1140 3378 1178 e
3411 1127 3610 1194 quibus

2041 1203 2302 1259 humerus
2330 1204 2470 1258 haud
2494 1207 2663 1260 multo
2695 1207 2930 1277 amplius
2959 1208 3097 1263 citra
3133 1227 3147 1262 :
3175 1212 3340 1268 Chela
3363 1232 3491 1271 vero
3519 1221 3610 1272 tri-

2042 1293 2246 1349 cesima
2293 1301 2448 1363 parte
2498 1296 2637 1348 ultra
2689 1303 2772 1350 est
2805 1296 3068 1354 circulum
3122 1301 3295 1368 illum,
3327 1319 3485 1374 quem
3510 1323 3610 1378 per

2037 1385 2194 1456 polos
2221 1387 2457 1442 transire
2484 1387 2740 1443 diximus.

2111 1474 2424 1532 Secundum
2485 1479 2764 1534 horarium
2817 1481 3176 1540 interstitium
3249 1487 3606 1558 determinat,

2041 1568 2186 1623 circa
2215 1569 2431 1624 initium
2463 1569 2698 1642 Scorpii,
2725 1573 2998 1630 borealior
3026 1577 3328 1634 lucidarum
3351 1583 3604 1652 duarum,

2039 1675 2162 1729 quae
2189 1660 2245 1713 in
2271 1660 2464 1715 dextra
2487 1672 2616 1717 sunt
2645 1662 2940 1734 Ophiuchi,
2969 1683 3196 1739 quaeque
3224 1671 3278 1725 in
3335 1679 3608 1744 serpentis

2040 1764 2268 1820 corpore
2317 1759 2444 1821 post
2490 1752 2758 1822 Ophiuchi
2800 1756 3056 1812 dextrum
3114 1776 3255 1829 genu
3308 1764 3424 1819 sita:
3455 1775 3603 1822 sunt.

372 1823 472 1905 106
495 1853 552 1906 δὲ
591 1823 860 1922 Στεφάνου
896 1823 1366 1925 ὁ-προηγούμενος
1386 1854 1478 1908 106
1509 1823 1760 1928 λαμπροῦ
1893 1823 1937 1910 λι

2037 1840 2107 1895 At
2146 1843 2460 1912 praecedens
2492 1845 2725 1900 lucidam
2746 1846 2974 1904 Corona:
3003 1850 3275 1907 tricesima
3321 1854 3433 1911 fere
3459 1859 3609 1914 horae

377 1942 540 2014 μέρος
563 1941 709 2012 ὥρας
746 1942 1092 1994 ὑπολείπεται
1118 1942 1210 1995 τοῦ
1243 1941 1330 1995 διὰ
1357 1941 1464 1996 τῶν
1497 1943 1674 1996 πόλων
1705 1943 1931 1996 κύκλουο

371 2032 569 2102 ὁμοίως
589 2032 646 2084 δὲ
673 2032 766 2085 καὶ
787 2035 814 2085 6
855 2033 1016 2103 μέσος
1041 2032 1148 2086 τῶν
1186 2035 1245 2086 ὲν
1274 2031 1354 2104 τῷ
1387 2032 1621 2105 μετώπῳ
1653 2033 1746 2087 τοῦ
1771 2036 1938 2107 Σκορ-

374 2123 499 2176 πίου
530 2128 578 2190 γ’
607 2122 870 2193 λαμπρῶν
889 2123 1152 2195 ἀστέρων.

441 2213 550 2284 Τὴν
581 2212 637 2266 δὲ
665 2219 713 2282 γ’
741 2213 891 2284 ῶραν
929 2215 1173 2286 ἀφορίζει
1210 2215 1340 2287 περὶ
1367 2215 1428 2270 τὺ
1455 2217 1618 2287 μέσον
1638 2217 1731 2270 106
1766 2219 1941 2289 Σκορ-

373 2304 494 2357 πίου
524 2304 616 2357 106
667 2305 754 2358 Ἐν
777 2306 994 2373 γόνασιν
1017 2309 1044 2360 ὁ
1069 2308 1163 2359 ἐπὶ
1182 2308 1275 2360 106
1307 2307 1480 2372 δεξιοῦ
1510 2307 1660 2380 ῶμου
1685 2311 1937 2381 κείμενος

368 2397 564 2468 ἀστὴρ,
588 2397 680 2450 καὶ
703 2399 731 2451 6
756 2398 812 2451 ὲν
837 2399 977 2472 μέσῃ
998 2401 1061 2471 τῇ
1085 2397 1233 2471 δεξιᾷ
1255 2401 1440 2472 κνήμῃ
1469 2401 1653 2468 αὐτοῦ,
1672 2403 1748 2468 ὡς
1777 2404 1820 2457 λ’
1850 2405 1938 2477 μέ-

369 2507 463 2558 ρος
489 2490 637 2561 ὦρας
676 2491 810 2560 πρὸς
836 2491 1102 2555 ἀνατολὰς
1129 2493 1548 2564 παραλλάσσων.

441 2582 550 2653 Τὴν
578 2582 634 2635 δὲ
656 2583 696 2636 δ’
729 2583 977 2655 ἀφορίζει
1000 2602 1067 2637 πε
1077 2585 1128 2656 pl.
1152 2586 1251 2656 τὴν
1276 2586 1449 2658 ἀρχὴν
1468 2588 1561 2643 106
1589 2589 1817 2657 Τοξότου
1840 2590 1934 2646 106

365 2689 425 2724 τε
471 2673 559 2724 Ἐν
597 2674 818 2742 γόνασιν
851 2678 879 2728 ὁ
919 2678 978 2730 ὲν
1022 2675 1101 2746 τῷ
1143 2677 1413 2749 ἀριστερῷ
1461 2681 1620 2754 μηρῷ
1663 2682 1933 2756 λαμπρὸς,

365 2762 579 2833 καὶτῆς
606 2767 807 2836 μικρᾶς
839 2768 1074 2838 Ἄρκτου
1108 2772 1156 2824 οἱ
1195 2771 1568 2845 λαμπρότατοι
1597 2779 1690 2832 καὶ
1710 2779 1937 2852 ἡγούμε-

366 2872 445 2907 νοι
465 2855 572 2910 τῶν
593 2859 650 2910 ὲν
671 2857 750 2928 τῷ
774 2859 995 2930 πλινθίῳ
1017 2861 1079 2924 δ’,
1102 2862 1195 2916 καὶ
1209 2863 1310 2922 τοῦ
1338 2865 1620 2942 Ὀφιούχου
1643 2870 1752 2926 τῶν
1779 2874 1837 2928 ὲν
1858 2872 1934 2945 τῷ

364 2943 520 3016 δεξιῷ
541 2945 673 3015 ὤμῳ
701 2949 728 2998 6
752 2947 1110 3022 βορειότερος.

435 3037 544 3113 Τὴν
579 3037 636 3088 δὲ
661 3044 701 3096 ε’
741 3037 888 3116 ὥραν
928 3039 1178 3120 ἀφορίζει
1203 3051 1331 3123 περὶ
1366 3053 1530 3123 μέσον
1558 3051 1650 3108 τοῦ
1682 3054 1933 3122 Τοξότου,

2036 1941 2192 2002 parte
2220 1934 2359 1989 citra
2394 1938 2660 1992 circulum
2702 1945 2790 1994 est
2843 1955 2942 2010 per
2989 1942 3144 2011 polos
3209 1952 3605 2010 transeuntem.

2037 2024 2300 2083 Similiter
2328 2030 2495 2084 etiam
2520 2032 2698 2087 media
2733 2034 3039 2090 lucidarum
3092 2037 3276 2106 trium,
3327 2057 3450 2111 qua:
3479 2055 3610 2100 sunt

2035 2118 2092 2173 in
2125 2117 2304 2174 fronte
2341 2118 2553 2191 Scorpii

2108 2208 2346 2265 Tertiam
2374 2213 2562 2269 deﬁnit
2592 2215 2781 2272 horam
2834 2221 2984 2278 circa
3039 2224 3278 2281 medium
3321 2230 3610 2301 Scorpium

2035 2304 2214 2369 stella,
2249 2320 2372 2374 quae
2417 2306 2476 2360 in
2536 2307 2733 2364 dextr’o
2783 2310 3014 2370 humero
3067 2326 3151 2372 est
3193 2317 3610 2389 Ingeniculizet

2034 2411 2157 2466 quae
2185 2407 2270 2454 est
2291 2398 2350 2452 in
2372 2399 2618 2468 ejusdem
2653 2418 2815 2458 crure
2848 2404 3062 2474 dextro,
3092 2410 3366 2467 tricesima
3389 2415 3610 2473 circiter

2035 2489 2182 2546 horae
2208 2498 2362 2563 parte
2391 2492 2459 2548 ad
2485 2493 2749 2550 orientem
2779 2498 3080 2556 declinans.

2105 2582 2324 2649 Quarta:
2346 2584 2497 2639 horae
2550 2586 2712 2643 limes
2741 2595 2826 2644 est
2853 2591 3002 2646 circa
3053 2592 3270 2650 initium
3329 2596 3608 2668 Sagittarii

2044 2675 2226 2730 lucida
2247 2676 2305 2731 in
2358 2677 2565 2733 femore
2608 2680 2834 2735 sinistro
2868 2682 3162 2753 lngeniculi
3201 2706 3214 2741 :
3243 2694 3297 2742 et
3331 2690 3609 2748 lucidissi-

2034 2781 2156 2831 mae,
2181 2767 2677 2841 antecedentesque
2708 2773 2860 2845 14],
2905 2775 2974 2831 de
2994 2785 3230 2846 quatuor
3263 2780 3318 2834 in
3346 2781 3609 2840 laterculo

2032 2858 2264 2914 minoris
2294 2857 2478 2929 Ursae;
2515 2869 2632 2916 tum
2671 2863 2947 2921 borealior
2977 2882 3190 2934 earum,
3225 2885 3349 2940 quae
3381 2882 3512 2929 sunt
3550 2875 3608 2932 in

2031 2945 2300 3020 Ophiuchi
2327 2951 2520 3008 dextro
2549 2953 2798 3010 humero.

2103 3042 2359 3109 Quintam
2387 3045 2577 3100 horam
2606 3045 2933 3103 determinat
2974 3051 3122 3108 circa
3155 3053 3396 3110 medium
3427 3055 3610 3127 Sagit-

364 3133 457 3186 106
491 3151 548 3186 τε
582 3135 806 3201 Τοξότου
846 3140 874 3192 6
904 3141 1167 3211 ἑπόμενος
1191 3143 1295 3198 τῶν
1334 3144 1393 3198 ὲν
1418 3149 1483 3218 τῇ
1520 3146 1728 3219 κεφαλῇ
1761 3155 1830 3218 γ’,
1865 3147 1937 3215 ὡς

2041 3135 2261 3198 tarium,
2292 3136 2594 3192 succedens
2622 3137 2788 3192 trium
2811 3140 2864 3194 in
2889 3143 3069 3212 capite
3097 3144 3405 3216 Sagittarii,
3444 3151 3608 3206 tride-

365 3221 407 3275 λ’
439 3223 601 3294 μέρος
629 3224 778 3296 ὥρας
810 3229 944 3300 πρὸς
973 3231 1235 3296 ἀνατολὰς
1262 3235 1678 3306 παραλλάσσων.

436 3314 546 3385 Τὴν
581 3315 638 3368 δὲ
674 3322 726 3380 ς’
759 3317 905 3389 ὥραν
932 3320 1178 3391 ἀφορίζει
1207 3323 1298 3376 ἐπὶ
1343 3323 1436 3378 τοῦ
1479 3325 1568 3380 διὰ
1602 3326 1711 3380 τῶν
1739 3345 1928 3397 τροπι-

2032 3227 2172 3284 sima
2207 3227 2425 3283 circiter
2461 3227 2611 3283 horae
2634 3238 2784 3298 parte
2807 3232 2872 3286 ad
2895 3234 3160 3290 orientem
3192 3237 3497 3296 declinans.

2103 3318 2280 3374 Sextae
2337 3319 2487 3374 hora:
2535 3320 2810 3376 terminus
2838 3331 2923 3378 est
2979 3324 3035 3378 in
3091 3326 3320 3394 circulo,
3371 3331 3464 3400 qui
3510 3347 3607 3401 per

366 3403 477 3458 κῶν
508 3408 750 3478 σημείων
782 3409 980 3464 κύκλου
1007 3412 1084 3477 ὡς
1111 3413 1338 3484 ἔγγιστα
1382 3417 1491 3470 τῶν
1539 3420 1598 3471 ὲν
1630 3418 1709 3490 τῷ
1752 3423 1770 3442 ⁹
1789 3423 1805 3442 ⁶
1826 3423 1845 3443 ⁶
1880 3427 1930 3490 γ’

2035 3412 2341 3469 solstitialia
2369 3420 2573 3484 puncta
2607 3415 2826 3480 transit,
2858 3431 3021 3486 quam
3054 3419 3303 3488 proxime
3330 3422 3606 3481 borealior

365 3497 634 3569 λαμπρῶν
686 3502 715 3552 6
769 3499 1121 3575 βορειότερος,
1170 3505 1246 3571 ὡς
1297 3505 1347 3561 κ’
1389 3507 1554 3580 μέρος
1604 3510 1734 3581 μιᾶς
1783 3510 1931 3583 ὥρας

366 3587 789 3660 ὑπολειπόμενος
819 3592 911 3647 τοῦ
945 3594 1167 3650 κύκλου.

435 3683 542 3735 IH'.
582 3682 701 3737 Τῶν
729 3684 786 3738 δὲ
831 3686 1032 3756 μεταξὺ
1061 3687 1152 3742 τοῦ
1185 3691 1496 3765 χειμερινοῦ
1535 3692 1798 3766 τροπικοῢ
1834 3713 1931 3767 ση-

369 3771 519 3844 μείου
552 3773 764 3828 καὶτοῦ
813 3777 1027 3849 ὲαρινοῢ
1079 3787 1132 3846 ς’
1175 3781 1412 3854 ὼριαίων
1453 3784 1835 3856 διαστημάτων
1871 3787 1932 3840 τὸ

368 3867 466 3936 μὲν
509 3873 557 3919 α’
591 3867 812 3939 ὡριαῖον
841 3869 1113 3943 διάστημα
1164 3872 1412 3945 ἀφορίζει
1458 3874 1550 3928 106
1601 3877 1853 3946 Δελφῖνος
1904 3879 1933 3931 6

367 3958 702 4033 βορειότερος
731 3961 837 4016 τῶν
884 3964 1199 4036 ἡγουμένων
1228 3968 1286 4020 ὲν
1321 3967 1397 4039 τῷ
1451 3967 1658 4040 ῥόμϐῳ,
1704 3971 1798 4024 καὶ
1836 3969 1931 4023 106

364 4052 738 4124 Αίγοκέρωτος
766 4055 796 4106 6
823 4055 1122 4126 ἡγούμενος
1151 4057 1259 4111 τῶν
1289 4061 1346 4112 ἐν
1373 4058 1449 4130 τῷ
1477 4059 1648 4132 νώτῳ.
1679 4053 1681 4056 ’

435 4143 508 4196 Τὸ
539 4143 594 4196 δὲ
637 4144 680 4196 δ’
703 4145 923 4217 ὼριαϊον
957 4147 1230 4221 διάστημα
1265 4151 1513 4221 ἀφορίζει
1546 4152 1674 4224 περὶ
1702 4153 1802 4226 τὴν
1829 4156 1930 4226 ἀρ-

365 4231 471 4314 χὴν.
507 4234 602 4287 106
641 4235 921 4307 Ὺδροχόου
961 4239 1068 4292 τῶν
1107 4242 1164 4293 ὲν
1199 4241 1276 4312 τῷ
1317 4243 1545 4314 στόματι
1587 4244 1681 4298 τοῦ
1734 4247 1932 4300 Ἵππου

364 4310 613 4399 λαμπρὸς
654 4330 847 4402 ἀστὴρ,
883 4331 1096 4386 καὶτοῦ
1129 4310 1363 4405 Κηφέως
1467 4337 1785 4411 νοτιώτερος
1824 4339 1934 4394 τῶν

369 4421 793 4492 προηγουμένων
821 4421 915 4475 τοῦ
946 4423 1118 4490 δεξιοῦ
1145 4425 1317 4497 ῶμου.

2030 3517 2062 3559 c
2090 3503 2285 3559 lucidis
2315 3505 2512 3571 tribus,
2546 3505 2811 3562 vicesima
2841 3507 3063 3564 circiter
3092 3509 3243 3566 horae
3275 3523 3430 3582 parte
3466 3516 3606 3573 citra

2031 3595 2296 3651 circulum
2325 3597 2526 3666 posita.

2101 3687 2289 3742 XVIII.
2320 3688 2381 3744 In
2410 3703 2477 3744 eo
2512 3689 2817 3760 quadrante
2839 3731 2854 3757 ,
2903 3692 2996 3762 qui
3035 3694 3104 3749 ab
3148 3694 3358 3752 hiberni
3409 3698 3604 3768 tropici

2030 3786 2234 3850 puncto
2262 3780 2329 3834 ad
2362 3780 2747 3852 mquinoctium
2800 3799 3030 3839 vernum
3086 3787 3362 3856 pertinet,
3421 3805 3452 3844 e
3507 3805 3606 3845 sex

2032 3871 2267 3928 horariis
2312 3872 2613 3929 intervallis
2650 3875 2888 3945 primum
2934 3877 3195 3932 terminat
3237 3880 3294 3934 in
3333 3879 3602 3952 Delphino

2036 3962 2308 4020 borealior
2363 3966 2800 4022 antecedentium
2866 3969 2925 4022 in
2977 3969 3240 4038 rhombo,
3294 3980 3348 4028 et
3384 3982 3603 4030 antece-

2032 4054 2167 4110 dens
2197 4070 2407 4122 earum,
2437 4073 2560 4127 quae
2588 4067 2716 4113 sunt
2741 4059 2799 4114 in
2833 4058 3001 4116 dorso
3025 4059 3370 4132 Capricorni.

2109 4146 2421 4203 Secundum
2475 4149 2753 4206 horarium
2802 4151 3151 4207 intervallum
3214 4155 3402 4210 deﬁnit
3455 4157 3603 4212 circa

2031 4235 2247 4292 initium
2296 4239 2560 4310 Aquarii,
2614 4241 2794 4296 lucida
2844 4257 2967 4312 qua:
2999 4243 3056 4298 in
3104 4259 3199 4300 ore
3230 4254 3313 4300 est
3355 4246 3515 4316 Equi,
3547 4256 3603 4304 et

2033 4330 2327 4386 australior
2356 4331 2796 4388 antecedentium
2829 4332 3008 4389 dextri
3040 4335 3268 4406 humeri
3301 4335 3525 4407 Cephei.

436 4511 509 4564 Τὸ
548 4511 607 4564 δὲ
656 4518 705 4580 γ’
745 4513 965 4584 ὡριαῖον
1005 4517 1275 4588 διάστημα
1317 4518 1566 4590 ἀφορίζει
1601 4520 1729 4593 περὶ
1766 4523 1929 4594 μέσον

2104 4505 2301 4563 Tertiae
2322 4508 2470 4564 horae
2499 4509 2654 4564 limes
2685 4516 2771 4564 est
2808 4507 2958 4563 circa
2997 4507 3235 4564 medium
3261 4508 3561 4580 Aquarium
3581 4552 3598 4577 ,

364 4601 458 4656 106
502 4602 781 4674 ’Υδροχόου
811 4607 840 4658 ὁ
858 4607 1018 4676 μέσος
1031 4609 1138 4662 τῶν
1157 4613 1214 4663 ὲν
1242 4614 1308 4682 τῇ
1333 4611 1543 4684 κεφαλῇ
1577 4613 1671 4666 τοῦ
1693 4615 1930 4684 Κηφέως

365 4701 414 4763 γ’
447 4695 690 4766 ἀστέρων
745 4697 831 4747 ἐπ’
875 4697 1088 4762 εὐθείας
1133 4701 1420 4771 κειμένων,
1468 4705 1561 4756 καὶ
1605 4701 1698 4756 τοῦ
1731 4704 1927 4758 Ἵππου

364 4785 473 4839 τῶν
519 4789 576 4839 ὲν
621 4785 698 4858 τῷ
730 4787 982 4859 τραχήλῳ
1016 4788 1058 4858 β’
1083 4790 1326 4864 ἀστέρων
1377 4796 1406 4846 6
1452 4793 1804 4866 βορειότερος,
1855 4795 1930 4859 ὡς

364 4879 684 4951 τριακοστὸν
737 4879 899 4951 μέρος
948 4880 1093 4951 ὥρας
1121 4884 1524 4956 προηγούμενος
1552 4885 1645 4940 τοῦ
1685 4887 1776 4941 διὰ
1819 4888 1929 4942 τῶν

365 4972 544 5026 πόλων
582 4972 802 5026 κύκλου.

434 5064 506 5117 Τὸ
530 5065 586 5118 δὲ
607 5065 647 5117 δ’
666 5065 885 5136 ὡριατον
904 5065 1178 5136 διάστημα
1203 5067 1449 5138 ἀφορίζει
1466 5061 1605 5141 ’περὶ
1627 5070 1726 5148 τὴν
1753 5071 1932 5143 ἀρχὴν

362 5155 471 5207 τῶν
509 5155 728 5226 Ἰχθύων
758 5157 856 5228 τῆς
885 5157 1237 5230 Ἀνδρομέδας
1265 5159 1373 5212 τῶν
1401 5161 1458 5214 έν
1507 5165 1574 5233 τῇ
1606 5162 1754 5234 δεξιᾷ
1785 5166 1929 5235 χειρὶ

364 5247 604 5319 ἀστέρων
640 5250 668 5301 ὁ
695 5247 1032 5314 νοτιώτατος,
1062 5249 1136 5313 ὡς
1164 5255 1211 5302 κ’
1243 5250 1408 5321 μέρος
1451 5251 1597 5324 ὥρας
1626 5255 1928 5324 ιὺπολειπό·

366 5355 526 5409 μενος
552 5337 645 5393 106
680 5339 768 5394 διὰ
795 5358 902 5394 των
933 5340 1110 5394 πόλων
1140 5339 1365 5394 κύκλου.

433 5432 505 5485 Τὸ
551 5432 608 5485 δὲ
662 5439 701 5485 ε’
760 5434 978 5504 ὡριαῖον
1039 5433 1312 5505 acamas
1371 5437 1493 5507 περὶ
1545 5435 1744 5507 μέσους
1797 5439 1925 5501 τοὺς

376 5522 583 5592 Ἰχθύας
631 5523 876 5595 ἀφορίζει
921 5529 1022 5595 τῆς
1070 5530 1239 5578 Κασκο
1283 5526 1428 5604 Ξτσς
1485 5527 1515 5580 6
1555 5529 1613 5580 ὲν
1660 5527 1806 5598 μέσῳ
1846 5527 1924 5598 τῷ

362 5607 594 5681 σώματι,
623 5613 717 5665 καὶ
745 5616 925 5685 τρίτος
954 5611 1062 5664 ἀπὸ
1092 5613 1191 5686 τῆς
1219 5615 1459 5688 κεφαλῆς
1505 5616 1922 5690 ἀριθμούμενος.

464 5768 510 5801 οι
540 5768 581 5840 ί.
612 5769 690 5834 δς.

2030 4599 2208 4655 media
2238 4600 2402 4654 trium
2429 4600 2731 4668 stellarum,
2763 4614 2884 4668 quae
2916 4607 3044 4656 sunt
3083 4601 3140 4655 in
3174 4602 3350 4670 capite
3395 4602 3599 4674 Cephei

2029 4691 2085 4744 in
2134 4691 2399 4746 directum
2447 4693 2672 4761 positae;
2720 4708 2822 4748 nec
2860 4708 2970 4747 non
3014 4692 3290 4748 borealior
3329 4694 3597 4762 duarum,

2029 4797 2149 4852 quae
2179 4787 2308 4836 sunt
2333 4781 2414 4851 .in
2444 4779 2582 4852 Equi
2627 4784 2769 4840 collo
2794 4825 2808 4850 ,
2872 4783 3151 4839 tricesima
3195 4785 3413 4841 circiter
3454 4787 3603 4842 horae

2030 4868 2297 4939 particula
2345 4871 2648 4939 circulum,
2699 4875 2791 4944 qui
2838 4890 2935 4945 per
2973 4874 3130 4945 polos
3181 4877 3409 4945 transit,
3441 4887 3601 4935 ante-

2029 4961 2250 5018 cedens.

2103 5050 2359 5117 Quartam
2407 5054 2599 5110 horam
2650 5055 2840 5113 definit
2899 5061 3046 5118 circa
3096 5064 3337 5120 Piscium
3384 5065 3599 5125 initium

2031 5141 2429 5199 australissima
2453 5160 2642 5199 earum
2674 5163 2796 5218 qua:
2826 5157 2954 5205 sunt
2989 5152 3045 5207 in
3072 5153 3262 5209 dextra
3294 5171 3456 5210 manu
3487 5155 3602 5210 An-

2031 5232 2337 5301 dromedae,
2370 5235 2633 5290 vicesima
2661 5245 2817 5307 parte
2849 5239 2962 5297 fere
2999 5244 3138 5299 citra
3172 5260 3294 5300 eum
3334 5247 3600 5302 circulum

2031 5323 2208 5394 posita
2233 5363 2247 5388 ,
2277 5325 2371 5395 qui
2399 5341 2496 5396 per
2525 5329 2680 5405 polos
2719 5332 2932 5387 transit.

2102 5414 2363 5480 Quintum
2422 5416 2702 5474 horarium
2775 5421 3121 5480 intervallum
3191 5427 3337 5483 circa
3390 5429 3600 5486 medios

2031 5504 2217 5562 Pisces
2250 5506 2439 5564 definit
2467 5525 2552 5576 ea,
2578 5527 2698 5581 quae
2725 5520 2808 5567 est
2826 5513 2881 5569 in
2917 5517 3098 5572 medio
3125 5533 3355 5592 corpore
3383 5520 3599 5578 Cassie-

2033 5611 2165 5679 pezc,
2190 5613 2309 5668 quae
2332 5616 2362 5656 a
2388 5603 2566 5674 capite
2587 5603 2749 5660 tertia
2779 5615 3118 5667 numeratur.
