4106 6414
543 327 680 384 1153

1529 323 1617 378 Αἰ)
1651 322 1916 379 EUSEBII
1955 321 2360 380 CHRONICON
2398 322 2762 378 APPENDIX.

3644 326 3788 382 H36

611 442 833 497 Sextam
863 439 1054 494 horam
1077 438 1334 494 terminat
1371 439 1618 508 proxime
1650 440 1720 494 ab
1751 441 1955 495 circulo
1977 441 2104 504 isto,
2138 447 2179 504 Α

2279 439 2354 494 Τδ
2398 440 2457 494 δὲ
2501 447 2554 506 ς’
2583 441 2806 510 ὼριαίον
2857 441 3132 512 διάστημα
3173 437 3420 512 ἀφορίζει
3473 441 3565 494 ἀπ’
3613 441 3782 496 αὐτοῦ

539 530 634 600 qui
669 545 766 600 per
786 527 1188 599 aaquinoctialia
1219 535 1444 599 puncta,
1469 529 1736 599 polosque
1756 531 2104 598 describitur,

539 637 662 692 quae
695 621 996 676 summitati
1036 621 1178 690 ejus,
1211 636 1332 690 quae
1367 635 1534 690 supra
1581 621 1820 677 Arietem
1849 624 1954 678 sita
1985 631 2105 688 est,

541 715 810 776 imminet,
838 720 892 768 et
921 712 1252 766 antecedens
1285 711 1590 766 lucidarum
1623 713 1809 776 trium,
1831 731 1954 785 qua:
1981 723 2108 772 sunt

541 805 600 860 in
621 807 798 876 capite
823 805 1023 861 Arietis
1047 824 1062 872 ',
1095 820 1218 876 qua:
1248 805 1504 862 vicesima
1529 807 1751 864 circiter
1780 809 1932 865 hora:
1952 817 2107 881 parte

541 897 682 952 citra
703 898 968 952 circulum
997 899 1228 952 locatur.

613 987 672 1042 In
702 1004 767 1044 eo
797 987 1120 1060 quadrante,
1155 990 1249 1060 qui
1283 991 1352 1045 ab
1373 991 1682 1062 aequinoctii
1719 991 1870 1047 verni
1905 999 2108 1063 puncto

543 1081 610 1134 ad
635 1081 806 1136 aestivi
841 1081 1036 1152 tropici
1077 1091 1338 1152 punctum
1373 1085 1703 1154 porrigitur,
1751 1085 1992 1154 primum
2023 1084 2109 1138 in-

543 1173 827 1228 tervallum
873 1173 1154 1228 horarium
1197 1175 1458 1229 terminat
1501 1175 1838 1232 lucidissima
1885 1190 2106 1242 earum,

543 1279 664 1333 quae
693 1269 823 1318 sunt
847 1263 904 1318 in
935 1263 1234 1335 Gorgonio,
1258 1265 1404 1336 quod
1433 1267 1655 1322 sinistra
1684 1269 1821 1338 gerit
1855 1267 2108 1324 Perseus.

615 1355 928 1411 Secundum
987 1357 1332 1412 intervallum
1381 1359 1639 1414 terminat
1685 1361 1834 1414 circa
1891 1360 2108 1415 initium

545 1447 708 1502 Tauri
737 1446 1040 1504 succedens
1085 1450 1256 1504 trium
1309 1448 1518 1506 directa
1565 1452 1707 1507 serie
1751 1453 2052 1522 positarum
2081 1469 2112 1508 e

541 1539 785 1610 quinque
817 1539 1010 1607 stellis,
1041 1557 1163 1612 qua:
1195 1542 1342 1596 circa
1371 1542 1622 1598 dextrum
1653 1543 1838 1600 Persei
1869 1561 2034 1616 genu.

614 1626 784 1684 Tertii
809 1627 1078 1684 intervalli
1107 1630 1268 1688 limes
1293 1641 1376 1688 est
1403 1625 1552 1686 circa
1579 1631 1819 1688 medium
1843 1631 2108 1698 Taurum,

543 1735 730 1788 earum
771 1735 892 1792 quae
919 1731 1045 1778 sunt
1073 1723 1130 1778 in
1159 1724 1298 1792 pelle
1317 1763 1332 1790 ,
1363 1739 1528 1796 quam
1559 1725 1726 1781 Orion
1769 1725 1992 1782 sinistra
2025 1733 2108 1780 te—

2209 533 2440 602 ἐγγιστα
2473 531 2567 585 τοῦ
2597 533 2684 586 διὰ
2730 531 2838 585 τῶν
2879 530 3206 602 ίσημερινῶν
3249 531 3488 600 σημείων
3537 531 3630 584 καὶ
3671 531 3784 584 τῶν

2210 625 2389 678 πόλων
2418 624 2765 695 γραφομένου
2809 621 3032 685 κύκλου,
3065 623 3166 674 οὐκ
3197 620 3278 674 ἔτι
3323 621 3368 654 ⁸³
3397 621 3497 690 τῆς
3535 621 3782 692 κορυφῆς

2209 715 2458 786 κείμενος
2481 713 2574 767 τοῦ
2603 715 2743 787 ὑπὲρ
2769 714 2859 768 τὸν
2883 713 3052 784 Κριὸν
3081 711 3354 782 κειμένου,
3385 713 3414 765 6
3444 711 3500 764 δὲ
3535 711 3582 744 ’⁸
3613 711 3780 782 ἡγού-

2211 821 2372 874 μενος
2399 803 2507 856 τῶν
2549 805 2606 856 ὲν
2653 806 2719 874 τῇ
2751 802 2957 872 κεφαλῇ
2993 799 3086 854 τοῦ
3119 799 3289 872 Κριοῦ
3322 805 3370 868 γ’
3404 800 3692 870 λαμπρῶν,
3721 801 3784 864 ὃς

2209 894 2449 949 εἰκοστὸν
2486 895 2648 966 μέρος
2675 894 2822 966 ὥρας
2853 893 3203 948 ὑπολείπεται
3229 895 3324 948 καὶ
3357 893 3450 948 τοῦ
3485 895 3706 949 κύκλου.

2280 987 2402 1040 Τῶν
2445 987 2504 1040 δὲ
2551 985 2753 1058 μεταξύ
2789 983 2881 1038 τοῦ
2928 985 3242 1056 ίσημερινοῢ
3291 985 3387 1038 καὶ
3425 986 3518 1039 τοῦ
3567 985 3784 1056 θερινοῦ

2211 1079 2442 1152 σημείου
2471 1079 2531 1144 ἓξ
2553 1079 2792 1150 ὡριαίων
2818 1079 3196 1150 διαστημάτων
3227 1077 3286 1132 τὸ
3309 1079 3407 1149 μὲν
3435 1085 3483 1132 α’
3505 1079 3782 1151 διάστημα

2210 1171 2460 1246 ἀφορίζει
2507 1174 2536 1224 6
2581 1171 2960 1242 λαμπρότατος
2991 1170 3099 1224 τῶν
3141 1172 3198 1224 ἐν
3245 1170 3322 1240 τῷ
3368 1172 3602 1244 γονατίῳ
3648 1174 3716 1239 ⁸⁵,
3751 1175 3782 1228 6

2209 1260 2320 1332 ἔχει
2355 1261 2383 1313 6
2421 1261 2662 1332 Περσεὺς
2695 1261 2751 1313 ἐν
2777 1263 2842 1331 τῇ
2871 1261 3134 1331 ἀριστερᾷ
3157 1259 3320 1331 χειρί.

2282 1352 2356 1404 Τὸ
2401 1351 2458 1404 δὲ
2510 1351 2552 1421 β’
2597 1351 2870 1422 διάστημα
2919 1351 3141 1422 ὠριαῖον
3203 1350 3452 1422 ἀφορίζει
3506 1353 3634 1423 περὶ
3677 1353 3780 1424 τὴν

2211 1440 2384 1511 ἀρχὴν
2409 1439 2502 1494 τοῦ
2551 1440 2764 1512 Ταύρου
2799 1440 2896 1494 τοῦ
2930 1439 3182 1510 Περσέως
3214 1441 3322 1492 τῶν
3353 1441 3480 1512 περὶ
3504 1441 3566 1494 τὸ
3609 1441 3782 1508 δεξιὸν

2212 1533 2340 1602 γόνυ
2369 1539 2408 1585 ε’
2439 1533 2686 1604 ἀστέρων
2727 1534 2754 1586 6
2797 1532 3058 1603 ἑπόμενος
3091 1532 3206 1586 τῶν.
3228 1533 3314 1585 ἐπ’
3349 1533 3562 1598 εὐθείας
3587 1535 3778 1606 τριῶν.

2281 1624 2356 1678 Τὸ
2399 1625 2456 1678 δὲ
2489 1631 2538 1692 γ’
2564 1624 2784 1696 ὼριαῖον
2829 1624 3102 1694 διάστημα
3147 1624 3396 1694 ἀφορίζει
3433 1628 3562 1696 περὶ
3613 1628 3781 1698 μέσον

2209 1715 2300 1770 τὸν
2332 1715 2542 1786 Ταῦρον
2570 1715 2678 1770 τῶν
2709 1718 2766 1770 ὲν
2793 1719 2859 1788 τῇ
2887 1715 3036 1788 δορᾷ,
3072 1716 3138 1788 ἢν
3181 1715 3292 1788 ἔχει
3323 1720 3352 1772 ὁ
3393 1719 3582 1790 Ὠρίων
3619 1721 3678 1772 ἐν
3711 1723 3778 1792 τῇ

543 1821 657 1876 net,
689 1791 916 1883 quarta,
941 1823 996 1868 et
1025 1791 1276 1886 septima.
1327 1791 1462 1872 Item
1505 1815 1790 1886 splendida
1817 1816 1876 1870 in
1909 1816 2106 1872 mediis
2141 1791 2179 1844 Β

2207 1807 2468 1881 ἀριστερᾷ
2515 1809 2680 1880 χειρὶ,
2719 1809 2748 1862 6
2787 1809 2827 1862 δ’
2871 1809 2966 1861 καὶ
2993 1811 3020 1861 6
3059 1807 3124 1874 ζ’,
3157 1809 3376 1864 καὶτοῦ
3405 1811 3618 1884 Ταύρου
3645 1813 3675 1865 6
3721 1791 3782 1866 ὲν

542 1901 710 1958 Tauri
761 1905 1023 1961 cornibus
1059 1945 1077 1972 ,
1147 1921 1270 1978 qua:
1320 1921 1444 1962 cum
1489 1908 1687 1964 lucidis
1741 1917 2110 1966 extremorum

541 2009 813 2052 cornuum
873 1996 1208 2069 triangulum
1269 1999 1662 2070 propemodum
1731 2000 2110 2072 aquilaterum

543 2084 691 2142 facit.

611 2177 872 2244 Quartam
899 2179 1090 2236 horam
1122 2180 1311 2238 deﬁnit
1339 2181 1488 2236 circa
1517 2180 1869 2238 Geminorum
1895 2183 2110 2238 initium

541 2268 844 2324 succedens
883 2283 1206 2338 parvarum,
1253 2276 1308 2325 et
1351 2270 1658 2326 lucidarum
1694 2273 1960 2336 duarum.
1991 2289 2113 2343 qua:

541 2363 692 2414 recto
717 2372 890 2412 cornu
919 2358 986 2413 ad
1011 2359 1280 2414 orientem
1311 2359 1366 2416 in
1403 2361 1672 2416 directum
1713 2362 1905 2432 posita:
1931 2369 2062 2418 sunt
2093 2381 2106 2416 :

542 2463 664 2519 quae
690 2460 746 2505 et
775 2449 833 2504 in
868 2447 1090 2508 Orionis
1119 2451 1429 2520 collorobo,
1461 2467 1528 2508 ac
1559 2454 1847 2510 borealiori
1874 2455 2112 2512 termino

543 2545 693 2596 sunt.
737 2537 994 2612 Proxime
1044 2558 1171 2600 vero
1209 2553 1456 2615 quartam
1491 2545 1680 2602 horam
1709 2548 1970 2604 terminat
2011 2563 2111 2604 au-

543 2629 762 2685 stralior
793 2630 1097 2688 lucidarum
1145 2631 1408 2704 duarum,
1455 2652 1577 2708 quae
1609 2647 1738 2694 sunt
1787 2640 1844 2694 in
1881 2637 2110 2712 Leporis

535 2723 722 2779 medio
749 2738 998 2796 corpore.

613 2899 874 2968 Quintum
909 2903 1189 2960 horarium
1241 2908 1480 2978 spatium
1515 2909 1774 2965 terminat
1815 2911 1962 2966 circa
1991 2925 2108 2966 me-

533 2989 664 3048 dios
695 2990 950 3050 Geminos
991 2993 1296 3050 lucidarum
1344 2998 1510 3052 trium
1535 3040 1552 3066 ,
1604 3015 1726 3072 qua:
1767 2999 1824 3056 in
1879 3001 2110 3072 genibus

539 3091 670 3138 sunt
695 3083 1084 3156 Geminorum,
1139 3090 1351 3158 media;
1412 3106 1534 3162 qua:
1565 3091 1845 3148 tricesima
1889 3093 2113 3148 circiter

543 3173 692 3230 horae
718 3185 871 3246 parte
902 3179 1160 3248 praecedit
1184 3180 1452 3236 circulum
1494 3197 1591 3253 per
1622 3183 1780 3254 polos
1814 3191 2110 3242 transeun-

543 3272 686 3332 tem,
731 3281 945 3324 necnon
978 3269 1160 3326 lucida
1191 3271 1554 3342 posteriorum
1581 3271 1750 3330 Canis
1781 3273 2005 3344 pedum.

2215 1899 2400 1969 μέσοις
2445 1901 2558 1964 τοῖς
2603 1899 2827 1972 κέρασιν
2875 1899 3136 1972 ἐκφανὴς,
3191 1901 3505 1974 ίσόπλευρον
3551 1903 3784 1972 ἔγγιστα

2211 1989 2472 2062 τρίγωνον
2520 1989 2690 2044 ποιῶν
2734 1989 2873 2064 μετά
2917 1990 3028 2047 τῶν
3075 1991 3135 2046 ὲν
3185 1991 3373 2064 ἄκροις
3417 1995 3528 2058 τοῖς
3583 1997 3782 2068 κέρασι

2211 2081 2500 2155 λαμπρῶν.

2281 2175 2358 2228 Τὸ
2397 2175 2455 2228 δὲ
2481 2174 2524 2228 δ’
2551 2175 2774 2246 ὼριαῖον
2805 2173 3078 2246 διάστημα
3109 2175 3356 2247 ἀφορίζει
3389 2177 3518 2248 περὶ
3543 2177 3642 2248 τὴν
3677 2181 3782 2249 ἀρ-

2211 2265 2312 2337 χὴν
2344 2265 2452 2321 τῶν
2479 2265 2747 2338 Διδύμων,
2775 2267 2870 2321 τοῦ
2903 2269 3118 2340 Ταύρου
3139 2269 3246 2324 τῶν
3279 2271 3364 2322 ἐπ’
3391 2271 3604 2334 εὐθείας
3625 2271 3784 2342 ἄκρῳ

2209 2358 2286 2428 τῷ
2309 2357 2466 2430 δεξιῷ
2501 2358 2692 2430 κέρατι
2719 2359 2856 2431 πρὸς
2881 2361 3144 2424 ἀνατολὰς
3179 2361 3445 2432 κειμένων
3477 2361 3519 2432 β’
3548 2363 3780 2432 μικρῶν,

2209 2447 2305 2500 καὶ
2331 2446 2583 2516 ὲκφανῶν
2611 2447 2780 2502 ὅντων
2831 2449 3168 2522 ἀστερίσκων
3207 2452 3235 2504 6
3271 2450 3533 2520 ἑπόμενος
3565 2451 3744 2503 αὐτῶν
3765 2468 3780 2482 -

2209 2540 2349 2594 εἰσὶν
2372 2540 2430 2594 δὲ
2457 2531 2602 2594 οὗτοι
2647 2541 2740 2594 καὶ
2776 2543 2834 2596 ὲν
2865 2541 2941 2612 τῷ
2991 2540 3292 2614 κολλοὸὀρῳ
3313 2543 3358 2574 ’⁸
3397 2541 3491 2596 τοῦ
3535 2543 3786 2613 Ὠρίωνος

2210 2631 2304 2685 ἐπὶ
2349 2630 2443 2685 τοῦ
2494 2630 2832 2706 βορειοτέρου
2879 2633 3112 2706 πέρατος
3135 2651 3148 2664 ·
3203 2633 3432 2702 ἔγγιστα
3487 2633 3545 2688 δὲ
3595 2633 3693 2704 τὴν
3737 2634 3784 2688 δ’

2207 2721 2462 2794 ἀφορίζει
2485 2723 2582 2778 καὶ
2619 2723 2714 2776 τοῦ
2757 2723 2984 2792 Λαγωοῢ
3009 2724 3038 2778 6
3064 2723 3378 2796 νπιὼτερος
3407 2723 3518 2780 τῶν
3542 2725 3602 2780 ιν
3631 2723 3788 2798 μέση)

2209 2815 2288 2887 τῷ
2317 2815 2529 2888 σώματι
2559 2815 2604 2886 β’
2629 2815 2919 2887 λαμπρῶν.

2280 2907 2356 2963 Τδ
2394 2909 2452 2962 δὲ
2491 2915 2532 2962 ε’
2561 2909 2783 2981 ὡριαῖον
2827 2909 3100 2980 διάστημα
3143 2907 3392 2982 ἀφορίζει
3422 2909 3550 2982 περὶ
3583 2907 3787 2980 μέσους

2208 3001 2336 3066 τούς
2363 2999 2625 3073 Διδύμους
2656 2999 2766 3056 τῶν
2795 3001 3040 3073 Διδύμων
3072 3001 3101 3054 6
3131 3001 3296 3073 μέσος
3329 3003 3439 3054 τῶν
3469 3001 3526 3054 ὲν
3553 3003 3664 3063 τοῖς
3693 3001 3786 3068 γό-

2137 3139 2180 3198 C
2211 3109 2334 3148 νασι
2377 3089 2428 3162 γ’
2465 3091 2754 3165 λαμπρῶν,
2787 3091 2862 3157 ὼς
2893 3089 2938 3146 λ’
2967 3091 3133 3165 μέρος
3173 3089 3786 3198 ὥρας’,προηῖοξῖμενῗς

2214 3181 2310 3237 τοῦ
2345 3183 2434 3238 διὰ
2453 3183 2563 3238 τῶν
2604 3183 2782 3238 πόλων
2811 3183 3033 3250 κύκλου,
3065 3183 3162 3238 καὶ
3191 3180 3287 3236 τοῦ
3326 3183 3500 3246 Κυνὸς
3529 3183 3560 3234 6
3587 3183 3645 3236 ὲν
3671 3184 3788 3246 τοῖς

2145 3267 2157 3292 ’
2217 3275 2485 3342 ὀπισθίοις
2513 3277 2642 3330 ποσὶ
2673 3275 2938 3349 λαμπρός.

609 3419 662 3452 ³³
683 3421 806 3479 Cor.
835 3427 864 3480 6
887 3425 998 3485 ἐπί.
1071 3427 1120 3460 ⁵⁵
1146 3427 1187 3498 f.
1211 3428 1241 3482 ὅ
1265 3443 1345 3482 τε.
1421 3425 1471 3460 ³⁸
1501 3426 1544 3498 f.
1575 3426 1867 3499 Γοργονίῳ.
1931 3429 1980 3462 ’⁸
2009 3427 2052 3497 f.
2077 3425 2419 3501 Κολλορόϐῳ.

1487 3756 2828 3896 ΕΡΑΤΟΣΘΕΝΟΥΣ

1808 3991 1914 4046 EN
1935 3993 2134 4064 ΔΛΔῼ
2169 3991 2534 4048 InnApxor

1359 4151 1533 4242 ΕΙΣ
1567 4145 1712 4241 ΤΑ
1745 4146 2186 4272 ΑΡΑΤΟΥ,
2213 4153 2909 4246 ΦΑΙΝΟΜΕΝΑ.

1603 4421 2554 4539 ERATOSTHEN
2571 4422 2698 4538 IS

1807 4641 2044 4704 ALIAS
2085 4639 2517 4706 HIPPARCHI

1327 4821 1480 4913 AD
1549 4821 1908 4916 ARATI
2002 4821 2798 4916 PHENOMENA
2831 4805 2992 4918 (τι).

621 5079 774 5154 142
813 5077 853 5138 1.
910 5077 1300 5152 Apparentium
1349 5081 1752 5138 enarrationem
1811 5084 2100 5143 instituere
2135 5093 2179 5146 ι)

2277 5090 2356 5144 A’.
2399 5087 2510 5160 Τὴν
2541 5089 2642 5156 μὲν
2671 5089 2834 5158 δεῖξιν
2856 5091 2966 5147 τῶν
2989 5095 3324 5166 φαινομένων
3348 5097 3464 5151 δέον
3505 5099 3780 5155 ποιεῖσθαι

539 5173 621 5228 sic
651 5177 881 5242 oportet,
908 5177 968 5224 ut
996 5169 1062 5224 ad
1085 5168 1365 5224 meridiem
1388 5169 1620 5228 obversa
1650 5173 1863 5242 sphaera
1887 5214 1904 5242 ,
1936 5190 2110 5246 oppo-

539 5267 660 5322 sita:
689 5263 990 5318 habeantur
1011 5261 1184 5325 Ursae,
1207 5269 1362 5318 ortus
1388 5263 1457 5318 ad
1477 5263 1722 5320 dextram
1757 5266 1850 5330 sit,
1875 5282 2106 5324 occasus

538 5353 609 5408 ad
636 5353 932 5409 sinistram.
954 5349 1229 5406 Naturalis
1251 5365 1414 5422 porro
1437 5351 1665 5424 Sphaarze
1686 5357 1874 5410 mundi
1899 5357 2108 5426 positus

2207 5179 2343 5250 πρὸς
2365 5179 2443 5251 τῷ
2464 5179 2618 5249 νότῳ,
2635 5179 2822 5246 ἀντίας
2851 5181 3040 5254 ἔχοντα
3062 5185 3159 5249 τὰς
3177 5189 3464 5258 Ἀρκτους,
3503 5189 3650 5255 δεξιά
3677 5193 3779 5256 τὰς

2207 5266 2490 5332 ἀνατολὰς,
2519 5269 2829 5341 εὐωνύμους
2873 5273 2930 5325 δὲ
2968 5274 3069 5339 τὰς
3111 5275 3311 5342 δύσεις.
3373 5279 3436 5332 Ἦ
3471 5280 3528 5334 δὲ
3571 5282 3780 5354 φυσικὴ

2208 5357 2355 5422 θέσις
2389 5359 2488 5430 τῆς
2522 5361 2755 5433 σφαίρας
2804 5363 2899 5416 τοῦ
2941 5365 3147 5438 κόσμου
3183 5371 3300 5423 ἐστὶ
3341 5373 3582 5444 τοιαύτη,
3631 5373 3778 5429 ὥστε

538 5451 622 5498 est
652 5442 946 5514 ejusmodi,
987 5451 1047 5496 ut
1093 5443 1150 5496 in
1199 5443 1413 5512 tropico
1441 5445 1631 5500 aestivo
1681 5447 2110 5503 culminetCan-

2207 5448 2348 5518 ἔχειν
2393 5451 2825 5523 μεσουρανοῦντα
2851 5457 3124 5527 Καρκίνον
3151 5461 3242 5514 ἐπὶ
3271 5461 3364 5516 τοῦ
3399 5441 3611 5535 θερινοῦ
3649 5461 3779 5535 τρο-

538 5547 663 5602 cer;
699 5533 877 5589 Chelas
911 5534 966 5588 in
1012 5532 1380 5606 aequinoctiali
1429 5535 1796 5609 horoscopum
1843 5544 2102 5608 teneant;

2207 5541 2392 5612 πικοῦ,
2421 5545 2742 5612 ἀνατολικάς
2771 5547 2956 5620 Χηλὰς
2999 5551 3092 5606 ἐπὶ
3131 5553 3224 5608 τοῦ
3262 5555 3598 5627 ίσημερινοῦ,
3629 5556 3779 5610 δυτι-

609 5687 720 5760 (74)
753 5685 1262 5761 Pseudepigraphus
1299 5690 1388 5748 hic
1423 5691 1676 5760 libellus;
1702 5685 1832 5752 nam'
1863 5693 2117 5752 neutrius
2152 5704 2256 5752 est.
