4106 6416
400 404 534 453 115Ἱ

1419 397 1692 454 INCERTI
1727 399 1820 453 AD
1855 395 2066 452 ARATI
2104 397 2574 456 PHENOMENA.~

3492 399 3632 456 H38

398 515 493 570 κὸν
536 514 722 587 Κριὸν,
769 515 1069 586 Δράκοντος
1114 514 1353 587 κεφαλὴν
1399 515 1534 587 πρὸς
1583 516 1660 588 τῷ
1706 515 1959 588 ὁρίζοντι.

2063 518 2222 574 Aries
2274 523 2330 572 in
2381 516 2665 573 occidente
2709 522 2992 582 versetur;
3042 510 3304 571 Draconis
3349 527 3509 588 caput
3554 520 3634 576 in-

398 607 714 680 Περιέχεται
765 608 819 661 δὲ
864 609 967 662 ὑπὸ
1013 608 1106 661 τοῦ
1133 609 1423 679 ὁρίζοντος.
1473 609 1536 662 Ἦ
1582 610 1639 664 δὲ
1683 611 1824 665 κατά
1864 613 1965 684 τὴν

399 702 656 772 ἐξήγησιν
679 701 823 764 θέσις
837 701 944 756 τῶν
961 702 1185 772 Ἀράτου
1199 701 1575 772 Φαινομένων
1586 705 1702 758 ἐστὶ
1720 705 1965 776 τοιαύτη,

400 794 528 848 ὥστ’
567 795 708 865 ἔχειν
743 793 1175 866 μεσουρανοῦντα
1208 795 1518 867 Αίγόκερων
1545 796 1638 850 ἐπὶ
1663 795 1758 850 τοῦ
1780 814 1965 869 χειμε-

403 887 548 958 ρινοῦ
595 887 874 957 τροπικοῦ,
918 887 1230 941 ἀνατολικὸν
1260 887 1428 958 Κριὸν
1456 888 1549 941 ἐπὶ
1590 887 1683 941 τοῦ
1716 889 1964 960 ἰσημερι-

398 978 512 1042 νοῦ,
540 978 760 1042 δυτικάς
787 978 991 1048 Χηλὰς,
1042 978 1344 1049 Δράκοντος
1383 979 1623 1052 κεφαλὴν
1670 979 1782 1036 ἄνω
1828 981 1965 1052 πρὸς

397 1070 474 1142 τῷ
505 1069 758 1142 ὁρίζοντι,
788 1071 922 1123 ὅπου

396 1183 727 1252 Μι’σγονται
763 1180 970 1246 δύσιές
1022 1197 1086 1236 τε
1114 1181 1212 1235 καὶ
1242 1182 1490 1238 ἀντολαὶ
1513 1182 1882 1254 ἀλλήλῃσιν.

401 1297 556 1366 Ἔχει
601 1296 659 1349 δὲ
705 1295 800 1347 καὶ
855 1293 1049 1358 πόλους
1084 1293 1208 1347 δύο·
1263 1295 1520 1368 ἀρκτικὸν
1547 1295 1669 1350 ὅλον
1724 1295 1964 1350 τοιοῦτον

402 1387 692 1457 μετέωρον,
740 1386 831 1440 τὸν
877 1387 970 1439 καὶ
1008 1385 1216 1456 βόρειον
1260 1386 1568 1458 λεγόμενονο
1604 1387 1962 1458 ἀνταρκτικὸν

396 1478 454 1530 δὲ
482 1479 538 1531 ἐν
571 1476 649 1547 τῷ
673 1479 890 1547 ἀφανεῖ,
913 1476 1003 1530 τὸν
1033 1478 1125 1530 καὶ
1155 1477 1326 1530 νότιον
1353 1477 1661 1548 λεγόμενον.
1711 1479 1864 1549 Ἔχει
1905 1479 1962 1533 δὲ

397 1569 627 1633 κύκλους
678 1569 946 1640 μεγάλους
989 1568 1261 1640 τέσσαρας
1315 1570 1483 1639 χωρὶς
1529 1569 1624 1623 τοῦ
1667 1570 1959 1642 ὁρίζοντος,

397 1663 520 1716 ἐπεὶ
547 1663 865 1734 προείρηται
898 1662 996 1732 μὲν
1022 1661 1158 1730 ἔχων
1203 1661 1590 1734 μεσημϐρινὸν,
1626 1662 1958 1733 ἰσημερινὸν,

397 1753 681 1820 ζωδιακὸν,
721 1753 1014 1824 γαλαξίανο
1066 1753 1379 1823 ἐλαχίστους
1426 1752 1484 1805 δὲ
1515 1753 1816 1825 τέσσαρας’
1858 1754 1959 1824 ἀρ-

2064 611 2286 665 cumbat
2313 608 2608 664 horizonti.
2652 606 2765 661 Hoc
2818 607 2962 661 enim
2993 607 3061 661 ab
3089 607 3370 660 horizonte
3396 608 3633 664 circum-

2065 702 2343 757 scribitur.
2397 699 2597 755 Verum
2641 699 2730 753 hic
2768 699 2823 752 in
2853 701 3186 770 exponendis
3213 700 3366 754 Arati
3400 699 3632 757 Pha'no-

2064 793 2231 846 menis
2263 791 2488 862 sphaera:
2529 791 2745 860 positus
2791 791 3151 856 observatur,
3194 798 3253 846 ut
3293 792 3346 847 in
3401 793 3632 850 hiberno

2063 883 2276 954 tropico
2320 883 2584 939 culminet
2617 882 3012 952 Capricornus;
3065 883 3119 938 in
3157 885 3516 955 aequinoctiali
3561 887 3631 942 ad

2063 983 2243 1030 ortum
2275 976 2345 1030 sit
2376 975 2566 1040 Aries;
2597 975 2663 1029 ad
2703 989 2961 1030 occasum
2991 975 3205 1043 Chelae;
3250 975 3512 1034 Draconis
3542 995 3633 1032 ca-

2062 1077 2161 1139 put
2192 1083 2356 1139 supra
2383 1069 2719 1122 horizontem
2749 1067 3036 1136 respiciat;
3074 1069 3166 1122 ubi

2173 1179 2466 1236 Miscentur
2487 1196 2724 1246 occasus,
2747 1189 2796 1234 et
2822 1189 2967 1234 ortus
2987 1181 3225 1238 inuicem.

2065 1316 2236 1372 Habet
2282 1325 2336 1372 et
2371 1317 2525 1388 polos
2571 1323 2710 1374 duos
2747 1340 2760 1376 :
2805 1322 3100 1384 arcticum,
3139 1321 3232 1391 qui
3275 1327 3424 1378 totus
3454 1324 3629 1380 subli-

2062 1409 2167 1465 mis
2189 1416 2293 1472 est,
2317 1425 2380 1463 ac
2411 1410 2612 1466 boreus
2633 1412 2798 1467 etiam
2843 1414 3182 1484 appellatur;
3225 1416 3582 1471 antarcticum
3610 1459 3626 1483 ,

2061 1498 2154 1566 qui
2199 1513 2476 1568 nunquam
2512 1508 2806 1569 apparente
2837 1503 3042 1557 circulo
3075 1504 3413 1569 continetur,
3449 1514 3501 1562 et
3531 1522 3630 1564 au-

2062 1590 2245 1645 stralis
2275 1590 2494 1645 dicitur.
2520 1590 2693 1646 Habet
2720 1609 2848 1648 vero
2869 1595 3109 1651 circulos
3134 1596 3370 1666 majores
3395 1607 3631 1669 quatuor

2061 1689 2258 1752 praeter
2291 1681 2631 1738 horizontem
2669 1703 2683 1738 :
2717 1700 2856 1754 quos
2879 1686 2993 1757 jam
3023 1687 3262 1744 diximus
3304 1705 3427 1746 esse
3467 1695 3632 1760 meri-

2062 1773 2318 1838 dianum,
2361 1775 2826 1846 aequinoctialem,
2875 1779 3194 1847 zodiacum,
3234 1781 3490 1838 lacteum.
3532 1785 3632 1840 Mi-

396 1846 599 1910 κτικὸν,
645 1846 763 1899 ὅλον
810 1845 1102 1916 μετέωρον,
1139 1845 1223 1912 ἐφ’
1254 1836 1301 1912 ᾧ
1340 1845 1758 1916 κατεστήρικται
1797 1845 1959 1910 ζώδια

2062 1880 2222 1921 nores
2261 1865 2389 1921 item
2412 1877 2646 1937 quatuor
2675 1887 2688 1924 :
2726 1873 3010 1938 arcticum,
3039 1877 3135 1944 qui
3179 1882 3330 1931 totus
3364 1885 3587 1947 apparet
3608 1917 3624 1943 ,

393 1939 666 2008 τέσσαρα,
712 1937 936 2006 Ἀρκτοι
989 1935 1102 1998 δύο,
1150 1936 1376 2005 Κηφεὺς
1413 1935 1521 1988 ἀπὸ
1563 1935 1672 1990 τῶν
1725 1936 1958 2008 στηθῶν,

394 2031 650 2102 Δράκων·
703 2027 913 2098 θερινὸν
959 2026 1236 2098 τροπικὸν,
1279 2026 1462 2080 πλεῖον
1507 2026 1697 2097 ἔχοντα
1723 2028 1782 2081 τὸ
1820 2027 1961 2101 ὑπὲρ

392 2122 518 2190 γῆν,
546 2117 710 2192 ἧσσον
742 2119 799 2172 δὲ
834 2119 895 2171 τὸ
942 2118 1045 2171 ὑπὸ
1077 2117 1200 2187 γῆν,
1228 2119 1311 2186 ἐφ’
1335 2113 1380 2187 ᾧ
1405 2121 1827 2191 κατεστήρικται
1858 2119 1962 2184 ζὼο

391 2213 478 2266 δια
502 2218 572 2282 η’,
609 2209 844 2279 Βοώτης,
872 2209 1161 2278 Στέφανος,
1201 2209 1288 2261 Ἐν
1308 2209 1581 2278 γούνασιν,
1613 2209 1789 2280 Λύρα,
1811 2211 1961 2263 Κασ-

395 2303 628 2367 σιέπεια,
667 2302 1140 2373 Ἠνίοχος,¹’ορνις.
1167 2299 1427 2373 Περσεύς.
1472 2298 1534 2355 '0
1571 2299 1626 2354 δὲ
1653 2300 1959 2372 χειμερινὸς

391 2393 649 2464 τροπικὸς
675 2393 856 2445 πλεῖον
879 2391 989 2462 ἔχει
1023 2393 1083 2445 τὸ
1122 2391 1228 2444 ὑπὸ
1250 2393 1372 2463 γῆν,
1401 2386 1568 2463 ἦσσον
1611 2391 1669 2444 δέ
1705 2392 1766 2445 τὸ
1817 2391 1960 2464 ὑπὲρ

391 2487 528 2555 γῆνο
578 2484 664 2554 ἐφ’
717 2477 762 2552 ᾧ
804 2483 1226 2554 κατηστέρισται
1283 2483 1450 2548 ζώδια
1507 2489 1593 2548 ς’·
1654 2483 1957 2556 Ἠριδανὸς,

405 2575 602 2650 Ἀργὼ,
633 2576 963 2647 Κένταυρος,
994 2576 1079 2646 ἐφ’
1105 2569 1150 2646 ᾧ
1191 2576 1409 2650 Θηρίον,
1451 2575 1732 2648 Θυτήριον,
1789 2574 1959 2644 ’Ῑχθὺς

394 2667 566 2738 μέγας
593 2667 767 2732 νότιος
803 2668 1031 2739 ἀφανής.

471 2867 530 2923 'O
557 2867 614 2922 δέ
650 2869 961 2940 ίσημερινὸς
1003 2867 1199 2932 κύκλος
1247 2866 1359 2922 ἴσον
1397 2867 1510 2939 ἔχει
1557 2867 1618 2922 τὸ
1666 2868 1805 2942 ὑπὲρ
1853 2869 1960 2941 γῆν

391 2960 488 3016 καὶ
527 2961 589 3013 τὸ
631 2960 734 3014 ὑπὸ
776 2959 901 3030 γῆν,
936 2960 1020 3029 ἐφ’
1072 2953 1116 3027 ᾧ
1160 2959 1578 3032 κατηστέρισται
1647 2957 1811 3025 ζώδια
1854 2961 1954 3031 ιβ¹⁶

392 3052 606 3117 Ἵππος,
647 3051 944 3122 Ὀφιοῦχος,
978 3053 1062 3121 ἐφ’
1089 3043 1134 3121 ᾧ
1161 3053 1342 3120 Ὄφις,
1378 3051 1592 3122 ’Υδρος,
1629 3051 1714 3121 ἐφ’
1746 3044 1790 3119 ᾧ
1825 3069 1957 3104 κατ-

392 3141 704 3215 ηστέρισται
728 3143 975 3213 Κρατὴρ,
995 3142 1195 3212 Κόραξ,
1211 3141 1492 3214 Προκύων,
1526 3141 1724 3206 Ἀετὸς,
1742 3141 1956 3210 Δελφίς,

405 3236 614 3305 Ὠρίων,
676 3234 912 3300 ’οῖστὸς,
959 3233 1262 3299 Δελτωτὸν,
1326 3231 1671 3304 Ἀνδρομέδα,
1710 3232 1955 3302 Λαγωὸς,

390 3328 592 3397 Κῆτος,
642 3327 825 3390 Κύων,
868 3321 1160 3380 ὦστέἷναι
1201 3323 1272 3379 τά
1318 3323 1494 3379 πάντα
1543 3322 1707 3389 ζώδια
1759 3325 1960 3378 εἰκοσι-

389 3418 517 3482 τρία
566 3418 643 3450 ³⁷·
679 3418 848 3488 χωρὶς
891 3415 1001 3470 τῶν
1059 3416 1342 3488 ἐπισήμων
1378 3417 1436 3472 ἐν
1485 3416 1665 3479 αὐτοῖς
1713 3415 1958 3488 ἀστέρων

392 3508 901 3579 κατηστερισμένων
935 3513 1006 3578 η’,
1033 3501 1145 3560 οἷον
1178 3508 1270 3561 ἐπὶ
1300 3505 1395 3560 τοῦ
1447 3506 1657 3562 Βοώτου
1705 3505 1960 3579 Ἀρκτοῦ-

394 3615 504 3668 ρος,
539 3599 631 3650 ἐπὶ
653 3597 746 3651 τοῦ
801 3597 1044 3668 Ἠνιόχου
1086 3595 1186 3661 Αἴξ
1228 3613 1290 3650 τε
1333 3596 1428 3650 καὶ
1455 3597 1692 3668 Ἐριφοι,
1739 3596 1832 3648 ἐπὶ
1862 3595 1957 3649 τοῦ

392 3690 603 3763 Ταύρου
631 3689 908 3755 Πλειάδες,
940 3689 1157 3754 Ὺάδες’
1182 3689 1275 3743 ἐπὶ⁸
1305 3689 1406 3760 τῆς
1432 3688 1707 3759 Παρθένου
1727 3687 1955 3759 Στάχυς,

392 3783 821 3856 Προτρυγητήρ·
864 3781 1084 3854 ἐπὶ1τοῦ
1135 3781 1310 3846 Κυνὸς
1350 3780 1580 3852 Σείριος,
1640 3782 1736 3837 καὶ
1764 3781 1817 3835 εῐ
1837 3798 1958 3834 τινα

389 3875 598 3938 τούτοις
632 3875 810 3944 ὃμοια.

473 3967 532 4020 '0
557 3966 613 4019 δὲ
640 3965 899 4031 ζωδιακὸς
931 3965 1130 4030 κύκλος
1173 3965 1286 4038 ἔχει
1331 3965 1495 4031 ζώδια
1533 3965 1631 4037 ιβ’·
1660 3967 1964 4040 Καρκίνον,

391 4057 612 4122 Λέοντα,
639 4057 933 4129 Παρθένον,
976 4057 1183 4130 Χηλὰς,
1224 4059 1253 4112 ὃ
1286 4061 1399 4112 ἐστι
1442 4059 1632 4128 Ζυγὸς,
1669 4059 1956 4132 Σκορπίον,

391 4147 658 4219 Τοξότην,
711 4147 1054 4220 Αἰγόκερων,
1115 4149 1430 4221 ’λ’δροχόον,
1481 4150 1720 4224 Ἰχθύας,
1766 4151 1956 4223 Κριὸν,

391 4239 635 4311 Ταῦρον,
684 4239 985 4311 Διδύμους·
1052 4238 1194 4296 ὥστε,
1254 4237 1394 4294 εῖναι
1443 4241 1513 4295 τὰ
1564 4243 1752 4296 πάντα,
1794 4241 1957 4308 ζώδια

390 4338 476 4400 κγ’
504 4331 571 4384 ’⁸.

459 4423 581 4476 Εἰσὶ
605 4422 661 4476 δὲ
701 4423 795 4475 καὶ
826 4422 1094 4495 πλάνητες
1127 4423 1355 4497 ἀστέρες
1383 4424 1553 4496 χωρὶς
1581 4423 1734 4496 ἡλίου
1761 4441 1823 4479 τε
1862 4426 1957 4479 καὶ

2060 1961 2118 2012 in
2150 1973 2324 2028 eoque
2346 1967 2582 2029 quatuor
2603 1961 2793 2017 insunt
2825 1966 3120 2030 asterismi,
3162 1967 3317 2024 Ursae
3349 1969 3490 2036 duae,
3525 1970 3628 2026 Cc-

2060 2051 2235 2120 pheus
2267 2058 2488 2120 pectore
2513 2059 2695 2120 tenus,
2719 2061 2772 2109 et
2797 2054 3010 2124 Draco;
3037 2058 3284 2114 aestivum
3316 2061 3581 2131 tropicum
3608 2099 3625 2126 ,

2059 2141 2219 2211 cujus
2242 2158 2371 2212 pars
2394 2158 2564 2212 supra
2601 2155 2798 2200 terram
2828 2147 3003 2217 major
3031 2151 3279 2220 exsistit,
3311 2152 3492 2208 minor
3523 2155 3626 2210 sub

2058 2241 2226 2288 terra.
2274 2235 2449 2306 Atque
2491 2235 2538 2290 is
2571 2237 2724 2309 signa
2752 2246 2876 2295 octo
2925 2243 3337 2311 complectitur,
3380 2243 3622 2312 Booten,

2059 2326 2352 2394 Coronam,
2387 2326 2792 2398 lngeniculum,
2845 2329 3146 2388 Fidiculam
3171 2374 3187 2401 ,
3237 2334 3582 2408 Cassiepeam
3605 2379 3622 2404 ,

2057 2418 2352 2489 Aurigam,
2390 2420 2672 2492 Cygnum,
2730 2423 3012 2481 Perseum.
3063 2425 3334 2485 Hibernus
3383 2431 3625 2500 tr0picus

2057 2508 2257 2579 majori
2292 2525 2358 2564 ex
2387 2520 2543 2580 parte
2582 2513 2683 2568 sub
2724 2519 2928 2568 terram
2969 2513 3324 2586 deprimitur;
3361 2520 3625 2576 minorem

2059 2615 2225 2670 supra
2271 2609 2471 2656 terram
2528 2603 2745 2659 attollit.
2794 2602 2852 2658 ln
2907 2620 2973 2660 eo
3010 2617 3136 2662 sunt
3185 2611 3626 2666 constellationes

2061 2707 2156 2747 sex
2180 2713 2192 2748 :
2219 2692 2511 2760 Eridanus,
2538 2694 2703 2766 Argo,
2729 2695 3060 2762 Centaurus,
3087 2699 3142 2752 in
3167 2715 3275 2769 quo
3297 2699 3457 2770 Fera,
3493 2703 3623 2769 Ara,

2058 2782 2234 2840 Piscis
2263 2799 2495 2856 magnus
2527 2787 2786 2842 australis
2820 2803 2930 2842 non
2970 2804 3257 2860 apparens.

2127 2872 2552 2944 Equinoctialis
2583 2877 2824 2933 circulus
2853 2893 2920 2932 ex
2957 2894 3114 2950 aequo
3151 2895 3318 2951 supra
3374 2883 3627 2955 infraque

2057 2970 2264 3019 terram
2317 2966 2454 3021 situs
2499 2973 2624 3035 est;
2680 2968 2737 3022 in
2781 2984 2849 3025 eo
2903 2970 3058 3041 signa
3115 2980 3242 3028 sunt
3301 2975 3622 3032 duodecim:

2058 3051 2267 3124 Equus,
2298 3054 2636 3127 Ophiuchus,
2671 3059 2726 3112 in
2779 3075 2888 3130 quo
2929 3059 3164 3132 Serpens
3207 3072 3329 3120 est:
3376 3064 3623 3138 Hydrus,

2059 3144 2113 3198 in
2157 3161 2267 3216 quo
2319 3149 2628 3204 continetur
2675 3157 2731 3206 et
2777 3151 2968 3206 Crater
3001 3172 3014 3207 :
3046 3152 3290 3222 Corvus,
3343 3155 3643 3230 Procyon.

2058 3235 2274 3306 Aquila,
2296 3237 2544 3310 Delphin,
2581 3239 2768 3306 Orion,
2805 3239 3011 3313 Sagitta
3035 3283 3050 3308 ,
3098 3243 3381 3312 Deltoton,
3413 3245 3638 3304 Andro--

2057 3328 2246 3396 meda,
2293 3328 2495 3400 Lepus,
2541 3331 2741 3399 Cetus,
2776 3333 2960 3391 Canis.
3012 3336 3088 3390 Ita
3119 3337 3452 3406 colliguntur
3498 3340 3625 3393 uni—

2056 3423 2229 3476 verse’
2267 3421 2419 3492 signa
2446 3424 2551 3478 tria
2587 3434 2640 3480 et
2671 3426 2897 3496 viginti;
2932 3434 3131 3497 praeter
3174 3427 3416 3500 insignes
3439 3431 3644 3488 stellas.

2058 3517 2202 3575 octo.
2221 3525 2344 3581 quae
2371 3512 2425 3567 in
2455 3513 2566 3568 illis
2591 3515 2868 3570 collocata:
2883 3525 3030 3584 sunt,
3048 3517 3194 3571 velut
3220 3519 3276 3571 in
3308 3517 3491 3581 Boote,
3518 3521 3624 3573 Arb

2058 3609 2269 3666 cturus,
2303 3602 2358 3656 in
2392 3603 2594 3673 Auriga
2619 3602 2839 3675 Capella
2870 3615 2924 3662 et
2947 3606 3129 3674 Haedi;
3165 3610 3220 3662 in
3243 3607 3426 3664 Tauro
3453 3610 3626 3666 Pleia-

2057 3689 2156 3744 des
2191 3700 2246 3746 et
2271 3689 2526 3762 Hyades;
2561 3693 2616 3747 in
2646 3691 2870 3765 Virgine
2897 3679 3081 3767 Spica,
3121 3695 3533 3764 Vindemiator;
3567 3703 3625 3756 in

2057 3777 2207 3835 Cane
2233 3778 2410 3836 Sirius
2427 3820 2442 3847 ,
2475 3788 2531 3836 et
2554 3782 2602 3838 si
2622 3799 2743 3854 qua:
2769 3791 2905 3840 sunt.
2934 3785 3206 3856 ejusmodi
3237 3789 3376 3844 aliae.

2131 3956 2398 4015 Zodiacus
2422 3959 2592 4030 signis
2610 3961 2897 4017 duodecim
2919 3962 3290 4034 distinguitur,
3311 3981 3432 4036 quae
3458 3978 3588 4023 sunt
3609 3987 3622 4000 ·

2058 4051 2289 4120 Cancer,
2316 4052 2446 4118 Leo,
2473 4051 2659 4124 Virgo,
2683 4053 2865 4110 Chelas
2885 4096 2900 4121 ,
2943 4055 3058 4111 sive
3084 4054 3287 4126 Libra;
3322 4057 3581 4130 Scorpius
3606 4101 3624 4131 ,

2060 4142 2408 4214 Sagittarius,
2442 4144 2833 4214 Capricornus,
2866 4147 3160 4218 Aquarius,
3186 4145 3394 4212 Pisces,
3430 4150 3588 4206 Aries
3608 4191 3624 4214 ,

2058 4235 2303 4300 Taurus,
2347 4221 2580 4292 Gemini.
2635 4236 2978 4310 Colliguntur
3027 4237 3182 4310 signa
3215 4240 3271 4294 in
3301 4247 3472 4294 totum
3521 4241 3627 4296 tria

2055 4337 2110 4383 et
2133 4328 2341 4400 viginti.

2126 4419 2363 4476 Planeta:
2391 4427 2651 4490 praeterea
2691 4419 2862 4476 stellae
2909 4427 3039 4475 sunt
3079 4427 3275 4492 praeter
3333 4419 3516 4475 lunam
3560 4436 3630 4476 ac

393 4513 621 4584 σελήνης
655 4519 731 4566 ευ
759 4513 988 4584 Κρόνος,
1028 4515 1183 4580 Ζεὺς,
1229 4515 1426 4587 Ἀρης,
1471 4513 1775 4589 Ἀφροδίτη,
1835 4517 1955 4590 Ἐρσ

2061 4513 2230 4568 solem
2252 4551 2268 4577 ,
2303 4513 2544 4582 quinque
2575 4529 2588 4566 :
2617 4509 2889 4566 Saturnus
2913 4547 2930 4577 ,
2955 4507 3185 4579 Jupiter,
3214 4507 3380 4576 Mars,
3406 4508 3622 4576 Venus,

395 4620 520 4674 μηςο

461 4694 570 4766 Τὴν
595 4693 653 4748 δέ
680 4693 788 4750 τῶν
823 4695 1161 4766 φαινομένων
1180 4696 1439 4769 ἐξήγησιν
1463 4696 1756 4768 πεποίηται
1790 4698 1961 4770 Ἀρα-

387 4802 500 4850 τος,
554 4785 858 4857 ἀρξάμενος
907 4787 1016 4840 ἀπὸ
1063 4786 1172 4841 τῶν
1213 4789 1458 4859 ἄρκτων,
1511 4788 1610 4841 καὶ
1649 4788 1959 4860 περιλαϐὼν

387 4880 565 4933 πάντα
611 4880 680 4933 τὰ
727 4878 911 4951 βόρεια
957 4878 1218 4933 κυκλόθεν
1282 4881 1444 4952 μέχρι
1502 4881 1596 4934 τοῦ
1651 4879 1970 4945 ζωδιακοῦο-

390 4964 508 5022 εἶτα
556 4969 814 5040 μεταϐὰς,
849 4972 945 5024 καὶ
989 4969 1292 5040 ἀρξάμενος
1343 4971 1452 5024 ἀπὸ
1510 4970 1605 5024 τοῦ
1670 4971 1954 5044 Ὠρίωνοςῇ

390 5062 512 5114 ἐπεὶ
543 5062 792 5133 λαμπρός
839 5063 979 5116 ἐστι.
1013 5062 1095 5116 Τά
1143 5063 1190 5115 δ’
1221 5063 1331 5116 ἀπὸ
1372 5062 1468 5124 τοῦ
1501 5062 1766 5128 ζωδιακοῦ
1809 5063 1960 5117 νότια

389 5153 567 5206 πάντα
595 5154 836 5208 καλεῖται
873 5154 1032 5227 μέχρι
1059 5153 1153 5208 τοῦ
1202 5153 1587 5227 ἀνταρκτικοῦ.
1629 5151 1745 5208 Εἶθ’
1786 5154 1958 5219 οὕτως

391 5244 628 5316 μέτεισιν
664 5247 756 5299 ἐπὶ
787 5247 855 5300 τὰ
891 5248 1036 5318 ἑξῆς.

457 5337 675 5392 Τούτων
721 5337 894 5403 οὕτως
943 5340 1194 5410 ἐχόντων,
1246 5338 1430 5393 λοιπὸν
1479 5339 1808 5410 μεταϐατέον
1867 5341 1960 5394 ἐπὶ

389 5429 513 5494 τοὺς
542 5430 836 5500 τέμνοντας
877 5431 1110 5495 κύκλους
1144 5431 1238 5484 xal.
1266 5430 1334 5485 τά
1383 5431 1694 5502 τεμνόμενα
1734 5433 1827 5486 ὑπ’
1861 5434 1959 5486 αύ-

388 5519 496 5573 τῶν
525 5520 707 5586 ζῴδια.
767 5523 1000 5592 Ὁμοίως
1047 5523 1105 5576 δὲ
1134 5523 1224 5576 ἐπί
1259 5541 1318 5576 τε
1351 5523 1450 5586 τὰς
1479 5524 1838 5588 συνανατολάς
1866 5526 1961 5578 καὶ

385 5611 488 5676 τὰς
531 5613 956 5682 συγκαταδύσεις
987 5614 1183 5680 αὐτῶν,
1216 5615 1364 5678 ὅπως
1405 5615 1568 5688 μηδὲν
1612 5616 1960 5688 ύπολίπωμεν

403 5833 408 5838 ’
481 5805 527 5840 ¹¹¹
561 5806 675 5862 Ima
719 5809 1028 5881 τριάκοντα.
1124 5810 1172 5844 ³⁸
1205 5813 1321 5865 Ima
1357 5808 1474 5881 μβ’..

2061 4604 2381 4661 Mercurius.

2139 4697 2530 4768 Apparentium
2575 4694 2970 4766 expositionem
3033 4710 3101 4751 eo
3135 4696 3346 4763 ,ordine
3402 4694 3640 4751 tradiditv

2060 4788 2284 4848 Aratus,
2317 4795 2377 4840 ut
2409 4801 2439 4840 a
2469 4785 2930 4857 septentrionibus
2960 4799 3212 4850 exorsus,
3245 4786 3485 4842 borealia
3517 4787 3626 4840 cir-

2060 4896 2186 4935 cum
2219 4879 2402 4934 omnia
2433 4878 2937 4949 comprehenderet,
2980 4893 3154 4949 usque
3186 4877 3254 4932 ad
3302 4877 3581 4933 zodiacum
3609 4897 3622 4932 :

2062 4974 2190 5029 hinc
2220 4973 2288 5028 ab
2317 4971 2518 5027 Orione
2543 4987 2738 5028 rursus
2778 4971 3124 5041 auspicatus,
3173 4969 3321 5040 quod
3347 4984 3412 5024 ea
3444 4969 3625 5023 lucida

2062 5067 2146 5123 sit.
2168 5067 2344 5132 stella,
2377 5066 2589 5135 reliqua
2623 5070 2949 5135 pertexeret.
2979 5061 3152 5118 Porro
3185 5077 3306 5134 quae
3337 5077 3367 5116 a
3401 5061 3627 5116 zodiaco

2062 5168 2190 5217 sunt
2221 5159 2483 5228 deinceps
2517 5158 2584 5212 ad
2621 5157 3003 5223 antarcticum,
3039 5157 3299 5212 australia
3333 5154 3516 5210 omnia
3543 5153 3628 5206 di-

2061 5259 2280 5308 cuntur.
2318 5249 2527 5304 Exinde
2552 5249 2619 5303 ad
2648 5248 2754 5300 alia
2790 5248 2986 5302 transit
3019 5247 3239 5304 Aratus.

2129 5343 2226 5400 His
2250 5341 2646 5397 animadversis
2670 5356 2816 5395 nunc
2845 5340 2912 5395 ad
2933 5355 3028 5396 eos
3056 5341 3292 5394 circulos
3322 5338 3624 5402 veniemus.

2059 5435 2152 5504 qui
2176 5434 2443 5504 sphaeram
2473 5440 2690 5499 secant,
2729 5440 2783 5486 et
2816 5433 2994 5502 signa,
3036 5446 3156 5504 qua:
3189 5431 3256 5485 ab
3303 5431 3409 5486 illis
3433 5445 3628 5485 secan-

2060 5536 2170 5582 tur.
2205 5524 2337 5581 ltem
2371 5525 2439 5581 de
2480 5527 2695 5580 illorum
2740 5525 3019 5580 coortibus
3065 5531 3119 5578 et
3153 5523 3506 5578 cooccasibus
3546 5524 3630 5576 di-

2063 5633 2270 5684 cemus,
2299 5617 2436 5675 nihil
2471 5627 2562 5684 ut,
2603 5615 2748 5689 quod
2779 5615 2998 5688 quidem
3027 5613 3182 5687 153
3212 5615 3279 5670 ad
3333 5615 3644 5672 constellas.
