  <div class='ocr_page' id='page_1' title='image "/cluster/home/n/w/nwhite01/storage/ocr_20150623/19:no.1/coo.31924054872993/591.png"; bbox 0 0 4106 6412; ppageno 0'>
   <div class='ocr_carea' id='block_1_1' title="bbox 501 371 642 455">
    <p class='ocr_par' dir='ltr' id='par_1_1' title="bbox 501 371 642 455">
     <span class='ocr_line' id='line_1_1' title="bbox 501 371 642 455; baseline 0.021 -3"><span class='ocrx_word' id='word_1_1' title='bbox 501 371 642 455; x_wconf 71' lang='grc' dir='ltr'><strong>ιίδο</strong></span> 
     </span>
    </p>
   </div>
   <div class='ocr_carea' id='block_1_2' title="bbox 1453 397 2716 462">
    <p class='ocr_par' dir='ltr' id='par_1_2' title="bbox 1453 397 2716 462">
     <span class='ocr_line' id='line_1_2' title="bbox 1453 397 2716 462; baseline 0.008 -11"><span class='ocrx_word' id='word_1_2' title='bbox 1453 397 1791 454; x_wconf 71' lang='lat' dir='ltr'><strong>APPENDIX</strong></span> <span class='ocrx_word' id='word_1_3' title='bbox 1833 401 1924 456; x_wconf 92' lang='lat' dir='ltr'><strong>AD</strong></span> <span class='ocrx_word' id='word_1_4' title='bbox 1955 401 2222 459; x_wconf 79' lang='lat' dir='ltr'><strong>EUSEBII</strong></span> <span class='ocrx_word' id='word_1_5' title='bbox 2259 402 2716 462; x_wconf 71' lang='grc' dir='ltr'><strong>ΕΗΒΟΝΙΟΟΝ..</strong></span> 
     </span>
    </p>
   </div>
   <div class='ocr_carea' id='block_1_3' title="bbox 3605 401 3746 462">
    <p class='ocr_par' dir='ltr' id='par_1_3' title="bbox 3605 401 3746 462">
     <span class='ocr_line' id='line_1_3' title="bbox 3605 401 3746 462; baseline 0.014 -2"><span class='ocrx_word' id='word_1_6' title='bbox 3605 401 3746 462; x_wconf 77' lang='lat' dir='ltr'><strong>mo</strong></span> 
     </span>
    </p>
   </div>
   <div class='ocr_carea' id='block_1_4' title="bbox 499 516 2063 596">
    <p class='ocr_par' dir='ltr' id='par_1_4' title="bbox 499 517 2062 590">
     <span class='ocr_line' id='line_1_4' title="bbox 499 517 2062 590; baseline 0.003 -16"><span class='ocrx_word' id='word_1_7' title='bbox 499 520 679 574; x_wconf 86' lang='lat' dir='ltr'><strong>tiones</strong></span> <span class='ocrx_word' id='word_1_8' title='bbox 709 519 923 584; x_wconf 89' lang='lat' dir='ltr'><strong>attinet,</strong></span> <span class='ocrx_word' id='word_1_9' title='bbox 955 517 1012 573; x_wconf 89' lang='lat' dir='ltr'><strong>in</strong></span> <span class='ocrx_word' id='word_1_10' title='bbox 1053 517 1340 588; x_wconf 70' lang='lat' dir='ltr'><strong>praeteritis</strong></span> <span class='ocrx_word' id='word_1_11' title='bbox 1367 518 1734 590; x_wconf 85' lang='lat' dir='ltr'><strong>relinquatur.</strong></span> <span class='ocrx_word' id='word_1_12' title='bbox 1777 519 1884 576; x_wconf 86' lang='lat' dir='ltr'><strong>Sed</strong></span> <span class='ocrx_word' id='word_1_13' title='bbox 1929 521 2062 578; x_wconf 90' lang='lat' dir='ltr'><strong>illud</strong></span> 
     </span>
    </p>
   </div>
   <div class='ocr_carea' id='block_1_5' title="bbox 2166 516 3742 596">
    <p class='ocr_par' dir='ltr' id='par_1_5' title="bbox 2166 516 3742 596">
     <span class='ocr_line' id='line_1_5' title="bbox 2166 516 3742 596; baseline -0.001 -19"><span class='ocrx_word' id='word_1_14' title='bbox 2166 523 2273 578; x_wconf 83' lang='grc' dir='ltr'><strong>τῶν</strong></span> <span class='ocrx_word' id='word_1_15' title='bbox 2324 524 2460 596; x_wconf 85' lang='grc' dir='ltr'>πρὸς</span> <span class='ocrx_word' id='word_1_16' title='bbox 2501 525 2596 578; x_wconf 81' lang='grc' dir='ltr'>τὸν</span> <span class='ocrx_word' id='word_1_17' title='bbox 2631 519 3084 593; x_wconf 87' lang='grc' dir='ltr'>καταστερισμόν.</span> <span class='ocrx_word' id='word_1_18' title='bbox 3125 518 3276 590; x_wconf 89' lang='grc' dir='ltr'>Πλην</span> <span class='ocrx_word' id='word_1_19' title='bbox 3323 516 3546 588; x_wconf 84' lang='grc' dir='ltr'>νοητέον</span> <span class='ocrx_word' id='word_1_20' title='bbox 3595 520 3742 576; x_wconf 81' lang='grc' dir='ltr'>τοῦθ’</span> 
     </span>
    </p>
   </div>
   <div class='ocr_carea' id='block_1_6' title="bbox 501 607 2068 680">
    <p class='ocr_par' dir='ltr' id='par_1_6' title="bbox 501 607 2068 680">
     <span class='ocr_line' id='line_1_6' title="bbox 501 607 2068 680; baseline 0.003 -17"><span class='ocrx_word' id='word_1_21' title='bbox 501 617 628 664; x_wconf 86' lang='lat' dir='ltr'><strong>ante</strong></span> <span class='ocrx_word' id='word_1_22' title='bbox 652 623 762 662; x_wconf 90' lang='lat' dir='ltr'><strong>non</strong></span> <span class='ocrx_word' id='word_1_23' title='bbox 794 607 1154 680; x_wconf 85' lang='lat' dir='ltr'><strong>ignorandum</strong></span> <span class='ocrx_word' id='word_1_24' title='bbox 1182 619 1286 676; x_wconf 89' lang='lat' dir='ltr'><strong>est,</strong></span> <span class='ocrx_word' id='word_1_25' title='bbox 1310 609 1536 664; x_wconf 82' lang='lat' dir='ltr'><strong>Aratum</strong></span> <span class='ocrx_word' id='word_1_26' title='bbox 1567 611 1798 666; x_wconf 86' lang='lat' dir='ltr'><strong>istorum</strong></span> <span class='ocrx_word' id='word_1_27' title='bbox 1821 614 2068 668; x_wconf 88' lang='lat' dir='ltr'><strong>omnium</strong></span> 
     </span>
    </p>
   </div>
   <div class='ocr_carea' id='block_1_7' title="bbox 501 701 2068 772">
    <p class='ocr_par' dir='ltr' id='par_1_7' title="bbox 501 701 2068 772">
     <span class='ocr_line' id='line_1_7' title="bbox 501 701 2068 772; baseline 0.003 -16"><span class='ocrx_word' id='word_1_28' title='bbox 501 702 922 770; x_wconf 78' lang='lat' dir='ltr'><strong>explicationem</strong></span> <span class='ocrx_word' id='word_1_29' title='bbox 975 701 1200 772; x_wconf 78' lang='lat' dir='ltr'><strong>pingui,</strong></span> <span class='ocrx_word' id='word_1_30' title='bbox 1235 711 1295 756; x_wconf 91' lang='lat' dir='ltr'><strong>ut</strong></span> <span class='ocrx_word' id='word_1_31' title='bbox 1337 703 1490 756; x_wconf 88' lang='lat' dir='ltr'><strong>aiunt</strong></span> <span class='ocrx_word' id='word_1_32' title='bbox 1517 742 1532 764; x_wconf 89' lang='lat'><strong>.</strong></span> <span class='ocrx_word' id='word_1_33' title='bbox 1581 703 1824 758; x_wconf 80' lang='lat' dir='ltr'><strong>Minerva</strong></span> <span class='ocrx_word' id='word_1_34' title='bbox 1871 705 2068 760; x_wconf 89' lang='lat' dir='ltr'><strong>hocin</strong></span> 
     </span>
    </p>
   </div>
   <div class='ocr_carea' id='block_1_8' title="bbox 501 793 2070 862">
    <p class='ocr_par' dir='ltr' id='par_1_8' title="bbox 501 793 2070 862">
     <span class='ocr_line' id='line_1_8' title="bbox 501 793 2070 862; baseline 0.005 -16"><span class='ocrx_word' id='word_1_35' title='bbox 501 803 750 862; x_wconf 85' lang='lat' dir='ltr'><strong>poemate</strong></span> <span class='ocrx_word' id='word_1_36' title='bbox 779 793 1121 858; x_wconf 84' lang='lat' dir='ltr'><strong>instituisse;</strong></span> <span class='ocrx_word' id='word_1_37' title='bbox 1159 809 1260 848; x_wconf 88' lang='lat' dir='ltr'><strong>nec</strong></span> <span class='ocrx_word' id='word_1_38' title='bbox 1287 793 1340 848; x_wconf 88' lang='lat' dir='ltr'><strong>in</strong></span> <span class='ocrx_word' id='word_1_39' title='bbox 1369 795 1628 852; x_wconf 88' lang='lat' dir='ltr'><strong>omnibus</strong></span> <span class='ocrx_word' id='word_1_40' title='bbox 1657 797 1792 852; x_wconf 87' lang='lat' dir='ltr'><strong>satis</strong></span> <span class='ocrx_word' id='word_1_41' title='bbox 1811 806 2070 854; x_wconf 88' lang='lat' dir='ltr'><strong>accurate</strong></span> 
     </span>
    </p>
   </div>
   <div class='ocr_carea' id='block_1_9' title="bbox 501 885 2068 960">
    <p class='ocr_par' dir='ltr' id='par_1_9' title="bbox 501 885 2068 960">
     <span class='ocr_line' id='line_1_9' title="bbox 501 885 2068 960; baseline 0.005 -22"><span class='ocrx_word' id='word_1_42' title='bbox 501 899 625 940; x_wconf 89' lang='lat' dir='ltr'><strong>esse</strong></span> <span class='ocrx_word' id='word_1_43' title='bbox 653 893 928 940; x_wconf 88' lang='lat' dir='ltr'><strong>versatum</strong></span> <span class='ocrx_word' id='word_1_44' title='bbox 957 905 970 939; x_wconf 90' lang='lat'><strong>:</strong></span> <span class='ocrx_word' id='word_1_45' title='bbox 1003 885 1248 954; x_wconf 73' lang='lat' dir='ltr'><strong>quaedam</strong></span> <span class='ocrx_word' id='word_1_46' title='bbox 1279 887 1534 943; x_wconf 89' lang='lat' dir='ltr'><strong>omisisse</strong></span> <span class='ocrx_word' id='word_1_47' title='bbox 1557 929 1572 954; x_wconf 91' lang='lat'><strong>,</strong></span> <span class='ocrx_word' id='word_1_48' title='bbox 1617 905 1740 960; x_wconf 65' lang='lat' dir='ltr'><strong>quae</strong></span> <span class='ocrx_word' id='word_1_49' title='bbox 1769 889 1824 944; x_wconf 87' lang='lat' dir='ltr'><strong>in</strong></span> <span class='ocrx_word' id='word_1_50' title='bbox 1856 890 2068 960; x_wconf 75' lang='lat' dir='ltr'><strong>sphaera</strong></span> 
     </span>
    </p>
   </div>
   <div class='ocr_carea' id='block_1_10' title="bbox 501 974 2070 1052">
    <p class='ocr_par' dir='ltr' id='par_1_10' title="bbox 501 974 2070 1052">
     <span class='ocr_line' id='line_1_10' title="bbox 501 974 2070 1052; baseline 0.006 -25"><span class='ocrx_word' id='word_1_51' title='bbox 501 975 936 1030; x_wconf 85' lang='lat' dir='ltr'><strong>considerantur.</strong></span> <span class='ocrx_word' id='word_1_52' title='bbox 973 974 1088 1046; x_wconf 87' lang='lat' dir='ltr'><strong>Ego</strong></span> <span class='ocrx_word' id='word_1_53' title='bbox 1132 991 1264 1032; x_wconf 88' lang='lat' dir='ltr'><strong>vero</strong></span> <span class='ocrx_word' id='word_1_54' title='bbox 1291 993 1413 1048; x_wconf 68' lang='lat' dir='ltr'><strong>quae</strong></span> <span class='ocrx_word' id='word_1_55' title='bbox 1443 980 1512 1034; x_wconf 90' lang='lat' dir='ltr'><strong>ab</strong></span> <span class='ocrx_word' id='word_1_56' title='bbox 1559 981 1657 1034; x_wconf 82' lang='lat' dir='ltr'><strong>illo</strong></span> <span class='ocrx_word' id='word_1_57' title='bbox 1703 983 2070 1052; x_wconf 75' lang='lat' dir='ltr'><strong>praetermissa</strong></span> 
     </span>
    </p>
   </div>
   <div class='ocr_carea' id='block_1_11' title="bbox 503 1068 2070 1144">
    <p class='ocr_par' dir='ltr' id='par_1_11' title="bbox 503 1068 2070 1144">
     <span class='ocr_line' id='line_1_11' title="bbox 503 1068 2070 1144; baseline 0.004 -23"><span class='ocrx_word' id='word_1_58' title='bbox 503 1075 630 1121; x_wconf 87' lang='lat' dir='ltr'><strong>sunt</strong></span> <span class='ocrx_word' id='word_1_59' title='bbox 661 1081 952 1136; x_wconf 88' lang='lat' dir='ltr'><strong>reponam,</strong></span> <span class='ocrx_word' id='word_1_60' title='bbox 1009 1083 1078 1123; x_wconf 91' lang='lat' dir='ltr'><strong>ne</strong></span> <span class='ocrx_word' id='word_1_61' title='bbox 1110 1068 1244 1138; x_wconf 91' lang='lat' dir='ltr'><strong>quid</strong></span> <span class='ocrx_word' id='word_1_62' title='bbox 1273 1068 1342 1123; x_wconf 89' lang='lat' dir='ltr'><strong>ad</strong></span> <span class='ocrx_word' id='word_1_63' title='bbox 1373 1069 1538 1140; x_wconf 87' lang='lat' dir='ltr'><strong>hujus</strong></span> <span class='ocrx_word' id='word_1_64' title='bbox 1571 1071 1946 1144; x_wconf 77' lang='lat' dir='ltr'><strong>integritatem</strong></span> <span class='ocrx_word' id='word_1_65' title='bbox 1979 1089 2070 1128; x_wconf 87' lang='lat' dir='ltr'><strong>ar-</strong></span> 
     </span>
    </p>
   </div>
   <div class='ocr_carea' id='block_1_12' title="bbox 502 1155 1385 1228">
    <p class='ocr_par' dir='ltr' id='par_1_12' title="bbox 502 1155 1385 1228">
     <span class='ocr_line' id='line_1_12' title="bbox 502 1155 1385 1228; baseline 0.008 -18"><span class='ocrx_word' id='word_1_66' title='bbox 502 1159 742 1228; x_wconf 89' lang='lat' dir='ltr'><strong>gumenti</strong></span> <span class='ocrx_word' id='word_1_67' title='bbox 777 1157 1137 1216; x_wconf 84' lang='lat' dir='ltr'><strong>desideretur.</strong></span> <span class='ocrx_word' id='word_1_68' title='bbox 1377 1155 1385 1163; x_wconf 84' lang='grc'><em>’</em></span> 
     </span>
    </p>
   </div>
   <div class='ocr_carea' id='block_1_13' title="bbox 571 1249 2070 1320">
    <p class='ocr_par' dir='ltr' id='par_1_13' title="bbox 571 1249 2070 1320">
     <span class='ocr_line' id='line_1_13' title="bbox 571 1249 2070 1320; baseline 0.008 -18"><span class='ocrx_word' id='word_1_69' title='bbox 571 1249 860 1304; x_wconf 87' lang='lat' dir='ltr'><strong>Tril&#39;ariam</strong></span> <span class='ocrx_word' id='word_1_70' title='bbox 885 1267 1050 1320; x_wconf 91' lang='lat' dir='ltr'><strong>porro</strong></span> <span class='ocrx_word' id='word_1_71' title='bbox 1087 1253 1275 1308; x_wconf 67' lang='lat' dir='ltr'><strong>divisae</strong></span> <span class='ocrx_word' id='word_1_72' title='bbox 1313 1267 1444 1310; x_wconf 82' lang='lat' dir='ltr'><strong>sunt</strong></span> <span class='ocrx_word' id='word_1_73' title='bbox 1468 1256 1752 1311; x_wconf 62' lang='lat' dir='ltr'><strong>sententia;</strong></span> <span class='ocrx_word' id='word_1_74' title='bbox 1781 1257 1850 1314; x_wconf 91' lang='lat' dir='ltr'><strong>de</strong></span> <span class='ocrx_word' id='word_1_75' title='bbox 1865 1259 2070 1314; x_wconf 89' lang='lat' dir='ltr'><strong>coorti-</strong></span> 
     </span>
    </p>
   </div>
   <div class='ocr_carea' id='block_1_14' title="bbox 498 1341 2070 1411">
    <p class='ocr_par' dir='ltr' id='par_1_14' title="bbox 498 1341 2070 1411">
     <span class='ocr_line' id='line_1_14' title="bbox 498 1341 2070 1411; baseline 0.005 -15"><span class='ocrx_word' id='word_1_76' title='bbox 498 1341 602 1396; x_wconf 89' lang='lat' dir='ltr'><strong>bus</strong></span> <span class='ocrx_word' id='word_1_77' title='bbox 623 1349 678 1395; x_wconf 90' lang='lat' dir='ltr'><strong>et</strong></span> <span class='ocrx_word' id='word_1_78' title='bbox 707 1343 1084 1400; x_wconf 89' lang='lat' dir='ltr'><strong>cooccasibus.</strong></span> <span class='ocrx_word' id='word_1_79' title='bbox 1125 1343 1358 1411; x_wconf 86' lang='lat' dir='ltr'><strong>Quidam</strong></span> <span class='ocrx_word' id='word_1_80' title='bbox 1391 1348 1536 1401; x_wconf 78' lang='lat' dir='ltr'><strong>enim</strong></span> <span class='ocrx_word' id='word_1_81' title='bbox 1566 1362 1756 1402; x_wconf 90' lang='lat' dir='ltr'><strong>eorum</strong></span> <span class='ocrx_word' id='word_1_82' title='bbox 1787 1350 2070 1404; x_wconf 89' lang='lat' dir='ltr'><strong>tractatio-</strong></span> 
     </span>
    </p>
   </div>
   <div class='ocr_carea' id='block_1_15' title="bbox 499 1433 2068 1508">
    <p class='ocr_par' dir='ltr' id='par_1_15' title="bbox 499 1433 2068 1508">
     <span class='ocr_line' id='line_1_15' title="bbox 499 1433 2068 1508; baseline 0.006 -22"><span class='ocrx_word' id='word_1_83' title='bbox 499 1447 622 1486; x_wconf 89' lang='lat' dir='ltr'><strong>nem</strong></span> <span class='ocrx_word' id='word_1_84' title='bbox 647 1433 1092 1490; x_wconf 87' lang='lat' dir='ltr'><strong>accommodasse</strong></span> <span class='ocrx_word' id='word_1_85' title='bbox 1113 1443 1308 1506; x_wconf 88' lang='lat' dir='ltr'><strong>putant</strong></span> <span class='ocrx_word' id='word_1_86' title='bbox 1327 1437 1554 1490; x_wconf 81' lang='lat' dir='ltr'><strong>Aratum</strong></span> <span class='ocrx_word' id='word_1_87' title='bbox 1581 1438 1649 1492; x_wconf 88' lang='lat' dir='ltr'><strong>ad</strong></span> <span class='ocrx_word' id='word_1_88' title='bbox 1675 1439 1814 1508; x_wconf 86' lang='lat' dir='ltr'><strong>signi</strong></span> <span class='ocrx_word' id='word_1_89' title='bbox 1844 1439 2068 1496; x_wconf 88' lang='lat' dir='ltr'><strong>orientis</strong></span> 
     </span>
    </p>
   </div>
   <div class='ocr_carea' id='block_1_16' title="bbox 499 1522 2070 1597">
    <p class='ocr_par' dir='ltr' id='par_1_16' title="bbox 499 1522 2070 1597">
     <span class='ocr_line' id='line_1_16' title="bbox 499 1522 2070 1597; baseline 0.003 -21"><span class='ocrx_word' id='word_1_90' title='bbox 499 1522 748 1588; x_wconf 87' lang='lat' dir='ltr'><strong>initium;</strong></span> <span class='ocrx_word' id='word_1_91' title='bbox 783 1523 1002 1592; x_wconf 90' lang='lat' dir='ltr'><strong>quidam</strong></span> <span class='ocrx_word' id='word_1_92' title='bbox 1034 1525 1102 1579; x_wconf 91' lang='lat' dir='ltr'><strong>ad</strong></span> <span class='ocrx_word' id='word_1_93' title='bbox 1137 1533 1320 1579; x_wconf 86' lang='lat' dir='ltr'><strong>ortum</strong></span> <span class='ocrx_word' id='word_1_94' title='bbox 1359 1526 1522 1580; x_wconf 90' lang='lat' dir='ltr'><strong>medii</strong></span> <span class='ocrx_word' id='word_1_95' title='bbox 1553 1527 1726 1597; x_wconf 81' lang='lat' dir='ltr'><strong>signi;</strong></span> <span class='ocrx_word' id='word_1_96' title='bbox 1760 1527 1852 1580; x_wconf 84' lang='lat' dir='ltr'><strong>alii</strong></span> <span class='ocrx_word' id='word_1_97' title='bbox 1877 1527 1944 1582; x_wconf 91' lang='lat' dir='ltr'><strong>ad</strong></span> <span class='ocrx_word' id='word_1_98' title='bbox 1978 1526 2070 1580; x_wconf 89' lang='lat' dir='ltr'><strong>ah-</strong></span> 
     </span>
    </p>
   </div>
   <div class='ocr_carea' id='block_1_17' title="bbox 501 1613 2066 1674">
    <p class='ocr_par' dir='ltr' id='par_1_17' title="bbox 501 1613 2066 1674">
     <span class='ocr_line' id='line_1_17' title="bbox 501 1613 2066 1674; baseline 0.004 -6"><span class='ocrx_word' id='word_1_99' title='bbox 501 1613 738 1668; x_wconf 86' lang='lat' dir='ltr'><strong>solutum</strong></span> <span class='ocrx_word' id='word_1_100' title='bbox 769 1615 940 1670; x_wconf 83' lang='lat' dir='ltr'><strong>totius</strong></span> <span class='ocrx_word' id='word_1_101' title='bbox 970 1623 1247 1670; x_wconf 83' lang='lat' dir='ltr'><strong>exortum.</strong></span> <span class='ocrx_word' id='word_1_102' title='bbox 1277 1615 1390 1672; x_wconf 87' lang='lat' dir='ltr'><strong>Hoc</strong></span> <span class='ocrx_word' id='word_1_103' title='bbox 1441 1633 1572 1672; x_wconf 91' lang='lat' dir='ltr'><strong>vero</strong></span> <span class='ocrx_word' id='word_1_104' title='bbox 1621 1619 1925 1674; x_wconf 85' lang='lat' dir='ltr'><strong>consistere</strong></span> <span class='ocrx_word' id='word_1_105' title='bbox 1959 1633 2066 1674; x_wconf 91' lang='lat' dir='ltr'><strong>non</strong></span> 
     </span>
    </p>
   </div>
   <div class='ocr_carea' id='block_1_18' title="bbox 499 1701 2068 1778">
    <p class='ocr_par' dir='ltr' id='par_1_18' title="bbox 499 1701 2068 1778">
     <span class='ocr_line' id='line_1_18' title="bbox 499 1701 2068 1778; baseline 0.004 -22"><span class='ocrx_word' id='word_1_106' title='bbox 499 1709 695 1772; x_wconf 90' lang='lat' dir='ltr'><strong>potest.</strong></span> <span class='ocrx_word' id='word_1_107' title='bbox 743 1701 878 1756; x_wconf 85' lang='lat' dir='ltr'><strong>Nam</strong></span> <span class='ocrx_word' id='word_1_108' title='bbox 925 1717 956 1757; x_wconf 91' lang='lat' dir='ltr'><strong>a</strong></span> <span class='ocrx_word' id='word_1_109' title='bbox 991 1705 1264 1778; x_wconf 89' lang='lat' dir='ltr'><strong>principio</strong></span> <span class='ocrx_word' id='word_1_110' title='bbox 1295 1707 1364 1761; x_wconf 89' lang='lat' dir='ltr'><strong>ad</strong></span> <span class='ocrx_word' id='word_1_111' title='bbox 1405 1707 1564 1762; x_wconf 83' lang='lat' dir='ltr'><strong>ﬁnem</strong></span> <span class='ocrx_word' id='word_1_112' title='bbox 1617 1709 1825 1762; x_wconf 88' lang='lat' dir='ltr'><strong>zodiaci</strong></span> <span class='ocrx_word' id='word_1_113' title='bbox 1873 1709 2068 1763; x_wconf 88' lang='lat' dir='ltr'><strong>circuli</strong></span> 
     </span>
    </p>
   </div>
   <div class='ocr_carea' id='block_1_19' title="bbox 499 1793 2070 1870">
    <p class='ocr_par' dir='ltr' id='par_1_19' title="bbox 499 1793 2070 1870">
     <span class='ocr_line' id='line_1_19' title="bbox 499 1793 2070 1870; baseline 0.004 -22"><span class='ocrx_word' id='word_1_114' title='bbox 499 1801 658 1848; x_wconf 86' lang='lat' dir='ltr'><strong>ortus</strong></span> <span class='ocrx_word' id='word_1_115' title='bbox 705 1793 987 1864; x_wconf 87' lang='lat' dir='ltr'><strong>signorum</strong></span> <span class='ocrx_word' id='word_1_116' title='bbox 1025 1811 1370 1868; x_wconf 86' lang='lat' dir='ltr'><strong>occasusque</strong></span> <span class='ocrx_word' id='word_1_117' title='bbox 1403 1807 1677 1868; x_wconf 75' lang='lat' dir='ltr'><strong>peragrat,</strong></span> <span class='ocrx_word' id='word_1_118' title='bbox 1715 1801 2070 1870; x_wconf 80' lang='lat' dir='ltr'><strong>quemadmo-</strong></span> 
     </span>
    </p>
   </div>
   <div class='ocr_carea' id='block_1_20' title="bbox 2173 611 3744 686">
    <p class='ocr_par' dir='ltr' id='par_1_20' title="bbox 2173 611 3744 686">
     <span class='ocr_line' id='line_1_20' title="bbox 2173 611 3744 686; baseline -0.003 -14"><span class='ocrx_word' id='word_1_119' title='bbox 2173 618 2256 672; x_wconf 85' lang='grc' dir='ltr'>ὃτι</span> <span class='ocrx_word' id='word_1_120' title='bbox 2305 617 2448 672; x_wconf 86' lang='grc' dir='ltr'><strong>κατά</strong></span> <span class='ocrx_word' id='word_1_121' title='bbox 2491 619 2690 682; x_wconf 81' lang='grc' dir='ltr'>πλάτος</span> <span class='ocrx_word' id='word_1_122' title='bbox 2731 619 2761 672; x_wconf 85' lang='grc' dir='ltr'><strong>ὁ</strong></span> <span class='ocrx_word' id='word_1_123' title='bbox 2809 616 3042 686; x_wconf 75' lang='grc' dir='ltr'>Ἄρατος</span> <span class='ocrx_word' id='word_1_124' title='bbox 3081 612 3171 666; x_wconf 84' lang='grc' dir='ltr'>τὸν</span> <span class='ocrx_word' id='word_1_125' title='bbox 3207 612 3336 684; x_wconf 78' lang='grc' dir='ltr'>περὶ</span> <span class='ocrx_word' id='word_1_126' title='bbox 3365 611 3545 666; x_wconf 82' lang='grc' dir='ltr'>αὐτῶν</span> <span class='ocrx_word' id='word_1_127' title='bbox 3583 613 3744 684; x_wconf 86' lang='grc' dir='ltr'>λόγον</span> 
     </span>
    </p>
   </div>
   <div class='ocr_carea' id='block_1_21' title="bbox 2175 703 3744 780">
    <p class='ocr_par' dir='ltr' id='par_1_21' title="bbox 2175 703 3744 780">
     <span class='ocr_line' id='line_1_21' title="bbox 2175 703 3744 780; baseline -0.003 -18"><span class='ocrx_word' id='word_1_128' title='bbox 2175 710 2468 780; x_wconf 81' lang='grc' dir='ltr'>πεποίηται</span> <span class='ocrx_word' id='word_1_129' title='bbox 2515 710 2604 764; x_wconf 77' lang='grc' dir='ltr'>διὰ</span> <span class='ocrx_word' id='word_1_130' title='bbox 2647 709 2740 762; x_wconf 91' lang='grc' dir='ltr'><strong>τοῦ</strong></span> <span class='ocrx_word' id='word_1_131' title='bbox 2788 709 3110 778; x_wconf 79' lang='grc' dir='ltr'><strong>ποιήματος,</strong></span> <span class='ocrx_word' id='word_1_132' title='bbox 3160 703 3234 775; x_wconf 85' lang='grc' dir='ltr'>μὴ</span> <span class='ocrx_word' id='word_1_133' title='bbox 3283 704 3460 758; x_wconf 88' lang='grc' dir='ltr'>πάντα</span> <span class='ocrx_word' id='word_1_134' title='bbox 3499 705 3744 776; x_wconf 77' lang='grc' dir='ltr'>ἀκριϐῶς</span> 
     </span>
    </p>
   </div>
   <div class='ocr_carea' id='block_1_22' title="bbox 2175 781 3742 872">
    <p class='ocr_par' dir='ltr' id='par_1_22' title="bbox 2175 781 3742 872">
     <span class='ocr_line' id='line_1_22' title="bbox 2175 781 3742 872; baseline -0.005 -17"><span class='ocrx_word' id='word_1_135' title='bbox 2175 799 2628 872; x_wconf 81' lang='grc' dir='ltr'>καταδεξάμενος,</span> <span class='ocrx_word' id='word_1_136' title='bbox 2659 781 2794 853; x_wconf 87' lang='grc' dir='ltr'><strong>ἀλλά</strong></span> <span class='ocrx_word' id='word_1_137' title='bbox 2819 814 2942 852; x_wconf 88' lang='grc' dir='ltr'>τινα</span> <span class='ocrx_word' id='word_1_138' title='bbox 2971 795 3316 868; x_wconf 82' lang='grc' dir='ltr'>παραλιπὼν,</span> <span class='ocrx_word' id='word_1_139' title='bbox 3349 795 3494 868; x_wconf 80' lang='grc' dir='ltr'>ἆπερ</span> <span class='ocrx_word' id='word_1_140' title='bbox 3519 797 3612 850; x_wconf 72' lang='grc' dir='ltr'><strong>ἐπὶ</strong></span> <span class='ocrx_word' id='word_1_141' title='bbox 3641 799 3742 866; x_wconf 75' lang='grc' dir='ltr'>τῆς</span> 
     </span>
    </p>
   </div>
   <div class='ocr_carea' id='block_1_23' title="bbox 2177 887 3742 967">
    <p class='ocr_par' dir='ltr' id='par_1_23' title="bbox 2177 887 3742 967">
     <span class='ocr_line' id='line_1_23' title="bbox 2177 887 3742 967; baseline -0.003 -21"><span class='ocrx_word' id='word_1_142' title='bbox 2177 895 2412 965; x_wconf 84' lang='grc' dir='ltr'>σφαίρας</span> <span class='ocrx_word' id='word_1_143' title='bbox 2441 895 2742 967; x_wconf 82' lang='grc' dir='ltr'>θεωρεῖται.</span> <span class='ocrx_word' id='word_1_144' title='bbox 2787 889 2928 960; x_wconf 83' lang='grc' dir='ltr'>Ἐγὼ</span> <span class='ocrx_word' id='word_1_145' title='bbox 2955 891 3012 944; x_wconf 79' lang='grc' dir='ltr'>δὲ</span> <span class='ocrx_word' id='word_1_146' title='bbox 3043 889 3112 944; x_wconf 81' lang='grc' dir='ltr'><strong>τὰ</strong></span> <span class='ocrx_word' id='word_1_147' title='bbox 3145 887 3620 960; x_wconf 80' lang='grc' dir='ltr'><strong>παραλελειμμένα</strong></span> <span class='ocrx_word' id='word_1_148' title='bbox 3645 891 3742 943; x_wconf 79' lang='grc' dir='ltr'><strong>ὑπ’</strong></span> 
     </span>
    </p>
   </div>
   <div class='ocr_carea' id='block_1_24' title="bbox 2173 981 3740 1057">
    <p class='ocr_par' dir='ltr' id='par_1_24' title="bbox 2173 981 3740 1057">
     <span class='ocr_line' id='line_1_24' title="bbox 2173 981 3740 1057; baseline -0.001 -19"><span class='ocrx_word' id='word_1_149' title='bbox 2173 985 2338 1038; x_wconf 72' lang='grc' dir='ltr'>αὐτοῦ</span> <span class='ocrx_word' id='word_1_150' title='bbox 2371 983 2808 1057; x_wconf 83' lang='grc' dir='ltr'>προσαποδώσω,</span> <span class='ocrx_word' id='word_1_151' title='bbox 2831 985 2980 1046; x_wconf 85' lang='grc' dir='ltr'>ὅπως</span> <span class='ocrx_word' id='word_1_152' title='bbox 3015 981 3177 1054; x_wconf 83' lang='grc' dir='ltr'>μηδὲν</span> <span class='ocrx_word' id='word_1_153' title='bbox 3209 981 3431 1054; x_wconf 76' lang='grc' dir='ltr'>ἐλλείπῃ</span> <span class='ocrx_word' id='word_1_154' title='bbox 3463 982 3570 1036; x_wconf 85' lang='grc' dir='ltr'><strong>τῶν</strong></span> <span class='ocrx_word' id='word_1_155' title='bbox 3605 983 3740 1056; x_wconf 78' lang='grc' dir='ltr'>πρὸς</span> 
     </span>
    </p>
   </div>
   <div class='ocr_carea' id='block_1_25' title="bbox 2171 1077 2550 1150">
    <p class='ocr_par' dir='ltr' id='par_1_25' title="bbox 2171 1077 2550 1150">
     <span class='ocr_line' id='line_1_25' title="bbox 2171 1077 2550 1150; baseline 0.003 -19"><span class='ocrx_word' id='word_1_156' title='bbox 2171 1077 2272 1149; x_wconf 80' lang='grc' dir='ltr'>τὴν</span> <span class='ocrx_word' id='word_1_157' title='bbox 2299 1077 2550 1150; x_wconf 88' lang='grc' dir='ltr'>θεωρίαν.</span> 
     </span>
    </p>
   </div>
   <div class='ocr_carea' id='block_1_26' title="bbox 2257 1253 3741 1328">
    <p class='ocr_par' dir='ltr' id='par_1_26' title="bbox 2257 1253 3741 1328">
     <span class='ocr_line' id='line_1_26' title="bbox 2257 1253 3741 1328; baseline -0.004 -17"><span class='ocrx_word' id='word_1_158' title='bbox 2257 1257 2534 1325; x_wconf 79' lang='grc' dir='ltr'><strong>Ἐγένοντο</strong></span> <span class='ocrx_word' id='word_1_159' title='bbox 2585 1255 2644 1310; x_wconf 73' lang='grc' dir='ltr'>δὲ</span> <span class='ocrx_word' id='word_1_160' title='bbox 2693 1254 2912 1328; x_wconf 80' lang='grc' dir='ltr'><strong>τρισσαὶ</strong></span> <span class='ocrx_word' id='word_1_161' title='bbox 2953 1253 3170 1317; x_wconf 81' lang='grc' dir='ltr'>στάσεις</span> <span class='ocrx_word' id='word_1_162' title='bbox 3218 1253 3348 1324; x_wconf 76' lang='grc' dir='ltr'>περὶ</span> <span class='ocrx_word' id='word_1_163' title='bbox 3391 1253 3666 1308; x_wconf 82' lang='grc' dir='ltr'>ἀνατολῶν</span> <span class='ocrx_word' id='word_1_164' title='bbox 3693 1255 3741 1286; x_wconf 80' lang='grc'><strong><em>⁹⁹</em></strong></span> 
     </span>
    </p>
   </div>
   <div class='ocr_carea' id='block_1_27' title="bbox 2175 1343 3744 1418">
    <p class='ocr_par' dir='ltr' id='par_1_27' title="bbox 2175 1343 3744 1418">
     <span class='ocr_line' id='line_1_27' title="bbox 2175 1343 3744 1418; baseline -0.004 -14"><span class='ocrx_word' id='word_1_165' title='bbox 2175 1351 2268 1406; x_wconf 63' lang='grc' dir='ltr'><strong>καὶ¹</strong></span> <span class='ocrx_word' id='word_1_166' title='bbox 2309 1347 2774 1418; x_wconf 86' lang='grc' dir='ltr'>συγκαταδύσεων.</span> <span class='ocrx_word' id='word_1_167' title='bbox 2803 1347 2866 1400; x_wconf 88' lang='grc' dir='ltr'><strong>Οἱ</strong></span> <span class='ocrx_word' id='word_1_168' title='bbox 2915 1347 3016 1416; x_wconf 86' lang='grc' dir='ltr'>μὲν</span> <span class='ocrx_word' id='word_1_169' title='bbox 3055 1345 3164 1416; x_wconf 84' lang='grc' dir='ltr'>γὰρ</span> <span class='ocrx_word' id='word_1_170' title='bbox 3215 1343 3424 1414; x_wconf 79' lang='grc' dir='ltr'>ἔφασαν</span> <span class='ocrx_word' id='word_1_171' title='bbox 3467 1344 3563 1416; x_wconf 78' lang='grc' dir='ltr'>τὴν</span> <span class='ocrx_word' id='word_1_172' title='bbox 3602 1363 3744 1416; x_wconf 86' lang='grc' dir='ltr'>πρα-</span> 
     </span>
    </p>
   </div>
   <div class='ocr_carea' id='block_1_28' title="bbox 2173 1433 3740 1514">
    <p class='ocr_par' dir='ltr' id='par_1_28' title="bbox 2173 1433 3740 1514">
     <span class='ocr_line' id='line_1_28' title="bbox 2173 1433 3740 1514; baseline -0.005 -18"><span class='ocrx_word' id='word_1_173' title='bbox 2173 1442 2440 1514; x_wconf 86' lang='grc' dir='ltr'>γματείαν</span> <span class='ocrx_word' id='word_1_174' title='bbox 2473 1436 2612 1494; x_wconf 79' lang='grc' dir='ltr'>εἶναι</span> <span class='ocrx_word' id='word_1_175' title='bbox 2639 1439 2718 1510; x_wconf 80' lang='grc' dir='ltr'>τῷ</span> <span class='ocrx_word' id='word_1_176' title='bbox 2761 1437 2994 1509; x_wconf 71' lang='grc' dir='ltr'>Ἀράτῳ,</span> <span class='ocrx_word' id='word_1_177' title='bbox 3025 1435 3283 1506; x_wconf 73' lang='grc' dir='ltr'>ἄρχοντος</span> <span class='ocrx_word' id='word_1_178' title='bbox 3309 1433 3617 1489; x_wconf 76' lang='grc' dir='ltr'><strong>ἀνατέλλειν</strong></span> <span class='ocrx_word' id='word_1_179' title='bbox 3647 1435 3740 1488; x_wconf 82' lang='grc' dir='ltr'><strong>τοῦ</strong></span> 
     </span>
    </p>
   </div>
   <div class='ocr_carea' id='block_1_29' title="bbox 2175 1523 3742 1600">
    <p class='ocr_par' dir='ltr' id='par_1_29' title="bbox 2175 1523 3742 1600">
     <span class='ocr_line' id='line_1_29' title="bbox 2175 1523 3742 1600; baseline -0.008 -12"><span class='ocrx_word' id='word_1_180' title='bbox 2175 1531 2472 1598; x_wconf 79' lang='grc' dir='ltr'><strong>ζωδιακοῦ,</strong></span> <span class='ocrx_word' id='word_1_181' title='bbox 2513 1531 2564 1584; x_wconf 84' lang='grc' dir='ltr'><strong>οἱ</strong></span> <span class='ocrx_word' id='word_1_182' title='bbox 2617 1530 2676 1584; x_wconf 84' lang='grc' dir='ltr'>δὲ</span> <span class='ocrx_word' id='word_1_183' title='bbox 2739 1529 3028 1600; x_wconf 83' lang='grc' dir='ltr'>μεσοῦντος</span> <span class='ocrx_word' id='word_1_184' title='bbox 3049 1543 3064 1556; x_wconf 89' lang='grc'><strong>·</strong></span> <span class='ocrx_word' id='word_1_185' title='bbox 3107 1527 3160 1579; x_wconf 81' lang='grc' dir='ltr'>οἱ</span> <span class='ocrx_word' id='word_1_186' title='bbox 3215 1526 3276 1580; x_wconf 82' lang='grc' dir='ltr'>δὲ</span> <span class='ocrx_word' id='word_1_187' title='bbox 3317 1525 3426 1578; x_wconf 79' lang='grc' dir='ltr'>ἀπὸ</span> <span class='ocrx_word' id='word_1_188' title='bbox 3481 1524 3580 1594; x_wconf 86' lang='grc' dir='ltr'>τῆς</span> <span class='ocrx_word' id='word_1_189' title='bbox 3611 1523 3742 1596; x_wconf 83' lang='grc' dir='ltr'>ὅλης</span> 
     </span>
    </p>
   </div>
   <div class='ocr_carea' id='block_1_30' title="bbox 2173 1615 3742 1695">
    <p class='ocr_par' dir='ltr' id='par_1_30' title="bbox 2173 1615 3742 1695">
     <span class='ocr_line' id='line_1_30' title="bbox 2173 1615 3742 1695; baseline -0.005 -17"><span class='ocrx_word' id='word_1_190' title='bbox 2173 1624 2458 1695; x_wconf 86' lang='grc' dir='ltr'>ἀνατολῆς.</span> <span class='ocrx_word' id='word_1_191' title='bbox 2497 1623 2668 1681; x_wconf 90' lang='grc' dir='ltr'>Τοῦτο</span> <span class='ocrx_word' id='word_1_192' title='bbox 2713 1622 2768 1674; x_wconf 86' lang='grc' dir='ltr'>δὲ</span> <span class='ocrx_word' id='word_1_193' title='bbox 2821 1620 2918 1690; x_wconf 79' lang='grc' dir='ltr'><strong>οὐχ</strong></span> <span class='ocrx_word' id='word_1_194' title='bbox 2965 1619 3218 1690; x_wconf 70' lang='grc' dir='ltr'>ἔστηκεν,</span> <span class='ocrx_word' id='word_1_195' title='bbox 3251 1617 3386 1682; x_wconf 60' lang='grc' dir='ltr'>,Ἂπδ</span> <span class='ocrx_word' id='word_1_196' title='bbox 3427 1616 3534 1689; x_wconf 76' lang='grc' dir='ltr'>γὰρ</span> <span class='ocrx_word' id='word_1_197' title='bbox 3567 1615 3742 1687; x_wconf 73' lang='grc' dir='ltr'>ἀρχῆς</span> 
     </span>
    </p>
   </div>
   <div class='ocr_carea' id='block_1_31' title="bbox 2174 1706 3742 1786">
    <p class='ocr_par' dir='ltr' id='par_1_31' title="bbox 2174 1706 3742 1786">
     <span class='ocr_line' id='line_1_31' title="bbox 2174 1706 3742 1786; baseline -0.006 -16"><span class='ocrx_word' id='word_1_198' title='bbox 2174 1717 2280 1780; x_wconf 78' lang='grc' dir='ltr'>ἓως</span> <span class='ocrx_word' id='word_1_199' title='bbox 2309 1715 2564 1786; x_wconf 77' lang='grc' dir='ltr'><strong>τελευτῆς</strong></span> <span class='ocrx_word' id='word_1_200' title='bbox 2595 1714 2689 1768; x_wconf 87' lang='grc' dir='ltr'><strong>τοῦ</strong></span> <span class='ocrx_word' id='word_1_201' title='bbox 2715 1711 2980 1778; x_wconf 82' lang='grc' dir='ltr'><strong>ζωδιακοῦ</strong></span> <span class='ocrx_word' id='word_1_202' title='bbox 3009 1711 3212 1764; x_wconf 80' lang='grc' dir='ltr'><strong>κύκλου</strong></span> <span class='ocrx_word' id='word_1_203' title='bbox 3267 1709 3486 1782; x_wconf 73' lang='grc' dir='ltr'>ἔρχεται</span> <span class='ocrx_word' id='word_1_204' title='bbox 3517 1709 3610 1762; x_wconf 75' lang='grc' dir='ltr'><strong>ἐπὶ</strong></span> <span class='ocrx_word' id='word_1_205' title='bbox 3641 1706 3742 1768; x_wconf 82' lang='grc' dir='ltr'>τὰς</span> 
     </span>
    </p>
   </div>
   <div class='ocr_carea' id='block_1_32' title="bbox 2174 1796 3736 1871">
    <p class='ocr_par' dir='ltr' id='par_1_32' title="bbox 2174 1796 3736 1871">
     <span class='ocr_line' id='line_1_32' title="bbox 2174 1796 3736 1871; baseline -0.008 -10"><span class='ocrx_word' id='word_1_206' title='bbox 2174 1805 2436 1868; x_wconf 84' lang='grc' dir='ltr'>ἀνατολάς</span> <span class='ocrx_word' id='word_1_207' title='bbox 2462 1821 2522 1858; x_wconf 86' lang='grc' dir='ltr'><strong>τε</strong></span> <span class='ocrx_word' id='word_1_208' title='bbox 2555 1805 2650 1858; x_wconf 76' lang='grc' dir='ltr'>καὶ</span> <span class='ocrx_word' id='word_1_209' title='bbox 2671 1800 3116 1871; x_wconf 86' lang='grc' dir='ltr'>συγκαταδύσεις,</span> <span class='ocrx_word' id='word_1_210' title='bbox 3137 1799 3196 1852; x_wconf 85' lang='grc' dir='ltr'>ὃν</span> <span class='ocrx_word' id='word_1_211' title='bbox 3211 1797 3410 1869; x_wconf 84' lang='grc' dir='ltr'>τρόπον</span> <span class='ocrx_word' id='word_1_212' title='bbox 3427 1797 3572 1850; x_wconf 77' lang='grc' dir='ltr'>ἐστιν</span> <span class='ocrx_word' id='word_1_213' title='bbox 3589 1796 3692 1850; x_wconf 81' lang='grc' dir='ltr'><strong>ὑπὸ</strong></span> <span class='ocrx_word' id='word_1_214' title='bbox 3719 1796 3736 1826; x_wconf 89' lang='grc'>¹</span> 
     </span>
    </p>
   </div>
   <div class='ocr_carea' id='block_1_33' title="bbox 499 1879 2063 1970">
    <p class='ocr_par' dir='ltr' id='par_1_33' title="bbox 499 1884 2063 1962">
     <span class='ocr_line' id='line_1_33' title="bbox 499 1884 2063 1962; baseline 0.004 -23"><span class='ocrx_word' id='word_1_215' title='bbox 499 1884 630 1940; x_wconf 86' lang='lat' dir='ltr'><strong>dum</strong></span> <span class='ocrx_word' id='word_1_216' title='bbox 659 1885 714 1940; x_wconf 90' lang='lat' dir='ltr'><strong>in</strong></span> <span class='ocrx_word' id='word_1_217' title='bbox 740 1887 950 1956; x_wconf 67' lang='lat' dir='ltr'><strong>sphaera</strong></span> <span class='ocrx_word' id='word_1_218' title='bbox 977 1887 1103 1944; x_wconf 87' lang='lat' dir='ltr'><strong>licet</strong></span> <span class='ocrx_word' id='word_1_219' title='bbox 1127 1890 1348 1946; x_wconf 87' lang='lat' dir='ltr'><strong>intueri.</strong></span> <span class='ocrx_word' id='word_1_220' title='bbox 1375 1889 1515 1944; x_wconf 91' lang='lat' dir='ltr'><strong>Sunt</strong></span> <span class='ocrx_word' id='word_1_221' title='bbox 1537 1891 1703 1962; x_wconf 91' lang='lat' dir='ltr'><strong>igitur</strong></span> <span class='ocrx_word' id='word_1_222' title='bbox 1729 1907 1850 1962; x_wconf 73' lang='lat' dir='ltr'><strong>quae</strong></span> <span class='ocrx_word' id='word_1_223' title='bbox 1881 1907 2063 1948; x_wconf 87' lang='lat' dir='ltr'><strong>secan-</strong></span> 
     </span>
    </p>
   </div>
   <div class='ocr_carea' id='block_1_34' title="bbox 2166 1879 3742 1970">
    <p class='ocr_par' dir='ltr' id='par_1_34' title="bbox 2175 1885 3742 1970">
     <span class='ocr_line' id='line_1_34' title="bbox 2175 1885 3742 1970; baseline -0.007 -17"><span class='ocrx_word' id='word_1_224' title='bbox 2175 1899 2274 1970; x_wconf 76' lang='grc' dir='ltr'>τῆς</span> <span class='ocrx_word' id='word_1_225' title='bbox 2311 1897 2546 1968; x_wconf 79' lang='grc' dir='ltr'>σφαίρας</span> <span class='ocrx_word' id='word_1_226' title='bbox 2593 1894 2908 1950; x_wconf 86' lang='grc' dir='ltr'>θεάσασθαι.</span> <span class='ocrx_word' id='word_1_227' title='bbox 2947 1891 3134 1948; x_wconf 81' lang='grc' dir='ltr'>Ἔστιν</span> <span class='ocrx_word' id='word_1_228' title='bbox 3181 1885 3275 1945; x_wconf 81' lang='grc' dir='ltr'><strong>οὖν</strong></span> <span class='ocrx_word' id='word_1_229' title='bbox 3316 1889 3388 1946; x_wconf 79' lang='grc' dir='ltr'>τὰ</span> <span class='ocrx_word' id='word_1_230' title='bbox 3433 1888 3742 1960; x_wconf 88' lang='grc' dir='ltr'>τεμνόμενα</span> 
     </span>
    </p>
   </div>
   <div class='ocr_carea' id='block_1_35' title="bbox 499 1975 1016 2047">
    <p class='ocr_par' dir='ltr' id='par_1_35' title="bbox 499 1975 1016 2047">
     <span class='ocr_line' id='line_1_35' title="bbox 499 1975 1016 2047; baseline 0.014 -19"><span class='ocrx_word' id='word_1_231' title='bbox 499 1983 590 2030; x_wconf 91' lang='lat' dir='ltr'><strong>tur</strong></span> <span class='ocrx_word' id='word_1_232' title='bbox 620 1975 886 2047; x_wconf 75' lang='lat' dir='ltr'><strong>imagines</strong></span> <span class='ocrx_word' id='word_1_233' title='bbox 925 1981 1016 2035; x_wconf 80' lang='lat'><strong>57.</strong></span> 
     </span>
    </p>
   </div>
   <div class='ocr_carea' id='block_1_36' title="bbox 567 2069 2068 2143">
    <p class='ocr_par' dir='ltr' id='par_1_36' title="bbox 567 2069 2068 2143">
     <span class='ocr_line' id='line_1_36' title="bbox 567 2069 2068 2143; baseline 0.005 -21"><span class='ocrx_word' id='word_1_234' title='bbox 567 2069 818 2126; x_wconf 84' lang='lat' dir='ltr'><strong>Arcticus</strong></span> <span class='ocrx_word' id='word_1_235' title='bbox 872 2073 1056 2143; x_wconf 87' lang='lat' dir='ltr'><strong>itaque</strong></span> <span class='ocrx_word' id='word_1_236' title='bbox 1113 2073 1355 2129; x_wconf 89' lang='lat' dir='ltr'><strong>circulus</strong></span> <span class='ocrx_word' id='word_1_237' title='bbox 1405 2079 1556 2127; x_wconf 89' lang='lat' dir='ltr'><strong>secat</strong></span> <span class='ocrx_word' id='word_1_238' title='bbox 1585 2071 1855 2142; x_wconf 75' lang='lat' dir='ltr'><strong>imagines</strong></span> <span class='ocrx_word' id='word_1_239' title='bbox 1884 2073 2068 2129; x_wconf 88' lang='lat' dir='ltr'><strong>duas:</strong></span> 
     </span>
    </p>
   </div>
   <div class='ocr_carea' id='block_1_37' title="bbox 497 2159 2068 2236">
    <p class='ocr_par' dir='ltr' id='par_1_37' title="bbox 497 2159 2068 2236">
     <span class='ocr_line' id='line_1_37' title="bbox 497 2159 2068 2236; baseline 0.004 -22"><span class='ocrx_word' id='word_1_240' title='bbox 497 2159 682 2218; x_wconf 59' lang='lat' dir='ltr'><strong>Bootae</strong></span> <span class='ocrx_word' id='word_1_241' title='bbox 731 2163 970 2219; x_wconf 87' lang='lat' dir='ltr'><strong>medium</strong></span> <span class='ocrx_word' id='word_1_242' title='bbox 1003 2165 1172 2220; x_wconf 88' lang='lat' dir='ltr'><strong>cubiti</strong></span> <span class='ocrx_word' id='word_1_243' title='bbox 1216 2163 1439 2228; x_wconf 81' lang='lat' dir='ltr'><strong>ﬂexum,</strong></span> <span class='ocrx_word' id='word_1_244' title='bbox 1489 2173 1544 2219; x_wconf 91' lang='lat' dir='ltr'><strong>et</strong></span> <span class='ocrx_word' id='word_1_245' title='bbox 1595 2163 1796 2235; x_wconf 86' lang='lat' dir='ltr'><strong>Cephei</strong></span> <span class='ocrx_word' id='word_1_246' title='bbox 1844 2175 2068 2236; x_wconf 91' lang='lat' dir='ltr'><strong>pectus;</strong></span> 
     </span>
    </p>
   </div>
   <div class='ocr_carea' id='block_1_38' title="bbox 497 2253 1564 2312">
    <p class='ocr_par' dir='ltr' id='par_1_38' title="bbox 497 2253 1564 2312">
     <span class='ocr_line' id='line_1_38' title="bbox 497 2253 1564 2312; baseline 0.002 -4"><span class='ocrx_word' id='word_1_247' title='bbox 497 2253 643 2309; x_wconf 90' lang='lat' dir='ltr'><strong>hunc</strong></span> <span class='ocrx_word' id='word_1_248' title='bbox 665 2269 794 2311; x_wconf 87' lang='lat' dir='ltr'><strong>vero</strong></span> <span class='ocrx_word' id='word_1_249' title='bbox 829 2256 1102 2310; x_wconf 87' lang='lat' dir='ltr'><strong>circulum</strong></span> <span class='ocrx_word' id='word_1_250' title='bbox 1127 2257 1315 2312; x_wconf 89' lang='lat' dir='ltr'><strong>omisit</strong></span> <span class='ocrx_word' id='word_1_251' title='bbox 1339 2257 1564 2312; x_wconf 82' lang='lat' dir='ltr'><strong>Aratus.</strong></span> 
     </span>
    </p>
   </div>
   <div class='ocr_carea' id='block_1_39' title="bbox 567 2344 2068 2419">
    <p class='ocr_par' dir='ltr' id='par_1_39' title="bbox 567 2344 2068 2419">
     <span class='ocr_line' id='line_1_39' title="bbox 567 2344 2068 2419; baseline 0.002 -19"><span class='ocrx_word' id='word_1_252' title='bbox 567 2344 816 2402; x_wconf 65' lang='lat' dir='ltr'><strong>Aistivus</strong></span> <span class='ocrx_word' id='word_1_253' title='bbox 844 2346 1090 2417; x_wconf 86' lang='lat' dir='ltr'><strong>tropicus</strong></span> <span class='ocrx_word' id='word_1_254' title='bbox 1123 2359 1274 2404; x_wconf 87' lang='lat' dir='ltr'><strong>secat</strong></span> <span class='ocrx_word' id='word_1_255' title='bbox 1315 2349 1580 2419; x_wconf 78' lang='lat' dir='ltr'><strong>imagines</strong></span> <span class='ocrx_word' id='word_1_256' title='bbox 1605 2348 1793 2404; x_wconf 90' lang='lat' dir='ltr'><strong>decem</strong></span> <span class='ocrx_word' id='word_1_257' title='bbox 1821 2369 1832 2403; x_wconf 92' lang='lat'><strong>:</strong></span> <span class='ocrx_word' id='word_1_258' title='bbox 1863 2347 2068 2403; x_wconf 84' lang='lat' dir='ltr'><strong>Henio-</strong></span> 
     </span>
    </p>
   </div>
   <div class='ocr_carea' id='block_1_40' title="bbox 495 2435 2066 2510">
    <p class='ocr_par' dir='ltr' id='par_1_40' title="bbox 495 2435 2066 2510">
     <span class='ocr_line' id='line_1_40' title="bbox 495 2435 2066 2510; baseline 0.004 -22"><span class='ocrx_word' id='word_1_259' title='bbox 495 2435 585 2488; x_wconf 87' lang='lat' dir='ltr'><strong>chi</strong></span> <span class='ocrx_word' id='word_1_260' title='bbox 639 2451 838 2506; x_wconf 88' lang='lat' dir='ltr'><strong>genua,</strong></span> <span class='ocrx_word' id='word_1_261' title='bbox 871 2435 1142 2508; x_wconf 91' lang='lat' dir='ltr'><strong>Ophiuchi</strong></span> <span class='ocrx_word' id='word_1_262' title='bbox 1197 2439 1477 2504; x_wconf 88' lang='lat' dir='ltr'><strong>humeros,</strong></span> <span class='ocrx_word' id='word_1_263' title='bbox 1531 2437 1813 2510; x_wconf 85' lang='lat' dir='ltr'><strong>Serpentis</strong></span> <span class='ocrx_word' id='word_1_264' title='bbox 1842 2441 2066 2506; x_wconf 91' lang='lat' dir='ltr'><strong>collum,</strong></span> 
     </span>
    </p>
   </div>
   <div class='ocr_carea' id='block_1_41' title="bbox 495 2527 2073 2602">
    <p class='ocr_par' dir='ltr' id='par_1_41' title="bbox 495 2527 2073 2602">
     <span class='ocr_line' id='line_1_41' title="bbox 495 2527 2073 2602; baseline 0.005 -24"><span class='ocrx_word' id='word_1_265' title='bbox 495 2534 661 2594; x_wconf 88' lang='lat' dir='ltr'><strong>caput</strong></span> <span class='ocrx_word' id='word_1_266' title='bbox 681 2527 812 2582; x_wconf 83' lang='lat' dir='ltr'><strong>Avis</strong></span> <span class='ocrx_word' id='word_1_267' title='bbox 861 2535 918 2583; x_wconf 91' lang='lat' dir='ltr'><strong>et</strong></span> <span class='ocrx_word' id='word_1_268' title='bbox 949 2531 1240 2596; x_wconf 88' lang='lat' dir='ltr'><strong>cervicem,</strong></span> <span class='ocrx_word' id='word_1_269' title='bbox 1283 2532 1514 2602; x_wconf 86' lang='lat' dir='ltr'><strong>ungulas</strong></span> <span class='ocrx_word' id='word_1_270' title='bbox 1541 2530 1700 2601; x_wconf 90' lang='lat' dir='ltr'><strong>Equi,</strong></span> <span class='ocrx_word' id='word_1_271' title='bbox 1730 2529 1912 2588; x_wconf 90' lang='lat' dir='ltr'><strong>Persei</strong></span> <span class='ocrx_word' id='word_1_272' title='bbox 1939 2533 2073 2588; x_wconf 85' lang='lat' dir='ltr'><strong>sini-</strong></span> 
     </span>
    </p>
   </div>
   <div class='ocr_carea' id='block_1_42' title="bbox 495 2618 2069 2690">
    <p class='ocr_par' dir='ltr' id='par_1_42' title="bbox 495 2618 2069 2690">
     <span class='ocr_line' id='line_1_42' title="bbox 495 2618 2069 2690; baseline 0.004 -18"><span class='ocrx_word' id='word_1_273' title='bbox 495 2623 672 2672; x_wconf 86' lang='lat' dir='ltr'><strong>strum</strong></span> <span class='ocrx_word' id='word_1_274' title='bbox 720 2618 1008 2674; x_wconf 89' lang='lat' dir='ltr'><strong>humerum</strong></span> <span class='ocrx_word' id='word_1_275' title='bbox 1057 2637 1180 2677; x_wconf 90' lang='lat' dir='ltr'><strong>cum</strong></span> <span class='ocrx_word' id='word_1_276' title='bbox 1235 2624 1459 2679; x_wconf 89' lang='lat' dir='ltr'><strong>sinistra</strong></span> <span class='ocrx_word' id='word_1_277' title='bbox 1489 2625 1643 2690; x_wconf 89' lang='lat' dir='ltr'><strong>tibia,</strong></span> <span class='ocrx_word' id='word_1_278' title='bbox 1673 2625 1928 2680; x_wconf 78' lang='lat' dir='ltr'><strong>dextram</strong></span> <span class='ocrx_word' id='word_1_279' title='bbox 1955 2625 2069 2678; x_wconf 84' lang='lat' dir='ltr'><strong>An-</strong></span> 
     </span>
    </p>
   </div>
   <div class='ocr_carea' id='block_1_43' title="bbox 493 2709 2068 2785">
    <p class='ocr_par' dir='ltr' id='par_1_43' title="bbox 493 2709 2068 2785">
     <span class='ocr_line' id='line_1_43' title="bbox 493 2709 2068 2785; baseline 0.004 -23"><span class='ocrx_word' id='word_1_280' title='bbox 493 2709 770 2766; x_wconf 61' lang='lat' dir='ltr'><strong>dromeda!</strong></span> <span class='ocrx_word' id='word_1_281' title='bbox 805 2729 1026 2767; x_wconf 90' lang='lat' dir='ltr'><strong>manum</strong></span> <span class='ocrx_word' id='word_1_282' title='bbox 1054 2754 1070 2778; x_wconf 94' lang='lat'><strong>,</strong></span> <span class='ocrx_word' id='word_1_283' title='bbox 1131 2715 1316 2785; x_wconf 90' lang='lat' dir='ltr'><strong>capita</strong></span> <span class='ocrx_word' id='word_1_284' title='bbox 1361 2715 1742 2781; x_wconf 88' lang='lat' dir='ltr'><strong>Geminorum,</strong></span> <span class='ocrx_word' id='word_1_285' title='bbox 1793 2717 2068 2770; x_wconf 80' lang='lat' dir='ltr'><strong>Cancrum</strong></span> 
     </span>
    </p>
   </div>
   <div class='ocr_carea' id='block_1_44' title="bbox 495 2803 2069 2879">
    <p class='ocr_par' dir='ltr' id='par_1_44' title="bbox 495 2803 2069 2879">
     <span class='ocr_line' id='line_1_44' title="bbox 495 2803 2069 2879; baseline 0.003 -23"><span class='ocrx_word' id='word_1_286' title='bbox 495 2803 754 2871; x_wconf 88' lang='lat' dir='ltr'><strong>medium,</strong></span> <span class='ocrx_word' id='word_1_287' title='bbox 785 2805 1019 2861; x_wconf 87' lang='lat' dir='ltr'><strong>Leonem</strong></span> <span class='ocrx_word' id='word_1_288' title='bbox 1047 2821 1142 2877; x_wconf 91' lang='lat' dir='ltr'><strong>per</strong></span> <span class='ocrx_word' id='word_1_289' title='bbox 1165 2807 1404 2863; x_wconf 90' lang='lat' dir='ltr'><strong>medium</strong></span> <span class='ocrx_word' id='word_1_290' title='bbox 1437 2848 1451 2862; x_wconf 94' lang='lat'><strong>.</strong></span> <span class='ocrx_word' id='word_1_291' title='bbox 1479 2849 1496 2864; x_wconf 91' lang='lat'><strong>.</strong></span> <span class='ocrx_word' id='word_1_292' title='bbox 1525 2847 1542 2874; x_wconf 92' lang='lat'><strong>,</strong></span> <span class='ocrx_word' id='word_1_293' title='bbox 1569 2809 1828 2864; x_wconf 89' lang='lat' dir='ltr'><strong>humeros</strong></span> <span class='ocrx_word' id='word_1_294' title='bbox 1855 2807 2069 2879; x_wconf 85' lang='lat' dir='ltr'><strong>Ophiu-</strong></span> 
     </span>
    </p>
   </div>
   <div class='ocr_carea' id='block_1_45' title="bbox 493 2891 1150 2966">
    <p class='ocr_par' dir='ltr' id='par_1_45' title="bbox 493 2891 1150 2966">
     <span class='ocr_line' id='line_1_45' title="bbox 493 2891 1150 2966; baseline 0.014 -20"><span class='ocrx_word' id='word_1_295' title='bbox 493 2891 604 2956; x_wconf 91' lang='lat' dir='ltr'><strong>chi,</strong></span> <span class='ocrx_word' id='word_1_296' title='bbox 627 2893 822 2948; x_wconf 89' lang='lat' dir='ltr'><strong>collum</strong></span> <span class='ocrx_word' id='word_1_297' title='bbox 851 2895 1150 2966; x_wconf 89' lang='lat' dir='ltr'><strong>Serpentis.</strong></span> 
     </span>
    </p>
   </div>
   <div class='ocr_carea' id='block_1_46' title="bbox 561 2985 2068 3062">
    <p class='ocr_par' dir='ltr' id='par_1_46' title="bbox 561 2985 2068 3062">
     <span class='ocr_line' id='line_1_46' title="bbox 561 2985 2068 3062; baseline 0.004 -22"><span class='ocrx_word' id='word_1_298' title='bbox 561 2985 986 3056; x_wconf 65' lang='lat' dir='ltr'><strong>Equinoctialis</strong></span> <span class='ocrx_word' id='word_1_299' title='bbox 1013 2989 1258 3046; x_wconf 89' lang='lat' dir='ltr'><strong>circulus</strong></span> <span class='ocrx_word' id='word_1_300' title='bbox 1273 2990 1472 3046; x_wconf 87' lang='lat' dir='ltr'><strong>transit</strong></span> <span class='ocrx_word' id='word_1_301' title='bbox 1488 3005 1586 3062; x_wconf 91' lang='lat' dir='ltr'><strong>per</strong></span> <span class='ocrx_word' id='word_1_302' title='bbox 1613 2989 1880 3062; x_wconf 77' lang='lat' dir='ltr'><strong>imagines</strong></span> <span class='ocrx_word' id='word_1_303' title='bbox 1903 2990 2068 3060; x_wconf 88' lang='lat' dir='ltr'><strong>quin-</strong></span> 
     </span>
    </p>
   </div>
   <div class='ocr_carea' id='block_1_47' title="bbox 491 3075 2062 3152">
    <p class='ocr_par' dir='ltr' id='par_1_47' title="bbox 491 3075 2062 3152">
     <span class='ocr_line' id='line_1_47' title="bbox 491 3075 2062 3152; baseline 0.004 -22"><span class='ocrx_word' id='word_1_304' title='bbox 491 3075 706 3132; x_wconf 86' lang='lat' dir='ltr'><strong>decim:</strong></span> <span class='ocrx_word' id='word_1_305' title='bbox 737 3077 876 3149; x_wconf 87' lang='lat' dir='ltr'><strong>Equi</strong></span> <span class='ocrx_word' id='word_1_306' title='bbox 910 3087 1071 3150; x_wconf 90' lang='lat' dir='ltr'><strong>caput</strong></span> <span class='ocrx_word' id='word_1_307' title='bbox 1098 3089 1152 3136; x_wconf 90' lang='lat' dir='ltr'><strong>et</strong></span> <span class='ocrx_word' id='word_1_308' title='bbox 1202 3081 1502 3148; x_wconf 66' lang='lat' dir='ltr'><strong>cervicem;</strong></span> <span class='ocrx_word' id='word_1_309' title='bbox 1535 3081 1805 3151; x_wconf 85' lang='lat' dir='ltr'><strong>Ophiuch‘i</strong></span> <span class='ocrx_word' id='word_1_310' title='bbox 1857 3097 2062 3152; x_wconf 86' lang='lat' dir='ltr'><strong>genua,</strong></span> 
     </span>
    </p>
   </div>
   <div class='ocr_carea' id='block_1_48' title="bbox 491 3167 2132 3273">
    <p class='ocr_par' dir='ltr' id='par_1_48' title="bbox 491 3167 2132 3273">
     <span class='ocr_line' id='line_1_48' title="bbox 491 3167 2132 3273; baseline 0.004 -52"><span class='ocrx_word' id='word_1_311' title='bbox 491 3167 660 3240; x_wconf 78' lang='lat' dir='ltr'><strong>Hydri</strong></span> <span class='ocrx_word' id='word_1_312' title='bbox 681 3169 905 3234; x_wconf 88' lang='lat' dir='ltr'><strong>collum,</strong></span> <span class='ocrx_word' id='word_1_313' title='bbox 925 3170 1226 3238; x_wconf 86' lang='lat' dir='ltr'><strong>Craterem,</strong></span> <span class='ocrx_word' id='word_1_314' title='bbox 1253 3171 1514 3238; x_wconf 83' lang='lat' dir='ltr'><strong>Corvum,</strong></span> <span class='ocrx_word' id='word_1_315' title='bbox 1533 3171 1792 3228; x_wconf 88' lang='lat' dir='ltr'><strong>Orionem</strong></span> <span class='ocrx_word' id='word_1_316' title='bbox 1821 3173 2062 3228; x_wconf 87' lang='lat' dir='ltr'><strong>medium</strong></span> <span class='ocrx_word' id='word_1_317' title='bbox 2089 3213 2132 3273; x_wconf 64' lang='grc' dir='ltr'>α</span> 
     </span>
    </p>
   </div>
   <div class='ocr_carea' id='block_1_49' title="bbox 490 3261 2059 3330">
    <p class='ocr_par' dir='ltr' id='par_1_49' title="bbox 490 3261 2059 3330">
     <span class='ocr_line' id='line_1_49' title="bbox 490 3261 2059 3330; baseline 0.002 -15"><span class='ocrx_word' id='word_1_318' title='bbox 490 3261 792 3320; x_wconf 83' lang='lat' dir='ltr'><strong>sinistrum.</strong></span> <span class='ocrx_word' id='word_1_319' title='bbox 823 3261 1000 3320; x_wconf 88' lang='lat' dir='ltr'><strong>Piscis</strong></span> <span class='ocrx_word' id='word_1_320' title='bbox 1025 3265 1280 3330; x_wconf 89' lang='lat' dir='ltr'><strong>caudam,</strong></span> <span class='ocrx_word' id='word_1_321' title='bbox 1323 3265 1562 3320; x_wconf 72' lang='lat' dir='ltr'><strong>medium</strong></span> <span class='ocrx_word' id='word_1_322' title='bbox 1591 3265 1854 3330; x_wconf 88' lang='lat' dir='ltr'><strong>Arietem,</strong></span> <span class='ocrx_word' id='word_1_323' title='bbox 1890 3265 2059 3320; x_wconf 87' lang='lat' dir='ltr'><strong>Tauri</strong></span> 
     </span>
    </p>
   </div>
   <div class='ocr_carea' id='block_1_50' title="bbox 491 3351 2058 3428">
    <p class='ocr_par' dir='ltr' id='par_1_50' title="bbox 491 3351 2058 3428">
     <span class='ocr_line' id='line_1_50' title="bbox 491 3351 2058 3428; baseline 0.003 -23"><span class='ocrx_word' id='word_1_324' title='bbox 491 3367 689 3420; x_wconf 86' lang='lat' dir='ltr'><strong>genua,</strong></span> <span class='ocrx_word' id='word_1_325' title='bbox 743 3351 982 3423; x_wconf 80' lang='lat' dir='ltr'><strong>Virginis</strong></span> <span class='ocrx_word' id='word_1_326' title='bbox 1031 3356 1244 3425; x_wconf 88' lang='lat' dir='ltr'><strong>pedem,</strong></span> <span class='ocrx_word' id='word_1_327' title='bbox 1301 3355 1498 3410; x_wconf 87' lang='lat' dir='ltr'><strong>Chelas</strong></span> <span class='ocrx_word' id='word_1_328' title='bbox 1561 3355 1793 3424; x_wconf 88' lang='lat' dir='ltr'><strong>medias,</strong></span> <span class='ocrx_word' id='word_1_329' title='bbox 1843 3355 2058 3428; x_wconf 87' lang='lat' dir='ltr'><strong>Scorpii</strong></span> 
     </span>
    </p>
   </div>
   <div class='ocr_carea' id='block_1_51' title="bbox 489 3442 1407 3517">
    <p class='ocr_par' dir='ltr' id='par_1_51' title="bbox 489 3442 1407 3517">
     <span class='ocr_line' id='line_1_51' title="bbox 489 3442 1407 3517; baseline 0.004 -21"><span class='ocrx_word' id='word_1_330' title='bbox 489 3449 718 3513; x_wconf 90' lang='lat' dir='ltr'><strong>partem.</strong></span> <span class='ocrx_word' id='word_1_331' title='bbox 755 3442 1006 3500; x_wconf 84' lang='lat' dir='ltr'><strong>Omissus</strong></span> <span class='ocrx_word' id='word_1_332' title='bbox 1033 3453 1118 3502; x_wconf 87' lang='lat' dir='ltr'><strong>est</strong></span> <span class='ocrx_word' id='word_1_333' title='bbox 1139 3445 1407 3517; x_wconf 79' lang='lat' dir='ltr'><strong>Procyon.</strong></span> 
     </span>
    </p>
   </div>
   <div class='ocr_carea' id='block_1_52' title="bbox 565 3529 2058 3606">
    <p class='ocr_par' dir='ltr' id='par_1_52' title="bbox 565 3529 2058 3606">
     <span class='ocr_line' id='line_1_52' title="bbox 565 3529 2058 3606; baseline 0.003 -20"><span class='ocrx_word' id='word_1_334' title='bbox 565 3529 834 3605; x_wconf 86' lang='lat' dir='ltr'><strong>&#39;l‘ropicus</strong></span> <span class='ocrx_word' id='word_1_335' title='bbox 869 3535 1132 3590; x_wconf 86' lang='lat' dir='ltr'><strong>hibernus</strong></span> <span class='ocrx_word' id='word_1_336' title='bbox 1179 3534 1366 3590; x_wconf 90' lang='lat' dir='ltr'><strong>decem</strong></span> <span class='ocrx_word' id='word_1_337' title='bbox 1400 3536 1554 3606; x_wconf 82' lang='lat' dir='ltr'><strong>signa</strong></span> <span class='ocrx_word' id='word_1_338' title='bbox 1591 3535 1785 3592; x_wconf 85' lang='lat' dir='ltr'><strong>dividit</strong></span> <span class='ocrx_word' id='word_1_339' title='bbox 1822 3535 2058 3591; x_wconf 86' lang='lat' dir='ltr'><strong>:Erida-</strong></span> 
     </span>
    </p>
   </div>
   <div class='ocr_carea' id='block_1_53' title="bbox 489 3623 2060 3697">
    <p class='ocr_par' dir='ltr' id='par_1_53' title="bbox 489 3623 2060 3697">
     <span class='ocr_line' id='line_1_53' title="bbox 489 3623 2060 3697; baseline 0.001 -19"><span class='ocrx_word' id='word_1_340' title='bbox 489 3639 622 3678; x_wconf 88' lang='lat' dir='ltr'><strong>num</strong></span> <span class='ocrx_word' id='word_1_341' title='bbox 645 3623 892 3687; x_wconf 90' lang='lat' dir='ltr'><strong>ﬂuvium,</strong></span> <span class='ocrx_word' id='word_1_342' title='bbox 925 3627 1102 3696; x_wconf 87' lang='lat' dir='ltr'><strong>Argus</strong></span> <span class='ocrx_word' id='word_1_343' title='bbox 1135 3626 1290 3680; x_wconf 88' lang='lat' dir='ltr'><strong>navis</strong></span> <span class='ocrx_word' id='word_1_344' title='bbox 1319 3641 1573 3697; x_wconf 84' lang='lat' dir='ltr'><strong>puppem.</strong></span> <span class='ocrx_word' id='word_1_345' title='bbox 1601 3627 1862 3682; x_wconf 88' lang='lat' dir='ltr'><strong>Centauri</strong></span> <span class='ocrx_word' id='word_1_346' title='bbox 1889 3629 2060 3682; x_wconf 92' lang='lat' dir='ltr'><strong>inter-</strong></span> 
     </span>
    </p>
   </div>
   <div class='ocr_carea' id='block_1_54' title="bbox 489 3717 2058 3790">
    <p class='ocr_par' dir='ltr' id='par_1_54' title="bbox 489 3717 2058 3790">
     <span class='ocr_line' id='line_1_54' title="bbox 489 3717 2058 3790; baseline -0.003 -14"><span class='ocrx_word' id='word_1_347' title='bbox 489 3717 801 3787; x_wconf 87' lang='lat' dir='ltr'><strong>scapilium,</strong></span> <span class='ocrx_word' id='word_1_348' title='bbox 835 3717 1002 3773; x_wconf 84' lang='lat' dir='ltr'><strong>Canis</strong></span> <span class='ocrx_word' id='word_1_349' title='bbox 1049 3717 1274 3788; x_wconf 84' lang='lat' dir='ltr'><strong>majoris</strong></span> <span class='ocrx_word' id='word_1_350' title='bbox 1323 3720 1659 3788; x_wconf 89' lang='lat' dir='ltr'><strong>posteriores</strong></span> <span class='ocrx_word' id='word_1_351' title='bbox 1701 3720 1888 3790; x_wconf 87' lang='lat' dir='ltr'><strong>pedes,</strong></span> <span class='ocrx_word' id='word_1_352' title='bbox 1938 3719 2058 3775; x_wconf 90' lang='lat' dir='ltr'><strong>Ceti</strong></span> 
     </span>
    </p>
   </div>
   <div class='ocr_carea' id='block_1_55' title="bbox 487 3807 2058 3882">
    <p class='ocr_par' dir='ltr' id='par_1_55' title="bbox 487 3807 2058 3882">
     <span class='ocr_line' id='line_1_55' title="bbox 487 3807 2058 3882; baseline 0.001 -18"><span class='ocrx_word' id='word_1_353' title='bbox 487 3809 738 3874; x_wconf 90' lang='lat' dir='ltr'><strong>caudam,</strong></span> <span class='ocrx_word' id='word_1_354' title='bbox 767 3807 994 3878; x_wconf 86' lang='lat' dir='ltr'><strong>Leporis</strong></span> <span class='ocrx_word' id='word_1_355' title='bbox 1017 3811 1275 3874; x_wconf 88' lang='lat' dir='ltr'><strong>medium,</strong></span> <span class='ocrx_word' id='word_1_356' title='bbox 1315 3810 1528 3880; x_wconf 86' lang='lat' dir='ltr'><strong>Scorpii</strong></span> <span class='ocrx_word' id='word_1_357' title='bbox 1563 3812 1836 3877; x_wconf 91' lang='lat' dir='ltr'><strong>aculeum,</strong></span> <span class='ocrx_word' id='word_1_358' title='bbox 1879 3811 2058 3882; x_wconf 86' lang='lat' dir='ltr'><strong>Sagit-</strong></span> 
     </span>
    </p>
   </div>
   <div class='ocr_carea' id='block_1_56' title="bbox 487 3897 2053 3973">
    <p class='ocr_par' dir='ltr' id='par_1_56' title="bbox 487 3897 2053 3973">
     <span class='ocr_line' id='line_1_56' title="bbox 487 3897 2053 3973; baseline 0.003 -21"><span class='ocrx_word' id='word_1_359' title='bbox 487 3899 615 3953; x_wconf 85' lang='lat' dir='ltr'><strong>tarii</strong></span> <span class='ocrx_word' id='word_1_360' title='bbox 639 3913 848 3962; x_wconf 89' lang='lat' dir='ltr'><strong>arcum,</strong></span> <span class='ocrx_word' id='word_1_361' title='bbox 875 3897 1269 3969; x_wconf 89' lang='lat' dir='ltr'><strong>Capricornum</strong></span> <span class='ocrx_word' id='word_1_362' title='bbox 1301 3901 1562 3967; x_wconf 87' lang='lat' dir='ltr'><strong>medium,</strong></span> <span class='ocrx_word' id='word_1_363' title='bbox 1599 3901 1765 3972; x_wconf 88' lang='lat' dir='ltr'><strong>pedes</strong></span> <span class='ocrx_word' id='word_1_364' title='bbox 1793 3901 2053 3973; x_wconf 87' lang='lat' dir='ltr'><strong>Aquarii:</strong></span> 
     </span>
    </p>
   </div>
   <div class='ocr_carea' id='block_1_57' title="bbox 489 3989 2058 4064">
    <p class='ocr_par' dir='ltr' id='par_1_57' title="bbox 489 3989 2058 4064">
     <span class='ocr_line' id='line_1_57' title="bbox 489 3989 2058 4064; baseline 0.003 -21"><span class='ocrx_word' id='word_1_365' title='bbox 489 3989 564 4043; x_wconf 91' lang='lat' dir='ltr'><strong>ita</strong></span> <span class='ocrx_word' id='word_1_366' title='bbox 589 3997 824 4058; x_wconf 89' lang='lat' dir='ltr'><strong>quatuor</strong></span> <span class='ocrx_word' id='word_1_367' title='bbox 857 3998 986 4044; x_wconf 91' lang='lat' dir='ltr'><strong>sunt</strong></span> <span class='ocrx_word' id='word_1_368' title='bbox 1017 3999 1270 4047; x_wconf 85' lang='lat' dir='ltr'><strong>secantes</strong></span> <span class='ocrx_word' id='word_1_369' title='bbox 1303 3993 1496 4048; x_wconf 91' lang='lat' dir='ltr'><strong>circuli</strong></span> <span class='ocrx_word' id='word_1_370' title='bbox 1521 4010 1536 4058; x_wconf 91' lang='lat'><strong>;</strong></span> <span class='ocrx_word' id='word_1_371' title='bbox 1573 3993 1730 4063; x_wconf 84' lang='lat' dir='ltr'><strong>signa</strong></span> <span class='ocrx_word' id='word_1_372' title='bbox 1753 4007 1905 4060; x_wconf 86' lang='lat' dir='ltr'><strong>vero,</strong></span> <span class='ocrx_word' id='word_1_373' title='bbox 1936 4007 2058 4064; x_wconf 77' lang='lat' dir='ltr'><strong>quae</strong></span> 
     </span>
    </p>
   </div>
   <div class='ocr_carea' id='block_1_58' title="bbox 487 4079 1494 4155">
    <p class='ocr_par' dir='ltr' id='par_1_58' title="bbox 487 4079 1494 4155">
     <span class='ocr_line' id='line_1_58' title="bbox 487 4079 1494 4155; baseline 0.006 -21"><span class='ocrx_word' id='word_1_374' title='bbox 487 4079 559 4134; x_wconf 83' lang='lat' dir='ltr'><strong>ah</strong></span> <span class='ocrx_word' id='word_1_375' title='bbox 595 4079 706 4136; x_wconf 89' lang='lat' dir='ltr'><strong>illis</strong></span> <span class='ocrx_word' id='word_1_376' title='bbox 731 4089 1004 4146; x_wconf 89' lang='lat' dir='ltr'><strong>secantur,</strong></span> <span class='ocrx_word' id='word_1_377' title='bbox 1030 4083 1140 4138; x_wconf 92' lang='lat' dir='ltr'><strong>duo</strong></span> <span class='ocrx_word' id='word_1_378' title='bbox 1175 4091 1228 4139; x_wconf 91' lang='lat' dir='ltr'><strong>et</strong></span> <span class='ocrx_word' id='word_1_379' title='bbox 1249 4084 1494 4155; x_wconf 90' lang='lat' dir='ltr'><strong>triginta.</strong></span> 
     </span>
    </p>
   </div>
   <div class='ocr_carea' id='block_1_59' title="bbox 488 4211 2057 4288">
    <p class='ocr_par' dir='ltr' id='par_1_59' title="bbox 488 4211 2057 4288">
     <span class='ocr_line' id='line_1_59' title="bbox 488 4211 2057 4288; baseline 0.004 -23"><span class='ocrx_word' id='word_1_380' title='bbox 488 4211 1031 4288; x_wconf 64' lang='lat' dir='ltr'><strong>Quanam__ccelcstcs</strong></span> <span class='ocrx_word' id='word_1_381' title='bbox 1059 4216 1311 4288; x_wconf 75' lang='lat' dir='ltr'><strong>imagines</strong></span> <span class='ocrx_word' id='word_1_382' title='bbox 1341 4234 1450 4270; x_wconf 84' lang='lat' dir='ltr'><strong>una</strong></span> <span class='ocrx_word' id='word_1_383' title='bbox 1488 4233 1631 4288; x_wconf 15' lang='lat' dir='ltr'><strong>cum,</strong></span> <span class='ocrx_word' id='word_1_384' title='bbox 1657 4215 1932 4272; x_wconf 78' lang='lat' dir='ltr'><strong>duodecim</strong></span> <span class='ocrx_word' id='word_1_385' title='bbox 1967 4235 2057 4272; x_wconf 74' lang='lat' dir='ltr'><strong>zo-</strong></span> 
     </span>
    </p>
   </div>
   <div class='ocr_carea' id='block_1_60' title="bbox 731 4283 1829 4358">
    <p class='ocr_par' dir='ltr' id='par_1_60' title="bbox 731 4283 1829 4358">
     <span class='ocr_line' id='line_1_60' title="bbox 731 4283 1829 4358; baseline 0.005 -22"><span class='ocrx_word' id='word_1_386' title='bbox 731 4283 872 4338; x_wconf 75' lang='lat' dir='ltr'><strong>diaci</strong></span> <span class='ocrx_word' id='word_1_387' title='bbox 898 4285 1061 4356; x_wconf 73' lang='lat' dir='ltr'><strong>signis</strong></span> <span class='ocrx_word' id='word_1_388' title='bbox 1085 4283 1232 4341; x_wconf 67' lang='lat' dir='ltr'><strong>ortus</strong></span> <span class='ocrx_word' id='word_1_389' title='bbox 1253 4303 1571 4358; x_wconf 81' lang='lat' dir='ltr'><strong>occasusque</strong></span> <span class='ocrx_word' id='word_1_390' title='bbox 1605 4287 1829 4356; x_wconf 77' lang='lat' dir='ltr'><strong>faciant.</strong></span> 
     </span>
    </p>
   </div>
   <div class='ocr_carea' id='block_1_61' title="bbox 557 4393 2058 4469">
    <p class='ocr_par' dir='ltr' id='par_1_61' title="bbox 557 4393 2058 4469">
     <span class='ocr_line' id='line_1_61' title="bbox 557 4393 2058 4469; baseline 0.007 -22"><span class='ocrx_word' id='word_1_391' title='bbox 557 4393 621 4450; x_wconf 87' lang='lat' dir='ltr'><strong>II.</strong></span> <span class='ocrx_word' id='word_1_392' title='bbox 661 4395 797 4451; x_wconf 87' lang='lat' dir='ltr'><strong>Cum</strong></span> <span class='ocrx_word' id='word_1_393' title='bbox 827 4396 1112 4453; x_wconf 88' lang='lat' dir='ltr'><strong>duodecim</strong></span> <span class='ocrx_word' id='word_1_394' title='bbox 1145 4399 1354 4454; x_wconf 79' lang='lat' dir='ltr'><strong>zodiaci</strong></span> <span class='ocrx_word' id='word_1_395' title='bbox 1400 4399 1572 4469; x_wconf 82' lang='lat' dir='ltr'><strong>signis</strong></span> <span class='ocrx_word' id='word_1_396' title='bbox 1609 4400 1863 4457; x_wconf 74' lang='lat' dir='ltr'><strong>ccelestes</strong></span> <span class='ocrx_word' id='word_1_397' title='bbox 1909 4409 2058 4457; x_wconf 82' lang='lat' dir='ltr'><strong>aste-</strong></span> 
     </span>
    </p>
   </div>
   <div class='ocr_carea' id='block_1_62' title="bbox 485 4487 1797 4546">
    <p class='ocr_par' dir='ltr' id='par_1_62' title="bbox 485 4487 1797 4546">
     <span class='ocr_line' id='line_1_62' title="bbox 485 4487 1797 4546; baseline 0.003 -4"><span class='ocrx_word' id='word_1_398' title='bbox 485 4487 640 4542; x_wconf 89' lang='lat' dir='ltr'><strong>rismi</strong></span> <span class='ocrx_word' id='word_1_399' title='bbox 669 4488 722 4542; x_wconf 91' lang='lat' dir='ltr'><strong>in</strong></span> <span class='ocrx_word' id='word_1_400' title='bbox 755 4488 902 4543; x_wconf 90' lang='lat' dir='ltr'><strong>hunc</strong></span> <span class='ocrx_word' id='word_1_401' title='bbox 923 4489 1142 4544; x_wconf 88' lang='lat' dir='ltr'><strong>modum</strong></span> <span class='ocrx_word' id='word_1_402' title='bbox 1171 4490 1422 4544; x_wconf 90' lang='lat' dir='ltr'><strong>oriuntur</strong></span> <span class='ocrx_word' id='word_1_403' title='bbox 1445 4498 1500 4545; x_wconf 90' lang='lat' dir='ltr'><strong>et</strong></span> <span class='ocrx_word' id='word_1_404' title='bbox 1520 4491 1797 4546; x_wconf 90' lang='lat' dir='ltr'><strong>occidunt.</strong></span> 
     </span>
    </p>
   </div>
   <div class='ocr_carea' id='block_1_63' title="bbox 2173 1989 2423 2055">
    <p class='ocr_par' dir='ltr' id='par_1_63' title="bbox 2173 1989 2423 2055">
     <span class='ocr_line' id='line_1_63' title="bbox 2173 1989 2423 2055; baseline 0.004 -11"><span class='ocrx_word' id='word_1_405' title='bbox 2173 1989 2289 2055; x_wconf 80' lang='grc' dir='ltr'>ζῶα</span> <span class='ocrx_word' id='word_1_406' title='bbox 2321 1990 2423 2054; x_wconf 77' lang='grc' dir='ltr'>λζ’.</span> 
     </span>
    </p>
   </div>
   <div class='ocr_carea' id='block_1_64' title="bbox 2253 2072 3736 2154">
    <p class='ocr_par' dir='ltr' id='par_1_64' title="bbox 2253 2072 3736 2154">
     <span class='ocr_line' id='line_1_64' title="bbox 2253 2072 3736 2154; baseline -0.007 -17"><span class='ocrx_word' id='word_1_407' title='bbox 2253 2083 2311 2136; x_wconf 86' lang='grc' dir='ltr'>Ὀ</span> <span class='ocrx_word' id='word_1_408' title='bbox 2359 2081 2458 2154; x_wconf 78' lang='grc' dir='ltr'>μὲν</span> <span class='ocrx_word' id='word_1_409' title='bbox 2499 2075 2594 2135; x_wconf 81' lang='grc' dir='ltr'><strong>οῦν</strong></span> <span class='ocrx_word' id='word_1_410' title='bbox 2637 2079 2896 2152; x_wconf 77' lang='grc' dir='ltr'>ἀρκτικὸς</span> <span class='ocrx_word' id='word_1_411' title='bbox 2938 2077 3136 2142; x_wconf 81' lang='grc' dir='ltr'>κύκλος</span> <span class='ocrx_word' id='word_1_412' title='bbox 3175 2075 3363 2147; x_wconf 86' lang='grc' dir='ltr'>τέμνει</span> <span class='ocrx_word' id='word_1_413' title='bbox 3405 2073 3570 2139; x_wconf 78' lang='grc' dir='ltr'>ζώδια</span> <span class='ocrx_word' id='word_1_414' title='bbox 3609 2072 3736 2126; x_wconf 71' lang='grc' dir='ltr'>δύου</span> 
     </span>
    </p>
   </div>
   <div class='ocr_carea' id='block_1_65' title="bbox 2169 2165 3740 2244">
    <p class='ocr_par' dir='ltr' id='par_1_65' title="bbox 2169 2165 3740 2244">
     <span class='ocr_line' id='line_1_65' title="bbox 2169 2165 3740 2244; baseline -0.006 -17"><span class='ocrx_word' id='word_1_415' title='bbox 2169 2173 2382 2228; x_wconf 87' lang='grc' dir='ltr'>Βοώτου</span> <span class='ocrx_word' id='word_1_416' title='bbox 2413 2173 2576 2244; x_wconf 81' lang='grc' dir='ltr'>μέσον</span> <span class='ocrx_word' id='word_1_417' title='bbox 2615 2169 2838 2238; x_wconf 87' lang='grc' dir='ltr'>ἀγκῶνα</span> <span class='ocrx_word' id='word_1_418' title='bbox 2857 2211 2873 2235; x_wconf 97' lang='grc'><strong>,</strong></span> <span class='ocrx_word' id='word_1_419' title='bbox 2897 2171 2994 2222; x_wconf 81' lang='grc' dir='ltr'>καὶ</span> <span class='ocrx_word' id='word_1_420' title='bbox 3021 2167 3256 2240; x_wconf 79' lang='grc' dir='ltr'><strong>Κηφέως</strong></span> <span class='ocrx_word' id='word_1_421' title='bbox 3299 2167 3501 2239; x_wconf 74' lang='grc' dir='ltr'>στήθη·</span> <span class='ocrx_word' id='word_1_422' title='bbox 3533 2168 3635 2221; x_wconf 81' lang='grc' dir='ltr'>οὐκ</span> <span class='ocrx_word' id='word_1_423' title='bbox 3657 2165 3740 2218; x_wconf 69' lang='lat' dir='ltr'><strong>ef-</strong></span> 
     </span>
    </p>
   </div>
   <div class='ocr_carea' id='block_1_66' title="bbox 2171 2260 3054 2336">
    <p class='ocr_par' dir='ltr' id='par_1_66' title="bbox 2171 2260 3054 2336">
     <span class='ocr_line' id='line_1_66' title="bbox 2171 2260 3054 2336; baseline -0.006 -19"><span class='ocrx_word' id='word_1_424' title='bbox 2171 2280 2308 2336; x_wconf 84' lang='grc' dir='ltr'>ρηκε</span> <span class='ocrx_word' id='word_1_425' title='bbox 2335 2262 2392 2316; x_wconf 80' lang='grc' dir='ltr'>δὲ</span> <span class='ocrx_word' id='word_1_426' title='bbox 2421 2261 2550 2334; x_wconf 79' lang='grc' dir='ltr'>περὶ</span> <span class='ocrx_word' id='word_1_427' title='bbox 2575 2260 2766 2316; x_wconf 89' lang='grc' dir='ltr'>τούτου</span> <span class='ocrx_word' id='word_1_428' title='bbox 2797 2261 3054 2331; x_wconf 81' lang='grc' dir='ltr'>Ἀρατος.</span> 
     </span>
    </p>
   </div>
   <div class='ocr_carea' id='block_1_67' title="bbox 2252 2347 3740 2422">
    <p class='ocr_par' dir='ltr' id='par_1_67' title="bbox 2252 2347 3740 2422">
     <span class='ocr_line' id='line_1_67' title="bbox 2252 2347 3740 2422; baseline -0.003 -17"><span class='ocrx_word' id='word_1_429' title='bbox 2252 2352 2310 2405; x_wconf 89' lang='grc' dir='ltr'>Ὁ</span> <span class='ocrx_word' id='word_1_430' title='bbox 2333 2351 2391 2404; x_wconf 84' lang='grc' dir='ltr'>δὲ</span> <span class='ocrx_word' id='word_1_431' title='bbox 2425 2351 2634 2422; x_wconf 83' lang='grc' dir='ltr'>θερινὸς</span> <span class='ocrx_word' id='word_1_432' title='bbox 2664 2349 2925 2422; x_wconf 80' lang='grc' dir='ltr'>τροπικὺς</span> <span class='ocrx_word' id='word_1_433' title='bbox 2956 2349 3144 2419; x_wconf 83' lang='grc' dir='ltr'>τέμνει</span> <span class='ocrx_word' id='word_1_434' title='bbox 3189 2347 3356 2413; x_wconf 64' lang='lat' dir='ltr'><strong>(eam</strong></span> <span class='ocrx_word' id='word_1_435' title='bbox 3385 2353 3417 2402; x_wconf 85' lang='lat' dir='ltr'><strong>t&#39;</strong></span> <span class='ocrx_word' id='word_1_436' title='bbox 3435 2363 3450 2379; x_wconf 85' lang='grc'>⁶</span> <span class='ocrx_word' id='word_1_437' title='bbox 3493 2347 3740 2418; x_wconf 84' lang='grc' dir='ltr'>Ἦνιόχου</span> 
     </span>
    </p>
   </div>
   <div class='ocr_carea' id='block_1_68' title="bbox 2167 2439 3739 2512">
    <p class='ocr_par' dir='ltr' id='par_1_68' title="bbox 2167 2439 3739 2512">
     <span class='ocr_line' id='line_1_68' title="bbox 2167 2439 3739 2512; baseline -0.004 -14"><span class='ocrx_word' id='word_1_438' title='bbox 2167 2443 2394 2512; x_wconf 76' lang='grc' dir='ltr'>γόνατα,</span> <span class='ocrx_word' id='word_1_439' title='bbox 2435 2441 2721 2512; x_wconf 87' lang='grc' dir='ltr'>Ὀφιούχου</span> <span class='ocrx_word' id='word_1_440' title='bbox 2749 2441 2955 2512; x_wconf 81' lang='grc' dir='ltr'>ὤμους,</span> <span class='ocrx_word' id='word_1_441' title='bbox 2987 2442 3202 2510; x_wconf 81' lang='grc' dir='ltr'>Ὄφεως</span> <span class='ocrx_word' id='word_1_442' title='bbox 3231 2439 3518 2511; x_wconf 82' lang='grc' dir='ltr'>τράχηλον,</span> <span class='ocrx_word' id='word_1_443' title='bbox 3551 2441 3739 2510; x_wconf 89' lang='grc' dir='ltr'>Ὄρνι-</span> 
     </span>
    </p>
   </div>
   <div class='ocr_carea' id='block_1_69' title="bbox 2167 2533 3742 2606">
    <p class='ocr_par' dir='ltr' id='par_1_69' title="bbox 2167 2533 3742 2606">
     <span class='ocr_line' id='line_1_69' title="bbox 2167 2533 3742 2606; baseline -0.002 -17"><span class='ocrx_word' id='word_1_444' title='bbox 2167 2537 2259 2601; x_wconf 86' lang='grc' dir='ltr'><strong>θος</strong></span> <span class='ocrx_word' id='word_1_445' title='bbox 2293 2534 2535 2606; x_wconf 81' lang='grc' dir='ltr'>κεφαλὴν</span> <span class='ocrx_word' id='word_1_446' title='bbox 2566 2535 2661 2588; x_wconf 76' lang='grc' dir='ltr'>καὶ</span> <span class='ocrx_word' id='word_1_447' title='bbox 2687 2534 2749 2587; x_wconf 83' lang='grc' dir='ltr'>τὸ</span> <span class='ocrx_word' id='word_1_448' title='bbox 2778 2533 3120 2603; x_wconf 85' lang='grc' dir='ltr'>ύπαυχένιον,</span> <span class='ocrx_word' id='word_1_449' title='bbox 3147 2533 3343 2586; x_wconf 84' lang='grc' dir='ltr'>Ἵππου</span> <span class='ocrx_word' id='word_1_450' title='bbox 3377 2533 3567 2596; x_wconf 84' lang='grc' dir='ltr'>ὁπλὰς,</span> <span class='ocrx_word' id='word_1_451' title='bbox 3597 2533 3742 2604; x_wconf 90' lang='grc' dir='ltr'>Περ-</span> 
     </span>
    </p>
   </div>
   <div class='ocr_carea' id='block_1_70' title="bbox 2169 2621 3740 2698">
    <p class='ocr_par' dir='ltr' id='par_1_70' title="bbox 2169 2621 3740 2698">
     <span class='ocr_line' id='line_1_70' title="bbox 2169 2621 3740 2698; baseline -0.004 -15"><span class='ocrx_word' id='word_1_452' title='bbox 2169 2629 2306 2692; x_wconf 79' lang='grc' dir='ltr'>σέως</span> <span class='ocrx_word' id='word_1_453' title='bbox 2327 2621 2476 2698; x_wconf 79' lang='grc' dir='ltr'>ὦμον</span> <span class='ocrx_word' id='word_1_454' title='bbox 2501 2626 2784 2698; x_wconf 82' lang='grc' dir='ltr'>ἀριστερὸν</span> <span class='ocrx_word' id='word_1_455' title='bbox 2815 2625 2909 2679; x_wconf 72' lang='grc' dir='ltr'>καὶ</span> <span class='ocrx_word' id='word_1_456' title='bbox 2935 2625 3150 2696; x_wconf 83' lang='grc' dir='ltr'>κνήμην</span> <span class='ocrx_word' id='word_1_457' title='bbox 3173 2625 3487 2696; x_wconf 79' lang='grc' dir='ltr'>ἀριστερὰν,</span> <span class='ocrx_word' id='word_1_458' title='bbox 3523 2625 3740 2696; x_wconf 81' lang='grc' dir='ltr'>Ἀνδρο-</span> 
     </span>
    </p>
   </div>
   <div class='ocr_carea' id='block_1_71' title="bbox 2169 2714 3740 2791">
    <p class='ocr_par' dir='ltr' id='par_1_71' title="bbox 2169 2714 3740 2791">
     <span class='ocr_line' id='line_1_71' title="bbox 2169 2714 3740 2791; baseline -0.002 -19"><span class='ocrx_word' id='word_1_459' title='bbox 2169 2719 2336 2791; x_wconf 86' lang='grc' dir='ltr'>μέδας</span> <span class='ocrx_word' id='word_1_460' title='bbox 2379 2721 2537 2789; x_wconf 87' lang='grc' dir='ltr'>χεῖρα</span> <span class='ocrx_word' id='word_1_461' title='bbox 2581 2716 2799 2782; x_wconf 81' lang='grc' dir='ltr'>δεξιὰν,</span> <span class='ocrx_word' id='word_1_462' title='bbox 2841 2714 3088 2786; x_wconf 83' lang='grc' dir='ltr'>Διδύμων</span> <span class='ocrx_word' id='word_1_463' title='bbox 3139 2715 3418 2785; x_wconf 83' lang='grc' dir='ltr'>κεφαλὰς,</span> <span class='ocrx_word' id='word_1_464' title='bbox 3463 2716 3740 2788; x_wconf 72' lang='grc' dir='ltr'>Καρκίνον</span> 
     </span>
    </p>
   </div>
   <div class='ocr_carea' id='block_1_72' title="bbox 2169 2806 3738 2882">
    <p class='ocr_par' dir='ltr' id='par_1_72' title="bbox 2169 2806 3738 2882">
     <span class='ocr_line' id='line_1_72' title="bbox 2169 2806 3738 2882; baseline -0.002 -18"><span class='ocrx_word' id='word_1_465' title='bbox 2169 2809 2332 2882; x_wconf 86' lang='grc' dir='ltr'>μέσον</span> <span class='ocrx_word' id='word_1_466' title='bbox 2351 2849 2366 2874; x_wconf 89' lang='grc'><strong>,</strong></span> <span class='ocrx_word' id='word_1_467' title='bbox 2411 2809 2616 2864; x_wconf 78' lang='grc' dir='ltr'>Λέοντα</span> <span class='ocrx_word' id='word_1_468' title='bbox 2673 2806 2824 2880; x_wconf 88' lang='grc' dir='ltr'><strong>παρά</strong></span> <span class='ocrx_word' id='word_1_469' title='bbox 2856 2807 3022 2878; x_wconf 89' lang='grc' dir='ltr'>μέσον</span> <span class='ocrx_word' id='word_1_470' title='bbox 3051 2807 3074 2840; x_wconf 73' lang='grc'>⁸</span> <span class='ocrx_word' id='word_1_471' title='bbox 3105 2806 3404 2880; x_wconf 82' lang='grc' dir='ltr'>παρεόντε,</span> <span class='ocrx_word' id='word_1_472' title='bbox 3457 2808 3738 2878; x_wconf 87' lang='grc' dir='ltr'>Ὀφιούχου</span> 
     </span>
    </p>
   </div>
   <div class='ocr_carea' id='block_1_73' title="bbox 2164 2900 2938 2974">
    <p class='ocr_par' dir='ltr' id='par_1_73' title="bbox 2164 2900 2938 2974">
     <span class='ocr_line' id='line_1_73' title="bbox 2164 2900 2938 2974; baseline -0.003 -18"><span class='ocrx_word' id='word_1_473' title='bbox 2164 2901 2372 2974; x_wconf 73' lang='grc' dir='ltr'>ὤμους,</span> <span class='ocrx_word' id='word_1_474' title='bbox 2407 2900 2678 2973; x_wconf 84' lang='grc' dir='ltr'>τράχηλον</span> <span class='ocrx_word' id='word_1_475' title='bbox 2703 2901 2938 2968; x_wconf 81' lang='grc' dir='ltr'>Ὄφεως.</span> 
     </span>
    </p>
   </div>
   <div class='ocr_carea' id='block_1_74' title="bbox 2247 2988 3737 3064">
    <p class='ocr_par' dir='ltr' id='par_1_74' title="bbox 2247 2988 3737 3064">
     <span class='ocr_line' id='line_1_74' title="bbox 2247 2988 3737 3064; baseline -0.001 -18"><span class='ocrx_word' id='word_1_476' title='bbox 2247 2994 2306 3046; x_wconf 86' lang='lat' dir='ltr'><strong>&#39;O</strong></span> <span class='ocrx_word' id='word_1_477' title='bbox 2343 2993 2400 3046; x_wconf 84' lang='grc' dir='ltr'>δὲ</span> <span class='ocrx_word' id='word_1_478' title='bbox 2431 2990 2744 3064; x_wconf 85' lang='grc' dir='ltr'>ίσημερινδς</span> <span class='ocrx_word' id='word_1_479' title='bbox 2781 2989 2980 3054; x_wconf 85' lang='grc' dir='ltr'>κύκλος</span> <span class='ocrx_word' id='word_1_480' title='bbox 3005 2989 3194 3060; x_wconf 88' lang='grc' dir='ltr'>τέμνει</span> <span class='ocrx_word' id='word_1_481' title='bbox 3231 2988 3398 3054; x_wconf 79' lang='grc' dir='ltr'>ζώδια</span> <span class='ocrx_word' id='word_1_482' title='bbox 3419 2995 3507 3042; x_wconf 86' lang='grc' dir='ltr'>ιε’·</span> <span class='ocrx_word' id='word_1_483' title='bbox 3536 2990 3737 3044; x_wconf 83' lang='grc' dir='ltr'>Ἵππου</span> 
     </span>
    </p>
   </div>
   <div class='ocr_carea' id='block_1_75' title="bbox 2149 3073 3738 3154">
    <p class='ocr_par' dir='ltr' id='par_1_75' title="bbox 2149 3073 3738 3154">
     <span class='ocr_line' id='line_1_75' title="bbox 2149 3073 3738 3154; baseline -0.001 -16"><span class='ocrx_word' id='word_1_484' title='bbox 2149 3073 2406 3154; x_wconf 85' lang='grc' dir='ltr'>κεφαλὴν</span> <span class='ocrx_word' id='word_1_485' title='bbox 2447 3083 2543 3136; x_wconf 75' lang='grc' dir='ltr'>καὶ</span> <span class='ocrx_word' id='word_1_486' title='bbox 2584 3081 2888 3154; x_wconf 77' lang='grc' dir='ltr'>τράχηλον,</span> <span class='ocrx_word' id='word_1_487' title='bbox 2945 3079 3231 3152; x_wconf 89' lang='grc' dir='ltr'>Ὄφιούχου</span> <span class='ocrx_word' id='word_1_488' title='bbox 3269 3081 3469 3152; x_wconf 84' lang='grc' dir='ltr'>γόνατα</span> <span class='ocrx_word' id='word_1_489' title='bbox 3489 3122 3503 3148; x_wconf 91' lang='grc'><strong>,</strong></span> <span class='ocrx_word' id='word_1_490' title='bbox 3535 3081 3738 3154; x_wconf 80' lang='grc' dir='ltr'>Ὕδρου</span> 
     </span>
    </p>
   </div>
   <div class='ocr_carea' id='block_1_76' title="bbox 2163 3171 3738 3246">
    <p class='ocr_par' dir='ltr' id='par_1_76' title="bbox 2163 3171 3738 3246">
     <span class='ocr_line' id='line_1_76' title="bbox 2163 3171 3738 3246; baseline -0.001 -18"><span class='ocrx_word' id='word_1_491' title='bbox 2163 3173 2450 3246; x_wconf 86' lang='grc' dir='ltr'>τράχηλον,</span> <span class='ocrx_word' id='word_1_492' title='bbox 2485 3172 2754 3244; x_wconf 84' lang='grc' dir='ltr'>Κρατῆρα</span> <span class='ocrx_word' id='word_1_493' title='bbox 2776 3209 2791 3235; x_wconf 91' lang='grc'><strong>,</strong></span> <span class='ocrx_word' id='word_1_494' title='bbox 2821 3171 3048 3242; x_wconf 87' lang='grc' dir='ltr'>Κόρακα</span> <span class='ocrx_word' id='word_1_495' title='bbox 3069 3209 3085 3236; x_wconf 91' lang='grc'><strong>,</strong></span> <span class='ocrx_word' id='word_1_496' title='bbox 3140 3171 3369 3244; x_wconf 85' lang='grc' dir='ltr'>Ὠρίωνα</span> <span class='ocrx_word' id='word_1_497' title='bbox 3413 3171 3574 3242; x_wconf 86' lang='grc' dir='ltr'>μέσον</span> <span class='ocrx_word' id='word_1_498' title='bbox 3611 3173 3738 3244; x_wconf 71' lang='grc' dir='ltr'>ἀριο</span> 
     </span>
    </p>
   </div>
   <div class='ocr_carea' id='block_1_77' title="bbox 2167 3260 3734 3336">
    <p class='ocr_par' dir='ltr' id='par_1_77' title="bbox 2167 3260 3734 3336">
     <span class='ocr_line' id='line_1_77' title="bbox 2167 3260 3734 3336; baseline -0.003 -17"><span class='ocrx_word' id='word_1_499' title='bbox 2167 3265 2378 3336; x_wconf 81' lang='grc' dir='ltr'>στερδν,</span> <span class='ocrx_word' id='word_1_500' title='bbox 2404 3263 2606 3334; x_wconf 84' lang='grc' dir='ltr'>Ἰχθύος</span> <span class='ocrx_word' id='word_1_501' title='bbox 2637 3261 2828 3332; x_wconf 84' lang='grc' dir='ltr'>οὐρὰν,</span> <span class='ocrx_word' id='word_1_502' title='bbox 2857 3261 3026 3332; x_wconf 82' lang='grc' dir='ltr'>Κριὸν</span> <span class='ocrx_word' id='word_1_503' title='bbox 3055 3260 3236 3331; x_wconf 81' lang='grc' dir='ltr'>μέσον,</span> <span class='ocrx_word' id='word_1_504' title='bbox 3265 3261 3478 3334; x_wconf 87' lang='grc' dir='ltr'>Ταύρου</span> <span class='ocrx_word' id='word_1_505' title='bbox 3509 3261 3734 3330; x_wconf 86' lang='grc' dir='ltr'>γόνατα,</span> 
     </span>
    </p>
   </div>
   <div class='ocr_carea' id='block_1_78' title="bbox 2163 3349 3730 3425">
    <p class='ocr_par' dir='ltr' id='par_1_78' title="bbox 2163 3349 3730 3425">
     <span class='ocr_line' id='line_1_78' title="bbox 2163 3349 3730 3425; baseline -0.002 -18"><span class='ocrx_word' id='word_1_506' title='bbox 2163 3351 2444 3425; x_wconf 82' lang='grc' dir='ltr'>Παρθένου</span> <span class='ocrx_word' id='word_1_507' title='bbox 2495 3351 2666 3414; x_wconf 83' lang='grc' dir='ltr'>πόδα,</span> <span class='ocrx_word' id='word_1_508' title='bbox 2721 3349 2908 3421; x_wconf 80' lang='grc' dir='ltr'>Χηλὰς</span> <span class='ocrx_word' id='word_1_509' title='bbox 2958 3349 3129 3422; x_wconf 87' lang='grc' dir='ltr'>μέσας</span> <span class='ocrx_word' id='word_1_510' title='bbox 3151 3393 3168 3418; x_wconf 89' lang='grc'><strong>,</strong></span> <span class='ocrx_word' id='word_1_511' title='bbox 3220 3351 3489 3421; x_wconf 86' lang='grc' dir='ltr'>Σκορπίου</span> <span class='ocrx_word' id='word_1_512' title='bbox 3547 3350 3730 3422; x_wconf 88' lang='grc' dir='ltr'>μέρος.</span> 
     </span>
    </p>
   </div>
   <div class='ocr_carea' id='block_1_79' title="bbox 2165 3441 2743 3514">
    <p class='ocr_par' dir='ltr' id='par_1_79' title="bbox 2165 3441 2743 3514">
     <span class='ocr_line' id='line_1_79' title="bbox 2165 3441 2743 3514; baseline -0.003 -16"><span class='ocrx_word' id='word_1_513' title='bbox 2165 3445 2428 3514; x_wconf 87' lang='grc' dir='ltr'>Παρεῖται</span> <span class='ocrx_word' id='word_1_514' title='bbox 2457 3441 2743 3514; x_wconf 86' lang='grc' dir='ltr'>Προκύων.</span> 
     </span>
    </p>
   </div>
   <div class='ocr_carea' id='block_1_80' title="bbox 2247 3529 3734 3606">
    <p class='ocr_par' dir='ltr' id='par_1_80' title="bbox 2247 3529 3734 3606">
     <span class='ocr_line' id='line_1_80' title="bbox 2247 3529 3734 3606; baseline -0.007 -19"><span class='ocrx_word' id='word_1_515' title='bbox 2247 3536 2306 3602; x_wconf 77' lang='grc' dir='ltr'>Ὁ</span> <span class='ocrx_word' id='word_1_516' title='bbox 2338 3533 2396 3586; x_wconf 78' lang='grc' dir='ltr'>δὲ</span> <span class='ocrx_word' id='word_1_517' title='bbox 2432 3533 2740 3606; x_wconf 84' lang='grc' dir='ltr'>χειμερινὸς</span> <span class='ocrx_word' id='word_1_518' title='bbox 2777 3531 2975 3596; x_wconf 86' lang='grc' dir='ltr'>κύκλος</span> <span class='ocrx_word' id='word_1_519' title='bbox 3005 3531 3192 3602; x_wconf 87' lang='grc' dir='ltr'>τέμνει</span> <span class='ocrx_word' id='word_1_520' title='bbox 3221 3529 3384 3596; x_wconf 80' lang='grc' dir='ltr'>ζὼδια</span> <span class='ocrx_word' id='word_1_521' title='bbox 3413 3531 3478 3585; x_wconf 81' lang='grc' dir='ltr'>ι”</span> <span class='ocrx_word' id='word_1_522' title='bbox 3515 3533 3734 3604; x_wconf 81' lang='grc' dir='ltr'>Ἠριδα-</span> 
     </span>
    </p>
   </div>
   <div class='ocr_carea' id='block_1_81' title="bbox 2163 3622 3736 3696">
    <p class='ocr_par' dir='ltr' id='par_1_81' title="bbox 2163 3622 3736 3696">
     <span class='ocr_line' id='line_1_81' title="bbox 2163 3622 3736 3696; baseline -0.004 -16"><span class='ocrx_word' id='word_1_523' title='bbox 2163 3625 2254 3680; x_wconf 84' lang='grc' dir='ltr'><strong>νδν</strong></span> <span class='ocrx_word' id='word_1_524' title='bbox 2293 3623 2556 3696; x_wconf 79' lang='grc' dir='ltr'>ποταμὸν,</span> <span class='ocrx_word' id='word_1_525' title='bbox 2613 3623 2842 3694; x_wconf 81' lang='grc' dir='ltr'>Ἀργοῦς</span> <span class='ocrx_word' id='word_1_526' title='bbox 2897 3623 3026 3695; x_wconf 81' lang='grc' dir='ltr'>νηὸς</span> <span class='ocrx_word' id='word_1_527' title='bbox 3069 3622 3324 3694; x_wconf 84' lang='grc' dir='ltr'>πρύμναν</span> <span class='ocrx_word' id='word_1_528' title='bbox 3348 3665 3364 3690; x_wconf 91' lang='grc'><strong>,</strong></span> <span class='ocrx_word' id='word_1_529' title='bbox 3419 3623 3736 3695; x_wconf 79' lang='grc' dir='ltr'>Κενταύρου</span> 
     </span>
    </p>
   </div>
   <div class='ocr_carea' id='block_1_82' title="bbox 2167 3715 3736 3788">
    <p class='ocr_par' dir='ltr' id='par_1_82' title="bbox 2167 3715 3736 3788">
     <span class='ocr_line' id='line_1_82' title="bbox 2167 3715 3736 3788; baseline 0.001 -20"><span class='ocrx_word' id='word_1_530' title='bbox 2167 3716 2526 3788; x_wconf 85' lang='grc' dir='ltr'>μετάφρενον,</span> <span class='ocrx_word' id='word_1_531' title='bbox 2543 3717 2720 3778; x_wconf 85' lang='grc' dir='ltr'>Κυνὸς</span> <span class='ocrx_word' id='word_1_532' title='bbox 2745 3715 2978 3786; x_wconf 84' lang='grc' dir='ltr'>μεγάλου</span> <span class='ocrx_word' id='word_1_533' title='bbox 3001 3715 3280 3779; x_wconf 84' lang='grc' dir='ltr'>ὀπισθίους</span> <span class='ocrx_word' id='word_1_534' title='bbox 3309 3715 3498 3782; x_wconf 84' lang='grc' dir='ltr'>πόδας,</span> <span class='ocrx_word' id='word_1_535' title='bbox 3515 3719 3736 3788; x_wconf 86' lang='grc' dir='ltr'>Κήτους</span> 
     </span>
    </p>
   </div>
   <div class='ocr_carea' id='block_1_83' title="bbox 2163 3805 3734 3880">
    <p class='ocr_par' dir='ltr' id='par_1_83' title="bbox 2163 3805 3734 3880">
     <span class='ocr_line' id='line_1_83' title="bbox 2163 3805 3734 3880; baseline 0.002 -20"><span class='ocrx_word' id='word_1_536' title='bbox 2163 3807 2363 3880; x_wconf 82' lang='grc' dir='ltr'>οὐράν,</span> <span class='ocrx_word' id='word_1_537' title='bbox 2391 3805 2616 3876; x_wconf 87' lang='grc' dir='ltr'>Λαγωοῦ</span> <span class='ocrx_word' id='word_1_538' title='bbox 2651 3807 2842 3878; x_wconf 82' lang='grc' dir='ltr'>μέσον,</span> <span class='ocrx_word' id='word_1_539' title='bbox 2894 3807 3162 3879; x_wconf 85' lang='grc' dir='ltr'>Σκορπίου</span> <span class='ocrx_word' id='word_1_540' title='bbox 3195 3807 3451 3879; x_wconf 86' lang='grc' dir='ltr'>κέντρον,</span> <span class='ocrx_word' id='word_1_541' title='bbox 3499 3809 3734 3875; x_wconf 78' lang='grc' dir='ltr'>Τοξότου</span> 
     </span>
    </p>
   </div>
   <div class='ocr_carea' id='block_1_84' title="bbox 2161 3895 3734 3970">
    <p class='ocr_par' dir='ltr' id='par_1_84' title="bbox 2161 3895 3734 3970">
     <span class='ocr_line' id='line_1_84' title="bbox 2161 3895 3734 3970; baseline 0.002 -18"><span class='ocrx_word' id='word_1_542' title='bbox 2161 3899 2336 3964; x_wconf 83' lang='grc' dir='ltr'>τόξον,</span> <span class='ocrx_word' id='word_1_543' title='bbox 2362 3899 2643 3969; x_wconf 77' lang='grc' dir='ltr'>Αίγόκερω</span> <span class='ocrx_word' id='word_1_544' title='bbox 2671 3898 2855 3968; x_wconf 87' lang='grc' dir='ltr'>μέσον,</span> <span class='ocrx_word' id='word_1_545' title='bbox 2893 3897 3180 3970; x_wconf 78' lang='grc' dir='ltr'>’Υδροχόου</span> <span class='ocrx_word' id='word_1_546' title='bbox 3203 3899 3370 3962; x_wconf 85' lang='grc' dir='ltr'>πόδας</span> <span class='ocrx_word' id='word_1_547' title='bbox 3387 3917 3402 3930; x_wconf 73' lang='grc'><strong><em>⁸</em></strong></span> <span class='ocrx_word' id='word_1_548' title='bbox 3423 3898 3562 3954; x_wconf 84' lang='grc' dir='ltr'>ὥστε</span> <span class='ocrx_word' id='word_1_549' title='bbox 3595 3895 3734 3955; x_wconf 83' lang='grc' dir='ltr'>εἶναι</span> 
     </span>
    </p>
   </div>
   <div class='ocr_carea' id='block_1_85' title="bbox 2163 3987 3732 4061">
    <p class='ocr_par' dir='ltr' id='par_1_85' title="bbox 2163 3987 3732 4061">
     <span class='ocr_line' id='line_1_85' title="bbox 2163 3987 3732 4061; baseline 0.002 -19"><span class='ocrx_word' id='word_1_550' title='bbox 2163 3989 2360 4051; x_wconf 77' lang='grc' dir='ltr'>αὐτοὺς</span> <span class='ocrx_word' id='word_1_551' title='bbox 2395 3987 2688 4059; x_wconf 87' lang='grc' dir='ltr'>τέμνοντας</span> <span class='ocrx_word' id='word_1_552' title='bbox 2741 3987 2975 4052; x_wconf 89' lang='grc' dir='ltr'>κύκλους</span> <span class='ocrx_word' id='word_1_553' title='bbox 3001 3987 3064 4050; x_wconf 85' lang='grc' dir='ltr'>δ’,</span> <span class='ocrx_word' id='word_1_554' title='bbox 3111 3987 3179 4042; x_wconf 87' lang='grc' dir='ltr'><strong>τὰ</strong></span> <span class='ocrx_word' id='word_1_555' title='bbox 3209 3989 3266 4042; x_wconf 85' lang='grc' dir='ltr'>δὲ</span> <span class='ocrx_word' id='word_1_556' title='bbox 3309 3991 3611 4061; x_wconf 86' lang='grc' dir='ltr'>τεμνόμενα</span> <span class='ocrx_word' id='word_1_557' title='bbox 3637 3991 3732 4046; x_wconf 81' lang='grc' dir='ltr'><strong>ὑπ’</strong></span> 
     </span>
    </p>
   </div>
   <div class='ocr_carea' id='block_1_86' title="bbox 2163 4078 3172 4151">
    <p class='ocr_par' dir='ltr' id='par_1_86' title="bbox 2163 4078 3172 4151">
     <span class='ocr_line' id='line_1_86' title="bbox 2163 4078 3172 4151; baseline 0.001 -18"><span class='ocrx_word' id='word_1_558' title='bbox 2163 4079 2344 4134; x_wconf 81' lang='grc' dir='ltr'>αὐτῶν</span> <span class='ocrx_word' id='word_1_559' title='bbox 2373 4078 2540 4145; x_wconf 80' lang='grc' dir='ltr'>ζώδια</span> <span class='ocrx_word' id='word_1_560' title='bbox 2567 4080 2864 4151; x_wconf 86' lang='grc' dir='ltr'>τριάκοντα</span> <span class='ocrx_word' id='word_1_561' title='bbox 2893 4080 2988 4133; x_wconf 79' lang='grc' dir='ltr'>καὶ</span> <span class='ocrx_word' id='word_1_562' title='bbox 3013 4080 3172 4134; x_wconf 76' lang='grc' dir='ltr'>ἑπτά.</span> 
     </span>
    </p>
   </div>
   <div class='ocr_carea' id='block_1_87' title="bbox 2161 4213 3732 4284">
    <p class='ocr_par' dir='ltr' id='par_1_87' title="bbox 2161 4213 3732 4284">
     <span class='ocr_line' id='line_1_87' title="bbox 2161 4213 3732 4284; baseline -0.003 -12"><span class='ocrx_word' id='word_1_563' title='bbox 2161 4215 2309 4272; x_wconf 85' lang='grc' dir='ltr'>Ποῖα</span> <span class='ocrx_word' id='word_1_564' title='bbox 2341 4215 2460 4270; x_wconf 78' lang='grc' dir='ltr'><strong>τῶν</strong></span> <span class='ocrx_word' id='word_1_565' title='bbox 2498 4213 2715 4276; x_wconf 74' lang='grc' dir='ltr'>ζωδίων</span> <span class='ocrx_word' id='word_1_566' title='bbox 2739 4213 3264 4284; x_wconf 73' lang='grc' dir='ltr'>συνανᾳτέλλουσι</span> <span class='ocrx_word' id='word_1_567' title='bbox 3299 4213 3394 4284; x_wconf 74' lang='grc' dir='ltr'>καὶ</span> <span class='ocrx_word' id='word_1_568' title='bbox 3429 4229 3732 4284; x_wconf 78' lang='grc' dir='ltr'>συγκατα-</span> 
     </span>
    </p>
   </div>
   <div class='ocr_carea' id='block_1_88' title="bbox 2313 4282 3574 4350">
    <p class='ocr_par' dir='ltr' id='par_1_88' title="bbox 2313 4282 3574 4350">
     <span class='ocr_line' id='line_1_88' title="bbox 2313 4282 3574 4350; baseline 0 -10"><span class='ocrx_word' id='word_1_569' title='bbox 2313 4285 2567 4340; x_wconf 74' lang='grc' dir='ltr'>δύνουσι</span> <span class='ocrx_word' id='word_1_570' title='bbox 2591 4285 2715 4350; x_wconf 80' lang='grc' dir='ltr'>τοῖς</span> <span class='ocrx_word' id='word_1_571' title='bbox 2741 4285 2811 4338; x_wconf 81' lang='grc' dir='ltr'><strong>ἐν</strong></span> <span class='ocrx_word' id='word_1_572' title='bbox 2837 4284 2915 4350; x_wconf 83' lang='grc' dir='ltr'>τῷ</span> <span class='ocrx_word' id='word_1_573' title='bbox 2947 4282 3202 4350; x_wconf 79' lang='grc' dir='ltr'>ζωδιακῷ</span> <span class='ocrx_word' id='word_1_574' title='bbox 3226 4285 3304 4349; x_wconf 76' lang='grc' dir='ltr'><strong>ιβ’</strong></span> <span class='ocrx_word' id='word_1_575' title='bbox 3333 4282 3574 4350; x_wconf 72' lang='grc' dir='ltr'>ζωδίοιζ.</span> 
     </span>
    </p>
   </div>
   <div class='ocr_carea' id='block_1_89' title="bbox 2231 4396 3732 4466">
    <p class='ocr_par' dir='ltr' id='par_1_89' title="bbox 2231 4396 3732 4466">
     <span class='ocr_line' id='line_1_89' title="bbox 2231 4396 3732 4466; baseline 0 -14"><span class='ocrx_word' id='word_1_576' title='bbox 2231 4399 2308 4454; x_wconf 90' lang='lat' dir='ltr'><strong>B&#39;.</strong></span> <span class='ocrx_word' id='word_1_577' title='bbox 2343 4398 2799 4454; x_wconf 87' lang='grc' dir='ltr'>Συνανατέλλουσι</span> <span class='ocrx_word' id='word_1_578' title='bbox 2821 4397 2877 4450; x_wconf 80' lang='grc' dir='ltr'>δὲ</span> <span class='ocrx_word' id='word_1_579' title='bbox 2919 4397 3013 4452; x_wconf 76' lang='grc' dir='ltr'>καὶ</span> <span class='ocrx_word' id='word_1_580' title='bbox 3038 4396 3498 4466; x_wconf 87' lang='grc' dir='ltr'>συγκαταδύνουσι</span> <span class='ocrx_word' id='word_1_581' title='bbox 3533 4401 3644 4462; x_wconf 90' lang='grc' dir='ltr'>τοῖς</span> <span class='ocrx_word' id='word_1_582' title='bbox 3673 4399 3732 4452; x_wconf 85' lang='grc' dir='ltr'><strong>έν</strong></span> 
     </span>
    </p>
   </div>
   <div class='ocr_carea' id='block_1_90' title="bbox 2161 4483 3515 4557">
    <p class='ocr_par' dir='ltr' id='par_1_90' title="bbox 2161 4483 3515 4557">
     <span class='ocr_line' id='line_1_90' title="bbox 2161 4483 3515 4557; baseline 0.001 -19"><span class='ocrx_word' id='word_1_583' title='bbox 2161 4483 2240 4556; x_wconf 82' lang='grc' dir='ltr'>τῷ</span> <span class='ocrx_word' id='word_1_584' title='bbox 2271 4483 2520 4556; x_wconf 84' lang='grc' dir='ltr'>ζωδιακῷ</span> <span class='ocrx_word' id='word_1_585' title='bbox 2551 4485 2620 4556; x_wconf 80' lang='grc' dir='ltr'>ιβ’</span> <span class='ocrx_word' id='word_1_586' title='bbox 2647 4485 2858 4550; x_wconf 81' lang='grc' dir='ltr'>ζωδίοις</span> <span class='ocrx_word' id='word_1_587' title='bbox 2889 4483 2959 4538; x_wconf 86' lang='grc' dir='ltr'><strong>τὰ</strong></span> <span class='ocrx_word' id='word_1_588' title='bbox 2993 4486 3292 4557; x_wconf 86' lang='grc' dir='ltr'>φαινόμενα</span> <span class='ocrx_word' id='word_1_589' title='bbox 3323 4485 3515 4550; x_wconf 78' lang='grc' dir='ltr'>οὕτως,</span> 
     </span>
    </p>
   </div>
   <div class='ocr_carea' id='block_1_91' title="bbox 557 4567 2063 4648">
    <p class='ocr_par' dir='ltr' id='par_1_91' title="bbox 557 4575 2054 4642">
     <span class='ocr_line' id='line_1_91' title="bbox 557 4575 2054 4642; baseline 0.005 -11"><span class='ocrx_word' id='word_1_590' title='bbox 557 4575 780 4632; x_wconf 88' lang='lat' dir='ltr'><strong>Oriente</strong></span> <span class='ocrx_word' id='word_1_591' title='bbox 805 4578 1044 4642; x_wconf 89' lang='lat' dir='ltr'><strong>Cancro,</strong></span> <span class='ocrx_word' id='word_1_592' title='bbox 1071 4579 1250 4634; x_wconf 81' lang='lat' dir='ltr'><strong>.Orion</strong></span> <span class='ocrx_word' id='word_1_593' title='bbox 1283 4587 1431 4636; x_wconf 88' lang='lat' dir='ltr'><strong>totus</strong></span> <span class='ocrx_word' id='word_1_594' title='bbox 1482 4583 1749 4638; x_wconf 80' lang='lat' dir='ltr'><strong>exoritur.</strong></span> <span class='ocrx_word' id='word_1_595' title='bbox 1797 4581 2054 4640; x_wconf 86' lang='lat' dir='ltr'><strong>Orionem</strong></span> 
     </span>
    </p>
   </div>
   <div class='ocr_carea' id='block_1_92' title="bbox 2166 4567 3722 4648">
    <p class='ocr_par' dir='ltr' id='par_1_92' title="bbox 2231 4575 3722 4648">
     <span class='ocr_line' id='line_1_92' title="bbox 2231 4575 3722 4648; baseline 0.001 -20"><span class='ocrx_word' id='word_1_596' title='bbox 2231 4575 2507 4646; x_wconf 84' lang='grc' dir='ltr'>Καρκίνου</span> <span class='ocrx_word' id='word_1_597' title='bbox 2555 4575 2971 4640; x_wconf 85' lang='grc' dir='ltr'>ἀνατέλλοντος,</span> <span class='ocrx_word' id='word_1_598' title='bbox 3019 4575 3297 4629; x_wconf 85' lang='grc' dir='ltr'>ἀνατέλλει</span> <span class='ocrx_word' id='word_1_599' title='bbox 3334 4576 3452 4641; x_wconf 77' lang='grc' dir='ltr'>ὅλος</span> <span class='ocrx_word' id='word_1_600' title='bbox 3513 4576 3722 4648; x_wconf 88' lang='grc' dir='ltr'>Ὠρίων.</span> 
     </span>
    </p>
   </div>
   <div class='ocr_carea' id='block_1_93' title="bbox 485 4665 2054 4745">
    <p class='ocr_par' dir='ltr' id='par_1_93' title="bbox 485 4665 2054 4745">
     <span class='ocr_line' id='line_1_93' title="bbox 485 4665 2054 4745; baseline 0.009 -29"><span class='ocrx_word' id='word_1_601' title='bbox 485 4665 719 4736; x_wconf 86' lang='lat' dir='ltr'><strong>appello,</strong></span> <span class='ocrx_word' id='word_1_602' title='bbox 769 4683 929 4736; x_wconf 90' lang='lat' dir='ltr'><strong>quem</strong></span> <span class='ocrx_word' id='word_1_603' title='bbox 969 4669 1164 4740; x_wconf 87' lang='lat' dir='ltr'><strong>vulgus</strong></span> <span class='ocrx_word' id='word_1_604' title='bbox 1193 4669 1597 4742; x_wconf 75' lang='grc' dir='ltr'>Ἀλετροπόδιον</span> <span class='ocrx_word' id='word_1_605' title='bbox 1639 4675 1886 4728; x_wconf 89' lang='lat' dir='ltr'><strong>nominat</strong></span> <span class='ocrx_word' id='word_1_606' title='bbox 1915 4693 1928 4728; x_wconf 92' lang='lat'><strong>:</strong></span> <span class='ocrx_word' id='word_1_607' title='bbox 1962 4677 2054 4745; x_wconf 89' lang='lat' dir='ltr'><strong>qui</strong></span> 
     </span>
    </p>
   </div>
   <div class='ocr_carea' id='block_1_94' title="bbox 484 4755 2056 4834">
    <p class='ocr_par' dir='ltr' id='par_1_94' title="bbox 484 4755 2056 4834">
     <span class='ocr_line' id='line_1_94' title="bbox 484 4755 2056 4834; baseline 0.008 -29"><span class='ocrx_word' id='word_1_608' title='bbox 484 4755 720 4822; x_wconf 88' lang='lat' dir='ltr'><strong>primum</strong></span> <span class='ocrx_word' id='word_1_609' title='bbox 737 4757 910 4810; x_wconf 89' lang='lat' dir='ltr'><strong>oritur</strong></span> <span class='ocrx_word' id='word_1_610' title='bbox 927 4773 1112 4812; x_wconf 91' lang='lat' dir='ltr'><strong>mense</strong></span> <span class='ocrx_word' id='word_1_611' title='bbox 1125 4757 1290 4814; x_wconf 91' lang='lat' dir='ltr'><strong>Julio.</strong></span> <span class='ocrx_word' id='word_1_612' title='bbox 1321 4759 1487 4814; x_wconf 85' lang='lat' dir='ltr'><strong>Canis</strong></span> <span class='ocrx_word' id='word_1_613' title='bbox 1506 4777 1634 4816; x_wconf 88' lang='lat' dir='ltr'><strong>vero</strong></span> <span class='ocrx_word' id='word_1_614' title='bbox 1649 4761 1866 4818; x_wconf 88' lang='lat' dir='ltr'><strong>circiter</strong></span> <span class='ocrx_word' id='word_1_615' title='bbox 1881 4765 2056 4834; x_wconf 89' lang='lat' dir='ltr'><strong>Augu-</strong></span> 
     </span>
    </p>
   </div>
   <div class='ocr_carea' id='block_1_95' title="bbox 486 4845 2054 4925">
    <p class='ocr_par' dir='ltr' id='par_1_95' title="bbox 486 4845 2054 4925">
     <span class='ocr_line' id='line_1_95' title="bbox 486 4845 2054 4925; baseline 0.008 -27"><span class='ocrx_word' id='word_1_616' title='bbox 486 4845 556 4898; x_wconf 88' lang='lat' dir='ltr'><strong>sti</strong></span> <span class='ocrx_word' id='word_1_617' title='bbox 579 4846 831 4914; x_wconf 90' lang='lat' dir='ltr'><strong>septimo.</strong></span> <span class='ocrx_word' id='word_1_618' title='bbox 861 4847 985 4902; x_wconf 82' lang='lat' dir='ltr'><strong>Haec</strong></span> <span class='ocrx_word' id='word_1_619' title='bbox 1001 4859 1084 4904; x_wconf 88' lang='lat' dir='ltr'><strong>est</strong></span> <span class='ocrx_word' id='word_1_620' title='bbox 1106 4850 1388 4918; x_wconf 89' lang='lat' dir='ltr'><strong>splendida</strong></span> <span class='ocrx_word' id='word_1_621' title='bbox 1413 4854 1592 4920; x_wconf 91' lang='lat' dir='ltr'><strong>stella,</strong></span> <span class='ocrx_word' id='word_1_622' title='bbox 1611 4871 1732 4925; x_wconf 68' lang='lat' dir='ltr'><strong>qua:</strong></span> <span class='ocrx_word' id='word_1_623' title='bbox 1759 4855 1814 4910; x_wconf 91' lang='lat' dir='ltr'><strong>in</strong></span> <span class='ocrx_word' id='word_1_624' title='bbox 1835 4859 2054 4912; x_wconf 79' lang='lat' dir='ltr'><strong>maxilla</strong></span> 
     </span>
    </p>
   </div>
   <div class='ocr_carea' id='block_1_96' title="bbox 484 4935 2048 5018">
    <p class='ocr_par' dir='ltr' id='par_1_96' title="bbox 484 4935 2048 5018">
     <span class='ocr_line' id='line_1_96' title="bbox 484 4935 2048 5018; baseline 0.01 -30"><span class='ocrx_word' id='word_1_625' title='bbox 484 4935 652 4992; x_wconf 90' lang='lat' dir='ltr'><strong>Canis</strong></span> <span class='ocrx_word' id='word_1_626' title='bbox 672 4937 935 5004; x_wconf 88' lang='lat' dir='ltr'><strong>cernitur,</strong></span> <span class='ocrx_word' id='word_1_627' title='bbox 961 4955 1024 4995; x_wconf 92' lang='lat' dir='ltr'><strong>ac</strong></span> <span class='ocrx_word' id='word_1_628' title='bbox 1049 4939 1185 4998; x_wconf 83' lang='lat' dir='ltr'><strong>ﬁxas</strong></span> <span class='ocrx_word' id='word_1_629' title='bbox 1207 4957 1396 4999; x_wconf 90' lang='lat' dir='ltr'><strong>omnes</strong></span> <span class='ocrx_word' id='word_1_630' title='bbox 1419 4947 1792 5016; x_wconf 88' lang='lat' dir='ltr'><strong>magnitudine</strong></span> <span class='ocrx_word' id='word_1_631' title='bbox 1811 4957 2048 5018; x_wconf 89' lang='lat' dir='ltr'><strong>superat:</strong></span> 
     </span>
    </p>
   </div>
   <div class='ocr_carea' id='block_1_97' title="bbox 485 5019 2056 5106">
    <p class='ocr_par' dir='ltr' id='par_1_97' title="bbox 485 5019 2056 5106">
     <span class='ocr_line' id='line_1_97' title="bbox 485 5019 2056 5106; baseline 0.01 -26"><span class='ocrx_word' id='word_1_632' title='bbox 485 5028 614 5106; x_wconf 68' lang='lat' dir='ltr'><strong>item</strong></span> <span class='ocrx_word' id='word_1_633' title='bbox 659 5025 858 5086; x_wconf 87' lang='lat' dir='ltr'><strong>ﬂuvius</strong></span> <span class='ocrx_word' id='word_1_634' title='bbox 889 5019 1194 5088; x_wconf 69' lang='lat' dir='ltr'><strong>Eridanus.</strong></span> <span class='ocrx_word' id='word_1_635' title='bbox 1242 5032 1456 5090; x_wconf 88' lang='lat' dir='ltr'><strong>Occidit</strong></span> <span class='ocrx_word' id='word_1_636' title='bbox 1491 5043 1672 5092; x_wconf 87' lang='lat' dir='ltr'><strong>autem</strong></span> <span class='ocrx_word' id='word_1_637' title='bbox 1705 5037 1941 5103; x_wconf 87' lang='lat' dir='ltr'><strong>Corona,</strong></span> <span class='ocrx_word' id='word_1_638' title='bbox 2001 5049 2056 5095; x_wconf 90' lang='lat' dir='ltr'><strong>et</strong></span> 
     </span>
    </p>
   </div>
   <div class='ocr_carea' id='block_1_98' title="bbox 483 5115 2049 5200">
    <p class='ocr_par' dir='ltr' id='par_1_98' title="bbox 483 5115 2049 5200">
     <span class='ocr_line' id='line_1_98' title="bbox 483 5115 2049 5200; baseline 0.01 -30"><span class='ocrx_word' id='word_1_639' title='bbox 483 5115 661 5174; x_wconf 86' lang='lat' dir='ltr'><strong>Piscis</strong></span> <span class='ocrx_word' id='word_1_640' title='bbox 700 5118 865 5176; x_wconf 91' lang='lat' dir='ltr'><strong>dorso</strong></span> <span class='ocrx_word' id='word_1_641' title='bbox 907 5130 1085 5189; x_wconf 89' lang='lat' dir='ltr'><strong>tenus,</strong></span> <span class='ocrx_word' id='word_1_642' title='bbox 1127 5121 1442 5196; x_wconf 88' lang='lat' dir='ltr'><strong>Ophiuchus</strong></span> <span class='ocrx_word' id='word_1_643' title='bbox 1471 5127 1538 5181; x_wconf 89' lang='lat' dir='ltr'><strong>ad</strong></span> <span class='ocrx_word' id='word_1_644' title='bbox 1567 5129 1829 5186; x_wconf 90' lang='lat' dir='ltr'><strong>humeros</strong></span> <span class='ocrx_word' id='word_1_645' title='bbox 1855 5145 2049 5200; x_wconf 89' lang='lat' dir='ltr'><strong>usque,</strong></span> 
     </span>
    </p>
   </div>
   <div class='ocr_carea' id='block_1_99' title="bbox 483 5207 1759 5290">
    <p class='ocr_par' dir='ltr' id='par_1_99' title="bbox 483 5207 1759 5290">
     <span class='ocr_line' id='line_1_99' title="bbox 483 5207 1759 5290; baseline 0.009 -26"><span class='ocrx_word' id='word_1_646' title='bbox 483 5207 766 5279; x_wconf 81' lang='lat' dir='ltr'><strong>Serpentis</strong></span> <span class='ocrx_word' id='word_1_647' title='bbox 795 5215 1016 5284; x_wconf 91' lang='lat' dir='ltr'><strong>collum,</strong></span> <span class='ocrx_word' id='word_1_648' title='bbox 1044 5215 1416 5290; x_wconf 78' lang='lat' dir='ltr'><strong>ArctOphylax</strong></span> <span class='ocrx_word' id='word_1_649' title='bbox 1443 5227 1593 5276; x_wconf 89' lang='lat' dir='ltr'><strong>totus</strong></span> <span class='ocrx_word' id='word_1_650' title='bbox 1623 5221 1759 5275; x_wconf 78' lang='lat' dir='ltr'><strong>fere.</strong></span> 
     </span>
    </p>
   </div>
   <div class='ocr_carea' id='block_1_100' title="bbox 551 5383 2048 5466">
    <p class='ocr_par' dir='ltr' id='par_1_100' title="bbox 551 5383 2048 5466">
     <span class='ocr_line' id='line_1_100' title="bbox 551 5383 2048 5466; baseline 0.008 -27"><span class='ocrx_word' id='word_1_651' title='bbox 551 5383 730 5444; x_wconf 88' lang='lat' dir='ltr'><strong>Leone</strong></span> <span class='ocrx_word' id='word_1_652' title='bbox 759 5390 994 5457; x_wconf 88' lang='lat' dir='ltr'><strong>oriente,</strong></span> <span class='ocrx_word' id='word_1_653' title='bbox 1053 5401 1200 5450; x_wconf 90' lang='lat' dir='ltr'><strong>totus</strong></span> <span class='ocrx_word' id='word_1_654' title='bbox 1249 5395 1477 5465; x_wconf 85' lang='lat' dir='ltr'><strong>emergit</strong></span> <span class='ocrx_word' id='word_1_655' title='bbox 1517 5393 1788 5466; x_wconf 80' lang='lat' dir='ltr'><strong>Procyon,</strong></span> <span class='ocrx_word' id='word_1_656' title='bbox 1845 5395 2048 5466; x_wconf 92' lang='lat' dir='ltr'><strong>Lepus,</strong></span> 
     </span>
    </p>
   </div>
   <div class='ocr_carea' id='block_1_101' title="bbox 481 5475 2048 5557">
    <p class='ocr_par' dir='ltr' id='par_1_101' title="bbox 481 5475 2048 5557">
     <span class='ocr_line' id='line_1_101' title="bbox 481 5475 2048 5557; baseline 0.008 -26"><span class='ocrx_word' id='word_1_657' title='bbox 481 5475 650 5548; x_wconf 80' lang='lat' dir='ltr'><strong>Hydri</strong></span> <span class='ocrx_word' id='word_1_658' title='bbox 678 5491 862 5552; x_wconf 90' lang='lat' dir='ltr'><strong>caput,</strong></span> <span class='ocrx_word' id='word_1_659' title='bbox 895 5483 1062 5542; x_wconf 85' lang='lat' dir='ltr'><strong>Canis</strong></span> <span class='ocrx_word' id='word_1_660' title='bbox 1095 5489 1402 5542; x_wconf 84' lang='lat' dir='ltr'><strong>anteriores</strong></span> <span class='ocrx_word' id='word_1_661' title='bbox 1433 5489 1621 5557; x_wconf 88' lang='lat' dir='ltr'><strong>pedes.</strong></span> <span class='ocrx_word' id='word_1_662' title='bbox 1655 5487 1926 5542; x_wconf 90' lang='lat' dir='ltr'><strong>Occidunt</strong></span> <span class='ocrx_word' id='word_1_663' title='bbox 1957 5503 2048 5543; x_wconf 90' lang='lat' dir='ltr'><strong>re-</strong></span> 
     </span>
    </p>
   </div>
   <div class='ocr_carea' id='block_1_102' title="bbox 479 5565 2044 5646">
    <p class='ocr_par' dir='ltr' id='par_1_102' title="bbox 479 5565 2044 5646">
     <span class='ocr_line' id='line_1_102' title="bbox 479 5565 2044 5646; baseline 0.006 -24"><span class='ocrx_word' id='word_1_664' title='bbox 479 5565 639 5635; x_wconf 67' lang='lat' dir='ltr'><strong>liquae</strong></span> <span class='ocrx_word' id='word_1_665' title='bbox 667 5577 851 5640; x_wconf 89' lang='lat' dir='ltr'><strong>partes</strong></span> <span class='ocrx_word' id='word_1_666' title='bbox 881 5587 1067 5626; x_wconf 85' lang='lat' dir='ltr'><strong>eorum</strong></span> <span class='ocrx_word' id='word_1_667' title='bbox 1093 5591 1216 5646; x_wconf 69' lang='lat' dir='ltr'><strong>quae</strong></span> <span class='ocrx_word' id='word_1_668' title='bbox 1244 5589 1368 5630; x_wconf 89' lang='lat' dir='ltr'><strong>cum</strong></span> <span class='ocrx_word' id='word_1_669' title='bbox 1398 5574 1611 5630; x_wconf 88' lang='lat' dir='ltr'><strong>Cancro</strong></span> <span class='ocrx_word' id='word_1_670' title='bbox 1637 5585 1922 5646; x_wconf 72' lang='lat' dir='ltr'><strong>coeperunt</strong></span> <span class='ocrx_word' id='word_1_671' title='bbox 1953 5593 2044 5631; x_wconf 94' lang='lat' dir='ltr'><strong>oc-</strong></span> 
     </span>
    </p>
   </div>
   <div class='ocr_carea' id='block_1_103' title="bbox 2173 4665 3728 4740">
    <p class='ocr_par' dir='ltr' id='par_1_103' title="bbox 2173 4665 3728 4740">
     <span class='ocr_line' id='line_1_103' title="bbox 2173 4665 3728 4740; baseline 0.002 -21"><span class='ocrx_word' id='word_1_672' title='bbox 2173 4667 2364 4738; x_wconf 86' lang='grc' dir='ltr'>Ὢρίων</span> <span class='ocrx_word' id='word_1_673' title='bbox 2397 4667 2515 4720; x_wconf 71' lang='grc' dir='ltr'>ἐστὶ</span> <span class='ocrx_word' id='word_1_674' title='bbox 2554 4666 2615 4720; x_wconf 83' lang='grc' dir='ltr'>τὸ</span> <span class='ocrx_word' id='word_1_675' title='bbox 2645 4667 2934 4738; x_wconf 84' lang='grc' dir='ltr'>λεγόμενον</span> <span class='ocrx_word' id='word_1_676' title='bbox 2967 4669 3095 4739; x_wconf 88' lang='grc' dir='ltr'>παρ’</span> <span class='ocrx_word' id='word_1_677' title='bbox 3135 4665 3369 4732; x_wconf 81' lang='grc' dir='ltr'>ἰδιώταις</span> <span class='ocrx_word' id='word_1_678' title='bbox 3412 4669 3728 4740; x_wconf 75' lang='grc' dir='ltr'>’Δλετροπό-</span> 
     </span>
    </p>
   </div>
   <div class='ocr_carea' id='block_1_104' title="bbox 2159 4757 3724 4832">
    <p class='ocr_par' dir='ltr' id='par_1_104' title="bbox 2159 4757 3724 4832">
     <span class='ocr_line' id='line_1_104' title="bbox 2159 4757 3724 4832; baseline 0.001 -22"><span class='ocrx_word' id='word_1_679' title='bbox 2159 4758 2292 4810; x_wconf 90' lang='grc' dir='ltr'>διον.</span> <span class='ocrx_word' id='word_1_680' title='bbox 2315 4757 2552 4830; x_wconf 84' lang='grc' dir='ltr'>Πρώτως</span> <span class='ocrx_word' id='word_1_681' title='bbox 2572 4757 2630 4812; x_wconf 80' lang='grc' dir='ltr'>δὲ</span> <span class='ocrx_word' id='word_1_682' title='bbox 2660 4759 2939 4813; x_wconf 81' lang='grc' dir='ltr'>ἀνατέλλει</span> <span class='ocrx_word' id='word_1_683' title='bbox 2959 4759 3100 4813; x_wconf 81' lang='grc' dir='ltr'>κατὰ</span> <span class='ocrx_word' id='word_1_684' title='bbox 3124 4761 3222 4832; x_wconf 80' lang='grc' dir='ltr'>τὴν</span> <span class='ocrx_word' id='word_1_685' title='bbox 3241 4761 3322 4831; x_wconf 78' lang='grc' dir='ltr'><strong>κβ¹</strong></span> <span class='ocrx_word' id='word_1_686' title='bbox 3347 4761 3438 4814; x_wconf 87' lang='grc' dir='ltr'><strong>τοῦ</strong></span> <span class='ocrx_word' id='word_1_687' title='bbox 3473 4761 3688 4814; x_wconf 83' lang='grc' dir='ltr'>Ἰουλίου</span> <span class='ocrx_word' id='word_1_688' title='bbox 3706 4777 3724 4794; x_wconf 79' lang='grc' dir='ltr'>ο</span> 
     </span>
    </p>
   </div>
   <div class='ocr_carea' id='block_1_105' title="bbox 2159 4849 3726 4922">
    <p class='ocr_par' dir='ltr' id='par_1_105' title="bbox 2159 4849 3726 4922">
     <span class='ocr_line' id='line_1_105' title="bbox 2159 4849 3726 4922; baseline 0.002 -19"><span class='ocrx_word' id='word_1_689' title='bbox 2159 4851 2188 4903; x_wconf 85' lang='grc' dir='ltr'><strong>ό</strong></span> <span class='ocrx_word' id='word_1_690' title='bbox 2215 4850 2273 4902; x_wconf 86' lang='grc' dir='ltr'>δὲ</span> <span class='ocrx_word' id='word_1_691' title='bbox 2305 4849 2469 4904; x_wconf 89' lang='grc' dir='ltr'>Κύων</span> <span class='ocrx_word' id='word_1_692' title='bbox 2511 4849 2656 4904; x_wconf 89' lang='grc' dir='ltr'><strong>κατά</strong></span> <span class='ocrx_word' id='word_1_693' title='bbox 2703 4851 2801 4922; x_wconf 80' lang='grc' dir='ltr'>τὴν</span> <span class='ocrx_word' id='word_1_694' title='bbox 2829 4849 2872 4916; x_wconf 80' lang='grc' dir='ltr'><strong>ζ’</strong></span> <span class='ocrx_word' id='word_1_695' title='bbox 2901 4851 2994 4905; x_wconf 90' lang='grc' dir='ltr'><strong>τοῦ</strong></span> <span class='ocrx_word' id='word_1_696' title='bbox 3040 4853 3370 4922; x_wconf 76' lang='grc' dir='ltr'>Αὐγούστου.</span> <span class='ocrx_word' id='word_1_697' title='bbox 3405 4855 3560 4908; x_wconf 85' lang='grc' dir='ltr'>Ἐστι</span> <span class='ocrx_word' id='word_1_698' title='bbox 3598 4855 3654 4907; x_wconf 83' lang='grc' dir='ltr'>δὲ</span> <span class='ocrx_word' id='word_1_699' title='bbox 3697 4855 3726 4906; x_wconf 84' lang='grc' dir='ltr'>ὀ</span> 
     </span>
    </p>
   </div>
   <div class='ocr_carea' id='block_1_106' title="bbox 2159 4939 3725 5014">
    <p class='ocr_par' dir='ltr' id='par_1_106' title="bbox 2159 4939 3725 5014">
     <span class='ocr_line' id='line_1_106' title="bbox 2159 4939 3725 5014; baseline 0.003 -22"><span class='ocrx_word' id='word_1_700' title='bbox 2159 4939 2412 5012; x_wconf 79' lang='grc' dir='ltr'>λαμπρὸς</span> <span class='ocrx_word' id='word_1_701' title='bbox 2441 4939 2535 4994; x_wconf 90' lang='grc' dir='ltr'><strong>τοῦ</strong></span> <span class='ocrx_word' id='word_1_702' title='bbox 2563 4941 2754 5012; x_wconf 82' lang='grc' dir='ltr'>θηνυὸς</span> <span class='ocrx_word' id='word_1_703' title='bbox 2783 4941 2804 4973; x_wconf 83' lang='grc'><strong><em>³</em></strong></span> <span class='ocrx_word' id='word_1_704' title='bbox 2845 4943 3044 5014; x_wconf 77' lang='grc' dir='ltr'>μείζων</span> <span class='ocrx_word' id='word_1_705' title='bbox 3069 4943 3178 4996; x_wconf 85' lang='grc' dir='ltr'><strong>τῶν</strong></span> <span class='ocrx_word' id='word_1_706' title='bbox 3210 4943 3462 4998; x_wconf 82' lang='grc' dir='ltr'>ἀπλανῶν</span> <span class='ocrx_word' id='word_1_707' title='bbox 3508 4945 3725 4998; x_wconf 79' lang='grc' dir='ltr'>πάντων</span> 
     </span>
    </p>
   </div>
   <div class='ocr_carea' id='block_1_107' title="bbox 2160 5033 3724 5116">
    <p class='ocr_par' dir='ltr' id='par_1_107' title="bbox 2160 5033 3724 5116">
     <span class='ocr_line' id='line_1_107' title="bbox 2160 5033 3724 5116; baseline 0.003 -30"><span class='ocrx_word' id='word_1_708' title='bbox 2160 5033 2439 5106; x_wconf 81' lang='grc' dir='ltr'>ἀστέρων⁶</span> <span class='ocrx_word' id='word_1_709' title='bbox 2483 5035 2576 5086; x_wconf 84' lang='grc' dir='ltr'>καὶ</span> <span class='ocrx_word' id='word_1_710' title='bbox 2608 5035 2850 5116; x_wconf 71' lang='grc' dir='ltr'>ποταμὸς</span> <span class='ocrx_word' id='word_1_711' title='bbox 2889 5035 3188 5108; x_wconf 83' lang='grc' dir='ltr'>Ἠριδανός.</span> <span class='ocrx_word' id='word_1_712' title='bbox 3233 5035 3388 5090; x_wconf 86' lang='grc' dir='ltr'>Δύνει</span> <span class='ocrx_word' id='word_1_713' title='bbox 3427 5037 3484 5090; x_wconf 84' lang='grc' dir='ltr'>δὲ</span> <span class='ocrx_word' id='word_1_714' title='bbox 3509 5038 3724 5105; x_wconf 86' lang='grc' dir='ltr'>Στέφα-</span> 
     </span>
    </p>
   </div>
   <div class='ocr_carea' id='block_1_108' title="bbox 2161 5125 3725 5200">
    <p class='ocr_par' dir='ltr' id='par_1_108' title="bbox 2161 5125 3725 5200">
     <span class='ocr_line' id='line_1_108' title="bbox 2161 5125 3725 5200; baseline 0.002 -22"><span class='ocrx_word' id='word_1_715' title='bbox 2161 5141 2271 5190; x_wconf 90' lang='grc' dir='ltr'>νος,</span> <span class='ocrx_word' id='word_1_716' title='bbox 2329 5125 2532 5196; x_wconf 82' lang='grc' dir='ltr'>Ἰχθύος</span> <span class='ocrx_word' id='word_1_717' title='bbox 2569 5125 2630 5178; x_wconf 85' lang='grc' dir='ltr'>τὸ</span> <span class='ocrx_word' id='word_1_718' title='bbox 2686 5127 2855 5197; x_wconf 71' lang='grc' dir='ltr'>ἣμισυ</span> <span class='ocrx_word' id='word_1_719' title='bbox 2899 5125 3002 5192; x_wconf 73' lang='grc' dir='ltr'>ἕως</span> <span class='ocrx_word' id='word_1_720' title='bbox 3055 5129 3147 5181; x_wconf 71' lang='grc' dir='ltr'><strong>ἐπὶ</strong></span> <span class='ocrx_word' id='word_1_721' title='bbox 3193 5129 3387 5200; x_wconf 77' lang='grc' dir='ltr'>ῥάχιν,</span> <span class='ocrx_word' id='word_1_722' title='bbox 3445 5127 3725 5199; x_wconf 80' lang='grc' dir='ltr'>Ὀφιοῦχος</span> 
     </span>
    </p>
   </div>
   <div class='ocr_carea' id='block_1_109' title="bbox 2156 5215 3722 5294">
    <p class='ocr_par' dir='ltr' id='par_1_109' title="bbox 2156 5215 3722 5294">
     <span class='ocr_line' id='line_1_109' title="bbox 2156 5215 3722 5294; baseline 0.002 -25"><span class='ocrx_word' id='word_1_723' title='bbox 2156 5217 2260 5280; x_wconf 76' lang='grc' dir='ltr'>ἕως</span> <span class='ocrx_word' id='word_1_724' title='bbox 2285 5215 2470 5288; x_wconf 80' lang='grc' dir='ltr'>ὤμων,</span> <span class='ocrx_word' id='word_1_725' title='bbox 2498 5219 2708 5288; x_wconf 87' lang='grc' dir='ltr'>Ὄφεως</span> <span class='ocrx_word' id='word_1_726' title='bbox 2739 5217 3025 5290; x_wconf 84' lang='grc' dir='ltr'>τράχηλος,</span> <span class='ocrx_word' id='word_1_727' title='bbox 3063 5219 3429 5294; x_wconf 77' lang='grc' dir='ltr'>Ἀρκτοφύλαξ</span> <span class='ocrx_word' id='word_1_728' title='bbox 3453 5221 3582 5292; x_wconf 83' lang='grc' dir='ltr'>παρ’</span> <span class='ocrx_word' id='word_1_729' title='bbox 3611 5221 3722 5274; x_wconf 83' lang='grc' dir='ltr'>ὀλί-</span> 
     </span>
    </p>
   </div>
   <div class='ocr_carea' id='block_1_110' title="bbox 2155 5323 2268 5374">
    <p class='ocr_par' dir='ltr' id='par_1_110' title="bbox 2155 5323 2268 5374">
     <span class='ocr_line' id='line_1_110' title="bbox 2155 5323 2268 5374; baseline 0.009 -16"><span class='ocrx_word' id='word_1_730' title='bbox 2155 5323 2268 5374; x_wconf 89' lang='grc' dir='ltr'>γον.</span> 
     </span>
    </p>
   </div>
   <div class='ocr_carea' id='block_1_111' title="bbox 2227 5399 3718 5473">
    <p class='ocr_par' dir='ltr' id='par_1_111' title="bbox 2227 5399 3718 5473">
     <span class='ocr_line' id='line_1_111' title="bbox 2227 5399 3718 5473; baseline 0.002 -22"><span class='ocrx_word' id='word_1_731' title='bbox 2227 5399 2452 5462; x_wconf 86' lang='grc' dir='ltr'>Λέοντος</span> <span class='ocrx_word' id='word_1_732' title='bbox 2501 5399 2900 5466; x_wconf 84' lang='grc' dir='ltr'>ἀνατέλλοντος,</span> <span class='ocrx_word' id='word_1_733' title='bbox 2935 5401 3214 5456; x_wconf 85' lang='grc' dir='ltr'>ἀνατέλλει</span> <span class='ocrx_word' id='word_1_734' title='bbox 3265 5401 3526 5473; x_wconf 85' lang='grc' dir='ltr'>Προκύων</span> <span class='ocrx_word' id='word_1_735' title='bbox 3563 5401 3718 5468; x_wconf 57' lang='grc' dir='ltr'><strong>ὅλος-ζ’</strong></span> 
     </span>
    </p>
   </div>
   <div class='ocr_carea' id='block_1_112' title="bbox 2155 5487 3717 5563">
    <p class='ocr_par' dir='ltr' id='par_1_112' title="bbox 2155 5487 3717 5563">
     <span class='ocr_line' id='line_1_112' title="bbox 2155 5487 3717 5563; baseline 0.003 -23"><span class='ocrx_word' id='word_1_736' title='bbox 2155 5487 2402 5556; x_wconf 83' lang='grc' dir='ltr'>Λαγωὸς,</span> <span class='ocrx_word' id='word_1_737' title='bbox 2432 5489 2634 5560; x_wconf 79' lang='grc' dir='ltr'>’Υδρου</span> <span class='ocrx_word' id='word_1_738' title='bbox 2679 5493 2914 5561; x_wconf 83' lang='grc' dir='ltr'>κεφαλὴ,</span> <span class='ocrx_word' id='word_1_739' title='bbox 2949 5493 3126 5555; x_wconf 81' lang='grc' dir='ltr'>Κυνὸς</span> <span class='ocrx_word' id='word_1_740' title='bbox 3167 5491 3490 5563; x_wconf 85' lang='grc' dir='ltr'>ὲμπρόσθιοι</span> <span class='ocrx_word' id='word_1_741' title='bbox 3539 5491 3717 5554; x_wconf 84' lang='grc' dir='ltr'>πόδες.</span> 
     </span>
    </p>
   </div>
   <div class='ocr_carea' id='block_1_113' title="bbox 2151 5579 3722 5658">
    <p class='ocr_par' dir='ltr' id='par_1_113' title="bbox 2151 5579 3722 5658">
     <span class='ocr_line' id='line_1_113' title="bbox 2151 5579 3722 5658; baseline 0.001 -27"><span class='ocrx_word' id='word_1_742' title='bbox 2151 5579 2308 5632; x_wconf 87' lang='grc' dir='ltr'>Δύνει</span> <span class='ocrx_word' id='word_1_743' title='bbox 2331 5581 2388 5634; x_wconf 82' lang='grc' dir='ltr'>δὲ</span> <span class='ocrx_word' id='word_1_744' title='bbox 2417 5581 2484 5634; x_wconf 84' lang='grc' dir='ltr'><strong>τά</strong></span> <span class='ocrx_word' id='word_1_745' title='bbox 2518 5581 2678 5636; x_wconf 85' lang='grc' dir='ltr'>λοιπά</span> <span class='ocrx_word' id='word_1_746' title='bbox 2709 5583 2818 5638; x_wconf 82' lang='grc' dir='ltr'><strong>τῶν</strong></span> <span class='ocrx_word' id='word_1_747' title='bbox 2843 5584 2940 5638; x_wconf 83' lang='grc' dir='ltr'>σὺν</span> <span class='ocrx_word' id='word_1_748' title='bbox 2967 5585 3226 5658; x_wconf 83' lang='grc' dir='ltr'>Καρκίνῳ</span> <span class='ocrx_word' id='word_1_749' title='bbox 3259 5581 3722 5656; x_wconf 77' lang='grc' dir='ltr'>προκαταδεδυκό-</span> 
     </span>
    </p>
   </div>
   <div class='ocr_carea' id='block_1_114' title="bbox 589 5745 2063 5828">
    <p class='ocr_par' dir='ltr' id='par_1_114' title="bbox 589 5745 2044 5820">
     <span class='ocr_line' id='line_1_114' title="bbox 589 5745 2044 5820; baseline 0.015 -21"><span class='ocrx_word' id='word_1_750' title='bbox 589 5745 633 5780; x_wconf 80' lang='grc'><strong><em>⁸⁸</em></strong></span> <span class='ocrx_word' id='word_1_751' title='bbox 672 5749 711 5812; x_wconf 79' lang='lat' dir='ltr'><strong>f.</strong></span> <span class='ocrx_word' id='word_1_752' title='bbox 743 5749 1132 5804; x_wconf 74' lang='grc' dir='ltr'>συνανατολῶν.</span> <span class='ocrx_word' id='word_1_753' title='bbox 1211 5753 1226 5783; x_wconf 86' lang='grc'>¹</span> <span class='ocrx_word' id='word_1_754' title='bbox 1261 5751 1300 5820; x_wconf 80' lang='lat' dir='ltr'><strong>f.</strong></span> <span class='ocrx_word' id='word_1_755' title='bbox 1333 5751 1444 5808; x_wconf 76' lang='grc' dir='ltr'>ἐπί.</span> <span class='ocrx_word' id='word_1_756' title='bbox 1519 5753 1541 5786; x_wconf 80' lang='grc'>³</span> <span class='ocrx_word' id='word_1_757' title='bbox 1565 5749 1850 5810; x_wconf 59' lang='lat' dir='ltr'><strong>ﬂendos!“</strong></span> <span class='ocrx_word' id='word_1_758' title='bbox 1881 5755 2044 5809; x_wconf 70' lang='grc' dir='ltr'><strong>ίοσαε·</strong></span> 
     </span>
    </p>
   </div>
   <div class='ocr_carea' id='block_1_115' title="bbox 2166 5745 2591 5828">
    <p class='ocr_par' dir='ltr' id='par_1_115' title="bbox 2184 5755 2591 5828">
     <span class='ocr_line' id='line_1_115' title="bbox 2184 5755 2591 5828; baseline 0.002 -17"><span class='ocrx_word' id='word_1_759' title='bbox 2184 5755 2227 5825; x_wconf 78' lang='lat' dir='ltr'><strong>f.</strong></span> <span class='ocrx_word' id='word_1_760' title='bbox 2260 5757 2360 5828; x_wconf 86' lang='grc' dir='ltr'><strong>τῆς</strong></span> <span class='ocrx_word' id='word_1_761' title='bbox 2383 5755 2591 5825; x_wconf 87' lang='grc' dir='ltr'>γένυος.</span> 
     </span>
    </p>
   </div>
  </div>
