4106 6438
470 457 606 512 1145

543 573 704 628 Ζοιηε
732 579 860 628 sunt
893 571 946 625 in
979 587 1044 626 ea
1073 573 1315 642 quinque
1344 590 1358 626 :
1405 575 1872 644 septentrionalis,
1919 589 2037 644 qua:
2067 575 2114 632 Α

471 676 586 720 tota
620 667 868 728 sublimis
893 671 1011 729 est,
1051 663 1444 726 inhabitabilis,
1477 665 1772 734 frigoribus
1813 666 2030 732 infesta,

475 759 808 827 Saturnique
834 757 1088 827 propria;
1117 756 1326 819 aestiva,
1355 755 1513 824 cujus
1549 771 1680 826 pars
1713 773 1877 828 supra
1929 765 2040 812 ter-

471 867 590 905 ram
647 849 823 918 major
877 847 1100 912 eminet,
1149 847 1328 900 minor
1369 847 1472 902 sub
1517 857 1662 903 terra
1693 849 2033 920 deprimitur.

471 941 552 996 Ea
577 949 660 998 est
693 939 1004 995 habitabilis
1039 939 1412 1008 undiquaque,
1455 949 1775 1010 temperata,
1805 939 1922 996 ,Ιονί
1955 941 2038 996 di-

473 1041 628 1096 cata;
655 1023 1070 1100 aequinoctialis,
1090 1030 1246 1099 cujus
1269 1047 1394 1100 pars
1424 1031 1648 1100 aequalis
1677 1031 1816 1085 infra
1846 1047 2039 1102 supra-

473 1137 578 1192 que
621 1127 822 1175 terram
871 1127 1074 1183 exstat,
1119 1129 1334 1182 exusta,
1383 1119 1542 1174 Marti
1579 1121 1912 1191 peculiaris;
1955 1121 2042 1176 hi-

475 1215 660 1278 berna,
715 1211 873 1282 cujus
909 1209 1084 1280 major
1128 1212 1232 1267 sub
1261 1221 1406 1266 terra
1451 1227 1604 1282 pars,
1639 1227 1804 1284 supra
1835 1221 2037 1270 terram

471 1305 650 1360 minor
694 1303 929 1368 exsistit,
958 1303 1012 1357 in
1045 1303 1232 1358 orbem
1279 1305 1557 1372 habitata;
1589 1311 1910 1374 temperata,
1952 1321 2042 1361 sa-

470 1413 566 1451 cra
599 1395 796 1451 Veneri
827 1413 841 1459 ;
871 1397 1128 1451 australis
1169 1410 1279 1451 non
1316 1411 1607 1468 apparens,
1636 1397 1856 1462 alsiosa,
1883 1397 2042 1454 inho-

473 1491 636 1562 spita,
671 1489 940 1544 Mercurio
971 1487 1171 1544 dicata.

541 1583 758 1637 Arctica
803 1597 940 1637 zona
993 1589 1210 1636 constat
1251 1581 1525 1652 scrupulis
1585 1583 1940 1654 scxagesimis
1969 1581 2040 1651 6;

473 1674 868 1744 aequinoctialis
929 1673 962 1728 8
1004 1693 1017 1728 :
1067 1673 1230 1728 habet
1263 1673 1331 1727 ab
1359 1681 1588 1744 utraque
1617 1683 1768 1746 parte
1795 1675 2041 1744 aequino-

475 1767 651 1820 ctialis
695 1765 920 1830 circuli;
951 1765 1040 1819 hic
1078 1764 1222 1819 enim
1250 1763 1480 1818 mediam
1531 1766 1702 1835 ipsam
1727 1765 1918 1819 dividit
1947 1781 2044 1836 per

475 1865 642 1912 totam
679 1857 979 1926 sphaeram;
1013 1857 1202 1912 restiva
1236 1857 1490 1928 scrupula
1530 1857 1564 1912 5
1589 1857 1830 1924 obtinet;
1862 1866 2044 1910 antar-

475 1949 614 2002 ctica
657 1947 711 2002 6.
755 1945 940 2018 Itaque
993 1948 1244 2018 superior
1293 1949 1530 2014 ambitus
1571 1955 1732 2002 terra:
1786 1949 2043 2018 scrupula
2071 1984 2116 2040 Β

475 2041 682 2110 colligit
719 2041 966 2108 tricena;
1007 2039 1233 2096 totidem
1281 2039 1530 2095 inferior.
1559 2038 1732 2096 Totus
1764 2056 1894 2112 ergo
1923 2057 2042 2096 am-

469 2133 623 2188 bitus
651 2133 934 2204 sexaginta
955 2135 1230 2204 scrupulis
1263 2141 1500 2190 constat.
1532 2133 1882 2206 Sexagesimo
1927 2133 2046 2190 cui-

476 2239 582 2294 que
607 2225 864 2294 scrupulo
894 2224 1194 2279 stadiorum
1211 2223 1378 2290 4,200
1403 2233 1738 2294 competunt.
1763 2224 2043 2297 Colligun-

476 2323 570 2370 tur
588 2313 885 2371 stadiorum
918 2315 972 2370 in
997 2321 1112 2371 tota
1151 2323 1294 2371 terra
1315 2313 1573 2380 250,000.

767 2427 845 2484 De
884 2429 949 2482 iis
994 2444 1109 2498 quae
1147 2429 1201 2483 in
1231 2429 1448 2484 sublimi
1479 2437 1786 2487 cernuntur.

553 2538 642 2596 Ill.
683 2539 762 2594 Ex
801 2540 958 2610 aquis
1002 2555 1124 2611 qure
1177 2540 1234 2596 in
1268 2548 1416 2595 terra
1465 2549 1614 2606 sunt,
1669 2539 2046 2598 exhalationes

479 2631 612 2686 oriri
664 2631 922 2685 dicuntur
956 2649 971 2686 :
1011 2645 1245 2701 quarum
1287 2631 1456 2686 altera
1495 2638 1580 2687 est
1608 2631 1832 2686 humida
1863 2641 1918 2687 et
1949 2649 2047 2689 va-

481 2723 644 2794 pida;
682 2723 852 2778 altera
893 2723 1042 2779 sicca
1077 2731 1130 2778 et
1168 2721 1396 2778 fumida.
1447 2721 1608 2778 Prior
1665 2723 1952 2780 abundans
1995 2731 2050 2780 ct

483 2827 698 2882 coacta,
743 2816 956 2872 nubes:
989 2823 1216 2883 mutata,
1273 2815 1490 2886 pluvias
1521 2823 1576 2870 et
1609 2815 1814 2872 imbres
1865 2815 2048 2886 ellicit,

482 2923 548 2964 ac
591 2915 802 2970 ventos,
857 2907 950 2978 qui
983 2917 1180 2962 natura
1217 2923 1316 2964 sua
1367 2908 1606 2964 indidem
1645 2909 1921 2964 oriuntur.
1955 2909 2052 2964 Est

482 3007 660 3052 autem
694 2997 890 3052 nebula
923 2997 1096 3053 nubes
1141 3012 1406 3068 aquarum
1437 2998 1668 3064 sterilis,
1707 2998 1824 3054 sive
1850 2999 2050 3068 vapida

481 3089 774 3142 exhalatio.
807 3087 1024 3156 Caligo,
1071 3097 1188 3144 atra
1236 3089 1409 3145 nubes
1437 3099 1492 3146 et
1541 3091 1722 3160 plena.
1771 3089 2051 3147 Serenitas

482 3197 576 3236 aer
614 3181 834 3236 innubis
889 3191 944 3236 et
987 3181 1251 3252 liquidus.
1309 3181 1654 3246 Obscuritas,
1688 3181 1834 3238 aeris
1864 3181 2050 3238 densi-

413 3339 422 3348 .
479 3279 568 3328 tas
592 3273 974 3342 incomposita.
1006 3273 1216 3344 Κνηκίς
1247 3281 1334 3328 est
1365 3274 1540 3328 nubes
1573 3273 1920 3338 tenuissima,
1949 3273 2052 3326 hu-
2078 3313 2122 3373 ϐ

481 3379 634 3420 more
689 3379 884 3420 vacua.
915 3364 1026 3420 Bos
1077 3375 1168 3421 est
1226 3366 1424 3420 humor
1463 3365 1676 3435 puriori
1707 3365 1950 3434 allapsus
1981 3381 2048 3420 ex

479 3454 700 3517 aethere,
745 3469 812 3508 ex
861 3456 1010 3510 tenui
1049 3455 1280 3510 materia
1313 3457 1650 3512 consistens.
1695 3455 1854 3510 Stilla
1911 3471 2052 3525 aqua

479 3553 566 3601 est
599 3547 910 3602 minutatim
945 3548 998 3602 in
1025 3555 1204 3604 terras
1241 3549 1511 3604 irrorans.
1555 3547 1748 3602 Pluvia
1779 3555 1866 3604 est
1899 3549 2052 3604 stilla

481 3637 723 3702 densior,
754 3646 808 3693 et
832 3639 1000 3709 jugis.
1035 3638 1234 3706 Imber,
1266 3641 1476 3712 exiguae
1504 3641 1858 3696 collectiones
1881 3653 2056 3710 aqua-

485 3745 604 3782 rum
625 3746 658 3785 e
679 3731 824 3786 nube
855 3733 1158 3787 mutatione
1189 3733 1366 3787 factas.
1399 3733 1616 3788 Glacies
1641 3743 1722 3788 est
1751 3747 1892 3801 aqua
1921 3747 2054 3786 con-

483 3825 656 3872 creta.
679 3818 904 3882 Pruina,
924 3835 1020 3875 ros
1039 3837 1146 3876 non
1173 3823 1390 3892 penitus
1417 3832 1756 3892 compactus.
1781 3821 1906 3883 Nix,
1931 3821 2054 3890 plu-

485 3908 696 3962 viarum
725 3911 870 3964 stilla
903 3911 958 3964 in
993 3913 1140 3968 nube
1169 3923 1448 3968 concreta.
1497 3915 1678 3981 Νιφάς
1707 3923 1792 3968 εει
1829 3914 1924 3968 nix
1965 3921 2050 3970 te-

484 4003 666 4058 nuiter
689 4004 909 4060 cadens.
944 4003 1184 4072 Grando,
1213 4005 1385 4062 imber
1413 4015 1498 4062 est
1529 4013 1840 4062 concretus.

559 4178 717 4234 Sicca
739 4187 919 4234 autem
949 4181 1224 4234 exhalatio
1256 4197 1378 4236 cum
1417 4197 1447 4235 a
1479 4179 1680 4252 frigore
1705 4183 2050 4253 propellitur,

485 4281 678 4327 ventos
707 4271 890 4326 ellicit.
937 4271 1188 4327 lncidens
1227 4273 1416 4328 eadem
1455 4281 1510 4326 et
1559 4273 1890 4330 inﬂammata
1943 4275 2051 4329 ful-

485 4364 632 4418 mina
671 4363 873 4434 gignit;
920 4365 1140 4434 quando
1171 4363 1460 4418 confertim
1493 4365 1751 4434 erumpit,
1805 4365 2052 4420 nondum

485 4471 715 4512 accensa
765 4457 1018 4526 penitus,
1057 4457 1305 4512 turbines
1353 4457 1560 4526 igneos.
1623 4463 1678 4510 at
1707 4457 1860 4512 nullo
1889 4457 2053 4512 modo

485 4563 770 4610 succensa,
799 4548 1085 4618 typhones.
1115 4548 1250 4602 Cum
1285 4559 1368 4604 est
1398 4549 1650 4612 solutior,
1674 4549 1946 4618 ecnephias
1971 4549 2052 4603 fa-

1481 453 1572 508 ΑΙ)
1613 455 1878 511 EUSEBII
1915 445 2306 509 CHRONICON
2347 443 2706 500 APPENDIX.

3563 435 3708 492 HM

2213 569 2367 636 Ἔχει
2421 565 2478 618 δὲ
2513 561 2700 628 ζώνας,
2732 567 2772 614 ε’
2793 577 2806 591 ·
2855 557 3063 631 βόρειόν
3105 573 3166 610 τε
3217 555 3346 626 ὅλην
3397 553 3706 626 μετέωρον,

2143 659 2426 730 ἀοίκητον,
2493 652 2940 723 κατεψυγμένην·
2989 648 3198 720 Κρόνου
3219 687 3234 712 ,
3283 645 3499 718 θερινὴν
3545 646 3710 699 πλέον

2141 750 2370 822 ἔχουσαν
2389 749 2449 802 τὸ
2481 748 2624 818 ὑπὲρ
2653 747 2776 817 γῆν,
2805 739 2971 816 ἧσσον
2993 742 3052 795 δὲ
3077 740 3140 794 τὸ
3167 739 3272 792 ὑπὸ
3295 739 3420 808 γῆν,
3445 737 3710 792 κυκλόθεν

2135 839 2448 910 οἱκησίμην,
2479 835 2759 908 εὔκρατον,
2787 833 2934 897 Διός·
2963 830 3304 903 ἰσημερινὴν,
3339 829 3452 881 ἴσον
3479 829 3712 898 ἔχουσαν

2137 933 2199 985 τὸ
2233 931 2336 985 ὑπὸ
2374 931 2500 1000 γῆν,
2531 930 2646 982 ῐσον
2697 927 2752 980 δὲ
2779 927 2842 979 τὸ
2879 925 3018 995 ὑπὲρ
3067 921 3204 992 γῆν,
3237 917 3668 990 διακεκαυμένην
3688 959 3706 982 ,

2141 1021 2374 1092 ’Ἄρεως
2399 1017 2732 1092 χειμερινὴν,
2751 1017 2910 1069 πλέον
2931 1015 3157 1084 ἔχουσαν
3179 1011 3240 1064 τδ
3263 1009 3368 1064 ὑπὸ
3387 1011 3514 1079 γῆν,
3539 1003 3712 1080 ἧσσον

2137 1111 2194 1164 δὲ
2231 1112 2293 1164 τὸ
2345 1111 2486 1184 ὑπὲρ
2535 1109 2675 1179 γῆν,
2729 1105 2990 1161 κυκλόθεν
3031 1101 3374 1174 ᾠκισμένην*
3406 1099 3708 1170 εὔκρατον,

2153 1201 2490 1272 Ἀφροδίτης’
2521 1201 2712 1264 νότιον,
2743 1197 2945 1268 ἀφανῆ,
2971 1191 3408 1264 κατεψυγμένην,
3431 1189 3708 1260 ἀοίκητον,

2151 1291 2377 1363 Ἑρμοῦ.

2226 1591 2290 1645 Ἡ
2321 1591 2417 1662 μὲν
2451 1585 2543 1645 οὗν
2579 1587 2814 1662 ἀρκτικὴ
2841 1585 2984 1658 ζώνη
3033 1585 3145 1658 ἔχει
3185 1582 3450 1654 ἑξηκοπά
3481 1581 3554 1648 ς’,
3583 1585 3616 1654 ἡ
3651 1581 3714 1636 δὲ

2145 1681 2432 1754 ἰσημερινὴ
2460 1687 2530 1753 η’,
2555 1679 2615 1746 ἐξ
2651 1680 2910 1752 ἐκατέρου
2939 1678 3102 1750 μέρος
3143 1677 3236 1730 τοῦ
3269 1675 3580 1748 ίσημερινοῦ
3617 1675 3715 1746 μέ-

2145 1791 2274 1846 ρους
2301 1774 2580 1827 τεθεικότα
2598 1789 2612 1806 ο
2643 1765 2798 1836 οὗτος
2823 1771 2930 1842 γᾶρ
2959 1769 3130 1840 μέσην
3169 1767 3336 1838 αὐτὴν
3357 1769 3542 1838 τέμνει
3569 1765 3716 1818 κατά

2144 1865 2242 1936 τὴν
2303 1865 2432 1935 ὅλην
2480 1866 2750 1936 σφαῖραν·
2809 1865 2842 1934 ἡ
2889 1861 2946 1915 δὲ
2993 1859 3180 1932 θερινὴ
3233 1857 3499 1930 ἑξηκοστά
3551 1855 3624 1910 δ”
3675 1859 3714 1929 ⁸3

2145 1955 2476 2028 ἀνταρκτικὴ
2499 1953 2764 2026 ἑξηκοστά
2795 1961 2868 2018 ς’·
2885 1953 3028 2006 ὥστε
3056 1947 3194 2006 εἶναι
3209 1951 3308 2022 τῆς
3325 1951 3427 2021 γῆς
3444 1951 3540 2020 τὴν
3559 1967 3622 2002 πε
3631 1949 3716 2020 ρί-

2143 2065 2287 2118 γειον
2309 2051 2330 2080 ⁵
2350 2047 2654 2119 έξηκοστῶν
2676 2047 2718 2100 λ’
2741 2063 2754 2076 ·
2772 2045 2972 2115 ὁμοίως
2999 2043 3056 2098 δὲ
3082 2045 3174 2097 καὶ
3199 2045 3261 2096 τὸ
3281 2043 3384 2095 ὑπὸ
3408 2041 3508 2112 γῆν
3525 2041 3718 2111 ἐξηκο-

2145 2138 2282 2192 στῶν
2307 2139 2350 2191 λ’
2371 2156 2385 2170 ’
2416 2137 2661 2208 γίνεσθαι
2689 2133 2780 2190 οὖν
2795 2135 2922 2207 ὃλην
2946 2136 3043 2206 τὴν
3072 2133 3176 2203 γῆν
3197 2131 3498 2202 ὲξηκοστῶν
3524 2129 3583 2194 ξ’.
3615 2129 3720 2182 A6—

2143 2247 2299 2284 ναται
2320 2231 2376 2284 δὲ
2399 2229 2540 2300 ἔχειν
2569 2227 2630 2282 τὸ
2645 2227 2933 2298 ἑξηκοστὸν
2965 2225 3208 2288 σταδίους
3233 2224 3320 2287 ,δσ’
3341 2241 3354 2252 ·
3387 2221 3716 2289 συνάγεσθαι

2144 2318 2236 2376 οὖν
2255 2321 2347 2377 ἐπὶ
2368 2321 2429 2374 τὸ
2458 2320 2588 2374 αὐτὸ
2608 2323 2662 2375 αἱ
2685 2321 2780 2392 τῆς
2809 2319 2934 2390 ὅλης
2965 2315 3190 2371 σταδίων
3220 2315 3326 2388 μοί.
3353 2315 3374 2347 ⁸
3398 2321 3444 2368 κ’
3469 2315 3563 2367 καὶ
3587 2321 3647 2367 ε’.

2667 2429 2808 2498 Περὶ
2837 2427 3196 2498 μεταρσίων.

2217 2546 2292 2600 Γ’.
2321 2545 2563 2600 Γίνονται
2593 2539 2706 2608 οὖν,
2737 2543 2920 2614 φησὶν,
2948 2539 3340 2610 ἀναθυμιάσεις
3367 2539 3431 2592 ὲκ
3457 2537 3562 2590 τῶν
3593 2537 3722 2590 ὐδά-

2145 2654 2254 2692 των
2283 2638 2382 2708 τῆς
2423 2637 2550 2706 γῆς,
2579 2637 2613 2706 ἡ
2655 2635 2752 2706 μὲν
2789 2633 2932 2704 ὑγρά
2977 2633 3072 2686 καὶ
3119 2629 3392 2700 ἀτμώδης,
3423 2630 3456 2698 ἡ
3491 2629 3546 2682 δὲ
3579 2628 3722 2698 ξηρά

2147 2728 2242 2781 καὶ
2275 2725 2584 2795 καπνώδης.
2627 2725 2736 2777 Καὶ
2777 2725 2812 2795 ἠ
2863 2720 3232 2784 πλεονάζουσα
3261 2719 3406 2790 ὑγρά
3447 2718 3542 2770 καὶ
3589 2735 3720 2770 συν-

2151 2816 2410 2886 ισταμένη
2443 2815 2580 2884 νέφη
2633 2815 2807 2876 ποιεῖ,
2863 2813 2958 2866 καὶ
3005 2810 3144 2866 κατὰ
3189 2808 3488 2881 μεταϐολὴν
3533 2809 3724 2871 ὑετοὺς

2149 2907 2245 2960 καὶ
2269 2905 2528 2977 ὗμόρους,
2565 2904 2659 2956 καὶ
2689 2903 2994 2974 πνεύματα,
3025 2903 3124 2956 ὅσα
3151 2905 3216 2956 ὲκ
3249 2901 3454 2956 τούτων
3486 2899 3718 2968 γίνεται.

2153 2997 2310 3049 Ἔστι
2354 2995 2412 3048 δὲ
2453 2993 2652 3066 ὁμίχλη
2685 2994 2844 3062 νέφος
2883 2993 3074 3060 ἄγονον
3125 2990 3312 3054 ὓδατος
3331 3031 3344 3054 ,
3396 2989 3428 3060 ἢ
3463 2987 3724 3058 ἀτμὼδης

2150 3087 2533 3159 ἀναθυμίασις.
2575 3086 2748 3155 Ζόφος
2776 3085 2834 3138 δὲ
2871 3086 3030 3154 νέφος
3069 3083 3232 3154 μέλαν
3280 3099 3340 3136 τε
3379 3083 3474 3135 καὶ⁵
3511 3080 3724 3151 πεπλη-

2155 3179 2415 3254 ρωμένον.
2467 3175 2663 3248 Δίθρία
2699 3175 2758 3228 δὲ
2807 3175 2916 3246 ἀὴρ
2959 3173 3214 3244 ἀνέφελος
3266 3173 3360 3226 καὶ
3407 3171 3720 3241 ἀνόμιχλος.

2165 3273 2358 3344 Ἀχλὺς
2387 3271 2444 3324 δὲ
2471 3269 2644 3339 πάχος
2675 3267 2836 3338 ἀέρος
2863 3265 3182 3320 ἀσύστατον.
3213 3265 3417 3334 Κνηκὶς
3441 3264 3498 3316 δὲ
3523 3263 3720 3333 νεφέλη

2153 3360 2476 3430 λεπτοτάτη,
2511 3357 2642 3429 κενὴ
2675 3357 2882 3421 ὓδατος.
2913 3355 3110 3428 Δρόσος
3133 3355 3190 3408 δὲ
3223 3354 3388 3426 ὑγρὸν
3419 3353 3478 3419 ὲε
3507 3353 3726 3424 αἰθέρος

2153 3451 2365 3523 αἰθρίου
2421 3449 2564 3504 κατὰ
2620 3449 2877 3502 σύστασιν
2925 3446 3148 3518 λεπτήν.
3211 3444 3410 3508 Ψακὰς
3459 3445 3516 3498 δὲ
3575 3445 3724 3516 ὕδωρ

2153 3539 2364 3604 λεπτῶς
2407 3539 2814 3608 διεστιασμένον
2859 3553 2920 3588 τε
2975 3536 3066 3588 ἐπὶ
3103 3537 3202 3606 τῆς
3249 3533 3372 3604 γῆς.
3429 3533 3612 3596 Ὗετὺς
3663 3533 3726 3586 δὲ

2101 3633 2106 3636 ’
2153 3632 2334 3702 ψακὰς
2357 3629 2496 3702 ἀδρά
2523 3629 2618 3682 καὶ
2663 3628 2911 3698 συνεχής.
2941 3625 3185 3698 Ὄμϐρος
3213 3625 3268 3678 δὲ
3307 3625 3478 3695 μικρὰ
3519 3625 3724 3694 συστή-

2157 3741 2304 3795 ματα
2333 3721 2524 3784 ὓδατος
2563 3721 2630 3774 ὲκ
2657 3720 2850 3786 νέφους
2893 3717 3034 3770 κατά
3079 3717 3406 3788 μεταϐολήν.
3451 3717 3632 3783 Πάγος
3664 3715 3724 3768 δέ

2153 3815 2303 3868 ἐστιν
2333 3813 2478 3883 ὕδωρ
2529 3810 2796 3880 πεπηγός.
2835 3810 3020 3882 Πὰχνη
3069 3809 3124 3864 δὲ
3177 3809 3464 3880 ἡμιπαγὴς
3509 3808 3722 3878 δρόσος.

2153 3905 2300 3960 Χιὼν
2333 3905 2390 3958 δὲ
2419 3903 2590 3956 ὑετῶν
2630 3901 2810 3972 ψακάς
2839 3903 2898 3954 έν
2931 3902 3083 3970 νέφει
3119 3901 3410 3969 πεπηγότι.
3447 3899 3626 3967 Νιφὰς
3665 3899 3728 3952 δέ

2153 3999 2270 4050 ἐστι
2299 3995 2434 4067 χιὼν
2463 3995 2736 4048 πίπτουσα
2759 3993 2990 4057 λεπτῶς.
3013 3993 3236 4058 Χάλαζα
3257 3993 3314 4046 δέ
3341 3995 3488 4046 ἐστιν
3519 3991 3726 4062 ὄμϐρος

2155 4088 2440 4160 πεπηγὼς.

2233 4184 2299 4236 Ἦ
2329 4183 2386 4234 δὲ
2419 4178 2560 4252 ξηρὰ
2579 4179 2940 4249 ἀναθυμίασις
2963 4179 3028 4230 ὲκ
3047 4177 3140 4230 τοῦ
3164 4177 3270 4230 ὑπὸ
3281 4175 3485 4246 ψύχους
3505 4175 3526 4206 ⁸
3551 4173 3728 4244 μενῶ-

2156 4275 2301 4338 σθεις
2327 4273 2560 4345 ἀνέμους
2591 4274 2836 4343 ὲμποιεῖ³
2869 4270 3218 4341 ἐμπίπτουσα
3245 4268 3302 4322 δὲ
3337 4267 3434 4320 καὶ
3461 4267 3726 4336 διάπυρος

2153 4366 2436 4438 γινομένη,
2471 4364 2800 4436 κεραυνούς·
2833 4362 3004 4432 ἀθρόα
3033 4361 3089 4414 δὲ
3129 4359 3426 4431 φερομένη,
3452 4357 3728 4428 ἡμίπυρος

2153 4458 2306 4528 οὖσα,
2337 4463 2686 4536 πρηστῆρας·
2725 4461 2800 4532 μὴ
2821 4457 3191 4530 πεπυρωμένη
3217 4455 3274 4508 δέ
3303 4471 3418 4516 πως
3441 4451 3722 4521 τυφῶνας·

2155 4557 2412 4628 ἀνειμένη
2447 4557 2504 4610 δὲ
2535 4557 2568 4626 ὴ
2593 4555 2730 4624 αὐτὴ
2759 4553 3012 4620 ἐκνεφίας
3049 4552 3210 4604 ποιεῖ.
3236 4547 3514 4617 Κεραυνὸς
3547 4544 3602 4596 δὲ
3629 4543 3726 4596 καὶ

483 4638 578 4691 cit.
603 4637 870 4692 Caeterum
905 4637 1131 4704 fulmen,
1159 4647 1388 4707 prester,
1411 4647 1466 4694 et
1495 4641 1698 4710 typhon
1727 4639 2050 4694 incumbens

2158 4649 2434 4720 πρηστὴρ,
2456 4648 2550 4702 καλ¹
2571 4647 2754 4715 τυφὼς
2783 4642 3140 4712 κατασκήψας
3167 4643 3196 4694 ό
3219 4638 3458 4708 σκηπτὸς
3483 4637 3721 4702 λέγεται.

485 4729 726 4798 σκηπτὸς
773 4729 994 4784 dicitur.
1053 4729 1178 4784 Haec
1227 4731 1417 4800 paucis
1471 4747 1534 4786 ac
1563 4729 1887 4800 compendio
1927 4745 2052 4798 per—

487 4823 778 4878 strinxisse
842 4821 1139 4884 sull'iciatf
1165 4821 1321 4876 Nunc
1389 4823 1458 4876 ad
1523 4823 1808 4892 sequentia
1861 4835 2051 4892 perge-

485 4931 626 4970 "HIS.

1083 5022 1161 5077 De
1199 5023 1414 5079 mundo.

555 5137 641 5194 IV.
679 5137 912 5194 Mundus
937 5147 1018 5203 est
1041 5155 1329 5209 compages
1349 5155 1416 5194 ex
1443 5137 1582 5194 cmlo
1605 5145 1872 5207 terraque,
1897 5147 1950 5192 ct
1983 5138 2049 5192 iis

487 5233 698 5284 naturis
729 5239 1124 5301 coagmentata,
1153 5247 1272 5301 quae
1299 5239 1530 5300 utroque
1559 5231 2050 5286 continentur.Cm—

489 5325 595 5376 lum
637 5322 798 5376 estid
826 5322 970 5392 quod
1005 5322 1188 5376 omnia
1221 5337 1340 5389 quae
1375 5331 1522 5386 sunt,
1559 5331 1752 5392 praeter
1785 5321 2046 5390 seipsum,

486 5415 884 5484 complectitur.
923 5413 1116 5470 ᾹΞῑΙιει·
1147 5421 1230 5470 est
1261 5415 1576 5470 tenuissima
1609 5415 1926 5470 substantiae
1951 5415 2054 5470 dif-

491 5497 650 5570 fusio,
705 5515 898 5578 suapte
949 5515 1150 5562 natura
1191 5507 1366 5561 calida
1396 5515 1450 5562 et
1495 5507 1814 5576 splendida;
1851 5521 1914 5560 ac
1937 5507 2052 5578 pri-

491 5598 722 5666 migenia
755 5605 864 5660 lux,
895 5615 1072 5668 neque
1115 5600 1182 5652 ab
1227 5599 1396 5652 altera
1424 5599 1766 5668 participata.
1821 5599 1928 5651 Aer
1969 5607 2054 5652 est

491 5689 794 5742 substantia
821 5689 954 5744 levis
978 5700 1029 5744 et
1061 5691 1380 5760 caliginosa,
1425 5705 1544 5759 qua:
1591 5690 2050 5744 couununicatum

563 5843 638 5908 ιῙ
681 5841 986 5908 ιῦττέργειον.
1077 5845 1096 5874 ⁵
1126 5844 1165 5905 Ιῖ.
1205 5843 1476 5914 μυριάδες.

2159 4737 2405 4792 Τοσαῦτα
2459 4737 2558 4808 μὲν
2595 4735 2814 4806 ἀρκέσει
2859 4735 2934 4795 ὡς
2977 4733 3036 4786 ἐν
3075 4731 3309 4799 ἐπιτομῇ
3355 4723 3726 4796 περὶτούτων

2163 4830 2446 4904 εἰρῆσθαι·
2477 4828 2606 4898 ἑξῆς
2637 4827 2692 4882 δὲ
2722 4827 2790 4881 τὰ
2821 4823 3089 4880 ἀκόλουθα
3113 4821 3318 4876 τούτων
3345 4819 3594 4890 ἐροῦμεν.

2723 5023 2861 5091 Περὶ
2907 5024 3159 5092 κόσμου.

2227 5145 2299 5196 Δ’.
2337 5143 2556 5213 Κόσμος
2597 5140 2714 5193 ἐστὶ
2754 5140 3004 5210 σύστημα
3053 5133 3281 5206 οὐρανοῦ
3325 5133 3417 5186 καὶ
3469 5131 3593 5200 γῆς,
3632 5129 3724 5182 καί

2155 5237 2264 5290 τῶν
2317 5237 2374 5288 ὲν
2415 5235 2624 5297 τούτοις
2676 5233 2909 5303 φύσεων.
2961 5229 3200 5301 Οὐρανὸς
3248 5227 3304 5281 δὲ
3353 5227 3414 5278 τὸ
3473 5225 3724 5294 περιέχον

2157 5328 2335 5381 πάντα
2367 5325 2436 5380 τὰ
2459 5325 2607 5388 ὄντα,
2643 5323 2780 5393 πλὴν
2825 5319 3010 5374 αὑτοῦ.
3043 5319 3216 5388 Αἰθὴρ
3243 5317 3299 5370 δὲ
3348 5313 3534 5378 οὐσίας
3571 5312 3724 5382 χύμα

2153 5417 2214 5472 τὸ
2242 5417 2588 5478 λεπτότατον,
2621 5413 2821 5486 θερμὸν
2848 5413 3006 5482 φύσει
3037 5411 3129 5464 καὶ
3159 5407 3442 5478 λαμπρόν·
3473 5405 3536 5457 τὸ
3570 5402 3708 5477 πρῶ-

2154 5523 2246 5560 τον
2285 5507 2418 5574 φῶς,
2465 5507 2560 5558 καὶ
2615 5505 2687 5574 μὴ
2733 5501 2873 5556 κατά
2911 5501 3140 5571 μετοχὴν
3189 5497 3374 5569 ἑτέρου
3415 5493 3722 5564 γινόμενον.

2167 5594 2298 5665 ’Λὴρ
2327 5595 2384 5647 δὲ
2410 5593 2564 5646 οὐσία
2591 5591 2790 5660 κούφη,
2823 5589 3045 5660 ζοφερὰ,
3077 5587 3216 5640 κατὰ
3241 5585 3469 5656 μετοχὴν
3493 5583 3548 5636 δὲ
3579 5581 3728 5649 γινό-

2160 5687 2372 5757 μενοντ.
2407 5685 2476 5750 ¹Ἦ
2532 5685 2592 5736 δὲ
2636 5683 2813 5754 θερμὴ
2859 5683 2954 5734 καὶ
2984 5679 3217 5750 φωτεινὴ
3247 5677 3382 5732 θεῶν
3425 5677 3484 5740 ἐξ
3511 5673 3727 5744 αἰθέρος

1570 5844 1589 5874 ⁸
1613 5843 1764 5912 [μὲν
1788 5842 2040 5898 ὼσθεῖσα.
2107 5845 2141 5918 _"
2171 5841 2272 5895 Hic
2303 5841 2444 5896 Iocus
2474 5839 2788 5908 drprarams
2817 5849 2864 5892 et
2895 5840 3128 5892 mutilus.
