4106 6460
426 449 565 504 1145

429 663 618 716 στάσιν
653 661 794 730 ἕχον.
847 660 959 714 ἀλλ’
1008 661 1096 713 ἀεὶ
1148 662 1422 732 φερομένη
1459 659 1662 730 κύκλῳ.
1697 660 1902 722 Πόλοςδ
1935 661 1994 712 δὲ

426 753 714 808 καλοῦνται
737 753 786 803 οἱ
815 751 954 804 κατὰ
982 753 1226 823 κορυφὴν
1249 752 1404 804 τόποι
1429 751 1530 821 τῆς
1559 751 1792 821 σφαίρας
1813 768 1825 780 ·
1854 751 1995 816 ἄξων

424 845 482 898 δὲ
514 845 574 897 τὸ
625 843 710 896 διὰ
742 843 903 912 μέσον
938 844 1037 912 τῆς
1086 843 1319 914 σφαίρας
1361 843 1542 913 διῆκον
1571 841 1820 912 πνεῦμα·
1857 843 1994 914 ὅπερ

425 938 573 990 ἐστὶν
605 936 788 989 εὐθεῖὰ
811 953 914 998 τις.
941 935 1144 989 Κύκλοι
1166 936 1223 988 δὲ
1252 935 1500 1003 λέγονται
1529 935 1588 987 ὲν
1619 932 1699 1004 τῷ
1741 935 1956 1006 οὐρανῷ
1975 952 1990 966 ·

427 1028 593 1092 ζῶναι
619 1029 676 1082 δὲ
698 1028 790 1081 ἐπὶ
819 1028 917 1098 τῆς
945 1027 1046 1097 γῆς
1069 1044 1083 1058 ·
1117 1026 1362 1098 κόλουροι
1393 1027 1449 1079 δέ
1471 1028 1609 1079 εἰσιν
1638 1031 1711 1091 ς’.

419 1338 426 1348 -
495 1299 651 1360 Οὗτοι
683 1307 739 1360 δὲ
766 1308 814 1360 οἱ
842 1306 1156 1375 ἁναγκαῖοι’·
1177 1309 1206 1360 6
1229 1306 1620 1378 μεσημϐρινὸς,
1647 1305 1742 1359 κα)⁸
1775 1305 1804 1358 6
1831 1302 1926 1358 τοῦ
1948 1303 1995 1336 ⁸·

429 1399 589 1469 μέσον
633 1397 866 1468 τέμνων.
917 1398 1116 1469 Νοητοὶ
1157 1399 1254 1469 μὲν
1303 1395 1396 1452 οὖν
1422 1394 1602 1452 οὗτοι·
1652 1396 1907 1466 αἰσθητὸς
1937 1395 1994 1449 δὲ

425 1493 452 1542 6
480 1490 761 1559 γαλαξίας.
802 1490 860 1542 ’0
891 1490 1104 1560 τέμνων
1131 1491 1225 1544 καὶ
1254 1491 1450 1562 ὁρίζων
1481 1489 1648 1543 ἐστίν,
1690 1487 1917 1560 Ὀρίζων
1937 1488 1995 1541 δὲ

424 1581 639 1648 λέγεται
672 1583 700 1634 ὁ
723 1580 928 1644 διιστὰς
948 1580 1058 1634 τῶν
1083 1581 1376 1652 ὁρωμένων
1414 1580 1483 1633 τὰ
1515 1579 1589 1650 μὴ
1614 1577 1864 1650 ὁρώμενα
1894 1575 1994 1647 τῆς

425 1672 662 1742 σφαίρας
681 1689 696 1704 ο
731 1673 825 1725 καὶ
857 1671 970 1726 ἐστι
991 1689 1098 1725 των
1134 1671 1424 1741 μεγίστων.
1453 1671 1655 1740 Τέμνει
1687 1669 1744 1722 δὲ
1770 1669 1862 1722 τὸν
1889 1667 1995 1731 ζω-

423 1761 630 1823 διακὸν,
663 1762 756 1814 καὶ
785 1761 1038 1830 τέμνεται
1071 1761 1162 1813 ὑπ’
1201 1756 1391 1820 αὑτοῦ.
1429 1759 1580 1812 ’Ὀλοι
1605 1758 1650 1810 δ’
1677 1757 1783 1810 εἰσὶ
1807 1756 1994 1810 κύκλοι

422 1848 499 1914 ἒξ,
529 1851 576 1903 οἱ
607 1851 891 1920 τράνοντες
918 1853 939 1884 ⁸
965 1851 1056 1902 καὶ
1086 1848 1408 1920 διορίζοντες
1436 1847 1506 1901 τὰ
1529 1845 1990 1918 δωδεκατημόρια.

1478 444 1755 502 INCERTI
1781 447 1870 502 AD
1909 449 2116 504 ARATI
2142 449 2614 511 ΡΗᾹΙΝΟΜΕΝΑ.

430 568 758 637 συνεστηκός
778 584 792 596 ·
826 566 883 630 ὃς
910 567 986 620 ὣν
1018 566 1272 638 λαμπρὸς
1308 569 1406 624 καὶ
1440 567 1713 638 πυρώδης,
1741 567 1994 621 οὐδέποτε

2097 571 2318 628 aliunde
2349 574 2584 630 calorem
2606 614 2622 639 ,
2667 589 2732 632 ac
2783 581 2966 637 lumen

3524 463 3662 522 1146

3089 621 3106 636 .
3156 595 3220 637 ex
3273 583 3470 639 aethere
3512 601 3662 642 com-

2096 671 2315 733 pactum
2351 685 2364 722 :
2399 667 2492 736 qui
2543 683 2667 722 cum
2707 671 3025 740 splendidus
3058 671 3354 745 igneusque
3385 677 3476 743 sit,
3510 680 3663 735 nullo

2095 761 2337 822 tempore
2361 757 2724 826 conquiescit,
2767 762 2860 816 sed
2891 763 2946 815 in
2970 763 3157 817 orbem
3179 773 3438 836 perpetuo
3474 785 3662 825 move-

2094 848 2206 896 tur.
2245 843 2408 900 Polos
2436 848 2716 917 appellant
2749 849 2868 904 loca
2900 852 3148 921 quaedam
3178 854 3233 908 in
3276 856 3500 925 sphaera
3542 876 3664 915 ver-

2093 933 2200 986 tice
2235 951 2248 986 :
2283 948 2436 990 axem
2479 952 2628 1003 vero,
2682 941 2936 1009 spiritum
2989 945 3085 1013 qui
3127 945 3397 1014 sphaeram
3428 950 3662 1006 mediam

2094 1027 2364 1095 pervadit,
2415 1029 2519 1085 hoc
2561 1039 2649 1087 est
2699 1033 2896 1089 lineam
2955 1036 3110 1108 155
3143 1048 3365 1093 rectam.
3413 1039 3663 1098 Circulos

2095 1118 2445 1177 nominamus
2476 1123 2534 1178 in
2581 1124 2723 1179 coelo
2755 1143 2770 1180 :
2819 1141 2988 1182 zonas
3017 1128 3073 1182 in
3098 1135 3263 1184 terra.
3318 1129 3505 1187 Coluri
3535 1140 3664 1188 sunt

2094 1221 2214 1263 881.

2167 1299 2275 1356 Sed
2307 1301 2362 1357 hi
2393 1312 2521 1359 sunt
2569 1308 2806 1363 maxime
2831 1309 3131 1364 necessarii
3164 1329 3176 1365 :
3211 1311 3576 1379 meridianus;
3609 1321 3665 1369 et

2103 1392 2200 1463 qui
2235 1394 2472 1450 medium
2509 1407 2678 1452 secat.
2715 1399 2895 1470 Atque
2940 1402 2996 1456 hi
3044 1402 3263 1472 quidem
3305 1403 3663 1475 intelligentia

2097 1486 2236 1547 sola,
2293 1502 2402 1541 non
2458 1488 2640 1559 reipsa
2689 1494 3015 1547 consistunt.
3043 1498 3114 1548 At
3159 1494 3366 1550 lacteus
3419 1495 3662 1552 circulus

2096 1588 2262 1629 sensu
2326 1591 2543 1646 quoque
2601 1580 2920 1649 percipitur.
2965 1580 3135 1636 Porro
3190 1598 3349 1652 quem
3398 1584 3663 1638 circulum

2105 1681 2296 1722 secare
2321 1669 2559 1723 medium
2597 1670 2855 1736 diximus,
2897 1671 3038 1728 idem
3087 1681 3140 1728 et
3172 1667 3396 1729 horizOn
3441 1673 3660 1729 dicitur.

2096 1755 2450 1814 Horizontem
2474 1776 2752 1823 vocamus.
2784 1764 2876 1833 qui
2909 1764 3136 1834 sphaerae
3163 1774 3346 1834 partes
3384 1781 3500 1830 eas,
3542 1782 3665 1837 quae

2095 1847 2366 1914 videntur,
2416 1859 2632 1920 separat
2677 1853 2745 1907 ab
2801 1853 2870 1909 iis
2923 1869 3043 1923 quae
3095 1856 3319 1911 minime
3366 1855 3660 1924 videntur;

420 1935 707 2004 Δωδεκατη
717 1937 911 2007 μόριον
945 1936 1002 1989 δέ
1033 1937 1178 1989 ἐστιν
1206 1936 1436 1989 ἕκαστον
1463 1934 1658 2007 τμῆμα
1685 1935 1795 1989 τῶν
1836 1937 1895 1989 ὲν
1921 1932 1997 2006 τῷ

2101 1939 2260 2009 isque
2292 1941 2435 1996 inter
2473 1943 2742 1998 maximos
2791 1955 3204 2012 annumeratur,
3237 1962 3432 2002 secans
3474 1948 3664 2001 zodia-

421 2022 688 2094 ζωδιακῷ.

2095 2045 2244 2095 cum,
2277 2040 2333 2086 et
2366 2032 2608 2089 vicissim
2651 2035 2721 2089 ab
2766 2051 2832 2090 eo
2863 2045 3067 2094 sectus.
3122 2037 3260 2093 Sunt
3311 2045 3492 2093 autem
3541 2037 3666 2092 uni-

420 2133 574 2172 verse
597 2119 784 2173 circnli
815 2134 932 2184 sex,
962 2120 1053 2189 qui
1085 2118 1524 2174 dodecatemoria
1552 2119 1896 2191 distinguunt
1934 2132 2001 2174 ac
2035 2120 2420 2182 determinant.
2462 2126 2960 2185 Dodecatemorium
2989 2139 3074 2187 est
3129 2140 3463 2203 segmentum
3489 2129 3666 2201 quod-

422 2209 552 2263 libet
580 2226 766 2264 eorum
798 2226 918 2280 quae
938 2220 1065 2266 sunt
1097 2211 1152 2264 in
1181 2209 1430 2264 zodiaco.

741 2322 803 2376 Τί
837 2321 1098 2391 διαφέρει
1143 2319 1371 2389 ἄστρον
1404 2321 1675 2389 ἀστέρος.

493 2435 567 2486 E'.
600 2434 854 2506 Διαφέρει
883 2435 940 2487 δὲ
975 2433 1175 2504 ἄστρον
1207 2433 1454 2505 ἀστέρος.
1488 2431 1560 2486 Τὸ
1593 2431 1691 2504 μὲν
1715 2445 1823 2502 γαρ
1849 2433 1998 2486 ἐστιν

2343 2323 2486 2390 Quid
2514 2327 2724 2380 intersit
2749 2336 2953 2380 astrum
2977 2327 3116 2380 inter
3137 2334 3187 2380 et
3214 2325 3442 2380 stellam.

2169 2430 2234 2487 ν.
2270 2430 2458 2488 Diﬂert
2475 2443 2680 2492 astrum
2710 2454 2739 2492 a
2765 2438 2939 2493 stella.
2973 2437 3067 2493 Est
3082 2439 3225 2494 enim
3245 2439 3373 2494 illud
3397 2441 3574 2512 imago
3600 2459 3666 2500 ex

419 2526 635 2579 εἴδωλον
680 2529 744 2579 ὲκ
790 2525 999 2580 πολλῶν
1045 2527 1287 2599 ἀστέρων
1333 2525 1798 2598 μεμορφωμένον·
1845 2524 1906 2578 τὸ
1940 2525 1997 2579 δὲ

2101 2523 2290 2579 multis
2320 2525 2494 2580 stellis
2518 2527 2784 2598 etligiata;
2817 2529 2931 2583 haac
2961 2544 3094 2584 vero
3124 2530 3377 2600 simplex,
3411 2540 3463 2586 et
3508 2534 3668 2588 unica

418 2617 558 2670 κατὰ
612 2618 739 2687 μίαν
785 2620 1004 2690 γραφὴν
1059 2617 1522 2689 περιοριζόμενον.
1577 2618 1803 2686 Φέρεται
1863 2616 1920 2670 δὲ
1971 2617 1997 2670 6

2109 2611 2476 2685 descriptione
2517 2624 2802 2674 constans.
2837 2616 3101 2672 Caeterum
3146 2619 3229 2673 sol
3281 2627 3471 2674 contra
3505 2629 3669 2691 atque

416 2710 565 2778 ἦλιος
590 2709 687 2780 τὴν
721 2709 966 2764 ἐναντίαν
1007 2709 1179 2780 φορὰν
1218 2708 1296 2780 τῷ
1339 2708 1550 2783 οὐρανῷ
1575 2725 1591 2740 ο
1633 2708 1774 2762 ὥστε
1806 2709 1997 2779 δισσὴν

2102 2706 2301 2760 caelum
2329 2709 2566 2777 agitatur
2590 2748 2606 2772 ,
2642 2709 2778 2764 adeo
2810 2715 2870 2762 ut
2901 2709 3170 2779 duplicem
3203 2717 3409 2763 motum
3440 2709 3665 2766 habeat:

417 2797 580 2850 αὑτοῦ
642 2799 854 2868 κίνησιν
908 2795 1085 2851 εἶναι·
1126 2799 1227 2868 τὴν
1285 2799 1382 2868 μὲν
1413 2799 1508 2852 σὺν
1533 2797 1610 2869 τῷ
1649 2798 1859 2868 κόσμῳ,
1903 2797 1997 2869 τὴν

2108 2796 2339 2850 alterum
2376 2813 2721 2854 communem
2765 2814 2888 2853 cum
2921 2799 3144 2863 mundo,
3181 2799 3507 2868 peculiarem
3535 2801 3672 2856 alte-

416 2889 472 2942 δὲ
506 2892 624 2942 κατ’
667 2888 801 2943 ίδίαν
829 2890 897 2942 ¹⁰.
948 2889 1102 2960 Ἔχει
1133 2889 1190 2941 δὲ
1215 2887 1308 2941 τοῦ
1340 2889 1439 2960 μὲν
1498 2889 1690 2959 Θέρους
1721 2890 1753 2959 ἡ
1798 2889 1997 2960 ἡμέρα1

2105 2903 2242 2942 rum.
2273 2888 2444 2945 Habet
2464 2898 2644 2946 autem
2677 2891 2898 2946 azstivus
2920 2890 3056 2954 dies,
3082 2889 3301 2961 quando
3328 2892 3410 2946 sol
3434 2893 3667 2958 obtinet,

417 2980 504 3034 ὅτε
532 2980 679 3032 ἐστὶν
719 2981 747 3032 6
774 2980 924 3049 ἥλιος
952 2981 1010 3032 ὲν
1048 2978 1330 3051 Καρκίνῳ,
1375 2979 1517 3032 κατὰ
1547 2979 1643 3051 τὴν
1680 2978 1931 3033 Ἐλλάδα·
1965 2982 1997 3050 ὴ

2099 2979 2158 3034 in
2201 2977 2431 3045 Graacia,
2639 2995 2746 3035 nox
2789 2994 2919 3034 vero
2951 2978 3087 3036 duas
3117 2980 3374 3050 quintas;
3405 2987 3459 3033 at
3491 2980 3670 3036 hieme

417 3071 475 3125 δὲ
509 3071 603 3136 νὺξ
631 3071 725 3124 καὶ
755 3071 847 3124 δύο
875 3070 1097 3143 πέμπτη
1130 3071 1266 3142 μόνα
1292 3071 1333 3102 ¹¹
1354 3087 1368 3100 ·
1412 3071 1504 3123 ἐπὶ
1545 3070 1605 3123 δὲ
1649 3068 1917 3140 χειμῶνος
1937 3069 1998 3124 τὸ

2101 3079 2293 3125 contra
2317 3086 2438 3127 sese
2475 3087 2564 3127 res
2605 3071 2786 3126 habet.
2821 3071 3012 3126 Sidera
3049 3072 3339 3142 ἀμφιφανη
3376 3079 3666 3136 vocantur,

420 3162 705 3215 ἀνάπαλιν.
739 3163 948 3232 ’Ἄστρα
993 3162 1280 3232 ἀμφιφανῆ
1324 3161 1407 3226 δὶς
1446 3162 1556 3233 γὰρ
1600 3163 1697 3233 τὴν
1735 3163 1777 3194 ¹³
1826 3162 1995 3234 αὐτὴν

2102 3179 2223 3234 qua:
2251 3163 2337 3218 bis
2367 3163 2559 3219 eadem
2588 3169 2750 3219 nocte
2792 3170 3112 3219 cernuntur.
3142 3160 3200 3217 In
3251 3162 3479 3216 australi
3529 3160 3669 3217 nihil

419 3253 607 3323 ὁρᾶται
632 3251 822 3306 νύκτα.
843 3253 930 3305 Ἐν
949 3251 1028 3323 τῷ
1061 3252 1216 3324 νοτίῳ
1244 3253 1342 3307 οὐκ
1358 3251 1501 3307 ἐστιν
1533 3252 1658 3307 ἰδεῖν
1670 3253 1993 3308 τιτοιοῦτον.

2103 3231 2326 3328 apparet
2349 3254 2644 3326 ejusmodi.

795 3460 982 3513 Πόσοι
1013 3462 1068 3514 οἱ
1095 3458 1317 3526 πάντες
1342 3457 1614 3528 ἀστέρες.

496 3573 585 3639 εἶ’.
602 3571 740 3636 Τοὺς
752 3571 958 3636 πάντας
978 3573 1210 3645 ἀστέρας
1231 3569 1672 3644 εἶναι”ἰππαρχός
1686 3589 1852 3643 φησιν
1867 3579 1992 3636 ,απ’·

416 3663 532 3716 ὅσοι
559 3657 650 3716 οὖν
679 3661 946 3734 πληροῦσι
978 3664 1048 3718 τὰ
1079 3666 1139 3718 ὲν
1175 3666 1290 3727 τοῖς
1329 3665 1673 3734 φαινομένοις
1717 3650 1994 3735 ὁρώμενα.

432 3755 719 3824 Ἀντίζυγα
745 3756 803 3809 δέ
835 3757 951 3809 ἐστι
978 3755 1146 3820 ζώδια
1167 3755 1293 3810 τάδε
1314 3776 1326 3787 ·
1369 3758 1557 3828 Κριὸς,
1599 3755 1777 3828 Χηλαί
1796 3773 1810 3788 ·
1851 3757 1896 3810 Τ
1899 3756 1997 3810 αῦ-

419 3865 533 3920 ρος,
575 3847 874 3918 Σκορπίος·
921 3848 1180 3918 Δίδυμοι,
1226 3847 1495 3919 Τοξότης·
1544 3849 1642 3902 καὶ
1682 3848 1996 3921 Αίγόκερως

417 3937 678 4008 Καρκίνῳ
699 3953 713 3968 ·
745 3936 934 3991 Λέοντι
975 3937 1257 4010 ’Υδροχόος
1279 3955 1293 3969 ·
1329 3938 1591 4010 Παρθένῳ
1631 3937 1854 4010 Ἰχθύες.

657 4070 789 4140 Περὶ
824 4069 946 4124 τῶν
972 4070 1082 4140 τῆς
1115 4069 1387 4140 σελήνης
1419 4069 1765 4142 σχημάτων.

489 4183 564 4235 Z'.
599 4181 721 4236 Τῶν
753 4183 814 4236 δὲ’
841 4183 1134 4254 σχημάτων
1156 4185 1254 4256 τῆς
1286 4183 1513 4256 σελήνης
1543 4184 1819 4254 φωτεινῶν
1861 4185 1997 4238 είσιν

422 4275 530 4328 οἵδε
558 4274 729 4347 [μέν.]
756 4275 1058 4347 Μηνοειδὴς
1091 4276 1186 4346 μὲν
1217 4271 1309 4329 οὖν
1334 4278 1502 4341 ἐστιν,
1529 4278 1656 4330 ὅταν
1687 4274 1792 4329 ὑπὸ
1818 4292 1998 4347 γραμ-

427 4368 543 4439 μῶν
589 4369 943 4441 περιφέρειαν
993 4369 1349 4441 περιέχηται·
1411 4368 1696 4440 διχότομος
1739 4366 1816 4432 δὲ,
1870 4368 1998 4421 ὅταν

419 4459 1995 4530 ἡμικύκλων..............

493 4551 764 4622 Διαφορὰς
801 4551 1091 4622 τέμνεσθαι
1123 4550 1221 4621 τῆς
1253 4551 1520 4622 σφαίρας·
1552 4549 1652 4620 τὴν
1691 4549 1748 4602 δὲ
1788 4549 1997 4620 παρὰλ-
2026 4581 2072 4637 D

422 4642 579 4713 ληλον
612 4643 705 4695 καὶ
735 4642 834 4714 τὴν
863 4642 1160 4712 λεγομένην
1193 4639 1353 4713 λοξήν
1373 4659 1388 4673 ο
1423 4642 1504 4695 ἔτι
1537 4641 1595 4694 δὲ
1621 4641 1719 4713 τὴν
1753 4638 1994 4712 ὁρθινήν.

425 4733 806 4805 Παραλλήλους
831 4734 957 4804 ,μὲν
1003 4736 1059 4786 ὲν
1105 4733 1183 4804 τῷ
1216 4733 1407 4804 κόσμῳ
1441 4731 1755 4802 συμϐέϐηκε
1794 4730 1995 4798 λέγειν,

423 4826 537 4878 ὅσοι
560 4824 650 4876 τὸν
678 4822 840 4878 αὐτὸν
863 4821 1042 4893 ἔχουσι
1073 4823 1234 4876 πόλον
1262 4824 1330 4894 τῇ
1364 4822 1501 4894 αὐτῇ
1539 4821 1744 4892 σφαίρᾳ
1763 4839 1776 4852 ·
1804 4820 1997 4892 ὀρθοὺς

423 4916 481 4968 δὲ
507 4914 694 4967 τούσδε
722 4916 846 4976 τοὺς
870 4914 978 4968 ἀπὸ
1015 4914 1121 4967 τῶν
1148 4914 1345 4969 πόλων.
1376 4914 1576 4979 Λοξοὺς
1599 4913 1654 4966 δὲ
1679 4905 1753 4966 ὦν
1785 4911 1854 4964 τὰ
1885 4911 2001 4963 ἐπί·-

427 5007 560 5059 ποδα
597 5006 900 5077 κέκρυπται
934 5007 976 5038 ¹³
1013 5006 1150 5078 πρὸς
1177 5007 1303 5070 τοὺς
1335 5006 1658 5076 λεγομένους
1684 5004 1876 5076 ὁρθοὺς
1902 5003 1996 5056 καὶ

423 5101 549 5163 τοὺς
580 5098 975 5173 παραλλήλους.
1016 5097 1284 5166 Ἀπείρως
1315 5097 1372 5151 δὲ
1401 5096 1732 5151 ἐπινοεῖσθαι
1757 5093 1996 5164 δυναμέ-

425 5208 530 5244 νων
579 5191 634 5243 ὲν
679 5191 826 5262 τρισὶ
870 5191 1154 5261 διαφοραῖς
1199 5187 1436 5251 κύκλων,
1470 5188 1690 5258 νοητέον
1733 5185 1838 5239 ὑπὸ
1887 5183 1995 5236 τῶν

430 5281 826 5352 μαθηματικῶν
886 5282 1012 5344 τοὺς
1071 5281 1152 5342 είς
1204 5279 1303 5350 τὴν
1364 5279 1552 5350 χρείαν
1608 5279 1708 5348 τῆς
1764 5275 1996 5347 θεωρίας

426 5375 615 5444 ἔχοντα
650 5375 1039 5447 παρειλῆφθαι.
1073 5373 1460 5444 Παραλλήλους
1501 5373 1558 5425 δὲ
1590 5373 1679 5426 τόν
1705 5389 1766 5424 τε
1799 5372 1993 5442 ἀρκτι-

423 5466 518 5519 κὸν
552 5467 644 5518 καὶ
674 5466 764 5519 τὸν
793 5467 1002 5539 θερινὸν
1035 5465 1316 5540 τροπικὸν,
1349 5466 1445 5520 καὶ
1485 5464 1576 5518 τὸν
1609 5463 1990 5535 ἀνταρκτικόν.

428 5558 575 5629 ’Ἄρα-
594 5574 654 5610 τε
691 5557 748 5610 δὲ
774 5559 954 5624 αὐτὸς,
981 5560 1075 5613 καὶ
1105 5557 1151 5593 ³⁵
1177 5559 1263 5613 ἀεὶ
1292 5556 1544 5628 φανερὸς,
1576 5554 1663 5609 διὰ
1687 5554 1750 5607 τό
1773 5571 1832 5606 τε
1858 5552 1995 5607 πάν-

2619 3452 2762 3519 Quot
2804 3451 2911 3505 sint
2954 3449 3144 3505 stellis.

2163 3560 2256 3620 Vl.
2291 3564 2487 3620 Stellas
2531 3579 2721 3620 omnes
2765 3563 3108 3634 Hipparchus
3129 3561 3326 3619 asserit
3351 3577 3474 3618 esse
3495 3561 3664 3619 1080;

2096 3670 2216 3725 quae
2243 3655 2504 3710 nimirum
2549 3656 2996 3712 constellationes
3046 3662 3366 3724 apparentes
3409 3651 3667 3710 alliciunt.

2096 3747 2360 3817 Opposita
2401 3747 2558 3816 signa
2589 3753 2752 3802 sunt:
2777 3745 2958 3809 Aries,
2990 3742 3191 3811 Chelae;
3227 3742 3461 3809 Taurus,
3506 3740 3671 3796 Scor-

2094 3842 2240 3913 pius;
2263 3839 2498 3904 Gemini,
2517 3837 2868 3910 Sagittarius;
2889 3838 3019 3892 item
3044 3836 3408 3908 Capricornus
3431 3833 3671 3903 Cancro,

2095 3933 2266 3990 Leoni
2297 3933 2592 4004 Aquarius,
2620 3929 2834 4003 Virgini
2855 3929 3066 3986 Pisces.

2568 4067 2646 4122 De
2676 4067 2863 4138 ﬁguris
2890 4027 3200 4119 lunaribus.

2165 4183 2280 4239 VII.
2318 4183 2639 4238 llluminata:
2667 4188 2807 4236 lunae
2835 4179 3043 4253 efﬁgies
3079 4181 3200 4235 ista:
3233 4186 3382 4234 sunt.
3408 4175 3674 4232 Cornicu-

2096 4273 2205 4328 lata
2249 4273 2471 4338 dicitur,
2519 4272 2738 4343 quando
2783 4270 2928 4326 illius
2955 4269 3191 4324 ambitus
3219 4268 3378 4323 lineis
3427 4267 3672 4321 contine-

2097 4363 2519 4422 tur.Dimidiata
2549 4378 2697 4428 vero,
2728 4377 2851 4417 cum
2893 4399 2908 4417 .
2952 4402 2966 4417 .
3012 4402 3026 4416 .
3067 4399 3083 4414 .
3127 4399 3143 4414 .
3181 4399 3196 4414 .
3240 4396 3255 4411 .
3296 4399 3311 4414 .
3358 4399 3373 4413 .
3415 4395 3428 4410 .
3477 4396 3491 4409 .
3531 4396 3546 4409 .
3592 4394 3606 4409 .
3651 4395 3668 4412 .

2160 4540 2598 4612 Equidistantes
2636 4537 2976 4607 appellantur
3021 4535 3074 4587 in
3126 4531 3348 4597 mundo,
3380 4531 3471 4600 qui
3518 4546 3670 4584 eum-

2099 4633 2221 4688 dem
2264 4633 2464 4686 habent
2500 4645 2623 4686 cum
2667 4629 2878 4697 sphaera
2913 4627 3030 4696 ipsa
3069 4625 3252 4695 polum
3281 4643 3293 4676 :
3327 4624 3417 4692 qui
3449 4621 3670 4692 quidem

2097 4741 2221 4782 cum
2237 4725 2378 4796 polis
2397 4720 2718 4792 comparati,
2735 4719 2868 4774 recti
2887 4717 3259 4772 nominantur.
3280 4715 3495 4784 Obliqui
3516 4721 3665 4775 sunt,

2097 4831 2331 4888 quorum
2379 4815 2539 4884 plana
2581 4811 2918 4866 inclinantur
2966 4808 3034 4862 ad
3084 4815 3285 4870 rectos,
3334 4813 3388 4860 et
3442 4801 3669 4873 acquidi-

2098 4898 2325 4966 stantes.
2357 4908 2493 4963 Cum
2525 4913 2704 4960 autem
2741 4903 2969 4958 inﬁnitis
3009 4901 3186 4957 modis
3212 4897 3508 4968 excogitari
3541 4909 3668 4965 pos-

2099 5005 2211 5060 sint
2243 5002 2297 5055 in
2323 4999 2525 5070 triplici
2546 4997 2852 5053 diﬂ‘erentia
2872 4996 3088 5058 circuli,
3117 4990 3526 5061 intelligendum
3558 4992 3664 5047 est,

2100 5111 2195 5149 eos
2230 5093 2494 5146 duntaxat
2533 5105 2564 5144 a
2606 5087 3006 5143 mathematicis
3044 5084 3316 5138 adhibitos
3353 5079 3540 5141 fuisse,
3572 5075 3667 5145 qui

2101 5184 2169 5239 ad
2197 5185 2411 5237 illarum
2437 5196 2617 5236 rerum
2642 5177 3153 5246 contemplationem
3194 5172 3444 5227 utilitatis
3465 5164 3668 5237 aliquid

2099 5276 2374 5330 aﬂ'errent.
2404 5271 2651 5328 l’aralleli
2690 5279 2835 5332 sunt,
2863 5269 3118 5333 arcticus,
3146 5265 3367 5320 aestivus
3401 5259 3667 5329 trepicus,

2099 5375 2155 5422 et
2185 5365 2542 5421 antarcticus.
2575 5361 2833 5416 Arcticus
2862 5361 3001 5414 alias
3030 5371 3244 5427 semper
3275 5365 3542 5424 apparens
3571 5362 3670 5401 vo-

2099 5466 2274 5521 catur,
2314 5453 2460 5526 quod
2489 5459 2752 5524 perpetuo
2782 5448 3051 5512 videatur,
3085 5462 3184 5502 nec
3232 5435 3470 5513 unquam
3521 5436 3670 5492 occi-

2101 5549 2232 5603 dat.
2267 5585 2282 5600 .
2320 5589 2334 5602 .
2370 5586 2385 5600 .
2419 5587 2434 5600 .
2481 5546 2828 5600 Concurrunt
2875 5555 2974 5612 pro
3023 5539 3308 5610 regionum
3363 5533 3666 5613 varietate:

530 5779 551 5808 ⁸
584 5778 623 5846 f.
658 5778 830 5832 πόλοι.
906 5779 950 5810 ⁸⁸
981 5777 1021 5847 Ῑ.
1053 5777 1134 5831 τό.
1187 5777 1208 5808 ’
1241 5777 1282 5846 f.
1311 5759 1658 5847 τρανοῦντεςξ
1691 5772 1764 5803 ’¹⁰
1793 5770 1924 5847 [hac
1952 5785 1997 5822 m

2097 5767 2226 5847 losa;
2261 5835 2272 5847 _
2302 5764 2414 5847 “.f.
2442 5762 2852 5847 πεμπτημόρια.
2933 5762 2972 5791 ¹²
3000 5760 3040 5829 ί.
3069 5756 3207 5812 κατὰ
3227 5757 3342 5826 τήν.
3422 5753 3465 5786 ¹³
3492 5753 3530 5823 Ῑ.
3559 5751 3672 5805 ἐπί-

437 5833 872 5905 πεδίκέκλιται.
950 5833 992 5881 ii
1026 5848 1064 5916 ί.
1097 5833 1360 5916 ἀρκτὶκὸξ
1389 5846 1445 5900 δὲ
1471 5847 1498 5898 ὁ
1523 5833 1681 5906 αὐτὸς
1713 5841 1826 5906 καί,
1863 5849 1962 5896 etc.
2019 5837 2170 5902 Mox,
2198 5835 2284 5891 διὰ
2315 5836 2374 5889 τὸ
2403 5833 2654 5888 πάντοτε.
