2053 3211
235 193 326 239 ”ιιι7

767 209 811 237 Al)
829 209 965 239 EUSEBII
983 209 1182 239 CHRONICON
1202 212 1383 241 APPENDIX.

1811 219 1880 247 “48

256 270 379 299 vei-ticali
394 272 497 305 puncto
509 269 544 296 ad
557 273 690 302 austrum,
703 268 745 296 vel
762 268 916 304 aquilonem
935 268 1035 304 longius

1090 277 1150 295 τοτε
1175 270 1333 304 φαίνεσθαι,
1363 279 1410 298 και
1439 272 1571 308 μηδέποτε
1592 273 1691 303 δύνειν.
1706 296 1713 302 .
1726 296 1734 303 .
1748 296 1756 303 .
1772 276 1881 312 Συμπε-

256 318 431 346 abscedente.

290 408 426 444 Tropicus
451 409 570 437 circulus
593 409 634 437 sic
657 409 849 438 informandus
871 410 963 437 animo
987 414 1039 443 est,

256 457 388 490 tanquam
403 455 444 482 sol
462 455 490 482 in
506 455 602 482 aestivo
618 455 737 483 solstitio
755 456 862 491 positus
881 457 1040 490 parallelum

255 500 340 527 istum
355 508 370 527 a
386 508 416 528 se
430 501 597 536 descriptum
615 502 743 529 sensibus
768 502 896 537 objiciat:
923 502 1043 537 aequino-

255 547 347 574 ctialis
359 546 421 574 ideo
436 547 546 579 dicitur.
558 548 631 583 quod
642 548 770 576 noctibus
782 548 840 576 dies
855 553 1040 584 exaequentur,

255 599 318 618 cum
334 591 367 618 ad
380 599 441 619 eum
459 593 593 620 circulum
621 594 772 621 secundum
796 601 907 621 sensum
931 594 973 621 sol
995 601 1041 621 ac-

254 637 384 669 cesserit;
399 637 531 665 hibernus
547 637 669 673 tropicus
685 641 808 671 vocatur,
823 638 895 673 quod
910 646 972 666 eum
987 639 1042 666 eir-

254 681 346 708 culum
372 682 414 709 sol
450 682 586 717 attingens
615 682 759 710 hibernum
783 683 929 711 solstitium
959 683 1039 717 facit;

254 728 424 755 antarcticus
450 728 505 754 alio
536 729 806 764 nomine'nunquam
838 737 965 763 apparens
999 729 1041 757 di-

1090 321 1186 340 πτουσι
1200 315 1271 342 κατὰ
1287 316 1337 347 τὰς
1351 317 1496 353 διαφόρους
1510 319 1641 355 οἰκήσεις,
1653 320 1698 347 τοῦ
1710 322 1781 349 κατὰ
1795 331 1880 359 κορυ-

1091 359 1143 395 φὴν
1159 361 1272 395 σημείου
1286 362 1444 398 νοτιωτέρου
1457 363 1473 398 ἦ
1487 363 1659 401 βορειοτέρου
1670 368 1822 402 γινομένου.

1126 405 1251 433 Νοεισθω
1266 407 1288 432 δ’
1302 408 1316 433 ὁ
1337 408 1386 442 μὲν
1403 408 1507 443 θερινὸς
1520 411 1658 445 τροπικὺς,
1672 412 1720 439 τοῦ
1738 413 1816 448 ἡλίου
1830 415 1879 441 ἐπὶ

1091 450 1205 487 θερινῶν
1217 453 1326 487 τροπῶν
1340 454 1496 489 γενομένου,
1514 456 1562 482 καὶ
1575 457 1643 492 πρὸς
1659 458 1784 494 αἴσθησιν
1797 460 1879 487 τοῦτο

1091 496 1264 532 παράλληλον
1278 499 1429 533 γράφοντος
1441 508 1447 515 ·
1461 501 1475 526 6
1490 500 1518 526 δὲ
1541 502 1705 538 ίσημερινὸς,
1721 504 1765 531 διὰ
1781 505 1811 531 τὸ
1826 506 1879 537 τὰς

1091 543 1198 579 ἡμέρας
1211 546 1271 576 ταῖς
1283 545 1357 578 νυξὶν
1373 546 1536 580 ἐξισοῦσθαι,
1549 549 1596 576 τοῦ
1609 550 1684 585 ἡλίου
1699 552 1769 579 κατὰ
1782 553 1878 581 τοῦτον

1090 588 1234 623 γινομένου
1249 590 1294 615 τὸν
1311 590 1411 617 κύκλον
1430 592 1498 628 πρὸς
1518 593 1660 630 αἴσθησινθ
1677 597 1692 622 ὁ
1711 597 1740 623 δὲ
1754 607 1878 633 χειμερι-

1091 632 1146 665 νὸς,
1159 633 1202 660 διὰ
1214 634 1245 660 τὸ
1256 634 1301 661 τὺν
1316 635 1401 670 ἥλιον,
1413 638 1484 665 κατὰ
1496 638 1590 666 τοῦτον
1608 632 1809 677 γινόμενονντὺν
1828 632 1879 671 κύ-

1092 678 1165 712 κλον,
1187 680 1343 717 χειμερινὰς
1359 683 1463 718 τροπὰς
1485 684 1636 713 ποιεῖσθαιο
1653 687 1833 722 ἀνταρκτικὸς
1854 689 1878 716 δ’

1091 722 1177 757 οὗτος.
1197 727 1243 753 καὶ
1261 728 1304 754 ἀεὶ
1325 729 1430 764 ἀφανὴς
1451 730 1506 757 ἀπὸ
1527 731 1574 758 τοῦ
1592 734 1794 769 συμϐεϐηκότος
1808 735 1876 771 ἔχει,

254 772 328 798 citur
339 779 372 799 ex
390 779 423 799 eo
440 772 514 807 quod
536 774 628 808 reipsa
648 774 795 809 contingit,
817 778 847 801 ut
869 775 945 802 nullo
960 775 1035 802 modo

1091 773 1139 799 καὶ
1153 773 1279 799 οὐδέποτε
1306 775 1443 809 φαίνεται·
1467 776 1521 803 τῶν
1540 777 1569 803 δὲ
1592 777 1676 811 λοξῶν
1701 780 1747 807 δύο
1767 782 1816 816 μὲν
1833 783 1878 810 ὁν-

254 818 393 845 videatur.
411 817 590 853 Obliquorum
606 820 660 846 duo
680 824 755 853 sunt,
774 820 821 855 qui
837 820 865 847 in
880 828 979 849 sensus
999 821 1035 848 in‘

1090 827 1144 845 των
1160 819 1182 835 ⁸⁵
1197 819 1265 855 πρὸς
1278 820 1413 857 αἴσθησιν,
1429 823 1444 848 ὅ
1455 831 1484 849 τε
1498 822 1628 856 ζωδιακὸς
1641 826 1688 852 καὶ
1701 828 1715 853 ὁ
1728 828 1859 861 γαλαξίας
1869 839 1877 846 ·

254 867 382 895 currunt,
401 864 531 892 zodiacus
549 868 577 893 et
599 865 720 900 lacteus;
754 869 782 892 at
803 866 961 895 horizontes
984 867 1035 894 sola

1091 864 1116 891 οι
1131 864 1160 891 δὲ
1178 865 1314 900 ὁρίζοντες
1334 868 1441 904 ἐπινοίᾳ
1465 869 1543 904 μόνον
1565 870 1756 905 λαμϐάνονται.
1771 874 1832 901 Τῶν
1847 875 1878 901 δὲ

254 910 354 937 mentis
367 910 533 944 cogitatione
546 915 684 939 constant.
700 912 721 938 E
737 912 821 940 rectis
842 913 929 940 coluri
940 920 1035 941 nomen

1092 910 1180 946 ὀρθῶν
1190 912 1215 937 οἱ
1233 911 1282 946 μὲν
1295 912 1417 948 κόλουροι
1432 913 1480 949 τὴν
1489 914 1635 949 ὀνομασίαν
1647 915 1752 950 ἔχοντες
1762 918 1816 944 ἀπὺ
1828 919 1877 946 τοῦ

253 962 287 982 ex
309 963 342 983 eo
365 956 457 984 sortiti
479 961 553 989 sunt,
571 958 643 992 quod
665 958 753 985 mutili
777 958 842 990 sint,
863 966 915 986 nec
941 958 1035 994 integri

1092 956 1198 984 κολοϐοὶ
1217 957 1265 984 καὶ
1287 957 1325 993 μὴ
1342 958 1472 991 ὁλοτελεῖς
1490 960 1631 994 φαίνεσθαι
1647 962 1718 989 κατὰ
1735 963 1784 999 τῆς
1798 972 1878 1000 στρο-

254 1007 404 1029 cernantur
426 1002 453 1030 in
477 1004 658 1032 conversione
681 1004 804 1039 sphaera.
827 1004 1040 1040 Equinoctialis

254 1046 317 1073 inde
339 1046 451 1080 dicitur,
475 1049 548 1083 quod
573 1049 602 1076 in
622 1057 656 1077 eo
680 1050 845 1085 aequinoctia
867 1051 1038 1086 contingant.

254 1091 355 1120 Omnes
383 1094 429 1120 isti
463 1098 537 1121 recta
569 1099 596 1122 et
620 1095 827 1130 mquidistantes
860 1095 1040 1130 incumbunt;

253 1139 359 1174 obliqui
375 1148 439 1167 vero
456 1141 491 1167 ab
509 1149 538 1168 re
552 1141 612 1176 ipsa
622 1143 787 1170 vocabulum
800 1142 891 1178 adepti
908 1147 985 1170 sunt.

289 1184 357 1211 Cum
375 1190 463 1213 autem
480 1186 594 1221 sphaerae
614 1188 712 1215 similis
733 1189 818 1224 ﬁgura
834 1189 869 1217 sit
889 1190 994 1222 mundi,
1013 1194 1041 1218 et

253 1228 288 1255 ad
302 1236 365 1256 eum
384 1234 542 1264 comparata
563 1235 637 1259 terra
660 1233 748 1260 centri
772 1233 906 1262 rationem
926 1235 1040 1269 habeat;

253 1283 314 1310 quae
327 1283 375 1310 per
393 1276 515 1311 ipsorum
536 1277 657 1305 medium
679 1279 792 1314 trajecta
815 1281 951 1316 cogitatur
965 1285 1040 1308 recta

253 1320 335 1352 linea,
350 1329 430 1356 quam
445 1322 549 1349 circum
567 1328 723 1351 manentem
741 1329 768 1352 et
780 1326 945 1354 immobilem
959 1335 1041 1354 mun-

252 1365 305 1393 dus
324 1367 456 1399 vertitur,
473 1361 533 1395 aiis
556 1369 719 1403 appellatur,
744 1370 826 1405 cujus
844 1375 965 1398 extrema
985 1372 1040 1407 poli

254 1411 449 1438 nominantur:
466 1420 525 1446 quae
543 1414 651 1447 quidem
667 1418 788 1442 extrema
804 1417 927 1443 nonnulli
942 1425 1039 1451 parvas

252 1464 314 1484 esse
329 1456 422 1486 stellas
445 1458 590 1492 dixerunt;
607 1461 652 1487 alii
671 1465 771 1495 puncta
791 1463 958 1497 cogitatione
973 1472 1040 1490 con-

253 1503 365 1534 stantia,
381 1511 441 1538 quze
462 1509 503 1531 est
521 1505 597 1531 Arati
620 1507 766 1533 sententia.
791 1507 894 1534 llorum
915 1509 1038 1542 polorum

252 1548 320 1574 alter
334 1549 459 1575 sublimis
478 1554 531 1581 est,
546 1550 680 1585 nobisque
698 1552 881 1586 conspicuus;
900 1553 968 1580 alter
986 1554 1039 1580 mi-

1092 1002 1146 1038 φῆς
1161 1003 1212 1039 τῆς
1235 1004 1353 1039 σφαίρας
1365 1013 1372 1020 ·
1392 1005 1407 1031 6
1435 1005 1464 1032 δὲ
1490 1007 1655 1042 ίσημερινὸς,
1679 1009 1734 1035 ἀπὸ
1749 1010 1797 1036 τοῦ
1814 1012 1878 1038 κατ’

1090 1048 1172 1075 αὐτὸν
1198 1049 1322 1083 γίνεσθαι
1349 1049 1399 1082 τὰς
1427 1051 1616 1088 μεσημϐρινάς
1638 1054 1670 1080 ¹⁶.
1692 1054 1823 1088 Λέγονται
1849 1056 1879 1083 δὲ

1090 1094 1191 1126 πάντες
1212 1092 1284 1122 οὗτοι
1311 1095 1378 1132 πρὸς
1400 1096 1450 1128 τὰς
1472 1097 1555 1133 ὀρθὰς
1579 1099 1779 1135 παραλλήλους·
1804 1102 1879 1128 οἱ-ιδδ

1090 1139 1162 1172 λοξοὶ
1183 1141 1238 1168 ἀπὸ
1253 1141 1300 1168 τοῦ
1320 1141 1522 1177 συμϐεϐηκότος
1539 1143 1630 1178 ἔχουσι
1652 1145 1701 1181 τὴν
1718 1146 1877 1182 ὀνομασίαν.

1125 1186 1179 1213 Τοῦ
1202 1187 1223 1203 ¹⁷
1241 1187 1342 1223 κόσμου
1362 1188 1546 1224 σφαιροειδοῦς
1559 1190 1749 1227 ὑποκειμένου,
1770 1194 1880 1230 καὶτῆς

1089 1232 1141 1267 γῆς
1156 1232 1224 1267 πρὸς
1238 1232 1318 1259 αὑτὸν
1336 1232 1449 1268 κέντρου
1465 1234 1543 1268 λόγον
1557 1235 1750 1273 ἐπεχούσηςιή
1763 1238 1814 1268 διὰ.
1826 1239 1877 1273 μέ-

1091 1286 1137 1304 σου
1152 1277 1242 1304 αὺτῶν
1260 1278 1381 1313 ἀγομένη
1399 1278 1490 1306 εὐθεῖα
1505 1280 1598 1316 νοητὴ,
1619 1281 1682 1317 περὶ
1696 1272 1728 1317 ῆν
1743 1272 1879 1316 μένουσαν

1089 1325 1103 1350 ὁ
1127 1324 1229 1359 κόσμος
1254 1324 1410 1359 στρέφεται,
1434 1324 1506 1357 ἄξων
1521 1326 1653 1359 καλεῖται,
1667 1328 1763 1354 καὶτὰ
1782 1329 1878 1358 τούτου

1090 1368 1195 1403 πέρατα
1207 1368 1293 1400 πόλοι,
1307 1368 1378 1404 ἅπερ
1391 1369 1462 1402 τινὲς
1480 1370 1531 1405 μὲν
1544 1371 1662 1406 ἀστέρας
1679 1370 1748 1399 εἷναι
1763 1375 1879 1409 μικροὺς

1089 1413 1207 1448 ἔφασαν·
1233 1414 1297 1440 ἔνιοι
1319 1415 1347 1440 δὲ
1364 1417 1464 1450 σημεῖα
1480 1416 1573 1451 νοητὰ,
1590 1417 1662 1443 καθὰ
1688 1419 1734 1445 καὶ
1749 1420 1876 1454 Ἄρατος.

1090 1459 1197 1486 Τούτων
1224 1460 1252 1486 δὲ
1268 1461 1281 1486 6
1305 1460 1354 1495 μὲν
1378 1461 1435 1487 ἔστι
1463 1462 1599 1497 μετέωρος
1620 1463 1666 1489 καὶ
1689 1456 1878 1500 φανερώτερος

1089 1506 1164 1540 ἡμῖν,
1180 1507 1193 1532 ὁ
1207 1505 1234 1531 δὲ
1247 1506 1295 1541 οὐχ
1312 1506 1408 1542 ὁρᾶται
1421 1507 1465 1542 ὑφ’
1480 1508 1567 1542 ἡμῶν.
1584 1509 1638 1535 Kal
1659 1510 1782 1536 καλεῖται
1794 1512 1809 1537 6
1828 1512 1877 1548 μὲν

1089 1552 1135 1579 ἀεὶ
1150 1552 1278 1586 φανερὸς
1295 1553 1340 1579 καὶ
1352 1553 1483 1587 βόρειος,
1495 1555 1508 1580 ὁ
1523 1554 1551 1581 δὲ
1566 1554 1612 1581 ἀεὶ
1627 1555 1747 1590 ἀφανὴς
1760 1556 1809 1584 καὶ
1827 1558 1878 1588 κό-

251 1592 325 1619 nime
346 1600 360 1619 a
382 1594 461 1620 nobis
484 1595 614 1622 cernitur.
646 1595 725 1623 Prior
748 1604 810 1623 cum
837 1606 936 1631 semper
954 1607 1036 1633 appa-
1052 1610 1074 1639 ς
1090 1607 1162 1632 nec.

250 1645 320 1668 rens,
347 1642 402 1665 tum
424 1639 515 1666 boreas
539 1641 707 1675 appellatur;
731 1643 866 1677 posterior
883 1652 982 1678 semper
997 1653 1040 1672 oc-

249 1683 335 1709 cultus
347 1687 371 1709 et
387 1684 524 1712 australis.

284 1727 343 1755 Jam
369 1730 466 1757 circuli
492 1738 555 1757 cum
583 1731 796 1763 innumerabiles
823 1736 978 1771 cogitentur
1009 1738 1038 1765 in

249 1775 363 1806 mundo,
380 1775 424 1802 alii
439 1781 513 1808 sunt,
536 1784 605 1811 quos
621 1779 769 1813 parallelos
791 1786 900 1814 vocant,
922 1783 966 1810 alii
990 1792 1039 1818 per

250 1819 328 1854 polos
340 1823 493 1853 transeunt,
509 1823 553 1849 alii
567 1822 700 1857 ﬁnitores,
717 1826 820 1861 obliqui
840 1828 884 1855 alii
897 1833 970 1857 sunt.
985 1829 1037 1857 Pa-

250 1866 340 1893 ralleli
363 1872 478 1901 quatuor
496 1873 570 1901 sunt,
588 1870 633 1904 qui
649 1871 759 1898 eosdem
771 1880 832 1899 cum
845 1875 946 1901 mundo
959 1876 1037 1910 polos

250 1908 363 1935 habent.
382 1908 502 1945 Obliqui,
523 1912 569 1945 qui
585 1920 640 1939 non
659 1913 739 1949 146
751 1916 861 1943 eosdem
875 1908 1035 1946 habent...”

249 1961 298 1988 per
313 1955 390 1988 polos
412 1956 508 1983 circuli
527 1961 672 1984 vocantur.
697 1958 811 1991 Quidam
833 1962 862 1988 in
883 1964 1037 1992 circumfe-

250 2000 340 2026 rentia
355 2008 404 2027 sua
420 2001 513 2028 mundi
526 2003 604 2036 polos
618 2005 775 2038 continent;
787 2006 923 2042 iidemque
936 2009 1034 2041 coluri,

249 2048 277 2072 et
290 2046 434 2073 meridiani
446 2051 577 2081 pratterea
592 2054 742 2084 vocantur;
761 2052 883 2080 linitores
897 2058 972 2086 sunt,
988 2055 1035 2089 qui

249 2094 423 2127 apparentem
442 2094 534 2121 mundi
544 2095 655 2130 {partem
668 2102 803 2131 separant.
822 2120 828 2126 .
848 2119 855 2126 .
875 2119 883 2126 .
900 2120 906 2127 .
926 2101 977 2128 hoc
993 2105 1035 2130 est

248 2145 318 2169 eam,
337 2146 396 2172 qua:
410 2147 492 2173 supra
505 2144 604 2167 terram
618 2145 669 2174 est,
687 2143 721 2169 ab
734 2151 765 2170 ea
776 2152 836 2178 qua:
848 2144 919 2173 infra
933 2151 1034 2175 terram

248 2182 386 2209 conditur.
409 2183 441 2209 lli
462 2192 544 2218 porro
571 2190 721 2219 mutantur,
737 2196 787 2223 pro
811 2197 844 2217 eo
856 2198 888 2217 ac
903 2192 1034 2220 verticale

247 2232 377 2262 punctum
394 2230 466 2257 aliud
481 2234 533 2263 est,
548 2232 594 2266 qui
610 2236 651 2259 est
666 2233 745 2268 polus
764 2235 925 2265 borizonlis.

283 2315 382 2344 Aratus
403 2325 481 2350 vero,
496 2320 542 2354 qui
559 2320 591 2347 ad
607 2321 812 2352 inclinationem
827 2326 937 2354 Graeciaa
955 2328 1031 2363 phae-

246 2369 361 2389 nomena
376 2370 425 2390 sua
439 2367 616 2399 comparavit,
629 2375 725 2396 novem
739 2373 928 2400 tantummodo
941 2374 1031 2401 cireu-

245 2407 333 2434 lorum
361 2409 527 2443 meminit,e
557 2412 657 2446 quibus
688 2418 751 2442 octo
781 2416 839 2443 sola
863 2419 1030 2453 cogitatione

245 2453 417 2487 consistunt;
441 2463 511 2482 unus
530 2456 628 2490 majori
643 2464 720 2493 parte
740 2461 868 2489 sensibus
889 2463 1028 2498 obiicitur,

244 2499 291 2534 qui
318 2499 423 2528 lacteus
451 2501 562 2528 dicitur.
589 2501 657 2530 Nam
680 2509 707 2532 et
732 2506 760 2532 in
780 2506 840 2541 ipso
864 2515 931 2536 suus
958 2509 1030 2537 inest

244 2546 403 2581 cogitationi
436 2547 522 2575 locus.
549 2547 588 2575 Ex
616 2549 650 2577 iis
677 2551 789 2580 circulis
815 2555 937 2588 paralleli
965 2560 1030 2583 sunt

243 2592 365 2627 quinque
381 2603 387 2620 :
402 2594 536 2627 arcticus,
546 2598 658 2625 mstivus
670 2599 801 2633 tropicus,
817 2601 1028 2635 equinoctialis,

243 2637 376 2666 hibernus
396 2640 530 2674 tropicos,
552 2643 741 2677 antarcticus;
760 2645 862 2680 obliqui
880 2650 944 2674 sunt
960 2647 1026 2679 duo,

243 2683 372 2712 zodiacus
383 2688 410 2712 et
422 2685 535 2717 lacteus.
553 2688 598 2722 qui
614 2690 753 2717 contrario
769 2690 885 2719 invicem
909 2692 964 2720 situ
980 2701 1028 2728 per

243 2730 366 2764 tropicos
380 2731 492 2766 oblique
507 2733 670 2768 sinuantur;
687 2743 736 2770 per
751 2737 828 2771 polos
851 2738 1028 2772 trajiciuntur

242 2774 298 2802 duo
311 2785 318 2803 :
335 2777 504 2805 meridianus
517 2783 544 2806 et
556 2780 681 2809 horizon.
691 2781 793 2809 Horum
807 2784 929 2811 omnium
945 2785 1030 2812 maxi-

245 2820 280 2847 mi
309 2826 394 2855 sunt,
415 2823 616 2858 mquinoctialis
640 2830 668 2854 et
695 2827 818 2863 obliqui,
849 2837 955 2857 necnon
979 2838 1028 2865 per

1124 1731 1239 1758 Κύκλων
1251 1732 1278 1758 δὲ
1291 1733 1320 1759 ὲν
1338 1731 1376 1768 τῷ
1390 1732 1484 1768 κόσμῳ
1496 1732 1555 1768 [καὶ
1569 1732 1617 1769 μὴ]
1633 1733 1785 1768 νοουμένων
1797 1733 1886 1761 me:

1090 1786 1143 1812 ρων
1165 1778 1190 1803 ol
1207 1778 1255 1813 μὲν
1275 1777 1441 1813 παράλληλοι
1454 1778 1640 1813 ὀνομάζονται,
1660 1779 1684 1804 οί
1703 1778 1731 1804 δὲ
1754 1779 1798 1805 διὰ
1820 1779 1876 1806 τῶν

1089 1824 1187 1855 πόλων,
1204 1825 1228 1850 οἱ
1245 1823 1272 1850 δὲ
1285 1824 1431 1859 ὁρίζοντες,
1447 1825 1469 1850 οἱ
1486 1824 1514 1850 δὲ
1536 1824 1614 1857 λοξοί.
1630 1825 1685 1851 Kal
1699 1825 1723 1851 οἱ
1742 1825 1883 1861 τέσσαρες-

1088 1869 1253 1905 παράλληλοι
1277 1870 1325 1905 μέν
1338 1871 1406 1896 εἰσιν
1421 1871 1445 1896 οἱ
1465 1870 1527 1902 τοὺς
1543 1871 1640 1901 αὐτοὺς
1656 1871 1753 1903 πόλους
1766 1871 1875 1907 ἔχοντες

1087 1915 1126 1950 τῷ
1147 1916 1241 1950 κόσμῳ
1254 1924 1260 1930 ·
1278 1915 1350 1947 λοξοὶ
1370 1917 1397 1943 δὲ
1414 1917 1437 1942 οἱ
1454 1917 1490 1953 μὴ
1510 1918 1572 1948 τοὺς
1587 1917 1684 1948 αὐτοὺς
1701 1937 1707 1943 .
1721 1935 1728 1943 .
1741 1936 1748 1944 .
1761 1917 1805 1944 διὰ
1818 1917 1875 1944 τῶν

1087 1961 1175 1987 πόλων
1190 1961 1284 1988 κύκλοι
1298 1962 1442 1989 καλοῦνται
1454 1971 1461 1978 ·
1481 1963 1505 1989 οἱ
1521 1963 1548 1989 δὲ
1563 1964 1608 1989 ἐπὶ
1623 1964 1673 1998 τῆς
1694 1963 1780 1998 αὐτῆς
1792 1971 1873 1999 περι-

1086 2005 1196 2041 φερείας
1210 2007 1273 2038 τοὺς
1288 2006 1333 2032 τοῦ
1350 2007 1453 2042 κόσμου
1468 2008 1564 2039 πόλους
1580 2008 1702 2043 ἔχοντες·
1718 2009 1743 2034 οἱ
1756 2008 1784 2035 δὲ
1797 2009 1874 2035 αὑτοὶ

1085 2049 1157 2079 οὗτοι
1173 2053 1248 2088 ὀρθοί
1263 2062 1293 2079 τε
1310 2054 1357 2080 καὶ
1376 2053 1509 2089 κόλουροι,
1527 2055 1574 2081 καὶ
1592 2054 1773 2091 μεσημϐρινοὶ
1789 2063 1874 2088 προσ-

1085 2098 1274 2133 ονομάζονται”
1291 2099 1428 2134 ὁρίζοντες
1444 2099 1472 2125 δὲ
1489 2100 1513 2125 οἱ
1530 2098 1692 2135 διορίζοντες
1706 2100 1773 2135 ἡμῖν
1787 2099 1825 2130 τόν
1840 2108 1872 2127 τε

1085 2143 1199 2178 φανερὸν
1223 2143 1269 2169 τοῦ
1293 2143 1396 2178 κόσμου
1420 2165 1426 2171 .
1441 2163 1448 2170 .
1463 2164 1470 2170 .
1486 2144 1607 2170 τουτέστι
1625 2144 1654 2170 τό
1674 2152 1705 2170 τε
1728 2144 1797 2180 ὑπὲρ
1820 2144 1872 2179 γῆν

1084 2187 1175 2214 καὶτὸ
1200 2188 1252 2214 ὑπὸ
1275 2189 1336 2223 γῆν.
1362 2185 1441 2214 Οὗτοι
1460 2189 1489 2214 δὲ
1510 2189 1732 2224 μεταϐάλλουσιν,
1755 2189 1819 2216 ὅταν
1839 2189 1871 2215 τὸ

1083 2232 1154 2259 κατὰ
1176 2232 1297 2268 κορυφὴν
1321 2233 1432 2268 σημεῖον
1458 2233 1551 2268 ἕτερον
1572 2234 1697 2269 γένηται·
1714 2234 1792 2261 τοῦτο
1815 2234 1870 2270 γάρ

1048 2284 1070 2312 ι)
1083 2279 1139 2305 ἐστι
1157 2278 1236 2310 πόλος
1250 2277 1398 2314 ὁρίζοντος.

1122 2324 1240 2359 ’Ἄρατος
1256 2324 1314 2359 μὲν,
1331 2324 1399 2359 πρὸς
1413 2324 1443 2351 τὸ
1454 2324 1505 2359 τῆς
1525 2325 1649 2357 Ἑλλάδος
1662 2325 1746 2361 κλίμα
1759 2326 1793 2353 τὰ
1807 2335 1870 2364 φαι-

1083 2368 1182 2404 νόμενα
1199 2370 1489 2405 πραγματευσάμενος,
1509 2371 1587 2397 ἐννέα
1608 2371 1694 2406 μόνων
1709 2372 1869 2408 ἐπεμνήσθη

1083 2414 1200 2447 κύκλων,
1217 2414 1290 2441 ὀκτὼ
1307 2415 1356 2450 μὲν
1369 2416 1482 2451 νοητῶν*
1492 2416 1619 2451 αἰσθητοῦ
1634 2416 1671 2449 δὲ,
1691 2418 1738 2443 καὶ
1753 2417 1823 2444 κατὰ
1838 2417 1870 2444 τὸ

1083 2460 1162 2487 πλέον
1175 2461 1243 2492 ἐνὸς,
1255 2460 1303 2487 τοῦ
1315 2461 1481 2496 καλουμένου
1493 2462 1621 2496 γαλαξίου
1632 2462 1662 2488 ’⁸.
1676 2463 1730 2488 Kal
1741 2462 1770 2488 ὲν
1781 2462 1869 2498 τούτῳ

1082 2508 1137 2543 γὰρ
1158 2509 1258 2534 νοεῖται
1272 2507 1317 2534 διὰ
1335 2507 1429 2534 τούτου
1450 2508 1496 2535 τοῦ
1522 2508 1632 2535 κύκλου.
1650 2508 1759 2535 Τούτων
1774 2509 1797 2535 δ’
1814 2510 1869 2536 είσὶ

1081 2553 1247 2589 παράλληλοι
1259 2557 1278 2580 ε’
1288 2562 1295 2569 ·
1314 2554 1452 2590 ἀρκτικὸς,
1468 2554 1571 2590 θερινὸς
1586 2554 1724 2590 τροπικὺς,
1743 2556 1869 2590 ἰσημερι-

1080 2599 1135 2631 νὸς,
1152 2599 1314 2634 χειμερινὸς,
1330 2600 1518 2635 ἀνταρκτικὸς,
1539 2599 1609 2631 λοξοὶ
1624 2600 1679 2632 δύο,
1694 2599 1708 2626 ὅ
1726 2608 1757 2626 τε
1770 2600 1868 2632 ζωδια-

1080 2645 1127 2676 κὸς
1143 2645 1189 2671 καὶ
1207 2645 1220 2670 ὁ
1235 2645 1375 2679 γαλαξίας,
1392 2646 1519 2677 ἐναντίως
1537 2646 1660 2681 ἀλλήλοις
1674 2645 1745 2672 κατὰ
1757 2646 1804 2682 τὴν
1819 2646 1867 2672 Θέ-

1080 2698 1122 2716 σιν
1135 2689 1179 2716 διὰ
1198 2690 1252 2716 τῶν
1265 2691 1403 2726 τροπικῶν
1418 2690 1592 2726 λελοξωμένοι
1603 2700 1608 2706 ·
1626 2691 1672 2718 καὶ
1696 2691 1743 2717 δύο
1754 2691 1798 2718 διὰ
1811 2691 1868 2718 τῶν

1080 2736 1182 2762 πόλων·
1200 2736 1383 2771 μεσημϐρινός
1395 2744 1424 2762 τε
1436 2734 1475 2767 εἷς
1491 2736 1538 2763 καὶ
1550 2738 1564 2762 ὁ
1574 2736 1672 2771 ὁρίζων
1683 2736 1785 2772 ἕτερος.
1800 2737 1868 2763 Τού-

1079 2792 1133 2809 των
1145 2783 1173 2809 δέ
1191 2783 1242 2809 εἰσι
1256 2783 1377 2818 μέγιστοι
1390 2783 1404 2808 ὂ
1415 2791 1445 2808 τε
1460 2783 1615 2818 ἰσημερινὸς
1629 2782 1675 2809 καὶ
1688 2784 1712 2809 οἱ
1725 2782 1807 2815 λοξαὶ,
1818 2782 1867 2809 καὶ

1079 2831 1102 2856 οἱ
1119 2829 1162 2855 διὰ
1177 2828 1231 2855 τῶν
1247 2828 1346 2856 πόλων.
1364 2828 1495 2862 Μέγιστοι
1516 2828 1544 2855 δὲ
1562 2828 1716 2862 καλοῦνται,
1735 2825 1772 2856 ὧν
1785 2828 1816 2856 αἴ
1833 2836 1870 2858 τες

264 2895 270 2900 ”
288 2898 309 2913 ’⁸
327 2898 347 2931 [-
361 2898 445 2932 ὄντες.
488 2902 510 2917 υ
522 2902 541 2935 ί,
561 2902 714 2939 ἰσημερίας.
753 2906 774 2921 "
787 2905 807 2939 f.
823 2906 868 2933 τοῦ
882 2906 920 2933 δέ.
960 2908 982 2924 ¹⁸
1000 2907 1035 2936 II:

1086 2905 1199 2934 uendosa
1215 2909 1286 2932 sunt.
