4106 6424
367 425 506 482 ιηθ

1422 427 1697 484 lNCERTl
1735 431 1826 486 AD
1863 432 2078 488 ARATI
2115 435 2592 501 ΡΗᾹΞΝΟΜΕΝΑ.

3473 451 3610 509 “50

363 542 644 614 διάμετροι
675 541 786 596 ἴσαι
817 540 953 594 εἰσιν
989 541 1240 614 ἀλλήλοις
1268 544 1362 596 καὶ
1385 547 1449 615 τῇ
1478 545 1573 598 τοῦ
1611 546 1808 617 ςόσμου
1832 547 1943 600 δια-

2049 552 2202 618 polos
2237 555 2511 623 producti.
2555 555 2822 612 Dicuntur
2872 567 3052 616 autem
3093 563 3337 630 maximi,
3377 581 3608 636 quorum

369 634 578 706 μέτρῳ·
608 635 701 687 καὶ
737 635 848 687 ὅσοι
876 636 938 688 τὸ
969 637 1098 690 αὑτὸ
1135 638 1358 710 κέντρον
1397 638 1578 709 έχουσι
1621 641 1698 711 τῷ
1727 642 1936 714 κόσμῳ.

369 725 487 778 Ὅτι
519 725 574 778 δὲ
606 728 700 779 καὶ
737 726 911 791 ἄλλως
940 731 968 781 ὁ
995 728 1083 782 διὰ
1121 730 1301 799 μέσων
1335 731 1442 783 τῶν
1472 731 1676 796 ζωδίων
1715 733 1941 804 λεγόμε-

364 834 487 883 νος,
557 819 876 888 μεσαίτατος
931 821 1190 892 ὑπάρχων
1247 821 1343 876 τοῦ
1410 823 1707 891 ζωδιακοῦ,
1766 829 1938 895 ἡλια-

364 910 471 974 κός
512 927 570 962 τε
618 910 710 962 καὶ
762 911 1138 978 ἐκλειπτικὸς
1181 915 1640 985 ἐπικαλούμενος·
1684 917 1940 984 ήλιακὸς

368 1001 488 1072 μὲν,
536 1003 616 1054 ὅτι
665 1003 694 1054 6
734 1002 883 1072 ἥλιος
934 1004 1033 1069 τὴν
1086 1005 1311 1076 πορείαν
1349 1007 1416 1060 δι’
1451 1006 1615 1059 αὑτοῦ
1669 1011 1936 1063 ποιεῖται·

364 1093 734 1159 ὲκλειπτικὸς
787 1093 882 1158 δὲ,
943 1095 1025 1147 ὅτι
1075 1095 1140 1148 δι’
1198 1097 1362 1150 αὑτοῦ
1424 1099 1765 1154 ἐκλείπουσιν
1806 1101 1834 1154 ὃ
1880 1118 1939 1154 τε

363 1186 514 1256 ἣλιος
541 1186 632 1240 καὶ
664 1188 696 1257 ἡ
739 1187 956 1258 σελήνη.
994 1189 1104 1241 Καὶ
1130 1187 1239 1241 τῶν
1268 1190 1624 1261 παραλλήλων
1663 1192 1719 1244 66
1761 1195 1790 1245 6
1839 1192 1939 1262 μὲν

365 1277 622 1350 ἀρκτικὸς
663 1278 764 1330 οὑκ
801 1279 843 1309 ³⁸
886 1278 1202 1350 ὠνομάσθη,
1249 1281 1329 1333 ὃτι
1360 1281 1495 1352 πρὸς
1527 1284 1638 1344 τοῖς
1671 1281 1940 1352 άρκτῴοις

367 1370 602 1442 ὑπάρχει
621 1388 633 1400 ·
665 1373 692 1423 ὁ
717 1371 772 1423 δέ
802 1371 1008 1442 θερινὸς
1029 1373 1306 1442 τροπικὸς,
1331 1375 1434 1438 ὅτι,
1459 1374 1550 1426 ἐπὶ
1573 1372 1760 1427 τούτου
1788 1375 1940 1442 γενό-

369 1479 529 1532 μενος
559 1463 728 1532 ἦλιος,
755 1463 895 1516 κατὰ
922 1463 1020 1534 τὴν
1051 1464 1142 1516 τοῦ
1169 1465 1442 1537 Καρκίνου
1467 1465 1659 1536 ἀρχὴν,
1693 1467 1789 1519 καὶ
1817 1466 1938 1519 τότε

370 1554 602 1624 μάλιστα
631 1555 768 1624 ὑπὲρ
811 1555 1052 1624 κεφαλῆς
1083 1557 1263 1626 ἡμῶν,
1297 1557 1484 1628 θέρους
1519 1560 1727 1629 τροπάς
1772 1561 1940 1612 ποιεῖ-

365 1665 454 1701 ται
477 1662 492 1675 '
523 1649 607 1718 ίση
618 1647 834 1718 μερινὸς
856 1649 931 1714 66,
960 1649 1042 1702 ὅτι
1068 1650 1125 1701 ἐν
1144 1649 1317 1720 τούτῳ
1338 1651 1621 1722 ἰσημερίας
1641 1651 1734 1704 δύο
1760 1653 1904 1704 ποιεῖ
1922 1666 1936 1684 ³

365 1741 586 1812 ἐαρινὴν
614 1741 711 1810 μὲν
736 1741 875 1794 κατὰ
900 1741 999 1811 τὴν
1022 1740 1115 1794 τοῦ
1138 1740 1310 1813 Κριοῦ
1335 1742 1528 1812 ἀρχὴν,
1563 1741 1938 1814 μετοπωρινὴν

364 1833 422 1887 66
452 1834 592 1887 κατὰ
616 1833 722 1887 τῶν
761 1833 955 1904 Χηλῶν
975 1849 989 1863 ·
1025 1834 1330 1906 χειμερινὸς
1353 1834 1408 1886 δὲ
1445 1835 1725 1906 τροπικὸς,
1755 1837 1838 1904 ἐφ’
1878 1828 1938 1889 οὗ

365 1923 510 1977 κατὰ
531 1924 628 1994 τὴν
652 1940 744 1978 του
771 1902 1057 1994 Αίγόκερω
1085 1902 1258 1995 ἀρχὴν
1286 1925 1316 1976 6
1352 1902 1524 1993 ἥλιος,
1553 1923 1645 1976 τοῦ
1679 1902 1819 1977 κατά
1846 1941 1937 1977 κο·
1967 1902 2010 1961 Β

366 2017 542 2088 ρυφὴν
571 2017 727 2087 ἡμῶν
753 2015 916 2069 τόπου
934 2015 1204 2086 ἀφεστὼς,
1239 2017 1508 2088 χειμῶνος
1535 2017 1740 2089 τροπὰς
1768 2021 1940 2071 ποιεῖ-

362 2126 480 2163 ται·
528 2111 887 2181 ἀνταρκτικὸς
930 2110 987 2164 66
1030 2111 1058 2162 6
1089 2109 1168 2181 τῷ
1209 2110 1479 2181 ’Δρκτικῷ
1521 2112 1635 2175 ἴσος
1680 2112 1938 2184 ὑπάρχων

363 2203 499 2276 πρὸς
521 2203 598 2274 τῷ
628 2204 786 2274 νοτίῳ
825 2203 1205 2274 τεθεμάτισται
1230 2204 1406 2274 πόλῳ·
1439 2207 1487 2258 οἱ
1517 2204 1572 2257 66
1596 2204 1683 2258 διὰ
1705 2205 1813 2258 τῶν
1845 2206 1942 2258 πό-

361 2297 470 2350 λων
495 2297 589 2350 καὶ
617 2295 758 2360 λοξοὶ
794 2295 944 2366 παρὰ
966 2295 1064 2366 τὴν
1091 2295 1236 2349 θέσιν
1261 2296 1660 2368 ὠνομάσθησαν
1687 2314 1702 2328 ·
1734 2297 1828 2350 καὶ
1856 2299 1938 2351 ὅτι

360 2388 391 2440 6
429 2388 528 2458 μὲν
549 2386 810 2451 ζωδιακὸς
833 2387 954 2439 ἐπεὶ
982 2390 1039 2440 ἐν
1066 2386 1214 2456 αὑτῷ
1241 2388 1310 2440 τά
1335 2388 1400 2457 ιβ’
1423 2387 1587 2452 ξώδια
1613 2391 1937 2463 κατηστέρι-

362 2495 506 2545 σται,
540 2479 635 2532 τοῦ
663 2477 750 2531 διά
796 2477 962 2548 μέσου
996 2477 1161 2530 αὑτοῦ
1193 2475 1802 2552 κύκλου”ἔ3ραπτομένου
1830 2481 1939 2534 τῶν

358 2570 637 2644 τροπικῶν
670 2571 812 2625 κατά
836 2589 887 2624 τι
919 2570 1077 2641 μόνον
1112 2573 1356 2641 σημεῖον.
1389 2573 1543 2626 Κατὰ
1581 2573 1680 2644 μὲν
1718 2575 1825 2646 γὰρ
1848 2575 1940 2627 τὸν

360 2661 568 2732 θερινὸν
597 2660 851 2732 τροπικὸν
883 2662 916 2731 ὴ
957 2659 1052 2714 τοῦ
1104 2660 1377 2731 Καρκίνου
1411 2663 1557 2714 ἐστὶν
1593 2662 1756 2733 ἀρχὴ,
1801 2663 1940 2716 κατὰ

357 2753 415 2806 66
455 2753 546 2806 τὸν
575 2751 882 2823 χειμερινὸν
923 2749 1017 2805 τοῦ
1046 2750 1346 2822 Αίγόκερω.
1390 2751 1446 2805 '0
1471 2752 1527 2804 66
1559 2752 1818 2820 γαλαξίας
1845 2753 1941 2806 καὶ

360 2847 512 2918 παρὰ
543 2845 642 2916 τὴν
678 2845 867 2916 χροιὰν
911 2844 1244 2914 ὠνόμασται.
1289 2844 1496 2907 Λευκὸς
1525 2845 1632 2916 γάρ
1666 2845 1938 2914 φαίνεται,

359 2939 458 2993 καὶ
499 2937 662 3000 αὑτὸς
708 2937 800 2990 διὰ
844 2935 953 2990 τῶν
996 2934 1272 3006 τροπικῶν
1317 2935 1700 3006 λελοξωμένος,
1745 2937 1940 3007 μικρὸν

365 3031 546 3102 μέντοι
577 3029 920 3083 ὑποπίπτων.
955 3027 1346 3099 Μεσημὸρινός
1375 3044 1456 3090 τε,
1493 3028 1580 3096 ἐφ’
1617 3021 1678 3082 οὗ
1719 3028 1942 3098 τέμνον-

361 3138 452 3183 τος
478 3119 569 3173 τὸν
596 3119 843 3189 ὁρίζοντα
875 3116 982 3189 πρὸ
1007 3118 1054 3150 ²⁰
1088 3117 1197 3172 τῶν
1241 3118 1439 3184 πόλων,
1470 3120 1566 3172 καὶ
1590 3121 1668 3182 εἰς
1695 3119 1786 3172 δύο
1820 3120 1942 3175 τινὰ

361 3211 661 3284 ἡμικύκλια
693 3211 1061 3284 διαιροῦντος,
1093 3203 1169 3267 ὧν
1192 3211 1253 3264 τὸ
1288 3210 1386 3281 μὲν
1423 3211 1784 3265 ἀνατολικὸν
1803 3253 1817 3276 ,
1875 3211 1937 3265 τὸ
1964 3246 2012 3309 c

359 3305 416 3357 66
450 3302 696 3358 ὃυτικὸν
729 3303 1083 3374 ὀνομάζεται,
1135 3302 1421 3374 συμϐαίνει
1479 3303 1580 3366 τάς
1631 3303 1940 3374 μεσημϐρι-

361 3397 457 3460 νάς
500 3397 900 3452 ἀποτελεῖσθαι.
933 3397 1088 3468 Ἔχει
1123 3396 1180 3450 δὲ
1210 3395 1271 3448 τὸ
1305 3395 1403 3466 μὲν
1426 3395 1598 3465 ἥμισυ
1641 3395 1782 3467 ὑπὲρ
1815 3396 1938 3466 γῆν,

359 3491 422 3544 τὸ
461 3491 519 3544 66
548 3491 736 3563 ἕτερον
769 3491 944 3562 ἥμισυ
974 3489 1080 3542 ὑπὸ
1112 3490 1237 3560 γῆν,
1269 3489 1364 3542 καὶ
1398 3487 1560 3552 αὐτὸς
1590 3487 1678 3542 διὰ
1704 3488 1815 3541 τῶν
1846 3489 1942 3542 πό-

359 3582 467 3636 λων
498 3583 944 3654 άντιτεμνόμενος
965 3581 1088 3652 δίχα
1123 3581 1228 3633 ὑπὸ
1255 3579 1348 3633 τοῦ
1380 3579 1673 3651 ὁρίζοντος.
1714 3579 1942 3650 ὐρίζων

361 3673 437 3740 66,
468 3671 609 3726 καθά
651 3670 988 3743 προείρηται,
1013 3671 1105 3723 ἐπὶ
1128 3671 1171 3702 ἰ
1196 3668 1304 3722 τῶν
1333 3668 1712 3741 παραλλήλων.
1752 3669 1810 3722 '0
1845 3669 1942 3739 μὲν

361 3763 470 3833 γὰρ
502 3763 784 3834 ἀρκτικὸς,
805 3762 1086 3833 ἐλάχιστος
1113 3760 1208 3826 ῶν,
1241 3761 1358 3824 ὅλος
1393 3761 1535 3833 ὑπὲρ
1560 3761 1666 3832 γῆν
1695 3762 1839 3814 ἐστι.
1858 3801 1872 3815 .
1892 3801 1940 3830 .,

361 3854 452 3908 διὰ
477 3855 576 3926 τὴν
603 3854 679 3918 ὼς
720 3855 856 3923 πρὸς
887 3853 948 3906 τὸ
987 3853 1086 3924 τῆς
1125 3852 1373 3916 Ἑλλάδος
1407 3852 1575 3923 κλίμα
1601 3851 1694 3905 τοῦ
1734 3852 1941 3923 κόσμου

365 3947 624 4016 ἔγκλισιν,
655 3947 968 4018 ἁπτομένης
997 3946 1161 4000 αὑτοῦ
1189 3946 1291 4016 τῆς
1323 3947 1474 4000 κάτω
1506 3943 1860 4017 περιφερείας

363 4041 456 4094 τοῦ
488 4041 753 4096 ἀνάπαλιν
777 4039 882 4093 ὑπὸ
919 4039 1025 4110 γῆν
1050 4039 1170 4102 ὅλος
1199 4039 1453 4110 ὑπάρχει.
1683 4048 1686 4052 ’

446 4131 504 4184 Ὁ
535 4131 592 4184 δὲ
623 4129 953 4202 ίσημερινὸς,
991 4129 1248 4200 μέγιστος
1274 4127 1371 4192 ῶν,
1411 4128 1573 4198 μέσος
1599 4126 1707 4180 τῶν
1731 4126 1942 4199 παραλ-

362 4220 560 4292 λήλων,
597 4222 658 4275 τὸ
700 4221 798 4292 μὲν
839 4222 1010 4292 ἥμισυ
1055 4219 1168 4291 ἔχει
1210 4219 1350 4290 ὑπὲρ
1399 4219 1503 4289 γῆν
1545 4219 1874 4289 τεμνόμενον
1897 4219 1942 4249 ¹¹

367 4313 472 4370 ὑπὸ
502 4313 594 4368 τοῦ
623 4313 896 4384 ὁρίζοντος
925 4312 1078 4383 δίχα·
1105 4311 1166 4365 τὸ
1186 4312 1243 4365 66
1269 4310 1452 4364 λοιπὸν
1482 4311 1652 4382 ἥμισυ
1686 4309 1790 4364 ὑπὸ
1817 4310 1939 4378 γῆν.

366 4398 708 4474 ’1“έμνεταέ²³
750 4403 838 4456 διὰ
889 4404 1070 4474 μέσων
1110 4403 1232 4472 δίχα
1282 4401 1426 4455 κατὰ
1472 4401 1563 4454 δύο
1598 4403 1834 4472 σημεῖα·
1867 4395 1944 4455 ὧν

365 4495 509 4550 κατὰ
543 4495 641 4566 μὲν
667 4495 729 4548 τὸ
767 4495 824 4548 ἓν
851 4497 883 4566 ἠ
908 4495 1001 4549 τοῦ
1039 4495 1211 4566 Κριοῦ
1246 4496 1394 4548 ἐστιν
1431 4493 1591 4565 ἀρχὴ,
1619 4493 1760 4546 κατὰ
1790 4493 1845 4546 66
1882 4493 1943 4546 τὸ

2040 642 2293 697 diametri
2324 661 2450 698 eum
2484 646 2741 712 invicem,
2793 655 2908 703 tum
2944 653 3134 706 mundi
3183 653 3449 710 diametro
3483 667 3612 711 sunt

2039 737 2297 804 aequales,
2326 747 2379 790 et
2410 754 2642 807 quorum
2691 739 2834 794 idem
2880 749 2965 796 est
2994 743 3294 814 mundique
3336 755 3606 802 centrum.

2039 825 2252 883 Rursus
2298 829 2390 883 ille
2419 829 2512 898 qui
2548 846 2645 899 per
2673 831 2852 887 media
2895 835 3170 888 transiens
3202 837 3355 904 signa
3386 837 3608 903 dicitur,

2039 920 2096 974 in
2129 919 2357 974 zodiaco
2399 920 2578 975 medio
2633 923 2879 992 positus,
2926 922 3190 991 heliacus,
3238 937 3287 981 et
3340 929 3609 997 eclipticus

2040 1013 2379 1082 appellatur;
2426 1013 2692 1080 heliucus,
2743 1017 2889 1086 quod
2932 1018 3110 1087 ipsum
3157 1019 3239 1073 sol
3284 1021 3474 1077 itinere
3509 1040 3610 1077 suo

2039 1112 2319 1174 peragrat,
2387 1106 2659 1173 eclipticus
2737 1108 2881 1176 quod
2957 1109 3008 1161 in
3073 1125 3138 1164 eo
3192 1112 3274 1164 sol
3349 1128 3413 1166 ac
3484 1115 3611 1168 lima

2039 1192 2286 1247 defectus
2317 1193 2619 1262 patiuntur.
2643 1195 2722 1248 Ad
2745 1196 2860 1251 haec
2884 1197 3025 1252 inter
3052 1200 3340 1268 parallelos
3371 1203 3611 1258 arcticus

2040 1283 2116 1337 ita
2152 1284 2468 1339 nominatus
2507 1293 2614 1352 est,
2650 1287 2797 1355 quod
2832 1288 2900 1342 ad
2931 1297 3146 1345 arctoas
3190 1293 3380 1346 mundi
3429 1305 3612 1362 partes

2040 1375 2292 1441 accedat;
2333 1377 2558 1433 aestivus
2585 1379 2850 1449 tropicus,
2880 1381 3137 1450 quoniam
3169 1399 3294 1438 cum
3338 1386 3419 1439 sol
3461 1387 3514 1439 in
3545 1405 3611 1442 co

2037 1477 2312 1533 versatur,
2341 1470 2499 1523 initio
2522 1469 2742 1535 Cancri,
2767 1473 2988 1542 quando
3009 1475 3198 1528 vertici
3227 1485 3415 1531 nostro
3440 1479 3612 1547 putis~

2039 1561 2237 1614 simum
2270 1561 2538 1625 imminet,
2561 1562 2776 1618 aestivas
2804 1565 3187 1620 conversiones
3208 1565 3387 1620 ellicit.
3422 1567 3612 1638 ASqui-

2038 1652 2294 1706 noctialis
2330 1651 2452 1707 ideo
2481 1661 2735 1719 vocatur,
2765 1656 2895 1724 quia
2927 1657 3009 1712 sol
3038 1657 3091 1710 in
3124 1658 3243 1727 ipso
3271 1657 3403 1713 facit
3435 1661 3610 1729 aequi-

2039 1745 2223 1799 noctia
2251 1743 2393 1798 duo:
2429 1761 2678 1813 vernum,
2710 1748 2858 1802 circa
2883 1747 3082 1804 Arietis
3115 1749 3364 1824 initium;
3393 1763 3610 1806 autum-

2040 1835 2193 1901 nale,
2248 1836 2392 1890 circa
2440 1835 2730 1891 Chelarum
2770 1839 3006 1893 initium.
3050 1839 3322 1896 llibernus
3364 1843 3610 1912 tropicus

2038 1936 2144 1992 est,
2195 1929 2252 1982 in
2287 1945 2419 2000 quo,
2453 1929 2601 1984 circa
2631 1931 2847 1985 initium
2879 1931 3224 2002 Capricorni,
3260 1934 3341 1989 sol
3388 1935 3457 1988 ab
3483 1951 3609 1989 ver-

2039 2019 2147 2073 tice
2200 2027 2394 2074 nostro
2455 2019 2670 2086 longius
2723 2021 3024 2077 abscedens
3053 2022 3332 2092 [hibernas
3383 2039 3612 2078 conver-

2039 2111 2223 2167 siones
2262 2111 2442 2166 facit:
2487 2113 2821 2168 antarcticus
2866 2115 3090 2184 aequalis
3131 2116 3338 2170 arctieo
3383 2117 3452 2169 ad
3508 2131 3610 2170 au-

2039 2202 2259 2256 stralem
2283 2204 2468 2271 polum
2495 2203 2824 2267 collocatur;
2849 2204 2942 2273 qui
2967 2213 3145 2260 autem
3173 2221 3270 2276 per
3295 2207 3447 2277 polos
3462 2206 3612 2260 ducti

2038 2293 2125 2348 vel
2167 2293 2372 2363 obliqui
2413 2294 2694 2359 dicuntur,
2755 2297 2826 2349 ab
2867 2297 2976 2349 situ
3024 2311 3222 2352 nomen
3259 2305 3609 2367 acceperunt.

2043 2384 2318 2442 Zodiacus
2347 2385 2468 2442 ideo
2490 2395 2738 2451 vocatur,
2769 2388 2916 2457 quod
2943 2386 2998 2441 in
3024 2403 3088 2442 eo
3118 2388 3402 2443 duodecim
3434 2389 3610 2452 zodia,

2038 2476 2145 2532 hoc
2188 2483 2273 2531 est
2312 2475 2758 2531 constellationes
2796 2476 3135 2541 animalium,
3165 2477 3410 2548 efﬁgiatae
3433 2486 3563 2533 sunt
3593 2497 3609 2534 :

2040 2567 2201 2638 cujus
2222 2569 2278 2622 in
2307 2568 2488 2622 medio
2519 2567 2612 2638 qui
2637 2569 2938 2622 collocatus
2970 2574 3052 2621 est
3091 2568 3332 2624 circulus
3372 2570 3613 2640 tr0picos

2038 2658 2097 2712 in
2141 2672 2252 2711 uno
2300 2665 2510 2726 puncto
2561 2657 2852 2727 contingit.
2893 2656 3028 2710 Nam
3082 2659 3138 2712 in
3182 2659 3372 2714 aestivo
3403 2660 3615 2728 tr0pico

2039 2749 2239 2804 Cancri
2259 2755 2344 2804 est
2370 2749 2608 2815 initium,
2654 2749 2712 2802 in
2733 2749 2984 2812 hiberno,
3009 2745 3354 2818 Capricorni.
3382 2749 3615 2805 Lacteus

2039 2839 2283 2895 circulus
2335 2855 2366 2893 a
2397 2840 2582 2894 colore
2614 2839 2696 2893 sic
2725 2837 2926 2892 dicitur
2952 2857 2967 2892 :
2998 2840 3200 2908 quippe
3229 2840 3498 2895 candidus
3519 2857 3618 2911 ap-

2040 2939 2215 2999 paret,
2241 2945 2306 2984 ac
2339 2946 2440 3001 per
2465 2931 2710 3000 tr0picos
2736 2931 2960 3000 obliquo
2996 2937 3050 2986 et
3095 2931 3210 3002 ipse
3245 2939 3424 2986 tractu
3460 2933 3618 2987 duci-

2038 3029 2151 3088 tur,
2173 3023 2426 3093 quamvis
2453 3022 2735 3092 paululum
2780 3023 2924 3076 citra
2973 3022 3240 3078 ﬂectitur.
3283 3023 3616 3081 Meridianus

2040 3124 2144 3181 est,
2171 3116 2226 3169 in
2259 3131 2368 3185 quo
2397 3114 2668 3170 finitorem
2697 3113 2764 3168 ad
2804 3114 2962 3185 polos
3006 3122 3249 3180 secante,
3285 3122 3342 3170 et
3389 3116 3444 3168 in
3476 3116 3618 3173 duos

2042 3203 2424 3259 semicirculos
2502 3203 2815 3271 dividente;
2879 3218 3116 3274 quorum
3187 3221 3330 3260 unus
3379 3208 3615 3270 ortivus,

2046 3297 2184 3350 alter
2235 3294 2484 3351 occiduus
2517 3295 2760 3362 dicitur,
2811 3296 3116 3351 meridiana
3173 3305 3446 3351 momenta
3485 3313 3619 3352 con-

2045 3385 2284 3456 tingunt.
2344 3385 2520 3455 Hujus
2562 3401 2689 3456 pars
2747 3386 2972 3440 dimidia
3029 3380 3196 3458 supra
3239 3397 3439 3441 terram
3496 3396 3614 3457 est;

2045 3477 2151 3532 sub
2194 3484 2342 3532 terra
2392 3477 2618 3532 dimidia
2664 3492 2792 3548 pars
2842 3478 3034 3532 altera.
3065 3477 3211 3533 ldem
3243 3486 3296 3534 et
3335 3495 3433 3549 per
3461 3480 3618 3549 polos

2043 3566 2298 3622 bifariam
2329 3569 2400 3622 ab
2433 3568 2716 3624 horizonte
2746 3568 3048 3624 dividitur:
3079 3569 3543 3640 quemadmodum
3584 3587 3617 3626 a

2042 3659 2321 3730 parallelis
2363 3659 2707 3716 horizontem
2751 3661 2932 3730 ipsum
2973 3662 3147 3716 secari
3181 3662 3617 3719 diximusznam

2044 3754 2318 3821 arcticus,
2377 3753 2638 3809 minimus
2685 3768 2809 3808 cum
2866 3755 2958 3818 sit,
3008 3761 3157 3811 totus
3202 3771 3366 3826 supra
3411 3763 3615 3811 terram

2044 3845 2246 3898 eminet
2279 3885 2292 3900 .
2325 3883 2338 3897 .
2369 3883 2382 3896 .
2412 3885 2426 3899 .
2455 3882 2468 3896 .
2504 3844 2575 3899 ob
2623 3844 3035 3901 inclinationem
3086 3847 3274 3901 mundi
3308 3848 3614 3903 secundum

2044 3933 2266 3992 Graeciae
2295 3937 2480 4000 clima,
2505 3937 2804 4008 attingente
2834 3938 3012 4007 ipsum
3047 3937 3304 3994 inferiore
3331 3940 3565 3996 ambitu.
3596 3974 3616 4000 .

2097 4067 2114 4084 .
2145 4069 2158 4081 .
2196 4029 2316 4083 vice
2341 4043 2498 4084 versa
2519 4036 2670 4085 totus
2700 4029 2805 4084 sub
2825 4037 2972 4084 terra
3002 4029 3298 4086 delitescit.

2114 4120 2537 4192 Equinoctialis
2569 4122 2812 4178 circulus
2861 4124 3161 4188 maximus,
3209 4139 3276 4180 ac
3329 4125 3622 4195 parallelo-

2042 4228 2166 4268 rum
2197 4212 2431 4276 medius,
2456 4211 2685 4267 dimidia
2717 4214 2802 4266 sui
2831 4221 2986 4284 parte
3013 4229 3180 4285 supra
3209 4221 3415 4269 terram
3453 4216 3586 4270 attol

2043 4307 2195 4373 litur,
2226 4305 2481 4361 bifariam
2513 4307 2584 4360 ab
2613 4307 2898 4362 horizonte
2925 4307 3159 4371 divisus,
3191 4307 3360 4362 altera
3389 4307 3618 4363 dimidia

2043 4408 2200 4470 parte
2233 4401 2338 4455 sub
2369 4407 2516 4456 terra
2565 4401 2915 4471 deprimitur.
2970 4400 3030 4454 In
3085 4400 3186 4455 has
3241 4415 3374 4455 vero
3430 4409 3620 4472 partes

2044 4491 2182 4548 duas
2210 4491 2423 4548 duobus
2454 4491 2508 4544 in
2566 4491 2786 4561 punctis
2821 4498 3075 4546 secatur:
3117 4505 3349 4560 quorum
3395 4491 3450 4545 in
3507 4507 3620 4546 uno

365 4588 609 4661 ἓτερονὴ
642 4589 748 4643 τῶν
792 4589 1010 4660 Χηλῶν.
1054 4587 1160 4642 Τοῦ
1207 4587 1390 4658 μέντοι
1428 4585 1640 4658 θερινοῦ
1679 4584 1942 4658 τροπικοῦ

2047 4585 2249 4641 Arietis
2299 4595 2384 4640 est
2424 4584 2657 4648 initium,
2687 4583 2739 4637 in
2794 4584 2987 4650 altero,
3041 4583 3353 4638 Chelarum.
3401 4582 3618 4654 Tropici

367 4683 526 4736 πλέον
549 4682 582 4754 ἢ
609 4682 669 4735 τὸ
695 4682 867 4752 ἥμισυ
898 4681 1038 4751 ὑπὲρ
1069 4681 1174 4750 γῆν
1199 4681 1304 4734 ὑπὸ
1330 4679 1423 4733 τοῦ
1445 4680 1716 4750 ὁρίζοντος
1746 4679 1944 4751 τέμνε-

366 4789 484 4827 ται·
519 4772 580 4825 16
609 4771 666 4826 66
698 4771 883 4824 λοιπὸν
911 4771 1083 4840 ἦμισυ
1117 4771 1223 4824 ὑπὸ
1253 4771 1354 4840 γῆν
1380 4771 1518 4823 ἐστι.
1556 4771 1667 4824 Καὶ
1704 4770 1796 4823 τοῦ
1835 4789 1947 4841 χει-

368 4863 589 4936 μερινοῦ
618 4863 675 4916 66
696 4861 955 4934 τροπικοῦ
986 4862 1270 4916 ἀνάπαλιν.
1303 4864 1424 4917 Είσί
1453 4881 1510 4917 τε
1536 4864 1821 4926 ἐλάσσονες
1847 4865 1944 4935 μέν

364 4957 475 5009 τῶν
521 4957 826 5028 μεγίστων·
861 4956 1107 5026 μείζονες
1135 4956 1191 5008 δέ
1217 4955 1326 5008 τῶν
1359 4956 1677 5026 ἐλαχίστων.
1714 4957 1776 5010 Οἱ
1815 4956 1861 4989 ³⁸
1887 4957 1945 5010 66

365 5049 608 5121 ἀλλήλοις
641 5049 778 5120 μετὰ
809 5051 935 5108 τοὺς
960 5049 1266 5120 μεγίστους,
1285 5050 1386 5101 ὅτε
1417 5047 1626 5120 Θερινὸς
1652 5047 1729 5118 τῷ
1757 5065 1945 5118 χειμε-

367 5137 519 5208 ρινῷ,
548 5140 641 5191 καὶ
671 5141 699 5191 6
727 5138 985 5208 ἀρκτικὸς
1024 5137 1103 5208 τῷ
1141 5136 1507 5208 άνταρκτικῷ.
1551 5137 1682 5189 Ἀπὸ
1707 5137 1814 5208 γὰρ
1846 5136 1941 5190 τοῦ

371 5229 682 5302 ίσημερινοῦ
711 5229 823 5284 ῐσον
849 5230 1163 5300 ἀπέχουσιν,
1197 5229 1256 5292 ὃς
1282 5227 1370 5281 διὰ
1404 5228 1497 5282 τοῦ
1531 5229 1760 5300 κέντρου
1796 5230 1942 5282 ἐστὶν

369 5360 385 5374 .
408 5361 422 5374 .
447 5359 462 5374 .
485 5360 498 5374 .
521 5363 536 5376 .
555 5322 612 5373 ἐν
639 5321 924 5390 διαφοραῖς
967 5320 1079 5373 ἴσον
1106 5319 1402 5390 ἀπέχοντος
1442 5319 1548 5372 ἀπὸ
1574 5320 1668 5372 τοῦ
1717 5321 1942 5390 κέντρου

367 5412 473 5466 ῐσοι
505 5411 632 5465 εἰσί.
662 5413 1009 5482 Τεμνομένου
1049 5411 1156 5482 γὰρ
1189 5411 1283 5465 τοῦ
1329 5412 1704 5484 μεσημϐρινοῦ
1743 5413 1942 5466 κύκλου

366 5503 446 5565 είς
474 5503 550 5568 τξ¹
585 5501 800 5572 μοίρας,
843 5503 952 5556 ἀπὸ
981 5504 1026 5534 ⁸⁸
1069 5501 1446 5573 μεσημϐρινοῦ
1475 5501 1677 5555 κύκλου
1710 5503 1804 5558 ἐπὶ
1850 5505 1941 5557 τὸν

365 5594 623 5666 ἀρκτικὸν
648 5593 845 5648 κύκλον
877 5593 1088 5665 μοιρῶν
1125 5591 1212 5659 τς¹
1241 5595 1286 5630 ³-⁸
1306 5611 1319 5624 ·
1354 5593 1462 5646 ἀπὸ
1494 5593 1552 5646 66
1591 5593 1684 5647 τοῦ
1730 5595 1822 5648 ἐπὶ
1850 5596 1942 5651 τὸν

2045 4678 2220 4734 aestivi
2272 4679 2506 4748 amplius
2552 4677 2779 4732 dimidio
2833 4677 2906 4732 ab
2959 4677 3246 4732 horizonte
3300 4678 3619 4731 intercisum

2048 4786 2218 4842 supra
2266 4777 2470 4826 terram
2508 4771 2768 4840 assurgit,
2798 4771 3068 4840 reliquum
3123 4769 3225 4826 sub
3257 4778 3459 4825 terram
3494 4770 3621 4824 abs-

2045 4864 2323 4921 conditur.
2387 4864 2594 4918 Contra
2657 4879 2717 4919 se
2788 4863 2952 4918 habet
3022 4864 3290 4918 hibernus
3349 4864 3617 4932 tropicus.

2044 4957 2222 5011 Ambo
2269 4957 2360 5011 isti
2398 4965 2459 5011 ut
2501 4955 2742 5011 minores
2787 4955 3042 5011 maximis
3074 4964 3224 5020 sunt,
3267 4956 3347 5012 sic
3380 4954 3620 5009 minimis

2048 5050 2311 5119 majores.
2363 5048 2495 5104 Post
2549 5050 2818 5104 maximos
2881 5048 3119 5117 aequales
3176 5055 3304 5102 sunt
3362 5046 3617 5106 invicem,

2047 5142 2293 5210 tropicus
2344 5141 2569 5196 aestivus
2613 5139 2864 5204 hiberno,
2916 5145 2970 5192 et
3005 5137 3242 5191 arcticus
3273 5134 3616 5189 antarctico:

2048 5233 2251 5303 quippe
2285 5231 2354 5285 ab
2386 5229 2756 5299 aequinoctiali
2781 5229 2981 5282 distant
3009 5225 3293 5296 :equalitcr
3321 5243 3334 5279 :
3367 5222 3463 5292 qui
3491 5236 3620 5274 cen-

2047 5331 2193 5378 trum
2223 5323 2530 5378 continent.
2565 5323 2668 5388 Qui
2703 5331 2881 5375 antem
2912 5320 3104 5374 circuli
3141 5335 3210 5372 ex
3243 5332 3400 5386 aequo
3425 5311 3618 5368 remoti

2050 5396 2185 5468 sunt
2233 5427 2264 5466 a
2309 5421 2522 5474 centro,
2568 5420 2696 5466 sunt
2741 5411 2981 5479 aequales
3023 5410 3278 5464 invicem.
3309 5405 3524 5459 Etenim
3569 5402 3616 5456 si

2048 5505 2413 5560 meridianum
2463 5505 2732 5560 circulum
2784 5508 2837 5557 in
2893 5502 2999 5558 560
3060 5510 3244 5572 partes
3293 5497 3618 5559 distribuas,

2049 5604 2218 5652 erunt
2257 5611 2288 5651 a
2320 5597 2445 5668 polo
2473 5595 2665 5652 mundi
2699 5595 2764 5649 ad
2801 5594 3064 5650 arcticum
3111 5591 3401 5655 circulum,
3433 5594 3620 5658 partes

441 5779 480 5810 ιο
505 5778 544 5847 [⁸
580 5776 772 5855 ρητςὲις,
836 5777 896 5855 *ιο
925 5777 965 5846 f.
985 5776 1096 5855 6:6.
1145 5779 1226 5855 _“_
1255 5777 1378 5855 ὑπό.
1440 5779 1497 5855 _“
1529 5777 1570 5846 f.
1602 5779 1943 5851 τεμνόμενος.

2041 5780 2072 5812 ’³
2097 5780 2139 5851 ί.
2164 5781 2417 5855 τέμνεται
2441 5781 2519 5840 δέ.
2596 5781 2642 5815 ¹’·
2665 5781 2705 5852 Ῑ.
2741 5782 2865 5837 ῐσοι.
2939 5779 2984 5812 ’⁵
3018 5777 3234 5834 Videtur
3261 5774 3426 5830 πόλου
3441 5772 3620 5843 legem

367 5846 512 5906 dum.
591 5850 636 5881 “
669 5847 795 5919 Leg.
836 5846 943 5915 λς’.
977 5847 1106 5904 Mox
1134 5847 1240 5903 61:6
1271 5847 1328 5902 δέ
1363 5847 1574 5903 τούτου.
