4106 6424
495 383 662 456 "nsi

1559 406 1654 462 AD
1689 406 1958 464 EUSEBII
2001 407 2398 466 CIIRONICON
2434 411 2796 468 APPENDIX.

3645 417 3790 476 H53

525 514 614 570 56.
643 513 782 568 Hinc
797 511 864 568 ad
887 515 1136 570 aestivum
1161 516 1452 587 tropicum,
1477 517 1579 586 50;
1613 519 1682 575 ab
1711 521 1816 578 hoc
1837 522 1904 577 ad
1932 522 2104 592 requi-

2209 525 2422 597 Θερινὸν
2454 527 2714 598 τροπικὸν
2755 525 2800 579 λ’
2827 539 2842 554 ⁸
2863 527 2957 596 ἀφ’
2983 517 3046 580 οὗ
3073 525 3168 582 ἐπὶ
3193 527 3288 582 τδν
3315 529 3627 604 ἰσημερινὸν
3671 535 3750 586 κδ’
3767 551 3785 568 ·

523 605 816 660 noctialem
849 605 918 660 24
943 623 960 673 ;
988 607 1116 662 inde
1160 607 1226 662 ad
1259 611 1644 675 antarcticum,
1681 611 1782 675 50;
1837 629 1867 666 a
1898 630 2006 684 quo
2035 614 2102 668 ad

523 693 710 761 polum
759 695 1054 748 australem
1099 694 1188 749 56.
1235 694 1330 752 Hae
1378 707 1508 752 sunt
1555 698 1659 753 180
1705 710 1890 770 partes
1939 718 2102 772 supra

523 795 726 840 terram
775 787 1106 857 emergentis
1151 788 1562 860 hemisphaerii:
1601 793 1825 864 reliqua:
1874 795 2102 850 alterius

523 885 654 935 sunt
681 877 784 934 sub
815 887 960 932 terra
993 879 1218 935 conditi.

1159 990 1238 1046 De
1278 993 1464 1048 astris.

591 1103 728 1159 Vlll.
761 1103 1050 1160 Astrorum
1093 1105 1199 1160 alia
1227 1105 1354 1170 lixa,
1373 1107 1478 1161 alia
1515 1109 1759 1162 errantia
1792 1119 2059 1164 vocantur
2079 1133 2097 1166 :

523 1195 628 1251 ﬁxa
640 1197 916 1260 dicuntur,
931 1197 1120 1266 quaain
1141 1197 1330 1252 mundi
1358 1199 1766 1268 superﬁciejnon
1787 1207 2096 1260 moventur.

521 1289 620 1346 sed
650 1289 906 1344 eumdem
957 1288 1206 1344 ordinem
1241 1290 1387 1344 inter
1437 1305 1496 1345 se
1551 1299 1811 1360 perpetuo
1852 1299 2093 1346 servant.

521 1381 772 1435 Errantia
801 1388 930 1438 sunt
977 1381 1141 1438 solet
1171 1382 1323 1448 luna,
1353 1397 1418 1436 ac
1452 1383 1633 1436 caeteri
1667 1384 1896 1452 planetae
1937 1384 2098 1453 quin-

523 1487 650 1542 que.
701 1473 778 1527 Ex
823 1473 910 1527 his
941 1473 1088 1526 enim
1143 1473 1227 1526 sol
1262 1509 1278 1526 .
1306 1513 1320 1529 .
1355 1513 1370 1528 .
1403 1473 1460 1526 in
1497 1487 1608 1526 uno
1649 1473 1862 1527 zodiaci
1903 1473 2096 1528 circuli

521 1563 642 1616 loco
667 1570 970 1626 moventur,
1009 1561 1302 1617 stationem
1333 1561 1632 1617 faciunt....
1675 1561 2004 1632 repedantes
2028 1562 2096 1616 ad

525 1663 892 1726 permeantem
923 1655 1102 1710 media
1136 1655 1294 1725 signa
1339 1655 1611 1709 circulum
1647 1673 1660 1708 :
1693 1661 1746 1708 et
1779 1655 1847 1708 ad
1881 1664 2097 1725 septen-

522 1749 752 1812 triones,
787 1756 880 1802 aut
908 1745 1064 1818 147
1082 1747 1388 1812 meridiem,
1405 1747 1686 1816 aequaliter
1711 1747 1776 1800 ad
1801 1753 2098 1816 utrumque

522 1836 894 1894 deﬂectentes.
933 1837 1296 1892 lnerrantium
1327 1836 1609 1891 stellarum
1638 1835 1759 1889 alia:
1787 1836 1854 1889 ad
1880 1836 2094 1905 aquilo-

529 1947 650 1984 nem
685 1945 714 1982 a
749 1931 976 1984 zodiaca
999 1929 1208 1982 circulo
1237 1927 1502 1983 recedunt
1530 1945 1544 1983 :
1579 1927 1644 1982 ad
1669 1933 1916 1982 austrum
1949 1927 2090 1982 alite.

527 2021 796 2076 Dicuntur
842 2027 1024 2074 autem
1063 2021 1316 2075 boreales
1346 2027 1552 2089 partes,
1585 2018 1812 2084 dextrae,
1846 2019 2100 2087 superio-

525 2125 764 2179 resque:
821 2117 882 2163 ut
934 2125 1054 2179 qua:
1086 2109 1436 2164 sublimiores
1481 2109 1753 2164 exsistant
1794 2109 2087 2174 australes,

527 2203 787 2264 sinistrae,
817 2209 871 2256 et
905 2201 1210 2256 inferiores.
1240 2199 1358 2254 Jam
1391 2215 1524 2254 vero
1566 2215 1690 2255 cum
1749 2201 1990 2256 mundus
2031 2201 2100 2255 ab

523 2304 648 2350 ortu
675 2302 959 2347 moveatur
983 2293 1037 2346 in
1063 2307 1344 2356 occasum,
1367 2291 1650 2346 contrario
1687 2301 1836 2346 motu
1873 2292 2102 2362 planetas

523 2385 890 2441 nihilominus
950 2387 1276 2455 agitantur:
1329 2399 1396 2439 ac
1445 2393 1670 2454 propter
1726 2385 2103 2442 conversionis

525 2475 716 2530 mundi
747 2475 1110 2542 celeritatem,
1144 2474 1334 2532 itidem
1367 2482 1429 2530 ut
1465 2475 1774 2534 inerrantes
1815 2475 1874 2532 in
1916 2478 2102 2533 orbem

525 2568 747 2622 cientur

1177 2769 1258 2834 De
1288 2773 1460 2828 zonis.

597 2889 690 2946 IX.
710 2891 992 2946 Parallelis
1009 2889 1232 2946 circulis
1249 2905 1401 2945 zona:
1416 2888 1660 2960 quinque
1673 2885 1934 2956 subjectae
1959 2891 2110 2939 sunt:

527 2982 786 3046 borealis,
806 2995 927 3052 qua:
954 2988 1068 3035 tota
1099 2994 1265 3050 supra
1283 2986 1484 3034 terram
1505 2977 1751 3032 eminens
1779 2983 1882 3040 est,
1901 2971 2114 3027 inhabi-

528 3067 733 3138 t'abilis,
759 3075 982 3138 alsiosa,
1011 3071 1251 3128 Saturno
1271 3071 1448 3126 dicata
1469 3067 1840 3138 ;sexagesima
1857 3061 2114 3134 scrupula

525 3181 624 3223 sex
641 3173 856 3238 patens,
886 3181 951 3221 ac
971 3163 1273 3220 stadiorum
1300 3162 1534 3230 25,200;
1568 3175 1692 3214 nam
1715 3157 1974 3228 scrupulo
1993 3153 2113 3210 cui-

2211 617 2304 686 ἀφ’
2331 612 2393 672 οὗ
2421 621 2516 672 ἐπὶ
2547 619 2642 671 τὸν
2686 619 2944 688 ἀρκτικὸν
2973 621 3016 652 ³⁷
3047 619 3112 674 λ’.
3146 621 3308 674 Ὅθεν
3341 624 3433 676 ἐπὶ
3475 623 3566 676 τὸν
3601 625 3787 695 ἀφανῆ

2209 709 2372 764 πόλον
2399 711 2508 775 λς’.
2539 709 2648 764 Καί
2675 712 2812 764 εἰσιν
2839 705 2997 764 αῦται
3020 711 3113 764 τοῦ
3139 712 3278 784 ὑπὲρ
3301 713 3403 784 γῆν
3425 714 3786 786 ἡμισφαιρίου

2211 800 2414 873 μοιρῶν
2449 808 2560 874 ρπ¹,
2587 803 2644 856 αἰ
2681 802 2740 854 δὲ
2767 802 2950 855 λοιπαὶ
2982 801 3075 855 τοῦ
3110 803 3214 856 ὑπὸ
3237 805 3358 876 γῆν.

2773 999 2917 1067 Περὶ
2946 999 3200 1068 ἄστρων.

2280 1108 2363 1162 H'.
2399 1107 2520 1164 Τῶν
2543 1109 2600 1163 δὲ
2626 1109 2840 1182 ἄστρων
2862 1109 2932 1163 τὰ
2964 1111 3062 1181 μὲν
3083 1111 3298 1183 ἀπλανῆ
3331 1113 3594 1178 καλεῖται,
3627 1115 3697 1168 τὰ
3723 1117 3786 1169 δὲ

2206 1197 2528 1270 πλανώμενα
2545 1217 2558 1229 ·
2594 1201 2808 1270 ἀπλανῆ
2836 1203 2933 1271 μὲν
2955 1203 3022 1254 τὰ
3048 1204 3188 1257 κατὰ
3216 1204 3313 1276 τὴν
3341 1205 3664 1276 ἐπιφάνειαν
3686 1207 3784 1260 τοῦ

2205 1289 2412 1359 κόσμου
2449 1289 2524 1361 μὴ
2549 1290 2862 1362 κινούμενα,
2897 1293 3010 1345 ἀλλ’
3035 1294 3122 1346 ἀεὶ
3143 1293 3240 1366 τὴν
3271 1295 3441 1366 αὐτὴν
3467 1295 3660 1365 ἔχοντα
3689 1299 3786 1352 τά·

2205 1379 2286 1445 ξιν
2319 1381 2456 1452 πρὸς
2499 1381 2702 1453 ἄλληλα
2725 1400 2738 1414 ·
2779 1383 3110 1454 πλανώμενα
3155 1385 3212 1438 δέ
3259 1387 3407 1440 ἐστιν
3443 1389 3472 1441 ὅ
3519 1405 3580 1441 τε
3630 1390 3788 1459 ἥλιος

2202 1472 2297 1524 καὶ
2337 1473 2372 1544 ὴ
2413 1472 2632 1545 σελήνη,
2675 1475 2768 1528 καὶ
2803 1477 2852 1527 oi
2893 1479 2934 1526 ε’
2966 1476 3230 1547 πλανῆται
3275 1477 3523 1549 ἀστέρες.
3563 1480 3787 1534 Τούτων

2188 1562 2312 1634 ,γὰρ
2340 1564 2368 1615 ό
2411 1563 2508 1634 μὲν
2539 1565 2690 1635 ἥλιος
2719 1607 2730 1620 .
2761 1603 2777 1618 .
2800 1605 2815 1619 .
2842 1607 2855 1621 .
2895 1567 2980 1635 ἐφ’
3013 1567 3130 1632 ἑνὸς
3175 1569 3339 1622 τόπου
3379 1569 3642 1634 ζωδιακοῦ
3683 1573 3788 1624 κύ-

2203 1655 2332 1708 κλου
2358 1658 2650 1721 κινοῦνται,
2672 1659 3015 1730 στηρίζονται
3035 1675 3050 1690 '
3087 1699 3098 1715 .
3127 1701 3138 1711 .
3167 1700 3181 1713 .
3211 1699 3224 1713 .
3250 1661 3664 1726 ἀναποδίζοντες
3693 1663 3790 1716 ἐπὶ

2201 1745 2294 1800 τὸν
2321 1747 2409 1800 διὰ
2443 1748 2608 1818 μέσου
2637 1749 2727 1803 τὸν
2771 1749 3032 1814 ζωδιακὸν
3055 1749 3273 1816 κύκλον,
3317 1751 3610 1823 παριόντες
3649 1751 3790 1822 πρός

2200 1855 2260 1890 τε
2293 1838 2393 1903 τὰς
2423 1840 2687 1910 ἀρκτικὰς
2747 1841 2840 1894 καὶ
2885 1842 3024 1912 πρὸς
3054 1842 3402 1914 μεσημϐρίαν
3448 1841 3509 1896 τδ
3549 1842 3662 1896 ἴσον
3701 1843 3790 1910 ἐφ’

2197 1932 2455 2002 ἑκάτερα.
2503 1931 2624 1986 Τῶν
2665 1932 2723 1984 δὲ
2757 1933 3046 2004 πλανήτων
3083 1933 3128 1966 ’³
3156 1933 3225 1987 τὰ
3264 1935 3361 2006 μὲν
3407 1933 3546 2004 πρὸς
3583 1935 3791 2006 βορρᾶν

2197 2023 2378 2074 κεῖται
2401 2022 2496 2076 τοῦ
2533 2023 2802 2088 ζωδιακοῦ
2833 2024 3056 2092 κύκλου,
3097 2025 3166 2078 τὰ
3196 2024 3252 2078 δὲ
3291 2026 3429 2096 πρὸς
3462 2027 3636 2080 νότον.
3669 2029 3790 2080 Κα-

2197 2112 2368 2165 λεῖται
2393 2113 2451 2166 δὲ
2489 2114 2557 2168 τὰ
2597 2115 2696 2184 μὲν
2729 2114 2918 2186 βόρεια
2950 2116 3091 2187 μέρη
3133 2115 3284 2182 δεξιά
3323 2135 3383 2170 τε
3426 2117 3521 2170 καὶ
3553 2119 3686 2183 ἄνω,
3729 2119 3792 2170 ἐν

2201 2203 2327 2273 ὕψει
2353 2203 2552 2274 μᾶλλον
2587 2205 2924 2277 ὑπάρχοντα,
2963 2207 3030 2260 τὰ
3061 2207 3118 2260 δὲ
3143 2207 3295 2262 νότια
3321 2205 3578 2280 εὐώνυμά
3599 2225 3657 2262 τε
3697 2211 3794 2264 καὶ⁸

2201 2295 2374 2351 κάτω.
2409 2297 2520 2350 Τοῦ
2552 2297 2736 2369 μέντοι
2763 2299 2970 2369 κόσμου
3007 2299 3106 2371 τὴν
3147 2301 3242 2354 ἀπ’
3277 2301 3548 2371 ἀνατολῆς
3583 2301 3676 2354 ἐπὶ
3707 2302 3796 2356 δύ-

2203 2403 2290 2442 σιν
2323 2389 2498 2460 φορὰν
2546 2391 2938 2460 στρεφομένου,
2969 2392 3070 2463 τὴν
3113 2393 3364 2446 ἐναντίαν
3391 2393 3541 2463 αὐτῷ
3576 2396 3626 2447 ol
3656 2394 3796 2448 πλα-

2203 2483 2364 2553 νῆται
2407 2483 2722 2554 ποιούμενοι
2757 2485 2983 2554 πορείαν
3016 2485 3168 2538 οὐδὲν
3192 2481 3356 2558 ἦττον
3385 2485 3466 2559 [ἢ]
3495 2487 3584 2542 διὰ
3609 2486 3672 2540 τὺ
3696 2488 3796 2542 τά·

2204 2591 2299 2647 χος
2332 2575 2434 2646 τῆς
2460 2575 2554 2630 τοῦ
2586 2577 2794 2648 κόσμου
2821 2579 3216 2652 περιστροφῆς,
3243 2581 3796 2654 συμπεριστρεφόμε-

2210 2686 2288 2724 μοι
2317 2669 2520 2742 ὁμοίως
2547 2669 2610 2743 δὴ
2634 2671 2747 2734 τοῖς
2771 2669 3066 2725 ἀπλανέσιν
3093 2673 3334 2744 ἄστροις.

2633 2783 2775 2854 Περὶ
2793 2782 2913 2838 τῶν
2930 2785 3017 2856 λέν
3045 2783 3126 2856 τῇ
3155 2784 3367 2846 ζωνῶν.

2281 2895 2560 2950 Θ’..Ζῶναι
2591 2895 2650 2950 δέ
2691 2897 2798 2950 είσι
2827 2895 2930 2967 τῆς
2964 2895 3068 2967 γῆς
3105 2896 3211 2950 ὑπὸ
3243 2898 3370 2963 τοὺς
3414 2896 3796 2969 παραλλήλους

2215 2989 2448 3055 κύκλους
2471 2991 2670 3062 ὁμοίως
2705 2997 2746 3043 ε’
2765 3008 2780 3021 ·
2811 2989 3040 3062 βόρειος,
3069 2989 3166 3062 ὅλη
3198 2989 3492 3062 μετέωρος,
3520 2991 3795 3062 ἀοίκητος,

2218 3081 2628 3154 κατεψυγμένη,
2676 3080 2926 3152 Κρόνου’,
2983 3079 3292 3152 ἑξηκοστῶν
3321 3081 3419 3152 μὲν
3453 3079 3526 3146 ς’,
3567 3081 3798 3135 σταδίων

2219 3173 2277 3226 δὲ
2296 3173 2600 3244 δισμυρίων
2646 3179 2739 3244 ιεσ¹
2760 3189 2774 3203 ·
2805 3171 2866 3226 τδ
2893 3170 3004 3244 γὰρ
3047 3171 3339 3243 ἑξηκοστὸν
3371 3173 3598 3226 σταδίων
3623 3173 3794 3240 ἐστὶν,

525 3223 865 3330 ειυθέιεάίεῖ
886 3261 1202 3328 competunt
1239 3223 1400 3320 1.206
1443 3223 1578 3325 ιίιέιο
1615 3223 1865 3322 ινεοοιί
1884 3223 2175 3336 aestum?
2211 3223 2320 3338 ,ξεῖ
2333 3223 3793 3336 ἰἐῗ⁷ὸὲῥίζρ’ὴ,’ῐπλειοιιι’ἐίᾌυὲέίζὰίᾉὲέρὶέδᾷἐρίζονέαῖ

527 3351 690 3420 cujus
729 3350 907 3420 major
931 3363 1060 3420 pars
1107 3361 1272 3420 supra
1307 3347 1578 3402 linitorem
1627 3342 1944 3409 extollitur;
1975 3348 2114 3396 tem-

528 3453 736 3514 perata,
771 3442 830 3496 in
861 3457 969 3512 qua
1001 3441 1152 3512 regio
1185 3446 1380 3495 nostra
1409 3438 1516 3494 sita
1540 3443 1658 3502 est;
1687 3434 1952 3488 attributa
1968 3429 2110 3498 Jovi,

527 3535 908 3606 scrupulorum
950 3533 1214 3605 quinque,
1262 3531 1566 3587 stadiorum
1597 3525 1836 3594 21,000;
1870 3525 2115 3596 aequino-

527 3629 710 3684 ctialis
743 3627 1006 3697 aequalem
1041 3639 1230 3696 supra,
1277 3623 1528 3693 infraque
1580 3619 1920 3674 horizontem
1967 3615 2114 3671 obti-

529 3736 668 3776 nens
701 3727 912 3790 partem
933 3755 952 3786 ,
979 3716 1354 3773 inhabitabilis
1380 3722 1488 3780 est,
1529 3722 1744 3776 exusta,
1774 3709 1964 3765 Martis
1994 3721 2118 3778 pro-

531 3812 674 3882 pria,
701 3808 1061 3880 amplitudine
1079 3805 1464 3876 scrupulorum
1483 3810 1629 3872 octo,
1643 3803 1748 3856 hoc
1765 3808 1850 3856 est
1875 3802 1942 3856 ab
1966 3808 2118 3854 utra-

533 3917 642 3972 que
697 3899 1098 3970 aequinoctialis
1149 3905 1304 3968 parte
1355 3907 1626 3966 quatuor;
1685 3892 1778 3946 hic
1814 3892 1960 3946 enim
2004 3899 2116 3944 tam

533 3993 733 4064 ipsam,
757 4005 922 4062 quam
951 3998 1122 4044 totam
1147 3988 1414 4058 sphaeram
1437 3982 1675 4040 mediam
1697 3981 1912 4038 dividit.
1943 3979 2118 4036 liabet

534 4087 834 4144 stadiorum
857 4083 1088 4150 33,600;
1115 4081 1367 4137 hiemalis
1383 4085 1578 4136 contra
1601 4083 1764 4146 atque
1791 4075 1979 4131 aestiva
2002 4089 2120 4128 ma-

527 4180 638 4252 jori
675 4179 761 4236 sui
791 4187 947 4249 parte
975 4177 1077 4232 sub
1101 4175 1385 4230 horizonte
1406 4173 1572 4236 latet,
1602 4168 1942 4234 habitabilis,
1980 4173 2120 4222 tem-

533 4277 754 4342 perata,
794 4269 978 4322 dicata
1011 4263 1648 4334 Veneri,scrupulorum
1690 4261 1956 4332 quinque,
2001 4267 2117 4314 sta-

533 4363 750 4420 diorum
780 4362 844 4416 2i
859 4361 984 4426 ,000
1004 4377 1022 4427 ;
1045 4357 1324 4424 australis,
1358 4371 1478 4427 qua:
1503 4362 1616 4410 tota
1641 4352 1934 4418 delitescit,
1961 4350 2120 4406 inha-

531 4452 796 4516 bitabilis,
829 4449 1050 4522 frigida,
1084 4447 1154 4502 ad
1183 4445 1513 4501 Mercurium
1541 4443 1854 4514 pertinens,
1886 4457 2120 4512 scrupu-

2211 3356 2496 3428 εῦκρατος,
2529 3357 2587 3410 ὲν
2620 3349 2657 3427 ᾖ
2692 3355 2841 3411 ἐστιν
2878 3356 2913 3427 ἡ
2945 3353 3066 3409 καθ’
3105 3355 3256 3426 ἡμᾶς
3297 3355 3588 3426 οἰκουμένη
3609 3393 3626 3420 ,
3651 3355 3796 3419 Διὸς,

2213 3447 2518 3520 ἑξηκοστῶν
2534 3447 2596 3513 ε’,
2613 3447 2840 3502 σταδίων
2857 3447 2913 3500 δὲ
2931 3447 3229 3518 δισμυρίων
3250 3447 3343 3502 καὶ
3355 3463 3408 3518 ,α
3423 3464 3438 3478 ·
3481 3445 3796 3518 ἰσημερινὴ,

2217 3540 2329 3592 ῐσον
2384 3539 2582 3610 ἔχουσα
2613 3537 2706 3592 τὸν
2743 3538 2883 3609 ὑπὲρ
2939 3537 3044 3609 γῆν
3083 3537 3332 3609 ὁρίζοντα
3367 3539 3443 3610 τῷ
3471 3538 3562 3592 ὑπ’
3609 3539 3796 3603 αὑτὸν,

2215 3631 2490 3702 ἀοίκητος,
2517 3630 2939 3702 διακεκαυμένη,
2965 3631 3197 3702 Ἄρεως,
3243 3629 3549 3700 ἐξηκοστῶν
3595 3631 3695 3702 μὲν
3723 3636 3796 3702 η’,

2215 3723 2276 3789 ἐξ
2297 3723 2558 3796 ἐκατέρου
2591 3723 2790 3795 μέρους
2810 3723 2903 3776 τοῦ
2943 3720 3260 3793 ίσημερινοῦ
3295 3723 3576 3792 τεσσάρων
3598 3738 3610 3749 ·
3641 3715 3815 3784 οὗτος,

2214 3815 2324 3886 γὰρ
2377 3813 2545 3886 αὐτὴν
2598 3815 2694 3868 καὶ
2743 3814 2842 3884 τὴν
2895 3813 3022 3883 ὅλην
3085 3815 3319 3884 σφαῖραν
3345 3812 3538 3883 τέμνει
3582 3812 3798 3892 μέσηνς

2218 3906 2445 3961 σταδίων
2465 3907 2504 3960 δ’
2541 3907 2883 3980 τρισμυρίων
2917 3907 3010 3960 καὶ
3042 3913 3138 3978 χχ¹
3158 3923 3172 3937 ο
3208 3907 3513 3976 χειμερινὴ,
3531 3905 3800 3960 ἀνάπαλιν

2215 4001 2284 4071 τῇ
2313 3999 2500 4070 θερινῇ
2525 3997 2706 4050 πλεῖον
2740 3995 2938 4068 ἔχουσα
2959 3996 3021 4050 τὸ
3051 3995 3192 4067 ὑπὲρ
3227 3996 3271 4028 ³ο
3303 3995 3395 4048 τὸν
3418 3995 3688 4067 ὁρίζοντα,
3719 3997 3802 4050 oi-

2216 4091 2480 4164 κουμένη,
2523 4089 2808 4162 εὔκρατος,
2850 4088 3184 4160 Ἀφροδίτης,
3235 4087 3543 4159 ἑξηκοστῶν
3577 4096 3639 4152 ε’,
3669 4105 3814 4143 στα--

2217 4185 2347 4238 δίων
2381 4183 2438 4236 δὲ
2472 4182 2774 4253 δισμυρίων
2811 4181 2907 4234 καὶ
2936 4197 3018 4251 ,α’
3055 4181 3248 4244 νότιος,
3280 4181 3377 4252 ὅλη
3414 4181 3648 4252 ἀφανὴς,
3679 4179 3800 4234 ἀοί-

2218 4293 2417 4348 κητος,
2461 4271 2890 4344 κατεψυγμένη,
2935 4271 3158 4343 Ἑρμοῦ,
3207 4268 3514 4343 ἑξηκοστῶν
3579 4271 3677 4341 μὲν
3721 4278 3812 4338 ς’,

2222 4367 2450 4422 σταδίων
2500 4366 2560 4420 δὲ
2615 4363 2915 4435 δισμυρίων
2937 4360 3046 4435 βό.
3090 4363 3177 4425 Ὧς
3209 4358 3349 4416 εἶναι
3390 4361 3532 4434 ὑπὲρ
3570 4362 3662 4415 τὸν
3684 4361 3804 4433 ὁρί-

2221 4458 2380 4524 ζοντα
2407 4459 2736 4532 περίμετρον
2775 4456 2875 4528 τῆς
2903 4455 3008 4528 γῆς
3036 4453 3306 4528 ἑξηκοστὰ
3333 4455 3432 4526 μὲν
3455 4453 3520 4520 λ’,
3566 4455 3803 4510 σταδίων

534 4547 714 4602 imum
734 4560 852 4610 sex,
893 4541 1198 4599 stadiorum
1225 4538 1451 4604 25,200.
1487 4536 1834 4626 Colliguntuyr
1874 4533 2113 4588 ambitus

2218 4551 2493 4626 μυριάδων
2521 4549 2579 4605 δὲ
2621 4549 2687 4621 ιβ’
2711 4547 2806 4604 καὶ
2841 4565 2920 4620 ,ς.

536 4645 699 4692 terrae
726 4650 894 4707 supra
929 4633 1220 4696 finitorem,
1255 4629 1514 4701 scrupula
1533 4629 1637 4695 50,
1669 4625 1972 4684 stadiorum
1985 4639 2118 4679 vero

538 4732 796 4796 426,000.

606 4825 871 4880 Caeterum
901 4823 994 4896 qui
1026 4820 1084 4876 in
1117 4817 1308 4876 eodem
1341 4815 1547 4888 degunt
1595 4811 1981 4886 hemisphaerio
2019 4811 2122 4868 bo-

535 4917 712 4973 reales
751 4919 1150 4986 australesque,
1196 4915 1456 4970 dicuntur
1501 4908 1869 4972 antichtones,
1924 4905 2018 4974 qui
2063 4903 2122 4958 in

539 5009 753 5064 duobus
783 5007 1187 5078 hemiSphaeriis
1234 5016 1403 5074 supra
1429 4999 1684 5068 infraque
1711 5005 1940 5062 terram,
1979 4993 2124 5050 anti-

542 5101 734 5158 nodes.

613 5213 904 5286 Calalogus
931 5213 1289 5286 scriptorum,
1303 5207 1394 5280 qui
1414 5207 1640 5262 Aratum
1655 5203 2050 5261 commentariis

1070 5283 1181 5336 suis
1229 5279 1588 5335 illustrarunt.

757 5400 972 5456 Attalus
1001 5399 1269 5453 Rhodius.

757 5471 1114 5526 Aristarchus
1143 5465 1382 5522 Samius.

755 5540 1072 5610 Apollonius
1097 5543 1390 5610 geometra.

657 5611 672 5622 “
757 5606 1063 5683 Antigonus
1083 5606 1490 5679 grammaticus.

625 5795 666 5826 "'
702 5793 827 5850 Cor.
870 5791 1248 5860 ἀνταρκτικόν.

1323 5791 1368 5824 ’³
1399 5788 1516 5846 Ima
1545 5785 1816 5843 ἀπλανῶν.
1892 5787 1938 5820 ³⁸
1973 5783 2217 5840 Postulat
2249 5781 2386 5836 ratio
2414 5779 2521 5844 ,ὅσα
2599 5777 2642 5812 ³⁰
2678 5775 2794 5831 Ima
2823 5775 2946 5831 ὑπό.

2293 4813 2603 4870 Καλοῦνται
2653 4811 2710 4866 δὲ
2764 4813 2841 4880 οἱ]
2875 4811 2974 4884 μὲν
3012 4809 3106 4864 ἐπὶ
3133 4809 3228 4864 τοῦ
3253 4807 3418 4865 αὑτοῦ
3442 4807 3804 4882 ἡμισφαιρίου

2227 4908 2428 4982 βόρειοι
2458 4925 2518 4962 τε
2537 4907 2630 4960 καὶ
2649 4904 2864 4960 νοτιιῖπε
2874 4922 2956 4978 ροι
2977 4905 3353 4969 κατοικοῦντες
3373 4901 3694 4975 αὐτόχθονες
3717 4903 3762 4934 ³¹
3784 4917 3799 4930 ·

2225 5007 2276 5058 οἱ
2308 5005 2365 5058 δὲ
2393 5002 2478 5073 ἐφ’
2502 4999 2765 5072 ἑκατέρου
2790 4998 2899 5053 τῶν
2931 4995 3303 5069 ἡμισφαιρίων
3326 4995 3468 5068 ὑπὲρ
3489 4996 3594 5066 γῆν
3617 5009 3676 5048 τε
3707 4992 3810 5046 καὶ

2227 5095 2332 5150 ὑπὸ
2352 5097 2455 5165 γῆν
2489 5091 2795 5154 ἀντίποδες.

2447 5207 2510 5260 Ol
2537 5202 2670 5273 περὶ
2691 5199 2800 5257 τοῦ
2829 5200 3078 5269 ποιητοῦ
3106 5198 3547 5270 συνταξάμενοι
3571 5213 3587 5227 ·

2442 5382 2703 5445 Ἄτταλος
2745 5379 2964 5444 Ῥόδιος.

2447 5454 2805 5524 Ἀρίσταρχος
2837 5451 3058 5524 Σάμιος.

2449 5521 2802 5584 Ἀπολλώνιος
2832 5521 3170 5590 γεωμέτρης.

2450 5594 2752 5662 Ἀντίγονος
2787 5590 3188 5661 γραμματικός.

3021 5773 3066 5806 ⁸¹
3094 5773 3218 5828 Cor.
3248 5771 3577 5843 ἀντίχθονες.
