4106 6408
531 342 672 398 1155

1551 345 1896 402 APPENDIX
1923 343 2018 400 AD
2053 340 2324 400 EUSEBII
2357 341 2776 402 CHRONICON.

3624 345 3762 404 1156

529 469 585 516 et
615 461 740 518 Sais
765 463 896 524 urbs
917 470 1004 518 est
1025 462 1082 516 in
1111 461 1366 529 Thracia,
1394 465 1466 531 ei,
1497 481 1618 535 quae
1639 472 1726 520 est
1755 465 1810 518 in
1833 463 2086 536 Egypto,

2195 479 2292 534 μσς
2321 463 2379 516 ὲν
2427 462 2706 534 Αἰγύπτῳ.
2754 463 2892 516 Ἀλλ’
2914 462 3022 516 ἀπὸ
3063 463 3162 534 μὲν
3203 463 3303 534 τῆς
3328 463 3388 517 ἐν
3419 463 3760 538 Αἰγύπτῳοί

530 553 891 625 cognominis.
931 553 1036 608 Sed
1061 556 1130 610 ab
1155 554 1429 626 Atgyptia,
1465 554 1630 612 Saitae
1662 575 1676 610 :
1707 557 1776 611 ab
1814 556 2096 611 Threcen—

531 645 602 712 si,
635 645 748 699 Saii
777 646 923 700 cives
953 647 1323 711 nominantur,
1355 657 1414 701 ut
1439 655 1670 701 testatur
1689 647 2052 702 Archilochus
2077 665 2091 703 :

532 757 724 828 Clypeo
744 757 952 828 quidem
977 757 1226 813 Saiorum
1255 761 1448 830 aliquis
1477 761 1738 830 gloriatur
1751 777 1800 832 Ar
1823 777 1976 832 quem
2025 761 2094 814 ad

1345 829 1351 830 ⁷
1480 829 1492 830 ί
1750 829 2026 900 [frutetum

533 895 686 950 Intus
708 896 1031 966 inculpatum
1058 899 1245 968 reliqui
1267 899 1537 969 ingratiis.

529 1007 740 1066 Rursus
781 1010 1004 1066 Athena:
1055 1012 1174 1066 aliae
1217 1020 1346 1066 sunt
1381 1013 1437 1066 in
1478 1011 1677 1081 Attica,
1715 1013 1838 1070 alia;
1891 1015 1944 1068 in
1987 1013 2094 1068 Eu-

529 1103 678 1170 baza;
698 1117 926 1172 quarum
942 1104 1186 1160 meminit
1203 1103 1258 1158 in
1273 1103 1471 1158 Glauco
1489 1107 1752 1160 maritimo
1765 1105 2054 1178 Eschylus
2077 1123 2092 1160 :

529 1297 733 1354 Exinde
755 1300 988 1356 Athenas
1019 1301 1220 1357 Daidas
1243 1320 1270 1356 e
1299 1301 1504 1359 Persis.

525 1409 728 1466 Verum
782 1413 852 1467 ab
903 1414 1133 1471 Athenis
1179 1417 1397 1482 Atticis,
1447 1417 1830 1487 Athenienses,
1867 1419 1934 1475 ab
1981 1419 2093 1475 Eu-

525 1503 841 1558 bmensibus
882 1504 1162 1562 Athenette
1199 1510 1658 1580 cognominantur
1691 1529 1704 1565 :
1733 1518 1793 1564 ut
1835 1511 1890 1564 in
1919 1512 2096 1581 primo

527 1591 868 1665 Geographiw
890 1596 1031 1651 libro
1054 1605 1246 1652 auctor
1267 1609 1352 1654 est
1377 1599 1788 1656 Eratosthenes.
1811 1600 1902 1656 Sic
1928 1603 2095 1674 igitur

525 1683 595 1739 ab
617 1683 780 1748 Solis,
830 1688 924 1757 qui
955 1698 1082 1742 sunt
1107 1690 1164 1744 in
1191 1691 1404 1756 Cilicia,
1455 1691 1751 1748 Solenses:
1782 1693 1851 1749 ab
1895 1695 1966 1749 iis
1997 1695 2092 1764 qui

525 1785 654 1831 sunt
683 1779 738 1831 in
757 1776 954 1850 Cypro,
983 1779 1114 1834 Solii
1135 1784 1513 1838 nominantur.
1557 1783 1764 1838 Horum
1790 1785 1993 1842 mentio
2031 1791 2088 1840 lit

525 1881 556 1920 a
584 1865 782 1924 Solone
809 1871 866 1924 in
909 1870 1131 1944 Elegiis,
1185 1888 1322 1944 quas
1369 1874 1436 1929 ad
1485 1874 1856 1946 Cypranorem
1903 1891 2087 1947 regem

524 1959 746 2028 scripsit
777 1977 790 2014 :
823 1960 918 2030 qui
945 1960 1014 2015 de
1041 1960 1260 2018 Solonis
1293 1965 1525 2020 consilio
1554 1979 1680 2018 cum
1711 1965 1900 2020 urbem
1959 1982 2094 2022 con-

523 2046 776 2112 didisset,
825 2063 946 2104 eam
993 2050 1050 2104 in
1077 2051 1246 2122 hujus
1279 2053 1510 2123 gratiam
1553 2051 1712 2109 Solos
1755 2057 2090 2126 appellavit:

524 2145 586 2192 nt
613 2153 712 2208 pro
741 2137 870 2194 dato
904 2141 1137 2197 consilio
1159 2143 1216 2198 id
1243 2144 1294 2198 ei
1321 2144 1550 2200 honoris
1579 2145 1860 2202 tribueret.
1919 2145 2094 2203 Verba

525 2225 742 2282 Solonis
771 2229 1040 2298 ejusmodi
1071 2237 1197 2286 sunt
1221 2249 1236 2288 :

524 2339 685 2396 Nunc
713 2357 830 2396 vero
857 2353 914 2397 tu
943 2345 1152 2417 quidem
1175 2347 1316 2418 apud
1345 2347 1518 2403 Salios
1559 2349 1652 2404 diu
1683 2351 1804 2404 istic
1843 2367 2090 2421 regnans,

609 2477 762 2534 Hanc
780 2481 960 2536 urbem
987 2481 1212 2556 incolas,
1236 2475 1700 2556 genusque’tuum.

525 2546 624 2627 Me-
641 2565 758 2627 vero
779 2567 896 2604 cum
935 2555 1056 2627 navi
1088 2546 1468 2627 celei-{inclyta
1500 2557 1563 2610 ab
1601 2555 1782 2610 insula

595 2617 920 2676 Incolumem
941 2623 1164 2678 deducat
1183 2617 1534 2696 Cypris'viola
1563 2627 1830 2681 redimita.

601 2730 748 2786 Vixit
773 2731 975 2788 Aratus
999 2735 1102 2791 sub
1133 2735 1406 2807 Antigono
1447 2735 1778 2793 Macedoniae
1811 2753 1958 2809 rege,
1999 2753 2090 2808 qui

522 2823 764 2881 Gonatas
794 2833 879 2881 est
907 2825 1109 2892 dictus,
1155 2825 1414 2882 Demetrii
1455 2827 1774 2884 Poliorcetaa
1813 2830 1943 2894 lilio,
1995 2829 2091 2900 qui

526 2931 748 2970 uxorem
772 2916 961 2986 habuit
993 2914 1228 2982 Philam,
1265 2915 1497 2974 Seleuco
1520 2927 1574 2974 et
1601 2917 1912 2973 Stratonica
1941 2920 2094 2989 geni-

521 3016 651 3062 tam.
690 3007 794 3074 Qui
826 3023 948 3063 cum
991 3007 1296 3062 litterarum
1329 3009 1609 3064 studiosus
1643 3017 1810 3077 esset,
1855 3025 2090 3080 praeser-

520 3102 726 3170 timque
748 3100 973 3170 poeticae
994 3099 1233 3166 deditus,
1265 3099 1413 3155 dedit
1435 3115 1679 3172 operam,
1707 3113 1765 3156 ut
1793 3116 1918 3156 cum
1953 3103 2089 3158 alios

2196 552 2409 606 πολῖται
2439 550 2627 606 Σαῗται
2655 553 2964 618 καλοῦνται,
3017 555 3066 606 oi
3103 552 3162 605 δὲ
3197 553 3297 624 τῆς
3319 553 3540 628 Θρᾴκης
3575 555 3762 609 Σάῖοιο

2193 641 2271 704 ὡς
2315 643 2407 694 καὶ
2443 641 2750 712 Ἀρχίλοχός
2779 660 2942 714 φησιν
2971 660 2985 672 ’

2207 755 2432 810 Ἀσπίδι
2440 755 2558 826 μὲν
2577 758 2768 812 Σαΐων
2791 773 2880 823 τις
2891 756 3214 826 ἀγάλλεται
3228 771 3244 788 ⁸
3271 754 3352 824 ἢν
3376 757 3535 826 παρὰ
3561 757 3766 828 θάμνῳ

2313 889 2522 956 Ἐντὸς
2549 891 2870 960 ἀμώμητον
2905 889 3224 954 κάλλιπον,
3251 891 3362 944 οὐκ
3385 889 3626 944 ἐθέλων.

2193 1003 2304 1058 Καὶ
2339 1004 2498 1058 πάλιν
2533 1003 2754 1074 Ἀθῆναι
2803 1001 2900 1073 μέν
2939 1004 3045 1055 εἰσι
3087 1001 3187 1072 τῆς
3247 1001 3524 1072 Ἀττικῆς·
3561 1002 3668 1054 εἰσὶ
3707 1001 3770 1055 δὲ

2193 1097 2288 1150 καὶ
2315 1096 2414 1165 τῆς
2445 1095 2674 1159 Εὐϐοίας
2706 1095 2772 1148 ³⁸.
2813 1094 3110 1165 Ἀθηναίων
3151 1093 3370 1156 Δαῖδαις
3405 1093 3676 1165 μέμνηται
3707 1095 3770 1146 ὲν

2194 1189 2448 1254 Γλαύκῳ
2474 1187 2697 1254 ποντίῳ
2723 1185 2984 1256 Αἰσχύλος

2193 1299 2428 1354 Κᾶπειτ’
2463 1299 2706 1367 Ἀθήνας
2727 1295 2942 1363 Δάτὸας
2976 1298 3111 1366 παρ’
3149 1298 3219 1351 ἐκ
3252 1295 3516 1366 Περσῶν.

2207 1413 2344 1465 Ἀλλ’
2368 1413 2476 1466 ἀπὸ
2514 1411 2622 1464 τῶν
2671 1411 2730 1464 ὲν
2759 1413 2828 1482 τῇ
2879 1412 3094 1480 Ἀττικῇ
3123 1410 3174 1462 οἰ
3209 1409 3420 1461 πολῖται
3469 1407 3766 1479 Ἀθηναῖοι,

2191 1504 2302 1557 ἀπὸ
2328 1505 2384 1556 δὲ
2415 1504 2524 1556 τῶν
2571 1507 2630 1558 ἐν
2667 1503 2870 1574 Εὐϐοίᾳ
2924 1501 3216 1572 Ἀθηνῆται
3252 1501 3528 1568 λέγονται·
3573 1499 3770 1569 ὥσπερ

2207 1595 2597 1668 Ἐρατοσθένης
2637 1595 2801 1666 φησιν
2840 1595 2898 1646 ὲν
2935 1592 3013 1662 τῷ
3061 1591 3259 1663 πρώτῳ
3307 1589 3771 1660 Γεωγραφουμέ-

2193 1703 2332 1740 νων.
2373 1685 2558 1748 Οὕτως
2607 1681 2700 1738 οὖν
2730 1684 2822 1738 καὶ
2855 1683 2965 1738 ἀπὸ
2994 1682 3102 1736 τῶν
3131 1684 3191 1734 ὲν
3221 1681 3446 1751 Κιλικία
3491 1679 3666 1732 Σόλων
3715 1681 3770 1732 οἰ

2195 1777 2404 1830 πολῖται
2427 1778 2606 1842 Σολεῖς
2625 1795 2637 1807 ·
2661 1776 2768 1830 ἀπὸ
2792 1775 2848 1829 δὲ
2875 1775 2983 1828 τῶν
3006 1777 3063 1828 ὲν
3082 1773 3292 1845 Κύπρῳ
3319 1773 3514 1826 Σόλιοι.
3549 1772 3774 1842 Μέμνη-

2191 1889 2281 1924 ται
2315 1871 2372 1924 δὲ
2413 1870 2613 1925 τούτων
2650 1871 2824 1924 Σόλων
2857 1870 2916 1923 ὲν
2949 1871 3069 1932 ταῖς
3117 1868 3432 1936 Ἐλεγείαις
3469 1867 3588 1929 ταῖς
3628 1864 3770 1934 πρὸς

2191 1964 2525 2034 Κυπράνορα
2578 1961 2670 2016 τὸν
2719 1961 2978 2032 βασιλέαο
3037 1961 3128 2024 ὃς,
3187 1957 3604 2030 συμϐουλευθεὶς
3660 1955 3772 2010 ὑπὸ

2193 2053 2428 2118 Σόλωνος
2448 2053 2632 2106 κτίσαι
2662 2053 2761 2124 τὴν
2803 2052 2978 2116 πόλιν,
3019 2051 3179 2123 χάριν
3211 2048 3305 2103 τοῦ
3343 2049 3536 2121 ἀνδρὸς
3569 2047 3768 2110 Σόλους

2191 2143 2470 2216 ὠνόμασεν
2493 2161 2506 2175 ·
2551 2143 2783 2215 ἀμοιϐὴν
2836 2143 3041 2215 ταύτην
3087 2141 3270 2212 νέμων
3307 2141 3408 2211 τῆς
3453 2137 3768 2210 συμϐουλῆς

2192 2235 2361 2306 αὐτῷ.
2397 2235 2559 2305 Λέγει
2585 2235 2641 2288 δὲ
2665 2238 2694 2288 ὁ
2725 2235 2901 2289 Σόλων
2929 2233 3104 2297 οὕτως
3124 2251 3138 2265 ’

2189 2347 2320 2402 Νῦν
2355 2347 2423 2402 δὲ
2459 2349 2540 2402 σὺ
2563 2347 2702 2418 μὲν,
2750 2349 3018 2403 Σολίοισι
3051 2348 3248 2402 πολὺν
3291 2349 3516 2416 χρόνον
3565 2343 3769 2398 ἐνθάδ’

3431 2416 3768 2470 [ἀνάσσων.

3495 2431 3745 2469 νασσων

2566 2416 2578 2418 “
3431 2416 3768 2488 [ἀνάσσων,

2265 2487 2452 2556 Τήνδε
2477 2489 2658 2542 πόλιν
2683 2487 2876 2555 ναίοις
2897 2489 2996 2542 καὶ
3017 2489 3190 2558 γένος
3213 2486 3502 2558 ὑμέτερον
3519 2503 3533 2518 ⁸

2190 2561 2386 2626 Αὐτὰρ
2416 2558 2522 2626 ἐμὲ
2543 2559 2658 2622 ξὺν
2687 2558 2790 2626 νηῒ
2839 2559 2950 2628 θοῇ
2975 2556 3224 2626 κλεινῆς
3250 2556 3370 2612 ἀπὸ
3397 2556 3595 2624 νήσου

2275 2628 2528 2697 Ἀσκηθῆ
2544 2628 2764 2698 πέμποι
2789 2630 3014 2698 Κύπρις
3045 2629 3423 2697 ἰοστέφανος.

2259 2743 2454 2810 Γέγονε
2476 2741 2534 2794 δὲ
2563 2743 2592 2794 ό
2617 2742 2852 2815 ’Ἄρατος
2883 2742 3024 2796 κατὰ
3081 2739 3382 2809 Ἀντίγονον
3417 2739 3508 2794 τὸν
3527 2740 3626 2810 τῆς
3646 2741 3773 2794 Μα-

2191 2835 2433 2897 κεδονίας
2471 2833 2716 2904 βασιλέα,
2769 2835 2830 2898 ὃς
2893 2833 3210 2888 ἐπεκαλεῖτο
3261 2833 3520 2894 Γονατᾶς.
3563 2827 3674 2886 Ἦν
3707 2833 3772 2885 δὲ

2193 2927 2307 2990 υίὸς
2355 2927 2665 2998 Δημητρίου
2693 2926 2789 2980 τοῦ
2833 2924 3202 2998 Πολιορκητοῦ
3227 2942 3243 2955 ·
3271 2927 3366 2978 καὶ
3393 2927 3626 2992 γυναῖκα
3651 2919 3770 2993 εἷχε

2189 3019 2351 3072 Φίλαν
2375 3021 2476 3089 τὴν
2501 3018 2764 3072 Σελεύκου
2794 3019 2889 3072 καί¹
2919 3018 3284 3090 Στρατονίκης
3329 3017 3623 3088 θυγατέρα.
3657 3013 3773 3070 1rHv

2189 3109 2247 3164 δὲ
2268 3109 2546 3179 φιλολόγος
2590 3109 2878 3178 γενόμενος
2898 3123 2913 3138 ·
2955 3108 3049 3162 καὶ
3081 3107 3208 3178 περί
3245 3105 3533 3176 ποιητικὴν
3573 3107 3774 3157 ἐσπου-

520 3194 826 3262 complures
857 3192 1000 3263 apud
1024 3207 1083 3247 se
1109 3191 1355 3248 eruditos
1383 3193 1606 3248 haberet
1653 3193 1924 3260 homines,
1972 3202 2088 3248 tum

2192 3172 2388 3266 δακὼς,
2419 3172 2547 3273 περὶ
2563 3172 2755 3254 πολλού
2775 3201 3068 3270 ἐποιήσατο
3081 3172 3310 3261 πολλοὺς
3341 3172 3438 3268 μὲν
3455 3172 3549 3250 καὶ
3575 3195 3774 3258 ἄλλους

520 3285 576 3339 in
598 3285 790 3356 primis
815 3287 1061 3340 Aratum.
1096 3283 1198 3340 Hic
1243 3285 1410 3356 igitur
1436 3285 1504 3339 ad
1536 3299 1718 3356 regem
1747 3301 1873 3340 cum
1905 3287 2091 3342 venis-

521 3384 622 3439 set,
654 3383 819 3446 atque
840 3385 894 3430 et
917 3376 971 3429 in
1003 3375 1110 3430 alio
1147 3391 1345 3447 genere
1371 3375 1654 3442 doctrinae,
1686 3383 1740 3432 et
1775 3377 1832 3431 in
1881 3379 2092 3446 poetica

517 3468 754 3522 maxime
777 3483 898 3523 sese
925 3461 1361 3539 illi'probassct,
1411 3469 1699 3538 ipsiusmet
1727 3471 1950 3524 hortatu
1998 3486 2092 3526 res

520 3559 604 3628 gis
637 3558 706 3612 ad
737 3561 1025 3615 scribenda
1049 3559 1402 3615 Phwnomena
1417 3562 1660 3615 animum
1690 3561 1890 3632 adjecit
1921 3580 1934 3618 :
1969 3577 2093 3616 cum

519 3651 590 3704 ab
633 3649 824 3724 eodem
877 3650 1089 3706 Eudoxi
1135 3651 1336 3706 librum
1388 3651 1712 3721 accepisset,
1769 3650 1918 3722 quod
1951 3650 2096 3706 Eno-

519 3755 696 3811 ptrum
746 3743 1069 3799 inscribitur
1095 3784 1111 3810 ,
1165 3750 1395 3814 rogante
1443 3745 1522 3798 uti
1559 3759 1681 3814 quae
1720 3744 1778 3798 in
1838 3759 1904 3799 eo
1954 3743 2094 3798 libro

519 3851 686 3906 prosa
734 3836 982 3890 oratione
1015 3835 1220 3905 scripta
1248 3843 1456 3903 essent,
1504 3835 1758 3891 versibus
1801 3833 2095 3890 redderen-

521 3935 614 3980 tur
645 3943 660 3979 :
695 3939 759 3979 ac
797 3925 960 3980 simul
997 3924 1212 3980 dicente
1243 3945 1256 3980 :
1299 3924 1669 3996 Εὐδοξότερον,
1699 3923 1756 3978 id
1806 3929 1891 3980 est
1938 3923 2096 3996 149

520 4017 918 4086 gloriosiorem,
987 4031 1054 4072 eo
1111 4015 1254 4070 facto
1313 4015 1620 4070 reddideris
1667 4013 1951 4070 Eudoxum
1981 4053 1996 4080 ,
2045 4015 2093 4070 si

521 4105 592 4156 ab
635 4117 700 4158 eo
745 4104 944 4159 tradita
987 4105 1324 4160 carminibus
1353 4105 1663 4176 fexprimas.
1721 4101 1866 4158 Vixit
1913 4113 2092 4159 autem

519 4197 823 4266 Antigonus
883 4195 1204 4268 Olympiade
1241 4213 1379 4253 cxxv
1415 4215 1429 4252 :
1461 4211 1570 4268 quo
1597 4205 1852 4266 tempore
1908 4195 2094 4252 ﬂoruit

521 4287 756 4354 Aratus,
809 4297 864 4344 et
911 4288 1218 4345 Alexander
1273 4289 1518 4346 .‘Etolus.’
1585 4289 1828 4344 Meminit
1859 4287 2094 4358 ‘Speculi

521 4378 667 4433 illius
697 4377 930 4443 Eudoxi,
973 4386 1030 4433 et
1071 4379 1330 4449 Antigoni
1373 4387 1539 4450 atque
1587 4379 1886 4454 Alexandri
1919 4379 2090 4434 {Etoli

2191 3293 2298 3347 τῶν
2346 3293 2791 3364 πεπαιδευμένων
2819 3292 2962 3363 ἔχειν
2983 3293 3114 3362 παρ’
3136 3289 3305 3361 αὐτῷ,
3332 3291 3427 3343 καὶ
3457 3289 3522 3360 δὴ
3547 3287 3644 3343 καὶ
3676 3287 3774 3340 τὸν

2195 3387 2429 3458 ’Ἄρατον
2449 3401 2462 3415 ·
2489 3385 2568 3450 ὃς,
2603 3384 2755 3456 παρὰ
2777 3383 2854 3455 τῷ
2879 3383 3088 3455 βασιλεῖ
3105 3381 3416 3453 γενόμενος,
3445 3381 3540 3434 καὶ
3559 3379 3773 3432 εὐδοκι-

2196 3477 2372 3547 μήσας
2397 3475 2453 3530 ἐν
2476 3494 2536 3529 τε
2555 3479 2622 3548 τῇ
2643 3477 2776 3548 ἄλλῃ
2800 3475 3140 3546 πολυμαθείᾳ
3181 3474 3277 3529 καὶ
3308 3475 3589 3543 ποιητικῇ,
3640 3483 3774 3541 προ-

2193 3569 2403 3638 ετράπη
2425 3569 2516 3620 ὑπ’
2537 3567 2698 3620 αὐτοῦ
2725 3567 2793 3620 τὰ
2809 3567 3138 3636 Φαινόμενα
3150 3565 3356 3637 γράψαι
3373 3563 3464 3617 τοῦ
3483 3562 3772 3632 βασιλέως,

2191 3657 2421 3726 Εὐδόξου
2461 3658 2894 3729 ἐπιγραφόμενον
2947 3655 3146 3727 βιϐλίον
3191 3655 3536 3722 Κατόπτρου
3585 3653 3771 3716 δόντος

2141 3735 2154 3742 ’
2193 3747 2370 3817 αὐτῷ,
2423 3748 2517 3800 καὶ
2575 3745 2904 3810 ἀξιώσαντος
2953 3746 3022 3799 τὰ
3077 3747 3135 3798 ὲν
3190 3743 3338 3814 αὐτῷ
3391 3742 3772 3812 καταλογάδην

2193 3839 2449 3910 λεχθέντα
2493 3839 2620 3906 περί
2649 3837 2758 3890 τῶν
2805 3835 3144 3907 φαινομένων
3175 3835 3355 3908 μέτρῳ
3385 3835 3433 3867 ³⁸
3461 3831 3600 3888 εἶναι
3627 3848 3640 3861 ·
3671 3833 3770 3886 καὶ

2193 3928 2309 4000 ἅμα
2351 3927 2616 3990 εἰπόντος,
2649 3927 2725 3990 ὡς
2769 3925 3124 3997 Εὐδοξότερον
3169 3928 3342 3989 ποιεῖς
3381 3925 3472 3978 τὸν
3514 3923 3768 3988 Εὔδοξον,

2194 4019 2438 4083 ἐκτείνας
2486 4019 2556 4073 τὰ
2609 4019 2740 4089 παρ’
2763 4017 2914 4089 αὐτῷ
2959 4019 3186 4090 κείμενα
3235 4017 3441 4089 μέτρῳ.
3469 4017 3666 4084 Γέγονε
3709 4015 3772 4069 δὲ

2207 4111 2503 4179 ’Δντίγονος
2533 4109 2674 4164 κατὰ
2690 4109 2787 4182 τὴν
2825 4115 2935 4182 ρκε¹
2971 4109 3310 4180 Ὀλυμπιάδα
3333 4125 3347 4139 ·
3399 4107 3522 4161 καθ’
3562 4108 3620 4160 ὃν
3651 4108 3774 4178 χρό-

2193 4217 2282 4254 νον
2309 4201 2557 4272 ἧκμασεν
2588 4199 2616 4252 ὁ
2659 4200 2912 4271 Ἄρατος,
2947 4201 3040 4253 καὶ
3075 4199 3422 4270 Ἀλέξανδρος
3445 4201 3474 4252 ὁ
3505 4199 3770 4262 Αἰτωλός.

2192 4291 2487 4362 Μέμνηται
2535 4287 2592 4342 δὲ
2637 4287 2731 4342 τοῦ
2781 4289 3128 4357 Κατόκτρου
3181 4287 3430 4354 Εὐδόξου,
3471 4289 3565 4341 καὶ
3603 4289 3776 4344 Ἀντι-

2193 4381 2349 4450 γόνου
2410 4381 2760 4453 Ἀλεξάνδρου
2791 4381 2835 4412 ³⁵
2865 4380 2957 4434 τοῦ
3005 4379 3264 4445 Αἰτωλοῦ,
3307 4381 3400 4434 καὶ
3444 4379 3520 4442 ὡς
3561 4375 3772 4448 ἠξιώθη

520 4473 576 4525 in
601 4473 848 4542 epistolis
869 4472 1113 4540 Aratus;
1163 4480 1332 4543 utque
1365 4489 1461 4527 rex
1497 4472 1562 4527 ad
1591 4473 1940 4529 scribendum
1962 4489 2085 4529 eum

2196 4473 2300 4527 ὐπὸ
2323 4473 2416 4527 τοῦ
2441 4472 2704 4543 βασιλέως
2767 4473 2998 4544 γράψαι,
3037 4473 3095 4526 ἐν
3123 4475 3242 4536 ταῖς
3277 4473 3434 4536 ἰδίαις
3459 4473 3772 4534 ἐπιστολαῖς

519 4563 768 4618 hortatus
791 4564 884 4619 sit.
919 4563 1116 4619 Fertur
1147 4572 1199 4620 et
1225 4563 1482 4636 Dionysio
1505 4563 1838 4619 lieracleotze
1866 4579 2087 4634 operam

519 4658 756 4713 dedisse.
811 4657 956 4713 Idem
1007 4656 1298 4728 Odysseam
1354 4657 1626 4722 correxit;
1679 4663 1735 4713 et
1783 4656 2091 4712 emendatio

518 4748 766 4817 quoniam
793 4747 938 4801 illius
967 4749 1215 4816 {nomine
1263 4747 1458 4802 Aratea
1507 4747 1734 4813 dicitur,
1776 4747 1924 4802 velut
1965 4747 2089 4801 Ari—

519 4839 768 4894 starchea
796 4846 849 4894 et
887 4839 1303 4910 Aristophanen.
1333 4841 1604 4896 Asserunt
1635 4839 1806 4911 aliqui
1849 4841 2002 4894 illum
2034 4839 2090 4893 in

520 4930 734 5001 Syriam
767 4931 1069 5000 profectum
1101 4931 1244 5002 apud
1273 4931 1600 4986 Antiochum
1633 4931 1867 5002 degisse,
1908 4931 1976 4984 ab
1997 4945 2092 4984 eo-

518 5039 624 5094 que
653 5032 900 5093 rogatum
923 5038 1066 5087 esse,
1099 5032 1160 5078 ut
1190 5023 1416 5078 Iliadem
1457 5023 1774 5094 corrigeret,
1823 5023 1968 5093 quod
1997 5025 2090 5079 de-

517 5123 742 5186 pravata
776 5121 922 5171 esset
949 5131 978 5169 a
1019 5117 1223 5171 multis.
1257 5115 1589 5172 Nicandrum
1643 5131 1774 5171 vero
1816 5116 2090 5188 Colopho-

518 5211 668 5264 nium
706 5223 830 5262 cum
859 5209 1026 5264 Arato
1074 5209 1216 5279 apud
1256 5209 1584 5281 Antigonum
1633 5209 1835 5264 vixisse
1875 5209 1968 5278 qui
1999 5208 2087 5261 di-

517 5309 682 5367 cunt;
710 5317 774 5356 ac
797 5309 907 5355 tam
937 5302 1162 5356 Aratum
1203 5317 1380 5355 rerum
1413 5301 1745 5367 cmlestium,
1791 5315 1954 5369 quam
1990 5300 2088 5352 Ni-

451 5441 460 5452 .
519 5393 782 5448 cauda-um
823 5393 1104 5449 medicinae
1149 5393 1430 5463 imperitos
1495 5393 1664 5448 luisse
1719 5393 1894 5460 (aiunt
1941 5392 2087 5446 enim

517 5487 844 5556 Antigonum
881 5487 1070 5554 Arato,
1119 5487 1212 5557 qui
1265 5485 1608 5556 professione
1655 5485 1899 5540 medicus
1946 5492 2083 5547 erat,

519 5577 808 5646 mandasse
855 5583 917 5630 ut
963 5577 1318 5646 phaenomena
1359 5575 1762 5641 conscriberet;
1809 5571 2086 5628 Nicandro

2193 4564 2444 4635 Ἄρατος.
2481 4563 2713 4630 Λέγεται
2737 4563 2795 4617 δὲ
2823 4563 3171 4634 ὲσχολακέναι
3215 4565 3476 4634 Διονυσίῳ
3499 4561 3576 4634 τῷ
3606 4564 3774 4634 Ἦρα-

2190 4655 2440 4728 κλειώτῃ.
2501 4658 2612 4710 Καὶ
2657 4656 2758 4726 τὴν
2816 4654 3164 4710 Ὀδύσσειαν
3213 4657 3271 4710 δὲ
3310 4656 3622 4728 διώρθωσε·
3669 4655 3770 4708 καί¹

2189 4748 2434 4801 καλεῖταί
2455 4765 2540 4810 τις
2567 4746 2848 4818 διόρθωσις
2863 4745 3034 4810 οὕτως
3058 4747 3354 4818 Ἀράτειος,
3375 4747 3452 4810 ὡς
3481 4747 3776 4818 Ἀριστάρ-

2190 4857 2352 4911 χειος,
2385 4839 2480 4892 καὶ
2515 4838 2972 4908 Ἀριστοφάνειος.
2999 4839 3155 4902 Τινὲς
3181 4839 3238 4892 δὲ
3261 4839 3422 4892 αὐτὸν
3453 4841 3533 4902 είς
3567 4839 3772 4910 Συρίαν

2190 4929 2504 5002 ἐληλυθέναι
2535 4930 2687 4997 φασὶ,
2737 4929 2831 4982 καὶ
2875 4931 3156 4998 γεγονέναι
3188 4931 3318 5002 παρ’
3357 4931 3636 5001 Ἀντιόχῳ,
3673 4931 3774 4984 καὶ

2193 5021 2455 5092 ἠξιῶσθαι
2481 5020 2571 5073 ὑπ’
2602 5020 2767 5073 αὐτοῦ
2793 5021 2932 5074 ῶστε
2957 5021 3054 5092 τὴν
3097 5021 3316 5074 Ἰλιάδα
3348 5019 3772 5092 διορθώσασθαι,

2194 5113 2282 5166 διὰ
2333 5112 2394 5165 τὸ
2439 5111 2542 5165 ὑπὸ
2595 5110 2805 5164 πολλῶν
2830 5111 3182 5183 λελυμάνθαι.
3217 5113 3280 5165 0i
3315 5111 3373 5164 δὲ
3393 5111 3644 5178 λέγοντες
3665 5111 3772 5162 Νί-

2193 5203 2422 5275 κανδρον
2476 5203 2568 5257 τὸν
2606 5203 2948 5274 Κολοφώνιον
3001 5205 3140 5276 μετὰ
3189 5205 3414 5276 Ἀράτου
3482 5203 3776 5274 Ἀντιγόνῳ

2196 5297 2690 5369 συγκεχρονικέναι,
2735 5297 2830 5350 καὶ
2861 5298 3093 5366 Ἀρατον
3142 5296 3216 5366 μὴ
3249 5291 3386 5348 εἶναι
3430 5295 3774 5365 ἐπιστήμονα

2191 5391 2300 5444 τῶν
2323 5390 2608 5462 οὐρανίων,
2641 5392 2774 5460 μήτε
2791 5389 3088 5459 Νίκανδρον
3103 5388 3211 5442 τῶν
3227 5387 3485 5460 ἰατρικῶν
3529 5385 3774 5454 (λέγουσι

2193 5479 2323 5550 γὰρ,
2353 5480 2427 5542 ὡς
2457 5481 2564 5550 ἄρα
2597 5481 2625 5531 ὁ
2679 5479 2978 5546 Ἀντίγονος
3032 5479 3240 5549 Ἀράτῳ
3295 5478 3392 5546 μὲν
3437 5476 3550 5530 ὖντι
3601 5473 3776 5545 ἰατρῷ

2194 5571 2420 5638 ἐπέταξε
2450 5571 2518 5625 τὰ
2541 5573 2872 5642 Φαινόμενα
2900 5571 3128 5642 γράψαι,
3161 5569 3449 5640 Νικάνδρῳ
3469 5567 3548 5636 δὲ,
3569 5568 3776 5635 ἀστρο-

593 5729 640 5764 ³³
658 5729 782 5802 Leg.
819 5731 1059 5802 Ἀθῆναι,
1090 5725 1164 5792 ὧν
1191 5731 1480 5804 μέμνηται.
1554 5731 1600 5766 ³⁵
1626 5729 1666 5799 f.
1695 5729 1962 5802 ἔμμετρα.
2040 5727 2084 5760 ³⁸
2122 5727 2284 5800 Ῑζυκαὶ
2329 5724 2499 5792 Ἀλεξ.
