4106 6464
331 403 465 463 “57

1731 388 1938 446 sunt
1982 377 2172 445 VITA.

3441 377 3584 434 1138

326 521 468 590 λόγῳ
485 515 801 586 ὑπάρχοντι,
825 510 893 564 τὰ
925 507 1184 578 Θγιριακὰ
1211 505 1306 560 καὶ
1330 502 1897 572 τὰᾺλεξιφάρμακα·

2025 519 2135 559 rero
2165 501 2459 571 astrologo,
2504 497 2745 553 theriaca
2797 502 2854 552 ct
2895 493 3332 565 alexipharmaca
3364 510 3379 548 :
3417 495 3486 548 ob
3508 493 3585 548 id-

329 607 450 660 ὅθεν
484 605 577 656 καὶ
609 601 866 671 ἑκάτερον
908 597 1086 650 αὐτῶν
1127 593 1387 661 ἐσφάλθαι
1432 592 1905 646 κατολισθαίνοντα

331 699 422 750 ἐπὶ
447 696 516 749 τὰ
539 697 644 748 ἴδια
673 696 770 762 τῆς
813 690 1044 760 τέχνης)
1070 729 1084 753 ,
1120 687 1426 756 ψεύδονται.
1469 683 1743 752 Ἀγνοοῢσι
1774 682 1904 754 γάρ,

333 791 408 853 ὡς
434 789 493 841 οὐ
546 787 859 856 συνήκμασε
882 781 960 850 τῷ
1005 779 1214 850 Ἀράτῳ
1248 775 1544 846 Νίκανδρος
1567 792 1580 804 ·
1609 775 1721 829 ἀλλ’
1761 773 1908 827 ἐστιν

337 879 497 933 αὑτοῦ
532 878 665 930 πολὺ
700 875 982 944 νεώτερος.
1030 870 1330 938 Ἀντίγονος
1367 868 1495 939 γὰρ,
1518 861 1561 933 ᾧ
1595 866 1909 934 συνεγένετο

341 973 594 1042 Ἄρατος,
624 967 764 1022 κατὰ
794 966 884 1018 τὸν
911 962 1125 1034 πρῶτον
1155 962 1245 1014 καὶ
1269 959 1517 1029 δεύτερον
1550 959 1736 1026 γέγονε
1767 960 1908 1010 Πτο-

339 1064 590 1134 λεμαῖονο
622 1058 922 1127 Νίκανδρος
949 1055 1006 1107 δὲ
1039 1054 1181 1108 κατὰ
1211 1053 1300 1106 τὸν
1325 1052 1594 1122 πέμπτον.
1621 1051 1908 1121 Μέμνηται

341 1156 472 1224 γοῦν
493 1152 655 1207 αὐτοῦ
680 1153 772 1206 καὶ
786 1148 1132 1218 Καλλίμαχος
1153 1147 1228 1210 ὡς
1262 1143 1629 1216 πρεσϐυτέρου
1656 1144 1715 1194 οὑ
1753 1143 1910 1212 μόνον

344 1249 402 1300 ὲν
426 1250 537 1309 τοῖς
553 1245 1034 1318 Ἐπιγράμμασιν,
1064 1239 1197 1293 ἀλλὰ
1219 1239 1311 1291 καὶ
1339 1240 1395 1290 ὲν
1421 1239 1530 1298 τοῖς
1553 1236 1686 1306 πρὸς
1715 1234 1912 1306 Πραξι-

347 1340 544 1408 φάνην,
596 1336 735 1389 πάνυ
764 1333 1000 1387 ἐπαινῶν
1029 1331 1208 1396 αὐτὸν,
1235 1329 1308 1392 ὼς
1335 1326 1619 1397 πολυμαθῆ
1663 1326 1757 1379 καὶ
1787 1326 1910 1396 ἄρι-

349 1446 470 1483 στον
487 1429 734 1498 ποιητήν.
759 1425 951 1493 Γέγονε
976 1423 1032 1476 δὲ
1057 1426 1084 1476 6
1100 1425 1334 1493 ’Ἄρατος
1363 1417 1606 1490 ζηλωτὴς
1634 1416 1873 1470 Ἠσιόδου
1892 1433 1908 1449 ο

345 1520 420 1584 ὡς
449 1520 542 1573 καὶ
586 1517 932 1587 Καλλίμαχος
967 1513 1394 1584 παρεσημήνατο
1420 1508 1578 1563 τοῦτο
1605 1507 1691 1561 διὰ
1710 1506 1801 1560 τοῦ
1833 1509 1912 1570 εἰς

346 1611 507 1664 αὑτὸν
533 1609 948 1680 ἐπιγράμματος
975 1604 1175 1668 οὕτως·

357 1784 627 1840 Ἠσιόδου
655 1783 705 1836 δ’
728 1783 772 1814 ³⁸
788 1780 1024 1850 ἄεισμα,
1052 1779 1154 1850 καὶ.
1169 1780 1202 1832 ὁ
1224 1777 1459 1850 τρόπος,
1479 1777 1550 1850 οὐ
1577 1775 1682 1850 τὸν
1706 1771 1911 1827 ἀοιδὸν

421 1857 737 1922 Ἔσχατον,
775 1847 1315 1922 ἀλλ”,ὀκαισώμῃτο
1337 1847 1770 1922 μεείιχρότατον

351 1924 475 1978 Τῶν
494 1911 685 1976 ἐπέων
712 1911 742 1974 6
774 1919 1000 1984 Σολεὺς
1025 1911 1384 1985 ἀπεμάξατο.
1410 1911 1669 1982 Χαίρετε,
1693 1911 1909 1967 λεπταὶ

430 1994 677 2062 Ῥήσεις,
708 1988 929 2058 ἀρήτου
957 1989 1252 2056 σύγγονος
1280 1987 1322 2018 ³⁷
1352 1985 1702 2054 ἀγρυπνίης.

353 2105 600 2177 Ἔγραψε
633 2105 690 2158 δὲ
717 2104 812 2157 καὶ
841 2102 975 2156 ἄλλα
1000 2103 1280 2172 ποιήματα
1307 2099 1433 2171 περί
1464 2117 1524 2152 τε
1561 2099 1798 2170 Ὀμήρου
1825 2098 1919 2151 καὶ

362 2196 639 2263 Ἰλιάδος,
697 2196 758 2248 οὗ
829 2195 984 2266 μόνον
1027 2193 1096 2246 τὰ
1150 2194 1501 2260 Φαινόμενα,
1558 2191 1653 2243 καὶ
1701 2189 1918 2242 ὀστολο-

351 2290 511 2376 ᾒαν,
546 2288 638 2341 καὶ
675 2286 921 2358 ἰατρικὰς
955 2285 1245 2355 δυνάμεις,
1289 2284 1380 2336 καὶ
1418 2284 1497 2344 εἰς
1534 2284 1688 2336 Πᾶνα
1733 2280 1918 2351 ὕμνον,

353 2371 448 2435 {ai
495 2383 576 2444 ei;
615 2377 794 2451 Μῦριν
826 2378 916 2431 τὸν
956 2376 1182 2444 ἀδελφὸν
1221 2373 1556 2445 ἐπικήδειον,
1605 2371 1699 2424 καὶ
1741 2371 1924 2441 διοση-

358 2473 517 2544 μείας
539 2511 553 2536 ,
589 2472 684 2525 καὶ
716 2469 1010 2533 Σκυθικὸν,
1045 2468 1140 2520 καὶ
1171 2457 1312 2520 κατὰ
1342 2465 1535 2518 λεπτὸν
1576 2463 1727 2519 ἄλλα.
1771 2464 1923 2516 Ἐπι-

355 2564 727 2634 τετευγμένως
775 2561 831 2614 δὲ
875 2559 1022 2630 αὐτῷ
1065 2560 1276 2630 ἐγράφη
1324 2558 1395 2611 τὰ
1444 2560 1808 2627 Φαινόμενα·
1849 2555 1926 2618 ὡς

357 2649 892 2722 παρευδοκιμηθῆναι
945 2647 1155 2710 πάντας
1210 2648 1301 2699 ὑπ’
1360 2647 1609 2718 Ἀράτου.
1657 2647 1768 2699 Kal.
1816 2644 1925 2716 γὰρ

351 2741 584 2807 Ἐὔδοξος
621 2741 649 2792 6
681 2740 893 2803 Κνίδιος
938 2739 1145 2811 ἔγραψε
1174 2738 1482 2809 ξφαινόμενα
1502 2778 1517 2802 ,
1548 2738 1644 2791 καὶ⁹
1689 2737 1867 2801 Λάσος
1897 2739 1926 2790 6

359 2833 624 2902 Μάγνης-,
660 2829 780 2901 οὐχὶ
822 2832 850 2883 6
893 2830 1239 2902 Ἑρμιονεὺς,
1285 2828 1399 2881 ἀλλ’
1443 2828 1729 2900 ὁμώνυμος
1769 2828 1927 2893 ἄλλος

359 2924 522 2992 Λάσῳ
541 2920 619 2990 τῷ
651 2918 944 2989 Ἑρμιονεῖ·
969 2920 1061 2971 κα)⁸
1084 2919 1418 2988 Ἕρμιππος,
1448 2921 1542 2971 καὶ
1576 2918 1925 2990 Ἡγησιάναξ,

362 3015 455 3067 καὶ
496 3012 882 3084 Ἀριστοφάνης
908 3013 936 3063 6
964 3008 1278 3073 Βυζάντιος,
1312 3009 1405 3063 καὶ
1429 3009 1576 3062 ἄλλοι
1603 3009 1784 3062 πολλοί
1807 3027 1820 3040 ·
1853 3003 1930 3064 ὧν

361 3105 458 3159 καὶ
503 3103 832 3174 Πτολεμαῖος
878 3102 1148 3174 μέμνηται
1189 3103 1218 3155 6
1258 3100 1516 3172 ﬂuctui);
1543 3101 1839 3172 ὶδιοφυέσιν
1884 3104 1929 3136 ³³

362 3195 537 3258 οὕτως
555 3212 570 3226 ⁸

363 3305 545 3361 Πὰνθ’
587 3303 942 3375 Ἡγησιάναξ
974 3320 1040 3375 τε
1075 3303 1173 3375 καὶ
1206 3304 1534 3374 Ἕρμιππος
1565 3307 1692 3359 κατ’
1719 3307 1933 3375 αἴθρην

441 3374 663 3444 ΤεΙρεα,
692 3375 790 3428 καὶ
813 3374 1026 3444 πολλοὶ
1056 3374 1239 3444 ταῦτα
1267 3375 1338 3427 τὰ
1366 3377 1694 3444 φαινόμενα

367 3443 606 3511 meam;
647 3443 1030 3514 ἐγκατέθΜο
1049 3460 1063 3473 ·
1094 3443 1213 3498 ἀπὸ
1241 3444 1476 3498 σκοποῦ
1504 3443 1550 3476 ⁸⁵
1581 3445 1631 3498 δ’
1658 3444 1932 3514 ἀφάμαρ-

449 3584 624 3638 Ἇλλὰ
669 3585 800 3638 τότε
845 3584 889 3617 ⁴ί
935 3547 1314 3654 λεπτολόγου-
1359 3583 1638 3654 σκήπτου
1681 3515 1933 3654 abigi“

1691 3653 1860 3727 [ἔχει.

366 3769 477 3822 Καὶ
506 3768 652 3822 ἄλλοι
681 3768 738 3822 δὲ
769 3767 953 3821 πολλοὶ
979 3767 1264 3838 γεγόνασιν
1290 3768 1536 3839 Ἀρατοι,
1567 3765 1757 3837 ἄνδρες
1782 3763 1934 3817 €10.6-

364 3878 540 3932 γιμοι,
573 3861 972 3932 ἱστοριογράφοι
992 3877 1008 3894 ο
1034 3861 1221 3932 ὥσπερ
1255 3861 1282 3913 ὁ
1305 3859 1521 3921 Κνίδιος
1541 3899 1556 3922 ,
1587 3852 1648 3912 οὗ
1678 3857 1935 3929 φέρονται

365 3952 714 4015 Αἰγυπτιακὰ
742 3953 985 4024 ἱστορικὰ
1017 3953 1422 4024 συγγράμματα.
1447 3968 1461 3982 ·
1495 3952 1588 4004 καὶ
1617 3951 1799 4023 τρίτος
1825 3953 1937 4004 ἐπι-

362 4043 674 4116 σημότατος
701 4042 1022 4108 Σικυώνιος,
1051 4037 1120 4097 ὀὗ
1158 4045 1312 4096 ἐστιν
1348 4045 1381 4114 ἡ
1426 4041 1747 4104 πολύὸιῦλος
1790 4043 1935 4094 ἱστο-

366 4137 485 4208 ρία,
520 4136 659 4207 ὑπὲρ
687 4135 755 4188 τὰ
779 4136 822 4189 λ’
855 4135 1033 4206 βιϐλία
1061 4134 1278 4205 ἔχουσα.
1318 4134 1429 4196 Τὰς
1468 4133 1524 4186 δὲ
1564 4133 1790 4204 Ἀράτου
1817 4135 1936 4186 ὲπι-

370 4227 582 4291 στολὰς,
601 4222 675 4281 ὧν
696 4228 950 4299 ἀνωτέρω
966 4226 1210 4298 ἐμνήσθη
1219 4243 1336 4297 μεν,
1355 4225 1572 4279 πάντων
1597 4224 1778 4296 σχεδὸν
1801 4242 1862 4277 συ
1871 4242 1936 4295 μ-

366 4319 688 4390 φωνούντων
723 4320 821 4384 τὰς
847 4322 924 4383 εἰς
958 4319 1121 4374 αὐτὸν
1154 4317 1564 4390 ἀναφερομένας
1589 4315 1752 4369 αὑτοῦ
1776 4313 1933 4378 εἶναι,

367 4413 465 4466 καὶ
491 4411 888 4481 ὁμολογούντων
918 4413 1144 4483 γνησίας
1185 4413 1384 4478 αὐτὰς,
1417 4412 1577 4482 μόνος
1619 4409 1937 4463 Ἀπολλωνί-

364 4505 464 4574 δης
484 4503 743 4572 ὁΚηφεὺς
764 4505 820 4555 ὲν
840 4502 919 4573 τῷ
942 4504 1110 4574 ὀγδόῳ
1127 4505 1263 4573 Περὶ
1279 4500 1772 4578 κατεψευσμένης
1786 4503 1937 4554 ἱστο-

359 4590 528 4660 ρίας,
555 4591 655 4642 οὐκ
681 4586 816 4644 εἶναι
838 4591 1007 4655 αὐτὰς
1045 4592 1270 4662 Ἀράτου
1305 4596 1490 4665 φησὶν,
1517 4579 1652 4646 ἀλλὰ
1680 4590 1933 4662 Σαὸιρίου

369 4679 663 4743 Πόλλωνος.
697 4679 803 4733 Τοῦ
846 4681 904 4734 δὲ
947 4682 1110 4735 αὐτοῦ
1151 4683 1340 4738 τούτου
1377 4683 1542 4754 φησιν
1575 4677 1713 4737 εἶναι
1743 4683 1933 4736 ἐπινε-

367 4771 692 4842 γραμμένας
714 4771 1007 4842 Εὐριπίδου
1034 4773 1342 4837 ἐπιστολάς.

882 4883 1026 4952 Περὶ
1061 4885 1420 4956 ἐξηγήσεως.

439 4996 551 5067 Τὴν
605 4997 660 5049 δὲ
701 4995 809 5050 τῶν
860 4995 1195 5065 φαινομένων
1253 4997 1508 5068 ἐξήγησιν
1565 4997 1781 5068 πρῶτον
1827 4998 1926 5068 μὲν

366 5087 608 5157 ἑστώσης
649 5087 746 5156 τῆς
787 5086 1052 5156 σφαίρας,
1100 5087 1237 5156 μετὰ
1275 5087 1333 5140 δὲ
1366 5088 1537 5142 ταῦτα
1585 5089 1930 5160 κινουμένης,

361 5179 656 5248 ἐποιήσατο
693 5179 944 5248 Ἀρατος.
978 5177 1069 5230 Διὸ
1094 5178 1404 5249 συμϐέϐηκε
1429 5181 1608 5243 πάσας
1643 5181 1742 5243 τὰς
1771 5180 1930 5250 σφαί-

364 5285 467 5338 ρας
521 5270 578 5324 ὲν
637 5271 874 5342 ἁμαρτίᾳ
926 5271 1030 5323 ὑπὸ
1079 5271 1188 5324 τῶν
1244 5271 1546 5342 ζωγράφων
1599 5273 1926 5344 γράφεσθαι.

374 5361 612 5415 Ἐστῶτα
647 5363 752 5432 γὰρ
796 5365 889 5416 καὶ
941 5363 1170 5434 ἀκίνητα
1211 5366 1510 5434 γράφοντες
1558 5364 1714 5428 αὐτὰ,
1756 5365 1926 5433 σφάλ-

363 5466 513 5519 ματα
537 5451 703 5504 πολλὰ
733 5454 793 5505 ὲν
820 5457 886 5524 τῇ
911 5457 1120 5524 κινήσει
1143 5457 1200 5507 ὲν
1225 5457 1336 5516 τοῖς
1366 5454 1806 5508 συνανατέλλουσι
1832 5458 1926 5509 καὶ

358 5541 726 5598 ἀντιδύνουσιν
756 5545 974 5617 ἄστροις
1001 5547 1064 5599 ⁸³.
1096 5546 1312 5599 Ποιοῦσι
1347 5545 1404 5598 δὲ
1426 5546 1521 5616 τὴν
1553 5547 1726 5618 ἀρχὴν
1757 5547 1926 5601 ἑστώ-

462 5733 506 5763 ³⁶
528 5733 568 5800 ι’.
610 5733 734 5787 τόδ’.
790 5734 939 5801 Mox,
1009 5738 1219 5797 ἀοιδῶν.

1344 5738 1463 5820 ³⁷].
1495 5739 1753 5820 ἀρρήτου,
1811 5748 1882 5820 et
1925 5740 2197 5820 giyyovon

2013 615 2121 668 que
2154 596 2343 650 ambos
2372 594 2677 652 aberrasse,
2716 589 2784 643 ad
2833 602 2896 642 ea
2939 602 3063 657 quae
3110 593 3267 640 erant
3298 585 3432 638 artis
3472 601 3585 640 sua:

2009 687 2251 758 propria,
2284 682 2561 752 delapsos)
2601 701 2612 734 :
2649 681 2764 734 haec
2793 679 2885 749 qui
2939 679 3149 743 dicunt,
3203 676 3314 729 falli
3344 690 3440 729 eos
3491 689 3588 728 ne-

2010 795 2164 834 cesse
2196 785 2298 833 est.
2331 775 2448 829 Non
2478 773 2620 828 enim
2646 773 2826 828 sciunt
2858 785 2981 823 cum
3013 769 3180 822 Arato
3203 782 3310 820 non
3334 765 3588 820 ﬂoruisse

2010 870 2343 926 Nicandrum
2369 909 2383 932 ,
2417 865 2511 920 sed
2539 879 2605 918 eo
2628 861 3087 930 multojuuiorem
3120 859 3395 914 exstitisse:
3421 875 3434 922 ;
3461 871 3587 910 nam

2011 963 2338 1032 Antigonus,
2366 973 2605 1029 quocum
2634 955 2736 1009 fuit
2775 954 2997 1012 Aratus.
3027 951 3204 1020 primo
3248 964 3311 1002 ac
3345 946 3589 1003 secund’o

2010 1053 2304 1108 Ptolemaeo
2355 1057 2621 1121 regnante
2681 1046 2856 1110 vixit;
2897 1042 3171 1096 Nicander
3221 1041 3323 1095 sub
3376 1040 3588 1109 quinto.

2017 1148 2206 1216 Itaque
2235 1144 2606 1198 Callimachus
2632 1138 2784 1193 Arati
2817 1144 3076 1204 tanquam
3106 1133 3398 1187 anterioris
3437 1146 3590 1185 men—

2013 1237 2214 1290 tionem
2245 1235 2395 1300 facit,
2426 1248 2532 1287 non
2578 1231 2754 1286 solum
2802 1229 2858 1282 in
2910 1223 3430 1295 Epigrammatibus,
3492 1221 3588 1276 sed

2011 1327 2171 1380 etiam
2199 1326 2254 1379 in
2284 1325 2350 1379 iis
2389 1339 2511 1394 quae
2538 1323 2607 1377 ad
2652 1320 3052 1388 Praxiphanem
3093 1315 3356 1383 scripsit;
3393 1313 3488 1366 ubi
3535 1319 3591 1366 et

2012 1417 2164 1470 illum
2190 1414 2436 1484 impense
2470 1411 2765 1474 collaudat,
2795 1420 3054 1478 tanquam
3072 1406 3345 1462 eruditum
3369 1412 3423 1458 et
3450 1405 3593 1473 Opti-

2011 1521 2164 1560 mum
2219 1515 2457 1576 poetam.
2504 1503 2774 1558 Carterum
2826 1500 3121 1554 Hesiodum
3170 1497 3456 1551 atmulatus
3509 1504 3594 1550 est

2011 1597 2250 1662 Aratus;
2307 1595 2456 1666 quod
2486 1593 2856 1649 Callimachus
2901 1591 3296 1661 epigrammate
3355 1588 3592 1658 quodam

2019 1689 2079 1744 in
2104 1705 2228 1745 eum
2254 1690 2460 1758 scripto
2489 1694 2718 1742 testatus
2748 1693 2833 1740 est
2857 1683 2943 1739 his
2968 1682 3152 1738 verbis
3185 1699 3198 1734 :

2089 1782 2308 1836 Hesiodi
2337 1781 2432 1834 hoc
2457 1796 2688 1843 carmen,
2711 1787 2758 1833 et
2778 1776 2985 1839 modus,
3005 1792 3111 1828 non
3137 1787 3453 1843 poetarum;

2162 1853 2581 1906 Postremum...
2709 1883 2713 1889 -
3355 1871 3366 1894 ι

2086 1923 2391 1978 Carminum
2421 1920 2654 1974 Solensis
2691 1916 2965 1985 expressit.
3015 1913 3238 1975 Salvete,
3272 1912 3490 1967 subtilia

2160 1993 2338 2056 Dicta,
2363 1989 2748 2058 inexplicabilis
2770 2002 3023 2056 germana
3053 1986 3268 2054 vigiliw.

2089 2095 2294 2163 Prteter
2333 2105 2682 2159 Phaznomena
2725 2101 2950 2171 scripsit
2984 2109 3037 2154 et
3064 2099 3171 2154 alia
3207 2104 3480 2169 poemata,
3530 2095 3599 2150 de

2021 2198 2258 2253 Homero
2314 2203 2367 2251 et
2423 2193 2626 2258 Iliade;
2681 2192 2747 2247 de
2800 2192 3042 2256 ossibus,
3095 2205 3160 2244 ac
3225 2188 3456 2243 medicis
3517 2186 3600 2240 fa-

2022 2290 2338 2352 cultatibus,
2367 2287 2628 2358 hymnum
2662 2284 2718 2338 in
2746 2283 2916 2348 Pana,
2948 2281 3254 2352 epicedium
3307 2263 3379 2334 in‘
3418 2279 3600 2350 Myrin

2025 2382 2272 2446 fratrem,
2316 2380 2383 2434 de
2423 2377 2691 2432 ostentis:
2721 2374 3060 2446 Scythicum,
3105 2380 3159 2428 et
3205 2373 3312 2426 alia
3353 2371 3603 2441 quaedam

2023 2473 2258 2528 minuta.
2309 2469 2366 2524 ln
2418 2468 2786 2524 Phwnomenis
2839 2481 2969 2522 vero
3013 2465 3322 2520 scribendis
3377 2461 3606 2532 potissio

2025 2581 2173 2618 mum
2199 2562 2474 2628 excelluit,
2525 2561 2659 2615 adeo
2713 2568 2774 2612 ut
2810 2567 3038 2614 caeteros
3086 2559 3244 2628 longe
3295 2563 3600 2626 superaret.

2024 2655 2160 2710 Nam
2187 2653 2444 2708 Eudoxus
2475 2667 2692 2722 quoque
2715 2650 2944 2706 Cnidius
2982 2650 3049 2705 de
3077 2648 3450 2719 phanomenis
3475 2647 3606 2701 scri-

2025 2747 2154 2818 psit,
2191 2754 2246 2800 et
2268 2744 2440 2800 Lasus
2466 2743 2710 2814 Magnes,
2752 2759 2864 2798 non
2899 2740 3333 2802 Hcrmionensis,
3409 2738 3505 2792 sed
3550 2737 3600 2792 ei

2027 2838 2122 2910 qui
2151 2836 2559 2891 Hermionensis
2589 2847 2728 2899 erat,
2778 2833 3150 2904 cognominis;
3199 2845 3414 2884 necnon
3467 2828 3606 2883 Ποιν-

2028 2931 2264 3000 mippus,
2301 2926 2660 2998 Hegesianax,
2704 2925 3099 2994 Aristophanes
3139 2922 3456 2992 Byzantius,
3490 2920 3610 2974 alii-

2030 3037 2135 3092 que
2169 3020 2511 3090 complures;
2545 3018 2614 3075 de
2637 3017 2838 3089 quibus
2871 3017 3116 3071 meminit
3148 3013 3496 3081 Ptolemmus,
3529 3015 3606 3066 ita

2033 3110 2278 3167 scribens
2304 3128 2318 3164 :

2100 3310 2294 3365 Omnia
2329 3309 2682 3378 Hegesianax,
2710 3317 2759 3363 et
2796 3308 3115 3377 Hermippus
3147 3306 3372 3362 wtherea

2177 3382 2339 3435 Astra
2355 3391 2401 3434 et
2423 3381 2596 3447 plures
2629 3380 2738 3433 [nec
2757 3381 3102 3448 phwnomena

2103 3452 2277 3508 Libris
2305 3454 2677 3505 commiserunt
2702 3465 2722 3514 ;
2748 3447 2836 3503 sed
2869 3466 2901 3502 a
2929 3464 3082 3516 scopo
3106 3447 3442 3502 aberrarunt.

2181 3585 2374 3640 Verum
2431 3581 2642 3637 subtilis
2691 3583 2961 3652 scriptoris
3011 3581 3374 3652 principatum
3407 3580 3606 3652 Aratus

3301 3648 3539 3723 [obtinet.

2101 3771 2305 3828 Praeter
2347 3772 2496 3826 hunc
2551 3769 2880 3826 exstiterunt
2925 3767 3018 3822 alii
3073 3767 3380 3838 complures
3430 3766 3608 3832 Arati,

2035 3865 2282 3921 celebres
2337 3862 2588 3920 historici
2623 3881 2635 3916 :
2669 3861 2818 3917 velut
2872 3860 3123 3927 Cnidius,
3173 3860 3332 3928 cujus
3388 3865 3607 3914 exstant

2035 3955 2484 4029 Egyptiacarum
2516 3954 2870 4010 historiarum
2917 3953 3084 4020 libri;
3115 3953 3311 4008 tertius
3351 3953 3481 4008 item
3509 3965 3610 4006 no-

2033 4050 2200 4105 minis
2229 4047 2473 4118 ejusdem
2507 4045 2819 4116 Sicyonius,
2847 4043 3008 4115 longe
3023 4043 3366 4098 clarissimus
3391 4059 3406 4108 ;
3437 4057 3470 4097 a
3498 4054 3610 4112 quo

2034 4140 2224 4196 multis
2255 4139 2415 4194 libris
2453 4137 2601 4194 edita
2635 4146 2720 4192 est
2737 4137 2990 4193 historia.
3031 4135 3170 4191 Sunt
3192 4137 3338 4191 enim
3373 4135 3610 4205 amplius

2034 4233 2274 4304 triginta.
2308 4231 2466 4298 Quod
2500 4231 2569 4287 ad
2592 4232 2854 4302 epistolas
2894 4217 3049 4286 Arati
3091 4235 3320 4300 spectat,
3374 4242 3608 4297 quarum

2033 4339 2199 4394 supra
2226 4326 2574 4381 meminimus
2597 4365 2612 4387 ,
2641 4341 2762 4382 cum
2797 4325 2850 4378 in
2877 4323 2980 4378 hoc
3016 4321 3360 4378 consentiant
3391 4333 3604 4382 omnes,

2035 4417 2184 4473 illius
2209 4432 2302 4471 eas
2334 4432 2459 4473 esse
2486 4432 2796 4487 germanas,
2835 4429 2956 4486 quae
2980 4414 3084 4484 ipsi
3116 4413 3469 4467 tribuuntur:
3517 4425 3608 4465 so-

2035 4508 2124 4563 lus
2147 4509 2471 4578 Apollonius
2499 4508 2748 4578 Cepheus
2771 4508 2826 4561 in
2865 4514 3059 4561 octavo
3081 4504 3159 4558 De
3185 4503 3326 4573 falsa
3357 4502 3603 4568 historia,

2037 4609 2200 4669 negat
2225 4615 2318 4656 eas
2338 4601 2489 4655 Arati
2521 4615 2662 4666 esse,
2695 4599 2790 4654 sed
2821 4597 3020 4653 Sabirii
3053 4595 3314 4651 Pollonis.
3338 4594 3382 4646 A
3417 4608 3526 4664 quo
3550 4601 3606 4648 et

2037 4690 2160 4746 illas
2190 4705 2314 4746 esse
2342 4693 2575 4760 scriptas
2603 4691 2866 4760 epistolas
2913 4687 3115 4742 asserit
3160 4700 3281 4757 quae
3331 4684 3605 4755 Euripidis

2037 4783 2259 4839 nomine
2281 4781 2763 4838 circumferuntur.

2307 4892 2386 4948 De
2411 4894 2743 4948 enarratione
2772 4895 3136 4963 apparentium
3159 4892 3332 4947 Arati.

2103 5007 2501 5078 Apparentium
2551 5009 2820 5063 rationem
2880 5008 2959 5064 sic
3004 5007 3204 5062 Aratus
3234 5001 3503 5076 exposuit,
3547 5013 3606 5058 ut

2038 5100 2318 5154 immotam
2356 5101 2533 5170 primo
2562 5101 2852 5170 sphaeram,
2887 5107 3012 5170 post
3037 5099 3279 5154 eamdem
3306 5111 3426 5152 sese
3471 5109 3604 5150 con-

2040 5199 2336 5247 vertentem
2368 5193 2657 5262 aspiceret.
2697 5191 2835 5248 Hinc
2863 5198 3086 5262 apparet
3130 5190 3370 5260 sphaeras
3414 5203 3604 5244 omnes

2037 5295 2067 5334 a
2098 5281 2400 5349 pictoribus
2439 5299 2547 5336 non
2579 5285 2694 5338 sine
2724 5298 2910 5337 errore
2953 5281 3121 5352 pingi.
3165 5279 3299 5334 Cum
3335 5281 3477 5334 enim
3511 5293 3605 5332 eo-

2035 5372 2158 5425 dem
2208 5373 2331 5429 loco
2383 5376 2742 5430 consistentia
2794 5386 2846 5430 et
2897 5374 3196 5429 immobilia
3253 5372 3600 5434 describant,

2035 5463 2222 5532 plures
2252 5480 2318 5520 ex
2349 5480 2415 5519 eo
2452 5480 2677 5521 necesse
2697 5474 2781 5520 est
2815 5465 2871 5518 in
2901 5461 3203 5518 orientibus
3230 5461 3392 5515 simul
3424 5467 3477 5515 et
3509 5475 3603 5514 oc-
3707 5462 3718 5474 '

2033 5552 2343 5610 eidentibus
2375 5554 2648 5610 sideribus
2677 5569 2892 5610 errores
2923 5551 3180 5609 incidere.
3217 5551 3378 5604 Initio
3416 5550 3602 5620 itaque

2299 5743 2343 5816 Ϋ⁸
2371 5742 2454 5794 Αη
2480 5742 2671 5816 ,ἰδίω;,
2714 5743 2806 5798 καί
2841 5759 3024 5816 φησιν.
3132 5741 3176 5773 ³⁸
3212 5739 3330 5796 Scr.
3360 5739 3428 5796 τὰ
3454 5737 3596 5793 κατ’.

359 5799 414 5832 ⁸⁸
443 5799 559 5857 Scr.
581 5799 932 5860 άποσκόπιοι.
1001 5810 1042 5840 ⁸¹
1070 5809 1184 5864 Scr.
1216 5809 1297 5874 τό,
1362 5799 1433 5862 σι’
1466 5799 1758 5878 σκῖιπτρον.
1837 5809 1882 5847 θ’
1918 5855 1923 5864 .

2025 5799 2053 5865 ὁ
2077 5813 2317 5868 nonnihil
2339 5811 2607 5868 mendosa.
