4106 6424
521 331 664 390 1159

1553 325 1646 382 AD
1681 325 1948 384 EUSEBII
1984 321 2379 382 CHRONICON
2421 322 2783 380 APPENDIX.

3639 327 3779 382 H60

523 449 592 504 ab
620 446 834 518 sphaera
864 447 1201 504 consistente
1225 445 1392 516 facto,
1419 445 1487 502 de
1510 461 1632 512 axe,
1667 448 1814 519 polo,
1849 455 1904 504 et
1935 447 2003 504 iis
2023 448 2096 504 si-

2201 463 2302 518 σης
2331 445 2431 518 τῆς
2461 445 2695 518 σφαίρας
2744 445 2874 516 περὶ
2915 443 3096 508 ἄξονος
3149 445 3245 498 καὶ
3291 445 3468 500 πόλων
3489 487 3503 508 ,
3545 447 3781 502 καὶτῶν

521 539 769 606 deribus,
815 553 938 610 quae
975 539 1164 594 arctici
1221 539 1416 594 circuli
1471 539 1678 594 ambitu
1741 539 2094 604 clauduntur,

523 643 832 686 sermonem
853 629 1124 696 instituit;
1156 628 1464 700 cujusmodi
1495 639 1644 696 sunt,
1689 628 1864 696 Ursae,
1899 629 2094 696 Draco,

522 727 578 776 et
605 736 725 790 quae
757 721 825 775 ab
851 721 1070 791 cingulo
1100 721 1167 775 ad
1197 721 1360 792 pedes
1393 719 1596 791 Cephei
1642 723 1951 791 pertinent;
1980 729 2098 776 tum

523 808 593 864 de
637 809 705 863 iis
745 823 866 879 quae
913 809 1176 864 arcticum
1219 811 1363 864 inter
1413 817 1468 866 et
1515 809 1800 866 zodiacum
1834 811 2098 864 collocata

521 901 792 956 videntur.
825 899 904 956 Ac
931 901 1000 956 de
1025 901 1093 956 iis
1113 901 1355 972 quidem,
1407 915 1531 972 qua:
1573 901 1718 957 inter
1749 902 2014 956 arcticum
2043 909 2098 956 et

523 993 830 1060 zodiacum,
863 999 1028 1062 atque
1055 993 1420 1048 antarcticum
1449 993 1558 1048 sita
1587 999 1739 1058 sunt,
1758 993 1836 1046 ita
1867 993 2093 1050 scribit:

523 1106 690 1173 Atque
724 1103 836 1156 alia
865 1103 1072 1172 quidem
1105 1104 1242 1156 inter
1281 1103 1582 1173 aquilonem
1625 1113 1676 1158 et
1703 1107 1804 1156 iter
1839 1103 1964 1158 solis

524 1173 592 1228 1η
623 1173 789 1228 medio
807 1174 932 1242 [usa
947 1183 1088 1236 sunt;
1113 1173 1224 1226 alia
1244 1173 1308 1226 ab
1329 1173 1568 1242 inferiori
1583 1186 1734 1243 parte
1749 1175 2030 1242 incipiunt.

523 1286 724 1342 Verum
799 1301 1120 1342 conversam
1171 1295 1362 1358 postea
1399 1287 1799 1357 contemplatus
1851 1285 2098 1342 eamdem

522 1379 811 1450 sphaeram,
844 1379 1002 1450 15o
1027 1387 1270 1444 ortuum,
1293 1394 1357 1434 ac
1385 1379 1550 1435 simul
1593 1379 1886 1434 orientium
1917 1385 1972 1434 et
2003 1394 2097 1433 oc-

523 1471 824 1526 cidentium
875 1471 1282 1526 enarrationem
1329 1470 1454 1525 iniit
1495 1471 1566 1526 ab
1601 1471 1814 1527 oriente
1857 1469 2093 1536 Cancro,

521 1563 858 1618 culminante
881 1561 1083 1626 Ariete,
1113 1569 1169 1617 et
1189 1564 1472 1618 occidente
1519 1562 1877 1632 Capricorno.
1921 1561 2095 1618 Orsus

523 1663 705 1709 autem
736 1653 806 1708 ab
826 1662 1020 1708 exortu
1049 1653 1271 1719 Cancri,
1309 1669 1434 1708 cum
1463 1669 1640 1725 eoque
1677 1655 1841 1710 simul
1863 1654 2096 1710 orientia

521 1753 578 1800 et
607 1744 911 1800 occidentia
940 1760 1008 1800 ex
1051 1743 1284 1800 adverso
1319 1745 1499 1816 sidera
1541 1753 1884 1816 persecutus,
1905 1746 2092 1814 idein-

2201 537 2356 602 ἐντὸς
2387 537 2478 592 τοῦ
2509 537 2774 608 ἀρκτικοῢ
2812 536 3008 591 κύκλου
3039 537 3254 608 ἄστρων
3298 537 3390 590 τὸν
3419 537 3577 606 λόγον
3604 543 3782 594 ποιεῖ-

2203 645 2314 682 ται.
2352 629 2510 697 Λέγω
2537 630 2594 682 δὲ
2623 630 2894 699 Ἄρκτων,
2925 629 3018 682 καὶ
3045 629 3366 700 Δράκοντος,
3403 629 3498 682 καὶ
3533 629 3644 682 τῶν
3671 632 3782 685 ἀπὸ

2201 721 2303 792 τῆς
2331 719 2504 792 ζώνης
2541 721 2702 791 μέχρι
2732 720 2908 773 ποδῶν
2932 720 3026 774 τοῦ
3063 719 3298 790 Κηφέως
3323 737 3335 750 ·
3373 718 3490 774 εἶτα
3523 723 3784 793 περὶτῶν

2205 816 2412 888 μεταξὺ
2450 811 2546 868 τοῦ
2593 811 2852 882 ἁρκτικοῦ
2883 811 2977 864 ita).
3005 809 3270 875 ζωδιακοῦ
3315 807 3454 866 εἶναι
3493 813 3784 884 νομιζομέ-

2203 925 2330 964 νων.
2379 905 2542 974 Λέγει
2581 904 2640 957 δὲ
2687 903 2952 973 περὶτῶν
2987 903 3190 972 μεταξὺ
3234 904 3330 956 τοῦ
3369 904 3636 975 ἀρκτικοῦ
3685 905 3784 957 καὶ

2201 997 2489 1067 ζωδιακοῦ,
2522 997 2617 1050 καὶ
2643 995 3005 1067 ἀνταρκτικοῦ
3029 993 3202 1059 οὕτως
3228 1013 3242 1026 ’

2201 1115 2314 1169 Καὶ
2338 1115 2411 1167 τὰ
2432 1112 2548 1182 μὲν
2571 1107 2685 1166 οὖν
2705 1109 2900 1178 ,βορέω
2919 1109 3031 1182 ,καί
3059 1108 3316 1182 ἀλήστος
3339 1109 3569 1182 rimimo

2199 1179 2531 1254 Μεσσηῇοὺς
2559 1182 2804 1252 κέχυται
2823 1198 2835 1210 ·
2869 1180 2942 1234 τὰ
2972 1180 3040 1234 δὲ
3065 1181 3297 1234 νειόθεν
3323 1179 3566 1248 ἄρχεται
3593 1179 3780 1234 ἄλλα.

2201 1302 2365 1355 Κινου
2373 1299 2538 1370 μένης
2558 1299 2614 1352 δὲ
2637 1299 2738 1368 τῆς
2761 1296 3016 1367 σφαίρας,
3035 1294 3079 1328 ⁵³
3093 1293 3204 1347 τῶν
3227 1293 3520 1359 ἀνατολῶν,
3537 1296 3632 1348 καὶ
3657 1313 3784 1347 συν-

2201 1391 2594 1446 ανατελλόντων
2627 1390 2722 1444 καὶ
2743 1387 3129 1442 ἀντιδυνόντων
3159 1386 3451 1457 πεποίηται
3483 1387 3590 1440 ἀπὸ
3627 1388 3783 1458 Καρ-

2201 1485 2353 1538 κίνου
2387 1481 2790 1544 ἀνατέλλοντος,
2829 1480 2926 1532 καὶ
2965 1475 3424 1548 μεσουρανοῦντος
3453 1475 3647 1548 Κριοῦ,
3685 1479 3782 1530 καὶ

2201 1573 2482 1645 Αίγόκερω
2509 1571 2780 1634 δύνοντος.
2825 1567 3158 1640 Ἀρξάμενος
3194 1565 3374 1637 μέντοι
3412 1565 3519 1618 ἀπὸ
3565 1567 3780 1636 Καρκί-

2201 1684 2292 1720 νου
2322 1665 2722 1730 ἀνατέλλοντος,
2749 1661 2844 1716 καὶ
2871 1661 2917 1692 δι
2946 1659 3170 1731 προσέτι
3212 1658 3280 1710 τὰ
3321 1657 3782 1710 συνανατὲλλοντα

2207 1757 2355 1829 αύτῷ
2387 1756 2562 1828 ἄστρα
2583 1797 2598 1823 ,
2629 1754 2725 1808 καὶ
2759 1751 3101 1807 ἀντιδύνοντα
3133 1753 3192 1804 ἐν
3223 1752 3334 1812 τοῖς
3367 1749 3496 1819 ἑξῆς
3528 1747 3627 1800 οὐκ
3653 1747 3782 1818 ἐτή-

522 1851 652 1906 ceps
683 1835 932 1892 eumdem
965 1835 1216 1892 ordinem
1249 1849 1360 1890 non
1387 1836 1692 1898 tenuit,sed
1719 1837 1889 1893 variis
1919 1837 2096 1894 modis

2201 1825 2337 1921 ρησέ
2363 1825 2566 1918 ταύτην
2609 1846 2707 1918 τὴν
2748 1843 2900 1908 τάξιν
2925 1859 2936 1872 ·
2973 1840 3108 1896 ἀλλὰ
3147 1839 3454 1912 διαφόρως,
3493 1837 3624 1891 ποτὲ
3679 1838 3780 1909 μὲν

523 1943 656 1984 usus
687 1935 772 1984 est
800 1945 815 1982 :
845 1934 950 1984 ute
971 1927 1192 2000 regione
1209 1927 1486 1983 interdum
1510 1928 1818 1983 occitlentia
1839 1928 2096 1998 primum,

521 2027 649 2090 post
678 2019 842 2074 simul
872 2019 1102 2074 orientia
1124 2019 1465 2074 describeret
1489 2035 1504 2085 ;
1535 2019 1592 2074 in
1624 2019 1746 2074 aliis
1776 2020 1897 2075 vice
1917 2035 2095 2084 versa,

522 2126 552 2164 a
577 2110 952 2166 coorientibus
995 2109 1284 2180 inciperet,
1333 2111 1513 2181 iisque
1555 2110 1897 2164 contrarium
1937 2125 2100 2167 occa-

522 2216 646 2260 sum
675 2201 932 2256 facientia
953 2200 1273 2271 subiiceret.

592 2289 700 2345 Sed
753 2291 1026 2360 poeticum
1073 2289 1179 2346 hoc
1227 2303 1367 2360 opus
1415 2290 1662 2360 plerique
1709 2289 2098 2362 depravarunt,

521 2381 786 2453 pictores,
827 2381 1150 2444 astronomi,
1192 2380 1557 2450 grammatici,
1599 2389 1925 2451 geometrae;
1975 2398 2098 2438 cum

522 2468 594 2524 ad
639 2483 796 2526 suam
829 2469 1062 2540 quisque
1095 2479 1336 2524 mentem
1370 2483 1436 2524 ac
1479 2471 1812 2528 voluntatem
1860 2473 2101 2544 privatas

519 2559 768 2630 picturas
794 2566 850 2616 et
881 2559 1360 2630 interpretationes
1397 2561 1664 2632 exigeret.

587 2651 952 2707 Proferuntur
999 2665 1030 2706 a
1080 2651 1361 2707 nonnullis
1403 2649 1760 2709 Pharnamena
1813 2652 1935 2709 sine
1987 2653 2102 2710 ullo

521 2745 794 2816 prooemio
823 2745 880 2798 in
907 2742 1054 2798 hunc
1094 2743 1318 2798 modum
1351 2762 1366 2800 :

523 2857 624 2914 Ure
650 2857 858 2929 quidem
881 2857 1219 2912 nihilominus
1255 2857 1458 2924 multa,
1493 2865 1544 2914 et
1566 2857 1696 2912 alibi
1738 2859 1864 2916 alia:
1889 2861 2102 2931 posita;

520 2969 740 3043 quidam
775 2969 990 3026 diversa
1017 2968 1285 3040 prooemia
1317 2967 1583 3036 referunt,
1625 2969 1771 3026 velut
1807 2990 1822 3028 :

697 3083 777 3138 De
803 3083 913 3138 sole
939 3092 990 3137 et
1020 3082 1214 3152 insigni
1243 3082 1370 3138 luna

693 3155 863 3210 Dicite
887 3153 1034 3217 mihi,
1066 3151 1252 3213 Musa.

519 3265 584 3324 lii
613 3266 736 3322 aliis
763 3263 1171 3336 exemplaribus
1195 3281 1213 3321 :

519 3381 739 3455 Anclide
763 3382 1024 3455 hospitum
1059 3396 1272 3455 sacrum
1299 3397 1558 3455 _germett,
1611 3399 1707 3455 age
1737 3392 1794 3438 tu
1833 3383 1962 3440 mihi

519 3454 792 3511 Calestem
826 3454 1061 3524 attingas
1083 3451 1153 3506 ad
1179 3451 1460 3518 semitam;

519 3571 646 3638 alia,

695 3707 974 3778 Antigone,
1003 3707 1267 3777 hospitum
1299 3721 1510 3760 sacrum
1532 3719 1764 3775 germen.

520 3821 722 3879 Verum
765 3822 914 3877 omni
960 3836 1190 3893 prorsus
1226 3833 1417 3876 carere
1453 3815 1722 3888 prommio
1755 3831 1895 3887 opus
1926 3815 2096 3882 istud,

517 3913 840 3970 indecorum
867 3918 991 3980 est;
1027 3925 1094 3966 ac
1135 3925 1258 3966 cum
1293 3909 1463 3979 hujus
1509 3915 1682 3979 poeta:
1721 3901 2000 3977 pratstanti
2029 3907 2102 3962 fa-

517 4006 740 4072 cultate,
771 4013 882 4058 tum
911 4017 1044 4060 vero
1067 4001 1209 4056 tanti
1243 3999 1550 4072 argumenti
1584 3999 1870 4070 majestate
1913 4001 2098 4057 minus

515 4097 773 4166 dignum,
800 4095 884 4150 sic
919 4094 1068 4150 enim
1097 4091 1240 4147 initii
1285 4107 1351 4146 ac
1373 4091 1524 4146 velut
1553 4089 1748 4160 capitis
1776 4105 1970 4160 expers
2009 4107 2100 4148 es-

515 4197 604 4246 set
623 4189 727 4244 hoc
749 4201 963 4258 poema.
987 4185 1071 4240 Ab
1099 4185 1170 4240 iis
1201 4193 1382 4238 autem
1413 4181 1658 4238 exordiis
1695 4181 1962 4247 inchoari,
1989 4183 2099 4238 An-

517 4281 683 4345 clide',
725 4287 782 4334 et
821 4277 872 4332 id
909 4291 1084 4347 genus
1120 4274 1366 4338 caeteris,
1417 4285 1527 4325 non
1555 4285 1620 4326 eo
1657 4271 1834 4328 solum
1884 4271 2099 4328 videtur

517 4370 836 4434 absurdum,
860 4369 1003 4440 quod
1029 4376 1250 4438 propter
1290 4364 1622 4420 cacozeliam
1668 4365 1737 4419 ab
1765 4363 1920 4418 Arati
1955 4365 2097 4436 stylo

516 4466 606 4522 isti
637 4480 828 4520 versus
866 4463 1229 4529 abhorreant;
1263 4459 1362 4516 sed
1400 4459 1545 4514 inest
1579 4457 1634 4514 id
1677 4457 1735 4512 in
1767 4473 1833 4514 eo
1877 4473 2097 4529 quoque

2196 1938 2266 1992 τὰ
2297 1935 2640 1991 ἀντιδύνοντα
2671 1935 2865 2006 πρῶτα
2894 1933 3080 1997 λέγει,
3113 1931 3338 2003 ὕστερον
3361 1931 3418 1983 δὲ
3449 1930 3516 1984 τὰ
3547 1947 3780 1984 συνανα-

2198 2029 2484 2084 τέλλοντα³
2517 2028 2611 2081 ἐπὶ
2661 2027 2719 2080 δέ
2759 2043 2920 2080 τινων
2969 2025 3237 2079 ἀνάπαλιν
3257 2039 3270 2053 ·
3321 2021 3514 2094 πρῶτα
3563 2023 3661 2092 μὲν
3707 2021 3780 2074 τὰ

2200 2121 2678 2186 συνανατέλλοντα,
2711 2119 2936 2191 ὕστερον
2963 2116 3034 2170 τὰ
3051 2115 3416 2171 ἀντιδύνοντα.

2283 2300 2589 2373 Ἐλύμηναν
2632 2297 2690 2352 δὲ
2727 2296 2914 2351 πολλοὶ
2949 2294 3108 2350 τοῦτο
3155 2295 3216 2350 τὸ
3249 2296 3460 2368 ποίημα
3495 2295 3780 2366 ζωγράφοι

2200 2395 2296 2450 καὶ
2325 2392 2647 2466 ἀστρονόμοι
2669 2431 2686 2456 ,
2723 2389 2818 2444 καὶ
2863 2389 3240 2460 γραμματικοὶ
3265 2432 3280 2454 ,
3312 2387 3408 2441 καὶ
3439 2387 3778 2458 γεωμέτραι,

2198 2487 2426 2550 ἕκαστος
2455 2481 2634 2537 αὐτῶν
2663 2481 2800 2552 πρὸς
2828 2479 2892 2534 τὸ
2923 2479 3170 2552 βούλημα
3191 2478 3254 2533 τὸ
3285 2478 3413 2536 ἴδιον
3443 2477 3662 2550 γραφὰς
3685 2479 3783 2531 καὶ

2201 2577 2498 2650 tamen;
2521 2575 2656 2638 ιδίας
2675 2571 3006 2642 ποιούμενοι.

2269 2671 2496 2744 Φέρεται
2528 2668 2595 2739 δὴ
2641 2667 2710 2722 τά
2745 2663 3079 2734 Φαιγόμενα
3115 2661 3222 2717 ὑπὸ
3257 2663 3356 2734 μέν
3395 2679 3558 2716 τινων
3607 2663 3788 2733 ἀπρο-

2198 2763 2460 2836 οιμίαστα
2481 2775 2497 2792 ⁸

2206 2879 2272 2932 Oi
2294 2873 2412 2946 μὲν
2435 2873 2592 2944 ὁμῶς
2615 2872 2828 2939 πολέες
2853 2888 2917 2926 τε
2935 2871 3035 2926 καὶ
3059 2867 3315 2936 ἄλλυδις
3333 2867 3512 2923 ἄλλοι
3537 2867 3748 2936 ἐόντες
3767 2888 3780 2900 ·

2203 2967 2308 3024 ὑπὸ
2333 2967 2392 3022 δέ
2413 2983 2574 3021 τινων
2597 2965 2831 3038 διάφορα
2861 2963 3143 3037 προοίμια,
3173 2965 3348 3034 ἀρχὴν
3373 2961 3567 3033 ἔχοντα
3583 2977 3598 2992 ·

2355 3079 2522 3150 Ἇμφί
2546 3097 2649 3150 μοι
2681 3078 2906 3150 ἠελίοιο
2938 3075 3330 3146 περικῑειτοῖό
3353 3091 3416 3129 τε
3435 3073 3636 3144 μήνης

2351 3149 2604 3204 Ἕσπετέ
2627 3165 2750 3220 μοι,
2777 3149 3015 3203 Μοῦσαι

2203 3267 2326 3325 τινὰ
2353 3267 2410 3322 δὲ
2438 3266 2550 3320 τῶν
2581 3264 2931 3335 ἀντιγράφων
2951 3279 2965 3293 ·

2216 3379 2516 3452 Ἀγκλείδη
2543 3377 2759 3452 ξείνων
2781 3376 2945 3452 lepor:
2974 3375 3182 3452 θάᾷρς,
3209 3375 3332 3432 εὶδ’
3359 3375 3467 3446 ἆγε
3488 3377 3570 3430 σύ
3591 3393 3695 3446 μοι

2199 3447 2498 3521 Οὐρανίην
2527 3450 2830 3518 ψαύσειας
2853 3447 2952 3502 ἐπὶ
2979 3447 3211 3516 τρίϐον

2201 3566 2320 3621 ἔνια
2349 3563 2408 3618 δέ
2427 3581 2440 3594 '

2351 3677 2664 3747 Ἀντίγονε,
2691 3673 2904 3740 ξείνων
2934 3671 3095 3742 ἱερὸν
3115 3673 3320 3739 θάλος.

2199 3793 2274 3848 Τὸ
2309 3791 2409 3864 μὲν
2431 3785 2525 3844 οὖν
2559 3787 2986 3860 ἀπροοιμίαστον
3009 3785 3270 3859 φέρεσθαι
3302 3786 3362 3840 τὸ
3393 3786 3606 3858 ποίημα
3639 3805 3782 3842 παν-

2197 3883 2366 3947 τελῶς
2403 3884 2552 3936 ἐστιν
2598 3881 2844 3952 ἀπρεπὲς
2887 3880 2984 3934 καὶ
3020 3876 3238 3944 ἀνάξιον
3277 3877 3379 3950 τῆς
3415 3877 3510 3932 τοῦ
3555 3879 3784 3949 ποιητοῦ

2198 3976 2397 4048 ἀρετῆς
2445 3975 2542 4028 καὶ
2590 3973 2693 4042 τῆς
2753 3971 3083 4043 τηλικαύτης
3147 3969 3456 4033 ὑποθέσεως
3481 3987 3495 4000 ·
3545 3971 3782 4041 ἄναρχον

2198 4070 2306 4142 γὰρ
2351 4068 2447 4122 καὶ
2479 4065 2754 4137 ἀκέφαλον
2795 4066 2949 4122 ἔσται
2991 4064 3052 4118 τὸ
3080 4064 3292 4134 ποίημα
3313 4080 3325 4094 ·
3357 4063 3418 4116 τὸ
3457 4063 3514 4116 δὲ
3543 4063 3652 4116 ἀπὸ
3681 4063 3780 4116 τοῦ

2210 4163 2546 4234 Ἁγκλείδη,
2597 4162 2692 4216 καὶ
2737 4160 2846 4214 τῶν
2897 4159 3025 4229 ἑξῆς
3067 4157 3354 4229 ἄρχεσθαι,
3397 4159 3534 4230 πρὸς
3571 4157 3650 4227 τῷ
3689 4159 3781 4212 atat

2197 4256 2530 4329 κακοζηλίαν
2577 4256 2836 4325 ἐκφυγεῖν
2876 4251 3045 4307 ταῦτα
3087 4251 3158 4305 τὰ
3207 4251 3313 4322 ἔπη
3361 4251 3450 4304 τὸν
3495 4251 3780 4322 Ἀράτειον

2197 4349 2542 4422 χαρακτῆρα,
2575 4347 2654 4400 ἑτι
2686 4346 2778 4402 καὶ
2808 4343 3117 4416 ἐναντίωμα
3155 4341 3268 4414 ἔχει
3301 4342 3362 4395 τὸ
3388 4343 3594 4397 οἴεσθαι
3623 4343 3778 4398 ἑϐδο-

2199 4443 2669 4517 μηκονταετηρίδα
2715 4436 2877 4507 εἶναι,
2908 4441 2966 4495 ἐν
3097 4437 3533 4493 ἀποκαθίσταται
3565 4438 3594 4489 ὁ
3625 4435 3778 4506 ἥλιος

515 4571 767 4630 pugnans
787 4597 802 4624 ,
834 4554 980 4626 quod
1008 4553 1168 4608 annis
1191 4527 1532 4622 septuaginta
1569 4549 1637 4605 ad
1665 4549 1810 4605 idem
1832 4527 2094 4620 punctum

2200 4537 2304 4594 ἀπὸ
2339 4535 2566 4610 σημείου
2595 4535 2688 4590 ἐπὶ
2713 4535 2955 4605 σημεῖον.
2991 4532 3146 4604 Ἔχει
3169 4531 3278 4602 γὰρ
3311 4531 3372 4584 τὸ
3396 4529 3778 4602 κατεψευσμέ-

515 4643 761 4698 revocari
789 4641 922 4696 solis
960 4639 1237 4694 curricula
1276 4637 1594 4692 credantur.
1646 4631 1780 4688 Tale
1825 4641 1910 4690 est
1948 4631 2098 4687 enim

517 4733 950 4791 commentitium
971 4731 1104 4786 illud
1131 4730 1416 4786 exordium
1437 4748 1450 4784 :

520 4847 721 4917 Septies
749 4863 868 4902 cum
897 4845 1159 4902 decenniis
1182 4843 1444 4898 conversis
1473 4842 1648 4896 annis.

517 4957 652 5013 Cum
677 4967 858 5014 tamen
881 4957 1082 5011 Aratus
1109 4953 1483 5010 novemdecim
1507 4963 1774 5006 annorum
1803 4947 1982 5020 spatio
2011 4961 2100 5002 re-

517 5050 672 5106 stitui
688 5049 856 5105 solem
873 5049 928 5106 in
945 5047 1088 5103 idem
1105 5045 1432 5118 principium
1449 5041 1685 5108 noverit,
1705 5041 1782 5095 ita
1809 5039 2059 5097 scribens
2077 5053 2096 5096 :

671 5201 684 5214 .
730 5203 743 5217 .
790 5202 803 5216 .
837 5201 852 5214 .
887 5159 1013 5213 Iam
1043 5159 1182 5213 enim
1213 5143 1460 5210 celebrati
1490 5163 1613 5209 sunt

519 5200 1578 5298 ὶνόιέεῖηὶιεέίὶηίἕὲῗὲἆὶἕέᾧιὲἷῑᾶἶάἴἔοῐῧῖ

520 5303 654 5357 Tum
686 5313 1010 5372 quotcunque
1039 5299 1104 5372 ab
1137 5293 1346 5368 cingulo
1379 5303 1446 5372 ad
1493 5293 2056 5372 extremumprionem

522 5373 646 5428 Non:
672 5365 876 5437 e'rolvit,
916 5365 965 5425 et
1003 5371 1072 5424 ad
1102 5365 1285 5422 canem
1315 5367 1569 5421 audacem
1606 5365 1842 5420 Orionis.

519 5484 674 5544 Unde
718 5487 764 5542 si
805 5483 1134 5558 prooemium
1175 5480 1310 5536 illud
1352 5478 1767 5543 admiserimus,
1819 5475 1874 5530 in
1912 5489 1978 5530 eo
2007 5487 2094 5527 se-

519 5579 800 5651 ptuaginta
841 5589 1110 5632 annorum
1160 5575 1350 5630 orbem
1400 5583 1562 5644 poeta
1619 5567 2006 5626 constituerit:
2035 5565 2092 5619 in

591 5735 638 5770 ⁸³
671 5734 824 5790 Deest
847 5748 1032 5788 nomen
1069 5731 1264 5801 ἀρχήν.
1356 5729 1404 5762 ⁸⁵
1435 5729 1591 5784 Deest
1637 5723 1862 5795 aliquid.

2197 4647 2288 4685 vov
2323 4628 2609 4700 προοίμιον
2635 4625 2808 4690 οὕτως
2837 4641 2850 4654 ·

2204 4830 2471 4898 Ἕπταχα
2494 4827 2616 4881 σὺν
2647 4823 2928 4879 δεκάδεσι
2953 4821 3406 4892 περιπλομένων
3428 4819 3738 4876 ενιαυτῶν.

2203 4939 2311 4996 Τοῦ
2355 4939 2585 5012 Ἀράτου
2624 4935 3232 5008 ὲννεακαιδεκαετηρίδα
3261 4934 3459 4998 εἰδότος
3493 4935 3778 4988 ἀποκατα-

2204 5031 2464 5103 στατικὴν
2490 5029 2583 5083 τοῦ
2610 5029 2760 5100 ἡλίου
2787 5029 2874 5082 διὰ
2895 5027 3128 5082 τούτων·

2201 5192 2218 5205 .
2265 5187 2278 5200 .
2323 5187 2336 5200 .
2373 5186 2386 5199 .
2427 5185 2440 5198 .
2477 5183 2492 5197 .
2537 5185 2550 5197 .
2585 5183 2596 5196 .
2645 5143 2722 5196 Τὰ
2752 5141 2865 5211 γὰρ
2894 5137 3384 5211 συναγείρεταιδδ
3417 5135 3533 5206 ἤδη

2213 5213 2664 5271 Ἐννεακαίδεκα
2685 5210 2881 5284 κύκλα
2907 5211 3157 5284 φαεινοῦ
3189 5210 3418 5284 ἠεᾼζοιο
3443 5226 3455 5238 ·
3563 5269 3580 5284 ⁸

2203 5289 2396 5340 Ὄσσα
2424 5288 2472 5338 τ’
2505 5285 2620 5340 ἀπὸ
2651 5283 2834 5348 ζώνης
2871 5286 2956 5347 εὶς
2980 5282 3244 5348 ἔσχατον
3273 5280 3516 5348 Ὠρίωνα

2200 5357 2328 5422 Νὺξ
2357 5355 2720 5420 ἐπιδινεῖται,
2756 5354 2924 5407 Κύνα
2955 5367 3018 5405 τε
3055 5351 3288 5418 θρασὺν
3321 5350 3610 5418 Ὠρίωνος.

2203 5471 2366 5524 Ὥστε
2393 5471 2442 5522 εἰ
2481 5465 2940 5539 προσδεχθείημεν
2968 5463 3030 5516 τὸ
3063 5462 3368 5535 προοίμιον,
3403 5463 3460 5515 ὲν
3495 5461 3646 5530 αὐτῷ
3678 5462 3783 5533 μὲν

2199 5558 2798 5633 ἑϐδομηκονταετηρίδα
2829 5557 2980 5612 ἔσται
3027 5555 3204 5626 λέγων
3241 5557 3269 5607 ὁ
3311 5553 3573 5626 ποιητὴς,
3613 5555 3671 5608 ἐν
3723 5555 3784 5608 δὶ

1957 5722 2004 5756 ⁸³
2037 5719 2080 5788 f.
2118 5715 2476 5774 συναείδεται.
