4106 6428
353 387 480 441 εισι

1768 393 1974 452 ARATI
2014 394 2195 454 VlTA.

3456 407 3595 464 “62

350 507 462 569 τοῖς
518 504 646 577 ἑξῆς
695 507 1332 582 ὲννεακαιδεκαετηρίδα·
1394 513 1488 565 καὶ
1531 514 1690 576 αὐτὸς
1739 512 1905 584 ὲαυτᾷ

2017 513 2396 585 sequentibus,
2426 529 2696 572 annorum
2733 518 3110 576 novemdecim
3143 539 3159 588 ;
3194 537 3257 578 ac
3274 537 3459 581 secum
3479 529 3594 598 ipse

349 595 786 668 ἐναντιούμενος·
830 600 966 670 ὅπερ
1025 602 1244 655 ἄτοπον.
1296 602 1549 673 ’Ἄμεινον
1597 599 1689 657 οὖν
1724 604 1785 657 τὸ
1827 604 1914 658 διὰ

349 685 454 739 τῶν
492 687 756 744 πλείστων
780 691 1125 762 ἀντιγράφων
1156 692 1451 764 φερόμενον
1484 695 1820 766 προσίεσθαι,
1853 687 1914 746 οὗ

353 777 380 847 ἡ
407 778 548 850 ἀρχή
578 796 591 810 '

358 885 455 942 Ἐκ
480 889 613 958 Διὸς
636 893 989 963 ἀρχώμεσθα
1008 914 1022 926 ·
1047 896 1153 950 τὸν
1170 896 1440 951 οὐδέποτ’
1469 896 1684 968 ἄνδρες
1703 897 1912 972 ἐῶμεν.

357 998 652 1073 Ἀρμόττον
678 1006 785 1077 γὰρ
819 1007 884 1060 ἂν
917 1010 1001 1079 εἴη
1031 1009 1125 1062 ἀπ’
1156 1010 1319 1064 αὐτοῦ
1359 1011 1456 1082 τὴν
1482 1012 1654 1083 ἀρχὴν
1690 1015 1917 1085 ποιήσα-

349 1093 470 1146 σθαι
503 1095 591 1148 τὸν
619 1099 741 1169 περὶ
768 1100 875 1153 τῶν
910 1102 1176 1172 οὐρανίων
1202 1103 1580 1174 ἐξηγούμενον.
1622 1106 1826 1176 Πρέπει
1857 1107 1914 1160 δὲ

348 1187 440 1238 καὶ
468 1193 716 1260 ποιηταῖς
751 1192 984 1260 μάλιστα
1007 1192 1146 1264 αὐτη
1175 1197 1206 1266 ἡ
1243 1196 1382 1267 ἀρχή
1409 1214 1423 1227 ·
1457 1197 1579 1249 ἐπεὶ
1599 1198 1692 1252 καὶ
1720 1199 1778 1249 ἐν
1804 1199 1914 1260 τοῖς

348 1281 666 1347 συμποσίοις
711 1287 859 1354 τρεῖς
894 1285 1175 1357 κρατῆρας
1219 1289 1483 1357 ἐκίρνων·
1528 1289 1620 1341 καὶ
1683 1289 1770 1342 τὸν
1815 1287 1914 1357 μὲν

347 1370 560 1440 πρῶτον
584 1374 702 1437 Διὸς
745 1377 1054 1447 Ὀλυμπίου,
1087 1378 1178 1430 τὸν
1207 1379 1261 1431 δὲ
1295 1379 1544 1452 δεύτερον
1576 1380 1914 1453 Διοσκούρων

347 1462 442 1513 καὶ
470 1461 684 1530 ἡρώων,
713 1465 802 1518 τὸν
839 1466 896 1521 δὲ
936 1467 1117 1538 τρίτον
1156 1467 1276 1531 Διὸς
1324 1470 1588 1541 σωτῆρος.
1629 1471 1720 1524 Διὸ
1767 1472 1860 1527 καὶ
1884 1473 1912 1525 ὁ

345 1549 635 1624 Θεόκριτος
654 1573 666 1584 ·

351 1641 451 1696 ’Ἐκ
496 1647 628 1713 Διὸς
677 1648 1064 1719 ἀρχώμεσθα,
1093 1654 1258 1723 φησὶ,
1305 1654 1400 1708 καὶ
1449 1657 1514 1722 ἐς
1544 1656 1911 1798 ἲῇῗοέἐὲῗε,

2018 606 2319 676 pugnabit;
2368 608 2514 678 quod
2573 616 2658 664 est
2707 609 3030 666 absurdum.
3072 611 3258 670 Satius
3302 623 3388 670 est
3431 618 3589 688 igitur

2017 697 2233 751 initium
2261 698 2395 752 illud
2425 699 2755 765 adsciscere,
2786 704 2933 774 quod
2962 705 3019 760 in
3049 708 3452 778 exemplaribus
3482 713 3596 782 ple-

2015 787 2202 858 risque
2227 790 2489 856 cernitur,
2526 792 2784 848 nimirum
2818 814 2831 850 :
3456 822 3458 824 ν

2013 902 2094 956 Ab
2123 903 2252 958 Jove
2285 906 2660 974 auspicantur:
2689 925 2843 978 quem
2890 926 3158 985 nunquam
3206 915 3307 971 uiri
3350 917 3592 974 sinimus.

2014 1014 2113 1072 Est
2151 1019 2298 1073 enim
2329 1028 2757 1077 consentaneum
2805 1023 2931 1081 in‘de
2966 1026 3117 1082 illum
3165 1030 3459 1100 auspicari,
3499 1035 3592 1104 qui

2014 1108 2082 1163 de
2119 1110 2440 1168 ccelcstihus
2475 1115 2640 1169 rebus
2670 1115 2943 1185 explicare
2981 1119 3239 1175 instituit.
3283 1121 3591 1189 Quinetiam

2015 1201 2190 1270 poetis
2217 1204 2452 1260 maxime
2474 1208 2727 1261 convenit
2746 1208 2850 1263 hoc
2879 1212 3186 1266 exordium.
3209 1212 3343 1268 Nam
3370 1217 3424 1270 in
3455 1231 3592 1273 con-

2015 1294 2174 1349 viviis
2201 1302 2312 1351 tres
2341 1299 2642 1353 miscebant
2669 1305 3190 1374 crateras:primum
3221 1306 3372 1364 Jovis
3405 1307 3591 1382 Olym-

2014 1385 2120 1454 pii,
2173 1388 2474 1443 secundum
2519 1390 2808 1446 Castorum
2848 1403 2901 1450 et
2942 1396 3190 1464 heroum,
3233 1401 3455 1457 tertium
3493 1401 3590 1457 Jo-

2015 1481 2098 1534 vis
2135 1478 2518 1550 Sospitatoris.
2552 1483 2708 1541 Unde
2735 1488 3059 1546 Theocritus
3091 1508 3106 1545 :
3142 1500 3147 1504 '

2013 1655 2093 1709 Ab
2116 1655 2264 1725 Jove,
2286 1659 2485 1732 inquit,
2523 1665 2864 1736 incipiamus,
2914 1679 2966 1725 et
3013 1672 3068 1726 in
3113 1671 3587 1818 Joreirtlgesinite,

3329 1788 3342 1800 .
3387 1765 3514 1802 usae.

3329 1765 3514 1802 .uusae.

353 1825 412 1881 '0
438 1828 494 1880 δὲ
537 1830 767 1901 Ὀρφεὺς
792 1831 967 1886 πάντα
995 1835 1184 1905 καιρὸν
1215 1837 1500 1908 ἀνατίθησι
1525 1840 1627 1906 Διὶ,
1657 1840 1830 1910 λέγων
1849 1859 1863 1872 ·

2014 1839 2264 1911 Orpheus
2289 1860 2418 1899 vero
2451 1855 2666 1919 tempus
2693 1865 2854 1907 omne
2873 1850 2994 1908 Jovi
3035 1855 3229 1911 tribuit
3255 1857 3340 1912 bis
3368 1860 3582 1915 verbis:

343 1941 492 2008 Ζεὺς
518 1943 672 2012 ἀρχή
694 1961 706 1976 ·
745 1947 894 2014 Ζεὺς
913 1947 1144 2017 μέσσα·
1176 1952 1307 2018 Διὸς
1333 1951 1384 2006 δ’
1408 1953 1475 2007 ἐκ
1516 1954 1713 2098 adria
1746 1957 1910 2012 τέτυ-

1681 2044 1833 2082 κται.

1681 2044 1812 2082 κται
1819 2068 1833 2082 ο

343 2103 504 2158 Ὅθεν
531 2107 836 2174 ἀκολούθως
858 2112 950 2164 καὶ
980 2114 1058 2184 τῷ
1088 2115 1198 2169 ἔθει
1225 2117 1302 2187 τῷ
1320 2117 1531 2190 παλαιῷ
1564 2120 1657 2174 καὶ
1684 2124 1749 2192 τῇ
1783 2123 1912 2176 ὐπο-

341 2199 570 2273 κειμένῃ
598 2201 848 2257 ὑποθέσει
877 2204 982 2258 ἀπδ
1013 2206 1133 2270 Διὸς
1166 2209 1458 2281 πεποίηται
1493 2209 1589 2282 τὴν
1617 2212 1813 2298 ἀρχήν.

423 2375 770 2433 Ἐπικαλοῦσι
823 2380 880 2433 δὲ
916 2382 1066 2453 αὐτῷ
1104 2383 1202 2455 τὴν
1245 2404 1264 2437 ι
1305 2387 1370 2442 ἐκ
1412 2407 1432 2440 ι
1476 2390 1732 2461 πρόθεσιν
1789 2397 1910 2452 ἀντὶ

337 2465 437 2537 τῆς
474 2487 492 2518 σ
533 2467 639 2521 ἀπὸ
681 2489 698 2520 ι
744 2473 1117 2543 παρειληφότι.
1161 2478 1306 2532 Ἔδει
1345 2478 1472 2552 γὰρ,
1505 2483 1688 2551 φασὶν,
1713 2488 1906 2554 εἰπεῖν,

344 2559 492 2611 «ἀπὸ
531 2562 670 2624 Διὸς.
700 2581 718 2613 ι
766 2564 1042 2633 Ἀγνοοῦσι
1080 2568 1168 2634 δὲ,
1203 2571 1284 2624 ὅτι
1316 2575 1409 2627 καὶ
1459 2574 1721 2650 Πίνδαρος
1778 2599 1908 2635 κατ-

333 2652 602 2722 εχρήσατο
627 2654 704 2725 τῷ
734 2654 843 2710 ἔθει
865 2659 1058 2732 τούτῳ,
1083 2661 1256 2732 λέγων
1278 2683 1290 2695 ·
1321 2667 1489 2721 Ὅθεν
1505 2683 1614 2739 περ
1635 2673 1730 2726 καὶ
1748 2673 1910 2744 Ὀιιη-

333 2740 510 2808 ριὸαι,
537 2744 784 2812 ῥαπτῶν
808 2748 1000 2805 ἐπέων
1038 2751 1110 2806 τὰ
1147 2757 1348 2810 πολλὰ
1386 2758 1593 2824 ἀοιδοὶ,
1627 2740 1910 2833 ἄρχονται

335 2834 470 2902 Διὸς
516 2837 586 2891 ἐκ
646 2843 990 2910 προοιμίου·
1039 2844 1132 2898 καὶ
1183 2841 1421 2917 Ἀλκμάν
1447 2867 1461 2880 ·
1517 2851 1654 2922 Ἐγὼ
1697 2855 1766 2908 δὲ
1816 2859 1910 2913 ἀει

334 2930 437 2983 σοι
489 2929 564 3000 (a)
590 2947 667 2999 με
705 2932 772 2985 ἐκ
812 2933 946 2999 Διὸς
976 2936 1296 3005 ἀρχόμενα.
1335 2939 1544 3007 Ἀλλως
1594 2944 1652 2998 δὲ
1699 2949 1794 3002 καὶ
1844 2952 1907 3004 τὸ

339 3017 479 3072 ιᾶπὺ
514 3038 533 3070 ι
558 3019 834 3092 δύσφημόν
870 3025 1016 3079 ἐστιν
1037 3041 1050 3056 ·
1085 3026 1161 3091 ὡς
1196 3028 1358 3095 εἴτις
1383 3031 1551 3102 λέγοι,
1582 3055 1601 3089 ‹
1634 3038 1852 3096 ἄποθεν.
1882 3062 1902 3095 ι

404 3277 500 3330 Δία
530 3278 588 3331 δὲ
625 3280 675 3332 οἱ
727 3281 825 3350 μὲν
869 3283 958 3337 τὸν
990 3285 1234 3356 οὐρανὸν,
1268 3290 1316 3342 oi
1351 3291 1407 3345 δὲ
1449 3294 1539 3346 τὸν
1564 3295 1735 3366 ἥλιον,
1767 3302 1815 3354 οἱ
1847 3301 1904 3356 δὲ

330 3367 424 3422 τὸν
458 3369 684 3439 μυθικὸν
722 3372 1047 3441 ἐξεδέξαντο.
1095 3379 1156 3432 0i
1194 3381 1290 3451 μὲν
1323 3379 1414 3438 οὖν
1445 3386 1535 3440 τὸν
1565 3391 1791 3460 οὐρανὸν
1820 3394 1907 3452 λέ-

330 3475 540 3527 γοντες,
568 3463 956 3533 παρατίθενται
985 3467 1076 3520 τὸν
1107 3472 1336 3544 ποιητὴν
1361 3474 1587 3545 λέγοντα
1605 3496 1620 3512 ·

341 3656 438 3724 Ὠς
464 3657 516 3711 δ’
549 3658 647 3714 ὅτε
678 3664 943 3731 ταρφειαὶ
982 3669 1230 3737 νιφάδες
1260 3673 1396 3740 Διὸς
1426 3674 1830 3736 ἐκποτέονται·

328 3772 606 3826 τουτέστιν
646 3792 664 3825 ι
704 3776 764 3840 ἐξ
795 3778 1052 3849 ούρανοῦ·
1082 3802 1100 3834 ι
1134 3785 1227 3838 καὶ
1261 3788 1492 3858 ’Ἄρατον
1521 3794 1683 3848 αὐτὸν
1713 3797 1770 3849 ὲν
1792 3802 1903 3865 τοῖς

326 3861 454 3935 ἑξῆς
511 3865 734 3934 λέγοντα
775 3872 902 3941 περὶ
935 3872 1028 3926 τοῦ
1065 3875 1262 3930 Ἵππου
1285 3895 1296 3907 ·
1340 3881 1435 3935 Ἐν
1463 3885 1596 3952 Διὸς
1624 3861 1900 3945 εἱλεῖται·

326 3955 356 4008 ὃ
382 3959 528 4012 ἐστιν
558 3979 575 4010 ι
609 3961 664 4012 ἐν
693 3960 771 4031 τῷ
801 3964 1032 4035 οὐρανῷ·
1066 3986 1084 4018 ι
1111 3970 1160 4021 οἱ
1185 3970 1242 4022 δὲ
1266 3971 1363 4026 Δία
1391 3975 1481 4028 τὸν
1508 3977 1704 4051 αἰθέρα
1727 3999 1903 4053 παρα-

326 4046 577 4116 λαϐόντες
613 4055 1002 4124 παρατίθενται
1030 4059 1328 4134 Εὐριπίδην
1362 4065 1618 4136 λέγοντα·

337 4141 701 4228 ξρρᾷςητόνᾷ
730 4149 914 4228 ιξψίοῦ,
949 4152 1109 4228 τῷδ’
1143 4154 1391 4228 ἄπειρον
1417 4159 1640 4228 αἰθέρα,

324 4217 436 4300 Inferi
463 4213 574 4283 γῆν
607 4213 998 4300 πέρεξ’ξζονθ’
1025 4213 1322 4300 ὑχξραῖςέν
1339 4213 1664 4300 amisi;-

329 4285 548 4339 Τοῦτον
573 4286 768 4355 νόμιζε
795 4289 960 4357 Ζῆνα
978 4331 992 4355 ,
1026 4285 1184 4346 τῶδ’
1211 4285 1366 4365 ἢγοῦ
1401 4285 1568 4356 ὃεόν.

395 4377 504 4429 Καὶ
563 4378 691 4442 ἴσως
745 4382 892 4452 Ζῆνά
924 4402 1007 4449 τις
1033 4386 1196 4443 αὐτὸν
1223 4390 1434 4464 καλοίη,
1462 4393 1552 4448 διὰ
1583 4396 1642 4449 τὸ
1674 4399 1894 4474 πυρώδη

323 4460 463 4518 εἶναι
496 4467 588 4520 τὸν
639 4469 857 4542 αἰθέρα·
905 4475 1012 4528 ἀπὸ
1052 4479 1150 4548 μὲν
1182 4479 1277 4532 τοῦ
1325 4460 1619 4554 αἴθεσθαι,
1662 4460 1890 4564 αἰθέρα·

323 4557 431 4609 ἀπὸ
461 4558 518 4611 δὲ
548 4559 641 4613 τοῦ
670 4561 778 4631 ζῇν
803 4565 848 4596 ⁸⁸
873 4567 967 4620 καὶ
997 4571 1147 4641 παρὰ
1187 4573 1285 4646 τὴν
1316 4574 1584 4647 ζήτησιν,
1617 4557 1799 4653 Ζῆνα·
1841 4587 1890 4640 oi

321 4646 377 4700 δὲ
402 4648 501 4703 Δία
527 4651 617 4704 τὸν
644 4653 795 4722 ἦλιον
828 4659 1118 4729 νοήσαντες
1161 4646 1552 4735 λέγουσιν,ίότι
1597 4646 1692 4733 καί
1722 4677 1890 4749 20ch-

320 4739 456 4812 κλῆς
487 4743 583 4797 Δία
609 4745 699 4800 τὸν
729 4746 880 4816 ἥλιον
913 4752 1068 4806 καλεῖ
1093 4755 1299 4824 λέγων·

322 5061 383 5110 :n.
422 5063 436 5077 .
463 5063 478 5077 .
511 5063 526 5080 .
567 5027 818 5110 ᾟξλζοιο
847 5037 1095 5104 xta/pete
1119 5040 1243 5110 ἐμέ·

311 5094 378 5184 tli
406 5099 582 5184 σρςροὶ
601 5099 934 5184 ³⁸⁷,λέγουσι
962 5094 1260 5181 ﬁrm-Enr
1292 5115 1460 5184 θεῶν,

316 5164 548 5234 Πατέρα
591 5164 851 5227 πάντων.

314 5253 425 5308 Καὶ
449 5257 656 5315 ἔννοιαν
693 5265 792 5336 τῆς
819 5265 974 5339 δόξης
1008 5270 1210 5344 ταύτης
1243 5276 1406 5345 φασὶν
1428 5279 1572 5352 ἔχειν
1603 5282 1693 5338 τὸν
1717 5303 1877 5360 ποιη-

311 5347 432 5417 τὴν,
459 5350 584 5405 ὅταν
612 5353 746 5428 λέγῃ
764 5374 777 5387 ·

323 5435 466 5510 Ἠχὴ
497 5442 549 5496 δ’
582 5445 928 5518 ἀμφοτέρων
951 5455 1100 5512 ἵκετ’
1131 5458 1335 5528 αἰθέρα
1363 5461 1462 5518 καὶ
1489 5463 1623 5533 Διὸς
1653 5468 1842 5539 αὐγάς
1862 5487 1877 5504 ·

309 5592 406 5645 καὶ
444 5593 523 5658 τὸ,

2010 1955 2220 2028 Jupiter
2247 1962 2493 2030 initium;
2523 1966 2733 2036 Jupiter
2759 1971 2986 2027 medium
3008 1991 3028 2039 ;
3055 1975 3120 2029 ab
3145 1975 3273 2052 Jove
3311 1983 3490 2036 omnia
3511 1983 3590 2052 fa-

3237 2050 3346 2121 [στα
3374 2050 3516 2107 sunt.

2010 2122 2399 2190 Quamobrem,
2457 2138 2516 2184 ut
2565 2140 2620 2186 et
2661 2143 2814 2189 vetus
2863 2141 3205 2195 consuetudo
3242 2143 3483 2209 ferebat.
3531 2155 3587 2203 et

2011 2219 2297 2286 praposito
2351 2232 2671 2293 argumento
2739 2233 3092 2302 congruebat,
3137 2233 3208 2290 ab
3248 2234 3381 2294 Jove
3421 2243 3586 2310 cmpit

2011 2308 2320 2365 exordium.

2086 2400 2226 2459 Sunt
2246 2406 2337 2475 qui
2365 2409 2766 2478 reprehendant
2803 2423 3042 2486 poetam,
3065 2421 3211 2490 quod
3251 2427 3589 2495 praepositio.

2012 2510 2136 2550 nem
2200 2513 2309 2553 rex
2348 2517 2367 2551 ο
2402 2502 2607 2570 potius,
2662 2521 2825 2577 quam
2875 2528 2894 2561 ι
2923 2511 2992 2566 ab
3019 2530 3038 2564 ι
3087 2517 3452 2586 usurpaverit.
3497 2518 3588 2574 Di-

2012 2587 2244 2642 cendum
2307 2590 2453 2645 enim
2497 2593 2692 2662 fuerat,
2741 2599 3015 2671 inquiunt,
3077 2606 3188 2661 «ab
3223 2605 3422 2674 Jove,»
3475 2626 3584 2670 non

2017 2696 2037 2729 ι
2067 2694 2132 2734 ex
2169 2679 2322 2738 Jove.
2349 2703 2368 2736 ι
2435 2682 2538 2740 Sed
2597 2691 2851 2746 nesciunt
2896 2695 3154 2751 nimirum
3195 2699 3383 2757 eodem
3433 2719 3588 2760 more

2013 2768 2269 2838 loquendi
2303 2789 2461 2829 usum
2492 2792 2616 2833 esse
2647 2779 3032 2839 Pindarumita
3049 2789 3373 2847 scribentem
3399 2812 3411 2848 :
3436 2791 3586 2850 Unde

2011 2869 2062 2914 et
2103 2861 2429 2932 Homeridaz,
2475 2880 2811 2928 consutorum
2838 2878 3132 2934 carminum
3162 2891 3348 2950 poeta,
3388 2887 3582 2954 saepius

2010 2953 2269 3024 incipiunt
2305 2955 2452 3014 lovis
2489 2977 2554 3014 ex
2603 2968 2876 3032 prooemio.
2905 2988 2925 3021 ι
2954 2968 3084 3024 Item
3129 2973 3391 3030 Alcman:
3421 2996 3441 3030 ς
3467 2978 3583 3051 Ego

2012 3063 2126 3102 vero
2169 3065 2373 3118 semper
2427 3052 2522 3106 tibi
2554 3071 2635 3108 me
2693 3071 2758 3110 ea:
2800 3055 2930 3114 Jove
2985 3061 3261 3132 incipiens.
3314 3067 3393 3122 Ac
3427 3069 3580 3125 vide-

2009 3145 2101 3192 tur
2129 3150 2388 3210 praeterea
2433 3145 2523 3199 illa
2563 3161 2666 3200 vox
2705 3165 2724 3199 ι
2747 3149 2816 3204 ab
2840 3169 2859 3203 ι
2896 3155 3081 3209 nescio
3109 3157 3236 3226 quid
3277 3161 3418 3216 male
3444 3163 3581 3216 omi.

2008 3239 2194 3288 natum
2219 3234 2419 3292 habere
2445 3257 2458 3292 :
2486 3243 2641 3308 quasi
2669 3242 2821 3300 dicas
2856 3263 2870 3299 :
2905 3263 2924 3296 ‹
2952 3250 3145 3315 procul
3185 3251 3272 3308 ab.
3298 3271 3319 3304 ι

2076 3323 2342 3381 Caeterum
2379 3326 2566 3385 Jovem
2624 3334 2713 3387 alii
2751 3337 2948 3392 caelum
2988 3339 3434 3411 interpretantur.
3483 3348 3573 3402 alii

2004 3415 2228 3479 aethera,
2261 3419 2353 3473 alii
2378 3421 2569 3487 solem,
2595 3426 2687 3480 alii
2734 3427 2801 3482 ad
2841 3427 3150 3487 fabulosum
3205 3435 3356 3490 illum
3387 3436 3576 3495 Jovem

2003 3507 2272 3565 referunt.
2297 3512 2400 3579 Qui
2427 3518 2623 3572 caelum
2659 3536 2780 3577 esse
2806 3523 3121 3593 defendunt,
3155 3544 3254 3599 pro
3276 3546 3334 3586 se
3362 3541 3576 3603 poetam

2003 3601 2175 3655 citant
2203 3603 2278 3658 ita
2307 3607 2618 3676 loquentem
2652 3631 2667 3667 :

2007 3691 2162 3763 151
2202 3695 2280 3749 Ac
2315 3699 2476 3755 ueluti
2504 3718 2624 3756 cum
2662 3706 2857 3763 crebra:
2887 3710 3025 3765 nives
3066 3711 3130 3766 ab
3160 3712 3288 3769 Jove
3323 3717 3574 3781 volitant:

2001 3803 2056 3856 id
2096 3814 2216 3872 est,
2265 3827 2285 3861 ‹
2322 3825 2352 3866 e
2413 3814 2573 3870 ctelo.
2630 3836 2648 3869 ι
2693 3817 2916 3876 Necnon
2974 3823 3265 3893 ipsummet
3313 3833 3570 3898 Aratum,

2000 3898 2092 3966 qui
2140 3899 2195 3953 in
2252 3907 2605 3972 sequentibus
2655 3910 2722 3965 de
2775 3911 2926 3982 Equo
2969 3916 3050 3971 sic
3098 3921 3311 3984 scribit,
3345 3921 3410 3978 In
3445 3925 3576 3980 lore

2000 3988 2258 4058 volvitur;
2285 3995 2380 4050 sed
2403 3999 2495 4067 qui
2521 4000 2589 4055 de
2614 4003 2815 4061 aethere
2832 4007 3018 4064 Jovem
3047 4013 3342 4083 accipiunt,
3379 4027 3568 4076 testem

1999 4079 2313 4154 Euripidem
2345 4089 2658 4160 adducunt,
2696 4097 2854 4166 cujus
2883 4100 2997 4156 haec
3027 4079 3192 4159 verba
3221 4079 3350 4162 sunt
3380 4128 3393 4163 :

2009 4173 2162 4263 Xicies
2191 4178 2324 4234 hunc
2352 4182 2404 4263 in
2426 4185 2643 4242 sublimi
2666 4189 2974 4263 immensum
3005 4197 3236 4263 (Bt/tera;

2001 4245 2104 4327 Qui
2131 4257 2322 4303 terram
2352 4254 2550 4327 circum
2575 4262 2804 4314 continet
2834 4263 3063 4320 humidis
3094 4269 3144 4320 in
3167 4245 3309 4324 uiuis
3337 4288 3357 4327 :

1998 4313 2156 4371 Hunc
2189 4329 2243 4372 tu
2270 4331 2397 4389 puta
2421 4323 2603 4380 Jovem
2632 4346 2651 4384 :
2683 4313 2817 4385 [tunc

2065 4410 2143 4464 Ac
2197 4415 2384 4469 nescio
2446 4432 2627 4475 annon
2684 4423 2829 4495 Ζῆνα
2886 4436 3168 4498 propterea
3229 4423 3354 4504 quis
3412 4436 3564 4494 illum

1925 4541 1969 4597 υ
1997 4497 2217 4567 dixerit,
2247 4506 2392 4574 quod
2437 4508 2630 4578 igneus
2663 4513 2734 4568 sit
2765 4515 2955 4574 aether.
2987 4497 3194 4590 Quippe
3223 4497 3291 4578 ab
3323 4541 3388 4580 eo
3418 4532 3563 4598 quod

1997 4599 2082 4644 est
2111 4593 2379 4662 αἴθεσθαι,
2418 4598 2469 4653 id
2500 4609 2584 4655 est
2627 4604 2841 4670 ardere,
2889 4610 3202 4668 nominatus
3235 4624 3321 4671 est
3358 4593 3518 4674 Mlier
3543 4637 3564 4675 :

1997 4686 2066 4739 ab
2117 4703 2182 4743 eo
2221 4706 2368 4759 vero,
2409 4697 2553 4763 quod
2603 4707 2688 4754 est
2741 4698 2873 4769 ζεῖν,
2913 4718 2978 4760 ac
3017 4715 3241 4778 propter
3269 4710 3558 4779 fervorem,

1999 4781 2146 4851 Ζῆνα
2173 4784 2446 4841 dixerunt.
2478 4787 2596 4844 Jam
2626 4792 2719 4862 qui
2755 4791 2942 4852 Jovem
2976 4801 3185 4858 malunt
3213 4817 3336 4860 esse
3368 4806 3558 4872 solem,

1997 4871 2152 4926 aiunt
2176 4873 2498 4946 Sophoclem
2525 4881 2714 4938 eodem
2742 4886 3009 4943 vocabulo
3037 4890 3206 4946 solem
3238 4871 3557 4965 appellasse.

1994 4978 2116 5018 cum
2148 4968 2368 5038 scripsit
2405 4988 2419 5025 :

1995 5097 2032 5131 ._
2051 5095 2066 5110 .
2105 5097 2119 5110 .
2161 5057 2257 5114 Sol
2287 5061 2586 5117 miserescat
2618 5067 2750 5131 mei;

1993 5125 2160 5210 Quem
2190 5131 2446 5198 sapientes
2468 5136 2626 5210 aiunt
2658 5125 2946 5208 genitorem
2971 5142 3146 5210 deum,

1991 5194 2309 5270 Patremque
2337 5207 2588 5262 omnium.

1990 5285 2159 5358 Cujus
2196 5293 2471 5362 Opinionis
2516 5297 2572 5352 in
2608 5308 2842 5358 mentem
2884 5306 3100 5363 venisse
3124 5316 3299 5377 poeta
3327 5310 3552 5380 volunt;

1988 5394 2113 5434 cum
2143 5382 2217 5436 ita
2241 5383 2516 5454 loquitur:

1988 5467 2160 5527 Sanus
2197 5475 2469 5530 amborum
2509 5483 2737 5547 pervenit
2771 5485 2825 5538 in
2859 5486 3075 5557 (ethera,
3101 5487 3350 5631 latrinae
3381 5495 3554 5560 splen-

3299 5581 3438 5618 orem
3457 5579 3481 5628 ς

3299 5581 3438 5618 orem
3459 5579 3481 5618 ἔ

3239 5599 3438 5631 [κυηυσ
3457 5599 3476 5628 ι

1987 5628 2114 5685 item
2139 5651 2152 5686 :

378 5707 425 5740 “
448 5709 490 5780 f.
523 5709 653 5778 ζεῖν,
681 5724 733 5770 et
763 5735 888 5775 mox
917 5723 1083 5788 ζέσιν.
1174 5730 1218 5763 ⁸⁷
1246 5732 1288 5801 Ῑ.
1317 5734 1493 5804 ἠέλιος
1525 5739 1814 5815 οίκτείρειέ
1846 5765 1905 5818 με

379 5804 454 5834 In}
511 5803 624 5834 '4”!
661 5810 760 5834 ...ΑΙ
804 5830 864 5834 ___
922 5816 960 5834 ει
1032 5829 1041 5834 -
1123 5821 1135 5834 .
1184 5822 1196 5834 ι
1430 5827 1465 5834 _

2005 5767 2034 5802 ν
2067 5751 2115 5804 ol
2146 5751 2318 5821 σοφοί,
2357 5763 2455 5808 etc.
2484 5754 2632 5823 Ποῖ,
2669 5759 2761 5812 καὶ
2793 5762 3022 5834 πατέρα.

379 5804 454 5873 (a)
511 5803 624 5860 'Asl
656 5810 760 5862 σοί
787 5830 884 5882 με.
919 5816 1079 5874 Forte
1111 5803 1384 5894 ἀείσομαι.
1429 5827 1564 5886 Εοιτ

629 5903 897 5968 ΡΑτιιοι..
931 5910 1049 5972 Gn.
1090 5914 1258 5978 XIX.
