2053 3214
274 194 344 223 “63

273 251 380 286 Solque,
392 250 437 285 qui
451 254 544 277 cuneta
560 249 642 282 vides,
658 248 784 283 nudisque
796 254 900 276 cuneta.

272 306 422 341 Propterea
441 306 514 342 quod
533 306 625 333 omnia
642 305 774 340 conspicit
800 305 875 333 Jovis
898 305 1005 337 oculus,
1028 309 1055 332 et

273 353 366 379 omnia
382 352 533 387 cognoscit.
547 351 598 384 Qui
611 350 706 379 ‘Jovem
724 358 813 378 aerem
829 351 1053 386 interpretantur,

272 399 431 426 testimonio
448 397 544 424 comici
558 396 724 424 Philemonis
745 400 876 430 utuntur;
900 397 980 431 cujus
998 396 1055 424 hac

271 444 355 470 verba
370 446 434 471 sunt
452 452 458 469 :
475 442 557 475 Quem
576 451 651 470 nemo
666 442 742 474 latet,
758 450 839 477 neque
854 442 959 474 bonum.
976 450 1056 476 neque

273 490 372 516 malum
388 510 395 516 .
418 510 425 517 .
445 510 452 517 .
468 489 511 516 hic
527 497 585 516 sum
601 498 647 521 aer
661 497 736 524 quem
753 489 844 515 merita
860 489 917 524 quis
936 489 1054 523 appella-

271 537 336 565 terit
347 541 372 564 et
384 535 485 563 Jovem.
502 535 571 563 Hinc
585 535 699 563 Aratum
716 535 853 562 addidisse
867 535 961 562 volunt
978 545 984 561 :

360 613 367 621 .
389 612 397 620 .
421 612 428 619 .
451 592 526 619 Pleni
542 596 628 619 autem
642 592 715 619 lovis
730 597 791 619 sunt
804 600 891 619 omnes
906 592 966 623 vici,

273 628 418 663 Omniaque
432 628 566 654 hominum
582 628 652 662 fora.

270 686 339 713 Nam
367 686 395 713 in
421 686 550 714 omnibus
584 684 651 713 Jove
679 693 748 720 opus
775 685 916 712 habemus.
950 683 1055 718 Quippe

270 732 429 760 haurientes
445 739 535 759 aerem
553 732 730 766 respiramus.
748 730 819 764 Quin
833 731 969 758 communi
986 730 1056 757 inter

270 778 395 806 homines
414 786 465 806 usu
485 778 614 813 loquendi
633 777 760 809 dicimus,
779 786 789 803 ι
809 777 903 811 pluere
913 775 1024 809 Jovem;
1042 784 1052 800 ι

270 823 335 851 item
360 823 533 858 Διοσημειας,
553 822 630 857 quasi
648 831 657 847 ι
676 821 752 849 Jovis
767 824 886 851 ostenta.
906 830 915 846 ι
932 819 1055 847 nomina-

271 877 350 903 mus;
376 873 403 896 et
433 878 441 893 ι
462 868 653 903 Νιὼίροευω»
679 867 749 902 apud
777 871 870 901 poetas
892 866 1054 892 invenimus.

767 190 813 218 AD
832 189 967 218 EUSEBll
979 188 1182 218 CHRONICON
1200 188 1383 217 APPENDIX.

1072 252 1097 280 Α
1116 248 1230 282 Ἠέλιός
1240 248 1317 282 θ’,ὸς
1327 247 1404 275 πάντ
1424 247 1544 283 ἐφορᾷς,
1561 248 1610 275 καὶ
1626 246 1713 276 πάντ’
1725 247 1895 283 ἐπακούεις.

1823 190 1896 219 1164

1106 305 1181 341 Παρὸ
1201 306 1259 332 ἔστι
1283 305 1372 332 πάντα
1392 305 1470 337 εἰδὼς
1490 306 1504 332 ὁ
1526 305 1574 332 τοῦ
1597 305 1657 337 Διὸς
1681 305 1830 341 ὀφθαλμὸς,
1847 306 1897 333 καὶ

1106 353 1194 379 πάντα
1219 351 1297 379 νοῶν.
1320 353 1352 379 Ol
1376 352 1405 379 δὲ
1429 352 1478 378 Δία
1496 352 1542 378 τὸν
1564 352 1633 387 ἀέρα
1657 352 1833 385 ἀκούσαντες,
1846 352 1897 387 φέ-

1107 406 1182 433 ρουσι
1205 397 1308 433 μάρτυν
1334 398 1471 434 Φιλήμονα
1494 398 1540 424 τὸν
1572 398 1711 433 κωμικόν·
1730 398 1798 432 φησὶ
1823 398 1895 433 γάρ’

1108 445 1159 471 Ὃν
1172 444 1243 471 οὐδὲ
1255 442 1298 477 εἷς
1307 443 1446 478 λέληθεν,
1457 444 1526 471 οὔτε
1537 445 1632 471 κακὸν
1640 444 1673 476 ⁸⁸,
1687 444 1757 471 οὔτε
1769 445 1896 472 ἐσθλόν·

1105 488 1195 523 οὗτός
1213 491 1270 525 ειμι
1282 490 1340 526 ἐγὼ
1354 491 1422 525 ἀὴρ,
1438 490 1474 517 ὃν
1487 491 1526 518 ἀν
1534 499 1581 523 τις
1595 490 1753 526 ὀνομάσειε
1765 491 1814 518 καὶ
1830 492 1894 519 Δία.

1105 536 1151 563 Διὸ
1164 536 1210 563 καὶ
1222 537 1268 563 τὸν
1287 537 1403 572 ¹Αρατον
1420 537 1547 571 ἐπάγειν·

1143 614 1149 620 .
1168 614 1174 621 .
1194 615 1201 621 .
1219 615 1225 620 .
1245 615 1252 621 .
1268 613 1275 621 .
1291 595 1403 622 Μεσταὶ
1419 594 1453 621 δὲ
1470 595 1537 628 Διὸς
1551 594 1646 622 πᾶσαι
1657 594 1715 629 μὲν
1728 595 1840 629 ἀγυιαὶ,

1104 629 1204 657 Πᾶσαι
1221 629 1247 656 δ’
1265 629 1427 664 ἀνθρώπων
1441 630 1556 665 ἀγοραί.

1103 684 1196 720 Πάντη
1224 685 1279 720 γὰρ
1311 684 1371 716 Διὸς
1406 684 1578 720 κεχρήμεθα.
1609 684 1737 716 Σπῶντες
1764 684 1820 721 γὰρ
1848 685 1896 711 τὴν

1102 731 1173 766 ἀέρα
1196 730 1375 766 ἀναπνέομεν.
1397 730 1477 757 Ἀλλὰ
1496 731 1549 766 μὴν
1565 731 1611 757 καὶ
1629 732 1658 757 ὲν
1674 730 1713 766 τῷ
1730 730 1780 766 βίῳ
1804 731 1896 766 φαμὲν

1108 786 1118 802 ε
1136 776 1182 804 τὸν
1191 776 1241 803 Διὰ
1253 776 1310 802 ὕειν
1323 785 1328 791 ·
1350 786 1359 802 ι
1377 777 1424 803 καὶ
1442 786 1450 802 ι
1464 776 1626 811 Διοσημείας
1645 786 1655 803 ι
1669 773 1805 811 καλοῦμεν
1816 784 1823 791 ·
1846 776 1896 802 καὶ

1108 831 1117 848 ι
1136 821 1379 857 Νεφεληγερέτηνι
1404 821 1480 857 παρὰ
1502 823 1557 853 τοῖς
1574 823 1699 857 ποιηταῖς
1718 821 1893 857 εὑρίσκομεν.

1107 868 1197 894 Ταῦτα
1211 868 1239 894 δὲ
1256 868 1302 893 καὶ
1325 868 1359 893 τὰ
1385 867 1496 893 τοιαῦτα
1520 868 1608 895 πάντα
1632 869 1660 894 ἐν
1683 867 1722 903 τῷ
1737 868 1851 904 ἀέρι.οὶ
1865 868 1895 894 δὶ

270 915 336 948 Quae
350 915 451 947 omnia,
467 919 494 942 et
516 915 613 942 horum
637 914 735 942 similia
759 913 785 939 in
806 920 867 939 aere
882 911 1049 946 contingunt.

1106 914 1154 940 Δία
1170 914 1215 939 τὸν
1233 913 1345 948 μυθικὸν
1360 913 1404 939 τὸν
1420 914 1521 948 Κρόνου
1537 915 1619 941 παῖδα
1634 914 1748 941 νοοῦσιν.
1769 915 1849 950 Ἦμῖν
1864 914 1894 941 δι

269 961 321 987 Alii
344 960 437 987 Jovem
466 960 541 986 illum
568 968 583 987 e
606 959 703 986 fabulis
726 957 846 985 Saturno
869 956 989 992 genitum
1013 957 1055 983 in-

270 1007 404 1041 telligunt.
423 1006 478 1034 Nos
501 1005 636 1032 trifariam
662 1005 695 1031 ah
720 1005 804 1037 Arato
827 1003 942 1039 proferri
962 1002 1053 1030 Jovem

269 1052 454 1079 arbitramur:
471 1052 588 1086 primum
608 1051 743 1081 fabulose,
758 1054 787 1076 ut
803 1058 865 1076 cum
877 1050 932 1076 ait:

360 1131 366 1137 .
383 1129 390 1136 .
410 1129 416 1135 .
438 1107 468 1135 Si
484 1116 571 1135 revera
591 1112 658 1134 certe

269 1144 294 1171 Ε
307 1144 385 1172 Creta
400 1145 453 1171 illa:
469 1144 556 1177 utique
570 1143 642 1169 Jovis
658 1142 746 1175 magni
764 1141 892 1173 consilio;

269 1202 332 1229 licet
348 1201 419 1229 enim
443 1204 470 1228 et
490 1208 525 1228 ex
547 1207 638 1227 rerum
665 1204 773 1231 natura,
788 1202 815 1225 et
839 1206 871 1225 ex
900 1197 1052 1225 fabularum

268 1246 431 1273 commentis
446 1253 574 1273 enarrare
592 1244 772 1280 prooemium;
786 1243 842 1278 jam
860 1243 925 1269 illud
942 1252 948 1269 :

271 1303 304 1329 Ut
317 1307 404 1329 autem
416 1310 472 1328 cum
488 1300 585 1328 crebra:
600 1301 669 1327 nives
685 1308 716 1326 ex
727 1299 790 1326 Jove
807 1299 926 1329 volitant,

269 1358 309 1384 sic
324 1357 457 1392 accipere,
474 1356 551 1391 quasi
573 1356 642 1383 idem
660 1356 694 1383 sit
711 1359 791 1390 atque
809 1365 817 1380 ε
839 1363 853 1381 e
867 1356 952 1385 cmlo,
972 1364 980 1380 ι
1005 1362 1051 1388 pc-

267 1406 343 1431 nitus
369 1407 411 1431 est
436 1404 593 1430 conlictum.
613 1402 750 1437 Siquidem
773 1401 904 1428 Homerus
925 1402 1050 1427 imbrium

268 1455 406 1477 auctorem
426 1450 490 1476 facit
506 1449 611 1476 Jovem.
632 1447 677 1475 Sic
689 1448 754 1474 illud
772 1455 880 1482 quoque
897 1457 902 1474 :
923 1457 932 1472 ι
953 1446 983 1473 1η
999 1446 1049 1473 Jo-

267 1498 304 1523 vis
330 1496 456 1527 volvitur;
487 1495 580 1523 eodem
610 1495 781 1529 interpretari
803 1501 894 1524 sensu,
922 1493 1048 1520 stolidum

266 1546 319 1570 est.
333 1541 391 1569 Non
406 1543 476 1569 cnim
501 1541 611 1577 scripsit
627 1550 633 1567 :
651 1550 660 1565 ι
677 1540 705 1567 ln
717 1539 792 1571 Jove,
812 1549 820 1565 ι
843 1539 889 1567 sed
908 1549 913 1566 :
931 1540 958 1565 In
974 1538 1048 1565 Jovis

1106 960 1178 986 δοκεῖ
1194 960 1294 995 τριχῶς
1310 960 1360 986 ὑπὸ
1373 960 1419 985 τοῦ
1443 960 1555 995 Ἀράτου
1567 961 1612 986 τὸν
1624 960 1672 986 Δία
1690 960 1894 996 προφέρεσθαι’

1107 1006 1228 1041 μυθικῶς
1244 1006 1303 1041 μὲν,
1320 1007 1356 1038 ὡς
1374 1007 1436 1033 ὅταν
1452 1006 1531 1043 λέγῃ·
1780 1016 1783 1017 ν

1141 1126 1149 1134 .
1168 1127 1175 1134 .
1197 1127 1203 1133 .
1223 1128 1228 1134 .
1251 1127 1257 1133 .
1283 1128 1288 1134 .
1304 1108 1336 1133 El
1351 1108 1486 1141 eradi-61‘;

1104 1142 1255 1176 Κρήτηθεν
1272 1143 1366 1169 κεῖναί
1383 1152 1414 1177 γε
1431 1144 1497 1175 Διὸς
1513 1142 1646 1177 μεγάλου
1661 1143 1764 1177 ἰότητι·

1103 1198 1226 1233 ἔστιγὰρ
1241 1200 1286 1225 καὶ
1300 1199 1421 1233 φυσικῶς
1447 1200 1493 1226 καὶ
1520 1199 1640 1234 μυθικῶς
1662 1199 1847 1236 ἐξηγήσασθαι
1858 1198 1892 1226 τὸ

1105 1249 1247 1283 προοίμιον
1260 1256 1266 1262 ·
1284 1247 1314 1273 τὸ
1330 1247 1367 1279 δὲ,

1110 1305 1157 1338 Ὦς
1171 1305 1197 1331 δ’
1214 1305 1262 1331 ὅτε
1277 1304 1409 1338 refe-emi
1431 1303 1553 1338 νιφάδες
1571 1302 1637 1335 Διὸς
1651 1302 1854 1334 ἐκποτέονται,

1104 1362 1133 1394 ἐξ
1151 1362 1264 1397 οὐρανοῦ
1281 1362 1388 1396 νοῆσαι,
1413 1362 1472 1387 ὅλον
1489 1362 1546 1387 ἐστὶ
1560 1360 1681 1395 πλάσμα.
1696 1361 1819 1396 Ὅμηρος
1835 1359 1893 1395 γὰρ

1101 1407 1153 1434 οἶδε
1172 1409 1216 1434 τὸν
1230 1409 1277 1434 Δία
1297 1408 1407 1443 ὅμϐρων
1423 1408 1576 1442 παραίτιον.
1588 1408 1642 1434 Καὶ
1660 1408 1740 1434 πάλιν
1758 1407 1798 1440 τὸ,
1812 1416 1822 1433 ι
1839 1407 1892 1435 Ἐν

1102 1454 1167 1486 Διὸς
1187 1454 1319 1486 εἱλεῖται,
1353 1454 1483 1486 ὡσαύτως
1509 1453 1674 1489 παραλαϐεῖν
1701 1453 1824 1488 ἀνόητον.
1851 1451 1891 1479 οὗ

1100 1500 1154 1536 γὰρ
1166 1499 1251 1531 εἶπεν,
1268 1510 1276 1526 ι
1288 1500 1332 1526 Ἑν
1352 1502 1418 1531 Att,»
1435 1501 1503 1531 ἀλλ’,
1519 1501 1562 1527 Ἑν
1576 1500 1614 1535 τῷ
1633 1499 1679 1526 τοῦ
1700 1499 1761 1531 Διὸς
1777 1498 1892 1535 κλίματι

1100 1546 1116 1580 ἢ
1133 1547 1290 1581 οἱκητηρίῳ,
1306 1547 1411 1581 οὖρανῴ
1427 1547 1496 1572 κατὰ
1509 1545 1684 1582 παράλειψιν·
1702 1545 1740 1576 ὡς
1755 1554 1764 1571 ι
1781 1545 1809 1573 ὲν
1823 1553 1891 1572 παι-

266 1593 354 1615 tractu
382 1589 424 1615 vel
446 1588 600 1620 domicilio;
624 1587 751 1614 nimirum
776 1587 803 1613 in
821 1587 900 1617 coelo,
915 1593 961 1620 per
982 1585 1048 1612 sub-

1103 1591 1235 1626 δοτρίῦου,
1255 1592 1294 1626 »ἢ
1316 1601 1325 1617 ι
1345 1592 1510 1627 κιθαριστοῦ.
1534 1603 1543 1618 ›

266 1635 450 1666 auditionem;
469 1632 697 1667 quemadmodum
721 1632 849 1664 dicimus,
881 1641 889 1656 ι
909 1631 979 1666 apud
996 1638 1052 1663 pac-

266 1679 391 1712 dotrihae,
411 1688 421 1705 ι
439 1679 480 1706 vel
498 1688 506 1704 ι
527 1678 654 1706 ﬁdicinis.
672 1687 683 1702 ι

303 1724 451 1759 Aptissime
463 1731 546 1758 porro
562 1724 596 1751 ab
607 1723 675 1750 ‘Jove
692 1730 773 1750 orsus
787 1726 841 1753 est,
856 1722 929 1749 velut
944 1722 1051 1757 opilicc,

264 1778 298 1797 ac
317 1777 408 1797 rerum
425 1769 545 1796 omnium
564 1768 685 1796 domino.
702 1767 836 1800 Quocirca
848 1771 945 1794 caetera
961 1774 1052 1801 prooe-

265 1816 321 1843 mia
345 1815 513 1850 repudianda
543 1818 617 1842 sunt.
647 1814 751 1841 Etenim
785 1813 935 1845 Hesiodus,
972 1821 1052 1848 quem

260 1868 351 1887 ~unum
361 1868 394 1888 ex
409 1861 535 1888 omnibus
550 1861 706 1888 aemulatum
725 1860 841 1887 maxime
858 1867 918 1887 esse
934 1859 1051 1887 dicimus

267 1907 382 1933 Aratum
393 1926 400 1938 ,
417 1906 452 1933 ab
463 1905 529 1933 Jove
543 1908 635 1941 coepit.

302 1950 391 1979 Fuere
409 1951 455 1986 qui
480 1954 587 1986 poetam
611 1951 788 1986 castigarem,
804 1951 877 1986 quod
902 1952 1017 1978 litteram
1036 1960 1051 1977 σ

260 1996 415 2024 inseruerit
426 1997 558 2024 vocabulo
571 1996 747 2032 ἀρχώμεσθα.
766 1997 819 2025 Sed
834 1997 896 2024 huic
908 1997 996 2025 simile
1008 2001 1050 2025 est

267 2041 339 2077 apud
354 2047 459 2077 poetam
474 2041 646 2077 χαζώμεσθα.
661 2041 821 2076 Tum~vero,

302 2100 399 2128 Tecum
419 2106 506 2125 omnes
522 2103 664 2130 certamus,

265 2157 344 2189 dixit,
359 2160 488 2191 tanquam
500 2156 653 2182 communia
671 2155 798 2183 omnibus
813 2155 924 2187 dicens;
937 2161 1001 2185 non,
1020 2158 1049 2181 ut

263 2202 408 2238 Apollonio
424 2202 512 2229 visum
532 2206 583 2234 est,
598 2209 630 2229 ex
647 2202 756 2236 propria
779 2201 967 2229 tantummodo
986 2209 1049 2236 per-

258 2255 342 2276 «sona.

300 2315 383 2343 Orsus
396 2324 412 2342 a
428 2320 461 2348 te,
476 2314 585 2347 Phoebe,
602 2323 676 2350 quem
686 2322 852 2349 nunquam...

297 2371 434 2399 Articulus
448 2371 637 2406 prmpositivus
649 2378 697 2405 pro
710 2370 883 2405 sulljunctivo
902 2369 942 2401 ὃν,
960 2368 992 2396 ad
1008 2368 1047 2395 vi-

255 2415 372 2443 tandam
396 2415 573 2443 collisioncm.
600 2415 706 2451 Ἀνδρός
718 2415 860 2447 vocabulo,
880 2414 906 2441 id
922 2414 964 2442 est
985 2414 1043 2446 viri,

260 2461 335 2498 quod
352 2461 514 2497 particulare
529 2464 582 2492 ost,
604 2468 654 2495 pro
666 2461 796 2496 generali,
808 2460 932 2493 hominis,
944 2459 982 2487 uti
996 2467 1043 2486 vo-

262 2506 329 2540 luit;
345 2507 390 2534 cui
404 2506 493 2534 simile
506 2507 580 2534 istud
594 2510 652 2534 est:

261 2552 316 2580 Alii
329 2551 433 2587 quidem
446 2552 495 2584 dii,
511 2556 535 2579 et
548 2552 597 2579 viri
609 2559 642 2578 ex
659 2551 730 2586 equis
743 2555 898 2586 pugnantes.

259 2607 351 2636 Plena:
371 2613 457 2635 autem
477 2608 541 2635 Jove
563 2613 624 2636 sunt
649 2616 737 2635 omnes
756 2607 860 2643 quidem
879 2609 936 2635 vim.
953 2606 1043 2635 Poeta:

259 2655 456 2682 omnituentem
475 2654 552 2689 152
578 2654 679 2689 ubique
701 2652 794 2681 Jovem
817 2653 969 2685 nominant,
986 2657 1015 2679 ut
1032 2662 1039 2680 :

261 2699 283 2726 0
296 2698 401 2734 Jupiter
423 2700 588 2731 omnituens;
603 2699 678 2731 item,
695 2698 742 2725 Sol
754 2699 798 2734 qui
821 2699 911 2726 omnia
930 2699 1039 2726 lustras.

261 2746 369 2779 Ἆγι)ιαὶ
391 2750 456 2773 sunt
473 2746 537 2777 vici,
557 2753 604 2781 per
619 2753 679 2780 qute
699 2747 782 2780 γυῖα,
801 2745 934 2777 membra,
951 2753 1042 2773 move-

259 2797 335 2823 mus;
361 2794 389 2817 at
403 2791 465 2825 [ora
491 2796 555 2819 sunt
580 2791 727 2818 conciones.
745 2791 813 2818 Nam
835 2794 862 2818 et
881 2790 998 2823 Bulwus,
1015 2791 1041 2818 id

1138 1722 1297 1749 Οἰκειὸτατα
1313 1722 1341 1748 δὲ
1360 1723 1414 1749 ἀπὸ
1436 1723 1496 1755 Διὸς
1515 1723 1624 1758 ἤρξατο,
1640 1724 1677 1754 ὡς
1695 1721 1819 1758 ποιητοῦ,
1839 1721 1890 1750 καὶ

1102 1767 1156 1794 τῶν
1168 1767 1234 1794 ὅλων
1249 1767 1388 1795 δεσπότου.
1403 1769 1482 1794 Ὥστε
1495 1769 1529 1794 τὰ
1545 1768 1624 1795 λοιπὰ
1640 1768 1769 1803 προοίμια
1786 1775 1890 1804 παραι-

1102 1812 1206 1848 τητέον.
1225 1814 1280 1839 Καὶ
1295 1813 1348 1849 γὰρ
1370 1814 1498 1845 Ἡσίοδος,
1514 1812 1544 1841 οὗ
1560 1815 1677 1849 μάλιστα
1697 1815 1821 1850 ζηλωτὴν
1840 1813 1889 1842 τὸν

1104 1858 1220 1893 Ἄρατόν
1234 1867 1324 1893 φαμεν
1343 1860 1493 1893 γεγονέναι,
1509 1861 1562 1887 ἀπὺ
1575 1861 1635 1892 Διὸς
1651 1860 1763 1896 ἤρξατο.

1143 1949 1300 1984 ᾙτιάσαντο
1312 1949 1340 1974 δέ
1354 1958 1438 1981 τινες,
1450 1949 1490 1976 ὃτι
1502 1949 1623 1983 ἔγκειται
1636 1950 1667 1976 τὸ
1682 1957 1704 1976 σ
1716 1950 1756 1986 τῷ
1770 1960 1779 1976 ι
1796 1950 1889 1988 ἀρχώ-

1103 1995 1197 2030 μεοϐα.
1220 2004 1229 2020 ι
1249 1996 1360 2029 Ὅμοιον
1379 1995 1407 2021 δέ
1421 1996 1477 2021 ἐστι
1495 1996 1533 2030 τῷ
1549 1995 1624 2031 παρὰ
1638 1996 1676 2031 τῷ
1690 1997 1788 2032 ποιητῇ
1806 2005 1816 2022 (
1834 2005 1888 2032 χα-

1101 2040 1238 2075 ζώμεσθα.
1256 2050 1264 2065 ι
1283 2041 1348 2073 Καὶ,

1100 2097 1149 2123 Σοὶ
1164 2097 1274 2131 πάντες
1286 2099 1461 2133 μαχόμεσθα
1471 2120 1478 2131 ,

1099 2152 1126 2178 δὲ
1143 2152 1228 2184 εἶπεν,
1242 2153 1279 2184 ὼς
1294 2153 1369 2179 κοινὰ
1386 2154 1452 2180 πᾶσι
1464 2154 1590 2189 γράφων·
1608 2154 1668 2190 οὐχ,
1686 2155 1724 2186 ὡς
1745 2153 1884 2182 ’Δπολλώ-

1099 2206 1164 2230 νιος,
1180 2199 1209 2230 ἐξ
1227 2199 1291 2225 ἰδίου
1308 2199 1387 2234 μόνου
1402 2199 1559 2233 προσώπου.

1142 2310 1315 2344 Ἀρχόμενος
1334 2311 1398 2343 σέο,
1414 2312 1509 2345 Φοῖϐε,
1523 2312 1578 2339 τὸν
1589 2312 1777 2340 οὺδέποτε....

1136 2364 1253 2400 ’Λρθρον
1272 2367 1454 2401 προτακτικὸν
1468 2368 1528 2394 ἀντὶ
1546 2368 1727 2395 ὑποτακτικοῦ
1739 2378 1748 2394 ι
1761 2369 1802 2402 ὃν,
1816 2378 1825 2395 ι
1837 2369 1884 2397 διὰ

1098 2410 1142 2436 τὸν
1164 2411 1364 2446 συγκρουσμόν.
1391 2421 1400 2439 ι
1422 2413 1529 2449 ’Δνδρὸς
1550 2423 1559 2439 ι
1579 2414 1607 2440 δὲ
1628 2414 1709 2441 tum
1724 2415 1785 2441 ἀντὶ
1808 2423 1884 2450 γενι-

1098 2455 1157 2488 κοῦ,
1174 2464 1183 2481 ‹
1199 2455 1245 2482 τοῦ
1262 2456 1415 2492 ἀνθρώπου·
1440 2468 1450 2485 ι
1471 2459 1517 2486 καὶ
1540 2457 1632 2494 ὅμοιον
1647 2459 1701 2495 τῷ’

1100 2552 1203 2578 Ἀλλοι
1217 2551 1272 2583 μέν
1283 2551 1323 2584 pa
1338 2549 1399 2577 θεοί
1418 2559 1449 2577 τε
1469 2550 1517 2578 καὶ
1535 2551 1640 2586 ἀνέρες
1652 2553 1881 2587 ἱπποκορυσταί.

1095 2607 1207 2634 Μεσταὶ
1234 2606 1267 2633 δὲ
1291 2607 1356 2640 Διὸς
1379 2607 1473 2635 πᾶσαι
1489 2607 1547 2642 μὲν
1570 2609 1680 2644 ἀγυιαί.
1694 2610 1754 2637 Ὀτι
1785 2610 1833 2637 καὶ
1855 2611 1883 2637 οἱ

1096 2653 1205 2688 ποιηταὶ
1224 2654 1365 2689 πανόπτην
1388 2654 1498 2680 καλοῦσι
1519 2655 1666 2690 πανταχοῦ·
1685 2653 1719 2683 Ὦ
1734 2655 1792 2684 Ζεῦ
1803 2664 1882 2684 παν-

1095 2697 1186 2724 όπτα”
1206 2698 1262 2730 καὶ,
1283 2697 1407 2730 Ἠέλιος,
1426 2698 1557 2731 ὃςπάνΐ
1573 2698 1695 2734 ἐφορᾷς.
1716 2709 1726 2725 ε
1748 2699 1856 2734 ’Δγυιαὶ
1868 2709 1879 2727 ι

1094 2743 1121 2769 δὲ
1139 2743 1171 2770 τὰ
1192 2744 1308 2779 ἄμφοδα,
1327 2744 1360 2770 δι’
1386 2741 1423 2771 ὧν
1445 2755 1454 2770 ‹
1473 2744 1507 2771 τὰ
1529 2746 1593 2780 γυῖα
1611 2755 1619 2771 ι
1637 2745 1773 2782 φέρομεν
1787 2754 1797 2772 t
1811 2746 1881 2780 ἀγο-

1097 2791 1141 2826 ραὶ
1159 2801 1168 2816 ι
1184 2790 1212 2816 δὲ
1225 2800 1234 2816 ι
1245 2791 1273 2816 αἱ
1289 2790 1432 2826 ἐκκλησίαι
1445 2801 1453 2818 ι
1471 2791 1553 2829 καὶραὶ
1565 2791 1677 2820 σύνοδοι.
1693 2791 1810 2827 Λέγεται
1823 2790 1880 2828 γὰρ

293 2867 317 2886 ⁸³
333 2867 410 2895 Deest
422 2868 588 2903 participium
602 2867 715 2905 δράσας,
734 2872 778 2894 aut
799 2867 885 2895 simile
903 2866 989 2895 aliud.
1012 2867 1137 2895 Videntur
1152 2871 1239 2894 autem
1258 2868 1366 2895 senarii.
