4106 6418
336 420 476 476 “65

1766 418 1974 476 ARATI
2015 417 2196 474 VITA.

3430 412 3566 467 lilii)

334 537 428 589 καὶ
486 534 777 601 Βουλαῖος
818 535 973 600 Ζεὺς,
1021 535 1097 599 ὡς
1151 535 1387 601 Ξένιος·
1435 537 1527 590 καὶ
1579 535 1895 605 Ἑταιρεῖος

2010 545 2093 592 εει
2111 533 2487 598 Consiliarius,
2508 531 2810 602 appellatur
2825 531 3057 604 Jupiter;
3086 530 3228 586 sicut
3247 528 3565 599 Hospitem,

334 627 533 692 Φίλος,
559 625 912 693 Φυτάλιμος,
956 627 1347 696 Ἐπικάρπιος.

401 716 607 784 Μεστὴ
640 716 709 769 δέ
740 718 1040 783 θάλασσα,
1067 720 1165 772 καὶ
1185 720 1446 788 λιμένες.
1484 722 1818 789 Ἐπιπόριος
1835 720 1902 784 δ’,

335 807 429 862 καὶ
469 808 762 878 Λιμένιος,
811 811 906 864 καὶ
955 810 1224 878 Κερδῷος
1275 815 1386 874 τοῖς
1431 812 1712 883 ἐμπόροις.
1756 813 1808 864 '0
1850 811 1902 866 δ’

332 899 512 970 ἤπιος
546 900 967 969 ἀνθρώποισιν
1007 903 1130 955 ἐπεὶ
1159 902 1356 970 πατὴρ
1386 903 1621 972 ἀνδρῶν
1661 921 1725 957 τε
1757 903 1905 959 θεῶν

333 1009 415 1046 τε.
447 993 545 1046 Διὰ
591 993 748 1046 τοῦτο
783 995 875 1047 καὶ
908 992 1086 1063 ἤπιος
1117 1010 1130 1024 ·

400 1149 414 1162 .
454 1147 468 1160 .
507 1147 520 1159 .
559 1147 572 1159 .
606 1145 623 1159 .
662 1147 677 1161 .
715 1107 916 1175 Πατὴρ
948 1107 999 1159 δ’
1037 1107 1117 1172 ὠς
1157 1105 1331 1173 ἤπιος
1369 1101 1497 1176 ἦεν.

403 1221 570 1291 Λέγει
613 1222 666 1274 δ’
702 1223 799 1275 ὅτε
823 1221 1027 1286 βῶλος
1058 1221 1294 1289 ἀρίστη.
1324 1221 1596 1292 Γράφεται
1629 1222 1722 1274 καὶ
1765 1221 1902 1292 ἀρο-

330 1311 446 1379 στὴ
469 1314 501 1382 ἡ
530 1313 814 1384 ιάροσίμη·
832 1333 849 1363 ι
871 1313 916 1343 ⁵⁸
937 1312 1057 1383 [οὐχ
1081 1313 1338 1383 ἁρμόττει
1365 1312 1478 1384 δέ
1509 1312 1748 1381 ἐπιλέγει
1768 1314 1898 1384 γὰρ,

323 1402 514 1466 ,βουσί
558 1421 620 1458 τε
667 1403 763 1456 καὶ
800 1403 1122 1473 μακέλῃσι.
1160 1403 1437 1468 Μακέλαις
1468 1404 1523 1456 δὲ
1548 1405 1648 1456 οὐκ
1673 1403 1899 1476 ἀροῦται

328 1506 432 1553 τις.
494 1491 802 1559 Γυρῶσαι,
874 1493 1056 1563 κύκλῳ
1116 1493 1472 1564 περισκάψαι.
1522 1494 1638 1547 Πᾶν
1681 1495 1786 1567 γὰρ
1841 1494 1900 1547 τὺ

330 1580 652 1652 κυκλοτερὲς
694 1584 885 1656 γυρόν⁸
920 1583 1114 1651 Γιφὸς
1146 1585 1214 1638 ἐν
1241 1583 1509 1653 ὤμοισιν.
1554 1585 1747 1652 Αὐτὸς
1787 1587 1900 1656 γὰρ

328 1670 468 1726 τάδε
517 1672 730 1741 σήματ’
773 1675 842 1726 ἐν
874 1672 1103 1742 οἰιρανῷ
1145 1673 1456 1742 ἐστήριξε,
1510 1676 1635 1739 τοὺς
1667 1675 1898 1747 ἀστέρας

283 1762 290 1772 ’
329 1762 423 1816 καὶ
457 1763 529 1817 τὰ
573 1765 784 1819 εἴδωλα.
815 1765 972 1836 Παρὰ
995 1765 1052 1818 δὲ
1085 1765 1144 1818 τὸ
1173 1765 1492 1837 ἐστηρίχθαι
1524 1767 1896 1838 ὴτυμολόγησε

326 1854 434 1906 τῶν
450 1855 692 1926 ἀστέρων
714 1857 774 1908 τὸ
798 1857 984 1926 ὄνομα.
1007 1856 1187 1910 Ἀλλοι
1208 1857 1267 1910 δέ
1285 1875 1447 1926 φασιν
1464 1858 1572 1912 ἀπὸ
1586 1859 1890 1930 Ἀστραίου.

328 1947 427 1998 Διὰ
485 1946 541 1999 δὲ
585 1948 665 2012 τὸ,
711 1948 1042 2015 Ἐστήριξε,
1086 1949 1147 2002 τὸ
1189 1949 1444 2022 ἀκίνητον
1490 1951 1599 2004 τῶν
1644 1952 1896 2007 ἀπλανῶν

327 2038 597 2111 ἐδήλωσε·
662 2041 1020 2109 τετυγμένα,
1074 2043 1477 2112 παρῳχημένου
1530 2043 1719 2114 χρόνου
1776 2046 1898 2098 ἀντὶ

330 2131 646 2199 μέλλοντοςο
685 2132 759 2195 ὼς
793 2131 945 2202 παρὰ
975 2132 1054 2202 τῷ
1097 2137 1332 2204 ποιητῇ·

326 2245 396 2296 El
411 2242 661 2312 δύναμαι
682 2245 919 2298 τελέσαι
941 2261 1028 2313 γε,
1049 2244 1147 2298 καὶ
1168 2247 1218 2298 εὶ
1238 2247 1666 2316 τετελεσμένον
1691 2248 1863 2302 ἐστιν
1878 2264 1894 2279 ·

325 2357 444 2408 ἀντὶ
475 2355 567 2408 τοῦ
599 2375 616 2406 ι
642 2356 1118 2428 τελεσθησόμενον.
1167 2378 1184 2409 ι
1238 2360 1397 2429 Ὄφρ’
1436 2361 1661 2428 ἔμπεδα
1703 2361 1899 2417 πάντα

323 2449 898 2517 φύωνταιμάσφαλῶς
924 2449 1247 2518 φυτεύσωσι,
1270 2453 1584 2525 »παθητικῷ
1613 2454 1732 2509 ἀντὶ
1748 2457 1897 2529 ὲνερ-

323 2537 581 2608 γητικοῦ,
629 2539 660 2606 ἢ
715 2540 802 2592 ἵνα
832 2540 1104 2612 φαίνηται,
1134 2541 1210 2604 ὡς
1249 2561 1267 2593 ι
1298 2542 1535 2612 σπάρτα
1587 2544 1891 2601 λέλυνται.

337 2627 653 2696 Ἀνδράσιν
671 2629 898 2698 ὡράων’
932 2632 1053 2685 ἀντὶ
1074 2633 1166 2686 τοῦ
1189 2652 1206 2685 ι
1230 2633 1406 2704 ὡρῶν.
1433 2653 1452 2685 ι
1474 2633 1671 2704 Χαῖρε,
1690 2636 1893 2706 πάτερ,

319 2716 474 2788 μέγα
523 2718 738 2788 θαῦμα,
761 2718 890 2790 μέγ’
918 2721 1320 2791 ἀνθρώποισιν
1358 2722 1571 2794 ὄνειαρ.
1602 2725 1676 2778 Οὐ
1724 2725 1893 2796 λέγει,

331 2828 350 2860 ι
373 2811 468 2864 καὶ
508 2811 704 2880 μέγα.)
740 2811 915 2880 Χαῖρε
951 2813 1152 2879 αὐτὸς,
1185 2813 1282 2866 καὶ
1307 2813 1560 2882 προτέρη
1598 2817 1794 2885 γενεή.
1828 2814 1897 2871 Ὦ

324 2900 451 2966 Ζεῦ,
488 2903 550 2954 σὺ
584 2903 676 2955 καὶ
707 2905 739 2972 ἡ
769 2903 832 2974 σὴ
871 2905 1060 2971 γενεά·
1098 2904 1216 2974 ἤτοι
1245 2905 1295 2955 οἱ
1325 2903 1570 2969 Τιτᾶνες.
1613 2909 1771 2972 Ἴσως
1801 2913 1895 2964 καὶ

323 2994 476 3066 παρὰ
514 2996 840 3064 Ἀντιμάχῳ·
1856 2982 1860 2986 ’

322 3107 625 3178 Γηγενέας
658 3123 724 3161 τε
767 3107 961 3174 θεοὺς,
1008 3111 1474 3182 προτερηγενέας
1513 3129 1578 3167 τε
1623 3111 1889 3182 Τιτῆνας.

322 3217 435 3271 Καὶ
463 3219 712 3290 ’Όμηρος
731 3234 744 3248 ⁸

335 3329 618 3383 Ὠκεανόν
644 3345 707 3382 τε
743 3328 892 3383 θεῶν
928 3329 1188 3399 γένεσιν,
1219 3331 1317 3385 καὶ
1347 3333 1574 3402 μητέρα
1607 3335 1820 3402 Τηθύν.

393 3433 528 3487 Εἰδὲ
551 3433 624 3496 ὡς
649 3435 784 3504 πρὸς
816 3434 1136 3506 ἀνθρώπους
1165 3437 1418 3506 προτέρα
1437 3439 1722 3510 νοήσομεν,
1746 3440 1893 3510 λέγοι

325 3523 392 3577 ἂν
441 3525 538 3596 τὴν
594 3525 862 3596 τετάρτην
917 3527 1024 3580 ἀπὸ
1072 3527 1167 3580 τοῦ
1209 3529 1410 3600 χρυσοῦ
1449 3531 1634 3599 γένους
1665 3533 1894 3594 τὴντῶν

321 3618 585 3693 ἡμιθέων.
622 3621 810 3690 Ἡμεῖς
850 3621 959 3692 γὰρ
992 3621 1090 3693 τῆς
1126 3622 1383 3694 πέμπτης
1413 3626 1624 3694 γενεᾶς.
1662 3625 1896 3695 Τιτῆνας

323 3709 382 3764 δὲ
415 3709 500 3763 διὰ
538 3710 694 3764 τοῦτο
740 3711 884 3780 λέγει
935 3713 1176 3783 χαίρειν,
1212 3716 1395 3787 ἐπειδὴ
1425 3718 1520 3770 καὶ
1549 3718 1606 3770 ὲν
1634 3719 1743 3780 τοῖς
1769 3718 1895 3789 ἑξῆς

337 3801 637 3876 Ἀστραῖον,
668 3801 762 3855 ένα
789 3803 894 3858 τῶν
924 3805 1164 3859 Τιτάνων
1197 3807 1343 3873 ὄντα,
1373 3809 1551 3879 ὑμνεῖ,
1580 3809 1752 3878 λέγων
1770 3826 1783 3839 ·

321 4002 440 4078 @lz‘
468 3997 581 4058 oi}:-
612 4003 928 4078 ’ᾼστρμίου
963 4006 1163 4078 κείνου
1195 4005 1387 4076 γένος’
1407 4007 1478 4061 ὅν
1505 4007 1584 4076 ῥά
1614 4007 1676 4062 τέ
1707 4024 1896 4078 φασιν

326 4072 597 4142 ⁴¹Ἀστρων
617 4073 871 4142 ἀρχαῖον
894 4076 1092 4144 πατέρ’
1121 4072 1386 4146 ἔμμεναι.
1420 4118 1435 4133 .
1468 4116 1482 4131 .
1506 4072 1528 4132 ⁷.
1562 4119 1575 4134 .
1611 4117 1626 4130 .

393 4184 627 4239 Δύναται
675 4186 733 4239 δὲ
788 4187 848 4240 τὺ
893 4189 1025 4241 αὐτὸ
1065 4190 1302 4254 καὶτοῖς
1330 4191 1770 4261 προειρημένοις,
1802 4191 1896 4245 καὶ

325 4275 438 4336 τοῖς
466 4274 873 4345 ἐπιφερομένοις
898 4277 1282 4333 συνάπτεσθαι·
1313 4277 1500 4352 ὥσπερ
1520 4280 1636 4345 καὶ,
1654 4282 1897 4349 Χαίρετε

325 4360 412 4425 δέ,
436 4363 688 4429 Μοῦσαι,
712 4365 834 4419 καθ’
862 4368 1049 4421 ὲαυτό’
1078 4363 1215 4436 εἶτα,
1243 4368 1411 4438 μάλα
1448 4369 1655 4437 πᾶσαι,
1688 4373 1775 4441 ὑφ’
1813 4373 1891 4427 ’ἐν’

332 4599 400 4643 .__._
433 4605 497 4643 .-ε
531 4604 548 4618 .
579 4605 592 4618 .
643 4567 800 4643 Ἐμοί
828 4588 892 4643 γε
917 4572 1172 4643 ἀστέρας
1200 4576 1392 4630 εἰπεῖν

329 4631 402 4688 Ει
432 4634 614 4705 θέμις,
661 4631 963 4709 εὖχομένῳ
990 4631 1315 4714 τεᾶιμῆρατε
1347 4644 1554 4700 πᾶσαν
1583 4648 1817 4719 ἀοιδήν.

323 4747 416 4812 Τὸ,
452 4747 633 4818 θέμις,
672 4751 988 4820 ἀμφίϐολον.
1036 4757 1192 4810 Ἤτοι
1230 4758 1337 4829 γὰρ
1369 4759 1446 4830 τῷ
1480 4759 1730 4831 προτέρῳ
1770 4777 1894 4814 συν-

322 4841 542 4906 απτέον,
576 4842 608 4912 ἢ
634 4842 712 4911 τῷ
739 4843 886 4921 ἐξῆςς
923 4846 1062 4916 ἦτοι,
1081 4847 1336 4917 ἀστέρας
1370 4851 1579 4916 εἰπεῖν,
1599 4853 1680 4918 ὡς
1709 4869 1894 4921 προσ-

321 4930 492 5000 ἧκον,
535 4934 890 5002 τεκμήρατεο
939 4937 995 5007 ἢ,
1045 4938 1349 5008 εὐχομένω
1381 4943 1460 5008 ὡς
1503 4943 1894 5013 προσήκοντα

323 5023 658 5094 παράσχετε
681 5025 870 5080 εἰπεῖν
891 5067 905 5092 ,
933 5022 980 5081 ὦ
1005 5029 1261 5085 Μοῦσαι.
1292 5030 1650 5100 Τεκμήρατε,
1685 5052 1703 5086 ι
1731 5033 1892 5106 μέχρι

321 5113 503 5177 τέλους
523 5114 742 5170 εἴπατε·
770 5135 788 5168 ι
818 5117 1042 5189 τέκμωρ
1061 5119 1170 5191 γὰρ
1197 5121 1257 5173 τὸ
1291 5141 1308 5173 ι
1334 5121 1508 5187 τέλος.
1538 5144 1557 5176 ι

2003 627 2253 692 Socialis,
2281 626 2518 691 Amicus,
2549 623 2751 686 Serius,
2778 621 3046 693 Frugifer.

2074 719 2298 774 Plenum
2328 727 2406 773 est
2428 734 2592 781 mare,
2623 727 2670 770 et
2700 724 2901 780 portus.
2944 714 3155 769 Dicitur
3195 712 3340 769 enim
3376 711 3564 766 Portu-

2003 825 2156 863 mnus
2177 817 2228 864 et
2255 807 2447 862 Lucrio
2472 806 2924 878 negotiatoribus.
2950 804 3054 858 Hic
3085 819 3203 858 vero
3227 803 3371 857 mitis
3399 802 3569 857 hann-

2002 901 2178 965 nibus,
2228 899 2485 969 quoniam
2529 907 2678 966 pater
2712 907 2792 951 est
2852 897 3120 965 uirumque
3164 893 3438 965 deumque.
3486 892 3568 948 0b

2002 993 2057 1048 id
2088 1003 2142 1049 et
2175 994 2316 1047 mitis
2347 991 2569 1046 dicitur.

2004 1147 2021 1162 .
2063 1145 2079 1162 .
2123 1145 2136 1160 .
2178 1104 2341 1159 Pater
2369 1120 2486 1157 vero
2512 1118 2603 1156 ceu
2629 1102 2770 1156 mitis
2802 1109 2936 1155 erat.

2072 1221 2328 1276 Admonet
2353 1229 2529 1275 autem
2551 1217 2889 1289 quandonam
2909 1215 3058 1286 gleba
3080 1213 3277 1283 optima
3295 1221 3392 1269 est.
3413 1213 3565 1269 Alias

1999 1312 2223 1383 ἁροστή,
2255 1311 2308 1365 id
2345 1321 2430 1366 est
2465 1329 2484 1361 ι
2507 1310 2748 1366 arabilis.
2777 1328 2796 1361 ι
2838 1308 2942 1364 Sed
2970 1323 3078 1363 non
3111 1307 3381 1378 congruit.
3429 1304 3564 1361 Nam

2001 1401 2223 1470 subjieit
2260 1419 2273 1455 :
2309 1400 2470 1456 bobus
2519 1411 2566 1455 et
2603 1398 2882 1472 ligonibus.
2914 1399 2984 1454 At
3020 1399 3292 1471 ligonibus
3324 1404 3444 1452 arat
3470 1413 3567 1453 ne-

1998 1491 2528 1548 mo.Circumvallare
2541 1501 2626 1549 est
2647 1513 2666 1546 (
2677 1490 3090 1547 circumfodere.
3107 1511 3126 1542 ι
3146 1489 3355 1561 Quippe
3369 1490 3565 1545 rotun-

1997 1575 2128 1637 dum
2157 1599 2318 1638 omne
2344 1583 2509 1656 γυρόν
2537 1583 2860 1654 appellatur,
2887 1590 2968 1650 ut,
2997 1581 3254 1636 rotundus
3288 1581 3345 1634 in
3379 1581 3566 1635 hume-

1997 1677 2092 1730 ris.
2127 1674 2414 1746 Sequitur:
2443 1676 2565 1744 Ipse
2591 1676 2728 1730 enim
2765 1674 2870 1729 luce
2891 1675 3042 1744 signa
3075 1674 3130 1727 in
3156 1673 3284 1728 ccele
3311 1673 3563 1743 ﬁrmavit,

1996 1779 2191 1833 nempe
2220 1764 2410 1820 stellas
2460 1774 2514 1820 et
2566 1765 2854 1835 imagines.
2891 1764 3077 1835 Itaque
3117 1764 3188 1820 ab
3212 1779 3279 1818 eo
3306 1763 3454 1834 quod
3480 1772 3566 1819 est

1997 1853 2333 1924 ὲστηρίχθαι,
2366 1854 2620 1926 ἀστέρας,
2646 1855 2701 1909 id
2730 1861 2815 1908 est
2851 1853 3060 1919 stellas,
3095 1855 3327 1928 vocavit.
3351 1852 3457 1908 Alii
3494 1855 3564 1909 ab

1997 1943 2208 1998 Astraeo
2255 1945 2437 2000 dictas
2489 1945 2702 1999 volunt.
2745 1943 2922 2014 Atque
2951 1944 3056 2000 hoc
3086 1944 3338 2014 ﬁrmandi
3373 1944 3561 2010 verbo,

1998 2035 2065 2089 ad
2096 2035 2324 2091 lixarum
2359 2035 2793 2091 immobilitatem
2825 2036 3042 2102 allusit;
3084 2036 3256 2104 facta,
3289 2041 3564 2108 praterito

1998 2143 2132 2184 usus
2157 2138 2242 2183 est
2265 2144 2365 2199 pro
2389 2128 2615 2197 futuro;
2647 2137 2707 2184 ut
2736 2129 2877 2200 apud
2902 2137 3114 2199 poetam
3139 2148 3153 2184 :

1998 2236 2060 2292 Si
2088 2238 2294 2308 quidem
2324 2254 2537 2308 possum
2563 2241 2830 2310 perﬁcere,
2858 2250 2908 2295 et
2935 2242 2982 2295 si
3008 2250 3291 2310 perfectum
3323 2252 3420 2296 est.

2065 2345 2180 2403 Hoc
2200 2357 2303 2414 est,
2336 2351 2411 2406 «si
2445 2359 2623 2421 potest
2649 2352 2854 2422 perlici.
2895 2347 3110 2424 Pergit:
3142 2353 3208 2407 Ut
3229 2363 3372 2408 stata
3389 2356 3567 2410 omnia

1997 2449 2320 2508 nascantur;
2361 2442 2465 2498 hoc
2491 2451 2595 2510 est,
2621 2462 2638 2494 ι
2671 2453 2730 2498 ιιι
2760 2452 2878 2499 ιιιιο
2906 2443 3214 2510 conserant,
3235 2464 3254 2498 ι
3286 2447 3564 2518 passivum

1997 2547 2098 2603 pro
2125 2533 2336 2600 activo;
2368 2542 2542 2588 autut
2567 2535 2842 2601 videatur,
2869 2545 3118 2607 tanquam
3141 2538 3290 2607 funes
3319 2538 3566 2594 dissoluti

1997 2636 2139 2676 sunt.
2201 2623 2340 2678 Viris
2391 2634 2790 2694 tempestatum,
2827 2641 2926 2697 pro
2971 2627 3146 2700 ὡρῶν.
3187 2628 3360 2697 Salve,
3391 2641 3562 2702 pater,

1998 2731 2243 2789 magnum
2272 2717 2624 2784 miraculum,
2651 2736 2843 2790 magna
2867 2720 3163 2775 hominibus
3186 2723 3414 2780 utilitas.
3444 2723 3564 2780 Non

1997 2805 2151 2871 dicit,
2193 2827 2213 2858 ι
2238 2817 2522 2882 etmagna.
2549 2829 2567 2862 ι
2599 2809 2754 2865 Salve
2778 2820 2834 2864 tu
2857 2812 2986 2882 ipse,
3018 2820 3068 2866 et
3107 2814 3254 2881 prior
3276 2818 3561 2885 generatio.

1996 2897 2041 2954 Ο
2077 2898 2315 2970 Jupiter,
2347 2908 2405 2955 tu
2462 2910 2516 2957 et
2567 2901 2855 2973 progenies
2909 2909 3002 2958 tua
3035 2922 3049 2959 :
3078 2919 3272 2976 nempe
3318 2905 3558 2962 Titanes.

1995 2991 2156 3047 Velut
2191 2993 2335 3064 apud
2363 2993 2745 3049 Antimachum
2777 3012 2791 3047 :

1997 3107 2407 3180 Terrigenasque
2442 3110 2603 3177 deos,
2632 3109 3052 3180 antiquioresque
3087 3111 3287 3181 origine
3319 3109 3558 3168 Titanas.

1920 3254 1964 3312 ε
1999 3221 2091 3278 Sic
2117 3221 2404 3289 Homerus,

1996 3335 2364 3407 Oceanumque
2393 3336 2562 3391 Deum
2591 3337 2866 3407 originem,
2887 3344 2938 3391 et
2966 3345 3186 3390 matrem
3214 3336 3434 3409 Tethyn.

2061 3447 2267 3514 Quodsi
2311 3448 2379 3502 ad
2429 3449 2678 3504 homines
2729 3463 2835 3503 vox
2879 3448 2969 3503 illa
2998 3489 3012 3514 ,
3045 3449 3227 3518 prior,
3275 3449 3560 3511 referenda

1994 3541 2101 3605 sit,
2137 3539 2202 3596 de
2235 3548 2429 3610 quarta
2481 3541 2550 3595 ab
2590 3555 2756 3596 aureo
2799 3555 2994 3612 genere
3031 3543 3393 3598 semideorum
3436 3560 3558 3614 pro-

1993 3631 2151 3700 genie
2179 3630 2452 3700 loquetur.
2484 3630 2620 3684 Nam
2663 3647 2766 3686 nos
2809 3632 2864 3686 in
2908 3632 3101 3704 quinta
3143 3635 3402 3704 progenie
3431 3649 3560 3690 cen-

1995 3736 2198 3778 semur.
2233 3721 2314 3775 Ac
2357 3727 2645 3790 propterea
2693 3719 2919 3776 Titanas
2963 3723 3176 3777 salvere
3217 3722 3392 3791 jubet,
3425 3741 3560 3794 quo-

1993 3809 2139 3862 niam
2166 3809 2221 3864 in
2251 3811 2603 3880 sequentibus
2636 3810 2928 3880 Astrmum,
2968 3827 3137 3875 unum
3157 3813 3225 3869 de
3253 3812 3559 3887 Titanibus,

1993 3902 2252 3971 praedicat
2276 3901 2362 3956 liis
2393 3903 2576 3958 verbis
2597 3921 2611 3958 :

1997 4014 2116 4090 Sive
2139 4015 2301 4085 igitur
2333 4017 2528 4090 Astraei
2552 4017 2697 4076 illius
2718 4019 2890 4088 proles
2926 4037 2941 4081 :
2982 4035 3132 4090 quem
3170 4021 3319 4082 aiunt

1995 4085 2274 4140 Astrorum
2303 4087 2575 4156 antiquum
2603 4085 2805 4156 patrem
2833 4105 2964 4145 esse.

2066 4197 2182 4255 Hoc
2227 4199 2404 4270 ipsum
2434 4215 2563 4255 vero
2601 4210 2712 4262 tam
2754 4217 2877 4258 cum
2913 4205 3364 4278 praecedentibus,
3397 4223 3558 4278 quam

1997 4306 2121 4346 cum
2171 4291 2527 4362 sequentibus
2580 4293 2824 4362 copulari
2868 4302 3067 4364 potest,
3105 4297 3560 4366 quemadmodum

1997 4381 2143 4436 istud
2175 4401 2188 4436 :
2219 4381 2445 4445 Salvete,
2477 4379 2668 4448 Musae,
2699 4397 2796 4453 per
2819 4384 3058 4456 seipsum
3090 4403 3104 4441 :
3132 4385 3346 4452 deinde,
3379 4387 3548 4442 admo-

1996 4473 2122 4526 dum
2150 4490 2350 4539 omnes,
2377 4473 2711 4544 conjunctim
2745 4492 2758 4527 :

1923 4598 1968 4654 ι)
1999 4621 2025 4646 .-
2051 4626 2066 4641 .
2105 4625 2121 4641 .
2160 4628 2173 4642 .
2208 4629 2222 4642 .
2259 4585 2392 4642 Mihi
2418 4585 2626 4656 quidem
2656 4585 2723 4638 ad
2752 4585 2933 4643 stellas
2962 4585 3208 4643 dicendas

1999 4659 2060 4715 Si
2083 4659 2166 4728 fas
2187 4667 2286 4722 est,
2316 4657 2551 4726 precanti
2572 4657 2794 4725 promite
2820 4672 3020 4710 omnem
3044 4667 3276 4712 cantum.

1997 4769 2116 4826 Vcs
2145 4770 2255 4832 illa,
2308 4767 2416 4837 fas,
2451 4766 2706 4837 ambigua
2736 4775 2839 4822 est.
2870 4765 3004 4825 Nam
3056 4777 3151 4822 aut
3189 4768 3556 4825 antecedenti-

1998 4863 2122 4928 bus,
2155 4869 2249 4918 aut
2298 4858 2652 4928 sequentibus
2693 4859 3030 4913 annectenda
3062 4867 3165 4914 est.
3207 4858 3469 4916 Videlicet
3501 4873 3555 4915 ut

2001 4955 2076 5008 ita
2106 4960 2456 5012 construatur
2493 4969 2508 5007 :
2540 4950 2607 5005 ad
2651 4951 2832 5005 stellas
2861 4951 3133 5017 dicendas,
3164 4962 3222 5007 ut
3241 4952 3408 5017 decet,
3439 4969 3553 5021 pro-

2001 5045 2157 5110 mite;
2187 5043 2268 5099 vel
2303 5062 2316 5100 :
2354 5043 2588 5110 precanti
2630 5051 2688 5095 ut
2729 5039 2966 5098 decentia
3002 5040 3125 5097 date
3158 5043 3285 5096 mihi
3307 5042 3496 5113 dicere,
3530 5061 3557 5098 ο

1999 5135 2189 5195 Musae.
2209 5136 2302 5191 Est
2315 5143 2491 5190 autem
2504 5135 2832 5207 τεκμήρατε,
2851 5153 2869 5186 t
2883 5133 2948 5187 ad
2967 5133 3126 5190 linem
3143 5150 3314 5206 usque
3328 5133 3492 5191 dicite
3509 5153 3556 5203 ςι

1998 5229 2221 5301 τέκμωρ
2252 5228 2396 5284 enim
2434 5243 2452 5278 ι
2487 5226 2648 5282 linem
2689 5245 2708 5278 ι
2743 5226 3036 5297 signiﬁcat.

394 5385 439 5420 ιο
474 5386 518 5457 Ῑ,
551 5387 832 5460 apt-“9.0;.
904 5387 950 5419 '°
981 5385 1136 5442 Deest
1173 5382 1394 5456 aliquid.
1437 5381 1616 5456 (Quod
1649 5397 1750 5438 nos
1771 5395 1895 5453 sup!

1997 5381 2074 5438 ldO
2102 5396 2132 5437 ε
2163 5379 2434 5451 versione,
2467 5379 2624 5440 uncis
2650 5380 2990 5444 inclusimus.
3022 5378 3203 5452 Enn.)

1712 5667 2200 5696 ..ι-..ο-ι--ι
