4106 6434
539 445 675 500 “67

621 621 888 636 ’.ρ’-ι·-

1547 429 1633 484 AD
1672 423 1940 481 EUSEBII
1977 417 2372 478 CHRONICON
2410 413 2777 472 ΑΡΡΕΝοιιιᾳσ

1443 581 3488 622 ________________,____________._—_.———--———

3625 397 3770 452 “68

1630 748 2716 896 ΘΕΟΔΩΡΟΥ

1811 995 2064 1086 ΠΕΡΙ
2103 991 2504 1080 ΜΗΝΩΝ

913 1275 1568 1378 ΤΗΕΟΒΟΒΙ,
1629 1273 1956 1374 (ἓΑΖιἘ
2094 1273 2127 1358 Ι

2231 1225 2674 1356 BERDE
2747 1246 3353 1346 MENSIBUS

1515 1462 1818 1526 JOANNE
1857 1459 2238 1519 PERRELLO
2279 1457 2364 1515 ΙΝ
2375 1449 2777 1514 TERPRETE.

550 1779 941 1852 appellationes
967 1790 1248 1848 pernosse,
1273 1783 1328 1828 et
1349 1772 1406 1826 in
1434 1770 1502 1826 iis
1527 1767 1740 1824 utendis
1759 1767 1998 1820 Atticum
2019 1779 2111 1820 or-

547 1873 730 1929 dinem
759 1871 949 1941 sequi:
983 1881 1294 1938 quanquam
1317 1865 1371 1920 id
1399 1861 1616 1933 assequi
1655 1875 1764 1916 non
1804 1867 1890 1916 est
1931 1858 2110 1914 facile.

555 1964 836 2035 Siquidem
887 1962 1132 2016 virorum
1165 1959 1344 2030 prisca
1381 1964 1678 2024 nostraque
1703 1957 1860 2007 aetate
1907 1951 2113 2004 littera-

551 2071 670 2110 rum
697 2053 950 2109 doctrina
985 2051 1312 2122 insignium,
1359 2047 1554 2118 partim
1586 2045 1656 2100 de
1685 2044 1879 2098 ordine
1925 2057 2114 2098 eorum

549 2156 603 2202 et
629 2161 730 2200 usu
767 2144 968 2198 nullam
995 2141 1327 2196 mentionem
1365 2137 1646 2202 fecerunt;
1698 2135 1898 2205 partim
1927 2133 2116 2188 nescio

551 2235 686 2308 quid
730 2233 939 2292 ordinis
973 2229 1356 2286 tradiderunt:
1401 2241 1588 2281 verum
1645 2225 1776 2279 dum
1825 2239 1885 2280 se
1923 2231 2118 2294 putant

553 2335 870 2400 perpetuam
894 2324 1092 2380 seriem
1125 2316 1604 2390 colligere,procul
1629 2331 1658 2370 a
1687 2323 1833 2369 recta
1863 2314 2118 2369 aberrare

555 2419 730 2489 palam
794 2422 1117 2487 arguuntur.
1175 2410 1434 2466 Nonnulli
1499 2423 1627 2463 vero
1695 2407 2118 2477 interpretantes

555 2511 807 2582 quisnam
831 2510 901 2566 sit
929 2507 1131 2562 mensis
1155 2503 1591 2568 Hecatombaeon,
1611 2501 1802 2571 quisve
1823 2497 2118 2562 Posideon,

555 2613 611 2656 et
641 2616 748 2669 quo
778 2609 937 2670 pacto
975 2597 1306 2668 reliquorum
1337 2594 1534 2664 cuique
1565 2607 1690 2645 cum
1719 2591 1990 2647 mensium
2017 2603 2120 2643 no-

559 2692 798 2748 minibus
829 2689 1158 2752 conveniat,
1207 2695 1267 2742 ut
1301 2703 1330 2740 a
1362 2685 1620 2741 Romanis
1652 2694 1892 2752 tempora
1925 2695 2120 2736 nume-

561 2790 778 2846 rantur,
807 2780 944 2835 nihil
971 2783 1228 2833 enarrant
1277 2776 1426 2839 sani,
1475 2789 1652 2844 neque
1699 2780 1845 2827 certe
1879 2783 2120 2824 consona

561 2873 702 2928 inter
729 2887 788 2927 se
814 2875 1278 2935 commemorant;
1311 2867 1406 2924 sed
1433 2867 1521 2921 hic
1545 2865 1794 2920 Martium
1829 2861 2121 2919 Hecatom-

563 2965 803 3019 baeonem
833 2967 1011 3025 vocat,
1041 2961 1130 3015 ille
1153 2957 1358 3013 Julium
1383 2976 1397 3024 ;
1429 2957 1720 3026 itidemque
1750 2955 1802 3008 in
1826 2955 1951 3008 aliis
1979 2955 2122 3008 inter

2143 1606 2212 1620 ﬂ

621 1685 776 1759 153
809 1683 850 1742 1.
881 1683 1068 1756 Opera!
1089 1681 1310 1752 quidem
1347 1678 1578 1750 pretium
1617 1681 1722 1737 est,
1755 1679 1810 1729 et
1841 1671 2108 1728 mensium

2281 1668 2358 1720 A'.
2401 1661 2514 1730 Πρὸ
2549 1657 2710 1730 ἔργου

2758 1654 2856 1726 μὲν
2889 1649 2984 1704 καὶ
3020 1647 3082 1700 τὸ
3107 1645 3203 1709 τὰς
3246 1637 3538 1712 ὀνομασίας
3579 1635 3784 1689 εἰδέναι

2209 1760 2316 1814 τῶν
2345 1754 2548 1829 μηνῶν,
2579 1751 2674 1805 καὶ
2713 1747 2864 1813 τάξει
2907 1739 3140 1813 χρῆσθαι
3183 1735 3258 1799 ὡς
3293 1732 3564 1802 Ἀθηναῖοι
3601 1723 3737 1800 ἦγον
3763 1742 3780 1756 ·

2219 1854 2280 1906 ού
2313 1818 2490 1925 ράδίον
2525 1818 2583 1899 δὲ
2607 1841 2766 1896 τοῦτο
2798 1837 3002 1892 λαϐεῖν.
3030 1830 3150 1886 Τῶν
3175 1845 3236 1882 τε
3263 1826 3371 1898 γὰρ
3391 1823 3558 1925 Ῐρότε
3569 1836 3657 1925 ρον
3687 1818 3785 1925 καὶ

2211 1911 2325 1999 τῶᾴ
2347 1911 2466 1996 ὲαιν
2501 1939 2648 2010 ἡμᾶς
2687 1933 2750 2004 δὴ
2793 1925 3090 1997 ἐλλογίμων
3133 1923 3180 1976 οι
3213 1919 3323 2010 μὲν
3353 1915 3509 2010 osi-ee»
3538 1912 3666 2010 περὶ
3687 1911 3788 1964 τά-

2217 2034 2348 2100 ξεως
2373 2031 2467 2084 καὶ
2498 2003 2686 2100 ipsis;
2707 2003 2912 2091 ἐιρασαν
2935 2015 3138 2070 τούτων
3161 2029 3174 2042 ·
3203 2013 3252 2064 οἱ
3283 2009 3340 2062 δὲ
3363 2005 3514 2071 τάξιν
3539 2003 3635 2075 μέν
3661 2017 3784 2055 τινα

2216 2094 2615 2184 άποδέδώκασι,
2646 2117 2706 2172 τὸ
2729 2115 2926 2185 ἐφεξῆς
2967 2109 3202 2178 οἰόμενοι
3257 2103 3464 2171 λέγειν·
3515 2098 3704 2168 πόρρω
3728 2094 3786 2148 δὲ

2215 2213 2664 2283 ἀποπλανώμενοι
2691 2209 2783 2262 τοῦ
2809 2203 2967 2277 ὀρθοῦ
2993 2201 3302 2269 ἐλέγχονται
3331 2189 3598 2283 φανερῶςὶ
3617 2189 3683 2242 Ἐ
3700 2202 3792 2240 act

2217 2311 2260 2363 δ’
2299 2279 2690 2381 ἑρμηνεύοντες
2713 2341 2728 2366 ,
2759 2299 2906 2358 ὅστις
2939 2293 3037 2365 μὲν
3073 2281 3481 2381 Ἐκατομὸαιὼν
3523 2279 3630 2334 τῶν
3681 2295 3788 2381 μιν

2219 2367 2346 2466 νῶνξ
2370 2367 2530 2459 ’ὅστις
2555 2393 2610 2448 δὲ
2631 2387 2950 2451 Ποσειδεὼν,
2971 2380 3192 2438 καὶτῶν
3217 2375 3417 2432 λοιπῶν
3457 2373 3688 2432 ἕκαστος
3713 2367 3790 2431 ὡς

2220 2461 2549 2564 ἐφαρμόττοι
2593 2483 2726 2554 πρὸς
2769 2479 2838 2533 τὰ
2873 2477 3113 2546 ὀνόματα
3144 2470 3252 2524 τῶν
3288 2465 3505 2540 μηνῶν,
3539 2461 3794 2564 καθάπερ

2220 2555 2410 2658 sicut}:
2451 2583 2706 2654 Ῥωμαῖοι
2744 2579 2868 2640 τοὺς
2893 2573 3148 2647 χρόνους,
3175 2565 3328 2658 ούδὲν
3361 2565 3390 2616 ὃ
3427 2559 3602 2658 τεκαὶ
3638 2555 3796 2626 ὑγιὲς

2222 2649 2392 2733 είίπεῖν
2424 2649 2784 2734 ἀποδιδόασιν,
2813 2665 2933 2720 οὐδὲ
2962 2663 3026 2734 δὴ
3069 2657 3280 2728 συνῳδὰ
3307 2671 3370 2724 γε
3408 2649 3658 2722 ἀλλήλοις
3693 2665 3798 2717 φα-

2223 2771 2307 2824 σίν
2330 2787 2344 2800 ·
2371 2767 2483 2822 ἀλλ’
2511 2767 2539 2818 ὁ
2571 2763 2668 2835 μὲν
2693 2759 2937 2831 Μάρτιον
2971 2756 3118 2823 λέγει
3141 2749 3231 2804 τὸν
3267 2739 3734 2835 Ἑκατομϐαιῶνα,
3769 2739 3798 2790 6

2222 2861 2280 2916 δὲ
2314 2857 2528 2912 Ἰούλιον
2549 2828 2806 2924 (ὁμοίως.
2841 2847 2899 2900 δὲ
2925 2845 3061 2899 κάπεὶ
3096 2841 3202 2896 τῶν
3231 2835 3404 2893 ἄλλων
3437 2828 3798 2901 διαφωνοῦσιν

2224 2951 2491 3022 ἀλλήλοις,
2515 2917 2750 3018 ἅμα-καὶ
2771 2936 3231 3010 διαμαρτάνοντες
3259 2929 3480 2982 ἕκαστοι
3505 2917 3738 3022 τάληθού
3748 2935 3794 2981 ς.

562 3071 620 3110 se
653 3053 998 3120 discordant;
1029 3065 1328 3120 omnesque
1359 3049 1522 3103 simul
1561 3063 1590 3101 a
1622 3048 1850 3102 veritate
1873 3045 1992 3118 ipsa
2015 3045 2124 3102 dis-

2229 3011 2592 3114 Kai'ﬂlﬁOeJ-v
2613 3037 2656 3090 δ’
2689 3037 2772 3104 ἐφ’
2801 3031 2956 3104 ἡμῶν
2995 3029 3134 3098 ἀνὴρ
3171 3023 3278 3078 τῶν
3309 3015 3605 3118 ἐπιφανῶνῖ
3639 3011 3802 3120 χαλε-

562 3147 784 3202 cedunt.
847 3146 911 3199 Et
957 3161 1088 3200 vero
1140 3144 1366 3198 Plethon
1403 3143 1503 3197 hoc
1536 3142 1735 3198 sacculo
1767 3141 1852 3194 vir
1897 3139 2081 3196 clarus
2107 3179 2122 3204 ,

562 3255 849 3310 operosum
879 3245 1142 3309 reputans
1176 3235 1417 3290 invenire
1445 3248 1551 3304 qua
1589 3231 1800 3287 ratione
1827 3231 1898 3284 “hi
1933 3237 2124 3284 mutuo

564 3333 967 3403 respondeant,
1007 3330 1282 3400 inquirere
1313 3328 1556 3394 destitit;
1594 3326 1650 3380 in
1679 3324 2123 3380 commentariis-

562 3441 669 3492 que
699 3425 766 3478 de
810 3426 986 3494 legum
1032 3422 1396 3485 institutione,
1427 3435 1550 3474 cum
1578 3417 1646 3474 de
1676 3417 1886 3480 diebus,
1921 3415 2128 3472 mensi-

565 3513 688 3578 bus,
710 3522 764 3567 et
791 3529 932 3568 anno
959 3513 1270 3584 praecipiat;
1333 3526 1438 3582 qua
1497 3519 1674 3566 tamen
1719 3508 1931 3564 ratione
1959 3507 2128 3562 Athe-

497 3653 500 3657 .
565 3608 785 3665 nienses
823 3620 1038 3659 menses
1082 3619 1212 3658 suos
1243 3611 1504 3673 agerent,
1551 3617 1618 3656 ne
1649 3601 1872 3656 verbum
1906 3597 2128 3669 quidem

565 3700 716 3755 facit.
750 3697 990 3752 Tametsi
1025 3697 1079 3750 in
1111 3697 1325 3751 caeteris
1351 3695 1535 3758 rebus,
1565 3708 1685 3763 quae
1708 3693 1774 3747 ad
1797 3707 1982 3746 vocem
2007 3705 2131 3760 spe-

565 3797 740 3857 ctant,
772 3805 866 3846 eos
895 3789 1140 3843 aemulari
1171 3787 1380 3858 magnis
1413 3787 1553 3842 votis
1582 3787 1786 3856 expetit
1809 3823 1826 3850 ,
1871 3784 1926 3838 in
1953 3799 2128 3854 eoque

567 3881 780 3944 sedulo,
815 3889 868 3934 et
896 3881 1052 3950 quasi
1092 3879 1340 3934 aﬂ'ectate
1367 3892 1588 3948 operam
1625 3883 1789 3931 navat
1819 3896 1834 3931 :
1865 3875 1959 3932 sed
1985 3875 2132 3947 quod

569 3973 736 4028 faciat
767 3973 946 4042 quivis
978 3987 1008 4026 e
1041 3973 1202 4041 vulgo
1229 4009 1243 4034 ,
1283 3969 1603 4039 simpliciter
1641 3969 1730 4023 hic
1754 3984 1820 4024 ex
1852 3969 2133 4026 accidente

569 4063 836 4127 nominat,
865 4059 1099 4132 primum
1131 4059 1297 4124 hunc,
1333 4060 1484 4113 illum
1516 4059 1818 4114 secundum
1845 4077 1858 4127 ;
1903 4061 2132 4130 pariter-

569 4167 676 4223 que
709 4153 878 4218 alios,
929 4159 988 4206 ut
1017 4151 1284 4221 cujusque
1325 4153 1392 4204 ad
1427 4151 1659 4220 primum
1691 4151 1826 4204 ordo
1859 4165 1981 4206 sese
2031 4151 2132 4206 ba-

569 4245 701 4300 het:
737 4259 841 4298 non
875 4259 1034 4300 secus
1065 4259 1128 4298 ac
1169 4246 1217 4299 si
1243 4243 1366 4314 quis
1403 4255 1600 4297 manus
1639 4241 1840 4312 digitos
1879 4243 2133 4297 nomina-

570 4341 750 4399 turus,
803 4335 946 4389 lmnc
985 4333 1234 4404 pollicem
1269 4348 1376 4388 non
1415 4338 1601 4394 vocet,
1650 4331 1802 4386 illum
1855 4331 2090 4388 indicem
2115 4375 2130 4400 ,

573 4427 740 4479 alium
777 4426 1034 4489 medium,
1062 4431 1117 4480 et
1145 4425 1382 4496 reliquos
1431 4423 1680 4479 similiter
1714 4441 1726 4477 :
1763 4431 1816 4476 at
1854 4439 1966 4496 prae
2003 4439 2136 4479 cou-

573 4520 890 4574 stitutorum
919 4519 1148 4590 singulis
1177 4519 1455 4573 nominum
1481 4519 1728 4589 penuria,
1753 4518 2014 4588 primum,
2051 4533 2138 4574 se-

490 4599 502 4608 ’
571 4609 833 4674 eundum,
855 4619 908 4665 et
933 4612 1156 4666 tertium
1172 4610 1339 4666 dicat.
1365 4608 1553 4680 Neque
1585 4625 1714 4666 vero
1745 4610 1813 4665 iis
1839 4610 1932 4680 qui
1959 4611 2136 4665 multo

573 4712 702 4756 ante
749 4701 1083 4768 ﬂoruerunt,
1145 4704 1327 4758 minus
1385 4703 1600 4759 dilIicile
1675 4703 1846 4759 fuisse
1901 4703 2129 4758 vident:

573 4795 1010 4866 quandoquidem
1063 4797 1252 4851 Pollux
1291 4797 1496 4868 scripto
1537 4795 1615 4850 De
1654 4813 1829 4850 rerum
1863 4795 2132 4851 uocabulis

573 4888 716 4944 libro
739 4889 806 4942 ad
820 4887 1176 4942 Commodum
1205 4889 1496 4956 Caesarem,
1526 4891 1730 4944 mensis
1759 4889 1980 4960 quidem
2017 4889 2137 4945 dies

575 4990 636 5036 ut
683 4981 1004 5037 numerandi
1061 4989 1188 5037 sunt
1233 4981 1659 5051 nominandique
1701 4982 1872 5047 dicit;
1931 4981 2043 5037 {etsi
2084 4980 2137 5034 id

575 5090 685 5128 non
723 5075 856 5130 satis
901 5081 1048 5130 recte
1081 5091 1098 5141 ;
1143 5075 1292 5144 ipsos
1331 5090 1460 5130 vero
1508 5089 1728 5130 menses
1759 5075 1970 5130 Atticos
2001 5089 2140 5144 prae-

575 5167 844 5223 termittit.
879 5167 1042 5236 Atqui
1079 5183 1175 5236 par
1198 5178 1314 5222 erat
1346 5185 1467 5222 eum
1503 5169 1824 5237 praesertim,
1852 5168 1944 5238 qui
1975 5168 2140 5224 Com-

578 5255 796 5310 modum
827 5255 1016 5311 alienae
1051 5257 1246 5326 linguae
1274 5257 1449 5310 virum
1491 5258 1668 5312 Attice
1698 5259 1846 5329 loqui
1878 5259 2134 5322 doceret,

575 5356 923 5402 enumeratos
955 5363 1290 5416 nuncupare,
1325 5356 1377 5403 et
1409 5349 1476 5420 (si
1509 5349 1668 5403 modo
1712 5349 1897 5420 sciret)
1932 5349 1997 5402 ad
2025 5350 2138 5418 ple-

577 5439 1028 5508 numexplicarc.
1077 5439 1194 5493 Non
1249 5440 1406 5495 facile
1441 5443 1616 5511 igitur
1663 5442 1873 5496 Atticos
1919 5457 2136 5496 menses

577 5527 840 5585 Romanis
868 5529 1098 5586 reddere
1137 5533 1469 5592 nominibus,
1495 5534 2018 5604 convenientemque
2049 5547 2141 5588 or-

581 5621 762 5676 dinem
785 5623 871 5678 bis
904 5623 1336 5678 accommodare.
1367 5621 1505 5678 Huic
1535 5625 1894 5679 nihilominus
1919 5626 2143 5695 inquisi-

2225 3137 2324 3191 πδν
2352 3133 2652 3206 ἡγούμενος
2679 3127 2858 3198 εὑρεῖν
2889 3123 2950 3176 τὸ
2984 3119 3245 3184 ἀνάλογον
3277 3111 3486 3172 τούτοις
3509 3149 3521 3173 ,
3551 3105 3637 3160 εἴα
3673 3105 3800 3156 ἑπι-

2227 3195 2439 3300 ζητεῖν·
2471 3195 2574 3278 διὰν
2620 3195 2901 3288 τοϊς-περὶ
2943 3210 3262 3284 νομοθεσίας
3305 3205 3370 3276 δὴ
3417 3203 3626 3300 λύγοις,
3673 3195 3801 3300 περὶ

2226 3317 2448 3391 ἡμερῶν
2483 3315 2579 3369 καὶ
2625 3309 2832 3383 μηνῶν,
2867 3307 2957 3362 καὶ
2991 3300 3238 3358 ἐνιαυτοῦ
3272 3287 3802 3391 ὑφηγούμενοςζούκ

2226 3377 2481 3480 δύομάζει
2508 3405 2583 3468 ὼς
2626 3377 2861 3455 ζΑττικοὶ
2887 3393 3022 3468 ἦγον
3045 3393 3172 3456 τοὺς
3203 3389 3376 3480 μῆνας
3403 3377 3802 3480 ’(καίτοιτᾶλλα

2226 3501 2296 3556 τὰ
2321 3471 2458 3570 ’περὶ
2502 3497 2600 3566 τὴν
2641 3491 2822 3562 φωνὴν
2868 3484 3094 3539 ’ἕπεσθαι
3140 3471 3800 3570 προθυμούμενςιςᾳἈττιο

2229 3597 2365 3659 κοῖς,
2400 3563 2494 3646 διαὶ
2532 3563 2734 3658 σφόδρα
2763 3581 2892 3653 περὶ
2922 3577 3079 3632 τοῦτο
3119 3570 3478 3639 σπουδάζων),
3513 3563 3625 3618 ἀλλ’
3663 3563 3804 3632 ὅπερ

2232 3687 2297 3742 ἂν
2384 3680 2561 3754 τυχὼν
2579 3655 2750 3740 sinet,
2788 3670 2974 3734 ἁπλῶς
2997 3668 3166 3729 οὕτως
3190 3666 3254 3718 ὲκ
3276 3662 3368 3715 τοῦ
3399 3677 3460 3713 συ
3469 3655 3805 3730 μϐεεηκότος

2232 3777 2416 3840 καλεῖ,
2456 3774 2545 3828 τὸν
2583 3772 2679 3843 μὲν
2725 3767 2961 3838 πρῶτον,
2999 3761 3090 3816 τὸν
3135 3761 3192 3813 δὲ
3228 3757 3511 3826 δεύτερον,
3549 3751 3645 3804 καὶ
3676 3747 3804 3810 τοὺς

2231 3870 2421 3932 ἄλλους
2456 3863 2685 3938 ὁμοίως,
2723 3861 2798 3924 ὡς
2851 3859 3082 3919 ἕκαστος
3127 3853 3239 3923 ἔχει
3283 3849 3488 3914 τάξεως
3531 3844 3666 3915 πρὸς
3711 3842 3805 3895 τὸν

2232 3963 2448 4037 πρῶτον
2471 3937 2501 3989 ’ί
2519 3956 2770 4026 καθάπερ
2798 3954 2848 4005 εῐ
2877 3969 2980 4014 τις,
3014 3949 3137 4011 τοὺς
3167 3947 3264 4015 τῆς
3301 3941 3481 4014 χειρὸς
3507 3937 3806 4000 δακτύλους

2232 4029 2492 4129 ὀνομάσαι
2523 4051 2740 4116 ἐθέλων,
2769 4047 2828 4101 ού
2874 4045 2964 4098 τιν
3015 4043 3112 4113 μὲν
3149 4039 3302 4094 καλεί
3351 4036 3543 4108 μέγαν,
3582 4032 3616 4103 ἢ
3650 4029 3805 4129 ἀντ-ί-

2233 4122 2411 4223 χειρα,
2437 4147 2525 4202 τὸν
2541 4145 2597 4199 δὲ
2621 4141 2856 4213 λιχανὸν,
2885 4139 2975 4191 τὸν
3004 4136 3059 4188 δὲ
3096 4134 3278 4206 μέσον,
3315 4127 3556 4190 καὶτοὺς
3583 4122 3806 4186 λοιποὺς

2233 4243 2525 4306 ὡσαύτως
2574 4237 2688 4293 ἀλλ’
2720 4237 2810 4290 ὑπ’
2845 4231 3076 4302 ἀπορίας
3111 4227 3217 4282 τῶν
3247 4225 3494 4285 ἑκάστοις
3538 4217 3808 4289 κειμένων

2236 4354 2301 4408 γε
2327 4335 2602 4406 ὀνομάτων
2637 4327 2869 4400 πρῶτον,
2896 4325 2988 4377 καὶ
3011 4319 3284 4390 δεύτερον,
3319 4315 3414 4368 καὶ¹
3439 4309 3619 4385 τρίτον
3644 4325 3810 4379 προσ-

2238 4401 2510 4500 αγορεύει.
2540 4423 2722 4477 Ἕοικε
2769 4419 2826 4472 δὲ
2861 4417 2993 4488 μηδὲ.
3039 4415 3150 4475 τοῖς
3203 4409 3335 4464 πολὺ
3383 4405 3586 4478 πρόσθε
3629 4401 3808 4500 ῥᾴδιον

2237 4493 2375 4576 εἶναι
2401 4538 2415 4550 ·
2451 4521 2530 4573 ὅτι
2553 4517 2618 4588 δὴ
2642 4514 2736 4569 καὶ
2767 4508 3128 4578 Πολυδεύκης,
3155 4505 3225 4558 τά
3251 4495 3642 4571 Ὀνομαστικὰ
3661 4493 3804 4588 Kal:

2241 4629 2366 4686 σαρι
2393 4583 2666 4680 Κομμόδῳ
2713 4598 3133 4673 συγγεγραφὼς,
3165 4597 3263 4659 τὰς
3315 4593 3414 4664 μὲν
3455 4589 3681 4686 ἡμέρας.
3711 4583 3806 4638 τοῦ

2242 4705 2406 4778 μηνὸς
2435 4704 2582 4764 ὅπως
2620 4696 2952 4770 ἀριθμητὲον
2996 4709 3056 4745 τε
3107 4691 3202 4744 καὶ
3243 4683 3572 4756 ὀνομαστέον
3627 4678 3808 4744 λέγει,

2239 4801 2288 4852 ει
2333 4797 2428 4851 καὶ
2461 4795 2536 4867 μὴ
2579 4791 2782 4856 καλῶς,
2815 4789 2944 4851 τοὺς
2983 4789 3156 4858 μῆνας
3186 4783 3229 4836 δ’
3257 4781 3453 4840 αὐτοὺς
3489 4769 3810 4844 παρασιτῶν

2240 4865 2544 4946 ἀπολείτιει.
2575 4885 2726 4957 Χρῆν
2758 4883 2816 4937 δὲ
2857 4877 3264 4952 καταριθμῆσαι
3295 4873 3389 4926 καὶ
3428 4868 3646 4930 τούτους
3689 4865 3810 4915 ὀνο-

2243 4984 2482 5056 μάζοντα
2519 4981 2612 5034 καὶ
2634 4973 3020 5046 διασαφοῦντα,
3047 4973 3206 5040 εἴπερ
3235 4967 3348 5039 ᾔδει
3369 4983 3381 4995 ·
3427 4961 3600 5022 ἄλλως
3630 4974 3688 5010 τε
3717 4957 3812 5008 καὶ

2239 5048 2524 5148 ίίόμμοδον
2565 5075 2671 5127 τῶν
2722 5067 3130 5142 ὲτερογλώττων
3161 5062 3282 5116 τινὰ
3325 5048 3814 5148 Ἀττικίζεινδιδά-

2241 5185 2438 5224 σκοντα
2469 5167 2566 5238 τὴν
2593 5166 2796 5236 φωνήν.
2827 5163 2982 5216 Ἔστι
3025 5159 3122 5230 μὲν
3153 5151 3244 5208 οὖν
3271 5153 3331 5206 ού
3366 5149 3547 5222 ῥᾴδιον
3585 5141 3812 5200 ἀποδοῦ-

2242 5280 2327 5316 ναι
2359 5265 2470 5325 τοῖς
2507 5259 2788 5328 Ῥωμαίων
2822 5256 3048 5326 ὀνόμασι
3090 5249 3160 5303 τά
3190 5247 3298 5302 τῶν
3343 5241 3642 5312 Ἀθηναίων
3681 5235 3814 5306 περὶ

2241 5356 2365 5418 τοὺς
2399 5353 2593 5424 μῆνας,
2621 5351 2716 5404 καὶ
2757 5349 2856 5420 τὴν
2892 5345 3270 5416 προσήκουσαν
3316 5335 3466 5402 τάξιν
3505 5333 3706 5403 εὑρεῖν.
3737 5327 3812 5381 Ού

2245 5446 2349 5516 μὴν
2378 5423 2512 5498 ἀλλὰ
2541 5444 2801 5514 ζητητέον
2843 5441 2936 5492 καὶ
2973 5437 3083 5490 τῶν
3112 5435 3204 5486 ἐπὶ
3247 5427 3651 5516 πραγματείαις
3699 5423 3809 5516 δια-

2243 5511 2428 5606 φέροις
2469 5511 2953 5603 μνημονευσάντων
2986 5525 3151 5596 μηνός
3191 5537 3283 5574 του
3313 5519 3379 5572 τά
3407 5515 3674 5606 λεγόμενα
3701 5511 3796 5560 ἐπι

2246 5626 2502 5680 σκεπτέον
2522 5643 2534 5654 ·
2565 5625 2658 5677 καὶ
2687 5625 2750 5675 ἐκ
2781 5619 3038 5674 πλειόνων
3062 5613 3434 5682 συλλογιστέον
3461 5605 3814 5678 διορίζοντας,

579 5709 714 5762 tioni
743 5725 902 5780 opera
933 5711 1108 5765 danda
1131 5720 1233 5775 est,
1250 5720 1302 5767 et
1337 5727 1525 5767 eorum
1542 5715 1636 5784 qui
1663 5713 1894 5769 diversis
1912 5694 2127 5769 i'nrebu:

2247 5720 2334 5788 ἐφ’
2367 5721 2486 5772 ὅσον
2529 5713 2937 5788 διακριϐοῦσθαι
2975 5713 3068 5766 καὶ
3115 5710 3242 5780 περὶ
3294 5705 3402 5759 τῶν
3449 5697 3705 5754 τοιούτων
3752 5694 3816 5747 ἂι

581 5800 784 5854 mensis
812 5801 1112 5870 cuiuspiam
1141 5805 1532 5870 meminerunt,
1564 5805 1706 5861 dicta
1739 5807 2126 5877 inspectanda;

2237 5807 2352 5877 εἴη·
2383 5809 2530 5871 ὅπως
2561 5809 2626 5862 ἂν
2671 5807 3000 5875 Ἑλληνικοῖς
3046 5804 3273 5875 ὀνόμασι
3307 5799 3421 5854 τῶν
3459 5793 3644 5868 μηνῶν
3691 5790 3806 5846 εγω
