4106 6418
338 397 476 460 ιιῡν

1298 389 1643 449 THEODOBI
1681 386 1887 443 GAZE
1916 385 2118 442 LIBER
2157 385 2243 440 DE
2277 384 2637 441 MENSlBUS.

3444 384 3581 434 H70

341 538 440 594 μεν
493 519 772 592 χρῆσθαι,
822 518 1149 592 Ἑλληνικῶς
1208 511 1506 588 φράζοντες
1536 552 1551 576 ,
1600 509 1737 564 ἀλλὰ
1797 509 1907 579 μὴ,

2039 522 2126 562 um
2150 521 2215 563 ex
2253 506 2504 577 pluribus
2540 503 2801 559 distincta
2843 499 3203 570 explicatione
3251 499 3583 553 ratiocinan-

337 614 518 668 ὀθνεῖα
553 610 1016 683 παραμιγνύντες,
1048 607 1344 676 ξενίζωμεν
1367 602 1497 675 περὶ
1530 600 1627 671 τὴν
1654 598 1911 669 πατρῷαν

341 704 547 776 φωνὴν,
577 704 670 758 καὶ
698 703 902 776 εκμελῆ
934 703 1025 756 τὸν
1057 700 1212 767 λόγον
1239 695 1501 766 ποιῶμεν.
1527 690 1820 759 Φιλοσόφου
1857 688 1915 742 δὲ

341 797 437 853 καὶ
476 797 539 851 τὸ
584 797 713 869 περὶ⁸
759 796 949 850 τούτου
989 790 1283 861 ἐσκέφθαι*
1319 787 1420 858 τῆς
1455 783 1625 853 αὐτῆς
1663 781 1772 852 γὰρ
1802 781 1920 833 ὲπι-

344 890 556 960 στήμης
596 889 743 942 ἐστὶν
766 887 951 959 ὀρθῶς,
971 903 1032 939 τε
1060 887 1172 948 τοῖς
1217 879 1489 951 κειμένοις
1530 873 1763 947 χρῆσθαι
1795 871 1915 925 ὀνό-

344 996 498 1052 μασι,
534 981 628 1034 καὶ
670 981 834 1052 μηδὲν
861 977 1140 1039 ἀλλοεθνὲς
1173 969 1524 1036 ἐπιπολάζειν
1555 969 1665 1029 τοῖς
1697 962 1915 1026 οἰκείοις

343 1075 437 1145 δᾷν
458 1091 471 1105 ⁹
504 1073 689 1145 ὥσπερ
719 1072 911 1144 ἀμέλει
938 1070 1033 1125 καὶ
1069 1068 1137 1122 τά
1173 1066 1271 1138 μὲν
1309 1064 1385 1135 μὴ
1411 1060 1722 1132 ὑπάρχοντα
1758 1070 1916 1125 νομοο

344 1170 516 1222 θετεῖν
538 1210 553 1233 ,
580 1167 649 1222 τὰ
690 1168 747 1221 δὲ
798 1164 1086 1238 μοχθηρῶς
1132 1157 1495 1231 ὠνομασμένοι
1544 1154 1659 1215 τοῖς
1700 1147 1916 1238 πολλοῖς

341 1259 697 1332 διορθοῦσθαι.
733 1237 887 1313 Οὕτω
928 1258 1037 1328 γὰρ
1077 1255 1143 1310 ἂν
1184 1253 1388 1321 ἑκάστη
1431 1246 1539 1302 τῶν
1573 1237 1914 1311 ἐπιστημῶν,

345 1352 551 1424 βέλτιον
576 1352 636 1405 τὸ
660 1352 830 1421 αὐτῆς
864 1349 1021 1422 ἔργον
1059 1343 1418 1407 ἀποτελοῦσα,
1451 1335 1810 1409 συμϐάλλοιτο
1836 1332 1917 1424 είς

342 1420 440 1518 τὴν
481 1444 760 1515 πολιτικὴν
791 1420 1090 1497 κοινωνίαν
1112 1458 1127 1471 ο
1188 1437 1419 1511 μάλιστα
1463 1431 1517 1485 δὲ
1541 1430 1598 1484 αἱ
1634 1424 1764 1496 περὶ
1791 1420 1916 1484 τοὺς

344 1539 556 1607 λόγους.

2014 597 2166 661 dum,
2206 609 2482 668 quatenus
2516 595 2634 651 ﬁeri
2684 594 2885 666 poterit
2936 591 3006 648 de
3043 592 3244 647 talibus
3278 596 3470 648 exacta
3500 592 3585 644 in-

2015 694 2323 764 vestigatio,
2354 698 2417 746 ut
2437 690 2623 755 Grece
2666 689 2911 745 dicentes
2941 684 3146 741 Graecis
3180 685 3449 741 mensium
3484 700 3585 739 no-

2015 785 2253 841 minibus
2282 792 2538 851 utamur;
2570 790 2624 838 et
2650 798 2719 837 ne
2741 788 2967 836 externa
2989 777 3403 849 permiscentes,
3424 783 3588 846 atque

2015 877 2380 939 inculcantes,
2409 876 2465 930 in
2493 881 2747 931 nostrate
2770 874 2954 945 lingua
2983 872 3139 944 quasi
3168 870 3412 941 ImSpites
3435 883 3589 939 pere-

2019 970 2235 1040 grinum
2270 967 2531 1039 quiddam
2589 981 2870 1030 sonemus,
2901 972 2955 1020 et
3009 964 3253 1034 ineptum
3304 963 3589 1019 inconcinc

2020 1074 2260 1129 numque
2288 1074 2600 1115 sermonem
2630 1057 2912 1114 iaciamus.
2954 1054 3126 1111 Porro
3157 1054 3461 1125 philosophi
3500 1058 3588 1109 est

2019 1150 2184 1205 etiam
2216 1150 2529 1219 hujusmodi
2575 1150 3009 1205 commentatio:
3060 1162 3184 1220 cum
3230 1146 3447 1217 quidem
3493 1158 3592 1215 pe.

2020 1236 2160 1292 ritia:
2191 1238 2262 1293 sit
2289 1237 2394 1294 rite
2422 1236 2698 1308 impositis
2725 1238 3042 1293 nominibus
3065 1238 3163 1303 uti,
3185 1243 3240 1292 et
3271 1236 3404 1291 nihil
3439 1250 3593 1306 pere-

2021 1329 2239 1400 grinum
2266 1330 2376 1399 pati
2415 1331 2470 1384 in
2508 1331 2749 1402 propriis
2768 1330 3188 1400 vernaculisque
3215 1327 3586 1399 superﬂuere:

2021 1418 2479 1488 quemadmodum
2525 1428 2674 1477 certe
2697 1461 2714 1484 ,
2768 1423 2986 1477 nomina
3017 1423 3062 1479 si
3092 1422 3320 1486 desunt,
3368 1428 3422 1477 et
3449 1435 3589 1475 nova

2021 1508 2259 1567 formare
2274 1521 2327 1567 et
2350 1528 2635 1584 perperam
2667 1529 2697 1568 a
2719 1515 2948 1572 rudibus
2979 1514 3149 1570 indita
3172 1516 3464 1584 corrigere.
3497 1512 3592 1569 Sic

346 1606 490 1687 enim
528 1645 867 1701 unaquaque
905 1627 1192 1698 disciplina
1262 1623 1455 1679 melius
1519 1613 1805 1686 magisque
1870 1618 1972 1663 suo
2027 1619 2255 1662 munere
2307 1606 2537 1681 fungens
2596 1611 2866 1668 universa:
2922 1610 3237 1683 reipublicae
3283 1609 3588 1677 conducat;

344 1726 614 1795 imprimis
642 1734 821 1780 autem
851 1739 928 1780 eae
956 1731 1104 1778 artes
1131 1735 1253 1792 qua:
1296 1716 1607 1774 consistunt
1653 1710 1709 1763 in
1760 1703 1893 1760 recti
1928 1701 2200 1757 sermonis
2224 1704 2454 1760 ratione.

850 1862 1054 1932 Μῆνες
1092 1857 1430 1929 Ἀθηναίων.

418 1976 496 2037 Β¹,
525 1977 745 2032 Δώδεκα
776 1977 875 2049 μὲν
909 1973 1205 2034 τοίνυνατὸν
1244 1967 1477 2043 ἀριθμὸν
1507 1962 1647 2021 εἶναι
1683 1962 1920 2033 ὀνόματα

347 2070 532 2144 μηνῶν
552 2069 746 2137 ταῦτα,
768 2070 844 2135 ὡς
877 2068 1143 2139 Ἀθηναῖοι
1165 2061 1325 2138 ἦγον,
1350 2060 1554 2124 πάντες
1577 2052 1920 2128 όμολογοῦσιο

693 2242 1062 2314 Μουνυχιωνα,

693 2313 1075 2385 Θαργηλιῶνα,

700 2383 1135 2455 Σκίροέρορτῶναι

709 2453 1176 2525 Ἐκατομϐαιῴνα,

695 2524 1157 2593 Μεταγειτνιῶνα,

696 2592 1101 2666 Βοηδρομιῶνα,

696 2665 810 2736 Μαι
819 2665 999 2736 μακτη
1009 2665 1199 2736 ριῶνα,

697 2733 1073 2805 Πυανεψιῶνα.

710 2804 1163 2877 ᾎνθεστηριῶνα,

701 2874 1057 2940 Ποσειδεῶνα,

704 2944 1053 3016 ιῖεμηλιῶνας

713 3014 1169 3087 Ἐλαφηδολιῶνα.

424 3108 559 3180 Περὶ
583 3107 640 3161 δὲ
666 3107 870 3173 τάξεως
896 3110 990 3162 καὶ
1027 3108 1119 3162 τοῦ
1162 3106 1360 3180 ἐφεξῆς
1394 3111 1428 3178 ή
1463 3106 1695 3179 διαφορά
1731 3121 1791 3160 τε
1832 3106 1926 3160 καὶ

2380 1841 2539 1916 154
2578 1842 2782 1900 Menses
2823 1844 3237 1901 Atheniensium.

2098 1948 2163 2005 ll.
2203 1950 2339 2010 Esse
2363 1953 2531 2025 igitur
2556 1955 2670 2012 haec
2707 1956 3009 2013 Atticorum
3042 1959 3314 2013 mensium
3341 1957 3592 2023 nomina,

2027 2039 2317 2101 duodecim
2361 2062 2612 2114 numero,
2636 2049 2891 2106 omnibus
2924 2050 2980 2105 in
3022 2048 3277 2107 confesso
3312 2056 3416 2106 est.
3455 2047 3596 2107 Sunt

2028 2143 2209 2192 autem
2240 2137 2355 2195 haec
2384 2157 2398 2193 :

2383 2228 2713 2303 gunychion
2736 2270 2754 2297 ,

2383 2298 2712 2373 Thargelion
2739 2341 2755 2366 ,

2382 2367 2770 2442 §cirophorion

2380 2438 2794 2498 Hecatombmon
2823 2482 2839 2509 ,

2383 2509 2736 2584 gletagitnion
2759 2554 2774 2578 ,

2377 2579 2523 2638 Boed
2531 2579 2742 2638 romion
2758 2626 2773 2649 ,

2382 2651 2783 2708 Maemacteriou
2810 2694 2826 2719 ,

2378 2719 2721 2794 Pyanepsion
2739 2765 2753 2786 ,

2379 2793 2768 2850 AntheSterion
2794 2834 2810 2861 ,

2380 2860 2652 2933 Posideon
2669 2906 2685 2933 ,

2383 2932 2677 2990 Gamelion,
2690 2973 2707 2996 ,

2392 3002 2805 3076 Elaphebolion.

2100 3092 2370 3152 Caeterum
2421 3099 2547 3170 quis
2578 3098 2733 3167 ordo,
2759 3105 2814 3154 et
2840 3113 2962 3169 quae
3001 3113 3192 3165 series,
3224 3105 3386 3171 atque
3436 3098 3600 3155 etiam

352 3200 761 3273 ἀμφισϐήτησίς
805 3203 920 3255 ἐστι
940 3217 954 3232 ν
991 3202 1127 3275 πρὸς
1156 3202 1213 3256 δὲ
1245 3204 1339 3257 καὶ
1372 3202 1497 3274 περὶ
1524 3200 1638 3264 τοῦ,
1673 3199 1788 3262 πῶς
1831 3200 1929 3268 δεῖ,

2033 3189 2342 3260 quomodo,
2390 3198 2444 3247 et
2486 3191 2686 3264 quibus
2738 3191 2939 3247 verbis
2975 3191 3030 3245 in
3064 3188 3312 3246 Latinam
3355 3190 3600 3261 linguam

360 3293 763 3364 μεταφέροντας
814 3296 894 3357 εἰς
946 3293 1044 3365 τὴν
1085 3293 1327 3348 Λατίνων
1375 3293 1586 3364 φωνὴν,
1620 3292 1928 3365 ὀνομάζειν.

358 3382 581 3454 Πρῶτον
625 3382 689 3455 δὴ
735 3385 863 3454 περὶ
903 3384 1108 3451 τάξεως
1153 3386 1248 3439 καὶ
1288 3384 1382 3438 τοῦ
1438 3384 1635 3458 ἐφεξῆς
1682 3385 1887 3438 τούτων
1913 3401 1928 3416 ο

359 3474 550 3529 ἔπειτα
592 3476 719 3544 περὶ
748 3476 1042 3547 ἑρμηνείας
1067 3475 1385 3549 θεωρητέον.
1416 3481 1572 3531 Δοκεῖ
1600 3477 1710 3550 γὰρ
1745 3478 1933 3552 ὥσπερ

359 3570 620 3637 στοιχεῖον
673 3569 965 3641 ἑρμηνείας
1007 3565 1141 3623 οὖσα
1189 3568 1395 3624 τούτων
1431 3571 1465 3642 ἡ
1509 3569 1698 3635 τάξις·
1727 3571 1821 3624 καὶ
1864 3571 1936 3625 τὰ

360 3661 533 3715 πολλὰ
565 3661 695 3726 ῐσως
733 3662 841 3716 τῶν
865 3662 1001 3734 πρὸς
1033 3663 1134 3732 τὴν
1167 3663 1464 3735 ἑρμηνείαν
1505 3664 1788 3719 τεινόντων
1826 3664 1935 3718 δέοι

357 3752 449 3819 ἄν,
481 3752 857 3825 λαμϐάνοντας
881 3756 946 3808 ὲκ
967 3754 1075 3808 τῶν
1096 3755 1195 3825 τῆς
1230 3755 1533 3821 συντάξεως
1560 3755 1794 3820 οἰκείων,
1823 3755 1934 3809 δει-

357 3846 561 3902 κνύειν.
598 3847 751 3902 Μετὰ
791 3848 848 3901 δὲ
884 3847 1057 3902 ταῦτα
1103 3848 1231 3921 περὶ
1260 3849 1449 3920 χρείας
1486 3848 1678 3921 ῥητέον
1703 3865 1718 3880 ο
1744 3847 1935 3902 τούτου

360 3938 471 4012 γὰρ
506 3939 669 3994 ἕνεκα
695 3940 790 3994 καὶ
820 3940 921 4013 τὴν
952 3940 1104 4005 τάξιν
1136 3941 1333 3995 εἰδέναι
1378 3941 1612 4012 μάλιστα
1647 3940 1939 4013 προαιρού-

365 4028 525 4101 μεθα.
557 4031 667 4084 Καὶ
703 4030 837 4103 πρὸς
878 4030 1120 4095 τούτοις,
1147 4030 1203 4084 εἴ
1235 4049 1285 4085 τι
1325 4031 1453 4086 ἄλλο
1489 4050 1607 4096 πως
1640 4034 1839 4086 οίκεῖον
1867 4032 1934 4102 τῇ

366 4118 554 4189 σκέψει
604 4119 732 4190 τῇδέ
759 4121 896 4185 ἐστι,
935 4120 1329 4192 προσληπτέον,
1364 4120 1538 4193 βραχύ
1573 4138 1627 4175 τι
1669 4137 1939 4193 συμπερι-

362 4211 765 4283 λαμϐάνοντας,
792 4213 880 4266 ἵνα
919 4212 994 4284 μὴ
1024 4212 1116 4265 τοῦ
1154 4212 1317 4285 ἔργου
1354 4212 1540 4284 μεῖζον
1566 4213 1629 4268 τὸ
1663 4214 1938 4287 πάρεργον

364 4301 602 4374 γίνηται.

752 4420 889 4487 Περὶ
922 4417 1146 4485 τάξεως
1178 4416 1297 4473 τῶν
1318 4418 1547 4489 μηνῶν.

2031 3281 2424 3341 transferentes
2453 3285 2725 3357 appellare
2755 3292 3041 3356 oporteat,
3090 3285 3179 3340 hic
3215 3284 3507 3342 discrimen
3530 3295 3603 3342 ει

2031 3378 2426 3434 controversia.
2458 3376 2704 3433 Primum
2750 3378 2916 3450 igitur
2959 3378 3027 3433 de
3066 3377 3259 3434 ordine
3306 3387 3361 3434 et
3415 3378 3598 3447 serie;

2032 3478 2156 3542 post
2185 3471 2253 3527 de
2302 3471 2750 3543 interpretatione
2802 3470 3280 3529 considerandum.
3330 3469 3602 3534 Nimirum

2033 3563 2169 3618 ordo
2224 3563 2342 3635 ipse
2397 3565 2548 3621 velut
2599 3565 3067 3636 interpretationis
3118 3565 3446 3620 elementum
3476 3568 3601 3632 est,

2034 3669 2157 3710 cum
2187 3664 2240 3710 et
2264 3656 2434 3710 multa
2464 3654 2602 3711 forte
2631 3671 2818 3712 eorum
2853 3672 2975 3728 quae
3003 3656 3071 3710 ad
3098 3656 3604 3726 interpretationem

2035 3746 2296 3814 tendunt,
2340 3764 2406 3804 ex
2447 3749 2874 3806 constructionis
2912 3749 3230 3820 ordinisque
3279 3748 3605 3820 proprietate

2034 3838 2340 3894 elicientem
2383 3848 2631 3911 oporteat
2673 3841 2982 3898 ostendere.
3028 3841 3149 3896 Mox
3180 3841 3248 3896 de
3282 3856 3384 3897 usu
3416 3839 3609 3895 dicen-

2036 3935 2164 3991 dum
2198 3955 2211 3991 :
2247 3935 2407 4006 cuius
2453 3938 2626 4009 gratia
2668 3938 2914 3994 ordinem
2949 3938 3089 3994 scire
3118 3935 3385 4009 imprimis
3415 3934 3609 3991 statui-

2036 4044 2179 4085 mus.
2208 4028 2288 4083 Ad
2307 4029 2443 4096 haec,
2462 4031 2506 4087 si
2530 4031 2658 4102 quid
2689 4031 2834 4086 aliud
2865 4030 2990 4086 huic
3007 4028 3454 4086 commentationi
3479 4044 3611 4098 pro-

2038 4121 2409 4192 prium,nobis
2430 4125 2817 4180 assumendum
2841 4131 2946 4188 est,
2971 4124 3432 4195 compendiariam
3460 4123 3618 4178 viam‘

2039 4214 2499 4286 amplexantibus,
2529 4225 2590 4272 ut
2611 4233 2679 4274 ne
2707 4217 2888 4294 operis
2908 4216 3291 4273 diverticulum
3320 4213 3414 4270 llat
3440 4227 3607 4286 opere

2038 4305 2289 4363 instituto
2322 4308 2521 4379 majus.

2520 4423 2599 4479 De
2640 4421 2822 4478 ordine
2850 4411 3129 4478 mensium.

432 4530 509 4586 I".
547 4528 801 4600 Εἰλήφθω
839 4531 1128 4604 τοιγαροῦν
1158 4532 1265 4604 μὴν
1311 4534 1340 4587 ό
1375 4532 1554 4605 τυχὼν
1597 4534 1813 4606 πρῶτος
1860 4533 1929 4606 τῷ

2110 4528 2197 4587 III.
2261 4529 2520 4587 Sumatur
2574 4532 2758 4603 itaque
2806 4532 3016 4602 primus
3073 4532 3307 4606 quisque
3380 4533 3609 4600 mensis,

363 4623 508 4696 λόγῳ
531 4641 547 4655 ·
581 4622 720 4676 ἔστω
766 4621 844 4688 δὲ,
873 4625 922 4677 εἰ
961 4624 1137 4691 δοκεῖ,
1179 4624 1477 4680 Ποσειδεὼν
1500 4643 1515 4657 ·
1558 4625 1698 4698 μετὰ
1743 4627 1935 4681 Ποσει-

362 4717 538 4773 δεῶνα
563 4716 627 4787 δὴ
656 4713 817 4779 εὐθὺς
845 4715 1153 4787 Γαμηλιών.
1180 4719 1472 4792 Μάρτυρες
1499 4720 1556 4774 δὲ
1578 4719 1768 4775 τούτου
1794 4720 1938 4792 Ἀρι-

368 4808 621 4879 στοτέλης
644 4824 704 4861 τε
726 4809 820 4862 καὶ
838 4807 1196 4880 Θεόφραστος,
1221 4809 1411 4882 ἄνδρες
1435 4812 1671 4877 παλαιᾶς
1695 4813 1933 4884 μνήμης,

365 4900 459 4956 καὶ
482 4899 759 4972 ἐμπείρως
786 4899 1000 4970 ἔχοντες
1025 4900 1125 4971 τῆς
1169 4900 1464 4973 Ἀθηναίων
1490 4904 1696 4975 φωνῆς.
1718 4908 1810 4958 Δεῖ
1829 4904 1937 4977 γὰρ

370 4992 443 5063 μὴ
470 4993 759 5064 ἀμάρτυρα
786 4990 1036 5061 φάσκειν,
1073 4991 1149 5057 ὡς
1176 4993 1225 5046 οἳ
1260 4994 1460 5065 προτοῦ
1497 4995 1672 5060 θέσεις
1706 4995 1839 5068 πρὸς
1860 4995 1937 5069 τῷ

362 5083 547 5154 ψευδεί
579 5083 674 5136 καὶ
713 5082 1039 5145 ἀδεσπότους
1080 5082 1452 5138 ἀποδεδώκασι
1473 5127 1488 5151 ,
1519 5086 1765 5156 λέγοντες
1808 5088 1936 5159 περὶ

364 5176 569 5233 τούτων
596 5192 610 5206 ο
656 5173 768 5228 ἀλλ’
812 5176 897 5245 ἐφ’
954 5174 1204 5240 ἑκάστοις
1278 5177 1560 5250 μάρτυρας
1605 5179 1935 5252 παρέχεσθαι

365 5270 567 5342 ἄνδρας
591 5268 957 5337 ἀξιοπίστους,
988 5269 1177 5341 ὥσπερ
1205 5271 1262 5324 ἐν
1299 5269 1651 5343 δικαστηρίῳ.
1682 5273 1799 5327 Πᾶν
1828 5272 1937 5346 γάρ

365 5364 429 5419 τὸ
466 5364 523 5418 ὲν
551 5364 759 5428 τούτοις
792 5363 984 5417 πιστὸν
1026 5364 1128 5417 οὐκ
1169 5365 1233 5419 ὲκ
1268 5364 1585 5436 τεκμηρίων
1628 5366 1723 5420 καὶ
1763 5367 1936 5436 λόγων

366 5458 640 5519 τοιούτων,
679 5457 791 5510 ἀλλ’
820 5456 880 5522 ἐξ
913 5449 988 5509 ὧν
1027 5473 1170 5520 τινες
1199 5456 1308 5512 τῶν
1340 5455 1565 5522 ἐνδόξων
1602 5456 1755 5512 εἶπόν
1795 5460 1934 5515 ἐστι.

367 5548 585 5605 Τούτων
606 5551 671 5621 δὴ
687 5552 715 5604 ὁ
740 5550 837 5621 μὲν
860 5551 918 5602 ὲν
941 5551 1003 5620 τῇ
1027 5551 1154 5619 περί
1176 5549 1244 5603 τά
1265 5548 1379 5614 ζῶα
1402 5551 1611 5622 ἱστορίᾳ
1631 5544 1734 5605 ὦδε
1755 5551 1901 5622 λέγει
1918 5570 1933 5584 ·

375 5662 394 5694 ι
433 5644 499 5698 Ἦ
541 5643 597 5697 δὲ
643 5643 825 5706 θυννὶς
870 5642 1017 5710 ἅπαξ
1062 5643 1234 5696 τίκτει
1263 5661 1277 5674 θ
1322 5642 1459 5697 ἀλλὰ
1498 5644 1587 5698 διὰ
1623 5645 1684 5698 τὸ
1723 5645 1792 5699 τὰ
1840 5647 1940 5717 μὲν

370 5733 569 5806 πρώῖα,
590 5733 660 5788 τὰ
687 5734 744 5788 δὲ
773 5733 900 5805 δψια
930 5732 1233 5805 προΐεσθαι,
1265 5735 1346 5799 δὶς
1367 5736 1515 5789 δοκεῖ
1542 5736 1766 5791 τίκτειν.
1785 5738 1938 5792 Ἔστι

369 5823 427 5878 δὲ
458 5827 486 5878 ό
513 5825 613 5896 μὲν
635 5825 847 5897 πρῶτος
872 5824 1029 5890 τόκος
1061 5826 1188 5896 περὶ
1218 5825 1307 5881 τὸν
1337 5826 1671 5883 Ποσειδεῶνα
1702 5827 1807 5899 πρὸ
1833 5827 1939 5883 τῶν

2042 4636 2164 4679 sese
2186 4629 2245 4677 ut
2274 4624 2506 4680 dicendo
2535 4623 2827 4690 obtulerit;
2873 4624 3085 4694 sitque,
3139 4623 3184 4680 si
3225 4625 3421 4694 placet,
3455 4623 3612 4703 Posi-

2041 4712 2217 4779 deon;
2278 4722 2402 4784 post
2454 4714 2599 4770 hunc
2641 4714 2903 4770 continuo
2951 4713 3252 4770 Gamelion.
3307 4715 3478 4785 Cujus
3532 4715 3612 4771 rei

2042 4811 2213 4860 testes
2243 4806 2564 4862 Aristoteles
2584 4814 2639 4861 et
2660 4805 3087 4876 Theophrastus,
3119 4807 3315 4878 priscae
3334 4808 3613 4864 memoria:

2044 4897 2167 4963 viri,
2185 4905 2352 4969 atque
2375 4896 2566 4955 Atticae
2589 4898 2785 4970 lingum
2807 4899 2988 4969 periti.
3018 4898 3207 4970 Neque
3227 4899 3372 4954 enim
3397 4899 3485 4954 hic
3504 4914 3613 4955 non

2042 4987 2323 5060 productis
2354 4989 2683 5045 testimoniis
2727 5004 2887 5059 agere
2928 4990 3088 5057 licet,
3145 4996 3206 5044 ut
3239 4989 3331 5061 qui
3383 4990 3617 5046 antehac

2044 5078 2234 5142 falsas,
2263 5078 2604 5148 testibusque
2624 5085 2847 5149 egentes
2889 5078 3192 5149 positiones
3221 5077 3568 5133 tradiderunt
3595 5117 3612 5144 ,

2044 5171 2187 5225 hanc
2214 5168 2282 5224 de
2312 5170 2592 5224 mensibus
2645 5168 3001 5239 quaestionem
3051 5176 3349 5224 tractantes
3380 5186 3392 5222 :
3424 5182 3615 5223 verum

2044 5263 2100 5318 in
2134 5263 2367 5334 singulis
2394 5268 2565 5317 testes
2587 5262 2864 5325 excitam,
2899 5261 3049 5316 viros
3076 5260 3372 5329 locupletes
3408 5265 3465 5314 et‘
3510 5257 3616 5313 ﬁde

2042 5356 2237 5426 dignos
2265 5369 2403 5424 opus
2431 5359 2536 5418 est,
2566 5368 2674 5407 non
2702 5368 2865 5408 secus
2890 5362 3054 5423 atque
3088 5355 3141 5408 in
3163 5353 3392 5422 judicio.
3446 5352 3618 5419 Quid-
3680 5410 3686 5419 ,

2044 5448 2176 5518 quid
2200 5449 2345 5502 enim
2387 5448 2444 5501 in
2474 5446 2558 5501 his
2592 5446 2891 5516 probabile,
2925 5461 3033 5500 non
3066 5464 3129 5501 ex
3162 5445 3332 5516 signis
3359 5458 3617 5503 necessa-

2046 5544 2166 5605 riis,
2199 5541 2626 5611 hujusmodique
2670 5539 2976 5595 rationibus
3015 5541 3168 5610 sequi
3208 5545 3466 5609 oportet:
3520 5539 3618 5596 sed

2044 5650 2112 5691 ex
2146 5635 2215 5689 iis
2245 5649 2491 5697 sumere,
2541 5646 2661 5702 qua:
2689 5631 2876 5687 dixere
2912 5634 3047 5687 clari
3093 5633 3448 5702 celebresque
3486 5630 3614 5686 viri.

2047 5728 2253 5787 Horum
2306 5726 2473 5799 igitur
2519 5726 2658 5780 alter
2689 5725 2743 5779 in
2776 5707 3005 5780 historia
3036 5724 3355 5779 animalium
3386 5724 3468 5779 sic
3496 5721 3574 5777 ait
3602 5740 3616 5775 :

2054 5842 2071 5877 ι
2106 5815 2339 5878 Thuuna
2389 5820 2550 5875 etiam
2582 5819 2748 5875 semel
2780 5821 2952 5891 parit:
2994 5819 3089 5875 sed
3121 5833 3246 5875 cum
3297 5818 3433 5875 alios
3478 5814 3621 5873 fetus
3673 5842 3688 5879 ς
