4106 6434
499 393 625 448 1171

1514 399 1601 455 AD
1649 397 1919 459 EUSEBII
1951 401 2346 462 CHRONICON
2385 403 2746 463 APPENDIX.

3597 401 3740 458 1173

491 517 870 581 praematuras,
895 514 1034 571 alios
1080 517 1352 576 serotinos
1399 520 1662 591 producat
1682 563 1697 586 ,
1731 523 1815 580 bis
1851 523 2062 580 videtur

2169 527 2407 598 τροπῶν,
2442 527 2470 578 ὀ
2493 527 2535 580 δ’
2571 527 2794 598 ὕστερος
2820 523 2914 578 τοῦ
2945 525 3128 598 ἔαρος.
3159 545 3176 578 ι
3209 523 3552 598 Θεόφραστος
3579 527 3636 579 δὲ
3675 527 3739 580 ὲν

491 617 726 670 parere:
761 605 984 676 editque
1013 607 1250 677 priorem
1280 617 1494 680 partum
1541 613 1764 669 circiter
1793 613 2056 672 Posideo-

491 707 618 748 nem
659 704 786 753 ante
843 697 1130 765 brumam,
1191 703 1548 770 posteriorem
1605 721 1748 762 vere.
1805 727 1824 759 ι
1885 705 2057 764 Porro

493 783 903 858 TheOphrastus
933 789 990 846 in
1046 791 1272 848 historia
1325 793 1393 850 de
1445 796 1648 866 plantis
1675 837 1690 862 ,
1726 799 2054 870 principium

492 885 749 936 sementis
779 884 1028 938 secundae
1053 891 1176 954 post
1211 884 1458 943 brumale
1494 889 1787 945 solstitium
1817 907 1938 948 esse
1972 891 2057 946 di-

491 970 588 1036 cit,
611 987 796 1030 mense
822 972 1132 1033 Gamelione
1157 997 1172 1032 :
1225 979 1384 1049 cujus
1413 981 1634 1052 quidem
1673 985 1913 1041 auctoris
1941 985 2056 1040 haec

492 1068 620 1116 sunt
663 1065 826 1120 verba
858 1082 873 1121 :
908 1085 928 1117 ι
957 1067 1034 1122 ita
1075 1069 1387 1140 appellant,
1431 1089 1450 1123 ι
1475 1073 1672 1143 inquit,
1702 1091 1722 1124 ι
1765 1089 1874 1128 non
1903 1081 2056 1132 satus

490 1154 706 1224 quidem
733 1158 996 1214 rationem
1028 1161 1306 1224 habentes,
1335 1163 1430 1218 sed
1451 1171 1607 1220 ortus
1629 1171 1682 1220 et
1711 1180 1844 1220 usus
1869 1167 2058 1236 cujus-

487 1259 635 1316 que:
683 1250 1121 1322 quandoquidem
1165 1263 1318 1312 satus
1360 1257 1419 1310 lit
1453 1259 1750 1314 contrariis
1779 1258 1890 1314 fere
1919 1269 2058 1315 tem-

489 1338 733 1407 poribus.
783 1339 1118 1414 Principium
1148 1347 1293 1401 enim
1329 1347 1542 1404 hiberni
1577 1349 1770 1418 (quem
1823 1351 2056 1418 primam

490 1443 784 1490 sementem
813 1436 1122 1508 appellant)
1172 1447 1296 1510 post
1323 1439 1569 1496 testivum
1599 1441 1892 1495 solstitium
1934 1451 2052 1507 est,

491 1535 680 1578 mense
727 1523 1154 1599 Metagttnione:
1209 1539 1264 1586 at
1295 1547 1512 1588 rursum
1563 1533 1828 1597 secundi,
1871 1549 2057 1589 mense

494 1613 840 1686 Gamelione,
893 1631 1018 1692 post
1061 1624 1357 1683 solstitium
1409 1625 1719 1680 hibernum.
1765 1643 1784 1678 ι
1827 1625 1882 1679 Si
1925 1641 2057 1696 ergo

497 1709 702 1763 dictum
731 1719 816 1766 est
843 1727 872 1766 a
897 1713 1060 1769 claris
1083 1715 1192 1772 illis
1217 1717 1349 1772 viris
1372 1757 1388 1784 ,
1437 1717 1658 1772 circiter
1702 1715 2056 1772 Posideonem

495 1807 623 1856 ante
659 1801 929 1870 brumam,
961 1815 1014 1862 et
1045 1823 1228 1863 mense
1255 1806 1566 1864 Gamelione
1608 1819 1733 1880 post
1771 1807 2052 1862 brumam:

2161 619 2227 688 τῇ
2259 617 2480 687 περὶτὰ
2507 619 2648 686 φυτὰ
2683 618 2893 690 ἱστορίᾳ
2933 618 3108 689 ἀρχὴν
3142 612 3280 670 εἶναί
3321 634 3452 686 φησι
3482 616 3576 670 τοῦ
3617 617 3740 670 δευ-

2160 709 2316 780 τέρου
2345 709 2452 762 τῶν
2475 709 2685 781 ἀροτῶν
2719 711 2837 781 μεθ’
2871 711 3020 781 ἡλίου
3046 710 3251 781 τροπὰς
3281 710 3617 780 χειμερινάς.
3639 709 3738 765 τοῦ

2161 800 2510 870 Γαμηλιῶνος
2543 801 2730 872 μηνός.
2758 803 2909 872 Ἔχει
2932 802 2987 854 δὲ
3015 805 3048 872 ἡ
3081 801 3224 866 λέξις
3249 801 3398 871 αὐτῷ
3423 795 3545 854 ὦδε
3579 819 3598 852 ι
3621 802 3740 854 Κα-

2162 890 2314 944 λοῦσι
2347 891 2402 944 δὲ
2429 892 2600 956 οὕτως
2631 893 2692 945 οὐ
2723 893 2858 962 πρὸς
2881 894 2978 964 τὴν
3009 893 3218 962 σπορὰν
3258 891 3564 960 βλέποντες,
3599 889 3742 943 ἀλλὰ

2163 983 2299 1052 πρὸς
2343 983 2440 1054 τὴν
2479 983 2693 1052 γένεσιν
2733 984 2826 1036 καὶ
2857 985 2955 1054 τὴν
2991 985 3180 1055 χρείαν
3219 984 3470 1036 ἑκάστου.
3519 983 3671 1034 Ἐπεὶ
3699 983 3736 1052 ἦ

2161 1086 2226 1142 γε
2258 1073 2434 1145 σπορὰ
2474 1075 2658 1145 σχεδὸν
2683 1076 2740 1128 ὲν
2771 1077 2885 1138 τοῖς
2917 1073 3180 1136 ἐναντίοις
3207 1073 3434 1142 γίνεται.
3473 1074 3739 1143 Χειμερι-

2163 1164 2254 1218 νοῦ
2283 1165 2398 1240 γὰρ
2433 1167 2574 1238 ἀρχὴ
2619 1166 2758 1238 μετὰ
2791 1165 2998 1237 τροπὰς
3037 1165 3254 1238 θερινὰς
3279 1205 3292 1229 ,
3325 1166 3420 1219 τοῦ
3461 1167 3738 1234 Μεταγει-

2164 1255 2386 1320 τνιῶνος
2421 1257 2588 1327 μηνὸς
2627 1255 2871 1327 (καλοῦσι
2909 1257 2966 1310 δὲ
2994 1257 3180 1310 τοῦτον
3213 1257 3428 1329 πρῶτον
3461 1255 3568 1308 τῶν
3607 1257 3742 1326 ἀρο-

2160 1347 2318 1409 τῶν)⁶
2347 1345 2442 1400 τοῦ
2463 1347 2714 1418 δευτέρου
2747 1347 2908 1400 πάλιν
2944 1347 3060 1418 μεθ’
3089 1348 3236 1418 ἡλίου
3261 1348 3468 1419 τροπάς
3495 1363 3740 1420 χειμερι-

2163 1437 2278 1502 νὰς,
2305 1437 2398 1491 τοῦ
2425 1437 2774 1509 Γαμηλιῶνος
2799 1437 2984 1509 μηνός.
3009 1457 3026 1488 ι
3060 1438 3122 1489 Εἱ
3151 1438 3214 1509 δὴ
3246 1455 3310 1490 πε
3319 1439 3372 1508 pl.
3399 1437 3738 1491 Ποσειδεῶνι

2165 1527 2271 1600 πρὸ
2291 1528 2400 1581 τῶν
2431 1515 2668 1599 τροπῶν,
2697 1529 2790 1580 καὶ
2813 1527 3163 1598 Γαμηλιῶνος
3196 1528 3331 1598 μετὰ
3361 1529 3598 1598 τροπάς·
3629 1527 3738 1580 Γα-

2167 1618 2411 1690 μηλιῶνα
2442 1619 2580 1689 μετὰ
2621 1619 2956 1672 Ποσειδεῶνα
2995 1615 3132 1673 εἶναι
3165 1621 3401 1690 ἀνάγκη.
3437 1620 3524 1682 Ὠς
3558 1619 3616 1672 δὲ
3643 1620 3740 1671 καὶ

2161 1709 2380 1782 ἑφεξῆς,
2417 1711 2694 1780 συμφανὲς
2721 1715 2786 1764 ὲκ
2807 1710 2900 1764 τοῦ
2935 1699 3318 1783 προκειμένου,
3348 1711 3442 1766 καὶ
3473 1712 3571 1778 τῆς
3597 1712 3740 1783 φρά-

2164 1820 2302 1866 σεως
2339 1801 2484 1856 τοῦτ’
2524 1802 2744 1858 ἀκούειν
2771 1801 2967 1874 χρεὼν.
3007 1805 3064 1858 '0
3103 1804 3213 1874 γάρ
3247 1805 3374 1875 περὶ
3398 1803 3740 1856 Ποσειδεῶνα

492 1891 878 1952 ϐαπιεΙίοηεηῖ
909 1906 1032 1968 post
1077 1897 1438 1956 Posideonem
1483 1901 1609 1956 inde
1659 1915 1782 1956 esse
1833 1913 2060 1954 necesse

2164 1893 2265 1966 πρὸ
2285 1895 2393 1948 τῶν
2415 1894 2630 1966 τροπῶν
2655 1895 2827 1963 λέγων
2851 1897 2942 1949 καὶ
2963 1895 3311 1966 Γαμηλιῶνος
3344 1896 3481 1967 μετά
3508 1895 3738 1966 τροπὰς,

488 1991 591 2040 est.
621 1985 776 2052 Quod
809 1997 990 2045 autem
1039 2005 1164 2045 mox
1205 1993 1365 2048 etiam
1411 1999 1691 2062 sequatur,
1721 1991 1945 2047 evidens
1972 1997 2060 2046 est

487 2091 552 2130 ex
579 2077 1009 2146 praecedentibus
1035 2119 1051 2145 ,
1092 2089 1146 2136 et
1191 2097 1258 2137 ex
1293 2082 1602 2138 elocutione
1649 2082 1702 2138 id
1759 2082 2060 2153 intelligere

487 2171 763 2225 convenit.
822 2169 925 2237 Qui
974 2187 1209 2242 namque
1255 2173 1387 2230 dicit
1426 2173 1645 2228 circiter
1701 2159 2076 2229 Posideonem.

491 2269 618 2316 ante
659 2261 940 2327 brumam,
984 2271 1040 2319 et
1089 2265 1406 2321 Gamelione
1465 2273 1588 2335 post
1641 2265 1928 2332 brumam;
1974 2267 2060 2320 vel

489 2349 638 2404 circa
668 2365 792 2405 eum
824 2367 1064 2408 mensem
1111 2353 1294 2425 (quem
1330 2356 1596 2428 nominat)
1650 2355 1704 2411 id
1763 2357 2059 2412 solstitium

487 2455 611 2496 esse
637 2441 774 2507 vult,
795 2443 877 2497 vel
909 2453 1054 2498 certe
1077 2445 1222 2500 circa
1251 2447 1558 2515 proximum
1594 2448 1900 2503 ostendere.
1923 2447 2059 2502 Nam

487 2532 633 2601 quod
672 2531 934 2588 hibernus
969 2533 1042 2589 sit
1087 2533 1378 2600 Posideon,
1409 2551 1474 2590 ex
1509 2536 1576 2590 iis
1609 2536 1662 2591 in
1695 2547 1946 2609 promptu
1974 2544 2059 2592 est

487 2635 612 2692 quae
645 2621 970 2678 Aristoteles
1015 2624 1070 2678 in
1101 2625 1289 2680 eadem
1337 2625 1568 2681 historia
1594 2667 1609 2692 ,
1663 2627 1731 2682 de
1763 2627 2056 2699 mugilibus

489 2715 733 2786 piscibus
758 2717 1197 2773 commodissime
1225 2717 1508 2774 discernit.
1557 2717 1694 2774 Cum
1724 2719 1867 2774 enim
1904 2719 2056 2790 prius

488 2809 737 2872 dixisset,
766 2809 944 2864 hieme
967 2809 1218 2879 mugilem
1245 2823 1456 2880 parere,
1479 2819 1665 2880 postea
1695 2811 1880 2867 subdit
1900 2825 2056 2865 men-

488 2914 627 2965 sem,
655 2899 800 2954 circa
831 2915 992 2969 quem
1022 2899 1182 2970 parit,
1211 2910 1338 2970 puta
1363 2899 1743 2958 Posideonem.
1778 2900 1904 2956 Haec
1931 2917 2059 2957 vero

491 3000 718 3058 utraque
776 2989 832 3042 in
900 2989 1094 3060 quinto
1163 2989 1402 3046 historia:
1458 2991 1766 3048 his'verbis
1819 2993 2056 3047 scribit:

495 3101 513 3130 ι
549 3079 688 3135 Sunt
721 3087 902 3136 autem
931 3099 1052 3152 quae
1074 3082 1158 3138 vel
1185 3097 1280 3152 per
1313 3084 1570 3148 hiemem,
1589 3092 1904 3140 :estatemve
1929 3101 2058 3142 suos

490 3177 680 3241 partus
711 3171 910 3238 edant;
949 3185 1047 3240 per
1079 3171 1332 3237 hiemem,
1365 3173 1546 3244 lupus,
1574 3175 1792 3246 mugilis
1813 3218 1828 3242 ,
1872 3191 2004 3232 acus
2040 3197 2054 3233 :

489 3237 590 3332 per
613 3268 858 3317 aestatem
896 3237 1050 3318 lci—rea
1085 3237 1612 3328 Hecatombaebne'm,
1654 3237 1896 3323 tibunnae.
1940 3289 1958 3321 ι
1996 3269 2061 3322 Ει
2087 3237 2129 3294 C

491 3354 652 3423 paulo
673 3361 836 3424 post:
877 3371 896 3405 ι
929 3351 1130 3410 Parere
1177 3371 1305 3410 vero
1337 3356 1604 3425 incipiunt
1639 3371 1704 3411 ex
1733 3357 2060 3429 mugilibus,

493 3446 750 3502 labeones
777 3445 996 3517 quidem
1025 3461 1212 3502 mense
1243 3445 1580 3513 Posideone,
1616 3456 1670 3502 et
1699 3464 1982 3514 mucones,
2009 3459 2063 3506 et

492 3540 792 3610 capitones,
821 3548 1122 3610 geruntque
1153 3539 1347 3596 diebus
1395 3541 1640 3596 tricenis.
1699 3561 1718 3593 ι
1753 3539 1868 3595 lloc
1919 3541 2062 3597 idem

492 3647 712 3687 rursum
737 3631 878 3685 libro
897 3631 1126 3701 septimo
1157 3631 1308 3686 dicit.
1355 3631 1532 3687 Simul
1559 3647 1686 3688 vero
1715 3641 1931 3688 constat
1955 3635 2065 3689 sol-

492 3725 745 3780 stitialem
769 3739 891 3780 esse
919 3721 1294 3779 Posideonem.
1326 3723 1460 3778 Nam
1507 3725 1552 3778 si
1600 3733 1727 3780 ante
1769 3725 2063 3782 solstitium

492 3815 642 3869 circa
672 3811 1028 3868 Posideonem
1053 3852 1068 3878 ,
1125 3812 1495 3884 hibernusque
1537 3813 1844 3872 Posideon:
1889 3817 2065 3870 mani-

493 3909 692 3964 festum
747 3913 833 3961 est
893 3905 1110 3960 circiter
1166 3903 1520 3961 Posideonem
1572 3907 1865 3962 solstitium
1921 3923 2060 3964 esse.

494 4000 652 4054 Circa
682 4000 826 4053 enim
871 3999 1105 4070 primum
1147 3999 1434 4053 hibernum
1483 4015 1723 4056 mensem
1768 4001 2062 4065 solstitium

495 4091 790 4162 peragitur.
824 4088 888 4143 Et
918 4089 1006 4143 illa
1056 4090 1272 4160 quidem
1307 4089 1530 4156 locutio,
1573 4109 1591 4142 ι
1630 4091 1774 4146 circa
1809 4090 2061 4148 Posideo-

493 4198 618 4238 nem
651 4191 776 4239 ante
811 4183 1080 4247 brumam,
1118 4202 1136 4234 ι
1192 4199 1302 4254 quo
1351 4199 1536 4238 mense
1573 4183 1666 4237 iiat
1713 4185 2066 4240 circumscri—

495 4277 606 4341 bit;
643 4285 702 4329 ut
757 4273 972 4330 dicendi
1011 4291 1226 4346 quoque
1277 4273 1551 4341 formula,
1603 4290 1708 4346 qua
1765 4276 1895 4347 quid
1944 4283 2067 4346 ppst

492 4369 740 4422 brumam
772 4369 884 4424 fieri
925 4368 1260 4439 perhibetur,
1281 4369 1335 4423 id
1367 4383 1488 4424 esse
1510 4367 1761 4439 designat
1785 4367 1942 4439 155
1961 4371 2067 4424 cir-

491 4461 630 4517 citer
658 4461 906 4518 eumdem
939 4477 1179 4517 mensem
1201 4504 1214 4526 ,
1269 4477 1379 4534 quo
1426 4463 1719 4518 solstitium
1753 4465 2064 4518 confectum

2161 1987 2277 2058 ἦτοι
2305 1987 2432 2059 περὶ
2461 1987 2552 2043 τὸν
2583 1987 2982 2058 ὀνομαζόμενον
3029 1989 3172 2060 μῆνα
3217 1990 3315 2054 τὰς
3352 1989 3560 2060 τροπάς
3599 1985 3740 2042 εἶναι

2161 2077 2429 2150 βούλεται,
2470 2077 2502 2148 ἢ
2553 2079 2681 2151 περὶ
2718 2079 2808 2132 τὸν
2849 2079 3125 2148 ἐγγύτατά
3167 2097 3229 2149 γε
3273 2081 3486 2152 δηλοῦν.
3517 2083 3644 2134 Ὅτι
3681 2081 3743 2134 δε

2160 2169 2254 2222 καὶ
2283 2169 2590 2240 χειμερινὸς
2633 2165 2700 2222 αὖ
2747 2171 2775 2221 ὁ
2819 2169 3152 2234 Ποσειδεὼν,
3185 2170 3342 2240 δῆλον
3387 2171 3444 2237 ἐξ
3479 2165 3554 2224 ὧν
3590 2171 3739 2241 Ἀρι-

2163 2261 2414 2330 στοτέλης
2446 2263 2502 2314 ἐν
2535 2263 2599 2332 τῇ
2629 2262 2765 2332 αὐτῇ
2805 2262 3016 2332 ἱστορίᾳ
3048 2263 3346 2334 διευκιρνεῖ
3369 2263 3498 2334 περὶ
3541 2263 3742 2334 ἰχθύων

2159 2353 2268 2407 τῶν
2305 2355 2654 2424 καλουμένων
2687 2353 2980 2424 κεστρέων.
3017 2351 3200 2408 Εἰπὼν
3235 2356 3340 2428 γὰρ
3369 2355 3628 2428 πρόσθεν,
3655 2357 3740 2410 ὅτι

2161 2443 2424 2515 χειμῶνος
2470 2445 2499 2496 ὁ
2557 2444 2819 2514 κεστρεὺς
2869 2443 3080 2508 τίκτει,
3116 2445 3254 2515 μετὰ
3290 2446 3463 2500 ταῦτα
3509 2447 3604 2499 καὶ
3647 2446 3742 2502 τὸν

2163 2535 2331 2607 μῆνα,
2364 2537 2490 2608 περὶ
2517 2536 2576 2589 ὃν
2599 2537 2790 2600 τίκτει,
2817 2535 3073 2608 ὀνομάζει
3105 2538 3296 2608 λέγων,
3330 2541 3410 2592 ὅτι
3439 2539 3740 2594 Ποσειδεῶ-

2159 2645 2266 2691 νος.
2305 2629 2506 2699 Ἀμφω
2553 2628 2609 2680 δὲ
2654 2628 2825 2682 ταῦτα
2857 2630 2914 2682 ὲν
2962 2629 3040 2700 τῷ
3087 2630 3320 2702 πέμπτῳ
3364 2631 3464 2702 τῆς
3499 2633 3740 2704 ἱστορίας

2159 2721 2250 2774 ἐπὶ
2275 2720 2402 2792 τῇδε
2427 2723 2490 2792 τῇ
2527 2719 2708 2784 λέξει·
2747 2739 2766 2771 ι
2798 2720 2982 2773 Τίκτει
3005 2720 3048 2772 δ’
3077 2721 3193 2775 ἔνια
3225 2724 3318 2776 καὶ
3350 2723 3617 2794 χειμῶνος
3645 2725 3742 2790 καὶ

2159 2813 2350 2884 θέρους
2375 2829 2388 2844 ³
2424 2813 2688 2884 χειμῶνος
2743 2815 2842 2884 μὲν
2891 2814 3137 2888 λάϐραξ,
3167 2817 3428 2886 κεστρεὺς
3452 2857 3466 2880 ,
3519 2815 3740 2887 βελόνηο

2160 2906 2352 2977 θέρους
2381 2905 2438 2958 δὲ
2471 2905 2600 2976 περὶ
2632 2904 2722 2958 τὸν
2755 2907 3204 2979 Ἑκατομϐαιῶνα
3235 2907 3472 2971 θυννίδες
3492 2923 3506 2937 ⁸
3533 2926 3553 2959 ι
3589 2903 3738 2960 εἶταο

2166 3015 2182 3048 ι
2213 2997 2502 3068 Ἀρχονται
2530 2996 2585 3049 δὲ
2612 2997 2817 3050 τίκτειν
2843 2999 2952 3052 τῶν
2981 3001 3254 3069 κεστρέων
3281 3001 3334 3053 ot
3388 2999 3485 3070 μὲν
3511 2998 3742 3070 χελῶνες

2158 3089 2252 3142 τοῦ
2278 3089 2658 3153 Ποσειδεῶνος,
2690 3091 2786 3143 καὶ
2815 3093 2843 3144 ὁ
2879 3091 3060 3162 μύξων
3091 3089 3443 3163 καλούμενος,
3473 3091 3570 3143 καὶ
3595 3092 3624 3142 ὀ
3651 3089 3744 3144 κέο

2161 3180 2326 3248 φαλος
2347 3194 2361 3210 ·
2395 3181 2584 3234 κυοῦσι
2609 3181 2664 3234 δὲ
2690 3183 2984 3253 τριάκοντα
3011 3182 3245 3254 ἡμέρας.
3279 3202 3298 3234 ι
3335 3182 3506 3236 Τοῦτο
3535 3181 3580 3234 δ’
3611 3179 3746 3234 αὐτὸ

2163 3271 2324 3324 πάλιν
2359 3272 2452 3324 καὶ
2491 3273 2549 3324 ὲν
2587 3270 2664 3342 τῷ
2692 3273 2904 3343 ἑϐδόμῳ
2939 3272 3124 3342 φησίν.
3166 3273 3315 3343 Ἅμα
3358 3271 3414 3322 δὲ
3443 3267 3626 3340 δῆλον,
3659 3268 3746 3322 ὅτι

2162 3363 2256 3416 καὶ
2293 3363 2550 3434 τροπικὸς
2591 3367 2619 3417 ό
2648 3363 2968 3418 Ποσειδεὼν.
3005 3365 3068 3416 ΕΞ
3101 3362 3209 3434 γὰρ
3245 3363 3371 3434 περὶ
3404 3359 3745 3414 Ποσειδεῶνα

2162 3454 2268 3525 πρὸ
2308 3454 2416 3509 τῶν
2449 3455 2665 3526 τροπῶν
2684 3497 2698 3520 ,
2730 3456 3038 3527 χειμερινὸς
3064 3458 3108 3506 δ’
3139 3459 3166 3508 ὁ
3198 3451 3496 3507 Ποσειδεὼν
3523 3469 3536 3484 ·
3578 3469 3744 3520 φανε-

2167 3545 2277 3618 ρὸν,
2306 3550 2386 3602 ὅτι
2417 3549 2542 3619 περὶ
2575 3549 2911 3602 Ποσειδεῶνα
2944 3549 3000 3600 αἱ
3039 3547 3261 3618 τροπαί.
3293 3545 3429 3618 Περὶ
3453 3544 3568 3616 γὰρ
3593 3543 3746 3614 πρῶ-

2161 3659 2252 3694 τον
2289 3641 2434 3712 μῆνα
2459 3640 2568 3693 τῶν
2592 3641 2916 3712 χειμερινῶν
2946 3641 3182 3708 γίνονται
3214 3641 3266 3692 αἱ
3305 3638 3526 3710 τροπαί.
3565 3638 3678 3691 Καὶ
3711 3638 3756 3706 ἡ

2169 3750 2186 3782 ι
2216 3731 2342 3802 περὶ
2380 3729 2712 3783 Ποσειδεῶνα
2735 3729 2840 3802 πρὸ
2865 3731 2972 3783 τῶν
3010 3731 3224 3802 τροπῶν
3249 3751 3266 3782 ι
3301 3730 3458 3802 ῥῆσις
3483 3769 3499 3795 ,
3535 3729 3643 3800 ἄρα
3687 3729 3748 3782 τὸ

2163 3821 2292 3873 ποτε
2309 3820 2400 3875 τοῦ
2426 3821 2588 3891 μηνὸς
2604 3821 2853 3893 διορίζει·
2870 3823 2944 3885 ὡς
2967 3821 3059 3875 καὶ
3083 3821 3220 3893 μετὰ
3234 3821 3437 3893 τροπὰς
3460 3819 3746 3890 γινομένου

2163 3913 2256 3966 τοῦ
2297 3913 2417 3986 περὶ
2446 3913 2537 3966 τὸν
2568 3913 2728 3968 αὐτὸν
2771 3914 2934 3986 μῆνα,
2959 3915 3086 3986 περὶ
3114 3913 3172 3968 ὃν
3193 3916 3247 3966 αί
3271 3913 3487 3983 τροπαί.
3521 3912 3595 3966 Οὐ
3639 3911 3752 3982 μὴν

2165 4005 2300 4058 ἀλλὰ
2325 4006 2417 4060 καὶ
2441 4007 2549 4060 τῶν
2571 4005 2798 4079 ὀρνίθων
2824 4005 3036 4060 ἀλκυὼν
3061 4006 3232 4060 τίκτει
3261 4005 3357 4076 μὲν
3389 4005 3516 4076 περὶ
3538 4003 3752 4074 τροπὰς

2166 4099 2496 4172 χειμερινάς.
2550 4099 2644 4151 Διὸ
2700 4097 2795 4152 καὶ
2830 4097 3319 4163 καλοῦνται,εὸταν
3371 4096 3627 4149 εὐδιειναὶ
3659 4093 3725 4162 τέ

2165 4209 2362 4244 νωνται
2397 4193 2451 4244 αἱ
2485 4191 2702 4263 τροπαὶ,
2741 4191 3074 4244 Ἀλκυόνειαι
3096 4189 3320 4262 ἡμέραι,
3351 4188 3491 4242 ἑπτὰ
3521 4185 3620 4257 μὲν
3639 4184 3759 4256 πρὺι

2165 4281 2403 4352 τροπῶν,
2439 4280 2580 4334 ἑπτὰ
2623 4279 2678 4334 δὲ
2722 4280 2860 4351 μετὰ
2897 4281 3138 4352 τροπάς·
3173 4279 3425 4350 καθάπερ
3467 4277 3561 4330 καὶ
3603 4276 3744 4345 Ἀριο

2171 4371 2423 4443 στοτέλης
2455 4373 2586 4443 φησί
2607 4389 2619 4401 '
2651 4371 2895 4425 καλεῖται
2924 4371 2980 4425 δὲ
3011 4371 3363 4434 Ποσειδεωνὶς
3389 4373 3503 4432 τοῖς
3535 4367 3746 4430 πολλοῖς

2169 4462 2202 4532 ἡ
2233 4463 2380 4533 ὅρνις
2407 4502 2421 4527 ,
2465 4461 2617 4533 παρά
2642 4477 2735 4514 του
2779 4460 2888 4513 τῶν
2914 4461 3141 4515 ἀστείων
3164 4499 3178 4522 ,
3201 4459 3276 4523 ὡς
3303 4459 3464 4521 ἔοικε,
3513 4455 3745 4526 τοῦνομα

493 4555 584 4610 sit.
614 4553 920 4620 Quinetiam
968 4553 1173 4626 Alcyon
1233 4555 1349 4611 avis
1402 4555 1550 4609 circa
1611 4555 1858 4610 brumam
1905 4554 2062 4624 parit.

2172 4555 2441 4623 εἰληφόσι,
2471 4555 2621 4626 παρὰ
2649 4554 2708 4606 τὸ
2731 4554 2936 4607 τίκτειν
2977 4552 3334 4616 Ποσειδεῶνος
3371 4549 3538 4622 μηνός
3557 4565 3569 4577 ·
3607 4547 3744 4601 ὥστε

494 4646 858 4712 Quamobrem
888 4645 1104 4716 quoties
1133 4646 1326 4701 bruma
1345 4659 1537 4700 serena
1555 4653 1656 4714 est,
1683 4645 1800 4701 dies
1823 4645 2068 4716 Alcyonii

496 4737 836 4808 appellantur
879 4745 1084 4807 septem
1140 4745 1266 4792 ante
1317 4737 1606 4804 brumam,
1671 4743 1724 4792 et
1774 4746 1982 4807 septem
2037 4751 2070 4792 a

492 4829 723 4896 bruma;
758 4835 816 4882 ut
837 4828 1000 4884 etiam
1021 4829 1342 4884 Aristoteles
1373 4828 1470 4890 ait,
1499 4837 1832 4898 vocaturque
1865 4843 1894 4882 a
1926 4829 2069 4883 mul-

495 4921 567 4974 tis
603 4919 718 4988 ipsa
752 4921 869 4972 avis
901 4915 1243 4983 Posideonis,
1291 4918 1346 4972 id
1397 4925 1480 4974 est
1515 4917 1856 4983 Decembria,
1892 4919 1960 4974 ab
1991 4925 2068 4974 ie-

457 5039 460 5042 ι
491 5009 622 5079 pido
653 5011 909 5080 quopiam
941 5017 996 5064 et
1036 5011 1246 5064 urbano
1296 5018 1551 5072 auctore,
1591 5018 1650 5064 ut
1683 5010 1932 5072 videtur,
1968 5025 2066 5080 ap-

497 5099 844 5168 pellationem
881 5099 1185 5158 mutuatis.
1247 5097 1392 5167 quod
1445 5098 1622 5168 pariat
1673 5111 1862 5154 mense
1910 5097 2068 5153 Posi-

495 5191 708 5246 deone:
748 5189 885 5245 adeo
911 5199 969 5244 ut
993 5190 1124 5243 illud
1161 5189 1376 5244 abunde
1401 5205 1656 5262 magnum
1682 5201 2065 5260 argumentum

495 5284 586 5346 sit,
631 5283 972 5338 solstitialem
1017 5297 1141 5338 esse
1197 5281 1554 5336 Posideonem
1581 5321 1596 5345 ,
1651 5289 1707 5337 et
1755 5283 2066 5338 hiemalium

2172 4651 2395 4718 σημεῖον
2439 4647 2532 4700 καὶ
2574 4647 2717 4700 τοῦτ’
2741 4647 2808 4702 ἂν
2849 4647 2933 4716 εἴη
2967 4647 3227 4719 τροπικὸν
3265 4641 3404 4698 εἶναι
3435 4643 3526 4696 τὸν
3557 4643 3722 4694 Ποσει

2169 4737 2360 4804 δεῶνα,
2395 4739 2488 4791 καὶ
2526 4737 2634 4790 τῶν
2659 4738 2984 4809 χειμερινῶν
3018 4737 3250 4811 πρῶτον.
3285 4735 3399 4790 Νῦν
3433 4734 3530 4806 μὲν
3558 4729 3651 4786 οὖν
3685 4733 3744 4784 ἐκ

2168 4829 2376 4883 τούτων
2422 4827 2663 4898 εἰλήφθω
2707 4831 3012 4902 χειμερινόν
3049 4847 3110 4881 τε
3163 4830 3255 4882 καὶ
3299 4825 3558 4898 τροπικὸν
3611 4819 3744 4876 εἶναι

2168 4923 2258 4975 τὸν
2293 4921 2628 4975 Ποσειδεῶνα
2650 4937 2668 4951 ο
2697 4920 2924 4988 ὓστερον
2966 4921 3022 4974 δὲ
3073 4920 3166 4974 καὶ
3207 4921 3276 4973 δι’
3304 4917 3587 4989 ἀκριϐείας
3621 4914 3728 4985 μᾶλ

2173 5013 2263 5066 λον
2307 5013 2668 5085 δειχθήσεται.
2726 5013 2836 5084 Τὴν
2895 5013 2938 5066 δ’
2972 5012 3256 5083 ἀκρίϐειαν
3307 5011 3405 5081 οὐχ
3449 5009 3648 5079 ὁμοίως
3691 5009 3742 5059 ὲκ.

2175 5103 2378 5158 ἅπασιν
2405 5103 2678 5174 ἐπιζητεῖν
2705 5106 2803 5171 δεῖ,
2835 5105 2948 5159 ἀλλ’
2979 5107 3036 5159 ὲν
3063 5107 3310 5168 ἑκάστοις
3339 5101 3480 5157 κατὰ
3509 5099 3605 5172 τὴν
3626 5101 3731 5154 ὑπο

2176 5195 2436 5266 κειμένην
2467 5195 2618 5268 ὓλην,
2651 5199 2745 5250 καὶ
2783 5195 2876 5250 ἐπὶ
2907 5197 3176 5258 τοσοῦτον,
3209 5195 3294 5264 ἐφ’
3327 5195 3446 5246 ὅσον
3481 5190 3654 5245 οἱκεὶα
3679 5192 3744 5259 τῇ

2178 5286 2406 5358 μεθόδῳ.

495 5377 766 5434 mensium
794 5377 1054 5446 primum.
1084 5375 1240 5431 Nunc
1273 5376 1440 5448 igitur
1465 5391 1532 5431 ex
1569 5376 1655 5430 his
1687 5387 1966 5446 sumptum
1997 5379 2089 5442 sit,
2131 5379 2416 5437 hibernum
2479 5391 2534 5438 et
2577 5383 2919 5440 solstitialem
2965 5398 3088 5438 esse
3129 5381 3528 5440 Posideonem;
3569 5389 3744 5448 quanv

494 5485 658 5540 quam
742 5473 906 5526 etiam
985 5471 1300 5542 diligentius
1374 5469 1604 5540 posthac
1677 5469 2160 5527 demon‘strabitur.
2223 5471 2327 5528 Sed
2371 5489 2470 5530 nec
2539 5477 2680 5531 hanc
2733 5477 2930 5546 pariter
3001 5475 3055 5528 in
3107 5473 3363 5528 omnibus
3413 5470 3744 5540 diligentiam

497 5562 776 5631 requirere
824 5571 1073 5634 Oportet;
1133 5579 1317 5617 verum
1377 5565 1430 5617 in
1480 5561 1712 5633 singulis
1769 5563 2070 5618 secundum
2105 5566 2405 5638 subiectam
2441 5569 2745 5630 materiam,
2780 5577 2942 5639 atque
2968 5567 3259 5632 hactenus,
3325 5571 3596 5635 quatenus
3653 5575 3730 5630 pc-

495 5657 719 5712 culiaris
747 5665 830 5712 est
861 5657 1092 5714 docendi
1125 5659 1347 5716 rationi.

567 5746 940 5803 Gamelionem
969 5765 1134 5820 porro
1159 5751 1344 5805 statim
1377 5749 1625 5820 sequitur
1647 5747 2040 5820 Elaphebrlion
2065 5769 2080 5819 ;

511 5839 818 5896 novissimo
840 5840 982 5895 enim
1019 5857 1202 5896 mense
1235 5842 1464 5898 brumali
1495 5857 1634 5912 opus
1662 5849 1780 5909 est;
1815 5845 1958 5915 atqui
1996 5845 2080 5900 hic

2251 5749 2403 5803 Μετὰ
2431 5747 2486 5802 δὲ
2521 5747 2846 5820 Γαμηλιῶνα
2885 5748 3044 5811 εὐθὺς
3091 5745 3518 5818 Ἐλαφηϐολιών·
3563 5743 3742 5798 τελευδ

2187 5843 2336 5897 ταίου
2373 5843 2478 5914 γὰρ
2511 5843 2682 5914 μηνὸς
2708 5842 2813 5895 τῶν
2853 5840 3174 5908 χειμερινῶν
3207 5839 3312 5892 δεῖ·
3349 5839 3530 5892 οὑτοσὶ
3562 5835 3620 5894 δι
3656 5851 3740 5887 τυ
