4106 6456
405 400 540 460 H73

1315 398 1662 457 THEODOM
1699 396 1904 454 GAZE
1943 393 2146 453 LIBER
2185 398 2274 455 DE
2305 398 2670 465 MENSIBUS.

3485 398 3622 458 HN

403 520 660 582 λευταῖος.
709 518 941 590 Σημεῖόν
990 515 1079 572 δέ’
1113 517 1440 590 Θουκυδίδης
1476 518 1583 591 γὰρ
1625 520 1684 573 ἓν
1728 518 1960 589 τετάρτῃ

2065 528 2210 575 certe
2237 532 2570 591 postremus.
2606 521 2776 592 Cujus
2803 522 2882 578 rei
2913 522 3129 593 signum
3154 531 3237 580 est
3257 563 3273 592 ,
3303 523 3448 594 quod
3471 523 3621 578 Thu-

406 611 505 667 τῶν
540 610 787 680 ἱστοριῶν
834 609 932 682 τὴν
984 609 1251 665 ἐνιαύσιον
1283 611 1622 679 ἐκεχειρίαν,
1662 609 1759 679 τὴν
1809 625 1962 677 γενο-

402 702 572 775 μένην
615 701 1057 772 Λακεδαιμονίοις
1099 701 1193 755 καὶ
1248 700 1578 772 Ἀθηναίοις,
1609 699 1962 762 τελευτῶντος

400 793 583 863 ὀγδόου
610 792 761 857 έτους
792 793 870 864 τῷ
900 793 1143 863 πολέμῳ,
1168 792 1385 863 τετράδι
1416 793 1508 845 ἐπὶ
1536 790 1666 845 δέκα
1688 791 1782 844 τοῦ
1813 790 1961 843 Ἐλα-

335 928 340 941 .
401 886 732 959 φηϐολιῶνος
768 887 932 958 μηνὸς
965 884 1343 956 ὁμολογεῖσθαι
1380 899 1548 954 φησι·
1580 882 1678 954 τὴν
1713 883 1757 935 δ’
1791 882 1960 953 αὐτὴν

400 979 707 1050 ἐκεχειρίαν
737 980 831 1032 καὶ
860 976 1157 1038 διελθόντος
1179 974 1273 1029 τοῦ
1302 975 1569 1046 χειμῶνος
1599 975 1715 1045 ἃμα
1742 970 1836 1045 ἦρι
1864 972 1959 1026 τοῦ

401 1068 778 1137 ἐπιγινομένου
828 1067 1018 1137 θέρους
1071 1064 1371 1135 γεγονέναι.
1430 1065 1547 1117 Κάν
1607 1066 1673 1133 τῇ
1736 1062 1960 1134 πέμπτῃ

400 1162 445 1216 δ’
469 1160 539 1216 αὗ
581 1162 685 1215 τῶν
721 1160 897 1215 αὐτῶν
942 1158 1190 1230 ἱστοριῶν
1231 1157 1462 1221 σπονδὰς
1502 1157 1751 1226 γενέσθαι
1796 1155 1960 1227 φησὶν

400 1253 495 1308 ἐπλ⁸
533 1252 793 1325 ἄρχοντος
845 1251 1130 1324 Ἀθήνῃσιν
1172 1249 1417 1303 Ἀλκαίου
1437 1287 1453 1311 ,
1500 1246 1960 1317 Ἐλαφηϐολιῶνος

406 1344 573 1414 μηνὸς
616 1343 748 1415 ἐκτῃ
802 1341 1098 1410 φθίνοντος.
1147 1341 1258 1405 Τὰς
1293 1340 1338 1393 δ’
1383 1338 1552 1402 αὑτὰς
1595 1338 1822 1400 σπονδάς
1870 1337 1962 1391 καὶ

401 1435 758 1497 τελευτῶντος
785 1432 878 1486 τοῦ
913 1432 1178 1504 χειμῶνος
1209 1432 1326 1503 ἅμα
1363 1427 1458 1504 ἦρι
1490 1429 1739 1499 γενέσθαι
1773 1428 1957 1498 φησίν.

406 1528 527 1580 Ἔτι
551 1527 597 1580 δ’
635 1524 1138 1597 Ἀριστοτέληςςτῶν
1161 1523 1363 1596 θηρίων
1392 1523 1489 1595 τὴν
1527 1522 1726 1593 άρκτον
1758 1522 1962 1591 ἱστορεῖ

401 1618 499 1686 τὴν
525 1616 706 1688 ὀχείαν
734 1616 999 1670 ποιεῖσθαι
1025 1614 1117 1669 τοῦ
1144 1615 1310 1686 μηνὸς
1331 1612 1426 1667 τοῦ
1466 1611 1924 1684 Ἐλαφηϐολιῶνος
1940 1625 1958 1642 ο

2067 609 2291 681 cydides
2316 612 2557 670 historiae
2577 614 2715 669 libro
2735 622 2932 683 quarto
2957 614 3207 670 inducias
3236 614 3622 670 annuas~inter

2066 701 2431 759 Atheuienses
2464 703 3012 774 Lacedaemoniosque
3050 703 3259 769 factas,
3308 718 3452 759 anno
3494 703 3621 759 belli

2063 802 2257 849 octavo
2294 796 2619 861 excedente,
2663 797 2869 853 mensis
2909 790 3351 867 Elaphebolionis
3396 802 3624 865 quarto-

2065 886 2280 940 decimo
2313 887 2403 943 die
2445 896 2632 959 pactas
2676 903 2798 944 esse
2845 888 3017 953 dicit,
3059 896 3114 943 et
3157 887 3376 942 easdem
3430 893 3621 941 exacta
3736 928 3739 939 .

2067 977 2286 1046 quidem
2322 979 2534 1045 hieme,
2567 980 2788 1035 ineunte
2817 979 2981 1035 simul
3011 994 3137 1035 vere
3178 979 3385 1034 aestatis
3424 977 3620 1032 subse-

2062 1071 2282 1140 quentis
2315 1071 2614 1127 confectas.
2650 1071 2714 1125 Et
2746 1072 2907 1127 etiam
2944 1073 2998 1125 in
3029 1072 3227 1141 quinto
3257 1069 3499 1139 ejusdem
3535 1068 3643 1123 hi—~-

2064 1162 2282 1227 storize,
2317 1162 2627 1233 praefectum
2658 1172 2876 1235 gerente
2918 1163 3144 1218 Athenis
3186 1162 3367 1216 Alcaeo
3416 1160 3627 1214 fmdera-

2063 1267 2325 1322 percussa
2374 1269 2498 1310 esse
2536 1253 2703 1320 dicit,
2750 1254 2956 1311 mensis
2985 1252 3426 1324 Elaphebolionis
3466 1258 3645 1307 sextov

2064 1351 2188 1397 ante
2218 1342 2379 1397 ﬁnem
2409 1344 2525 1411 die,
2558 1344 2721 1414 idque
2748 1344 2850 1399 sub
2883 1344 3078 1399 hiemis
3105 1350 3411 1398 extremum
3441 1348 3496 1395 et
3525 1356 3621 1396 ve-

2063 1430 2142 1485 ris
2164 1431 2398 1486 initium.
2426 1434 2695 1488 Praeterea
2721 1447 2849 1489 vero
2875 1433 3069 1488 scribit
3096 1432 3416 1488 Aristoteles
3438 1446 3638 1486 ursamt

2066 1522 2216 1579 coire
2250 1510 2436 1579 mense
2468 1523 2919 1595 Elaphebolione,
2962 1523 3213 1594 ferreque
3256 1530 3470 1579 uterum
3505 1522 3641 1578 dies-

2010 1686 2016 1693 θ
2065 1616 2289 1685 triginta
2309 1655 2324 1680 ,
2351 1625 2405 1672 et
2430 1631 2625 1686 parere
2652 1631 2723 1673 eo
2744 1625 2983 1688 tempore
3009 1632 3119 1687 quo
3144 1617 3313 1682 latet;
3346 1630 3470 1671 cum
3496 1630 3637 1671 rem

402 1709 553 1764 κύειν
578 1709 635 1764 δὲ
684 1710 894 1781 ἡμέρας
943 1708 1269 1780 τριάκοντα,
1314 1708 1407 1761 καὶ
1444 1708 1648 1760 τίκτειν
1695 1704 1823 1775 περὶ
1867 1703 1959 1756 τὸν
2006 1702 2023 1773 λ

2066 1708 2274 1778 prolem
2326 1709 2646 1775 enutrierit,
2698 1708 2846 1765 exire
2893 1725 3081 1765 mense
3103 1708 3216 1779 jam
3246 1710 3403 1765 veris
3435 1708 3620 1764 tertio.

403 1795 626 1868 καιρὸν,
676 1780 735 1850 ὃν
791 1796 989 1865 φωλεῖο
1027 1796 1155 1849 ὅταν
1198 1795 1254 1848 δὲ
1294 1794 1531 1866 ἐκθρέψῃ
1578 1795 1747 1866 τρίτῳ
1795 1794 1957 1864 μηνὶ,

2067 1797 2299 1869 Hacque
2326 1799 2488 1854 habet
2507 1800 2561 1854 in
2586 1801 2837 1870 septimo.
2853 1799 3090 1856 Rursum
3111 1801 3165 1853 in
3190 1807 3384 1855 octavo
3407 1798 3585 1870 inquit
3604 1839 3620 1863 ,

401 1858 670 1942 ἐκϐαίνειν
699 1858 815 1959 7151}.
832 1887 926 1941 τοῦ
960 1887 1137 1959 ἐαρος.
1170 1886 1356 1942 Ταῦτα
1382 1858 1426 1941 δ’
1450 1858 1699 1940 εἰπὼνέν
1717 1858 1960 1956 νέϐδόξαῳ,

2065 1904 2130 1945 eo
2164 1858 2405 1960 tempore
2436 1905 2621 1944 ursam
2648 1858 2785 1945 eniti
2807 1930 2823 1956 ,
2867 1891 3167 1960 tandiuque
3209 1891 3405 1955 latere,
3441 1858 3618 1961 quoad

403 1980 566 2035 πάλιν
615 1982 675 2053 ὲν
723 1980 897 2050 ὀγδόῳ
934 1981 1069 2050 φησὶ
1122 1980 1222 2051 τὴν
1277 1980 1478 2051 ἄρκτον
1527 1979 1789 2032 ἐντίκτειν
1834 1979 1963 2051 περὶ

401 2070 588 2124 τοῦτον
617 2070 708 2123 τὸν
739 2070 950 2140 καιρὸν,
974 2071 1066 2123 καὶ
1099 2071 1294 2140 φωλεῖν
1327 2070 1430 2133 ἓως
1455 2070 1521 2124 ἂν
1547 2069 1663 2141 ὥρα
1691 2064 1726 2142 ᾗ
1749 2067 1963 2136 ἐξάγειν

402 2163 527 2224 τοὺς
549 2160 817 2231 σκύμνους
838 2178 851 2191 ·
877 2160 1033 2214 τοῦτο
1060 2160 1116 2214 δὲ
1141 2165 1312 2214 ποιεῖν
1329 2160 1422 2214 τοῦ
1446 2160 1604 2231 ἔαρος
1629 2161 1757 2230 περὶ
1781 2160 1962 2232 τρίτον

405 2252 549 2323 μῆνα
569 2252 675 2306 άπὸ
705 2251 813 2305 τῶν
844 2252 1079 2324 τροπῶν.
1099 2254 1246 2306 Ὧστ*
1271 2254 1437 2307 ἐάντε
1468 2253 1672 2306 τίκτειν
1702 2252 1810 2306 άπὸ
1835 2269 1961 2323 τρο-

400 2343 518 2397 πῶν
561 2342 888 2414 χειμερινῶν
918 2343 1046 2415 περὶ
1078 2344 1261 2415 τρίτον
1297 2344 1473 2415 μῆνα,
1508 2344 1605 2398 ἐάν
1642 2360 1700 2397 τε
1749 2343 1964 2412 ἐξάγειν

398 2434 506 2488 ἀπὺ
550 2435 771 2506 ἐαρινῆς
826 2434 1116 2506 ἰσημερίας
1166 2436 1300 2508 περὶ
1340 2436 1521 2506 τρίτον
1566 2435 1786 2489 ἀκούειν
1834 2436 1958 2508 δέῃ’

398 2527 517 2578 κατ’
544 2525 710 2596 ἄμφω
735 2525 793 2578 δὲ
824 2526 916 2580 τὸν
950 2527 1382 2597 Ἐλαφηϐολιῶνα
1398 2542 1466 2595 γε
1492 2528 1635 2599 μῆνα
1662 2527 1963 2582 τελευταῖον

398 2612 537 2671 εἶναι
563 2617 671 2671 τῶν
703 2618 1027 2690 χειμερινῶν
1067 2620 1162 2673 καὶ
1188 2619 1370 2691 τρίτον
1409 2620 1713 2690 συμϐαίνει.
1746 2618 1963 2672 Τίκτειν

398 2709 507 2781 γάρ
534 2727 666 2780 φησι
699 2712 827 2782 περὶ
857 2711 920 2764 ὃν
952 2711 1142 2782 καιρὸν
1191 2711 1425 2783 μάλιστα
1467 2711 1633 2781 φωλεῖ
1655 2729 1668 2743 ·
1706 2709 1875 2781 φωλεί
1905 2710 1963 2764 δὲ

397 2803 466 2857 τά
488 2806 719 2876 χερσαῖα
747 2803 926 2858 πάντα
970 2804 1064 2857 τοῦ
1113 2804 1397 2875 χειμῶνος,
1423 2803 1499 2869 ὼς
1543 2803 1756 2876 εἴρηται
1787 2804 1845 2856 ἐν
1882 2800 1964 2873 τῷ

397 2892 588 2964 ὀγδόῳ.
645 2894 968 2965 Χειμερινὺς
1009 2894 1118 2966 ἄρα
1161 2897 1191 2948 ὁ
1253 2892 1652 2964 Ἐλαφηϐολιὼν
1672 2933 1688 2958 ,
1729 2893 1859 2964 περὶ⁸
1900 2892 1963 2947 ὃν

398 2982 540 3038 κύει.
570 2984 643 3037 Οὐ
668 2983 882 3055 πρῶτος
909 2984 986 3049 δὲ,
1013 2985 1132 3038 οὐδὲ
1153 2984 1418 3055 δεύτεροςο
1443 2984 1622 3055 τρίτος
1647 2983 1757 3057 ἄρα
1776 3001 1789 3014 ’
1820 2983 1875 3037 εί
1896 2999 1961 3053 γε

398 3078 548 3147 τρεῖς
578 3075 705 3146 περὶ
732 3074 969 3144 ἑκάστην
1002 3075 1110 3128 τῶν
1137 3073 1296 3146 ὡρῶν
1328 3073 1495 3145 μῆνές
1525 3074 1683 3127 εἰσιν.

2064 1989 2277 2049 tempus
2307 1981 2412 2048 sit,
2445 1987 2516 2035 ut
2536 1996 2667 2036 suos
2700 1982 2911 2037 catulos
2944 1982 2999 2037 in
3033 1989 3281 2053 apertum
3314 1981 3619 2052 producat;

2063 2070 2228 2140 idque
2260 2080 2706 2140 verno-tempore
2726 2109 2741 2133 ,
2775 2086 2965 2127 mense
2993 2086 3025 2125 a
3057 2073 3251 2127 bruma
3285 2073 3446 2127 tertio
3482 2070 3620 2127 ﬁeri.

2065 2160 2335 2228 Quocirca
2360 2163 2476 2218 sive
2504 2162 2805 2218 audiendus
2836 2180 2959 2220 cum
2989 2164 3149 2227 dicit,
3180 2178 3373 2234 parere
3401 2163 3563 2219 tertio
3594 2176 3627 2217 ι

2062 2253 2256 2309 bruma
2304 2268 2522 2319 mense,
2558 2253 2673 2309 sive
2721 2268 2846 2309 cum
2888 2256 3188 2329 producere
3219 2269 3348 2310 suos
3392 2253 3531 2309 fetus
3557 2252 3627 2307 ab

2062 2343 2391 2415 aequinoctio
2415 2358 2584 2399 verno
2613 2344 2777 2399 tertio
2801 2359 2988 2400 mense
3013 2362 3029 2411 ;
3056 2352 3290 2414 utroque
3311 2358 3442 2399 sane
3464 2344 3628 2397 modo

2063 2434 2540 2505 Elaphebolionem
2572 2436 2925 2491 hibernorum
2953 2437 3225 2492 mensium
3256 2436 3503 2491 ultimum
3526 2477 3543 2501 ,
3572 2442 3630 2491 et

2062 2527 2286 2583 tertium
2315 2542 2438 2583 esse
2465 2528 2748 2599 contingit.
2779 2527 2978 2584 Parere
3006 2529 3152 2584 enim
3182 2530 3257 2583 ait
3283 2542 3381 2599 per
3405 2527 3461 2583 id
3485 2532 3631 2583 temo

2061 2634 2169 2690 pus
2194 2634 2303 2689 quo
2334 2620 2505 2687 latet;
2539 2620 2710 2676 latent
2734 2634 2865 2674 vero
2888 2620 3173 2675 terrestria
3199 2626 3398 2674 cuncta
3427 2618 3626 2685 hieme.

2063 2718 2125 2764 ut
2153 2709 2224 2764 ab
2251 2723 2318 2764 eo
2350 2709 2554 2764 dictum
2584 2716 2669 2764 est
2703 2710 2760 2763 in
2787 2714 2999 2764 octavo”.
3039 2710 3316 2766 Hibernus
3344 2716 3430 2767 est
3462 2711 3630 2783 igitur

2063 2800 2453 2871 Elaphebolion
2476 2843 2494 2868 ,
2549 2816 2660 2872 quo
2702 2816 2890 2856 mense
2946 2815 3078 2856 ursa
3130 2810 3372 2857 ventrem
3428 2811 3633 2874 gestat.

2060 2894 2224 2965 Atqui
2271 2910 2380 2950 non
2434 2895 2679 2963 primus,
2736 2909 2845 2948 non
2894 2892 3205 2960 secundus,
3237 2908 3370 2964 ergo
3409 2896 3628 2951 tertius.

2063 2984 2343 3057 Siquidem
2376 2987 2506 3042 anni
2541 2986 2956 3058 tempestatibus
3003 2985 3147 3040 terni
3197 3001 3412 3043 menses
3459 2988 3630 3044 ascri-

2058 3079 2280 3136 buntur.

483 3166 708 3236 Ἐφεξῆς
753 3164 797 3218 δ’
851 3164 1272 3234 Ἐλαφηϐολιῶνι
1314 3161 1630 3234 Μουνυχιὼν
1648 3181 1661 3194 ο
1708 3163 1960 3235 τέταρτος

2132 3169 2436 3226 Continens
2466 3175 2553 3226 est
2601 3184 2732 3225 vero
2780 3168 3194 3241 Elaphebolioni
3252 3167 3626 3239 Munychion;

404 3261 505 3334 μὲν
529 3259 638 3333 γὰρ
669 3259 762 3313 ἀπ’
801 3256 1258 3328 Ἐλαφηϐολιῶνος
1284 3255 1672 3327 Σκιροφοριὼν,
1699 3255 1878 3328 τρίτος
1905 3255 1962 3309 δὲ

400 3353 512 3408 ἀπὸ
535 3349 933 3421 Μουνυχιῶνος.
952 3348 1326 3419 Ἀριστοτέλης
1352 3349 1410 3402 ἐν
1426 3350 1494 3419 τῇ
1510 3348 1647 3419 αὐτῇ
1666 3348 1796 3419 περὶ
1811 3346 1963 3412 ζώων

403 3442 615 3515 ἱστορίᾳ
660 3436 764 3496 ὧδε
823 3439 1326 3513 καταριθμούμενος
1371 3439 1596 3510 τέταχεο
1653 3458 1671 3491 ι
1709 3438 1963 3492 Τίκτουσι

400 3534 445 3587 δ’
471 3535 519 3587 οί
547 3534 788 3587 πλεῖστοι
806 3532 916 3587 τῶν
949 3533 1144 3601 ἰχθύων
1167 3535 1225 3586 ὲν
1248 3533 1381 3604 μησὶ
1403 3533 1569 3604 τρισὶ,
1601 3530 1962 3603 Μουνυχιῶνι,

402 3626 497 3679 καὶ
531 3625 899 3698 Θαργηλιῶνι,
925 3626 1020 3679 καὶ
1049 3623 1461 3696 Σκιροφοριῶνι.
1491 3644 1510 3676 ι
1535 3625 1884 3696 Δημοσθένης
1909 3626 1966 3680 δὲ

402 3718 460 3769 ἐν
507 3717 584 3787 τῷ
614 3716 756 3785 Περὶ
795 3716 1271 3785 παραπρεσϐείας
1302 3715 1469 3786 λόγῳ·
1509 3733 1527 3765 ι
1558 3716 1624 3768 Ἡ
1659 3714 1758 3785 μὲν
1788 3716 1966 3769 τοίνυν

402 3810 618 3881 εἰρήνη,
654 3826 674 3860 ›
722 3808 907 3879 φησὶν,
946 3826 965 3859 ι
1014 3806 1471 3877 Ἐλαφηϐολιῶνος
1521 3806 1655 3880 ἐκτῃ
1700 3807 1793 3860 ἐπὶ
1835 3806 1967 3861 δέκα

403 3900 651 3969 ἐγένετο’
692 3898 1123 3970 ἀπεδημήσαμεν
1155 3898 1212 3951 δὲ
1250 3900 1410 3970 ἡμεῖς
1463 3899 1556 3953 ἐπὶ
1600 3900 1725 3962 τοὺς
1772 3898 1967 3970 ὅρκους

402 3996 552 4063 τρεῖς
595 3991 749 4055 ὅλους
779 3990 975 4062 μῆνας.
1014 3990 1123 4046 Καὶ
1163 3988 1351 4044 τοῦτον
1389 3991 1605 4045 ἅπαντα
1657 3990 1748 4045 τὸν
1778 3991 1966 4063 χρόνον

402 4079 544 4156 ἦσαν
575 4084 625 4137 oi
655 4084 860 4146 Φωκεῖς
893 4078 1040 4137 σῶοι.
1069 4082 1312 4153 Ἦκομεν
1334 4081 1392 4135 δὲ
1422 4082 1528 4135 ἀπὸ
1550 4082 1649 4152 τῆς
1674 4081 1968 4153 πρεσϐείας

404 4176 504 4244 τῆς
534 4175 627 4228 ἐπὶ
673 4175 799 4237 τοὺς
831 4174 1027 4246 ὅρκους
1067 4173 1224 4246 τρίτῃ
1258 4174 1351 4227 ἐπὶ
1391 4172 1524 4228 δέκα
1560 4173 1654 4227 τοῦ
1704 4174 1967 4244 Σκιροφο-

411 4267 621 4339 ριῶνος.
673 4286 692 4319 ι
742 4267 854 4321 Καὶ
906 4265 1163 4337 Αἰσχίνης
1217 4264 1276 4317 δὲ
1342 4266 1400 4319 ἐν
1451 4267 1519 4337 τῇ
1579 4265 1721 4335 Περὶ
1780 4280 1966 4335 παρα-

406 4358 726 4426 πρεσϐείας
766 4358 1080 4427 ἀπολογία,
1116 4355 1396 4422 ὑπειπὼν,
1440 4358 1522 4411 ὅτι
1573 4357 1636 4429 δὴ
1689 4357 1789 4428 τὴν
1846 4359 1969 4410 ἐπι-

409 4450 601 4522 στολὴν
626 4451 856 4522 γράψειε
897 4453 1087 4524 Χάρης
1130 4449 1592 4523 Ἐλαφηϐολιῶνος
1633 4450 1799 4522 μηνὸς
1833 4449 1967 4521 ἕκτῃ

2063 3267 2293 3328 quartus
2325 3260 2471 3314 enim
2504 3260 2575 3314 ab
2606 3257 3029 3329 Elapbebolione
3056 3256 3446 3329 Scirophorion
3465 3297 3484 3323 ,
3517 3265 3627 3313 ter-

2062 3351 2172 3407 tius
2201 3360 2380 3408 autem
2414 3367 2445 3407 a
2479 3351 2860 3424 Munychione.
2882 3353 3202 3410 Aristoteles
3234 3352 3291 3408 in
3322 3351 3511 3409 eadem
3544 3354 3621 3409 hi-

2066 3446 2235 3502 storia
2283 3446 2352 3501 de
2399 3445 2731 3501 animalibus
2777 3445 2880 3502 hos
2920 3446 3002 3503 sic
3052 3446 3246 3502 ordine
3295 3454 3623 3502 enumerat:

2071 3557 2089 3588 ι
2117 3536 2342 3593 Pariunt
2371 3544 2518 3593 certe
2541 3538 2721 3608 pisces
2746 3537 2967 3609 plurimi
3002 3539 3180 3594 tribus
3209 3538 3295 3594 his
3320 3540 3627 3605 mensibus,

2066 3629 2466 3702 Munychione,
2515 3629 2915 3702 Thargelioue,
2969 3628 3408 3701 Scirophorione.
3460 3650 3479 3684 ι
3525 3631 3629 3688 De-

2064 3721 2383 3778 mosthenes
2426 3736 2558 3787 vero
2591 3723 2647 3777 in
2677 3721 2925 3776 oratione
2957 3721 3033 3775 De
3058 3724 3303 3775 ementita
3337 3720 3630 3790 legatione:

2072 3831 2089 3864 r
2107 3810 2928 3883 .Pax(inquit)Elaphebolionis
2954 3812 3168 3867 decimo
3180 3823 3335 3868 sexto
3364 3811 3454 3868 die
3486 3811 3630 3868 facta

2065 3909 2150 3958 est
2180 3921 2193 3956 :
2228 3916 2390 3973 porro
2423 3912 2532 3958 tres
2578 3903 2820 3974 integros
2861 3918 3080 3959 menses
3131 3904 3200 3957 ad
3242 3903 3632 3974 jusjurandum

2067 3993 2440 4063 recipiendum
2475 4006 2704 4062 peregre
2738 3991 3050 4056 abfuimus,
3087 3991 3250 4061 idque
3281 3998 3456 4045 totum
3489 3999 3597 4045 tem
3617 4018 3633 4031 -

2067 4100 2170 4154 pus
2196 4086 2329 4141 salvi
2361 4082 2513 4139 l‘uere
2543 4082 2855 4140 Phocenses
2881 4100 2896 4149 ;
2929 4083 3297 4153 rediimusque
3317 4083 3385 4137 ab
3404 4097 3469 4138 ea
3488 4082 3633 4153 lega-

2069 4176 2216 4231 tione
2245 4176 2313 4231 de
2338 4174 2732 4247 jurejurando,
2763 4175 2977 4230 decimo
3009 4176 3170 4231 tertio
3206 4173 3295 4230 die
3335 4171 3634 4244 Sciropho-

2067 4267 2260 4324 rionis.
2309 4286 2329 4319 ι
2375 4266 2443 4321 Ει
2492 4265 2785 4322 Eschines
2834 4280 2967 4322 vero
3019 4267 3076 4321 in
3126 4264 3434 4335 Defensione
3481 4264 3635 4333 falsa

2069 4357 2345 4428 legationis
2369 4395 2387 4420 ,
2436 4371 2561 4411 cum
2592 4363 2717 4411 ante
2749 4354 3010 4419 dixisset,
3043 4352 3330 4424 epistolam
3364 4366 3461 4421 per
3486 4350 3637 4406 Cha-

2069 4458 2236 4504 retem
2268 4448 2528 4517 scriptam
2555 4463 2676 4505 esse
2702 4454 2856 4504 sexto
2878 4446 2981 4503 sub
3006 4446 3165 4501 ﬁnem
3190 4442 3636 4515 Elapheboliouis

407 4539 704 4612 φθίνοντος,
741 4542 1012 4612 ἐπήνεγκε
1059 4542 1212 4596 τάδε’
1257 4560 1277 4594 ι
1318 4541 1603 4603 Ἀκούετε,
1645 4541 1728 4594 ὅτι
1759 4541 1943 4594 Μουνυ

2075 4540 2191 4605 die,
2224 4539 2339 4595 haec
2367 4539 2601 4595 subinde
2631 4538 2813 4594 intulit
2845 4557 2859 4594 :
2894 4558 2913 4589 ι
2941 4537 3170 4593 Auditis.
3189 4533 3445 4608 (inquit)
3476 4548 3635 4604 roga-

405 4632 600 4705 χιῶνος
641 4631 912 4703 ἐψηφίσθη
947 4632 1102 4704 τρίτῃ
1150 4632 1468 4704 ἱσταμένου·
1508 4635 1538 4687 ὁ
1574 4632 1632 4685 δὲ
1663 4631 1966 4703 Κερσοκλέ-

406 4737 549 4797 "vis
579 4724 774 4787 πόσαις
803 4724 1067 4795 πρότερον
1110 4725 1344 4798 ἡμέραις
1375 4725 1627 4779 ἀπώλεσε
1676 4725 1776 4797 τὴν
1823 4724 1969 4798 Θρᾴ-

405 4830 531 4887 κην,
562 4816 691 4887 πρὶν
735 4814 834 4884 ἐμὲ
862 4814 1113 4880 ἀπιέναι;
1142 4813 1218 4878 ὥς
1264 4833 1397 4887 φησι
1430 4817 1619 4887 Χάρης
1646 4816 1967 4888 στρατηγὸς,

405 4909 502 4962 καὶ
553 4907 842 4978 ἐπιστολὴ,
868 4905 962 4960 τοῦ
997 4906 1262 4978 προτέρου
1300 4909 1467 4980 μηνός
1486 4927 1498 4938 ·
1541 4909 1701 4981 εῐπερ
1741 4908 1971 4982 Ἐλαφη-

407 5001 598 5056 ϐολιών
625 5004 740 5055 ἐστι
770 4998 1151 5070 Μουνυχιῶνος
1183 5000 1462 5073 πρότερος.
1484 5021 1514 5054 νι

524 5139 645 5191 Ὅτι
672 5135 803 5205 περὶ
833 5129 1228 5204 Μουνυχιῶνα
1254 5135 1293 5203 ἠ
1325 5133 1532 5202 ἐαρινὴ
1558 5135 1849 5205 ἰσημερίαι.

475 5280 546 5331 Δν.
584 5277 751 5348 Δῆλον
781 5277 838 5331 δὲ
863 5275 1007 5331 τοῦτ’
1040 5275 1172 5327 αὐτὸ
1200 5274 1292 5327 καὶ
1323 5275 1388 5327 ἐκ
1411 5273 1505 5326 τοῦ
1532 5273 1641 5327 δεῖν
1674 5276 1818 5346 μῆνα
1849 5293 1972 5329 συν·-

405 5371 503 5441 εχῆ
529 5365 687 5430 εἶναι,
716 5369 844 5439 περῖ
867 5368 926 5421 ὃν
952 5365 1211 5437 ίσημερία
1234 5365 1442 5436 ὲαρινή.
1461 5365 1596 5435 Περὶ
1617 5366 1971 5437 Μουνυχιῶνα

402 5460 461 5515 δὲ
490 5460 646 5530 αὕτη.
665 5459 1008 5530 Θεόφραστος
1028 5457 1137 5528 γὰρ
1170 5459 1227 5509 ὲν
1257 5458 1370 5518 τοῖς
1399 5457 1581 5520 αὐτοῖς
1606 5458 1732 5527 περὶ
1752 5456 1969 5528 άροτοῢ,

404 5551 593 5622 ὥσπερ
618 5551 725 5605 ἀπὸ
747 5549 962 5621 τροπῶν
994 5544 1130 5603 εἷναί
1153 5564 1286 5619 φησι
1303 5548 1401 5618 τὴν
1427 5548 1599 5619 ἀρχὴν
1618 5546 1713 5600 τοῦ
1733 5548 1968 5619 πρώτου,

405 5644 498 5697 καὶ
525 5642 777 5712 δευτέρου
810 5641 917 5695 τῶν
935 5640 1165 5713 ἀροτῶν,
1188 5639 1263 5703 ὡς
1291 5639 1385 5692 καὶ¹
1407 5638 1506 5709 τὴν
1533 5638 1627 5692 τοῦ
1657 5638 1837 5710 τρίτου
1865 5641 1974 5694 άπὸ

408 5735 699 5808 ἰσημερίας
732 5735 955 5806 ἐαρινῆς
983 5729 1123 5788 εἶναι
1159 5730 1565 5802 ἐνδεικνύμενος
1585 5749 1598 5763 ο
1629 5750 1647 5781 ι
1683 5731 1848 5805 Ἀρχὴ
1877 5730 1970 5785 τοῦ

405 5827 610 5890 τοττου.
644 5847 663 5880 ι
697 5827 883 5892 φησὶν.
920 5846 937 5880 ι
957 5825 1016 5882 ὃν
1043 5823 1265 5881 καλοῦσι
1292 5822 1522 5892 θερινὸν,
1561 5824 1967 5892 Μουνυχιῶνος·

2070 4632 2274 4687 tionem
2305 4632 2360 4686 in
2390 4632 2592 4702 populo
2625 4631 2818 4687 scitam
2853 4628 3024 4686 fuisse
3053 4628 3215 4684 tertio
3253 4626 3643 4697 Munychionis

2071 4723 2195 4779 die:
2229 4738 2416 4779 verum
2448 4730 2582 4792 quot
2608 4723 2760 4793 prius
2798 4721 2995 4779 diebus
3037 4719 3415 4791 Cersocleptes
3460 4717 3637 4773 Thra-

2070 4817 2211 4871 ciam
2244 4814 2455 4881 amisit,
2485 4829 2647 4884 quam
2676 4815 2792 4883 ipse
2818 4814 3055 4878 abirem,
3082 4818 3143 4866 ut
3172 4818 3405 4867 testatur
3429 4808 3639 4866 Chares

2072 4908 2391 4976 imperator,
2422 4915 2475 4960 et
2505 4904 2771 4973 epistola,
2824 4904 3096 4974 superiori
3148 4917 3336 4958 mense
3380 4901 3632 4972 epistola.

2069 4998 2207 5054 Nam
2240 5005 2392 5055 certe
2417 4996 2811 5069 Elapbebolion
2839 4996 3204 5069 Munychione
3232 4995 3400 5066 prior.
3436 5013 3455 5047 ι

2075 5134 2230 5203 Quod
2269 5134 2413 5189 circa
2450 5132 2853 5205 Munychionem
2889 5133 2959 5188 sit
2998 5148 3210 5187 vernum
3243 5129 3633 5201 azquinoctium.

2074 5295 2079 5298 ·
2142 5270 2233 5326 IV.
2273 5269 2392 5324 Iam
2427 5285 2558 5326 vero
2593 5269 2645 5323 id
2680 5271 2858 5340 ipsum
2887 5275 3103 5325 constat
3129 5284 3196 5322 ex
3222 5282 3289 5322 eo
3323 5263 3470 5336 quod
3510 5264 3638 5318 Ela-

2073 5362 2385 5433 phebolioni
2419 5368 2541 5416 etim
2574 5376 2815 5417 mensem
2845 5362 3170 5415 continuum
3196 5369 3319 5415 esse
3351 5364 3636 5428 Oporteat,

2071 5456 2220 5509 circa
2275 5467 2433 5522 quem
2483 5452 2555 5507 sit
2603 5451 2988 5522 aequinoctium
3030 5465 3282 5505 vernum.
3334 5449 3405 5502 At
3461 5448 3640 5518 ipsum

2072 5547 2219 5601 circa
2250 5544 2669 5615 Munychionem
2699 5550 2809 5598 cst.
2841 5542 2976 5597 Nam
3007 5540 3420 5612 Theophrastus
3448 5538 3640 5594 eodem

2072 5653 2182 5709 quo
2211 5651 2377 5707 supra
2412 5635 2480 5690 de
2510 5641 2754 5691 semente
2784 5635 2943 5699 loco,
2988 5631 3445 5702 quemadmodum
3487 5629 3641 5701 prin-

2072 5731 2274 5803 cipium
2303 5728 2566 5785 sementis
2590 5726 2780 5797 primae
2807 5732 2863 5781 et
2891 5723 3144 5780 secundae
3171 5724 3245 5779 ab
3268 5730 3502 5793 utroque
3531 5721 3641 5777 sol-

2073 5823 2222 5880 stitio
2250 5834 2371 5878 esse
2403 5817 2563 5884 dicit,
2596 5816 2671 5873 ita
2700 5822 2755 5872 et
2782 5814 2954 5873 tertiae
2981 5820 3105 5887 post
3138 5824 3365 5870 vernum
3393 5809 3609 5881 :equino
3637 5841 3642 5846 -
