4106 6406
485 356 618 412 H73

1463 355 1554 410 AD
1594 353 1858 410 EUSEBII
1890 349 2285 411 CHRONICON
2331 342 2696 406 APPENDIX.

3573 339 3714 406 1176

479 478 648 534 ctium
681 473 766 532 his
795 475 977 533 verbis
1001 475 1240 532 ostendit
1265 495 1278 532 :
1308 493 1328 528 ι
1351 473 1686 546 Principium
1712 477 1858 532 tertii
1892 487 2046 534 satus

2156 476 2208 536 iv
2235 466 2280 542 ᾧ
2307 473 2590 546 σπείρεται
2621 472 2826 536 σίκυος,
2863 467 3180 542 κολοκύνθη,
3211 467 3408 540 βλίτον.
3439 485 3458 520 ι
3501 467 3578 522 Οὐ
3611 465 3720 540 μὴν

481 567 706 638 (inquit)
727 583 890 642 quem
913 567 1158 622 aestivum
1179 573 1396 631 vocant,
1420 573 1505 622 est
1522 565 1914 638 Munychione-z
1937 583 2048 636 quo

479 671 728 732 tempore
751 661 952 716 seritur
973 659 1240 722 cucumis,
1265 659 1566 724 cucurbita,
1593 660 1808 714 blitum.
1833 679 1852 710 ι
1905 658 2048 724 Quin

479 757 646 808 etiam
687 755 864 824 pisces
903 752 1167 822 plurimos
1201 753 1358 820 juxta
1387 753 1772 822 aequinoctium
1816 766 2046 806 vernum

483 861 676 917 parere
720 846 794 898 ait
841 844 1202 898 Aristoteles:
1237 851 1290 896 et
1323 843 1554 914 plurima
1588 859 1652 896 ex
1688 849 1840 912 parte
1869 842 2048 895 tribus

483 939 572 992 his
601 935 882 992 mensibus
903 974 917 998 ,
950 941 1010 988 ut
1043 933 1246 988 dictum
1281 941 1400 996 est,
1437 931 1838 1004 Munychione,
1875 931 2050 986 Thar-

482 1029 698 1100 gelione
722 1067 738 1092 ,
771 1025 1214 1096 Scirophorione.
1265 1023 1339 1080 Eo
1372 1024 1428 1078 ﬁt
1461 1032 1520 1078 ut
1549 1027 1698 1080 circa
1729 1023 2049 1094 Munychio-

483 1137 606 1176 nem
637 1121 706 1176 sit
737 1133 962 1172 vernum
1003 1117 1421 1189 zequinoctium,
1469 1127 1522 1173 et
1567 1117 2048 1186 Elapbebolionem

482 1211 664 1266 statim
697 1210 1024 1282 Munychion
1057 1218 1444 1278 consequatur.
1481 1208 1748 1264 Craterum
1779 1215 1903 1278 post
1933 1205 2050 1260 Mu-

483 1302 806 1373 nychionem
857 1301 1121 1358 continuo
1171 1300 1586 1370 Thargelionem
1639 1316 1800 1365 esse,
1851 1298 2052 1356 deinde

483 1391 1000 1462 Seirophorionem,
1063 1406 1168 1446 non
1225 1390 1387 1446 modo
1431 1407 1498 1446 ex
1551 1391 1620 1446 iis
1663 1389 2046 1454 manifestum,

478 1499 600 1553 qua:
623 1497 770 1536 nunc
789 1499 856 1538 ex
879 1483 1170 1538 Aristotele
1195 1481 1478 1537 retulimus
1503 1501 1518 1548 ;
1547 1482 1640 1538 sed
1668 1499 1730 1537 ex
1755 1482 1822 1537 iis
1845 1482 2010 1542 etiam
2029 1519 2048 1546 ,

481 1589 601 1644 quae
633 1573 701 1628 ab
729 1572 849 1644 ipso
877 1572 1016 1628 dicta
1051 1572 1210 1643 156
1239 1581 1366 1626 sunt
1399 1573 1466 1626 de
1499 1573 1704 1636 bobus,
1741 1581 1795 1628 et
1829 1575 2007 1630 cervis
2030 1611 2047 1636 ,

481 1664 536 1718 in
569 1663 762 1718 iisdem
809 1663 964 1718 libr-is
997 1663 1066 1718 de
1107 1663 1454 1718 animalibus.
1487 1681 1504 1714 ι
1557 1663 1740 1724 Bobus
1791 1663 2048 1736 (inquit)

481 1757 696 1812 initium
745 1756 924 1812 coitus
967 1763 1054 1812 est
1101 1771 1288 1812 mense
1338 1755 1697 1824 Thargelione
1749 1763 1804 1811 et
1861 1753 2048 1810 Sciro-

481 1849 743 1917 phorione
787 1847 1058 1918 plurimis.
1113 1847 1218 1904 Sed
1265 1848 1542 1902 nonnullae
1585 1849 1746 1902 etiam
1777 1861 1952 1916 usque
1983 1845 2051 1900 ad
2081 1836 2124 1890 Β

482 1948 804 1996 autumnum
834 1938 1066 1996 coeundi
1097 1947 1309 2009 tempus
1357 1939 1652 1994 deducunt.
1695 1956 1714 1988 ›
1741 1936 1806 1992 Ει
1857 1953 2051 1994 cervos

483 2041 742 2102 praeterea
775 2045 982 2086 cornua
1011 2031 1262 2086 amittere
1292 2029 1430 2086 dicit
1455 2044 1644 2085 mense
1672 2027 2050 2099 Thargelione.

481 2120 538 2176 ld
564 2137 692 2178 vero
723 2136 912 2176 mense
937 2121 1082 2176 veris
1105 2119 1348 2176 secundo
1375 2119 1625 2174 accidere
1655 2118 2050 2187 conspicimus.

483 2211 684 2268 Eodem
717 2227 880 2282 porro
907 2212 1143 2283 pertinet
1169 2212 1332 2266 etiam
1365 2211 1494 2264 illud
1519 2249 1534 2274 ,
1565 2211 1714 2280 quod
1745 2211 1800 2264 in
1833 2224 1899 2266 eo
1923 2224 2055 2278 ope-

483 2321 542 2362 re
561 2345 576 2370 ,
607 2305 752 2375 quod
779 2305 942 2358 Μετὰ
972 2303 1044 2357 τὰ
1075 2300 1306 2372 φυσικὰ
1335 2302 1654 2372 inscripsit,
1697 2320 1716 2354 ι
1747 2301 2054 2371 navigatio-

483 2413 608 2453 nem
633 2417 652 2450 ι
678 2397 868 2452 scribit
895 2415 912 2447 ς
941 2394 1056 2452 ﬁeri
1081 2394 1150 2448 ab
1171 2395 1520 2463 acquinoctio,
1545 2413 1563 2446 ι
1585 2401 1636 2449 et
1659 2411 1678 2444 ι
1701 2409 1768 2448 ει
1785 2391 2056 2464 Dionysiis

483 2485 772 2559 Thargelia
805 2487 977 2542 festa:
1015 2506 1034 2540 ι
1067 2485 1210 2556 quod
1257 2485 1372 2540 haec
1417 2495 1568 2539 certe
1619 2493 1742 2554 post
1773 2484 2054 2557 Dionysia.

484 2580 714 2635 Constat
743 2579 884 2634 enim
915 2578 1136 2634 solitum
1163 2577 1430 2634 celebrari
1455 2575 1654 2632 Libero
1683 2579 1822 2648 patri
1857 2577 2056 2634 festum

485 2687 673 2727 mense
703 2670 1082 2740 Munychione,
1133 2671 1350 2726 circiter
1373 2669 1758 2740 aequinoctium
1805 2685 2054 2724 vernum.

489 2759 972 2830 Seirophorionem
1003 2775 1132 2816 vero
1161 2774 1286 2814 mox
1315 2775 1438 2816 esse
1479 2766 1602 2830 post
1641 2757 2058 2829 Tbargelionem

487 2861 720 2909 testatur
747 2851 1158 2922 Theophrastus
1203 2853 1258 2906 in
1301 2852 1494 2908 iisdem
1539 2851 1696 2908 libris
1741 2851 1808 2907 de
1856 2853 2059 2922 plantis

485 2945 714 3001 dicens:
751 2962 768 2994 ι
803 2943 1032 3008 Pinum,
1067 2944 1296 3000 abietem
1319 2983 1336 3008 ,
1372 2944 1540 2998 robur
1575 2943 1938 3000 intermittere
1971 2946 2058 3000 in-

486 3044 855 3098 crementum,
911 3041 1174 3104 ternaque
1225 3033 1388 3094 edere
1437 3033 1722 3104 germina:
1779 3034 2055 3103 primum,

487 3141 702 3184 summo
733 3141 854 3182 vere
881 3126 1098 3192 statim,
1123 3125 1502 3195 Thargelionis
1527 3125 1718 3192 initio;
1749 3123 2056 3180 secundum

487 3215 818 3272 intermissis
864 3214 1056 3270 diebus
1105 3213 1326 3268 circiter
1363 3213 1588 3284 triginta
1615 3252 1632 3276 ,
1685 3213 1768 3268 vel
1806 3213 2056 3283 pauxillo

489 3307 736 3379 pluribus
762 3307 908 3362 circa
933 3304 1410 3375 Seirophorionem
1437 3305 1808 3372 desinentem;
1832 3305 2054 3361 tertium

487 3399 721 3468 denique
741 3437 756 3462 ,
797 3397 1084 3466 interjecto
1119 3397 1232 3452 fere
1259 3395 1570 3466 quindecim
1602 3395 1812 3450 dierum
1852 3397 2052 3466 spatio,

488 3489 766 3554 emittere,
795 3505 898 3544 nec
923 3487 1128 3544 diutius
1151 3488 1300 3544 senis
1329 3495 1422 3540 aut
1453 3487 1696 3560 septenis
1726 3487 1922 3544 diebus
1951 3487 2058 3544 He-

489 3581 902 3638 eatombaeonis.
936 3599 954 3632 ι
989 3579 1312 3636 Testimonii
1369 3589 1550 3635 autem
1607 3579 1730 3636 loco
1785 3587 1868 3636 est
1925 3580 2058 3634 illud

490 3689 710 3745 quoque
753 3671 1136 3742 plebiscitum,
1182 3671 1330 3740 quod
1377 3671 1632 3742 producit
1673 3671 1970 3728 1Eschines
2001 3671 2060 3726 in

491 3766 739 3820 oratione
767 3763 1032 3818 adversus
1059 3761 1490 3833 Ctesiphontem.
1523 3763 1668 3820 Dicit
1694 3765 1838 3820 enim
1869 3764 2061 3822 decre-

491 3865 611 3910 tum
658 3869 782 3910 esse
821 3853 911 3908 die
956 3853 1336 3924 Thargelionis
1381 3857 1710 3924 penultimo,
1746 3864 1806 3910 ut
1838 3857 2062 3912 comitia

493 3943 827 4000 haberentur
855 3943 1094 3998 ineuntis
1122 3943 1566 4014 Sciropborionis
1595 3947 1836 4000 secundo
1861 3947 1950 4002 die
1976 3948 2060 4002 vel

491 4037 678 4094 tertio.
715 4035 848 4092 Post
879 4033 1360 4106 Seirophorionem
1391 4051 1522 4090 vero
1558 4035 2061 4106 llecatombtconem
2111 4061 2116 4064 ·

492 4145 650 4195 esse,
699 4143 825 4184 cum
879 4129 936 4182 in
986 4127 1318 4198 supradictis
1349 4126 1591 4182 declarat
1619 4128 2058 4199 Theophrastus,

497 4236 610 4278 tum
639 4223 694 4278 in
735 4223 803 4278 iis
837 4237 962 4292 quae
991 4221 1060 4278 de
1091 4221 1462 4291 amputatione
1493 4221 1695 4276 tibialis
1724 4221 1918 4282 calami
1948 4236 2062 4276 me-

493 4315 680 4370 moriae
709 4314 909 4386 prodit.
959 4313 1050 4366 Ait
1091 4312 1266 4377 enim,
1313 4311 1446 4368 caedi
1491 4313 1710 4368 solitum
1743 4313 2062 4382 tempestive

493 4421 666 4476 usque
691 4407 758 4462 ad
789 4403 1167 4476 Antigenidem
1185 4444 1200 4470 ,
1231 4419 1356 4460 cum
1383 4405 1561 4460 adhuc
1586 4405 1819 4476 simplici
1853 4408 2061 4460 musica

2153 564 2291 618 άλλά
2327 564 2422 617 καὶ
2467 561 2575 616 τῶν
2612 560 2808 632 ἰχθύων
2853 561 2979 622 τοὺς
3023 557 3306 622 πλείστους
3351 557 3552 610 τίκτειν
3589 558 3722 630 περὶ

2152 654 2371 726 ἐαρινὴν
2397 653 2682 724 ἰσημερίαν
2719 650 3094 722 Ἀριστοτέλης
3127 649 3294 720 φησί·
3328 650 3453 712 τοὺς
3481 648 3538 702 δὲ
3565 647 3719 702 πλεί-

2155 766 2312 812 στους
2351 748 2444 802 καὶ
2490 750 2546 800 ὲν
2578 747 2728 820 τρισί¹
2765 745 2920 816 μησὶ,
2957 742 3320 814 Μουνυχιῶνι,
3351 741 3718 812 Θαργηλιῶνι,

2153 839 2562 912 Σκιροφοριῶνι,
2594 839 2670 902 ὡς
2703 839 2936 908 εἴρηται.
2967 835 3174 888 Οὐκοῦν
3203 835 3331 906 περί
3362 834 3722 904 Μουνυχιῶνα

2151 935 2186 1003 ἡ
2219 932 2406 1003 ὲαρινὴ
2439 931 2717 1002 ἰσημερία,
2751 929 2844 982 καὶ
2885 927 3081 998 ἐφεξῆς
3115 927 3536 998 Ἐλαφηϐολιῶνι
3575 929 3724 982 Μου-

2151 1023 2370 1094 νυχιὼν.
2419 1023 2574 1077 Μετὰ
2625 1021 2682 1074 δὲ
2717 1020 3074 1090 Μουνυχιῶνα
3126 1019 3286 1082 εὐθὺς
3317 1015 3454 1074 εἶναι
3503 1019 3723 1090 Θαργη-

2149 1117 2336 1180 λιῶνα,
2377 1111 2494 1168 εἶτα
2519 1113 2949 1186 Σκιροφοριῶνα,
2983 1111 3232 1181 ἐπίδηλον
3263 1113 3360 1165 οὐκ
3389 1115 3454 1164 ἐκ
3491 1112 3598 1165 τῶν
3625 1113 3722 1166 νῦν

2149 1207 2213 1278 δὴ
2251 1207 2555 1278 εἰρημένων
2595 1204 2998 1276 Ἀριστοτέλους
3029 1205 3208 1274 μόνον,
3237 1203 3374 1256 ἀλλά
3400 1205 3494 1256 καὶ
3521 1206 3586 1256 ὲκ
3611 1203 3723 1256 τῶν

2149 1297 2446 1368 λεχθέντων
2474 1295 2617 1366 αὐτῷ
2645 1295 2774 1366 περὶ
2800 1295 2937 1366 βοῶν
2963 1295 3058 1348 καὶ
3085 1295 3297 1363 ἐλάφων
3323 1297 3380 1346 ὲν
3401 1296 3512 1357 τοῖς
3539 1295 3722 1356 αὐτοῖς

2151 1391 2276 1463 περὶ
2317 1388 2470 1452 ζώων
2515 1387 2936 1460 ἱστορουμένοις.
2967 1405 2984 1438 ι
3015 1387 3304 1457 Ἀρχονται
3341 1387 3440 1456 τῆς
3477 1387 3716 1456 excitu,-

2151 1482 2341 1554 φησὶν,
2374 1483 2476 1534 (ταί
2511 1479 2636 1550 βοῦς
2666 1480 2795 1550 περί
2825 1479 2914 1532 τὸν
2943 1478 3298 1550 Θαργηλιῶνα
3329 1478 3474 1549 μῆνα
3507 1479 3600 1531 καὶ
3627 1479 3722 1534 τὸν

2153 1573 2558 1646 Σκιροφοριῶνα
2607 1573 2663 1624 αἰ
2708 1571 2985 1624 πλεῖσταιο
3037 1569 3099 1622 οὐ
3141 1568 3244 1641 μὴν
3295 1568 3410 1622 ἀλλ’
3441 1568 3579 1622 ἔνιαι
3627 1567 3724 1622 καὶ

2157 1665 2317 1737 μέχρι
2345 1663 2439 1718 τοῦ
2487 1661 2802 1736 μετοπώρου
2846 1663 3183 1716 κυΐσκονται.
3219 1680 3238 1712 ι
3269 1661 3377 1714 Καὶ
3429 1662 3556 1724 τοὺς
3595 1660 3722 1713 ἐλά-

2153 1775 2284 1828 φους
2313 1757 2368 1810 δὲ
2397 1755 2722 1811 ἀποϐάλλειν
2747 1755 2874 1826 περί
2901 1753 3260 1826 Θαργηλιῶνα
3293 1753 3362 1806 τὰ
3396 1752 3600 1822 κέρατα
3637 1751 3728 1806 λέ·

2149 1868 2270 1920 γειυ
2305 1851 2462 1904 τοῦτο
2501 1851 2556 1902 δὲ
2597 1849 2830 1921 δευτέρῳ
2861 1851 2992 1920 μηνί
3029 1849 3138 1902 τῶν
3170 1845 3398 1918 ἐαρινῶν
3429 1845 3728 1916 συμϐαῖνον

2150 1943 2386 2015 ὁρῶμεν.
2421 1943 2516 2006 Εἰς
2541 1941 2708 1994 ταυτὺ
2745 1941 2804 1994 δὲ
2837 1941 2998 1994 τείνει
3028 1941 3121 1994 καὶ
3147 1939 3206 1992 τὸ
3235 1941 3292 1992 ὲν
3315 1941 3426 2002 τοῖς
3449 1937 3610 1992 Μετὰ
3651 1937 3728 1991 τὰ

2149 2037 2382 2107 φυσικὰ
2403 2035 2568 2108 ῥηθέν
2585 2053 2598 2066 ·
2627 2037 2710 2090 ὅτι
2743 2057 2762 2088 ι
2787 2035 2846 2100 ἐξ
2877 2031 3164 2106 ἰσημερίας
3191 2033 3406 2102 ἐγένετο
3429 2033 3458 2084 ὁ
3483 2027 3674 2092 πλοῦς,
3699 2045 3722 2080 ι

2151 2130 2246 2184 καὶ
2275 2148 2294 2180 ι
2325 2131 2388 2184 ὲκ
2415 2129 2702 2183 Διονυσίων
2731 2125 3008 2198 Θαργήλια
3031 2139 3050 2154 ··
3083 2143 3102 2176 ι
3137 2123 3270 2176 διότι
3305 2120 3444 2192 μετὰ
3485 2119 3554 2173 τὰ
3601 2121 3723 2170 Δισ-

2151 2219 2330 2274 νύσια.
2355 2221 2523 2290 Δῆλον
2549 2221 2677 2290 γὰρ,
2709 2219 2791 2272 ὅτι
2835 2215 3216 2285 Μουνυχιῶνος
3242 2213 3334 2266 καὶ
3363 2210 3492 2280 περί
3529 2211 3726 2278 ἰσημε-

2153 2311 2276 2383 ρίαν
2317 2311 2534 2382 ἐαρινὴν
2564 2311 2726 2381 ἧγετο
2754 2307 3050 2379 Διονύσῳή
3091 2307 3272 2378 έορτή.
3317 2299 3730 2372 Σκιροθιςοριῶνει

2151 2405 2196 2458 δ’
2227 2403 2356 2472 ἑξῆς
2399 2399 2536 2456 εἶναι
2577 2400 2920 2473 Θαργηλιῶνι
2967 2400 3234 2471 μαρτυρεῖ
3260 2395 3355 2450 καὶ
3383 2395 3726 2464 Θεόφραστος

2153 2501 2212 2553 ὲν
2249 2501 2362 2562 τοῖς
2405 2500 2586 2562 αὐτοῖς
2621 2498 2748 2568 περὶ
2782 2494 2962 2565 φυτῶν
2983 2535 2996 2559 ,
3037 2491 3242 2560 λέγων·
3295 2509 3312 2541 ι
3349 2487 3598 2556 Πεύκην,
3629 2485 3728 2540 καὶ

2156 2587 2388 2661 ἐλάτην,
2447 2591 2543 2642 καὶ
2599 2587 2730 2659 δρῦν
2787 2585 3082 2638 διαλείπειν
3143 2583 3272 2652 περὶ
3319 2579 3418 2650 τὴν
3464 2577 3726 2648 αὔξησιν,

2157 2681 2250 2735 καὶ
2279 2681 2428 2751 τρεῖς
2477 2675 2694 2748 άὶριέναι
2721 2677 2980 2748 βλαστούς
2999 2693 3012 2706 ·
3049 2675 3140 2728 τὸν
3171 2674 3268 2744 μὲν
3307 2671 3519 2744 πρῶτον
3555 2671 3728 2740 ἄκρου

2155 2770 2336 2842 ἔαρος,
2370 2770 2532 2834 εὐθὺς
2589 2767 2878 2838 ἱσταμένου
2927 2767 3020 2820 τοῦ
3057 2763 3474 2836 Θαργηλιῶνοςο
3531 2763 3625 2816 τὸν
3665 2761 3728 2814 δὲ

2156 2862 2408 2932 δεύτερον
2463 2861 2812 2923 διαλιπούσας
2879 2859 3008 2929 περὶ
3069 2857 3392 2928 τριάκοντα,
3443 2855 3476 2926 ἢ
3545 2851 3730 2924 μικρῷ

2159 2954 2376 3017 πλείους
2399 2953 2614 3024 ἡμέρας
2641 2949 3026 3006 ἐπιϐάλλεσθαι
3051 2949 3179 3019 περί⁸
3206 2948 3296 3000 τὸν
3319 2945 3730 3017 Σκιροφοριῶνα

2162 3047 2304 3118 μῆνα
2333 3046 2564 3117 λήγοντα
2583 3062 2594 3074 ·
2629 3043 2721 3098 τὸν
2749 3043 2808 3096 δὲ
2847 3041 3028 3113 τρίτον
3061 3039 3409 3100 διαλιπούσας
3443 3039 3570 3108 περὶ
3597 3053 3730 3090 πεν.

2159 3139 2447 3194 τεκαίδεκα
2481 3137 2692 3209 ἡμέρας
2713 3175 2728 3200 ,
2765 3133 3152 3188 ἐπιϐάλλεσθαι
3197 3131 3256 3197 ἒξ
3283 3132 3314 3200 ἢ
3347 3129 3484 3182 ἑπτὰ
3515 3128 3729 3200 ἡμέρας

2168 3228 2652 3301 Ἑκατομϐαιῶνος.
2691 3247 2710 3280 ι
2747 3225 3060 3298 Μαρτύριον
3107 3225 3164 3278 δὲ
3208 3224 3300 3278 καὶ
3340 3223 3400 3274 τὺ
3429 3222 3684 3292 ψήφισμα
3707 3259 3726 3286 ,

2156 3323 2292 3394 ὅπερ
2317 3321 2572 3392 Αἰσχίνης
2593 3317 2928 3391 προφέρεται
2947 3319 3004 3370 ὲν
3019 3317 3096 3388 τῷ
3117 3315 3276 3370 Κατὰ
3303 3311 3730 3382 Κτησιφῶντος

2156 3413 2318 3482 λόγῳ.
2369 3413 2510 3483 Φησί
2565 3411 2674 3482 γὰρ
2749 3409 3058 3480 γεγράφθαι
3119 3404 3498 3478 Θαργηλιῶνος
3557 3402 3728 3473 μηνὸς

2155 3502 2381 3574 δευτέρα
2416 3501 2710 3570 φθίνοντος,
2735 3499 2940 3569 ἀγορὰν
2967 3499 3188 3568 ποιῆσαι
3214 3495 3322 3550 τῶν
3361 3493 3564 3563 φυλῶν,
3599 3493 3728 3546 Σκι-

2163 3591 2488 3663 ροφοριῶνος
2537 3590 2764 3662 δευτέρᾳ
2801 3589 3102 3660 ’ἱσταμένου
3145 3587 3236 3642 καὶ
3273 3585 3454 3658 τρίτῃ.
3509 3583 3632 3636 Ἐπὶ
3669 3581 3732 3636 δι

2159 3680 2546 3754 Σκιροφοριῶνι
2585 3679 3030 3750 Ἑκατομϐαιῶνα
3059 3675 3194 3732 εἶναι
3227 3678 3376 3748 δηλοῖ
3407 3677 3504 3748 μὲν
3537 3677 3632 3730 καὶ
3663 3677 3732 3730 ὲκ

2157 3773 2267 3828 τῶν
2302 3772 2395 3827 νῦν
2430 3773 2731 3844 εἰρημένων
2765 3771 3128 3842 Θεόφραστος,
3169 3771 3266 3840 οὐχ
3307 3771 3504 3840 ἣκιστα
3537 3769 3592 3822 δὲ
3633 3767 3736 3820 καὶ

2160 3865 2220 3929 ἐξ
2242 3858 2316 3918 ὧν
2341 3867 2542 3933 ἱστορεῖ
2561 3864 2688 3934 περὶ
2713 3864 2811 3933 τῆς
2831 3863 3002 3932 τομῆς
3029 3861 3122 3914 τοῦ
3143 3859 3434 3932 αὐλητικοῦ
3457 3859 3732 3929 καλάμου,

2159 3956 2321 4024 Λέγει
2345 3953 2452 4025 γὰρ
2475 3953 2578 4024 πρὸ
2613 3953 2967 4022 Ἀντιγενίδου
2995 3953 3112 4022 μὲν,
3131 3953 3290 4023 ἡνίκα
3323 3951 3521 4022 ηὓλουν
3549 3951 3732 4006 ἀπλά-

2163 4063 2323 4112 στως,
2353 4045 2562 4116 ὡραίαν
2595 4045 2692 4115 τὴν
2739 4045 2910 4114 τομὴν
2939 4040 3077 4098 εἶναι
3111 4043 3200 4097 ὑπ’
3252 4043 3562 4115 Ἀρκτούρῳ
3591 4042 3732 4114 Βοη-

2159 4136 2454 4210 δρομιῶνος
2489 4136 2655 4206 μηνός
2679 4151 2694 4167 ο
2720 4135 2942 4206 ὕστερον
2975 4135 3054 4198 δὲ,
3081 4134 3266 4206 ἐπειδὴ
3287 4137 3364 4198 εἰς
3395 4135 3494 4205 τὴν
3533 4133 3732 4188 πλάσιν

2111 4260 2120 4268 -
2165 4227 2492 4299 μετέϐησαν,
2531 4227 2987 4298 μετακινηθῆναι·
3019 4227 3237 4298 τέμνειν
3270 4225 3380 4296 γὰρ
3409 4223 3504 4278 τοῦ
3539 4225 3730 4296 Σκιρο-

2163 4321 2425 4392 φοριῶνος
2447 4321 2542 4374 καὶ¹
2579 4318 3047 4390 Ἑκατομϐαιῶνος
3065 4336 3078 4348 ·
3105 4319 3344 4390 ὡσπερεὶ
3373 4319 3478 4390 πρὸ
3511 4317 3734 4390 τροπῶν

2167 4411 2378 4484 μικρὸν,
2425 4411 2596 4482 ἢὺπὺ
2629 4411 2852 4482 τροπάς.
2897 4411 3006 4464 Καὶ
3062 4410 3434 4482 Ἀριστοτέλης
3485 4409 3542 4462 δὲ
3583 4411 3731 4480 τρεῖς

493 4505 796 4562 uterentur,
823 4497 928 4552 sub
954 4498 1212 4562 Arcturo,
1242 4513 1430 4554 mense
1454 4496 1868 4552 Boedromione.
1899 4493 2057 4551 Post-

2160 4501 2358 4572 ἐφεξῆς
2410 4503 2600 4573 τέταχε
2639 4501 2888 4554 τουτουσί
2937 4501 3143 4571 μῆνας,
3191 4500 3390 4554 εἰπών·
3440 4519 3459 4552 ι
3493 4499 3614 4552 Τῶν
3669 4499 3732 4552 δὲ

490 4605 654 4660 quam
709 4605 840 4646 vero
891 4589 1122 4646 accessit
1175 4590 1354 4656 ﬁctio,
1415 4599 1472 4646 et
1525 4601 1722 4647 cantus
1771 4590 2056 4656 luxuries,

495 4689 754 4736 mutatam
781 4696 1044 4736 ctesuram
1063 4721 1077 4746 ,
1099 4681 1342 4752 caedique
1369 4689 1608 4752 emptum
1635 4681 2062 4752 Scimphorione

491 4781 546 4826 et
571 4771 1018 4828 liccatomlneone
1037 4813 1050 4836 ,
1081 4773 1228 4828 velut
1262 4773 1424 4844 paulo
1454 4781 1580 4828 ante
1609 4773 1938 4838 solstitium,
1974 4771 2060 4826 vel

493 4867 593 4918 sul)
641 4866 761 4936 ipso
805 4866 1064 4922 solstitio.
1117 4865 1184 4920 Et
1225 4865 1550 4922 Aristoteles
1588 4865 1753 4920 etiam
1801 4863 1911 4918 hos
1947 4871 2060 4920 tres

493 4971 710 5012 menses
751 4957 1093 5012 continenter
1135 4964 1299 5026 atque
1339 4955 1532 5010 ordine
1575 4955 1899 5020 constituit,
1934 4968 2059 5010 cum

491 5047 672 5102 dixit:
706 5067 723 5100 ι
752 5045 1032 5112 Locustae,
1081 5048 1220 5103 inter
1263 5063 1326 5102 ea
1367 5062 1488 5118 quae
1527 5049 1674 5102 tenui
1703 5054 1886 5102 crusta
1917 5047 2059 5100 intc-

491 5145 714 5206 gunlur,
749 5153 850 5192 ova
871 5179 885 5204 ,
913 5153 1032 5208 qua:
1065 5147 1187 5208 post
1220 5139 1424 5192 coitum
1449 5149 1850 5210 conceperant,
1883 5137 2062 5194 tribus

493 5237 650 5284 utero
679 5239 876 5300 gerunt
903 5233 1204 5298 mensibus,
1227 5229 1672 5302 Scimphorione,
1691 5230 2064 5286 Hecatombte-

491 5339 596 5376 one
615 5362 629 5384 ,
659 5321 1058 5392 Metagitnione.
1092 5343 1110 5376 ι
1139 5325 1366 5394 Insuper
1390 5333 1570 5378 autem
1601 5321 1652 5377 id
1683 5337 1748 5378 ex
1775 5323 1898 5376 aliis
1925 5336 2066 5392 quo-

492 5431 602 5484 t;.ue
633 5415 818 5470 multis
845 5423 1052 5470 certum
1079 5427 1162 5472 est
1187 5425 1238 5471 et
1261 5417 1620 5485 exploratum.
1647 5413 1884 5470 Mensem
1915 5413 2060 5468 enim

501 5507 1108 5583 continuum‘ordinare
1139 5523 1366 5564 necesse
1399 5517 1514 5572 est,
1547 5509 1602 5564 in
1633 5523 1744 5578 quo
1775 5511 1845 5564 sit
1877 5506 2064 5564 solsti-

497 5597 628 5650 tiu.-n
659 5601 924 5662 mstivum,
945 5607 1200 5670 quartum
1223 5599 1442 5670 quidem
1473 5616 1502 5653 a
1536 5599 1920 5671 Munychione,
1950 5607 2061 5656 uta

493 5699 784 5744 vernorum
811 5693 1077 5750 mensium
1095 5693 1290 5764 primo.
1309 5693 2060 5748 Atcircallecatomhmonem

497 5779 787 5836 solstitium
816 5791 935 5848 est,
967 5792 1026 5838 ut
1053 5793 1210 5840 etiam
1241 5785 1558 5840 Aristotcles
1593 5785 1646 5840 in
1675 5783 1858 5840 eadem
1890 5784 2062 5840 mani-

2163 4593 2626 4665 μαλακοστράκων
2657 4595 2705 4646 οἱ
2743 4593 2973 4665 κάραϐοι
3004 4593 3141 4664 μετὰ
3173 4594 3270 4664 τὴν
3295 4593 3478 4664 ὀχείαν
3513 4591 3728 4656 κυοῦσι,

2159 4688 2256 4740 καὶ
2289 4685 2496 4755 ἴσχουσι
2523 4684 2593 4738 τὰ
2619 4685 2701 4738 ὠὰ
2741 4685 2868 4757 περὶ
2905 4688 3052 4756 τρεῖς
3085 4685 3276 4756 μῆνας,
3301 4683 3725 4756 Σκιροφοριῶνα,

2159 4777 2254 4830 καὶ
2305 4775 2781 4846 Ἑκατομϐαιῶνα,
2832 4777 2926 4830 καὶ
2979 4777 3438 4844 Μεταγειτνιῶνα.
3473 4794 3490 4826 ι
3523 4775 3641 4828 Ἔτι
3669 4773 3734 4826 δὲ

2164 4867 2381 4938 βέϐαιον
2417 4869 2512 4922 καὶ
2559 4869 2624 4922 ἐκ
2655 4869 2865 4922 πολλῶν
2899 4869 3092 4924 ἄλλων.
3117 4869 3278 4940 Μῆνα
3310 4868 3418 4939 γὰρ
3461 4867 3618 4932 τάξαι
3649 4866 3728 4919 δεῖ

2163 4960 2427 5032 προσεχῆ,
2469 4961 2596 5031 περί
2637 4959 2695 5014 ὃν
2736 4963 2792 5014 αἱ
2821 4961 3027 5031 Οεριναί
3079 4963 3302 5031 τροπαί·
3339 4961 3596 5032 τέταρτον
3621 4959 3730 5030 γὰρ

2163 5053 2270 5106 ἀπὸ
2291 5051 2691 5122 Μουνυχιῶνος,
2709 5053 2767 5116 ὃς
2779 5053 2841 5125 δὴ
2859 5053 3071 5125 πρῶτος
3090 5049 3158 5124 ἦν
3189 5052 3298 5106 τῶν
3321 5051 3572 5122 ἐαρινῶν.
3591 5050 3724 5121 Περὶ

2173 5141 2626 5212 Ἑκατομϐαιῶνα
2647 5141 2702 5194 δὲ
2727 5141 2780 5194 αἰ
2795 5144 2992 5212 τροπαὶ
3011 5145 3066 5196 αἱ
3091 5141 3318 5214 θεριναὶ,
3337 5141 3414 5205 ὡς
3449 5141 3542 5195 καὶ
3583 5143 3714 5210 Ἀρι-

2165 5233 2416 5304 στοτέλης
2447 5233 2726 5302 διασαφεῖ,
2753 5234 2924 5302 λέγων
2951 5235 3008 5286 ὲν
3041 5235 3152 5296 τοῖς
3185 5233 3366 5296 αὐτοῖς
3391 5235 3520 5304 περί
3547 5231 3726 5298 ζώων·

2167 5343 2186 5375 ι
2214 5325 2367 5376 Ἕνια
2409 5323 2462 5376 δὲ
2505 5323 2674 5376 τίκτει
2731 5321 2994 5394 χειμῶνος
3056 5323 3150 5374 καὶ
3199 5321 3420 5393 θέρους’
3465 5321 3726 5392 χειμῶνος

2167 5415 2266 5486 μὲν
2301 5411 2510 5483 λάϐραξ
2543 5413 2636 5466 καὶ
2661 5411 2943 5482 κεστρεὺς,
2977 5409 3166 5482 Θέρους
3191 5411 3248 5463 δὲ
3273 5411 3402 5482 περί
3441 5411 3531 5462 τὸν
3567 5410 3700 5464 Ἕκα

2161 5505 2472 5576 τομϐαιῶνα
2487 5503 2744 5566 θυννίδες,
2763 5503 2889 5574 περί
2912 5501 3114 5574 τροπὰς
3136 5501 3372 5573 Οερινάς·
3397 5521 3414 5552 ι
3441 5503 3532 5554 καὶ
3547 5500 3708 5554 πάλιν

2169 5619 2186 5650 ε
2238 5597 2542 5668 Ὀχεύονται
2585 5595 2794 5658 θύννοι,
2849 5595 2942 5648 καὶ
2989 5593 3272 5664 σκόμϐροι,
3297 5613 3315 5644 ›
3349 5593 3502 5662 φησί,
3545 5609 3564 5643 ι
3603 5591 3722 5663 περ’

2163 5689 2252 5744 τὸν
2294 5687 2730 5760 Ἐλαφηϐολιῶνα
2769 5686 3022 5755 φθίνοντα
3044 5703 3058 5716 ·
3093 5685 3334 5738 τίκτουσι
3373 5684 3430 5736 δὲ
3467 5701 3528 5736 πε
3540 5683 3592 5755 pi.
3639 5681 3722 5734 τοι

2177 5779 2620 5852 Ἑκατομϐαιῶνα
2655 5778 2968 5850 ἀρχόμενον.
3003 5797 3020 5828 ι
3059 5779 3122 5828 '0
3167 5775 3272 5848 γὰρ
3313 5775 3575 5846 πρότερον
3605 5773 3740 5844 περὶ
