4106 6426
332 409 470 473 H77

1231 404 1586 465 TBEODORI
1621 405 1827 465 GAZE
1865 405 2068 464 LIBER
2099 400 2188 463 DE
2227 401 2594 465 MENSIBUS.

3440 409 3576 463 H73

328 527 536 602 τροπὰς
559 524 777 598 θερινὰς
804 542 946 593 um,
971 525 1117 580 τοῦτ’
1146 525 1278 580 αὐτὸ
1302 525 1528 597 ὕστερον
1568 528 1700 600 περὶ
1738 526 1899 581 Ἐκα-

2006 526 2161 584 restat
2185 524 2436 582 historia.
2471 544 2490 576 ι
2524 523 2781 590 Quaedam
2803 562 2819 588 ,
2862 523 3069 594 inquit,
3108 524 3328 593 pariunt
3360 524 3537 579 hieme
3558 546 3574 570 ν

329 617 643 691 τομϐαιῶνα
673 617 971 690 ἀρχόμενον
1000 616 1176 687 λέγει·
1215 617 1291 682 ὡς
1327 617 1438 690 ἄρα
1470 618 1600 690 περὶ
1636 618 1896 689 Ἑκατομ-

332 710 540 765 ϐαιῶνα
569 709 867 782 ἀρχόμενον
897 708 1007 763 τῶν
1043 708 1272 780 θερινῶν
1301 709 1599 781 γινομένων
1642 708 1889 782 τροπῶν·

331 800 755 871 ὁμολογούμενον
804 801 863 855 δὲ
922 799 1133 866 τούτοις
1162 801 1258 856 καὶ
1298 805 1360 855 τδ
1410 801 1538 875 περὶ
1583 806 1757 873 τομῆς
1799 801 1895 856 τοῦ

334 890 626 962 αὐλητικοῦ
677 890 922 962 καλάμου
961 890 1290 963 Θεοφράστῳ
1313 890 1498 961 λεχθέν
1518 908 1532 922 ·
1572 909 1591 943 ι
1631 892 1897 963 Τέμνουσι

334 985 443 1055 γὰρ
485 983 548 1055 δὴ
591 981 653 1039 νῦ
667 1010 708 1049 θ,
742 1003 760 1036 ι
797 985 953 1056 φησι,
990 982 1118 1037 ατοῦ
1154 983 1583 1055 Σκιροφοριῶνος
1607 984 1701 1037 καὶ
1745 984 1904 1037 Ἑκα-

333 1075 700 1146 τομϐαιῶνος,
735 1074 975 1147 ὡσπερεὶ
1024 1074 1131 1145 πρὸ
1174 1073 1394 1146 τροπῶν
1430 1074 1657 1146 μικρὸν,
1708 1074 1742 1145 ἢ
1797 1074 1903 1128 ὑπὸ

334 1167 573 1238 τροπάς
610 1187 629 1218 ι
669 1166 851 1221 καὶτὸ
897 1166 1161 1237 πρότερον
1188 1165 1250 1236 δὴ
1286 1166 1608 1236 παρατεθὲν,
1637 1166 1717 1219 ὅτι
1762 1182 1902 1237 τρο-

334 1258 443 1321 πᾶς
474 1258 712 1329 θερινὰς,
736 1259 830 1312 τοῦ
856 1257 1321 1326 Μεταγειτνιῶνος
1348 1258 1514 1328 μηνός
1534 1274 1548 1288 ο
1581 1258 1633 1311 εἷ
1658 1275 1721 1327 γε
1762 1255 1900 1329 μετὰ

346 1350 795 1420 Ἑκατομϐαιῶνα
822 1349 1231 1418 Μεταγειτνιὼν
1258 1349 1475 1420 ἐφεξῆς.

1999 619 2104 673 alia
2136 626 2365 673 testate:
2398 617 2606 677 hieme,
2642 616 2827 685 lupus,
2854 615 3112 685 mugilis;
3142 623 3330 670 aestate
3354 656 3369 678 ,
3411 625 3578 686 atque

1999 711 2137 766 adeo
2183 709 2636 765 Hecatombaaone
2681 724 2902 772 mense,
2955 708 3180 763 circiter
3234 708 3568 772 solstitium,

2000 802 2248 857 thunnac.
2264 821 2285 856 ι
2306 800 2438 857 Item
2460 821 2474 857 :
2498 820 2517 854 ι
2541 800 2755 857 Coeunt
2777 799 2972 855 thunui
2995 807 3050 855 et
3074 799 3340 863 scombri,
3366 800 3576 870 inquit,

2003 894 2107 949 sub
2151 894 2310 950 tinem
2364 893 2849 964 Elaphebolionis,
2905 891 3237 962 pariuntque
3290 890 3580 945 Hecatom-

2002 987 2208 1044 baeonis
2243 987 2532 1057 principio.
2563 1004 2582 1038 ι
2610 983 2767 1052 Quod
2802 999 3038 1054 namque
3074 984 3299 1038 circiter
3326 982 3579 1038 aestivum

2001 1077 2292 1133 solstitium
2330 1077 2483 1146 prius
2511 1075 2686 1142 dixit,
2730 1074 2784 1129 id
2816 1084 2999 1145 postea
3031 1074 3163 1129 dicit
3204 1073 3367 1128 initio
3404 1071 3581 1128 Περε-

2002 1168 2356 1234 ιοιιὼιεοηίε,
2392 1175 2652 1237 tanquam
2688 1166 2901 1222 scilicet
2933 1167 3124 1221 a‘stivo
3157 1165 3400 1221 solstitio
3432 1166 3580 1221 exsi-

2000 1266 2175 1316 stente
2201 1259 2347 1314 circa
2376 1261 2651 1314 ineuntem
2680 1257 3208 1313 Hecatombzeonem.
3252 1255 3374 1311 Jatn
3406 1256 3474 1311 ab
3508 1256 3582 1313 iis

1998 1365 2107 1403 non
2135 1350 2401 1413 alienum,
2439 1352 2583 1420 quod
2617 1349 2685 1404 de
2718 1351 3093 1418 amputatione
3140 1348 3347 1403 tibialis
3379 1346 3576 1402 calami
3642 1386 3645 1389 -

333 1433 742 1509 Theophrastus
774 1441 997 1496 retulit:
1028 1459 1045 1492 ι
1074 1440 1333 1506 Caedunt,
1366 1440 1578 1510 inquit,
1617 1440 1719 1495 hac
1755 1447 2081 1511 tempestate
2134 1444 2416 1497 mensibus
2482 1442 2567 1496 bis
2589 1483 2603 1508 ,
2637 1441 3105 1512 Sciropltorione,
3167 1448 3222 1497 et
3283 1440 3574 1494 llecatont-

337 1534 554 1587 bteone:
615 1534 776 1602 paulo
825 1534 1079 1589 videlicet
1124 1544 1252 1588 ante
1297 1534 1617 1596 solstitium,
1666 1533 1751 1587 vel
1801 1535 1904 1588 sub
1942 1535 2101 1603 ipso;
2132 1554 2149 1586 ι
2174 1550 2410 1590 necnon
2444 1535 2497 1589 id
2528 1536 2707 1606 ipsum
2729 1575 2744 1598 ,
2774 1534 2921 1604 quod
2972 1543 3098 1589 ante
3123 1549 3190 1588 ex
3220 1534 3411 1589 eodem
3472 1550 3577 1588 au—

335 1638 486 1683 ctore
515 1628 583 1684 de
611 1637 854 1685 semente
882 1630 1209 1695 citavimus,
1266 1636 1396 1699 puta
1437 1644 1625 1684 mense
1663 1627 2048 1700 Metagitnione
2096 1641 2218 1699 post
2279 1632 2527 1687 aestivum
2591 1631 2924 1695 solstitium,
2994 1631 3228 1700 primam
3276 1640 3575 1687 sementem

337 1720 494 1788 ﬁeri;
547 1720 993 1805 siquidem_post
1044 1719 1553 1776 Hecatombmonem
1595 1721 1841 1791 proxime
1889 1732 1973 1777 est
2009 1721 2383 1793 Metagilnion.

375 1859 504 1913 Ὅτι
534 1859 690 1928 ἀρχὴ
717 1859 993 1913 ἐνιαυτοῦ
1019 1858 1335 1927 Ἀθηναίοις
1360 1861 1393 1912 d
1422 1857 1867 1927 Ἑκατομϐαιών.

2075 1860 2229 1929 Quod
2265 1862 2579 1930 principium
2617 1859 2745 1915 anni
2776 1858 2943 1912 Attici
2972 1859 3043 1913 sit
3078 1856 3505 1914 Hecatombteon.

408 1972 484 2025 E'.
521 1971 629 2024 Καὶ
672 1968 944 2041 Ἀθηναῖοι
995 1968 1052 2022 δὲ
1087 1968 1182 2022 τοῦ
1232 1969 1478 2024 ἐνιαυτοῦ
1518 1971 1747 2041 ἤρχοντο
1795 1968 1903 2022 ἀπὸ

349 2061 836 2133 Ἑκατομϐαιῶνος,
864 2060 953 2115 διά
979 2060 1042 2114 τὸ
1084 2060 1184 2125 τὰς
1222 2060 1431 2134 τροπὰς
1478 2059 1723 2129 γίνεσθαι
1773 2060 1903 2132 περὶ

335 2154 518 2209 αὐτόν.
560 2154 693 2207 Ἀπὸ
721 2154 828 2224 γὰρ
852 2152 1078 2226 θερινῶν
1103 2154 1319 2225 τροπῶν
1345 2157 1378 2225 ἡ
1405 2153 1548 2224 ἀρχὴ
1579 2149 1648 2225 ἦν
1679 2154 1903 2217 ἐκείνοις

336 2246 431 2299 τοῦ
460 2242 645 2310 ἕξους’
686 2244 874 2315 ὥσπερ
911 2245 1205 2315 Ῥωμαίοις
1235 2243 1460 2316 ὕστερον
1501 2245 1608 2299 ἀπὸ
1635 2244 1741 2299 τῶν
1785 2262 1902 2315 χει·-

340 2338 595 2413 μερινῶν.
640 2339 839 2410 ’Δρχὴν
869 2339 965 2410 μὲν
993 2334 1087 2392 οὖν
1112 2335 1249 2391 εἶναι
1285 2337 1380 2390 τοῦ
1424 2336 1576 2401 ἔτους
1608 2338 1701 2391 τὸν
1744 2337 1904 2391 Ἐκα-

334 2427 650 2500 τομϐαιῶνα
695 2429 855 2500 δῆλον
901 2429 1249 2501 Δημοσθένης
1298 2432 1443 2483 ποιεῖ
1488 2431 1545 2483 ἐν
1593 2430 1762 2501 τρίτῳ
1794 2428 1902 2483 τῶν

349 2519 776 2586 Ὀλυνθιακῶν,
803 2520 1007 2591 λέγων’
1040 2540 1060 2573 ι
1087 2521 1240 2576 Μετὰ
1268 2522 1325 2575 δὲ
1370 2521 1569 2586 ταῦτα,
1607 2520 1900 2587 διελθόντος

333 2612 430 2666 τοῦ
474 2613 721 2667 ἐνιαυτοῦ
761 2613 973 2676 τούτου,
1010 2613 1416 2686 Ἐκατομϐαιὼν
1436 2653 1451 2677 ,
1476 2611 1896 2682 Μεταγειτνιὼν,

336 2705 710 2778 Βοηδρομιῶνι
743 2705 936 2760 τούτου
976 2706 1070 2759 τοῦ
1113 2706 1279 2777 μηνὸς
1322 2706 1481 2776 μόγις
1516 2705 1653 2776 μετὰ
1698 2704 1902 2776 μυστή-

339 2816 430 2868 ρια
460 2798 593 2853 δέκα
621 2798 751 2863 ναῦς
798 2798 1176 2854 ἀπεστείλατε.
1216 2817 1235 2851 ι
1274 2798 1636 2852 Ἐπιδείκνυσι
1668 2798 1776 2868 γὰρ
1802 2798 1901 2868 τὴν

329 2889 646 2965 ςΛθηναίων
697 2890 958 2960 ἀμέλειαν
996 2891 1089 2944 καὶ
1128 2893 1209 2954 εἰς
1251 2893 1399 2960 τρεῖς
1441 2888 1523 2943 ἔτι
1582 2890 1755 2960 μῆνας
1804 2887 1899 2942 τοῦ

336 2983 579 3045 ἐπιόντος
629 2982 875 3036 ἐνιαυτοῦ
927 2981 1476 3057 προσπαρατετάσθαι
1494 2998 1510 3013 ·
1552 2981 1629 3045 ὡς
1690 2981 1735 3035 δ’
1793 2980 1901 3035 ἀπὸ

338 3075 561 3147 θερινῶν
609 3075 824 3147 τροπῶν
872 3071 1011 3128 εἶναι
1057 3075 1155 3147 τὴν
1187 3075 1393 3147 ἀρχὴν,
1444 3074 1780 3146 Σιμπλῑκιος,
1816 3075 1902 3143 ἑξ-

337 3166 471 3238 ηγού
479 3184 632 3237 μενος
647 3169 799 3266 Ξὲρισ
811 3150 1045 3232 ποτέλους
1065 3169 1163 3239 τῆς
1197 3167 1463 3237 φυσικῆς
1482 3166 1825 3236 ἀκροάσεως
1839 3168 1900 3221 τὸ
1928 3204 1975 3266 C

338 3257 611 3329 πέμπτον,
646 3251 749 3310 ὧδε
773 3258 900 3330 περὶ
925 3257 1021 3311 τοῦ
1050 3258 1209 3328 φύσει
1251 3259 1516 3331 προτέρου
1548 3258 1645 3312 καὶ
1671 3258 1900 3330 ὑστέρου

337 3349 511 3418 λέγων
551 3348 859 3403 πιστοῦταιο
892 3369 911 3401 ι
946 3350 1043 3414 “Ag
1074 3351 1132 3404 δὲ
1168 3353 1330 3422 ἡμεῖς
1365 3348 1668 3422 ποιούμεθα
1706 3350 1898 3422 ἀρχὰς,

338 3441 584 3494 ἐνιαυτοῦ
618 3442 715 3513 μὲν
740 3443 868 3513 περὶ
900 3441 1114 3512 θερινὰς
1146 3443 1372 3513 τροπὰς,
1407 3442 1483 3506 ὡς
1523 3442 1792 3514 Ἀθηναῖοι
1813 3457 1830 3475 ο
1864 3441 1899 3513 ἢ

340 3532 471 3603 περὶ
501 3533 897 3604 μετοπωρινὰς,
934 3533 1010 3598 ὡς
1048 3534 1246 3605 οἱπερὶ
1274 3534 1372 3606 τὴν
1417 3534 1512 3588 νῦν
1559 3533 1904 3605 καλουμένην

354 3625 565 3678 Ἀσίανο
596 3626 628 3695 ἢ
659 3626 786 3696 περὶ
829 3625 1177 3696 χειμερινὰς,
1225 3626 1302 3690 ὡς
1355 3626 1645 3698 Ῥωμαῖοιο
1688 3626 1721 3698 ἢ
1777 3626 1905 3697 περὶ

340 3717 578 3789 ἐαρινὰς,
599 3718 675 3782 ὡς
703 3717 940 3789 ’Ἄραϐες
978 3719 1068 3771 καὶ
1109 3721 1458 3791 Δαμασκηνοί
1478 3737 1492 3751 ⁸
1533 3719 1699 3791 μηνὸς
1730 3718 1806 3783 δὲ,
1829 3717 1906 3781 ῶς

338 3826 503 3874 τινες,
541 3808 712 3881 ἀρχὴν
738 3810 835 3881 τὴν
866 3809 1199 3881 πανσέληνον
1228 3810 1539 3882 λέγουσινςη
1587 3811 1687 3882 τὴν
1740 3808 1902 3863 νέαν·

342 3901 553 3956 ἔσονται
593 3902 740 3955 θέσει
780 3897 959 3956 αὗται.
985 3920 1004 3953 ι
1034 3903 1202 3956 Πάλιν
1225 3904 1272 3957 εἰ
1306 3903 1448 3975 ἀρχὴ
1493 3903 1590 3974 μὲν
1619 3902 1713 3957 τοῦ
1754 3901 1907 3965 ἔτους

341 3997 448 4050 ἀπὸ
471 3994 689 4066 τροπῶν
726 3995 951 4067 θερινῶν
988 3994 1310 4067 Ἀθηναίοις,
1341 3995 1417 4058 ὡς
1465 3994 1785 4066 Σιμπλίκιος
1817 3992 1905 4046 λέ-

340 4102 427 4154 γει
447 4104 460 4117 ·
491 4084 681 4157 θέρους
708 4085 764 4138 δὲ
787 4085 913 4156 περὶ
942 4083 1034 4137 τὸν
1069 4083 1515 4154 Ἑκατομϐαιῶνα
1546 4083 1673 4153 περὶ
1701 4080 1907 4154 τροπὰς

340 4177 584 4229 τίκτουσι
613 4174 883 4240 θυννίδες,
928 4173 1004 4238 ὡς
1047 4172 1457 4246 Ἀριστοτέλης·
1503 4170 1904 4243 συμπέρασμα,

341 4267 424 4320 ὅτι
475 4266 617 4338 ἀρχὴ
666 4265 761 4319 τοῦ
809 4266 962 4329 ἔτους
993 4268 1023 4320 ὁ
1067 4264 1498 4336 Ἑκατομϐαιὼν,
1545 4265 1805 4339 τροπικὸς
1830 4264 1908 4318 ῶν

345 4358 573 4430 θερινός.
644 4358 806 4413 Ἀλλὰ
868 4359 973 4431 μὴν
1039 4361 1132 4413 καὶ
1190 4359 1382 4431 ἑορτὴν
1459 4359 1730 4430 Ἀθηναῖοι
1785 4358 1907 4411 τότε

341 4438 477 4513 ἦγον
504 4443 791 4516 δημοτελῆ,
817 4447 909 4499 καὶ
932 4447 1086 4500 ἔθυον
1134 4448 1563 4520 μεγαλοπρεπῶς
1602 4447 1680 4519 τῷ
1718 4447 1904 4519 Ἡλίῳ,

2083 1973 2143 2030 ν.
2186 1974 2252 2029 Et
2284 1988 2487 2028 annum
2521 1971 2741 2043 quidem
2775 1972 3142 2027 Athenienses
3183 1971 3251 2025 ab
3289 1969 3576 2025 Hecatom-

2008 2066 2195 2122 baeone
2243 2065 2609 2134 incipiebant,
2662 2063 2811 2134 quod
2865 2078 2930 2119 eo
2982 2078 3171 2118 mense
3224 2068 3578 2132 perageretur

2007 2158 2323 2214 solstitium.
2358 2157 2442 2212 Ab
2467 2158 2656 2211 aestivo
2687 2156 2832 2210 enim
2881 2156 3121 2211 solstitio
3168 2155 3237 2210 iis
3281 2164 3401 2211 erat
3447 2157 3577 2210 anni

2006 2249 2337 2320 principium
2358 2287 2373 2312 ,
2408 2247 2869 2319 quemadmodum
2906 2247 3170 2303 Romanis
3203 2248 3476 2318 posterius
3509 2248 3579 2301 ab

2007 2341 2255 2397 hiberno.
2287 2339 2626 2410 Principium
2668 2339 2855 2410 itaque
2904 2341 3031 2393 anni
3059 2354 3183 2394 esse
3206 2337 3581 2393 Hccatombze-

2005 2451 2164 2491 onem
2185 2473 2201 2498 ,
2228 2450 2292 2489 ex
2321 2432 2682 2489 Demosthene
2702 2433 2756 2487 in
2780 2433 2940 2486 tertia
2966 2430 3403 2503 Olynthiacarum
3427 2444 3578 2485 com-

2006 2539 2218 2602 pertum
2241 2529 2504 2584 habemus
2531 2544 2546 2582 :
2573 2545 2592 2579 (
2622 2525 2827 2581 Deinde
2848 2541 3031 2588 vero,»
3058 2525 3285 2593 inquit,¢
3313 2523 3419 2577 hoc
3436 2536 3580 2577 anno
3672 2551 3678 2561 ι

2007 2627 2200 2675 exacto
2226 2618 2426 2673 labitur
2454 2616 2867 2672 Hecatombzeon
2886 2656 2902 2681 ,
2927 2614 3278 2687 Μειεεὶιηίοη
3299 2656 3312 2677 ,
3341 2614 3579 2669 Boedro-

2005 2712 2176 2767 mion.
2213 2709 2326 2765 Hoc
2358 2724 2544 2765 mense
2570 2710 2658 2763 vix
2697 2707 2915 2763 tandem
2947 2713 3070 2777 post
3105 2705 3364 2777 mysteria
3390 2705 3578 2760 decem

2005 2815 2173 2857 naves
2195 2799 2475 2855 misistisa
2502 2797 2850 2853 Demonstrat
2870 2798 3015 2852 enim
3040 2794 3459 2850 Atheniensium
3488 2809 3582 2849 so-

2005 2892 2245 2949 cordiam
2272 2893 2325 2946 in
2350 2890 2568 2947 tertium
2592 2905 2766 2959 usque
2791 2902 3031 2944 mensem
3058 2887 3296 2943 ineuntis
3315 2887 3441 2940 anni
3460 2900 3583 2956 pro-

2004 2990 2234 3037 tractam
2260 2981 2454 3047 fuisse;
2478 2996 2602 3035 nam
2624 2981 2769 3051 quod
2794 2981 2864 3035 ab
2883 2980 3072 3035 τεειίνο
3099 2978 3336 3034 solstitio
3354 2978 3427 3033 sit
3450 2977 3578 3032 anni

2004 3071 2329 3143 principium
2353 3111 2369 3137 ,
2413 3070 2725 3140 Simplicius
2751 3083 3034 3139 exponens
3060 3069 3310 3138 quintum
3341 3067 3580 3139 physica

2004 3159 2419 3217 auscultationis
2438 3159 2751 3215 Aristotelis
2769 3198 2786 3224 ,
2814 3160 2888 3213 ita
2910 3158 2977 3213 de
2996 3171 3082 3223 eo,
3111 3156 3257 3227 quod
3279 3165 3364 3210 est
3384 3164 3578 3210 natura

2004 3252 2155 3324 prius
2184 3259 2238 3306 et
2258 3252 2531 3321 posterius
2553 3251 2891 3314 edisserens,
2920 3248 3006 3302 his
3027 3247 3207 3302 verbis
3228 3246 3387 3301 [idem
3416 3245 3575 3301 faeit:

2008 3366 2026 3399 ι
2050 3344 2199 3411 Quae,
2228 3362 2246 3395 ι
2266 3343 2475 3412 inquit,
2504 3361 2522 3393 ι
2545 3341 2774 3395 facimus
2798 3340 2973 3405 initia,
2997 3338 3125 3392 anni
3142 3337 3384 3407 quidem,
3407 3336 3490 3392 vel
3509 3334 3578 3391 ad

2003 3436 2247 3492 aestivum
2267 3434 2559 3491 solstitium
2575 3474 2590 3499 ,
2612 3441 2671 3486 ut
2686 3433 2848 3487 Attici
2867 3448 2880 3494 ;
2894 3432 2979 3486 vel
2998 3431 3063 3485 ad
3079 3429 3390 3483 autumnale
3404 3428 3579 3499 tequi-

2004 3528 2244 3584 noctium
2261 3568 2275 3592 ,
2294 3537 2354 3583 ut
2375 3537 2552 3586 terrae.
2573 3539 2694 3596 qua:
2709 3538 2853 3578 nunc
2866 3523 2992 3579 Asia
3011 3522 3231 3585 dicitur,
3253 3520 3475 3587 incolat;
3495 3518 3578 3574 vel

2003 3618 2148 3672 circa
2161 3617 2350 3671 bruma
2359 3631 2428 3679 nt,
2446 3623 2507 3669 ut
2523 3613 2749 3668 Romani
2766 3629 2781 3678 ;
2800 3613 2883 3668 vel
2899 3614 3044 3667 circa
3059 3612 3439 3681 aequinoctium
3457 3627 3580 3665 ver-

2005 3725 2158 3773 num,
2189 3717 2249 3764 ut
2277 3709 2486 3764 Arabes
2513 3718 2566 3763 et
2590 3706 2943 3761 Damasceni:
2974 3705 3179 3759 mensis
3204 3719 3354 3766 vero,
3378 3710 3436 3757 ut
3460 3704 3583 3774 qui-

2004 3804 2128 3858 dam
2153 3803 2373 3865 volunt,
2398 3801 2752 3871 plenilunium
2778 3805 2871 3852 aut
2893 3798 3259 3851 novilunium:
3286 3796 3399 3850 huic
3418 3803 3580 3851 erunt

2006 3896 2293 3967 positione.
2309 3894 2573 3950 DRIII‘SIIIII
2593 3895 2637 3947 si
2656 3891 3081 3946 Atheniensibus
3105 3890 3231 3944 anni
3250 3889 3576 3959 principium

2005 3996 2122 4054 est,
2143 3994 2201 4041 ut
2226 3987 2391 4043 refert
2417 3984 2731 4055 Simplicius
2750 4024 2765 4050 ,
2794 3984 2862 4038 ab
2892 3984 3077 4038 aestiva
3109 3983 3240 4037 solis
3272 3982 3580 4051 reciproca-

2004 4079 2189 4140 tione.
2247 4086 2303 4135 et
2348 4085 2536 4134 aastale
2583 4077 2730 4132 circa
2772 4077 3018 4131 eamdem
3063 4075 3283 4129 tltttnme
3325 4074 3578 4143 pariunt,

2006 4185 2194 4226 mense
2216 4168 2680 4230 Hecatombzeone,
2703 4174 2763 4220 ut
2777 4166 2894 4220 vult
2913 4165 3266 4220 Aristoteles:
3287 4163 3411 4217 inde
3428 4164 3503 4224 lit,
3521 4171 3582 4216 ut

2007 4261 2422 4317 Hecatombzeon
2459 4261 2531 4315 sit
2571 4260 2699 4314 anni
2728 4259 2984 4325 initium;
3017 4258 3238 4312 aestivus
3268 4270 3391 4310 cum
3426 4254 3499 4310 sit
3522 4261 3580 4308 et

2008 4353 2341 4408 solstitialis.
2391 4353 2462 4406 At
2488 4367 2619 4408 vero
2664 4352 2831 4408 ferias
2863 4353 3028 4406 etiam
3060 4361 3174 4405 tum
3205 4349 3435 4419 agebant
3472 4363 3577 4418 pu-

2004 4444 2180 4501 blicas
2204 4445 2565 4501 Athenienses
2585 4484 2600 4508 ,
2628 4451 2682 4498 et
2710 4442 2993 4514 splendido
3019 4440 3402 4497 sacriﬁcabant
3427 4437 3576 4493 Soli:

342 4535 419 4600 ὡς
451 4536 578 4608 περὶ
620 4538 825 4606 τροπὰς
882 4539 1029 4593 ὄντι·
1063 4539 1186 4595 ὅθεν
1235 4541 1331 4594 καὶ
1381 4539 1618 4612 τοῦνομα
1657 4540 1736 4612 τῷ
1781 4543 1905 4613 μηνὶ

2012 4546 2073 4592 ut
2098 4539 2192 4608 qui
2231 4537 2286 4590 in
2324 4535 2561 4593 solstitio
2591 4545 2776 4591 esset:
2810 4535 2955 4590 unde
2982 4544 3036 4588 et
3075 4533 3251 4587 mensi
3285 4530 3576 4586 Hecatom-

354 4614 765 4697 Ἐκατομϐαιὼν
790 4666 804 4689 ,
849 4629 1065 4700 Κρονίῳ
1094 4631 1394 4703 πρότερον,
1448 4633 1524 4698 ὼς
1570 4632 1912 4706 Πλούταρχός

344 4733 477 4787 φησι
495 4757 510 4781 ,
536 4717 877 4789 καλουμένῳ.

413 4809 588 4873 Κέκος
612 4809 689 4872 δὲ,
722 4809 961 4882 Πρόκλου
1000 4810 1291 4882 χλευάζων,
1325 4813 1549 4881 γελοίως
1595 4815 1695 4878 τὰς
1736 4815 1912 4869 Ἠσιό-

342 4899 434 4952 δου
490 4901 763 4972 ἐξηγεῖται
810 4902 1041 4974 ἡμέρας,
1083 4903 1266 4974 ἕτερον
1303 4900 1441 4959 εἶναι
1471 4906 1613 4977 μῆνα
1646 4907 1913 4979 Ἑκατομ-

344 4991 574 5056 ϐαιῶνος
599 4995 690 5046 τὸν
722 4994 953 5067 Κρόνιον
992 4993 1409 5066 ὑπολαμϐάνων,
1440 5001 1537 5052 καὶ
1574 4998 1756 5070 τρίτον
1785 5016 1912 5052 συν-

342 5084 553 5137 τάττων
588 5085 698 5138 ἀπὸ
734 5084 1199 5157 Ἑκατομϐαιῶνος
1218 5104 1232 5118 ο
1277 5089 1370 5142 καὶ
1406 5088 1766 5161 Θαργηλιῶνα
1813 5090 1910 5161 μὲν

344 5175 439 5226 καὶ
470 5176 907 5242 Μεταγειτνιῶνα
925 5177 1188 5248 μηδαμῶς
1212 5177 1490 5248 ὀνομάζων
1524 5181 1615 5232 ὑπ’
1650 5180 1909 5250 ἀμαθίας,

345 5263 634 5334 Ληναιῶνα
678 5266 735 5319 δὲ
780 5267 856 5337 (ὃν
893 5269 989 5321 καὶ⁹
1025 5270 1189 5334 αὐτὸς
1223 5270 1339 5341 ⁴ᾔδει
1391 5271 1713 5344 Ἰανουάριον
1746 5273 1911 5343 ὄντα)

344 5357 656 5425 καταλέγων
694 5360 752 5412 ὲν
799 5362 912 5424 τοῖς
936 5361 1045 5414 τῶν
1084 5361 1381 5433 Ἀθηναίων
1422 5364 1574 5434 μησὶ,
1604 5365 1696 5417 καὶ
1729 5364 1912 5419 δεύτε-

344 5463 438 5518 ρον
461 5447 631 5512 τιθεὶς
663 5450 770 5503 ἀπὸ
800 5446 1290 5524 Ἑκατομϐαιῶνος.
1335 5453 1779 5524 Ἑκατομϐαιῶνα
1816 5457 1912 5526 μὲν

341 5535 434 5594 οὖν
453 5538 591 5596 εἶναι
633 5545 768 5614 μετὰ
798 5545 1203 5617 Σκιροφοριῶνα
1261 5544 1444 5610 εὐθὺς,
1478 5548 1572 5599 καὶ
1590 5548 1718 5619 περὶ
1751 5547 1911 5601 Ἑκα-

340 5631 655 5702 τομϐαιῶνα
708 5635 809 5699 τὰς
864 5635 1082 5707 θερινὰς
1142 5633 1282 5690 εἶναι
1329 5637 1557 5709 τροπὰς,
1588 5637 1819 5711 φανερὸν
1847 5637 1911 5709 δὴ

343 5725 552 5782 ἐνθένδε
577 5743 592 5758 °
620 5730 1062 5800 Μεταγειτνιῶνα
1094 5733 1137 5784 δ’
1184 5732 1314 5802 ἑξῆς
1340 5721 1500 5793 εἶναι,
1536 5728 1655 5785 εἶτα
1679 5733 1910 5804 Βοηδρο-

345 5819 542 5886 μιῶνα,
575 5820 805 5891 δήλωσις
850 5824 947 5894 μὲν
995 5824 1088 5879 καὶ
1111 5825 1178 5879 τὰ
1203 5823 1578 5895 Δημοσθένους
1609 5824 1731 5895 ἄρτι
1764 5826 1912 5896 εξρη-

2011 4630 2184 4685 baeoni
2217 4629 2373 4699 157
2406 4643 2634 4693 nomen,
2683 4627 2887 4684 Cronio
2924 4625 3107 4697 prius,
3151 4632 3211 4678 ut
3250 4621 3578 4677 Plutarchus

2010 4724 2189 4794 inquit
2212 4763 2228 4785 ,
2264 4730 2596 4791 nuncupato.

2081 4814 2253 4870 Porro
2280 4812 2747 4869 Cecus’Proclum
2790 4810 3052 4875 irridens,
3088 4809 3207 4865 dies
3242 4806 3465 4883 Hesiodi
3500 4795 3588 4861 rio'

2011 4909 2191 4965 dicule
2227 4909 2645 4979 interpretatur,
2697 4906 2861 4960 alium
2897 4919 3143 4959 mensem
3190 4902 3258 4956 ab
3288 4899 3580 4955 Hecatom-

2011 5000 2201 5055 baaone
2230 4997 2473 5054 Cronion
2513 5013 2636 5053 esse
2669 4995 3009 5059 existimans,
3052 5003 3105 5049 et
3133 4992 3353 5048 tertium
3387 4992 3456 5043 ah
3484 4990 3579 5045 illo

2012 5092 2354 5148 constituens
2389 5108 2403 5144 :
2437 5100 2491 5146 et
2521 5089 2937 5160 Thargelioncm
2964 5087 3205 5157 quidem.
3235 5098 3300 5138 ac
3329 5082 3580 5153 Metagit-

2012 5183 2255 5247 nionem,
2310 5196 2421 5252 pra:
2470 5180 2762 5250 imperitia,
2820 5180 2971 5234 nullo
3031 5176 3193 5231 modo
3251 5175 3577 5241 nominans;

2011 5274 2334 5330 Lenaeonem
2405 5289 2533 5328 vero
2584 5273 2602 5336 (
2631 5285 2792 5342 quem
2854 5271 2997 5326 idem
3069 5267 3388 5324 Ianuarium
3456 5280 3580 5322 esse

2014 5366 2268 5437 sciebat)
2316 5367 2458 5420 inter
2499 5365 2710 5418 Atticos
2756 5377 2972 5418 menses
3006 5375 3320 5421 recensens,
3355 5366 3408 5414 et
3451 5374 3581 5428 pro-

2013 5460 2215 5528 pinqua
2261 5457 2388 5513 sede
2439 5455 2876 5511 Hecatombaaoni
2928 5453 3226 5508 collocans.
3287 5450 3580 5506 Hecatom-

2013 5551 2255 5605 baaonem
2313 5549 2476 5618 igitur
2528 5563 2652 5603 esse
2703 5546 2888 5601 statim
2941 5560 2970 5599 a
3019 5542 3463 5614 Scirophorione,
3526 5550 3583 5596 et

2013 5643 2162 5695 circa
2210 5639 2719 5695 Hecatombmonem
2746 5638 2992 5692 aestivum
3024 5635 3316 5692 solstitium
3360 5632 3579 5696 conﬁci,

2013 5733 2140 5787 hinc
2165 5738 2379 5787 constat.
2397 5730 2652 5787 dilucide.
2683 5727 2952 5784 Cancrum
2981 5726 3420 5798 Metagitnionem
3454 5739 3580 5779 esse

2014 5825 2295 5899 deinceps,
2328 5833 2515 5894 postea
2554 5820 3029 5885 Boedromionem,
3050 5819 3331 5876 declarant
3359 5817 3582 5874 quidem
