4106 6464
459 395 624 468 “79'

1429 409 1520 464 AD
1559 409 1824 482 EUSEBII
1859 410 2260 468 CHBONICON
2295 410 2662 468 APPENDIX.

3553 414 3700 474 “80

457 543 522 605 es
547 539 669 597 quae
697 538 873 594 nuper
903 539 968 580 ex
1001 522 1362 582 Demosthene
1389 526 1736 596 protulimus.
1773 527 2022 599 Metagit-

2140 527 2262 580 ιένα
2280 544 2293 557 ·
2323 529 2687 600 ἐπιμαρτυρεῖ
2719 527 2775 580 δὲ
2804 526 2898 580 καὶ
2927 526 2988 580 τδ
3031 525 3379 598 Θεοφράστου
3411 527 3536 600 περὶ
3559 529 3696 599 dpo-

459 619 677 673 nionem
701 623 884 670 autem
904 631 1027 672 esse
1049 616 1356 686 proximum
1379 617 1834 684 Hecatombaeoni,
1860 621 2032 673 etiam

460 706 597 760 illud
629 704 992 776 TheOphrasti
1035 707 1105 763 de
1147 715 1270 763 satu
1303 709 1639 763 antedictum
1672 707 2024 780 suﬂ’ragatur.

463 797 687 852 Hiberni
714 798 858 852 enim
892 805 1044 854 satus
1073 798 1287 852 initium
1312 815 1434 855 esse
1455 800 1609 865 dicit,
1635 810 1759 872 post
1779 804 2031 859 aestivum

463 888 782 952 solstitium,
842 904 1028 944 mense
1083 888 1508 960 Metagitnione;
1551 893 1848 948 solstitium
1897 908 2031 949 vero

462 980 711 1036 aestivum
740 987 858 1034 erat
895 981 1040 1033 circa
1069 977 1612 1047 llecatombazoncm;
1645 992 1700 1039 et
1732 984 1862 1039 illud
1893 999 2032 1054 quo-

461 1085 570 1140 que
598 1069 908 1124 Aristotelis
929 1067 996 1124 de
1013 1069 1349 1127 locustarum
1371 1073 1715 1140 graviditate.
1743 1073 1879 1130 Nam
1903 1082 2032 1146 post

465 1159 969 1217 Hecatombteonem
1029 1162 1212 1218 statim
1259 1161 1699 1235 Metagitnionem
1752 1173 2028 1224 numerat.

463 1253 910 1309 Boedromionem
945 1263 1126 1310 autem
1157 1270 1280 1311 esse
1315 1264 1439 1326 post
1465 1255 1930 1328 Metagitnionem,
1961 1274 2031 1314 ex

458 1356 531 1399 eo
553 1343 701 1412 quod
757 1343 898 1398 dixit
954 1343 1274 1400 Aristoteles
1327 1345 1398 1400 de
1452 1346 1787 1402 locustarum
1845 1354 2028 1417 partu,

463 1434 722 1505 colligere
753 1443 858 1490 est.
913 1433 1028 1490 Sub
1055 1444 1334 1491 arcturum
1364 1438 1510 1492 enim
1541 1439 1618 1492 ait
1663 1440 1904 1494 locustas
1927 1455 2032 1494 ex-

462 1525 726 1593 cludere;
775 1526 950 1582 tribus
986 1541 1116 1581 vero
1152 1526 1456 1591 mensibus,
1498 1543 1620 1598 quae
1659 1535 2034 1599 conceperant

461 1631 588 1682 ova,
622 1619 676 1672 iu
698 1627 851 1672 utero
885 1617 1051 1683 ferre,
1086 1617 1530 1689 Scirophorione,
1559 1619 2031 1686 Hecatombteone,

465 1706 872 1778 Mctagitniouo.
937 1709 1314 1781 Arcturusque
1371 1714 1518 1766 circa
1581 1711 2031 1766 Bocdromionem

395 1787 402 1800 ’
466 1798 662 1854 oritur.
690 1797 824 1852 Nam
847 1815 1038 1854 cervas
1057 1800 1208 1854 saliri
1226 1801 1296 1856 ab
1313 1802 1572 1866 Arcturo,
1592 1817 1779 1858 mense
1799 1801 2034 1858 Boedro-

2125 617 2218 671 τοῦ
2275 618 2462 689 λεχθὲν
2511 618 2794 690 πρότερον,
2842 617 3282 686 Μεταγειτνιῶνα
3313 616 3508 690 ἐφεξῆς
3553 613 3697 674 εἶναι

2138 707 2586 780 Ἑκατομϐαιῶνι.
2610 709 2716 762 Τοῦ
2745 709 2853 780 γὰρ
2874 707 3182 781 χειμερινοῦ
3205 709 3378 780 ἀρχὴν
3412 712 3548 778 μετὰ
3571 725 3700 780 τροο

2127 801 2236 865 πάς
2268 801 2484 871 θερινὰς
2509 801 2602 854 τοῦ
2635 800 3096 870 Μεταγειτνιῶνος
3129 799 3295 871 μηνὸς
3331 794 3466 852 εἶναί
3495 816 3658 870 φησιν
3677 816 3696 834 ο

2126 894 2184 948 αι
2205 891 2262 945 δὲ
2294 891 2504 963 θεριναὶ
2522 893 2719 964 τροπαὶ
2743 892 2868 964 περὶ
2911 890 3356 962 Ἑκατομϐαιῶνα
3386 884 3526 962 ἦσαν
3549 907 3564 922 ⁸
3600 893 3699 946 καὶ

2127 983 2207 1035 ἔτι
2232 983 2296 1036 τὸ
2352 983 2750 1054 Ἀριστοτέλους
2790 983 2918 1052 περὶ¹
2971 982 3218 1052 κυήσεως
3258 981 3364 1034 τῶν
3415 981 3698 1054 καράϐων.

2126 1077 2282 1133 Μετὰ
2343 1077 2452 1148 γὰρ
2527 1075 2966 1146 Ἑκατομϐαιῶνα
3033 1074 3474 1142 Μεταγειτνιῶνα
3561 1092 3698 1128 κατ-

2129 1167 2355 1239 αριθμεῖ
2384 1167 2600 1239 ἑφεξῆς.
2638 1164 3018 1237 Βοηδρομιῶνα
3047 1164 3103 1218 δὲ
3141 1164 3235 1217 ἐπὶ
3273 1162 3700 1232 Μεταγειτνιῶνι

2129 1255 2267 1314 εἶναι
2301 1258 2716 1329 συλλογίσασθαι
2747 1258 2847 1322 δεῖ,
2869 1257 2962 1310 καὶ
2992 1257 3055 1309 ὲκ
3076 1254 3170 1308 τοῦ
3193 1254 3446 1326 ῥηθέντος
3459 1254 3704 1326 Ἀριστο-

2129 1351 2272 1405 ⁸ιειέλει
2321 1351 2450 1422 περὶ
2481 1350 2639 1404 τόκου
2666 1351 2774 1402 τῶν
2815 1348 3068 1421 καράϐων
3101 1346 3237 1400 ἐστί.
3284 1346 3398 1418 Πρὸ
3441 1344 3700 1416 Ἀρκτού-

2131 1461 2226 1518 ρου
2279 1445 2388 1516 γάρ
2427 1460 2560 1515 φησι
2604 1444 2732 1506 τοὺς
2759 1439 3038 1514 καράϐους
3059 1439 3326 1495 ὲκτίκτειν
3349 1456 3364 1470 ο
3402 1437 3592 1493 κυοῦσι
3642 1437 3704 1492 δὲ

2129 1539 2257 1609 περὶ
2307 1537 2482 1608 μῆνας
2525 1538 2694 1607 τρεῖς,
2753 1533 3181 1605 Σκιροφοριῶνα,
3228 1530 3702 1603 Ἑκατομϐαιῶνα,

2130 1624 2570 1693 Μεταγειτνιῶνα
2592 1640 2607 1656 ο
2665 1621 2988 1696 Ἀρκτοῦρος
3041 1640 3103 1676 τε
3155 1622 3284 1693 περὶ
3320 1620 3708 1692 Βοηδρομιῶνα

2133 1712 2420 1766 ἐπιτέλλει.
2477 1711 2788 1782 Ὀχεύεσθαι
2847 1704 2956 1784 γάρ
3003 1712 3104 1776 τὰς
3145 1711 3375 1778 ἐλάφους
3415 1711 3549 1779 φησὶ
3585 1711 3708 1780 μετ’

2146 1802 2470 1874 Ἀρκτοῦρον
2536 1805 2664 1875 περὶ
2733 1802 3135 1874 Βοηδρομιῶνα.
3203 1801 3313 1856 Καὶ
3366 1799 3710 1871 θεόφραστος

465 1887 888 2036 ωίυᾚετι.
926 1889 994 1942 Et
1020 1888 1429 1961 Theophrastus
1473 1893 1850 1963 tempestivam
1901 1908 2028 1950 esse

465 1976 683 2033 calami'
793 1996 974 2036 suram
1029 1983 1134 2036 sub
1185 1992 1426 2036 arcturo.
1474 1982 1650 2036 Porro
1693 1983 1894 2036 Suidas
1941 1984 2032 2036 ille

2140 1896 2338 1968 ὡραίαν
2360 1891 2608 1967 εἶναιτὴν
2629 1893 2723 1948 τοῦ
2758 1895 3002 1964 καλάμου
3030 1893 3200 1965 τομὴν
3237 1893 3328 1946 ὑπ’
3365 1891 3593 1964 Ἀρκτού
3604 1909 3706 1963 ρῳ,

2140 1985 2560 2036 Βοηδρομιῶνος.
2615 1985 2728 2036 Καὶ
2769 1983 2990 2036 Σουῖδας
3032 1983 3089 2036 δὲ
3128 1981 3191 2036 δὴ
3227 1985 3256 2036 6
3284 1981 3496 2036 λεεικὸς
3556 1983 3706 2036 ὑγιὲς

464 1976 974 2036 οεΙοωΓῒωευηιηι
1029 1983 1134 2038 sub
1185 1992 1426 2038 arcturo.
1474 1982 1650 2039 Porro
1693 1983 1894 2040 Suidas
1941 1984 2032 2041 illo

469 2071 778 2128 dictionarii
821 2077 1080 2146 scriptor,
1117 2087 1264 2135 recte
1301 2080 1406 2135 hoc
1433 2081 1650 2150 quidem
1677 2081 1839 2147 dixit,
1867 2082 2035 2140 Meta—

466 2163 762 2235 gitnionem
807 2169 1108 2223 secundum
1151 2185 1274 2227 esse
1307 2187 1550 2228 mensem
1581 2172 2030 2232 Atheniensibus.

465 2251 536 2308 At
565 2265 688 2325 post
713 2255 1160 2315 Boedromionem
1199 2260 1456 2332 deinceps
1476 2269 1562 2319 est
1585 2257 1984 2322 Maemacterion
2014 2285 2030 2324 :

464 2344 632 2416 idque
660 2347 714 2400 in
745 2358 996 2418 promptu
1026 2359 1130 2406 est.
1172 2349 1308 2406 Nam
1341 2354 1664 2412 Aristoteles
1693 2357 1893 2430 eodem
1925 2375 2035 2430 quo

464 2435 536 2492 de
563 2439 742 2492 cervis
777 2439 919 2502 loco,
949 2440 1095 2495 hunc
1131 2443 1441 2512 proximum
1481 2445 1560 2498 illi
1593 2445 1788 2502 ordine
1829 2427 2036 2504 consti-

463 2529 594 2601 Quit,
622 2543 748 2583 cum
792 2529 964 2585 dixit:
1000 2549 1020 2583 ι
1062 2531 1254 2588 Coitus
1295 2551 1426 2589 vero
1457 2535 1517 2590 lit
1563 2545 1688 2607 post
1715 2537 2032 2607 Arcturum,

470 2619 621 2673 circa
673 2619 1125 2678 Boedromionem
1172 2632 1229 2679 et
1273 2623 1784 2686 Maemacterionem.
1825 2649 1845 2683 ι
1899 2629 2036 2686 Ani-

464 2711 633 2766 malia
656 2727 878 2783 quoque
905 2713 1266 2773 imbecilliora
1296 2718 1450 2788 prius
1480 2719 1714 2790 migrare
1737 2721 1806 2776 ad
1834 2729 2036 2792 tempo-

465 2817 589 2857 rum
615 2803 950 2860 mutationes
990 2805 1173 2870 docet,
1213 2810 1528 2865 coturnices
1549 2809 1769 2880 quidem
1799 2811 2035 2868 ΒοθιἸιό-

471 2893 675 2960 mione,
709 2909 876 2965 grues
942 2906 1123 2952 autem
1176 2897 1630 2968 Mmmacterione,
1698 2910 1757 2956 ut
1825 2903 2036 2958 scilicet

468 2984 716 3042 videmus
763 3002 928 3058 grues
961 2999 1224 3058 sequente
1251 3005 1439 3047 mense
1479 2999 1601 3061 post
1630 2995 1939 3051 coturnices
1969 3011 2035 3050 ex

467 3076 682 3146 frigidis
707 3079 842 3134 locis
863 3079 928 3134 ad
957 3081 1174 3152 apricos
1225 3089 1281 3138 et
1303 3083 1516 3152 tepidos
1536 3084 1839 3141 discedere.
1861 3085 2037 3142 Simul

466 3177 651 3223 autem
691 3169 820 3227 hinc
861 3186 1078 3242 quoque
1127 3182 1465 3244 compertum
1513 3183 1635 3240 est,
1668 3176 1816 3246 quod
1854 3192 2035 3248 operae

467 3260 704 3329 pretium
744 3262 816 3318 sit
862 3271 1105 3321 statuere
1147 3280 1410 3332 mensem,
1441 3265 1496 3322 in
1537 3281 1647 3336 quo
1677 3267 1748 3324 sit
1779 3271 2030 3324 autumni

467 3351 881 3421 aequinoctium,
915 3364 1170 3425 quartum
1198 3355 1420 3427 quidem
1452 3359 1520 3414 ab
1549 3357 2036 3428 Hecatombaeone,

469 3441 624 3498 circa
673 3459 832 3514 quem
876 3446 1126 3502 aestivum
1165 3447 1457 3504 solstitium
1504 3449 1782 3520 agebatur.
1823 3451 2040 3508 Mama-

466 3534 683 3590 -cterion
707 3551 838 3592 vero
862 3544 966 3601 est,
986 3537 1040 3592 in
1066 3553 1174 3608 quo
1205 3539 1263 3592 lit
1291 3541 1700 3610 aequinoctium.
1726 3541 1863 3596 Nam
1892 3543 2041 3600 circa

474 3627 770 3682 Arcturum
803 3629 1194 3700 aequinoctium
1220 3621 1356 3698 'est;
1393 3647 1558 3702 porro
1605 3632 2043 3694 Maemacterione

472 3727 558 3773 est
589 3719 806 3773 Arcturi
833 3719 1234 3776 ortus.Harum
1264 3730 1446 3777 autem
1475 3724 1810 3793 positionum
1841 3727 2042 3797 partim

472 3816 668 3864 auctor
716 3809 1148 3881 Theophrastus,
1200 3811 1396 3870 ﬂorere
1457 3815 1714 3886 siliquam
1769 3817 2044 3873 cesoniam

473 3901 622 3956 circa
649 3901 940 3956 Arcturum
951 3943 964 3962 ,
979 3905 1474 3976 arquinoctiumque
1487 3907 1762 3962 memoriae
1780 3908 2040 3979 prodens;

471 3999 528 4048 et
550 4001 810 4063 praeterea
849 3992 1088 4055 Galenus
1132 3997 1379 4053 medicus
1417 3997 1492 4052 ita
1523 3999 1774 4056 scribens
1807 4003 1862 4055 in
1890 3985 2044 4059 libris

467 4081 542 4138 de
570 4082 920 4140 salubribus:
954 4102 972 4136 ι
1002 4083 1096 4141 Est
1115 4086 1496 4142 maturrimum
1518 4128 1534 4153 ,
1558 4107 1577 4140 ι
1597 4089 1772 4160 inquit
1795 4109 1813 4140 ι
1839 4099 2046 4162 tempe-

474 4171 941 4245 stivissimumque
956 4173 1148 4231 abietis
1169 4191 1354 4231 semen
1368 4177 1590 4232 circiter
1605 4179 1820 4234 Arcturi
1841 4189 2042 4247 ortum,

472 4265 622 4335 quod
663 4275 878 4336 tempus
907 4265 1093 4322 Romae
1126 4267 1498 4338 Septembrem
1537 4282 1761 4336 vocant;
1793 4291 1812 4325 ι
1847 4273 2045 4343 partim

472 4355 638 4410 etiam
691 4363 882 4410 auctor
930 4365 1014 4412 est
1045 4358 1370 4415 Aristoteles
1405 4379 1420 4416 :
1460 4381 1479 4412 ι
1511 4359 1642 4418 Post
1673 4362 1989 4431 Arcturum,
2021 4383 2041 4417 ι

477 4445 676 4514 inquit,
714 4463 734 4496 σ
759 4446 1173 4512 Boedromione,
1203 4457 1257 4505 et
1275 4449 1732 4518 Maemacterione,
1767 4473 1787 4506 ι
1826 4462 1885 4508 ut
1922 4464 2049 4510 ante

2133 1985 2560 2058 Βοηδρομιῶνος.
2615 1985 2728 2039 Καὶ
2769 1983 2990 2048 Σουῖδας
3032 1983 3089 2036 δὲ
3128 1981 3191 2054 δὴ
3227 1985 3256 2036 6
3284 1981 3496 2049 λεξικὸς
3556 1983 3711 2050 ὑγιὲς

2133 2074 2324 2146 εἴρηκε
2354 2075 2512 2128 τοῦτό
2537 2091 2620 2144 γε,
2651 2073 2901 2145 δεύτερον
2928 2069 3064 2126 εἶναι
3104 2072 3404 2144 Ἀθηναίοις
3443 2073 3586 2144 μῆνα
3616 2073 3710 2126 τδν

2132 2165 2576 2235 Μεταγειτνιῶνα
2624 2164 2792 2218 εἰπών
2819 2179 2835 2194 ·
2871 2163 3010 2234 μετὰ
3078 2161 3137 2215 δὲ
3172 2161 3558 2234 Βοηδρομιῶνα
3611 2164 3710 2233 ἑφ-

2133 2255 2261 2325 εξῆς
2294 2253 2746 2326 Μαιμακτηριὼν.
2776 2250 2944 2322 Δῆλον
2983 2250 3062 2304 δέ’
3110 2250 3483 2322 Ἀριστοτέλης
3509 2249 3618 2322 γάρ
3647 2249 3712 2303 ὲν

2133 2350 2244 2410 τοῖς
2271 2347 2454 2410 αὐτοῖς
2483 2346 2611 2416 περὶ
2642 2345 2878 2415 ἐλάφων,
2913 2342 3101 2397 τοῦτον
3125 2342 3251 2414 ἑξῆς
3276 2343 3499 2415 τέταχεν
3516 2342 3708 2397 είπιίιν·

2139 2457 2159 2488 ι
2201 2437 2265 2491 Ἠ
2287 2437 2330 2489 δ’
2355 2437 2506 2508 ὀχεία
2527 2436 2734 2506 γίνεται
2759 2436 2874 2506 μετ’
2910 2432 3259 2506 Ἀρκτοῦρον,
3302 2435 3431 2507 περὶ
3453 2437 3546 2488 τὸν
3569 2434 3708 2506 Βοη-

2133 2528 2408 2600 δρομιῶνα
2463 2529 2558 2582 καὶ
2600 2525 3097 2597 Μαιμακτηριῶνα.
3127 2545 3146 2577 ι
3173 2525 3284 2579 Καὶ⁵
3325 2525 3435 2580 τῶν
3469 2524 3622 2590 ζώων
3649 2524 3714 2591 δὲ

2133 2620 2204 2675 τὰ
2250 2619 2612 2691 ἀσθενέστερα
2663 2618 2926 2690 πρότερον
2961 2618 3210 2671 τεθεῖσθαι
3240 2617 3340 2689 τὴν
3381 2618 3713 2688 μετάστασιν

2135 2713 2272 2783 πρὸς
2298 2712 2399 2776 τὰς
2446 2709 2748 2783 μεταϐολὰς
2781 2711 2890 2764 τῶν
2924 2708 3082 2781 ὡρῶν
3115 2709 3444 2776 ἐπιδεικνὺς,
3475 2710 3715 2782 ὄρτυγας

2138 2805 2236 2875 μὲν
2304 2803 2731 2876 Βοηδρομιῶνος,
2787 2806 3049 2877 γεράνους
3102 2805 3160 2859 δὲ
3212 2802 3716 2874 Μαιμακτηριῶνος

2139 2897 2492 2968 μεταϐάλλειν
2527 2897 2692 2968 φησι·
2733 2895 2984 2968 καθάπερ
3021 2895 3214 2967 ἀμέλει
3251 2895 3314 2966 δὴ
3354 2895 3448 2948 καὶ
3494 2893 3713 2966 ὁρῶμεν

2134 2987 2234 3052 τὰς
2272 2987 2536 3059 γεράνους
2561 2987 2656 3040 τοῦ
2690 2987 2934 3049 ἐπιόντος
2958 2987 3126 3058 μηνὸς
3156 2986 3294 3056 μετὰ
3325 2985 3449 3049 τοὺς
3473 2983 3714 3056 ὄρτυγας

2136 3079 2389 3151 ἀπαίρειν
2417 3083 2482 3134 ὲκ
2521 3079 2630 3132 τῶν
2655 3077 2877 3148 ψυχρῶν
2897 3079 3076 3130 τόπων
3129 3079 3209 3141 είς
3245 3078 3371 3140 τοὺς
3407 3074 3707 3141 άλεεινούς.

2140 3172 2293 3240 ’Δμα
2315 3171 2373 3224 δὲ
2397 3169 2556 3240 δῆλον
2579 3170 2673 3222 καὶ
2698 3170 2763 3222 ἐκ
2805 3167 2900 3222 τοῦ
2943 3167 3090 3239 μῆνα
3134 3167 3244 3220 δεῖν
3284 3166 3462 3234 τάξαι,
3493 3167 3622 3238 περὶ
3650 3165 3712 3220 ὃν

2138 3264 2172 3334 ἡ
2204 3259 2572 3333 φθινοπωρινὴ
2607 3260 2898 3332 ίσημερία·
2927 3260 3186 3330 τέταρτον
3224 3259 3333 3332 γὰρ
3387 3259 3495 3312 ἀπὸ
3553 3259 3716 3312 Ἑκαο

2139 3352 2496 3424 τομϐαιῶνος,
2529 3352 2659 3422 περὶ
2682 3351 2740 3404 ὃν
2768 3353 2800 3422 ἡ
2835 3351 3020 3422 θερινὴ
3048 3346 3117 3422 ἦν
3159 3350 3353 3421 τροπή.
3384 3350 3714 3421 Μαιμακτη-

2143 3441 2276 3515 ριὼν
2307 3443 2382 3506 δὲ,
2433 3443 2563 3514 περὶ⁸
2589 3442 2648 3495 ὃν
2689 3443 2723 3512 ἡ
2763 3442 3040 3513 ίσημερία.
3079 3441 3214 3512 Περὶ
3253 3441 3580 3513 Ἀρκτοῦρον
3604 3442 3716 3514 γάρ

2142 3535 2176 3605 ἡ
2205 3533 2480 3604 ίσημερῐα.
2527 3535 2664 3604 Περὶ
2707 3534 3182 3604 Μαιμακτηριῶνα
3207 3533 3264 3587 δὲ
3294 3535 3322 3586 6
3369 3533 3716 3606 ’Δρκτοῦρος.

2143 3621 2264 3676 Τῶν
2304 3623 2361 3676 δὲ
2399 3623 2598 3677 Θέσεων
2627 3625 2691 3694 τῇ
2729 3623 2828 3694 μὲν
2853 3623 3116 3693 αὐθέντης
3143 3623 3508 3694 Θεόφραστος,
3534 3623 3720 3679 ἀνθεῖν

2145 3715 2374 3787 ἱστορῶν
2393 3715 2488 3786 τὴν
2510 3715 2775 3788 κερωνίαν
2805 3715 2936 3787 περὶ
2968 3714 3295 3788 Ἀρκτοῦρόν
3318 3733 3378 3770 τε
3401 3718 3497 3770 καὶ
3525 3718 3611 3788 ίση
3621 3734 3722 3788 με-

2143 3808 2265 3880 ρίαν
2285 3824 2298 3834 ·
2337 3808 2432 3862 καὶ
2456 3807 2678 3879 προσέτι
2699 3807 2976 3880 Γαληνὸςό
3011 3808 3216 3880 ἰατρὸς,
3252 3807 3481 3878 γράφων
3511 3809 3570 3860 ὲν
3603 3810 3719 3872 τοῖς

2144 3901 2272 3972 περὶ
2305 3900 2555 3970 ὑγιεινῶν
2586 3901 2764 3969 λόγοις
2815 3894 2949 3954 ὧδε·
2979 3919 2998 3951 ι
3040 3901 3195 3954 Ἐστι
3235 3899 3333 3971 μὲν
3380 3901 3720 3972 ὡραιότατον

2142 3993 2241 4062 τῆς
2279 3993 2476 4064 ὲιλάτης
2519 3993 2582 4048 τὸ
2611 3993 2832 4064 σπέρμα
2869 3995 2998 4066 περὶ
3029 3993 3128 4065 τὴν
3168 3992 3420 4064 ἐπιτολὴν
3449 3993 3544 4048 τοῦ
3592 3992 3723 4067 Ἀρ·-

2143 4085 2399 4157 κτούρου,
2441 4086 2592 4150 ὅστις
2638 4085 2827 4157 καιρὸς
2857 4087 2914 4139 ὲν
2955 4084 3139 4157 Ῥώμῃ
3186 4087 3214 4139 6
3239 4084 3570 4156 καλούμενος
3617 4083 3720 4156 μὲν

2145 4177 2518 4248 Σεπτέμϐριός
2562 4177 2712 4230 ἐστι⁸
2746 4196 2767 4228 ι
2793 4179 2860 4248 τῇ
2915 4175 2960 4228 δ’
2994 4175 3260 4248 αὐθέντης
3313 4174 3715 4246 Ἀριστοτέλης

2151 4287 2170 4320 ι
2202 4268 2337 4322 Μετ’
2371 4266 2698 4340 Ἀρκτοῦρον
2732 4287 2750 4320 ι
2777 4267 2908 4338 γάρ,
2938 4267 3092 4337 φησὶ,
3121 4286 3140 4319 ι
3170 4265 3300 4339 περὶ
3334 4265 3722 4338 Βοηδρομιῶνα

2147 4360 2242 4414 καὶ
2273 4358 2770 4432 Μαιμακτηριῶνα,
2804 4379 2824 4412 ι
2857 4358 2933 4422 ὡς
2961 4361 3194 4430 εἴρηται.
3231 4360 3300 4412 Ἦ
3330 4358 3392 4412 οὐ
3417 4359 3478 4412 τὸ
3516 4361 3724 4430 πάρεγ-

2147 4469 2247 4522 γυς
2279 4451 2344 4506 ἂν
2370 4451 2624 4523 σημαίνοι
2661 4452 2690 4504 6
2727 4449 2872 4504 οὓτω
2909 4451 3150 4524 φράζων.
3195 4448 3366 4503 Τοῦτο
3398 4449 3455 4503 δὲ
3490 4451 3720 4504 ἄτοπον·

475 4535 805 4604 explicatum
841 4547 946 4593 est.
975 4537 1230 4608 Alioquin
1283 4541 1552 4596 mensium
1585 4543 2039 4614 pr0pinquitatem

2152 4544 2273 4598 ἐπεὶ
2313 4543 2408 4598 καὶ
2436 4545 2470 4613 ἡ
2513 4541 2674 4613 φύσις
2701 4541 2838 4614 πρὸς
2861 4541 2960 4604 τὰς
2981 4540 3128 4614 ὥρας
3151 4543 3382 4595 ποιεῖται
3412 4541 3511 4606 τὰς
3542 4541 3726 4610 ὀχείας

480 4639 830 4698 nequaquam
883 4629 1239 4700 signiﬁcaret,
1275 4632 1366 4701 qui
1397 4631 1500 4688 hoc
1548 4635 1710 4688 modo
1737 4635 1949 4690 scribit.
1987 4635 2046 4690 ld

475 4732 608 4774 vero
637 4718 959 4784 absurdum,
983 4721 1425 4792 quandoquidem
1465 4723 1634 4779 certis
1665 4725 1795 4778 anni
1835 4731 2047 4796 tempe-

479 4809 715 4866 statibus
743 4803 811 4866 ad
840 4813 1020 4868 coitus
1045 4821 1345 4884 partusque
1362 4814 1664 4870 animantia
1687 4824 1885 4872 natura
1909 4817 2050 4873 inci-

477 4908 580 4965 tat,
607 4909 662 4958 et
691 4903 775 4959 vel
802 4910 915 4959 toto
945 4903 1116 4958 utitur
1137 4915 1406 4976 tempore,
1431 4905 1515 4960 vel
1543 4907 1780 4963 maxime
1800 4907 2047 4978 ejusdem

479 4993 682 5059 medio,
708 4995 1011 5066 prasertim
1039 4996 1085 5050 si
1113 4995 1225 5065 jam
1253 4996 1583 5067 principium
1615 5000 1917 5072 occuparit.
1944 5009 2049 5056 Ar-

477 5093 798 5156 gumentum
821 5100 952 5140 vero
975 5084 1140 5155 hujus
1162 5087 1505 5144 cohaerentia
1523 5103 1636 5144 non
1661 5105 1886 5160 parvum
1915 5091 2050 5147 illud

479 5192 718 5247 quoque,
771 5176 918 5248 quod
971 5177 1039 5233 de
1086 5178 1266 5234 bubus
1320 5177 1402 5233 sic
1433 5178 1638 5234 dictum
1671 5188 1800 5236 est:
1847 5201 1866 5232 ‹
1908 5182 2052 5237 1ηοί-

482 5269 642 5340 piunt
687 5269 838 5325 coire
882 5269 1049 5326 boves
1105 5268 1474 5342 Thargelione
1520 5281 1575 5326 et
1621 5271 2053 5344 Scirophorione

482 5361 751 5430 plurimae.
803 5361 875 5416 At
916 5377 1050 5417 vero
1100 5363 1264 5418 etiam
1315 5362 1510 5433 aliquae
1556 5371 1774 5438 tempus
1817 5369 2052 5424 coeundi

481 5467 658 5522 usque
712 5453 781 5508 ad
825 5461 1145 5508 autumnum
1195 5453 1495 5510 deducunt.
1561 5474 1580 5509 ι
1616 5456 1854 5528 Tempus
1905 5460 2051 5514 enim

482 5544 840 5612 plurimarum
869 5545 1201 5600 contrahens
1230 5545 1297 5600 ad
1323 5546 1461 5602 duos
1482 5547 1604 5603 illos
1634 5564 1852 5606 menses
1878 5549 2054 5604 Thar-

482 5633 770 5705 gelionem-
803 5643 857 5689 et
883 5634 1382 5706 Scirophorionem,
1421 5652 1450 5690 a
1493 5639 1880 5694 nonnullarum
1915 5647 2056 5694 tem-

487 5741 618 5796 pore
649 5727 922 5785 distinxit.
973 5728 1033 5784 In
1068 5742 1307 5796 summa,
1370 5731 1461 5786 ubi
1515 5745 1582 5786 eo
1639 5733 1835 5789 ordine
1885 5734 2056 5789 inter-

487 5826 752 5888 pretatur,
812 5821 947 5877 nihil
995 5822 1320 5893 praecidens,
1375 5824 1730 5892 deﬁniensve,
1785 5827 2054 5899 temporis

2149 4637 2244 4689 καὶ
2275 4635 2402 4698 τοὺς
2424 4635 2615 4698 τόκους
2650 4632 2760 4686 τῶν
2787 4632 2974 4698 ζώωνθ
3003 4633 3098 4686 καὶ
3130 4632 3248 4703 ἦτοι
3281 4631 3378 4704 ὅλῃ
3421 4632 3618 4702 χρῆται
3653 4634 3724 4702 τῇ

2148 4723 2288 4797 ὥρᾳ,
2319 4725 2352 4796 ἢ
2387 4722 2464 4794 τῷ
2495 4723 2644 4793 μέσῳ
2681 4739 2783 4775 που
2816 4721 3048 4792 μάλιστα
3095 4721 3192 4791 τῆς
3223 4723 3411 4792 αὐτῆς,
3446 4721 3621 4785 ἄλλως
3663 4737 3726 4774 τε

2152 4816 2246 4870 καὶ
2275 4818 2324 4868 εἰ
2360 4817 2428 4886 τῇ
2477 4815 2618 4886 ἀρχῇ
2675 4812 2994 4884 χρησαμένη
3025 4812 3126 4883 ήδη
3167 4812 3445 4882 τυγχάνοι.
3493 4812 3726 4882 Σημεῖον

2149 4907 2272 4961 δὀὐ
2315 4906 2508 4978 μικρὸν
2567 4903 2660 4958 τοῦ
2691 4903 2988 4975 προσεχοῦς
3027 4905 3122 4958 καὶ
3163 4903 3223 4957 τὸ
3247 4902 3376 4974 περὶ
3415 4901 3554 4973 βοῶν
3581 4901 3732 4960 οὕτω

2153 4997 2318 5073 ῥηθέν
2337 5015 2350 5029 ·
2379 5017 2398 5050 ι
2437 4999 2729 5068 Ἀρχονται
2752 4997 2852 5067 τῆς
2875 4996 3058 5066 ὀχείας
3085 4997 3138 5049 αἱ
3167 4994 3293 5067 βοῦς
3313 4997 3442 5067 περὶ
3463 4995 3552 5049 τὸν
3577 4995 3728 5068 Θαρ-

2151 5091 2392 5164 γηλιῶνα
2418 5090 2562 5162 μῆνα
2617 5090 2711 5143 καὶ
2752 5089 2844 5143 τὸν
2875 5088 3301 5162 Σκιροφοριῶνα.
3355 5088 3429 5142 Οὐ
3479 5088 3586 5160 μὴν
3608 5087 3733 5143 ἀλλ’

2152 5184 2290 5238 ἔνιαι
2317 5183 2412 5237 καὶ
2443 5181 2603 5253 μέχρι
2649 5179 2744 5234 τοῦ
2770 5180 3085 5252 μετοπώρου
3121 5179 3457 5234 κυΐσκονται.
3480 5181 3585 5234 Τὸν
3616 5181 3730 5253 γὰρ

2151 5276 2261 5331 τῶν
2315 5275 2580 5330 πλείστων
2631 5275 2820 5345 χρόνον
2874 5273 3080 5336 ὲνώσας
3110 5273 3237 5344 περὶ
3279 5273 3405 5336 τοὺς
3433 5273 3528 5327 δύο
3552 5273 3734 5345 μῆνας

2153 5369 2509 5441 Θαργηλιῶνα
2538 5367 2630 5422 καὶ
2659 5365 3082 5439 Σκιροφοριῶνα,
3109 5364 3433 5418 διεστείλατο
3467 5365 3603 5436 πρὸς
3634 5363 3736 5420 τδν

2153 5461 2262 5515 τῶν
2312 5462 2490 5515 ἐνίων.
2522 5459 2697 5522 ’Ὁλως
2727 5475 2786 5512 τε
2813 5459 2946 5512 ὅπου
2994 5459 3110 5512 ποτ’
3140 5457 3206 5512 ἂν
3235 5457 3408 5520 οὕτως
3449 5457 3728 5529 ἑρμηνεὺῃ

2157 5553 2440 5618 συντάξας,
2467 5551 2635 5624 μηθὲν
2658 5547 3068 5622 προσ-διορίζων,
3087 5550 3146 5602 τὸ
3173 5549 3372 5620 ἐφεξῆς
3398 5549 3493 5602 τοῦ
3532 5547 3729 5619 χρόνου

2155 5645 2451 5716 λαμϐάνει·
2483 5644 2638 5714 δῆλον
2664 5643 2722 5696 δὲ
2744 5641 2813 5696 τὰ
2845 5641 2966 5695 καθ’
3011 5641 3216 5695 ἕκαστα
3259 5640 3520 5711 μετιόντι.
3570 5637 3730 5690 Ἀλλὰ

2161 5738 2266 5808 μὴν
2296 5735 2510 5790 καὶτῶν
2536 5733 2745 5804 γαλεῶν
2761 5732 3013 5802 άστερίαν
3038 5731 3298 5804 ἄρχεσθαι
3326 5731 3422 5802 μὲν
3441 5726 3730 5800 ὀχεύεσθαι

2161 5827 2327 5898 μηνὸς
2355 5824 2849 5898 Μαιμακτηριῶνός
2875 5840 3026 5896 φησι,
3055 5823 3138 5888 εἷς
3169 5821 3228 5878 δὲ
3259 5820 3350 5876 τοῦ
3383 5818 3551 5894 μηνὸς
3585 5818 3711 5876 ἀπο·
