4106 6422
363 457 491 514 1181
580 512 586 517 .

535 586 582 621 ν.
633 566 712 619 Ta

363 572 582 626 τίκτειν.
633 572 815 619 Ταῦτα
843 572 901 613 δὲ
937 572 1254 628 συμϐαίνειν
1283 572 1443 610 ευυυς
1483 572 1591 598 απυ
1639 572 1928 610 mutat"...

371 658 772 735 φθινοπωρινῆς
788 652 835 707 οἰ
865 650 993 721 περί
1012 647 1266 718 Τάραντα
1287 641 1457 702 ἁλιεῖς
1481 636 1748 704 λέγουσιν.
1771 628 1932 690 Εἰκὸς

364 728 420 810 δὲ
450 754 543 808 καί
562 728 638 822 τῷ
656 750 797 817 λόγῳ
816 764 829 777 ·
848 744 955 799 τῶν
973 742 1083 811 γὰρ
1116 735 1313 808 ἰχθύων
1340 731 1517 822 ὀλίγοι
1529 728 1772 781 τίκτουσι
1806 736 1934 792 μετ-

366 815 700 917 οπώρουξὼς
729 815 824 893 καὶ
853 815 1573 908 Αριποτέληςίστορεῖ,οἷον
1588 816 1935 886 σάλπη,σαρ-

368 906 711 1009 γὸςίκαίγὸσα
727 931 861 987 ἄλλα
880 906 1125 981 τοιαῦτασ
1144 920 1238 974 καί
1253 918 1448 988 νάρκη,
1464 914 1556 968 καί
1575 912 1716 984 ῥίνη,
1746 906 1935 980 μικρὸν

370 1000 475 1101 πρὸ
496 1026 781 1098 ἰσημερίας
812 1021 911 1090 τῆς
929 1010 1346 1088 φθινοπωρινῆς.
1364 1008 1427 1060 Εἰ
1446 1006 1502 1059 δὲ
1529 1002 1783 1073 ἀστερίας
1799 1000 1938 1053 Μαι-

375 1088 751 1191 μακτηριῶνος
781 1088 974 1172 τίκτει,
1004 1107 1149 1168 εἰκὸς
1182 1105 1271 1156 τὸν
1309 1102 1453 1173 μῆνα
1482 1097 1669 1151 τοῦτον
1696 1095 1769 1166 μὴ
1800 1088 1939 1146 εἶναι

371 1183 620 1281 δεύτερον
654 1204 760 1260 ἀπὸ
780 1204 879 1273 τῆς
908 1196 1216 1269 ἰσημερίας,
1255 1192 1390 1247 ἀλλά
1419 1189 1631 1264 πρῶτον
1650 1204 1662 1217 ·
1698 1183 1939 1254 καὶπερὶ

376 1271 665 1371 ἰσημερίαν
691 1294 757 1365 δὴ
784 1271 1007 1349 τίκτειν,
1034 1286 1128 1340 καὶ
1160 1283 1417 1354 άστερίαν
1466 1278 1575 1333 τῶν
1626 1271 1940 1344 σελαχωδῶν

372 1363 522 1452 ὄντα,
547 1363 642 1441 καὶ
673 1363 907 1454 ὁμογενῆ
930 1382 997 1451 τῇ
1029 1379 1207 1449 νάρκῃ
1224 1374 1320 1428 καὶ
1346 1372 1486 1444 ῥίνῃ.
1534 1366 1812 1437 Ίσημερία
1843 1363 1941 1433 μὲν

373 1478 467 1535 οὖν
516 1480 605 1539 διὰ
647 1476 819 1531 ταῦτα
872 1472 998 1545 περὶ
1029 1464 1529 1540 Μαιμακτηριῶνα·
1566 1462 1660 1515 καὶ
1688 1460 1811 1528 ἑξῆς
1854 1457 1941 1509 ὅδε

375 1568 720 1643 Βοηδρομιὼν
742 1570 875 1621 ἐστι.
900 1560 1214 1632 Πυανεψιὼν
1231 1560 1287 1614 δὲ
1321 1557 1456 1629 μετά
1472 1548 1943 1624 Μαιμακτηριῶνα

375 1641 557 1726 εὑθὺς.
592 1662 664 1714 Τὸ
683 1660 739 1718 δὲ
768 1656 956 1712 πιστὸν
996 1655 1090 1709 καί
1132 1650 1283 1723 παρά
1315 1646 1657 1718 Πλουτάρχου
1690 1641 1941 1712 ληπτέον,

374 1756 623 1824 λέγοντος
650 1753 707 1806 ὲν
728 1751 805 1823 τῷ
821 1749 1041 1820 Θησέως
1067 1746 1164 1816 βίῳ
1188 1745 1341 1810 ἄγειν
1373 1737 1687 1809 Ἀθηναίους
1714 1734 1811 1806 τὴν
1836 1733 1944 1786 τῶν

389 1844 749 1919 ,οσχοφορίων
777 1841 969 1915 ἑορτὴν
1001 1833 1400 1906 Πυανεψιῶνος,
1433 1830 1655 1900 Gnosio;
1677 1826 1948 1896 καταστή-
1978 1870 2019 1924 Β

381 1953 571 1997 σαντος
590 1953 603 1965 ο
625 1916 825 2006 *φέρειν
854 1949 913 1986 τε
958 1931 1082 1993 τοὺς
1123 1928 1335 1997 ὀσχους,
1365 1925 1446 1977 ὅτι
1478 1916 1944 1990 συγκομιζομένης

361 2026 598 2099 ’ὀπώρας
627 2025 863 2095 ἐπανῆκε
882 2022 1091 2092 Θησεὺς
1117 2019 1253 2089 μετά
1271 2015 1378 2069 τῶν
1392 2013 1587 2085 ἠϊθέων
1612 2012 1677 2063 ὲκ
1701 2008 1943 2078 Κρήτης,

379 2098 753 2189 Πυανεψιῶνος
789 2115 949 2185 ὀγδόῃ
1008 2112 1315 2181 ἱσταμένου.
1346 2106 1514 2175 Δῆλον
1541 2103 1670 2174 γὰρ,
1708 2101 1788 2153 ὅτι
1837 2098 1945 2167 ἀμ-

378 2187 608 2279 πελικῆς
664 2206 883 2278 ὀπώρας
912 2206 946 2276 ή
980 2202 1173 2274 κομιδὴ
1208 2196 1296 2271 ἦν.
1338 2198 1403 2250 Ἡ
1440 2196 1497 2248 δὲ
1520 2190 1802 2263 ὀψιαιτέρα
1830 2187 1946 2258 μετ’

394 2278 750 2371 Ἀρκτοῦρον·
778 2297 811 2368 ἢ
842 2297 923 2360 εἰς
957 2294 1139 2366 τρίτον
1183 2293 1326 2363 μῆνα
1354 2290 1455 2342 οὑκ
1474 2286 1540 2341 ἂν
1573 2284 1783 2354 γένοιτο
1820 2278 1950 2350 περί

393 2370 664 2462 Ἀττικήν.
724 2389 919 2460 Τρίτος
952 2386 995 2439 δ’
1025 2386 1154 2455 ἡμῖν
1204 2376 1522 2448 Πυανεψιὼν
1566 2373 1674 2429 ἀπὸ
1715 2370 1949 2442 Βοηδρο-

383 2484 601 2556 μιῶνος,
654 2483 748 2537 καί
797 2479 912 2551 μετ’
955 2474 1303 2548 Ἀρκτοῦρον.
1352 2470 1515 2525 Ἀλλά
1549 2467 1655 2540 μὴν
1688 2466 1783 2520 καί
1821 2464 1951 2517 Θεό-

383 2593 621 2650 φραστος
647 2577 703 2628 ἐν
733 2577 845 2636 τοῖς
873 2572 1055 2633 αὑτοῖς
1082 2567 1206 2639 περί
1239 2564 1421 2634 φυτῶν
1471 2561 1671 2631 ἱστορεῖ
1707 2557 1951 2628 κόμαρον

383 2668 563 2725 ἀνθεῖν
620 2661 1018 2734 Πυανεψιῶνος.
1084 2659 1307 2730 Ὀρᾶται
1362 2653 1418 2708 δὲ
1461 2651 1617 2705 τοῦτο
1671 2647 1952 2717 γινόμενον

386 2760 516 2832 περί
580 2755 850 2826 Ἀττικὴν,
908 2753 1003 2806 καὶ
1055 2750 1152 2814 τάς
1197 2746 1386 2819 ὁμοίας
1414 2744 1513 2815 τὴν
1545 2742 1738 2812 κρᾶσιν
1772 2736 1955 2810 χώρας

384 2828 623 2922 δευτέρῳ
670 2847 799 2919 μηνί
861 2845 957 2900 ἀπ’
1007 2840 1295 2914 ἰσημερίας
1321 2830 1755 2907 ιρθινοειτωριντιτις⁸
1788 2828 1955 2898 τρίτῳ

382 2940 431 2997 δ’
474 2920 736 2997 ἀπανθεῖν
757 2979 773 3004 ,
826 2938 922 2990 καὶ
963 2936 1025 2988 τὸ
1078 2929 1409 3005 μεμαίκυλον
1459 2926 1559 2996 ἥδη
1600 2920 1955 2993 ἀδρυνόμενον

388 3034 579 3104 ἴσχειν.
627 3028 1003 3098 Πυανεψιῶνος
1047 3025 1102 3078 δὲ
1146 3023 1239 3076 καὶ
1267 3021 1364 3091 τὴν
1395 3021 1452 3072 ἐν
1476 3014 1735 3085 Αἰγύπτῳ
1758 3028 1958 3066 κοκκυ-

391 3127 597 3200 μηλέαν
656 3122 834 3178 ἀνθεῖν
877 3136 1008 3191 φησι
1035 3132 1048 3146 ·
1079 3108 1239 3169 τοῦτο
1274 3113 1331 3166 δὲ
1379 3111 1508 3181 περὶ
1531 3109 1782 3177 δεύτερον
1814 3103 1961 3172 γίνε-

391 3198 514 3276 σθαι
553 3218 693 3289 μῆνα
740 3215 849 3268 ἀπὸ
897 3208 1183 3280 ἰσημερίας
1232 3203 1515 3272 Αἰγύπτιοι
1554 3198 1793 3267 λέγουσι.

390 3311 564 3373 ἄλλως
604 3309 661 3361 δὲ
711 3303 912 3370 δόξειεν
966 3302 1032 3355 ἂν
1087 3295 1514 3370 ἀμφισϐητοῦντι
1577 3291 1809 3362 μάλιστα

392 3402 566 3456 ἄλλων
594 3398 847 3452 ἁπάντων
866 3393 1048 3467 μηνῶν
1076 3394 1104 3444 ὀ
1130 3386 1446 3458 Πυανεψιὼν
1470 3384 1629 3448 εὐθὺς
1648 3378 1785 3435 εἶναι
1823 3377 1962 3451 μετά

392 3489 794 3564 Βοηδρομιῶνα,
823 3488 875 3541 εί
897 3504 960 3556 γε
981 3485 1108 3556 περί
1130 3482 1289 3536 αὑτδν
1318 3482 1351 3553 ἡ
1375 3477 1570 3549 κομιδὴ
1597 3475 1693 3545 τῆς
1718 3470 1957 3543 ὀπώρας,

393 3560 859 3650 ὼς-Πλούταρχος
907 3576 1027 3646 ἔφη.
1059 3576 1173 3628 Οὐκ
1213 3573 1327 3625 ἔστι
1350 3571 1409 3623 δέ
1433 3588 1444 3600 ο
1490 3560 1962 3637 Μαιμακτηριῶνα

392 3671 502 3744 γὰρ
529 3667 668 3724 εἶναι
692 3665 1066 3721 ἀποδέδεικται
1094 3662 1180 3733 δή.
1216 3661 1276 3713 '0
1302 3660 1408 3729 ἄρα
1433 3656 1548 3728 μετ’
1578 3655 1780 3707 ἐκεῖνον
1803 3650 1963 3711 εὐθὺς

391 3766 465 3822 ὅδ’
510 3762 674 3819 ἐστίν.
713 3761 982 3821 ’Υστατος
1013 3757 1068 3810 δὲ
1096 3753 1173 3826 τῷ
1194 3751 1479 3821 καταλόγῳ
1506 3747 1640 3818 τῷδε
1671 3746 1801 3817 ἡμῖν
1847 3744 1963 3795 Ἀν-

392 3859 557 3928 θεστη
567 3854 693 3927 ριών
711 3869 725 3884 ο
754 3851 833 3923 τῷ
853 3850 962 3921 γὰρ
986 3844 1391 3916 ὑπολειπομένῳ
1407 3841 1505 3912 τὴν
1528 3837 1717 3909 λοιπὴν
1744 3836 1961 3890 ἀπονεῖ-

1852 3287 1960 3340 τῶν

398 3968 495 4021 μαι
521 3946 705 4020 χώραν
741 3945 806 4014 δὴ
846 3942 1160 4006 ἀναγκαῖον.
1194 3936 1306 3991 Καὶ
1338 3934 1520 3997 πίστις
1555 3930 1712 4000 ἱκανὴ
1735 3928 1871 3991 τέως
1896 3943 1961 3996 γε

394 4041 552 4094 τοῦτο
606 4038 672 4093 ἂν
718 4035 825 4106 εἴη.
855 4036 1006 4104 Ἅμα
1052 4029 1116 4101 δὴ
1163 4027 1341 4099 δῆλον,
1374 4024 1469 4078 καὶ
1500 4024 1581 4077 ὅτι
1617 4021 1746 4091 περί
1773 4021 1963 4072 Ποσει-

392 4131 566 4186 δεῶνα
594 4130 650 4183 αἰ
674 4125 982 4198 χειμεριναί
1006 4120 1205 4192 τροπαὶ
1243 4114 1653 4187 ἀκριϐέστερον,
1680 4110 1816 4179 ὅπερ
1841 4107 1962 4160 κατ’

395 4222 568 4295 ἀρχὰς
620 4218 956 4287 ἀπελίπομεν
994 4215 1109 4277 τοῖς
1155 4209 1422 4280 ὑπέροις.
1457 4204 1723 4274 Ἕϐδομος
1748 4202 1855 4272 γὰρ
1878 4199 1963 4253 ὅδε

542 4306 1013 4381 Ἑκατομϐαιῶνος
1041 4304 1136 4358 καὶ
1154 4299 1371 4374 τροπῶν
1394 4294 1639 4369 θερινῶν.
1674 4292 1963 4361 Φιλόστρα-

395 4421 487 4467 τος
507 4401 564 4454 δὲ
588 4398 840 4472 πάμπολυ
885 4398 1159 4466 διέστηκε,
1206 4390 1446 4462 φάμενος
1489 4384 1790 4455 Ἀθηναίοις
1822 4380 1968 4450 νόμι-

399 4511 499 4565 μον
526 4487 665 4545 εἶναι
695 4491 818 4550 τοὺς
840 4487 1034 4548 παῖδας
1051 4485 1282 4556 τριετεῖς
1311 4476 1634 4549 γενομένους
1668 4469 1965 4540 στεφανοῦ-

1295 424 1649 489 THEODORI
1686 418 1892 479 GAZA'I
1932 413 2134 472 LIBER
2173 410 2260 466 DE
2299 401 2663 465 MENSIBUS.

716 562 815 617 ὖτα
843 560 901 613 δὲ
937 552 1254 628 συμϐαίνειν
1283 548 1444 610 εὐθὺς
1483 543 1591 598 ἀπὸ
1638 534 1931 610 ἰσημερίας

2056 528 2236 583 seriem
2281 521 2534 587 intelligit
2564 539 2576 574 :
2610 518 2665 574 id
2702 513 2846 586 quod
2894 510 3105 582 singula
3139 489 3486 579 pel-sequenti
3512 514 3599 560 est

2210 619 2222 628 “
2449 612 2495 628 Ἦ
2585 627 2591 628 ί
2619 626 2647 628 ί-
2716 608 2984 628 -υεμ-Α-Α
3022 620 3046 628 Α
3077 600 3430 628 υ-ι--ι-ΙΑῘΑ-ηιπη
3463 612 3599 628 -.ιω

1850 3194 1958 3288 καὶ
1986 3226 2032 3288 C

3457 390 3596 447 M89

2039 619 2417 691 perspicuum.
2449 612 2654 669 Verum
2708 608 2988 664 enimvero
3018 620 3048 660 e
3077 600 3434 657 mustelarum
3463 612 3601 667 quo-

2032 724 2140 781 que
2174 721 2371 779 genere
2394 703 2668 760 stellarem
2711 698 2913 753 coitum
2964 694 3102 748 inire
3142 688 3599 754 Maemacterione,

2033 809 2087 857 et
2116 802 2202 854 bis
2235 812 2419 853 mense
2446 805 2657 865 partum
2681 790 2963 845 absolvere
2994 786 3143 840 dicit.
3175 782 3230 837 ld
3260 790 3440 835 autem
3470 794 3603 834 con-

2034 895 2249 964 tingere
2285 891 2354 945 ab
2380 884 2680 942 autumnali
2704 880 3054 951 aequinoctio,
3082 878 3384 947 piscatores
3398 873 3606 926 Taren-

2038 985 2138 1039 tini
2192 987 2524 1037 asseverant.
2581 973 2738 1040 Quod
2794 981 2848 1027 et
2894 969 3095 1024 rationi
3148 971 3599 1037 consentaneum,

2037 1091 2163 1131 cum
2187 1074 2419 1145 piscium
2439 1069 2599 1140 pauci
2624 1076 2884 1120 autumno
2906 1061 3142 1132 pariant,
3167 1064 3227 1112 ut
3248 1057 3390 1112 idem
3414 1065 3605 1109 auctor

2038 1176 2124 1223 est
2157 1164 2499 1228 Aristoteles,
2546 1168 2606 1213 ut
2643 1158 2815 1226 salpa,
2871 1168 3084 1222 sargus,
3112 1157 3166 1204 et
3188 1149 3239 1202 id
3271 1162 3442 1218 genus
3476 1146 3601 1211 alia,

2038 1264 2094 1311 et
2139 1256 2385 1324 torpedo,
2427 1260 2481 1304 et
2521 1246 2774 1318 squatina
2821 1242 3099 1312 paululum
3130 1245 3256 1293 ante
3294 1235 3607 1290 autumnale

2039 1344 2445 1417 aequinoctium.
2472 1337 2629 1407 Quod
2655 1336 2701 1392 si
2719 1333 2951 1390 stellaris
2974 1328 3406 1386 Maemacterione
3438 1326 3602 1396 parit,

2041 1445 2471 1494 consentaneum
2515 1440 2598 1486 εει
2627 1430 2773 1483 hunc
2807 1438 3047 1480 mensem
3080 1437 3189 1475 non
3219 1434 3341 1475 esse
3376 1419 3608 1473 alterum

2043 1533 2114 1588 ab
2175 1527 2532 1601 aequinoctio,
2581 1523 2677 1579 sed
2732 1527 2881 1576 certe
2927 1518 3188 1588 primum,
3233 1523 3289 1568 ct
3333 1513 3606 1569 stellarem

2045 1636 2260 1694 quoque
2293 1621 2438 1674 circa
2467 1613 2849 1685 aequinoctium
2882 1623 3090 1679 parere,
3123 1604 3339 1676 generis
3369 1619 3492 1658 cum
3536 1598 3608 1656 Sit

2045 1711 2477 1782 cartilaginei,et
2499 1705 2764 1776 ejusdem,
2788 1703 2946 1772 cujus
2984 1699 3202 1756 testudo
3233 1704 3286 1751 et
3328 1696 3605 1766 squalina.

2042 1806 2125 1860 Ex
2169 1805 2257 1858 his
2302 1803 2488 1870 itaque
2518 1798 2667 1853 circa
2696 1792 3187 1849 Maemacterionem
3214 1788 3605 1858 aequinoctium

2047 1906 2153 1962 est,
2187 1905 2240 1950 et
2270 1894 2564 1948 continuus
2594 1885 2976 1943 Boedroutioni
3020 1882 3441 1937 Mammeterion.
3474 1877 3613 1950 Pya-

2049 1992 2277 2063 nepsion
2307 1997 2487 2044 autem
2512 1987 2762 2055 protinus
2779 1997 2810 2036 a
2834 1978 3268 2035 Maemacterione
3295 1981 3398 2038 est,
3426 1973 3613 2028 iidem-

2048 2100 2153 2155 que
2177 2082 2377 2136 faciant
2392 2077 2668 2132 Plutarchi
2683 2073 2868 2144 verba,
2887 2073 2943 2127 in
2969 2070 3163 2125 Theseo
3180 2067 3433 2132 dicentis,
3455 2064 3613 2118 Athe—

2048 2178 2268 2231 nienses
2289 2170 2663 2242 Pyanepsione
2694 2165 2985 2218 [ternorum
3029 2161 3171 2216 diem
3211 2156 3409 2213 festum
3454 2168 3617 2223 agere

2049 2268 2106 2321 in
2138 2263 2451 2320 memoriam
2492 2258 2652 2327 158
2689 2254 2885 2308 Thesei
2919 2261 3033 2307 tum
3065 2265 3096 2305 e
3126 2250 3285 2305 Creta
3314 2263 3436 2303 cum
3460 2246 3615 2316 juve-

2051 2359 2216 2414 nibus
2251 2353 2472 2410 reducis
2508 2350 2667 2414 facti;
2705 2355 2759 2401 et
2802 2359 2984 2399 ramos
3024 2349 3262 2413 gestare,
3298 2339 3445 2411 quod
3500 2345 3615 2391 tum

2050 2450 2300 2512 redierit,
2337 2461 2463 2501 cum
2500 2443 2714 2497 fructus
2755 2441 3066 2509 legerentur
3107 2436 3196 2491 die
3239 2443 3434 2490 octavo
3478 2431 3619 2503 Pya-

2055 2539 2357 2611 nepsionis.
2395 2535 2625 2590 Constat
2655 2531 2799 2586 enim
2844 2529 3014 2583 fuisse
3039 2526 3331 2581 vindemiae
3364 2534 3617 2592 tempus:

2053 2648 2175 2706 qua:
2200 2633 2255 2686 in
2300 2629 2481 2684 Attica
2511 2638 2855 2695 nequaquam
2909 2622 3002 2676 ﬁat
3044 2620 3222 2675 serior
3252 2619 3319 2671 ab
3359 2618 3620 2679 Arcturo,

2056 2728 2218 2799 quam
2246 2723 2408 2780 tertio
2433 2734 2645 2773 mense.
2683 2715 2903 2770 Tertius
2944 2727 3075 2768 vero
3113 2711 3274 2766 nobis
3304 2716 3389 2764 est
3417 2723 3446 2760 a
3489 2706 3620 2762 Boe-

2056 2817 2363 2879 dromione,
2398 2812 2543 2868 etab
2582 2809 2816 2862 Arcturo
2856 2803 3219 2876 Pyanepsion.
3251 2800 3413 2870 Atqui
3457 2799 3621 2852 etiam

2058 2908 2466 2979 Theophrastus
2497 2904 2549 2955 in
2595 2900 2784 2954 iisdem
2822 2897 2975 2951 libris
3033 2895 3101 2949 de
3138 2893 3360 2963 plantis,
3411 2888 3616 2960 Pyaue—

2059 3002 2249 3071 psione
2306 2995 2561 3049 arbutum
2605 2990 2799 3042 ﬂorere
2856 2984 3081 3049 scribit;
3135 2981 3284 3052 quod
3337 2981 3393 3033 in
3446 2978 3622 3033 Attica

2061 3089 2424 3159 conspicitur,
2458 3093 2511 3139 et
2541 3081 2736 3136 similis
2761 3076 3043 3148 temperiei
3073 3073 3408 3143 regionibus,
3438 3085 3623 3126 mense

2062 3187 2131 3241 ab
2193 3179 2495 3236 autumnali
2555 3172 2886 3245 aequinoctio
2946 3167 3222 3234 secundo;
3278 3164 3440 3219 tertio
3496 3178 3623 3218 vero

2060 3275 2344 3339 deflorere,
2370 3280 2425 3327 et
2471 3270 2581 3340 jam
2627 3264 2931 3322 crescentia
2988 3261 3183 3315 arbuta
3233 3258 3452 3313 habere.
3486 3252 3625 3326 Pya-

2061 3368 2323 3437 ncpsione
2372 3377 2589 3434 quoque
2623 3360 2675 3413 in
2712 3356 2947 3426 Egypto
2972 3366 3206 3424 primum
3232 3348 3425 3403 florere
3449 3346 3581 3400 dicit
3608 3363 3624 3401 :

2060 3474 2246 3515 verum
2312 3456 2366 3511 id
2426 3452 2541 3508 fieri
2607 3448 2850 3506 secundo
2922 3458 3108 3500 mense
3172 3442 3240 3496 ab
3302 3436 3625 3508 aequinoctio

2062 3547 2300 3621 Egyptii
2356 3547 2693 3600 asseverant.
2748 3544 2819 3592 At
2869 3537 3126 3606 cuiquam
3178 3533 3407 3587 fortasse
3443 3528 3509 3585 de
3539 3527 3626 3583 his

2062 3620 2358 3710 ambigenti
2416 3635 2585 3690 videri
2634 3633 2807 3703 possit
2855 3626 3199 3701 Pyanepsion
3240 3620 3626 3677 Boedromioni

2061 3732 2306 3789 omnium
2356 3726 2654 3798 proximus,
2710 3722 2757 3776 si
2815 3735 2881 3775 eo
2925 3731 3112 3773 mense
3168 3714 3328 3769 fiebat
3378 3710 3626 3766 autumni

2063 3825 2338 3880 fructuum
2389 3815 2772 3887 comportatio,
2820 3819 2881 3867 ut
2927 3807 3255 3864 Plutarchus
3305 3803 3501 3874 inquit.
3558 3802 3628 3856 At

2061 3934 2170 3974 non
2220 3916 2293 3970 ita
2334 3919 2439 3976 est,
2492 3924 2616 3963 cum
2676 3902 3165 3960 Maemacterionem
3213 3893 3474 3952 continuo
3505 3908 3629 3949 esse

2062 4009 2493 4065 demonstratum
2526 3999 2616 4055 sit.
2638 3993 3059 4051 Mmmacterioni
3100 3990 3263 4062 igitur
3290 3985 3629 4059 Pyanepsiou

2063 4100 2374 4170 contiguus.
2429 4092 2669 4148 Ultimus
2718 4086 2876 4144 nobis
2922 4086 3025 4140 hac
3081 4079 3490 4138 enumeratione
3544 4084 3631 4132 est

2063 4189 2490 4251 Anthesterion;
2536 4185 2747 4253 reliquo
2796 4180 2940 4235 enim
2991 4175 3172 4232 sedem
3218 4188 3360 4235 eam,
3390 4186 3511 4240 quae
3537 4182 3631 4225 su-

2066 4293 2250 4358 perest
2290 4279 2490 4335 ascribi
2519 4282 2752 4347 oportet.
2785 4272 2846 4325 Et
2867 4271 2982 4324 haec
3018 4267 3237 4337 quidem
3263 4263 3479 4319 interim
3502 4275 3630 4331 pro-

2065 4351 2215 4432 batio
2266 4372 2522 4429 sufficiat.
2584 4365 2760 4422 Simul
2813 4376 2944 4418 vero
2998 4364 3234 4421 constat,
3280 4355 3430 4409 circa
3473 4351 3631 4406 Posi-

2067 4466 2294 4522 deonem
2352 4461 2604 4516 brumam
2664 4467 2805 4516 esse,
2860 4448 3025 4519 idque
3072 4446 3285 4501 ratione
3336 4440 3627 4503 exactiore,

399 4530 522 4638 :Oat
549 4581 656 4635 τῶν
688 4530 893 4634 ἀνθέων
926 4530 1114 4647 μηνόςΓ
1141 4530 1629 4643 Ἀνθεστηρίῶνος.-
1648 4530 1817 4634 Δῆλος
1856 4562 1954 4631 γάρ

2068 4555 2213 4629 quod
2243 4568 2272 4609 a
2303 4549 2573 4623 principio
2596 4545 2886 4615 rejecimus
2914 4541 2979 4595 ad
3007 4535 3328 4609 posteriora.
3355 4530 3630 4600 Septimus

2479 4639 2492 4647 '
2544 4635 2589 4647 "
2694 4642 2706 4647 -
2808 4631 2821 4647 ·
2974 4645 2984 4647 ρ
3053 4625 3347 4647 ..-ιε---μη
3374 4619 3606 4647 ,ηιηιιιεη

396 4679 542 4730 ἔστιν
569 4670 780 4742 ὲαρινόν
807 4666 955 4722 τόνδε
992 4666 1133 4736 μῆνα
1160 4659 1532 4733 καταριθμῶν.
1568 4657 1631 4710 Εἰ
1667 4654 1763 4725 μὲν
1792 4648 1884 4706 οὖν
1911 4652 1961 4704 οἰ

394 4767 481 4820 ἐπ’
531 4761 695 4819 αὑτοῦ
749 4759 1040 4830 Ἀθηναῖοι,
1084 4755 1181 4827 τὴν
1203 4753 1311 4807 τῶν
1331 4750 1612 4824 προγόνων
1652 4745 1781 4818 περὶ
1836 4745 1966 4809 τοὺς

399 4860 573 4930 μῆνας
586 4853 832 4918 σύνταξιν
849 4847 1271 4913 ὑπαλλάξαντες,
1298 4845 1470 4908 άλλως
1484 4842 1739 4916 ἐχρῶντο,
1767 4838 1962 4909 ἀληθὲς

394 4948 688 5015 ἀντιλέγοι·
754 4941 892 5014 πλὴν
943 4942 1104 5011 ἡμῖν,
1154 4938 1251 5007 οὑχ
1280 4937 1308 4990 ὅ
1336 4954 1387 4989 τι
1415 4936 1464 4989 οἰ
1492 4934 1584 4987 ὲπί
1604 4930 1960 5001 Φιλοστράτου

405 5042 676 5111 Ἀθηναῖοι
699 5034 854 5109 ἦγον,
888 5033 1142 5104 ἐπιμελὲς
1181 5030 1378 5084 εἰδέναι
1399 5047 1456 5081 τε
1493 5028 1587 5081 καί
1617 5026 1821 5087 λαϐεῖν,
1846 5022 1960 5076 ἀλλ’

390 5135 420 5185 ὀ
441 5150 493 5185 τι
520 5109 569 5184 οἱ
592 5131 679 5184 ἐπ’
715 5123 1117 5199 Ἀριστοτέλους
1172 5120 1266 5172 καὶ
1311 5117 1675 5188 Θεοφράστου.
1710 5113 1773 5165 Εἰ
1814 5110 1871 5163 δὲ
1899 5109 1962 5180 δὴ

390 5226 455 5277 τδ
484 5223 582 5294 μὲν
622 5220 749 5291 περὶ
782 5219 909 5280 τοὺς
959 5214 1156 5276 παῖδας
1200 5210 1359 5274 αὐτὸς
1421 5208 1693 5276 λογοποιεῖ
1744 5222 1805 5256 τε
1869 5200 1963 5255 καὶ

394 5315 709 5376 πλάττεται,
736 5311 811 5375 ῶς
837 5310 931 5363 καί
964 5306 1098 5361 ἄλλα
1125 5301 1316 5362 πολλὰ,
1351 5299 1609 5368 σοφιστὴς
1630 5296 1704 5349 ῶν
1732 5313 1746 5325 ⁸
1796 5295 1886 5348 τὸν
1906 5293 1961 5346 δὲ

397 5404 538 5473 μῆνα
568 5400 677 5454 ἀπὸ
720 5398 830 5452 τῶν
868 5395 1073 5450 ἀνθέων
1107 5388 1449 5461 ἐτυμολογῶν
1487 5386 1781 5456 ὑπείληφεν
1810 5385 1959 5455 ὲαριο

391 5496 483 5548 νον
511 5495 648 5547 εἰναι
672 5509 682 5519 ·
709 5490 852 5544 οὑτω
909 5490 966 5543 δὲ
997 5489 1090 5541 καὶ
1120 5482 1298 5554 πολλῷ
1325 5479 1522 5552 μᾶλλον
1552 5480 1961 5545 εὑκαταφρονη-

391 5586 588 5657 τότερα
614 5583 680 5637 τὰ
717 5583 848 5653 κατ’,
891 5578 1053 5634 αὑτὸν
1106 5577 1335 5645 γίνεται.
1370 5571 1503 5626 Οὐδὲ
1544 5569 1649 5640 γὰρ
1675 5568 1739 5639 δὴ
1763 5565 1834 5619 τὰ
1861 5564 1961 5634 τῆς

393 5675 747 5748 ἐτυμολογίας
781 5670 1124 5741 πιθανώτερα
1149 5667 1258 5723 ἀπὸ
1292 5669 1388 5734 τῆς
1421 5661 1586 5728 ἕξεως
1616 5660 1721 5713 τῶν
1756 5656 1962 5711 ἀνθέων

392 5770 428 5839 ἢ
465 5746 574 5821 ἀπὸ
597 5767 697 5836 τῆς
730 5764 1039 5836 στερήσεως
1086 5760 1314 5830 φαίνοιτ’
1362 5759 1447 5810 ἂν.
1482 5754 1602 5806 ’Ότι
1639 5750 1746 5820 γὰρ
1781 5746 1962 5816 στέρε-

396 5838 518 5913 σθαι
564 5859 683 5912 τότε
742 5855 947 5911 ἀνθέων
1001 5852 1284 5923 συμϐαίνει
1324 5848 1422 5917 τὴν
1465 5843 1631 5915 ῶραν,
1679 5838 1963 5906 Ἀνθεστη-

2068 4619 2322 4714 namque
2336 4648 2419 4695 est
2446 4639 2514 4692 ab
2544 4631 2993 4691 llecatombaeone
3050 4625 3349 4695 aestivoque
3373 4619 3628 4679 solstitio.

2070 4738 2179 4793 Sed
2214 4710 2593 4788 Philostratus
2642 4728 2801 4795 longe
2853 4723 2907 4777 in
2970 4720 3077 4774 alia
3125 4718 3278 4773 stetit
3338 4710 3629 4774 sententia,

2070 4832 2263 4887 dicens
2290 4820 2717 4881 Atheniensibus
2745 4830 2949 4870 morem
2986 4812 3160 4866 fuisse
3191 4821 3389 4880 pueros
3436 4803 3631 4858 trimos

2069 4922 2297 4978 floribus
2343 4912 2621 4976 coronari,
2671 4922 2858 4964 mense
2903 4902 3342 4959 Anthesterione.
3373 4896 3426 4953 ls
3460 4894 3629 4956 enim,

2071 5018 2129 5065 ut
2159 5010 2405 5077 apparet,
2447 5001 2596 5053 hunc
2624 5007 2867 5050 mensem
2892 4995 3080 5060 aperte
3114 4986 3258 5040 inter
3279 4995 3476 5038 vernos
3497 4993 3633 5034 enu-

2069 5073 2265 5156 merat.
2321 5094 2380 5150 Si
2409 5092 2573 5163 igitur
2616 5082 2937 5142 Philostrati
2984 5079 3244 5149 aequales,
3274 5073 3631 5127 Athenienses

2068 5195 2213 5261 dico,
2264 5186 2542 5244 mensibus
2586 5181 2741 5236 aliter
2784 5176 3096 5235 utebantur,
3130 5184 3195 5224 ac
3235 5168 3479 5237 ipsorum
3512 5174 3629 5215 ma-

2064 5249 2234 5355 jores.
2260 5292 2448 5335 eorum
2483 5272 2693 5329 scilicet
2722 5266 2911 5322 ordine
2941 5262 3178 5321 turbato,
3203 5264 3391 5313 verum
3423 5249 3629 5321 aliquid

2070 5378 2297 5431 diceret.
2332 5365 2573 5424 Tametsi
2624 5360 2781 5417 nobis
2830 5370 2976 5413 cura:
3013 5368 3123 5408 non
3162 5358 3268 5413 est,
3300 5357 3630 5416 cognoscere

2068 5467 2199 5540 quid
2228 5456 2544 5519 Philostrati
2577 5463 2822 5522 tempore
2866 5451 3087 5519 agerent
3123 5439 3502 5495 Athenienses.
3535 5431 3629 5487 sed

2069 5524 2198 5631 quid
2228 5549 2533 5610 Aristotelis
2582 5556 2636 5603 et
2677 5535 3062 5612 Theophrasti.
3089 5532 3231 5600 Quid
3272 5542 3399 5584 vero
3443 5526 3487 5582 si
3529 5524 3631 5577 hoc

2075 5614 2293 5722 quoque
2335 5645 2403 5701 de
2431 5641 2616 5713 pueris
2644 5630 3097 5692 comminiscitur,
3130 5632 3187 5681 ut
3216 5622 3471 5695 pleraque
3501 5614 3627 5674 alia,

2069 5718 2135 5799 ex
2178 5718 2245 5795 iis
2268 5750 2429 5801 unus,
2465 5746 2603 5803 quos
2654 5724 2928 5796 sophistas
2970 5718 3190 5773 dixere:
3220 5722 3452 5780 eumque
3476 5718 3629 5760 men-

2074 5849 2189 5891 sem
2224 5840 2451 5886 vernum
2489 5836 2611 5879 esse
2655 5795 2849 5882 credit,
2884 5830 2913 5868 a
2947 5809 3173 5867 floribus
3201 5804 3363 5861 ducta
3394 5795 3628 5856 nominis
