4106 6434
471 376 610 437 1183
1430 382 1521 435 AD
1560 380 1826 437 EUSEBII
1865 380 2092 436 CHRON

2093 381 2257 439 ζιεοΝ
2292 378 2656 440 APPENDIX.
3571 392 3714 451 1184

468 502 720 560 ratione?
748 501 955 572 Nempe
995 503 1078 560 sic
1121 519 1243 572 qua
1275 504 1410 559 dixit
1440 506 1575 561 Iiuut
1611 508 2034 577 contemptiora.
2067 535 2089 585 λ

2095 539 2113 584 λ
2141 509 2311 581 ριῶνα
2349 509 2439 562 τὸν
2495 509 2801 563 τελευταῖον
2824 508 2932 562 τῶν
2972 509 3385 584 φθινοπωρινῶν
3418 516 3562 585 μῆνα
3580 515 3716 571 dno-

471 595 660 665 Neque
685 593 833 649 enim
891 594 997 650 ﬁde
1049 593 1267 666 dignior
1313 595 1484 651 videri
1540 607 1704 668 queat
1749 600 1960 655 notatio
2001 614 2034 653 a

2144 598 2346 668 μασθαι
2370 598 2608 671 φαίημεν
2641 598 2705 655 ἂν
2737 602 2900 673 ἡμεῖς
2919 617 2933 632 ·
2970 602 3086 655 εἴτι
3101 601 3211 655 δέοι
3231 603 3326 657 καὶ
3352 606 3467 669 τοῖς
3489 605 3715 679 ὀνόμασι

469 685 663 742 ﬂorum
695 687 875 756 copia,
921 701 1084 756 quam
1120 688 1189 742 ab
1228 702 1420 742 eorum
1476 689 1680 759 inopia.
1720 689 1855 745 Nam
1888 691 2034 761 quod

962 701 1084 740 uam
1120 688 1189 742 ab
1228 702 1420 742 eorum
1476 689 1680 759 inopia.
1720 689 1855 745 Nam
1888 691 2034 761 quod
2142 688 2579 744 κατακολουθεῖν.

470 781 526 836 id
570 781 833 851 temporis
889 781 1157 852 contingit
1204 781 1433 837 ﬂoribus
1481 784 1690 848 orbari,
1720 785 2191 841 Anthesterionem
2234 783 2538 839 dixerimus
2564 791 2906 854 postremum
2956 784 3353 840 autumnalium
3404 785 3676 844 mensium
3718 852 3723 859 ,

469 874 517 952 si
582 890 691 947 quo
739 875 877 930 forte
920 874 1083 931 modo
1137 876 1194 931 in
1239 877 1554 933 nominibus
1597 881 1864 936 rationem
1902 880 2057 952 sequi
2084 885 2355 951 oporteat.

718 1077 863 1134 Ordo
891 1092 941 1136 et
973 1086 1134 1140 series
1180 1087 1473 1141 Atticorum
1515 1090 1790 1145 mensium.

2391 1086 2464 1141 Τὸ
2504 1084 2728 1156 ἐφεξῆς
2768 1082 2887 1137 τῶν
2925 1080 3203 1137 Ἀττικῶν
3228 1082 3457 1155 μηνῶν.

538 1207 627 1264 VI.
660 1209 843 1269 Series
870 1215 1035 1287 igitur
1054 1218 1361 1276 Atticorum
1387 1227 1655 1280 mensium
1683 1239 1712 1276 a
1743 1224 1902 1282 nobis
1929 1223 2033 1280 hoc

2211 1226 2303 1294 ς’.
2331 1225 2404 1277 Τὸ
2436 1225 2533 1296 μὲν
2577 1218 2668 1277 οὖν
2707 1220 2903 1293 ἑφεξῆς
2944 1219 3052 1274 τῶν
3098 1219 3357 1274 Ἀττικῶν
3393 1222 3579 1296 μηνῶν
3609 1216 3714 1278 ὦδε

466 1310 625 1370 pacto
654 1318 719 1358 ex
760 1309 1092 1377 supradictis
1120 1313 1303 1370 causis
1338 1313 1586 1371 ducenda
1614 1323 1698 1372 est
1738 1358 1752 1372 .

2136 1317 2268 1388 ἡμῖν
2296 1314 2383 1369 διὰ
2421 1314 2520 1377 τὰς
2546 1313 2841 1385 εἰρημένας
2868 1311 3048 1375 αἰτίας
3076 1310 3390 1383 ὑφηγείσθω
3412 1329 3426 1343 ·

640 1391 1088 1476 Hecatnmbteon,
2357 1403 2791 1476 Ἑκατομϐαιὼν,

641 1463 1024 1543 yetagitnion,
1073 1463 1085 1468 ⁷

2347 1463 2774 1543 Μεταγέιτνιὼν,

639 1532 1027 1617 ξξυθηῖ-οιηίοη,

2346 1532 2714 1617 Βοηδρομιὼν,

640 1603 1064 1687 ﬂantum-terunt.

2339 1603 2797 1687 Maiuairqpubv,

636 1671 1003 1755 Pynnepsioti,
1048 1671 1062 1679 ’

1059 1671 1062 1675 ’
2341 1671 2680 1755 Πυανεψιὼν,

632 1747 1048 1826 éntbesterion,

2349 1756 2505 1826 i’AvOe
2516 1747 2771 1826 στηριὼν,

637 1814 930 1890 Ιξυεὶιίθυη,
1035 1814 1046 1819 ’

2344 1814 2666 1890 Ποσειδεῶν,

637 1882 954 1967 Eumenen,

2344 1895 2420 1967 Γα
2429 1882 2656 1967 μηλιῲν,

640 1955 1053 2036 ξξιυρίιυμοιὶοη,
1764 2032 1772 2036 _
2344 1955 2775 2036 i‘EXapnéoXtt‘ov,

639 2024 995 2105 {litt—lycition,
1039 2024 1047 2027 ⁷
1764 2032 1772 2039 ’

1764 2032 1772 2039 ’
2341 2024 2685 2105 Μουνὶάιὼν,

635 2095 989 2177 ξζιιηιῖεεςιίοῃ,

2337 2095 2676 2177 ραργηῖιὼν,

637 2165 1052 2239 Scirdpboribn.

2339 2165 2726 2247 Σκίροῷοριών.

812 2301 993 2361 Causa
1020 2306 1275 2362 mensium
1307 2312 1677 2380 ignorationis.
2339 2308 2433 2363 Δττ

2339 2308 2543 2363 Αἴτιον
2559 2306 2671 2377 τῆς
2694 2308 2827 2378 περὶ
2847 2308 2988 2376 τοὺς
3004 2309 3203 2379 μῆνας
3228 2312 3492 2381 ἀγνοίας.

532 2411 645 2469 Vll.
665 2412 869 2470 Harum
897 2427 1076 2474 autem
1113 2436 1298 2476 rerum
1330 2424 1847 2499 ignorationis,que
1871 2428 2037 2499 majo-

2200 2419 2273 2472 Z'.
2309 2420 2419 2491 Τῆς
2438 2420 2495 2474 δὲ
2529 2421 2656 2492 περὶ
2671 2421 2840 2475 ταῦτα
2858 2422 3079 2491 ἀγνοίας
3103 2427 3214 2488 τοῖς
3231 2424 3336 2497 πρὸ
3361 2427 3394 2497 ὴ
3402 2425 3517 2497 μῶν
3536 2428 3716 2482 αἴτιον

460 2521 582 2561 rum
604 2518 918 2563 nostrorum
939 2511 1152 2581 ingenia
1167 2518 1396 2571 antehac
1409 2517 1724 2584 obcaecavit,
1742 2535 1907 2575 causa
1920 2521 2036 2577 haec

2131 2512 2194 2566 τὸ
2232 2513 2531 2583 Ῥωμαίους
2564 2514 2679 2585 ἅμα
2707 2515 2803 2567 καὶ
2834 2514 3122 2586 διορθῶσαι
3148 2516 3215 2569 τὰ
3246 2516 3373 2589 περὶ
3400 2517 3494 2571 τὸν
3526 2518 3708 2573 ἐνιαυ-

457 2605 546 2653 cst
577 2618 589 2652 :
628 2599 772 2670 quod
804 2600 1035 2658 Romani
1057 2612 1111 2659 et
1140 2622 1344 2662 annum
1367 2610 1728 2676 emendarint,
1759 2621 1812 2667 et
1838 2615 2034 2670 utaliis

2131 2606 2243 2669 τὸν,
2283 2606 2377 2657 καὶ
2424 2604 2607 2678 ἄρξαι,
2648 2604 2838 2677 ῶσπερ
2877 2606 2986 2660 τῶν
3041 2608 3215 2662 ἀλλων
3253 2609 3441 2675 ἐθνῶν,
3482 2609 3707 2664 καὶτοῦ

461 2692 704 2762 populis,
750 2693 826 2748 ita
849 2694 1051 2752 Graecae
1075 2700 1223 2770 genti
1255 2702 1596 2772 imperarint.
1633 2704 1712 2759 Ad
1745 2705 2033 2775 imperium

2142 2694 2472 2766 Ἑλληνικοῦ.
2524 2697 2668 2769 Πρὸς
2695 2697 2804 2769 γὰρ
2826 2697 2906 2770 τῷ
2930 2700 3117 2771 ἄρχειν
3166 2702 3366 2773 ἐτέρων
3393 2703 3488 2756 καὶ
3516 2702 3577 2755 τδ
3606 2704 3709 2775 τῆς

459 2785 607 2841 enim
659 2795 971 2855 externum,
1035 2793 1273 2861 puritate
1335 2796 1715 2866 elegantiaque
1766 2800 2033 2854 sermonis

2132 2788 2315 2859 φωνῆς
2370 2789 2433 2860 δὴ
2484 2790 2722 2863 καθαρὸν
2771 2792 2865 2845 καὶ
2897 2795 3107 2863 κομψὸν
3141 2794 3399 2867 ’Έλληνες
3428 2795 3704 2850 ἀπολωλε-

461 2875 686 2943 amissa,
719 2876 914 2944 Graeci,
954 2888 1013 2933 ut
1057 2882 1169 2936 fere
1212 2883 1291 2947 lit,
1340 2885 1406 2938 ad
1462 2886 1886 2955 imperitantium
1931 2888 2034 2942 lin-

2131 2880 2306 2946 κότες,
2335 2881 2469 2952 πρὸς
2501 2882 2598 2953 τὴν
2644 2882 2753 2936 τῶν
2798 2885 3072 2956 ἀρχόντων
3102 2887 3304 2958 φωνὴν,
3392 2888 3534 2958 φιλεῖ
3561 2889 3709 2956 γίνε-

463 2983 625 3037 guam
657 2972 1019 3037 transierunt,
1060 2984 1114 3028 et
1144 2972 1339 3029 Latina
1366 2978 1589 3031 nomina
1636 2993 1759 3032 cum
1806 2979 1860 3032 in
1907 2979 2030 3035 aliis

2133 2971 2278 3035 σθαι,
2305 2972 2595 3039 ἐξίσταντο,
2620 2978 2715 3029 καὶ
2739 2976 2846 3030 τῶν
2875 2979 3194 3048 Ῥωμαϊκῶν
3216 2981 3492 3052 ὀνομάτων
3525 2982 3706 3049 ἄλλοις

464 3061 673 3125 multis,
704 3071 816 3117 tum
843 3064 898 3118 in
925 3066 1197 3121 mensium
1243 3069 1477 3137 prepriis
1514 3070 1795 3125 vocabulis
1829 3070 2029 3139 permi-
2056 3092 2085 3148 ί

2087 3093 2098 3146 ι
2131 3080 2192 3116 τε
2215 3064 2447 3127 πολλοῖς,
2473 3066 2567 3119 καὶ
2597 3066 2661 3137 δὴ
2693 3067 2786 3120 καὶ
2809 3071 2928 3132 ταῖς
2952 3070 3063 3123 τῶν
3098 3070 3283 3141 μηνῶν
3315 3073 3708 3144 προσηγορίαις

460 3159 697 3217 sceutcs,
760 3153 815 3207 in
873 3170 1029 3209 usum
1094 3171 1255 3211 suum
1312 3165 1628 3213 verterunt:
1679 3160 2063 3230 acceptisque.

2133 3159 2245 3219 τοῖς
2278 3156 2558 3228 σφετέροις
2603 3159 2992 3230 ἀναμιγνύντες
3040 3162 3306 3233 ἐχρῶντο·
3336 3162 3617 3235 δεξάμενοί
3644 3181 3706 3217 τε

458 3241 830 3299 Romanorum
868 3247 1120 3311 coloniis,
1156 3263 1214 3303 se
1261 3250 1559 3304 etiamnum
1585 3250 1883 3313 Romanos,
1918 3265 2027 3305 non

2132 3246 2388 3310 ἀποικίας
2448 3248 2752 3318 Ῥωμαίων,
2802 3251 2998 3315 αὐτούς
3036 3269 3095 3305 τε
3135 3253 3263 3325 ἄχρι
3309 3255 3403 3308 καὶ
3432 3255 3527 3310 νῦν
3571 3255 3707 3310 Ῥωα

460 3334 713 3393 llellcnas
766 3348 982 3406 vocant,
1023 3349 1076 3395 et
1117 3341 1432 3398 nominibus
1463 3343 1732 3398 mensium
1766 3341 2028 3399 Romanis

2134 3336 2327 3407 μαίους
2370 3338 2491 3390 ἀντὶ⁵
2525 3338 2791 3411 Ἑλλήνων
2831 3341 3091 3395 καλοῦσι·
3138 3345 3233 3396 καὶ
3267 3343 3456 3416 ὥσπερ
3477 3345 3708 3410 οἰκείαις

457 3436 713 3499 tanquam
734 3430 850 3485 suis
869 3439 1113 3488 utuntur.
2049 3445 2060 3465 '
2128 3428 2247 3487 ταῖς
2293 3425 2400 3478 τῶν
2441 3427 2725 3497 Ῥωμαίων
2760 3430 2900 3499 ἀμφὶ
2952 3433 3077 3495 τοὺς
3113 3434 3286 3504 μῆνας
3324 3434 3562 3505 Χρῶνται
3589 3435 3708 3489 ἀνθ’·

2130 3515 2371 3586 μασίαις.

817 3633 895 3689 De
924 3638 1179 3692 mensium
1207 3638 1656 3708 interpretatione.

2466 3635 2605 3702 Περὶ
2636 3634 2951 3704 ἑρμηνείας
2994 3636 3114 3691 τῶν
3130 3638 3361 3708 μηνῶν.

524 3747 667 3807 Vill.
689 3747 761 3803 Ut
779 3765 911 3805 vero
933 3751 1356 3821 interpretemur
1375 3751 1441 3806 ad
1462 3753 1727 3806 rationem
1757 3749 2033 3806 Romano-

2203 3742 2287 3797 H’.
2325 3742 2652 3815 Ἐρμηνείας
2680 3744 2724 3796 δ’
2746 3744 2910 3800 ’ἑνεκα
2944 3747 3079 3816 πρὸς
3108 3749 3235 3811 τοὺς
3257 3747 3365 3801 τῶν
3416 3749 3707 3821 Ῥωμαίων

457 3856 580 3897 rum
604 3841 895 3904 mensium,
929 3842 975 3897 si
1009 3852 1229 3913 sumpto
1260 3852 1412 3897 certo
1441 3843 1860 3913 indubitatoque
1884 3845 2032 3914 prin-

2135 3830 2331 3901 μῆναςν
2403 3835 2451 3888 εἰ
2522 3834 2781 3906 λάϐοιμεν
2840 3838 3014 3909 ἀρχὴν
3083 3839 3519 3913 ὁμολογουμένην
3608 3845 3709 3899 ἕνα

459 3934 607 4004 cipio
640 3948 813 3987 unum
853 3934 1089 4003 aliquem
1127 3937 1399 3990 mensium
1430 3938 1533 3991 rite
1562 3936 2031 4006 designaverimus

2130 3923 2253 3977 τινὰ
2318 3923 2425 3978 τῶν
2480 3926 2684 3997 μηνῶν,
2716 3929 3078 4001 ὀνομάσαντες
3141 3931 3352 4004 ὀρθῶς,
3409 3934 3486 3997 ὡς
3548 3935 3700 4007 Ἀθη-

454 4025 613 4094 juxta
636 4025 871 4079 Atticum
899 4041 1127 4094 morem,
1153 4035 1208 4082 et
1228 4027 1480 4083 eumdem
1505 4029 1693 4092 etiam,
1718 4036 1774 4082 ut
1797 4027 2028 4084 Romani

2130 4020 2268 4070 vatim.
2316 4013 2470 4090 ἦγον,
2540 4021 2633 4073 καὶ
2681 4021 2757 4086 ὡς
2792 4024 3047 4092 Ῥωμαῖοι
3094 4024 3184 4077 τὸν
3235 4026 3397 4080 αὑτὸν
3432 4045 3701 4098 προσαγο-

458 4118 735 4188 appellare
755 4120 1171 4174 consueverint:
1200 4120 1281 4176 sic
1309 4121 1493 4192 utique
1516 4136 1624 4175 non
1656 4121 1835 4191 inepte
1866 4121 2031 4177 fuerit

2134 4107 2311 4177 ρεύειν
2354 4110 2637 4165 εἰώθασιν·
2675 4112 2828 4167 ἔσται
2868 4115 2932 4187 δὴ
2979 4116 3121 4169 οὕτω
3167 4116 3345 4183 καλῶς
3379 4120 3690 4193 ἀποδεδομέ-

458 4210 743 4274 traditum,
798 4220 858 4263 ut
919 4212 1169 4266 vertendi
1217 4213 1440 4283 singuli,
1492 4226 1668 4284 quove
1725 4214 1887 4268 modo
1942 4227 2031 4269 eo-

2130 4217 2240 4266 νον,
2271 4203 2346 4265 ὡς
2402 4204 2662 4267 ἑκάστους
2710 4222 2773 4274 γε
2814 4207 3303 4280 μεθερμηνευτέον,
3335 4213 3429 4265 καὶ
3462 4212 3540 4277 ὡς
3573 4217 3700 4286 περὶ

458 4300 706 4354 rumdem
776 4301 1090 4356 nominibus
1145 4303 1391 4370 quolibet
1448 4303 1577 4357 anni
1636 4312 1882 4373 tempore
1957 4303 2031 4358 sit

2128 4295 2362 4365 ἑκάστην
2399 4297 2570 4366 δήπου
2616 4297 2725 4350 τῶν
2763 4297 2919 4369 ὡρῶν
2955 4299 3221 4369 χρηστέον
3256 4288 3370 4367 τοῖς
3404 4303 3701 4375 Ἀθηναίων

460 4394 741 4448 utendum.
807 4391 943 4447 Nam
1015 4395 1083 4449 de
1156 4393 1524 4450 Romanorum
1587 4396 1780 4451 ordine
1835 4411 1866 4450 a
1926 4411 2025 4453 ne-

2126 4388 2349 4458 ὀνόμασι
2375 4389 2603 4445 τούτοις.
2651 4390 2787 4461 Περὶ
2830 4390 2938 4462 γὰρ
2973 4392 3180 4457 τάξεως
3216 4394 3325 4447 τῶν
3380 4396 3701 4467 Ῥωμαϊκῶν

456 4484 603 4537 mine
640 4483 799 4555 159
828 4485 1152 4556 ambigitur,
1214 4486 1451 4556 primum
1508 4503 1631 4543 esse
1668 4485 2023 4555 Ianuarium,
2059 4520 2077 4579 1

2077 4497 2191 4579 >γε
2242 4482 2574 4553 ἀμφισϐητεῖ
2609 4483 2805 4547 οὐδεὶς.
2853 4486 2902 4537 εί
2942 4485 3160 4557 πρῶτος
3195 4487 3539 4559 Ἰανουάριος,
3580 4484 3698 4542 εἶτα

456 4572 656 4628 deinde
685 4574 1062 4638 Februarium,
1096 4585 1285 4647 postea
1345 4576 1596 4631 Martium
1617 4618 1632 4644 ,
1686 4585 1740 4633 et
1782 4579 1856 4633 ita
1888 4579 2026 4635 alios
2060 4568 2077 4579 ’

2077 4568 2100 4579 ⁷
2127 4572 2507 4645 Φεϐρουάριος,
2549 4568 2667 4626 εἶτα
2695 4576 2956 4645 Μάρτιος,
2990 4578 3083 4631 καὶ
3117 4581 3165 4632 οί
3210 4579 3407 4644 λοιποὶ,
3451 4582 3698 4655 καθάπερ

454 4664 714 4736 deinceps
735 4706 749 4730 ,
786 4674 845 4719 ut
880 4668 1251 4724 nominantur.
1305 4667 1614 4737 Capiendus
1642 4669 1826 4739 itaque
1855 4687 1886 4726 ο
1910 4678 2028 4725 tro-

2127 4663 2221 4717 καὶ
2246 4664 2490 4732 λέγονται
2514 4665 2732 4735 ἐφεξῆς.
2763 4667 3015 4738 Εἰλήφθω
3038 4670 3102 4741 δὴ
3134 4666 3226 4724 οὖν
3252 4689 3337 4735 τις
3368 4672 3476 4726 τῶν
3507 4691 3682 4745 τροπι·

453 4755 591 4825 picis
631 4772 793 4811 unus.
853 4756 1125 4827 Estoque,
1186 4760 1231 4815 si
1282 4760 1533 4826 videtur,
1586 4759 2022 4817 lleeatombzeon.

2126 4755 2259 4810 κῶν.
2309 4757 2489 4809 Ἔστω
2532 4756 2610 4818 δὲ,
2658 4759 2706 4809 εἰ
2748 4758 2912 4821 δοκεῖ,
2957 4763 3383 4833 Ἑκατομϐαιῶν.
3418 4766 3481 4819 Εί
3522 4767 3697 4822 τοίνυν

456 4844 517 4901 Si
581 4848 748 4913 igitur
818 4850 1240 4908 Atheniensibus
1312 4869 1501 4907 mense
1569 4851 2027 4910 Hecatombazone

2127 4848 2256 4919 περὶ
2295 4848 2741 4919 Ἑκατομϐαιῶνα
2783 4852 2841 4903 αἱ
2885 4854 3095 4924 θεριναὶ
3133 4859 3333 4928 τροπαὶ
3371 4860 3698 4930 Ἀθηναίοις,

452 4940 749 4996 scistitium
801 4950 904 5006 est,
941 4951 1148 4997 certum
1183 4954 1269 5000 est
1316 4945 1462 4999 circa
1497 4962 1879 5017 quemcunque
1916 4946 2027 5003 Ro-

2124 4939 2301 5010 δῆλον,
2326 4941 2407 4993 ὅτι
2429 4942 2555 5013 περὶ
2581 4941 2637 4994 ὃν
2666 4942 2730 4996 ἄν
2751 4960 2880 4997 ποτε
2906 4939 3007 4999 ῶσι
3038 4949 3328 5017 Ῥωμαίοις
3352 4952 3460 5004 τῶν
3485 4952 3698 5007 οίκείων

452 5047 674 5087 manum
709 5049 947 5089 mensem
984 5034 1145 5090 fuerit
1180 5036 1320 5091 idem
1352 5038 1646 5093 solstitium
1668 5078 1682 5102 ,
1728 5038 1874 5094 hunc
1902 5055 2027 5096 esse

2129 5031 2315 5102 μηνῶν
2358 5034 2412 5085 at
2447 5033 2606 5088 αὑταὶ
2640 5037 2857 5105 τροπαὶ,
2892 5034 3044 5101 οὗτός
3075 5039 3222 5092 ἐστιν
3266 5042 3695 5113 Ἑκατομϐαιῶν.

448 5125 680 5183 Athenis
731 5126 1257 5184 lieeatombaeonem.
1309 5128 1436 5184 Dico
1480 5141 1659 5186 autem
1705 5132 1864 5202 juxta
1894 5148 2023 5203 pro-

2125 5122 2351 5192 Λέγωδὲ
2370 5126 2491 5178 κατ’
2521 5125 2829 5196 ἀναλογίαν,
2850 5127 3039 5200 ὥσπερ
3069 5131 3286 5201 σήπιον,
3314 5135 3408 5187 καὶ
3432 5134 3698 5201 ἄκανθαν,
3732 5164 3736 5169 -

450 5218 774 5287 portionem,
806 5227 864 5273 ut
887 5221 1116 5291 sepium,
1140 5237 1224 5286 os,
1250 5222 1487 5293 spinam.
1523 5223 1640 5278 Non
1678 5226 1853 5278 solum
1877 5226 2023 5280 enim

2125 5216 2220 5269 xui.
2253 5216 2462 5272 ὀστοῦν.
2509 5217 2797 5287 Ἀνάλογον
2821 5220 2949 5291 γὰρ,
2982 5222 3077 5275 καὶ
3109 5224 3288 5278 πάντα
3312 5225 3496 5289 ἁπλῶς
3526 5227 3698 5297 ἑρμης

450 5323 688 5372 menses,
723 5317 781 5364 ut
816 5313 1167 5382 proportione
1202 5314 1342 5369 inter
1381 5329 1440 5368 se
1481 5316 1889 5385 respondeant,
1927 5317 2024 5372 sed

2126 5308 2301 5363 νεύειν
2327 5310 2423 5375 δεῖ,
2449 5310 2522 5382 μὴ
2537 5312 2618 5365 ὅτι
2642 5315 2766 5377 τοὺς
2785 5314 2978 5383 μῆνας,
2998 5318 3046 5369 εἰ
3065 5317 3250 5387 μέλλοι
3274 5335 3326 5371 τι
3352 5319 3543 5386 ὄφελος
3558 5318 3698 5377 εἶναι

448 5413 646 5458 caetera
708 5420 927 5475 quoque
989 5407 1173 5461 omnia
1231 5408 1555 5476 simpliciter
1614 5409 2024 5479 interpretanda

2124 5400 2224 5470 τῆς
2237 5401 2548 5473 ἑρμηνείας.
2570 5404 2706 5475 Περὶ
2720 5405 2930 5459 Ἰούνιον
2945 5407 3001 5459 δὲ
3017 5409 3304 5477 Ῥωμαίοις
3319 5410 3403 5462 ἀεὶ
3419 5412 3474 5464 αί
3490 5411 3697 5481 θεριναὶ

450 5505 614 5560 sunt,
670 5495 716 5551 si
772 5497 903 5568 quid
962 5514 1027 5554 ex
1065 5499 1515 5571 interpretatione
1573 5500 1784 5555 fructus
1818 5500 1883 5555 ad
1922 5516 2023 5555 nos

2123 5494 2340 5562 τροπλὶ,
2367 5495 2442 5557 ὡς
2472 5495 2618 5547 ἴσασι
2650 5495 2846 5561 πάντες
2868 5514 2881 5526 ·
2912 5500 2940 5551 ὁ
2964 5498 3073 5571 ἄρα
3112 5499 3327 5564 Ἰούνιος
3350 5504 3497 5555 ἐστιν
3538 5503 3688 5555 Ἐκα-

450 5603 735 5656 speremus
794 5598 1206 5661 perventurum.
1258 5589 1377 5647 Jam
1444 5608 1575 5647 vero
1625 5607 1812 5646 mense
1862 5590 2024 5646 Junio

2124 5581 2417 5653 τομϐαιὼν.
2450 5585 2706 5656 Θεμένοις
2728 5587 2784 5641 δὲ
2809 5588 2873 5660 δὴ
2909 5590 3122 5644 Ἰούνιον
3147 5588 3285 5648 εἶναι
3308 5593 3398 5646 τὸν
3433 5594 3696 5664 Ἐκατομυ

448 5679 696 5734 :estivum
722 5682 1013 5738 solstitium
1044 5693 1148 5750 est,
1179 5692 1238 5737 ut
1264 5685 1519 5740 omnibus
1541 5693 1881 5754 compertum
1909 5692 2020 5740 est.

2124 5674 2351 5739 ϐαιῶνα,
2385 5675 2545 5748 ἔργον
2576 5678 2725 5731 οὐδὲν
2750 5679 2858 5732 τῶν
2878 5681 3052 5735 ἄλλων
3082 5682 3310 5737 ἕκαστον
3337 5685 3695 5757 ἑρμηνεῦσαι.

450 5766 594 5829 ΕΓαο
618 5766 811 5828 Junius
857 5780 941 5830 est
977 5771 1414 5831 Hecatombtcon.
1450 5775 1715 5831 Caeterum
1767 5774 2018 5843 ponenti-

2138 5771 2195 5825 'O
2219 5769 2327 5842 γὰρ
2357 5772 2441 5825 ἀεὶ
2471 5772 2639 5827 ἐπιὼν
2672 5773 2778 5827 τῶν
2823 5776 3079 5830 Ἀττικῶν
3106 5777 3247 5831 κατὰ
3289 5778 3385 5853 τὴν
3416 5779 3696 5834 ὑποτεθεῖ-
