4106 6424
407 418 543 475 1185

1320 415 1669 472 τιιιεοῡωιιι
1710 416 1912 471 ΟΑΖΞ
1954 414 2156 470 [ABER
2196 414 2284 470 DE
2324 415 2691 472 MENSIBUS.

3497 421 3640 476 H86

408 547 506 585 σαν
538 528 806 596 σύνταξιν.
843 529 922 602 τῷ
952 529 1037 584 άεὶ
1066 529 1271 584 ἐπιόντι
1306 531 1415 583 τῶν
1446 529 1768 603 Ῥωμαϊκῶν
1800 534 1970 601 ἐφαρ-

2086 536 2176 586 ῐιιιε
2206 527 2427 585 Iunium
2462 545 2583 586 esse
2618 529 3125 586 Hecatombaaonem
3152 570 3167 595 ,
3203 529 3315 600 jam
3348 531 3531 589 nullus
3559 546 3641 589 est

408 622 636 693 μόττων,
666 623 761 676 καλ⁵
788 623 923 693 πρὸς
950 621 1049 685 τὰς
1090 620 1239 693 ῶρας
1267 619 1361 674 τοῦ
1393 622 1636 675 ἐνιαυτοῦ
1667 620 1974 691 συμφωνῶν

410 713 655 787 ὑπάρξει.
694 713 1013 786 Ἀπρὴσειε
1056 712 1099 765 δ’
1134 714 1197 768 άν
1230 730 1333 777 τις,
1386 714 1441 767 εἰ
1482 730 1546 782 γε
1585 714 1711 776 τοὺς
1754 714 1975 784 χρόνους

420 806 689 877 Ἀθηναῖοι
715 801 850 877 ἡγον
891 804 1035 858 κατὰ
1072 804 1169 876 τὴν
1220 804 1449 876 σελήνης
1489 804 1681 875 φοράν,
1720 805 1976 874 Ῥωμαῖοι

405 899 466 953 δὲ
499 898 639 952 κατὰ
675 898 773 969 τὴν
801 899 951 967 ἡλίου
978 895 1301 966 λογίζονται,
1345 896 1463 961 πῶς
1491 896 1558 951 ἂν
1595 899 1643 950 οἱ
1671 897 1777 951 τῶν
1822 897 1980 968 Ἀθη-

410 992 574 1046 ναίων
599 988 988 1062 ἐφαρμόζοιντο
1015 992 1127 1054 τοῖς
1163 991 1258 1061 μὲν
1295 989 1578 1060 Ῥωμαίων
1615 991 1801 1061 μησὶν,
1838 988 1978 1043 ῶστε

411 1085 506 1139 καὶ
546 1084 863 1156 ἀπαρτίζειν
906 1083 1016 1146 ἀεὶ,
1055 1085 1151 1136 καὶ
1199 1082 1415 1136 Ἰούνιον
1450 1083 1547 1153 μὲν
1586 1082 1677 1136 τὸν
1715 1084 1981 1154 Ἑκατομ-

411 1177 636 1243 ϐαιῶνα,
684 1176 901 1230 Ἰούλιον
944 1175 1001 1230 δὲ
1045 1175 1136 1229 τὸν
1175 1175 1615 1243 Μεταγειτνιῶνα
1662 1175 1980 1247 ἑρμηνεύειν

410 1269 586 1341 ὀρθῶς
608 1285 623 1301 ·
652 1266 911 1332 ὡσαύτως
942 1266 999 1320 δὲ
1031 1267 1123 1320 καὶ
1146 1266 1239 1319 ἐπὶ
1264 1266 1374 1320 τῶν
1402 1267 1593 1323 ἄλλων.
1623 1268 1698 1322 Οὐ
1732 1268 1840 1340 γὰρ
1877 1271 1983 1322 ἰσο-

410 1360 644 1431 ταχὴςὴ
684 1358 881 1430 σελὴνη
923 1357 1002 1428 τῷ
1030 1358 1199 1429 ἡλίῳ*
1242 1357 1351 1411 οὐδ’
1398 1358 1513 1429 ἅμα
1553 1357 1842 1411 τελευτῶσι
1888 1358 1982 1411 καὶ

410 1450 689 1521 ἄρχονται,
721 1447 797 1511 ὡς
841 1448 1034 1512 εἰπεῖν,
1075 1448 1204 1519 περὶ
1249 1447 1340 1501 τὸν
1385 1448 1477 1501 τοῦ
1509 1446 1776 1511 ζωδιακοῦ
1828 1466 1984 1520 μερι-

413 1542 567 1613 σμόν.
611 1541 848 1613 Ἀνάγκη
896 1540 961 1613 δὴ
1015 1540 1474 1611 ἐπαμφοτερίζειν
1513 1541 1640 1605 τοὺς
1681 1540 1789 1594 τῶν
1829 1542 1983 1614 Ἀθη-

410 1634 575 1688 ναίων
616 1635 812 1706 μῆνας.
846 1635 910 1687 Εἰ
937 1633 996 1687 δὲ
1039 1633 1104 1704 δὴ
1140 1633 1370 1696 ἕκαστος
1402 1632 1849 1705 ἐπαμφοτερίζων
1878 1635 1984 1706 άμ-

410 1729 552 1797 φοῖν,
612 1726 930 1798 ἐπιλήψεται
986 1725 1080 1778 τοῦ
1132 1741 1193 1778 τε
1254 1724 1541 1797 προτέρου,
1591 1725 1666 1789 ὡς
1724 1727 1983 1797 Ῥωμαῖοι

408 1817 624 1886 ἄγουσι,
663 1817 757 1870 καὶ
797 1814 891 1871 τοῦ
926 1814 1152 1886 ὑστέρου
1200 1813 1387 1886 μηνὸς,
1414 1813 1466 1867 τί
1510 1812 1709 1885 μᾶλλον
1754 1813 1859 1867 ἀπὸ
1888 1812 1981 1866 τοῦ

407 1908 674 1982 προτέρου
704 1906 1239 1980 μεθερμηνευόμενος
1263 1904 1582 1977 ὀνομάζοιτο
1618 1905 1685 1959 ἂν
1725 1905 1906 1966 καλῶς
1942 1905 1975 1975 ἦ

2076 623 2230 677 labor
2289 623 2529 692 reliquos
2590 621 3011 694 interpretandi.
3081 621 3307 692 Semper
3355 638 3501 678 enim
3556 641 3644 681 se-

2075 715 2265 784 quenti
2303 715 2480 770 Attico
2512 714 2668 784 juxta
2691 714 3034 785 suppositum
3061 713 3310 769 ordinem
3346 731 3470 769 cum
3521 717 3646 772 sub-

2076 805 2201 861 inde
2226 807 2475 877 sequenti
2510 805 2758 861 Romano
2782 806 3088 871 conveniet,
3124 813 3177 861 et
3207 807 3393 861 eadem
3423 807 3491 862 ad
3516 809 3642 861 anni

2076 905 2259 967 partes
2285 898 2389 953 erit
2418 898 2798 953 consonantia.
2832 897 2937 953 Sed
2963 898 3102 953 forte
3129 899 3254 968 quis
3283 899 3644 965 'dubitaverit,
3676 894 3681 904 ⁷

2077 1003 2201 1041 eum
2225 988 2582 1045 Athenienses
2616 989 2683 1043 ad
2713 989 2855 1043 luna:
2879 1029 2894 1051 ,
2948 990 3016 1043 ad
3057 990 3189 1045 solis
3239 1005 3370 1045 vero
3424 1006 3645 1047 cursum

2078 1078 2310 1134 Romani
2342 1082 2614 1137 calculum
2648 1089 2953 1152 temporum
2975 1083 3344 1138 subducerent
3378 1102 3391 1139 :
3426 1100 3534 1156 qua
3560 1100 3650 1138 ra-

2079 1170 2227 1226 tione
2265 1172 2379 1226 fieri
2409 1175 2605 1243 possit,
2637 1181 2694 1227 ut
2724 1174 3011 1244 utriusque
3040 1175 3219 1245 gentis
3241 1190 3458 1231 menses
3488 1176 3648 1231 alteri

2078 1280 2201 1319 cum
2257 1264 2444 1319 alteris
2500 1264 2581 1320 sic
2632 1273 2981 1335 competant,
3038 1272 3099 1319 ut
3154 1266 3388 1320 invicem
3435 1267 3651 1322 dierum

2080 1368 2290 1409 summa
2323 1369 2536 1424 semper
2581 1357 2859 1425 quadrans
2887 1355 2996 1416 sit,
3037 1362 3092 1410 et
3124 1356 3259 1409 nihil
3288 1359 3342 1410 in
3374 1357 3654 1413 alterutris

2079 1452 2374 1502 excurrat:
2409 1452 2578 1517 utque
2632 1447 3049 1502 llecatombmon
3092 1459 3241 1503 reete
3291 1446 3656 1504 transferatur

2078 1535 2295 1601 Junius,
2322 1546 2376 1591 et
2407 1536 2759 1609 Metagitnion
2790 1536 3002 1602 Julius,
3053 1538 3127 1592 ita
3161 1553 3379 1609 quoque
3409 1539 3478 1595 de
3508 1540 3650 1595 aliis.

2080 1627 2266 1699 Neque
2297 1628 2441 1684 enim
2473 1631 2571 1685 soli
2605 1629 2818 1691 eadem.
2850 1646 2973 1701 qua:
3009 1632 3184 1695 lu'nae,
3231 1639 3317 1687 est
3359 1632 3651 1688 celeritas:

2081 1736 2257 1791 neque
2287 1738 2395 1776 una
2422 1722 2682 1778 desinunt
2709 1723 3046 1796 incipiuntve
3080 1724 3148 1779 ad
3204 1724 3472 1796 signiferi,
3508 1726 3657 1797 quod

2083 1828 2250 1884 prope
2276 1813 2527 1878 dixerim,
2553 1815 2928 1885 partitionem.
2961 1814 3101 1886 Ergo
3135 1831 3361 1873 necesse
3397 1828 3481 1873 est
3510 1819 3656 1872 Atti-

2085 1919 2180 1960 cos
2211 1921 2424 1961 menses
2457 1907 2704 1972 variare,
2760 1914 2815 1963 et
2849 1907 3104 1977 ambiguo
3159 1909 3483 1980 plerumque
3528 1925 3652 1966 esse

412 1999 519 2053 άπὸ
548 1999 640 2053 τοῦ
672 1999 931 2071 ὑστέρους
961 1999 1056 2053 Ὃν
1094 1998 1158 2070 δὴ
1202 1998 1407 2071 τρόπον
1444 1999 1538 2053 καὶ
1580 1997 1815 2070 Γαληνὸς
1859 1998 1984 2071 περί

2088 1997 2232 2053 inter
2260 1998 2494 2069 priorem
2538 1997 2789 2053 Latinum
2814 2039 2829 2064 ,
2857 2009 2912 2055 et
2935 2000 3290 2069 posteriorem
3323 2002 3464 2056 loco.
3499 2002 3656 2070 Quod

411 2090 505 2145 τοῦ
529 2091 626 2162 τῆς
652 2090 847 2160 ἐλάτης
876 2090 1187 2161 σπέρματος
1215 2089 1462 2162 γράφων,
1499 2109 1517 2141 ι
1554 2090 1742 2154 Ὅστις
1775 2089 1982 2161 καιρὸς,

414 2184 599 2254 φησιν,
624 2184 681 2236 ἐν
723 2181 909 2254 Ῥώμῃ
936 2183 1030 2253 μὲν
1053 2184 1082 2235 6
1106 2181 1439 2250 καλούμενος
1474 2182 1579 2253 μὴν
1618 2180 1985 2252 Σεπτέμὸριός

410 2275 580 2337 ἐστιν,
628 2275 687 2327 ὲν
736 2273 1013 2345 Περγάμῳ
1048 2273 1105 2326 δὲ
1147 2275 1278 2345 παρ’
1330 2275 1461 2344 ἡμῖν
1514 2273 1982 2345 Ὑπερϐερεταῖος,

424 2366 678 2439 Ἀθήνῃσι
728 2365 785 2419 δὲ
838 2366 1148 2435 Μυστὴρια.
1203 2384 1222 2417 ι
1276 2364 1357 2418 Τὰ
1413 2366 1519 2438 γάρ
1578 2382 1659 2440 τοι
1714 2366 1985 2438 μυστήρια

412 2456 821 2530 Βοηδρομιῶνος
840 2451 927 2527 ἦν.
949 2457 1085 2528 Περὶ
1108 2455 1297 2509 εἰκάδα
1320 2455 1428 2528 γάρ
1452 2455 1546 2509 τοῦ
1581 2455 1985 2528 Βοηδρομιῶνος

411 2552 442 2603 6
471 2549 729 2622 μυστικὸς
756 2550 974 2619 Ἴακχος
996 2546 1239 2618 ἐξήγετο,
1263 2548 1337 2612 ὡς
1362 2548 1455 2601 καὶ
1482 2548 1822 2619 Πλούταρχος
1846 2549 1986 2602 ἰστο-

414 2645 516 2715 psi.
552 2643 736 2695 Ἕοικε
778 2641 834 2695 δὲ
870 2641 964 2694 καὶ
1003 2642 1032 2695 6
1072 2641 1340 2711 Ῥωμαίος
1369 2640 1606 2705 Πλίνιος,
1640 2640 1985 2711 παντοδαπῆς

411 2734 656 2806 ἱστορίας
705 2734 1073 2806 συγγραφεὺς,
1113 2731 1256 2786 οὑτω
1302 2732 1622 2805 μεταφέρων
1677 2733 1983 2804 Ἀριστοτέ-

410 2825 536 2890 λους
579 2825 639 2879 τὸ
696 2825 823 2897 περὶ⁵
877 2825 1035 2877 τόκου
1094 2824 1202 2878 τῶν
1262 2823 1476 2895 ἰχθύων,
1522 2824 1596 2888 ὠς
1640 2827 1689 2877 οἰ
1745 2825 1984 2878 πλεῖστοι

409 2919 683 2972 τίκτουσιν
713 2918 771 2970 ἐν
819 2919 963 2989 τρισὶ
1009 2918 1161 2989 μησὶ,
1211 2916 1571 2988 Μουνυχιῶνι,
1620 2916 1981 2990 Θαργηλιῶνι,

412 3009 827 3082 Σκιροφοριῶνι,
862 3010 1026 3079 φάναι
1060 3011 1118 3062 ἐν
1144 3010 1341 3081 τρισὶν,
1378 3009 1611 3081 Ἀπρίλι,
1643 3012 1824 3082 Μαΐῳ,
1855 3012 1985 3064 Ἰου-

412 3104 531 3174 νίῳ,
563 3103 767 3155 τίκτειν
807 3102 932 3165 τοὺς
976 3100 1283 3164 πλείστους.
1318 3101 1439 3154 Ἔτι
1471 3100 1565 3154 τοῦ
1597 3101 1865 3165 ἐνιαυτοῦ,
1909 3102 1984 3167 ὡς

414 3195 514 3264 μὲν
546 3194 809 3263 Ῥωμαίοι
854 3193 1067 3261 ἄγουσι,
1100 3192 1410 3263 τριακόσιαι
1459 3195 1551 3247 καὶ
1590 3193 1854 3265 ἐξήκοντα
1890 3195 1984 3247 καὶ

2086 2088 2132 2144 si
2167 2089 2454 2160 ambiguus
2484 2090 2716 2160 quisque
2746 2089 3032 2145 amborum
3065 2091 3161 2147 ﬁat
3203 2094 3511 2164 particeps,
3556 2108 3659 2149 cur

2085 2177 2267 2250 potius
2289 2195 2319 2234 a
2338 2180 2522 2251 priore
2548 2179 2830 2246 vertendo,
2849 2197 3012 2252 quam
3034 2197 3064 2236 a
3088 2184 3390 2253 posteriore
3406 2184 3658 2239 nomine.

2086 2276 2212 2330 tur?
2248 2275 2366 2343 Quo
2404 2290 2536 2331 sane
2573 2275 2735 2331 modo
2761 2273 3001 2331 Galenus
3028 2274 3156 2331 fecit
3181 2314 3198 2341 ,
3248 2276 3318 2331 de
3351 2277 3547 2331 abietis
3577 2292 3661 2333 se—

2084 2367 2269 2422 mine:
2318 2385 2337 2419 ι
2376 2366 2531 2434 Quod
2571 2374 2808 2438 tempus.
2850 2385 2868 2419 ι
2909 2367 3115 2437 inquit,
3151 2385 3171 2418 ι
3212 2364 3399 2423 Romae
3442 2378 3527 2424 est
3560 2366 3661 2423 Se-

2084 2458 2363 2529 ptember,
2418 2455 2669 2529 Pergami
2717 2457 2859 2528 apud
2916 2473 3019 2513 nos
3077 2457 3283 2513 mensis
3319 2455 3660 2529 Hyperbere-

2086 2557 2245 2614 tatus,
2278 2550 2508 2605 Athenis
2542 2565 2671 2604 vero
2702 2549 2977 2621 Mysteria.
3035 2569 3052 2601 ι
3109 2544 3186 2604 Ea
3235 2564 3471 2620 namque
3504 2556 3662 2605 erant

2086 2640 2498 2697 Boedromione.
2538 2639 2673 2696 Nam
2706 2643 2854 2698 circa
2886 2641 3302 2700 Boedro‘mionis
3332 2643 3656 2700 vicesimum

2085 2733 2228 2789 diem
2255 2735 2519 2806 mysticus
2544 2733 2792 2789 Bacchus
2822 2735 2890 2790 ab
2924 2736 3058 2791 urbe
3095 2735 3566 2803 transferebatur;
3599 2743 3656 2791 ut

2085 2827 2246 2882 etiam
2271 2823 2601 2880 Plutarchus
2631 2825 2847 2884 scribit.
2896 2823 3125 2881 Videtur
3172 2840 3392 2896 quoque
3439 2826 3653 2883 Plinius

2085 2920 2389 2975 onmifaria:
2418 2920 2652 2988 scriptor
2684 2917 2946 2985 historiae,
2988 2917 3070 2973 sic
3123 2918 3474 2989 interpretari
3524 2919 3658 2977 illud

2085 3009 2399 3067 Aristotelis
2428 3009 2495 3065 de
2529 3008 2764 3079 piscium
2793 3018 2951 3081 partu
2974 3050 2988 3076 ,
3021 3009 3281 3064 nimirum
3321 3012 3502 3082 pisces
3533 3012 3658 3082 plu-

2086 3103 2222 3156 rima
2248 3102 2331 3157 sui
2356 3109 2507 3172 parte
2528 3102 2703 3156 tribus
2736 3101 2820 3156 his
2847 3101 3130 3158 mensibus
3159 3101 3440 3169 fetiﬁcare,
3466 3103 3661 3178 Muny-

2087 3195 2301 3260 chione,
2334 3193 2729 3265 Tltargelione,
2765 3191 3223 3264 Scirophorione,
3280 3204 3339 3253 nt
3380 3197 3526 3253 dicat
3572 3200 3661 3255 his

414 3282 575 3335 πέντε
599 3282 802 3353 ἡμέραι
832 3282 1000 3335 εἰσίν·
1033 3281 1499 3353 ἀκριϐολογεῖσθαι
1532 3284 1577 3337 δ’
1610 3287 1689 3347 εἰς
1717 3284 1777 3337 τὸ
1812 3283 1984 3356 παρὸν

2088 3287 2295 3351 tribus,
2352 3286 2571 3357 Aprili,
2646 3285 2824 3354 Maio,
2899 3285 3082 3343 Junio.
3145 3287 3373 3359 Insuper
3430 3293 3658 3346 trecenti

411 3375 477 3428 ού
526 3374 637 3427 δεῖ·
688 3374 763 3438 ὡς
813 3374 870 3428 δὲ
929 3373 1220 3444 Ἀθηναῖοι,
1276 3376 1416 3430 κατὰ
1472 3377 1568 3446 μὲν
1621 3376 1982 3448 Ἀριστοτέλη,

412 3465 720 3536 τριακόσιαι
746 3466 838 3518 καὶ
870 3464 1151 3537 ἐξήκοντα.
1188 3483 1207 3516 ι
1258 3466 1436 3519 Ἔνιαι
1475 3465 1551 3530 δὲ,
1597 3468 1750 3538 φησί,
1798 3465 1987 3519 κύουσι

412 3555 521 3610 τῶν
553 3557 731 3611 κυνῶν
777 3557 1023 3627 πέμπτον
1074 3556 1238 3627 μέρος
1279 3555 1371 3611 τοῦ
1420 3557 1687 3622 ἐνιαυτοῦ,
1732 3557 1890 3611 τοῦτο
1931 3555 1988 3610 δέ

414 3648 561 3702 ἐστιν
602 3649 817 3721 ἡμέρας
845 3648 1214 3720 ὲὸδομὴκοντα
1255 3648 1350 3702 xei.
1382 3647 1507 3702 δύο·
1540 3668 1561 3702 ι
1600 3649 1986 3721 καθ’,Ἦρόδο-

413 3756 507 3796 τον
541 3740 598 3794 δὲ
627 3742 721 3794 καὶ
771 3740 983 3804 ἄλλους,
1021 3741 1327 3814 τριακόσιαι
1368 3742 1984 3815 πεντηκοντατέσσαρες.

418 3832 515 3896 Ὠς
547 3833 817 3886 τοσούτων
860 3832 925 3903 δὴ
966 3833 1286 3903 γινομένων,
1335 3833 1385 3885 εἰ
1416 3830 1525 3885 τῶν
1574 3834 1760 3904 μηνῶν
1801 3834 1849 3887 οἱ
1890 3832 1989 3904 μὲν

413 3924 642 3997 πλήρεις
678 3942 737 3978 τε
768 3926 860 3979 καὶ⁵
888 3924 1362 3997 τριακονθήμεροι,
1403 3925 1454 3978 οἱ
1489 3924 1547 3977 δέ
1590 3923 1759 3978 κοῖλοί
1799 3941 1858 3977 τε
1895 3923 1989 3977 καὶ

417 4020 517 4091 μιᾷ
542 4018 650 4072 τῶν
683 4018 882 4090 ἐτέρων
909 4017 1092 4090 ἡμέρα
1116 4006 1428 4089 λειπόμενοι
1465 4016 1690 4083 ἐναλλάξ
1718 4014 1825 4070 εἷεν
1857 4015 1987 4088 παρ’

414 4112 532 4177 ἕνα,
561 4112 834 4185 ὁποτέρως
859 4111 903 4165 δ’
933 4111 1000 4165 ἂν
1025 4112 1142 4185 ἔχῃ.
1177 4112 1237 4165 τὺ
1265 4112 1415 4167 ἐπιὸν
1446 4110 1510 4183 δὴ
1534 4110 1652 4175 ἔτος
1684 4112 1770 4165 ἀεὶ
1796 4127 1992 4182 προτε-

419 4208 595 4275 ρήσει,
628 4206 721 4259 καὶ
754 4208 819 4258 ὲκ
850 4205 1217 4277 προσαγωγῆς
1253 4207 1333 4268 εἰς
1370 4204 1619 4268 ἐναντίας
1645 4202 1794 4275 ῶρας
1824 4205 1989 4257 ἐκπεα

419 4294 637 4349 σοῦνται
668 4297 718 4348 οἰ
760 4295 927 4367 μῆνες
962 4296 1380 4368 ὑποφερόμενοι.
1421 4295 1588 4349 Πάλιν
1628 4297 1677 4349 εἰ
1721 4295 1783 4349 τὸ
1827 4294 1990 4349 Ἴλιον

420 4385 534 4455 ἥλω
563 4388 916 4452 τελευτῶντος
946 4389 1038 4444 τοῦ
1066 4390 1245 4461 ἔαρος,
1275 4389 1432 4461 ὀγδόῃ
1466 4388 1741 4461 φθίνοντος
1768 4389 1987 4461 Θαργη-

417 4477 607 4542 >ιιῖ>νος
651 4481 837 4552 μηνὸς.
884 4481 1249 4534 ἑπτακαίδεκα
1303 4481 1567 4553 πρότερον
1613 4479 1848 4552 ἡμέραις
1887 4479 1989 4550 τῆς

416 4570 639 4645 θερινῆς
661 4573 891 4644 τροπῆς,
921 4574 996 4638 ὡς
1029 4574 1058 4626 6
1099 4574 1555 4646 Ἁλικαρνασσεὺς
1589 4574 1864 4637 Διονύσιος
1890 4575 1989 4647 άρ-

2087 3379 2367 3448 sexaginta
2398 3365 2643 3449 quinque
2673 3378 2790 3432 dies
2837 3385 2966 3433 sunt
3008 3378 3135 3432 anni
3166 3377 3440 3446 Romani;
3488 3381 3661 3437 subti-

2087 3471 2192 3527 lius
2242 3472 2387 3525 enint
2439 3472 2496 3526 in
2547 3487 2787 3541 prmsens
2818 3477 3115 3541 supputnre
3166 3473 3389 3529 minime
3420 3484 3657 3545 oportet.

2086 3563 2437 3620 Atheniensis
2468 3580 2597 3619 vero
2623 3564 2774 3631 anni,
2812 3578 2878 3620 ex
2915 3562 3221 3620 Aristotelis
3253 3567 3475 3636 quidem
3529 3584 3660 3623 sen-

2086 3656 2280 3719 tentia,
2314 3656 2542 3711 trecenti
2572 3655 2853 3726 sexaginta
2907 3665 3071 3711 sunt:
3112 3674 3131 3706 ι
3177 3657 3330 3722 Pars,
3367 3678 3387 3711 ι
3445 3659 3657 3729 inquit,

2093 3766 2112 3800 ι
2158 3763 2354 3803 canum
2383 3747 2487 3802 fert
2511 3756 2754 3803 ventrem
2783 3746 3032 3817 quintam
3067 3758 3278 3816 partem
3310 3750 3461 3813 anni,
3490 3749 3541 3805 ld
3575 3759 3660 3808 est

2087 3838 2205 3894 dies
2236 3838 2375 3894 duos
2414 3846 2468 3895 et
2518 3840 2892 3910 septuaginta;
2937 3857 2956 3889 ι
2992 3848 3046 3892 at
3080 3839 3383 3894 secundum
3417 3840 3663 3900 Herodo-

2088 3939 2203 3986 tum
2235 3930 2482 4000 aliosque
2506 3968 2521 3993 ,
2579 3930 2808 3984 trecenti
2844 3937 3082 4000 quatuor
3128 3936 3185 3984 et
3238 3931 3661 4004 quinquaginta.

2088 4022 2191 4077 Tot
2221 4022 2385 4093 igitur
2421 4035 2546 4075 cum
2595 4020 2747 4087 sint,
2791 4020 2839 4076 si
2869 4035 3087 4076 menses
3114 4020 3207 4075 alii
3241 4022 3386 4092 pleni
3417 4030 3471 4079 et
3506 4023 3663 4082 trico-

2088 4112 2261 4179 narii;
2292 4111 2383 4166 alii
2414 4110 2610 4174 mutili,
2639 4109 2757 4165 cavi
2783 4152 2799 4178 ,
2828 4121 2883 4166 et
2923 4126 3033 4165 uno
3063 4110 3151 4167 die
3181 4112 3397 4168 caeteris
3417 4113 3661 4185 impares

2088 4202 2145 4258 in
2177 4217 2407 4257 numero
2439 4202 2747 4265 alternant,
2792 4216 3124 4272 quocunque
3154 4203 3316 4257 modo
3341 4218 3429 4257 res
3466 4217 3527 4259 se
3562 4205 3662 4262 ha-

2088 4294 2233 4363 beat,
2264 4311 2502 4366 sequens
2533 4310 2710 4350 annus
2734 4310 2949 4366 semper
2979 4302 3284 4366 pragvertet,
3315 4305 3368 4350 et
3398 4296 3660 4365 paulatim

2087 4401 2154 4442 ex
2188 4387 2508 4443 accessione
2568 4386 2623 4441 in
2683 4387 2990 4441 contrarias
3041 4393 3396 4457 tempestates
3446 4403 3665 4446 menses

2088 4477 2350 4545 incident,
2385 4478 2504 4533 loco
2538 4477 2839 4547 diebusque
2870 4477 3029 4532 statis
3053 4477 3241 4531 emoti.
3274 4477 3403 4531 ltem
3436 4478 3482 4533 si
3506 4476 3662 4534 Ilium

2088 4576 2331 4641 Captum
2365 4578 2452 4625 est
2501 4569 2735 4624 abeunte
2770 4584 2927 4633 vere,
2973 4579 3167 4623 octavo
3201 4567 3311 4633 die,
3345 4568 3451 4624 sub
3499 4569 3662 4626 finem

418 4664 714 4736 χαιολογῶν
740 4665 810 4718 τά
840 4665 1121 4737 Ῥωμαϊκά
1150 4683 1313 4739 φησι·
1351 4665 1469 4731 πῶς
1500 4665 1756 4737 τροπικὺς
1781 4665 1984 4738 θερινὸς

2094 4656 2505 4727 Thargelionis,
2552 4657 2941 4728 septemdecim
2999 4658 3193 4713 diebus
3247 4667 3374 4714 a'nte
3413 4659 3664 4715 aestivum

416 4760 447 4811 6
487 4755 930 4828 Ἐκατομὸαιώνς
958 4758 1082 4811 ’Ὀδε
1110 4759 1218 4831 γὰρ
1248 4762 1277 4813 ὁ
1302 4757 1458 4829 λόγος
1489 4759 1779 4827 ἀποφαίνει
1808 4759 1991 4831 Σκιρο-

419 4851 662 4924 φοριῶνα
688 4846 827 4905 εἶναι
855 4851 1111 4923 τροπικὸν
1156 4852 1387 4922 θερινόν.
1426 4850 1774 4923 Ἀνομόλογον
1804 4850 1861 4905 δὲ
1896 4852 1990 4906 καὶ

415 4943 480 4996 τὸ
520 4941 889 5014 Θεοφράστου,
921 4942 1002 4994 ὅτι
1045 4940 1214 5012 ἄκρου
1263 4942 1424 5013 ἔαρος
1468 4943 1649 5007 εὐθὺς,
1699 4942 1987 5014 ἱσταμένου

417 5031 512 5087 τοῦ
544 5031 948 5105 Θαργηλιῶνος.
979 5032 1040 5085 Εἰ
1067 5033 1175 5105 γὰρ
1199 5033 1366 5105 ἄκρου
1396 5033 1555 5106 ἔαρος
1582 5036 1620 5104 ⁴ὁ
1643 5033 1985 5106 Θαργηλιὼν,

416 5121 518 5177 οὐκ
555 5123 619 5178 ἂν
653 5123 907 5196 τροπικδς
937 5124 966 5176 6
1001 5122 1406 5194 Ἐκατομδαιὼν
1434 5126 1518 5197 εἰη
1538 5140 1552 5155 ⁸
1591 5125 1724 5179 πολὺ
1750 5126 1796 5179 δ’
1827 5120 1989 5197 ἦττον

415 5214 447 5265 ὀ
490 5213 805 5284 Μουνυχιὼν
849 5214 1062 5285 ἐαρινός
1095 5230 1154 5266 τε
1202 5214 1298 5266 καὶ
1341 5214 1671 5286 ἰσημερινός.
1721 5215 1901 5269 Ἕοικε
1942 5214 1988 5269 δ’

413 5305 757 5376 ἁπεμφαῖνον
795 5307 888 5360 καὶ
914 5306 974 5360 τὸ
996 5304 1089 5359 τοῦ
1120 5305 1488 5376 Πλουτάρχου·
1525 5323 1543 5355 ι
1574 5306 1987 5377 Συγκομιζομέ-

414 5413 513 5469 νης
543 5396 764 5469 ὀπώρας
811 5396 1188 5467 Πυανεψιῶνος
1224 5397 1383 5469 ὀγδόῃ
1418 5398 1726 5468 ἱσταμένου.
1767 5417 1786 5449 ι
1834 5401 1992 5453 Δοκεῖ

378 5491 385 5499 ’
412 5489 523 5560 γὰρ
553 5491 582 5542 ό
616 5489 934 5561 Πυανεψιὼν
970 5489 1167 5561 μᾶλλον
1201 5486 1339 5543 εἶναι
1373 5488 1686 5561 ἰσημερινός
1720 5491 1990 5559 φθινοπω-

416 5582 623 5654 ρινὸςῆ
664 5586 693 5638 6
736 5583 1194 5655 Μαιμακτηριὼν,
1228 5583 1282 5637 εἰ
1308 5599 1372 5651 γε
1411 5576 1720 5654 άμπελικῆς
1761 5582 1984 5655 ὀπώρας

415 5678 448 5747 ἠ
474 5677 668 5748 κομιδὴ
695 5673 784 5750 ἧν.

2095 4751 2427 4815 solstitium,
2481 4758 2540 4804 ut
2571 4749 2864 4822 Dionysius
2898 4749 3350 4808 Halicarnasseus
3405 4753 3520 4817 ait,
3576 4768 3665 4809 res

2095 4843 2305 4913 priscas
2331 4840 2700 4896 Romanorum
2740 4842 2987 4898 historia:
3020 4842 3290 4900 mandans
3317 4862 3332 4900 :
3363 4858 3472 4915 quo
3508 4852 3667 4914 pacto

2094 4934 2514 4992 Hecatomhaon
2550 4934 2857 4991 solstitialis
2904 4934 3130 4990 aestivus
3173 4936 3283 4990 sit?
3328 4934 3533 5007 Nempe
3578 4937 3667 4993 hic

2095 5041 2277 5083 sermo
2307 5028 2563 5091 ostendit,
2590 5024 3016 5098 Scirophorione
3045 5043 3167 5083 esse
3208 5029 3521 5084 solstitium.
3546 5030 3669 5085 Dis-

2095 5126 2417 5176 sentaueum
2454 5122 2619 5176 etiam
2655 5132 2740 5179 εει
2766 5121 2899 5176 illud
2932 5119 3334 5191 Theophrasti,
3386 5138 3511 5179 cum
3538 5123 3670 5180 dicit

2096 5230 2346 5279 summo,
2386 5214 2715 5286 ineunteque
2745 5231 2907 5281 vere,
2938 5213 3318 5287 Thargelionis
3373 5216 3666 5288 principio.

2098 5303 2157 5361 Si
2185 5305 2330 5360 enim
2364 5314 2447 5362 est
2475 5322 2749 5363 summum
2783 5322 2874 5362 ver
2914 5306 3273 5378 Thargelion,
3324 5322 3667 5378 nequaquam

2096 5412 2219 5453 esse
2243 5407 2409 5469 queat
2436 5400 2743 5455 solstitialis
2773 5397 3188 5455 Hecatombaeon
3207 5439 3224 5464 ,
3277 5408 3331 5454 et
3362 5399 3536 5453 multo
3569 5400 3668 5454 mi-

2097 5503 2203 5545 nus
2233 5504 2437 5545 vernus
2465 5497 2520 5546 et
2552 5490 2950 5561 aequinoctialis
2983 5488 3336 5562 Munychion.
3370 5487 3507 5544 Illud
3538 5505 3670 5559 quo-

2096 5597 2203 5653 que
2230 5580 2509 5637 Plutarchi
2537 5583 2830 5639 dissentire
2856 5582 3105 5647 videtur,
3153 5580 3426 5637 dicentis:
3470 5598 3490 5633 ι
3530 5579 3667 5636 Dum

2099 5674 2313 5731 fructus
2342 5675 2617 5746 leguntur,
2649 5689 2702 5732 et
2730 5673 3007 5730 vindemia
3038 5679 3450 5744 comportatur,
3476 5680 3670 5727 octavo

414 5771 504 5826 die
524 5770 919 5843 Pyanepsionis
957 5770 1289 5842 incipientis.
1341 5790 1359 5821 ι
1391 5769 1488 5825 His
1519 5769 1665 5824 enim
1690 5768 1870 5825 verbis
1906 5769 2122 5825 videtur
2178 5767 2524 5841 Pyanepsion
2560 5768 2617 5825 in
2668 5785 2727 5827 se
2786 5769 3072 5826 continere
3124 5765 3375 5823 autumni
3422 5768 3666 5837 equino-

415 5868 583 5916 ctittm
614 5862 814 5934 potius,
850 5879 1012 5935 quam
1046 5861 1447 5919 Maemacterion
1472 5901 1487 5927 ,
1542 5861 1812 5933 siquidem
1862 5869 1991 5917 erat
2023 5859 2615 5931 vindemiaeﬁollectio.
3058 5878 3065 5886 ‘
