4106 6434
371 415 503 473 “89
1283 402 1634 460 THEODORI
1670 401 1877 459 GAZJE
1918 397 2124 454 LlB'cJR
2166 396 2252 448 DE
2292 395 2662 451 MENSIBUS.
3481 409 3618 455 uso

371 533 614 596 πλείονος
659 531 767 584 δέοι
797 529 885 584 διὰ
926 527 1185 599 τετάρτου
1220 525 1489 579 ἐνιαυτοῦ.
1516 524 1596 576 Τά
1619 523 1664 576 δ’
1693 523 1801 594 ἄρα
1829 521 1945 592 βοὴ-

2049 516 2192 587 plius
2220 530 2357 586 opus
2379 526 2514 582 erat,
2549 521 2747 584 quarto
2769 529 2986 584 quoque
3010 528 3172 568 anno.
3210 513 3440 586 Haecque
3462 528 3619 572 erant

371 625 488 679 θεια
515 619 604 695 ἦν,
633 623 967 676 διατείνουσα
997 621 1095 690 μὲν
1120 619 1181 672 ού
1206 619 1413 690 πόρῤω,
1448 617 1606 687 ίκανὴ
1643 616 1826 685 μέντοι
1869 616 1947 676 εἰς

2049 606 2316 670 subsidia,
2361 621 2482 676 qua:
2522 622 2630 660 non
2674 606 2838 662 latius
2869 605 3086 676 quidem
3138 613 3418 675 paterent,
3471 607 3618 663 sum-

372 716 431 768 τὸ
461 713 591 768 αὐτὸ
630 713 1094 771 ἀντικαθιστάναι,
1143 709 1236 762 καὶ
1271 707 1475 780 εἴργειν
1518 710 1576 760 ἐν
1612 709 1725 769 τοῖς
1767 707 1947 769 αὐτοῖς

2050 698 2248 751 cientia
2280 705 2460 752 tamen
2489 698 2778 753 restituere
2810 713 3025 753 menses
3054 699 3179 761 sibi,
3209 707 3262 754 et
3290 699 3480 754 iisdem
3507 701 3620 756 fero

373 821 474 858 που
503 805 648 874 ὅροις
680 804 805 865 τοὺς
838 803 1010 872 μῆνας
1031 817 1044 829 ο
1077 800 1212 869 ίαμὰ
1239 816 1297 852 τε
1323 799 1422 867 τῆς
1451 797 1761 868 ἀνωμαλίας
1794 797 1950 863 ἐτύγ-

373 913 532 967 χανεν
557 885 637 958 ὃν,
672 895 746 958 ὡς
785 895 878 947 καὶ
906 892 1248 962 Πλούταρχος
1297 891 1463 957 λέγει,
1501 888 1758 960 μειζόνων
1791 888 1949 957 ίαμά-

373 1004 478 1041 των
511 985 795 1058 δεήσεσθαι
823 984 1032 1053 μέλλον.
1062 985 1277 1052 Καῖσαρ
1309 980 1403 1034 οῦν
1449 983 1477 1033 6
1505 981 1721 1050 πρῶτος
1753 996 1948 1050 μοναρ-

374 1081 543 1148 χήσας
595 1077 901 1146 Ῥωμαίων,
944 1077 1057 1137 τοῖς
1099 1073 1343 1144 ἀρίστοις
1393 1073 1500 1124 τῶν
1553 1070 1947 1141 μαθηματικῶν

374 1168 666 1238 πρόϐλημα
696 1168 822 1236 περὶ
846 1163 1034 1217 τούτου
1064 1162 1307 1233 προθεὶς,
1348 1163 1410 1214 ἐκ
1441 1161 1548 1214 τῶν
1577 1161 1946 1231 ὑποκειμένων

373 1259 474 1329 ῆδη
525 1257 760 1329 μεθόδων
811 1256 943 1308 ίδίαν
980 1253 1101 1306 τινὰ
1141 1254 1233 1306 καὶ
1281 1251 1715 1324 διηκριϐωμένην
1751 1250 1947 1320 μᾶλλον

375 1350 742 1421 ἐπανόρθωσιν
796 1347 968 1419 ἔμιξε.
1026 1345 1251 1398 Δοκοῦσι
1306 1345 1350 1397 δ’
1404 1345 1689 1414 Αἰγύπτιοι
1742 1343 1946 1414 πρῶτοι

379 1443 513 1512 μησὶ
543 1442 850 1512 χρήσασθαι
881 1439 1000 1494 καθ’
1033 1438 1182 1508 ἥλιον
1212 1437 1694 1509 τριακονθημέροις
1719 1437 1943 1500 δώδεκα,

375 1535 468 1587 καὶ
499 1534 658 1586 πέντε
692 1534 903 1604 ἡμέρας
937 1534 1234 1602 ἐπαγαγεῖν
1263 1535 1382 1588 κατ’
1409 1532 1650 1585 ἐνιαυτὸν
1686 1530 1944 1582 ἕκαστον·

375 1626 434 1678 τό
466 1642 524 1677 τε
559 1625 841 1694 ἐπιτρέχον
875 1626 1058 1696 μόριον
1092 1625 1189 1695 τῆς
1232 1623 1443 1695 ἡμέρας
1482 1625 1560 1685 εἰς
1604 1621 1947 1691 ἐκπλήρωσιν

372 1714 467 1769 τοῦ
500 1715 620 1769 ὃλου
651 1714 895 1768 ἐνιαυτοῦ
938 1718 1002 1767 ἐκ
1035 1714 1295 1784 περιόδων
1339 1713 1594 1766 πλειόνων
1634 1710 1768 1764 ἐτῶν
1809 1711 1946 1764 ἀπο-

373 1807 646 1870 λαϐόντες,
680 1805 963 1859 συνθέσθαι
1014 1806 1139 1876 μίαν
1174 1806 1405 1877 ἡμέραν.
1443 1803 1702 1874 ’Έλληνες
1729 1803 1785 1855 δὲ
1814 1801 1945 1872 παρ’

374 1899 597 1953 ἐκείνων
624 1898 756 1953 ἄλλα
797 1915 856 1950 τε
903 1896 1069 1950 πλείω
1106 1897 1214 1950 τῶν
1246 1898 1508 1968 οὐρανίων
1551 1894 1940 1966 θεωρημάτων,

374 1991 468 2044 καὶ⁵
498 1990 668 2044 ταῦτα
703 1990 1027 2060 παρέλαϐον,
1053 1989 1122 2042 τά
1159 1989 1256 2059 μὲν
1285 1988 1828 2060 μεθερμηνευθέντων
1864 1990 1942 2050 εἰς

373 2080 433 2133 τὸ
473 2081 779 2152 Ἑλληνικὸν
806 2081 912 2133 τῶν
955 2081 1378 2151 ὑπομνημάτων,
1406 2081 1473 2134 τὰ
1512 2080 1566 2132 δὲ
1607 2079 1699 2132 καὶ
1731 2079 1944 2132 συνδια-

373 2171 662 2243 τρίψαντες
688 2175 800 2235 τοῖς
832 2174 947 2225 ἐκεῖ
988 2172 1214 2242 ἱερεῦσι,
1260 2173 1531 2242 περιττοῖς
1558 2167 1674 2224 οὖσι
1711 2169 1808 2240 τὴν
1835 2170 1942 2223 τῶν

374 2263 636 2332 οὐρανίων
676 2265 1001 2334 ἐπιστήμην.
1045 2264 1304 2317 Πλάτωνα
1340 2263 1468 2331 γοῦν
1505 2263 1634 2330 φασί
1674 2280 1817 2325 τινες
1851 2263 1942 2316 καὶ

374 2353 620 2418 Εὔδοξον,
649 2355 1102 2425 ἀποδημήσαντας
1129 2356 1208 2416 είς
1229 2355 1522 2422 Αἴγυπτον,
1547 2353 1804 2424 ὁμιλῆσαι
1833 2356 1944 2417 τοῖς

377 2445 579 2518 ἱερεῦσι
607 2447 959 2517 τρισκαίδεκα
989 2445 1101 2516 ἐτη.
1146 2447 1457 2508 Μυστικοῦς
1503 2445 1612 2516 γὰρ
1652 2446 1810 2504 δντας
1852 2445 1944 2496 καὶ

375 2537 817 2608 δυσμεταδότους,
859 2537 964 2590 ἔδει
1005 2536 1083 2606 τῷ
1126 2536 1298 2608 χρόνῳ
1337 2537 1432 2589 καὶ
1469 2539 1589 2600 ταῖς
1631 2535 1944 2606 θεραπείαις

378 2628 756 2699 ἐκλιπαρῆσαι,
784 2628 921 2681 ὥστε
953 2627 1072 2681 τινὰ
1111 2627 1220 2680 τῶν
1248 2627 1615 2698 θεωρημάτων
1644 2627 1940 2697 ἱστορῆσαι.

377 2718 558 2771 Ταῦτα
591 2719 688 2788 μὲν
717 2719 858 2772 οὕτω
893 2718 1120 2789 διαιρεῖν
1164 2718 1292 2781 ἴσως
1319 2719 1379 2770 ού
1418 2721 1627 2789 χεῖροψ
1665 2717 1725 2769 τό
1763 2733 1821 2769 τε
1862 2716 1941 2769 διο

374 2809 718 2882 ηπορημένον
767 2811 951 2879 φανεὶς
976 2811 1004 2862 6
1031 2809 1321 2879 ἐμϐόλιμος
1347 2808 1482 2862 λύει.
1518 2808 1627 2860 Καὶ
1668 2809 1721 2860 εἴ
1763 2825 1816 2860 τι
1857 2808 1944 2860 διά

379 2901 620 2963 πλείονος
654 2901 732 2953 ἐτι
761 2901 952 2971 χρόνου
982 2900 1362 2970 παραλλάττει,
1390 2899 1533 2962 είκὸς
1567 2899 1660 2952 καὶ
1693 2901 1816 2963 τοὺς
1843 2901 1944 2953 πά-

377 2992 466 3045 λαι
498 2991 829 3062 συνορῶντας
864 2992 957 3044 καὶ
988 2991 1144 3044 τοῦτο
1175 2991 1346 3062 δήπου
1384 2990 1830 3063 ἐπανορθοῦσθαι,
1857 2991 1945 3044 ὁτὲ

381 3083 481 3154 μὲν
527 3082 878 3153 μακρότερον,
926 3081 1013 3134 ὁτὲ
1057 3081 1113 3134 δὲ
1162 3081 1489 3152 βραχύτερον
1533 3083 1622 3134 τὸν
1654 3082 1945 3153 ἐμϐόλιμον

2049 789 2250 843 ﬁnibus
2281 802 2377 842 eos
2409 803 2697 852 coercere;
2737 803 2909 858 eaque
2943 789 3329 858 inaequalitatis
3357 792 3576 846 curatio
3601 831 3616 855 ,

2049 887 2108 934 ut
2159 880 2460 949 majoribus
2516 881 2646 934 olim
2707 880 2960 935 remediis
3010 880 3321 951 indigeret,
3373 883 3616 938 futurum

2046 981 2185 1037 erat,
2220 973 2676 1042 quemadmodum
2709 973 2876 1028 refert
2905 973 3256 1029 Plutarchus.
3301 975 3485 1032 Caesar
3516 978 3618 1031 ita-

2047 1080 2174 1135 que,
2214 1066 2261 1120 is
2297 1065 2390 1134 qui
2442 1065 2651 1134 primus
2703 1065 2990 1136 imperium
3039 1066 3240 1122 invasit
3269 1075 3324 1122 et
3355 1069 3423 1123 ad
3456 1069 3618 1138 cujus

2048 1158 2212 1212 unius
2241 1156 2534 1211 arbitrium
2587 1173 2675 1212 res
2721 1155 2965 1211 Romana
3016 1157 3269 1213 devoluta
3302 1167 3418 1224 est,
3469 1177 3613 1232 quae-

2047 1249 2225 1304 stione
2275 1247 2378 1303 hac
2427 1247 2495 1304 de
2529 1264 2588 1303 re
2616 1249 2838 1319 Optimis
2870 1249 3272 1306 mathematicis
3302 1253 3615 1321 preposita,

2045 1356 2113 1394 ex
2168 1339 2460 1394 substratis
2509 1340 2623 1408 jam
2679 1341 2783 1396 viis
2845 1341 3303 1412 rationibusque,
3337 1347 3616 1414 propriam

2045 1432 2338 1501 quamdam
2393 1439 2446 1485 ct
2477 1435 2820 1487 accuratiore
2869 1447 3001 1486 cura
3033 1434 3396 1504 excogitatam
3433 1451 3619 1490 emen-

2029 1523 2318 1601 dationem
2349 1522 2604 1576 confecit.
2636 1521 2805 1576 Primi
2848 1534 3028 1576 autem
3076 1524 3318 1576 omnium
3372 1523 3616 1595 Egyptii

2047 1615 2115 1669 ad
2153 1616 2323 1670 solem
2355 1614 2642 1670 duodecim
2681 1616 2957 1672 mensibus
3012 1619 3097 1670 usi
3142 1616 3428 1678 videntur,
3463 1627 3516 1673 et
3547 1619 3615 1672 iis

2047 1710 2266 1779 quidem
2323 1705 2678 1776 tricenaﬁis,
2742 1717 2796 1765 et
2852 1711 3093 1781 quinque
3144 1712 3260 1766 dies
3321 1715 3618 1781 quotannis

2051 1803 2317 1873 adjecisse
2357 1845 2371 1870 ,
2445 1803 2879 1873 particulamqhe
2944 1803 3050 1858 diei
3106 1814 3485 1858 excurrentem
3547 1805 3616 1860 ad

2047 1895 2481 1963 supplementum
2523 1895 2691 1950 totius
2717 1895 2866 1958 anni,
2894 1909 2959 1949 ex
2995 1893 3178 1949 multis
3211 1908 3480 1948 annorum
3511 1895 3617 1951 cir-

2047 1986 2285 2040 euitibus
2316 1995 2654 2050 acervatam,
2698 1986 2753 2039 in
2799 2001 2966 2040 unum
3006 1986 3147 2041 diem
3183 1988 3449 2058 integrum
3478 2004 3614 2044 con-

2040 2078 2261 2147 jecisse.
2293 2078 2464 2133 Graeci
2495 2094 2624 2134 vero
2660 2079 2728 2134 ab
2778 2079 2906 2143 illis,
2937 2095 3062 2132 cum
3097 2080 3200 2133 alia
3233 2083 3496 2150 permulta
3528 2097 3617 2136 re-

2047 2185 2168 2223 rum
2199 2170 2534 2235 cmlestium;
2573 2177 2686 2223 tum
2737 2169 2849 2224 haec
2895 2173 3164 2240 praecipue
3209 2179 3400 2225 mutuo
3453 2187 3615 2228 acce-

2046 2268 2279 2328 perunt;
2311 2260 2507 2329 partim
2543 2260 2808 2314 traductis
2840 2261 2893 2314 in
2926 2261 3164 2330 linguam
3191 2261 3436 2316 Graecam
3461 2277 3611 2316 com-

2045 2349 2362 2414 mentariis;
2393 2351 2590 2420 partim
2615 2365 2739 2404 cum
2762 2365 2949 2405 eorum
2981 2351 3360 2408 sacerdotibus
3385 2352 3614 2417 versati,

2045 2441 2259 2511 egregie
2284 2441 2602 2509 divinarum
2635 2443 3052 2513 cmlestiumque
3081 2443 3432 2498 scientiarum
3461 2446 3606 2515 peri-

2046 2537 2140 2591 tis.
2172 2535 2374 2590 Ferunt
2406 2537 2589 2606 itaque
2618 2537 2922 2601 Platonem,
2974 2545 3028 2590 et
3064 2535 3346 2590 Eudoxum
3390 2552 3617 2607 peregre

2047 2630 2104 2684 in
2137 2629 2428 2700 Egyptum
2464 2629 2767 2699 profectos,
2803 2629 2962 2684 annis
2995 2628 3252 2684 tredecim
3284 2631 3423 2700 apud
3445 2629 3614 2701 Egy-

2045 2720 2189 2788 ptios
2243 2718 2556 2773 sacerdotes
2599 2719 2910 2784 mansisse;
2945 2725 3095 2772 tanta
3132 2720 3276 2774 enim
3316 2728 3616 2774 consuetu—

2046 2810 2194 2878 dine,
2217 2817 2436 2881 tamque
2465 2810 2678 2866 diutino
2709 2810 2975 2880 obsequio
3007 2819 3164 2865 erant
3216 2811 3476 2866 exorandi
3501 2850 3516 2875 ,
3560 2820 3616 2866 et

2045 2903 2202 2972 quasi
2229 2901 2612 2966 eblandiendi,
2660 2910 2718 2954 ut
2765 2902 2858 2970 qui
2893 2916 3074 2955 rerum
3106 2915 3432 2954 arcanarum
3463 2911 3615 2955 tena-

2047 3011 2158 3058 ces,
2190 2995 2448 3063 avarique
2481 2992 2799 3062 elargitores
2835 2999 3017 3046 essent
3045 2992 3456 3061 disciplinarum
3488 3008 3616 3048 sua-

2045 3101 2202 3152 rum;
2267 3101 2377 3154 quo
2433 3085 2638 3155 aliquid
2713 3084 3018 3138 caelestium
3093 3085 3612 3154 contemplationum

380 3173 747 3243 ποιουμένους.
782 3173 853 3225 Τὸ
881 3172 922 3224 δ’
951 3171 1357 3244 ἀκριϐέστατον,
1384 3173 1478 3225 καὶ
1505 3172 1638 3243 μηδὲ
1663 3174 1790 3244 παρ’
1834 3173 1944 3226 ὀλί-

2049 3175 2407 3245 impertirent.
2439 3173 2565 3228 Hzec
2597 3186 2726 3226 vero
2758 3172 2831 3226 ita
2872 3170 3230 3242 distinguere,
3279 3179 3340 3224 ut
3372 3171 3570 3240 opinor
3594 3210 3610 3234 ,

377 3279 473 3329 γον
502 3279 552 3314 τι
581 3261 933 3331 πλημμελεῖν,
963 3260 1062 3313 οὐκ
1083 3260 1355 3330 ἐπιζητεῖν
1377 3260 1486 3313 δεῖ·
1519 3262 1679 3314 ὁπότε
1705 3263 1798 3316 καὶ
1826 3262 1941 3325 νῦν,

377 3352 613 3406 ἐπίδοσιν
643 3351 741 3421 τῆς
783 3351 1136 3423 ἀστρολογίας
1181 3351 1448 3421 τοσαύτην
1475 3349 1766 3423 λαϐούσης,
1798 3352 1946 3422 ὅμως

375 3445 409 3513 ή
442 3442 541 3512 τῆς
565 3443 829 3512 κινήσεως
855 3442 1137 3512 ἀνωμαλία
1165 3441 1441 3511 διαφεύγει
1466 3443 1555 3497 τὸν
1578 3443 1754 3512 λόγον,
1791 3460 1944 3514 περιρ

377 3533 636 3605 γινομένη
665 3534 762 3603 τῆς
787 3532 894 3586 τῶν
925 3532 1319 3604 μαθηματικῶν
1340 3533 1651 3604 ἐμπειρίας.
1681 3533 1791 3597 Τάς
1821 3533 1948 3604 μέν·

375 3641 458 3676 τοι
495 3622 600 3676 τῶν
633 3623 814 3694 μηνῶν
847 3623 1126 3695 περιόδους
1164 3624 1444 3694 ὁμολογεῖν
1487 3626 1606 3687 ταῖς
1647 3624 1817 3696 ὥραις
1861 3624 1948 3676 ἀεὶ

370 3717 522 3768 ποιεί
563 3715 591 3766 6
640 3713 931 3785 ἐμϐόλιμος
979 3713 1058 3784 τῷ
1102 3715 1270 3786 τρίτῳ
1323 3715 1408 3768 ἀεὶ
1459 3717 1794 3786 ἐπαγόμενος
1838 3715 1946 3770 τῶν

371 3804 535 3858 ἐτῶν.
568 3804 640 3857 Τὸ
667 3804 722 3857 δέ
760 3804 889 3874 πρὶν
921 3805 1237 3876 ἐμϐολάσαι,
1275 3807 1368 3858 καὶ¹
1404 3807 1528 3876 περὶ
1569 3806 1629 3859 τὸ
1651 3806 1948 3878 ἐμϐολάςον

372 3898 509 3950 αὐτὸ
553 3896 669 3960 Ero;
700 3897 990 3968 ὑπενεχθέν
1028 3915 1086 3951 τε
1133 3899 1225 3952 καὶ
1266 3899 1568 3963 ἐπαλλάξαν
1601 3898 1709 3952 τῶν
1741 3901 1946 3972 μηνῶν,

370 3989 458 4042 ἔτι
495 3988 660 4042 δεῖται
709 3989 889 4058 λόγου,
930 3990 1046 4053 πῶς
1098 3990 1165 4044 ἂν
1210 3991 1644 4062 ἑρμηνευόμενον
1693 3993 1947 4062 τυγχάνοι

375 4079 471 4133 τοῦ
513 4079 714 4133 ἱκανοῦ.
747 4079 916 4149 Δῆλον
943 4080 1071 4150 γὰρ,
1098 4080 1180 4133 ὃτι
1212 4080 1272 4133 τὸ
1295 4080 1590 4151 ἐμϐολάζον
1622 4081 1792 4151 συχνὰ
1819 4083 1948 4154 παρ’

375 4172 475 4225 ἐνα
512 4189 613 4224 που
661 4171 770 4236 ἕξει
813 4173 940 4235 τοὺς
981 4171 1154 4242 μῆνας
1197 4171 1552 4242 ἀνομολόγους
1597 4175 1716 4236 ταῖς
1756 4171 1944 4244 ῶραις.

379 4263 470 4314 Διὸ
512 4263 607 4315 καὶ
655 4262 1017 4334 Θεόφραστος,
1054 4282 1071 4314 ι
1111 4264 1307 4335 Ἔαρος
1350 4264 1511 4328 εὐθὺς
1539 4265 1824 4334 ἱσταμένου
1851 4263 1949 4316 τοῦ

378 4351 778 4422 Θαργηλιῶνος,
811 4373 830 4403 »
864 4355 1046 4424 φησὶν,
1072 4354 1147 4418 ὡς
1174 4354 1266 4406 τοῦ
1296 4355 1670 4424 Μουνυχιῶνος
1713 4370 1953 4426 χειμερι-

381 4442 473 4496 νοῦ
522 4444 586 4514 δὴ
617 4445 906 4514 γενομένου
928 4461 941 4475 ·
985 4445 1079 4498 τοῦ
1105 4445 1149 4498 δ’
1178 4444 1473 4516 ἐμϐολίμου
1516 4443 1727 4517 θερινοῦ
1759 4462 1950 4517 τροπι-
1993 4435 1998 4467 ³

2047 3282 2156 3320 non
2189 3265 2543 3335 improbabile
2574 3271 2697 3319 est:
2732 3269 2845 3316 tum
2896 3262 3042 3331 quod
3088 3262 3230 3316 inest
3261 3261 3444 3326 dubii,
3493 3277 3614 3332 qua

2047 3365 2236 3426 postea
2269 3354 2493 3408 emersit
2519 3351 2858 3406 intercalatio
2890 3349 3073 3405 solvit.
3125 3350 3303 3419 Atque
3350 3350 3514 3404 etiam
3563 3351 3611 3404 si

2046 3444 2177 3516 quid
2210 3444 2453 3514 longiore
2482 3442 2741 3510 temporis
2785 3439 3070 3494 intervallo
3098 3439 3274 3494 adhuc
3319 3439 3609 3501 evariaret,

2047 3537 2305 3592 credibile
2331 3542 2416 3591 est
2461 3535 2545 3588 vel
2588 3534 2842 3602 antiquos
2873 3533 3022 3602 ipsos
3077 3531 3506 3602 perspicientes,
3559 3530 3615 3584 id

2047 3643 2264 3698 quoque
2292 3622 2694 3696 quodammodo
2720 3623 3062 3688 correxisse;
3103 3622 3266 3675 modo
3292 3622 3610 3692 longiorem,

2047 3717 2210 3772 modo
2250 3715 2550 3770 breviorem
2588 3713 3051 3768 intercalationem
3107 3712 3390 3767 facientes.
3427 3711 3617 3783 Neque

2047 3823 2176 3862 vero
2202 3817 2452 3862 exactam
2485 3807 2541 3859 in
2575 3805 2659 3860 his
2692 3804 3051 3874 diligentiam,
3084 3813 3137 3858 et
3169 3803 3238 3857 ab
3265 3804 3411 3858 omni
3433 3819 3618 3859 errore

2047 3897 2132 3953 vel
2165 3897 2442 3953 levissimo
2475 3902 2645 3950 tutam
2674 3895 2888 3965 exigere
2917 3901 3152 3964 oportet,
3179 3894 3617 3966 quandoquidem

2048 3990 2152 4045 hoc
2178 4004 2393 4060 quoque
2418 3988 2618 4043 saeculo
2643 4027 2658 4052 ,
2711 4001 2820 4058 quo
2869 3986 3162 4056 astrologia
3191 3993 3402 4041 tantum
3435 3988 3617 4043 incrs-

2050 4077 2218 4129 menti
2289 4075 2723 4145 prastantiaeque
2781 4074 2976 4144 adepta
3025 4083 3144 4141 est,
3197 4084 3375 4130 tamen
3435 4084 3618 4132 motus

2049 4169 2382 4238 disparilitas
2404 4167 2913 4223 mathematicorum
2937 4168 3176 4222 rationes
3207 4168 3344 4240 fugit
3371 4187 3384 4224 :
3417 4171 3618 4240 quippe

2049 4277 2171 4332 qua:
2197 4265 2446 4331 superior
2477 4263 2550 4316 sit
2580 4276 2768 4316 eorum
2801 4263 3015 4331 peritia.
3078 4261 3185 4317 Sed
3234 4269 3414 4317 tamen
3465 4279 3620 4319 mena

2052 4355 2192 4411 sium
2219 4370 2438 4419 cursus,
2466 4361 2524 4409 ut
2545 4369 2668 4408 cum
2696 4354 2825 4408 anni
2872 4355 3208 4426 temporibus
3241 4371 3456 4426 semper
3483 4371 3618 4411 con-

2053 4454 2268 4517 gruant,
2309 4445 2439 4500 facit
2484 4453 2609 4514 post
2643 4445 2858 4500 tertium
2891 4459 3160 4515 quemque
3211 4460 3412 4499 annum
3443 4447 3617 4502 intro—

381 4534 499 4599 κοῦ,
529 4535 562 4606 ἢ
589 4537 679 4588 καὶ
721 4537 1142 4606 περιστήσαντος
1187 4537 1284 4609 τὴν
1322 4538 1528 4609 τροπὴν
1557 4539 1637 4600 εἰς
1668 4537 1947 4606 ίστάμενόν

2053 4537 2215 4592 ducta
2256 4537 2613 4592 intercalatio.
2656 4535 2925 4590 Caeterum
2960 4534 3213 4590 confusio
3246 4537 3359 4602 illa,
3391 4544 3444 4591 et
3469 4553 3618 4593 men-

383 4644 486 4680 που
525 4627 615 4679 τὸν
651 4627 1094 4698 Ἑκατομϐαιῶνα
1114 4645 1129 4660 ο
1161 4629 1317 4682 τοῦτο
1344 4630 1441 4700 μὲν
1486 4626 1578 4683 οὖν
1607 4629 1680 4701 μὴ
1715 4629 1947 4700 συμϐαί-

382 4736 492 4771 νειν
516 4719 614 4788 οὐχ
642 4712 752 4770 οἷόν
779 4718 837 4770 τέ
870 4719 1000 4772 ἐστι..
1045 4719 1142 4772 Διά
1171 4722 1278 4792 γὰρ
1311 4720 1466 4774 τοῦτο
1488 4722 1581 4774 καὶ
1607 4723 1636 4774 6
1658 4722 1950 4792 ἐμϐόλιμος

381 4812 664 4878 ἐπάγεται,
712 4809 1040 4881 ἀναπληρῶν
1078 4812 1138 4864 τὸ
1182 4813 1376 4876 ἐνδεὲς,
1423 4815 1517 4865 καὶ
1569 4815 1646 4877 είς
1684 4815 1949 4884 Ἑκατομ-

381 4899 588 4952 ϐαιῶνα
626 4898 724 4962 τὰς
771 4899 976 4970 τροπὰς
1006 4900 1391 4964 ἀποκαθιστάς.
1442 4904 1551 4972 Τὴν
1583 4903 1627 4956 δ’
1659 4903 1950 4974 ἑρμηνείαν

383 4990 634 5060 ποιητέον
693 4990 783 5042 ἐπὶ
830 4987 936 5041 τῶν
987 4988 1129 5042 οὕτω
1181 4992 1656 5062 χρονολογούντων,
1709 4993 1952 5063 στοιχείῳ

381 5081 695 5152 χρωμένους
720 5081 797 5152 τῷ
826 5083 1051 5152 παρόντι
1074 5083 1160 5134 ἀεὶ
1184 5083 1427 5153 τροπικῷ
1455 5085 1584 5154 μηνὶ
1607 5085 1700 5137 καὶ
1720 5085 1797 5154 τῷ
1825 5083 1952 5154 ἐξῆς

380 5173 491 5227 τῶν
537 5175 719 5245 μηνῶν
753 5175 894 5228 κατά
931 5174 1000 5228 τά
1049 5174 1392 5230 ὑποτεθέντα.
1427 5171 1551 5229 Οἷον
1595 5177 1782 5248 ἐπειδὴ
1824 5177 1952 5230 Θεό-

383 5282 642 5336 φραστος,
666 5285 684 5317 ι
710 5267 910 5338 Ἀκρου
944 5267 1124 5337 ἔαρος,
1165 5265 1323 5330 εὐθὺς
1366 5267 1654 5338 ἱσταμένου
1679 5268 1774 5321 τοῦ
1805 5269 1948 5338 Θαρ-

381 5356 665 5426 γηλιῶνος,
704 5376 723 5408 ι
771 5361 923 5428 φησὶ,
953 5357 1416 5428 μεθερμηνευτέον
1445 5358 1711 5429 Μαρτίου,
1747 5360 1840 5412 καὶ

395 5445 688 5516 Ἀπρίλιος.
725 5448 894 5501 Πάλιν
923 5447 1472 5519 ἐπειδὴξΘουκυδίδης
1517 5449 1954 5520 Ἐλαφηϐολιῶνα

382 5539 686 5594 τελευταῖον
736 5543 876 5611 μῆνα
903 5543 1010 5595 τῶν
1041 5541 1366 5613 χειμερινῶν
1407 5537 1543 5594 εἶναί
1577 5559 1729 5614 φησι,
1766 5543 1953 5598 τοῦτον

388 5633 485 5702 μὲν
515 5632 875 5705 Φεϐρουάριον
911 5634 1276 5707 ’ἐρμηνευτέον
1295 5653 1308 5666 ·
1340 5633 1430 5687 τὸν
1460 5635 1504 5687 δ’
1538 5634 1758 5688 ἐπιόντα
1808 5638 1954 5690 Μου-

384 5722 617 5792 νυχιῶνα
641 5724 821 5779 θετέον
848 5726 1004 5799 ἔαρος
1032 5721 1170 5780 εἶναι
1192 5725 1382 5798 ἀρχὴν,
1407 5727 1500 5779 καὶ
1520 5725 1761 5794 Μάρτιον
1788 5712 1961 5798 μετα-⁵

385 5812 652 5866 φραστέον
700 5813 967 5878 Λατίνοις.

1039 5815 1199 5868 Ὥστε
1245 5815 1308 5881 δὴ
1365 5817 1459 5868 καὶ
1511 5814 1794 5882 συμϐαίνει
1860 5817 1965 5872 δύο·

2055 4631 2196 4685 sium
2234 4629 2601 4683 inconstantia
2632 4642 2766 4697 vaga
2803 4628 2946 4698 (qua:
2980 4626 3082 4681 fuit
3110 4628 3263 4697 prius
3293 4629 3508 4684 inventa
3534 4630 3620 4686 in-

2055 4719 2424 4783 tercalatione,
2457 4726 2620 4787 atque
2646 4719 2810 4773 etiam
2842 4727 2964 4789 post
2988 4720 3284 4792 inventam)
3317 4721 3495 4776 adhuc
3524 4739 3621 4778 ex-

2057 4811 2346 4880 plicatione
2380 4809 2582 4878 indiget
2603 4824 2628 4874 ,'
2661 4825 2898 4879 quonam
2941 4819 3102 4880 pacto
3151 4812 3439 4868 transferri
3468 4829 3620 4868 com-

2055 4903 2216 4958 mode
2262 4903 2455 4972 possit.
2501 4901 2728 4956 Constat
2760 4906 2906 4958 enim
2942 4904 3114 4973 ipsam
3149 4905 3620 4961 intercalationem

2057 4996 2296 5050 alternos
2333 4994 2444 5050 fere
2497 5009 2715 5050 menses
2767 5010 2891 5049 cum
2946 4997 3280 5065 temporibus
3333 5001 3460 5052 anni
3509 5013 3622 5053 non

2057 5092 2426 5156 competentes
2456 5100 2598 5155 saepe
2627 5085 2954 5140 habituram.
2989 5086 3067 5140 Ex
3112 5102 3222 5157 quo
3253 5089 3412 5142 etiam
3443 5088 3623 5142 Theo-

2056 5178 2313 5248 phrastus
2336 5179 2532 5248 inquit,
2563 5196 2581 5228 ι
2609 5193 2736 5232 vere
2758 5178 2940 5233 statim
2969 5177 3346 5248 Thargelionis
3369 5179 3525 5235 initio
3549 5199 3561 5234 :
3596 5197 3614 5230 ι

2057 5274 2212 5340 quasi
2245 5267 2868 5340 Munychionihibernus
2900 5269 3066 5325 fuerit
3093 5272 3466 5327 :intercalaris
3495 5285 3624 5326 vero

2057 5359 2280 5414 aestivus
2311 5359 2577 5428 tropicus,
2605 5359 2689 5414 vel
2719 5367 2866 5414 certe
2891 5360 2946 5413 in
2998 5360 3289 5416 instantem
3336 5361 3487 5432 161
3522 5359 3626 5416 He.

2058 5452 2480 5505 catombazonem
2511 5451 2800 5507 solstitium
2828 5452 3206 5521 circumagens
3238 5471 3250 5506 :
3284 5454 3426 5523 quod
3458 5453 3626 5508 inter-

2059 5541 2186 5597 dum
2215 5557 2325 5597 non
2354 5544 2670 5614 contingere
2701 5559 2809 5598 non
2839 5550 3036 5613 potest.
3075 5543 3211 5598 Nam
3235 5553 3520 5615 propterea
3543 5545 3627 5601 in-

2047 5632 2341 5706 itercalatio
2381 5632 2599 5688 inducta
2655 5643 2780 5701 est,
2833 5643 2891 5689 ut
2927 5635 3195 5691 defectum
3248 5636 3456 5691 dierum
3505 5651 3628 5705 sup-

2060 5725 2239 5794 pleat,
2294 5734 2349 5778 et
2393 5724 2451 5778 in
2517 5724 3017 5783 Hecatombzeonem
3071 5727 3302 5785 solstitia
3353 5729 3622 5785 restituat.

2059 5813 2230 5872 Porro
2257 5814 2314 5871 in
2340 5814 2427 5873 bis
2448 5816 2554 5891 qui.
2586 5817 2666 5874 sic
2690 5815 2920 5876 indicem
2949 5825 3255 5890 temporum
3294 5819 3625 5876 notationem
