4106 6480
472 426 605 482 ιιοί

1455 417 1542 473 ΔΙ)
1579 415 1847 473 EUSEBII
1884 416 2277 474 CHRONIGGN
2320 413 2685 472 APPENDIX.

3583 384 3767 469 uss‘

470 537 741 596 scribunt.
771 533 1151 604 interpretatio
1197 532 1299 587 hoc
1332 539 1493 603 pacto
1527 529 1778 585 facienda
1820 538 1942 595 est,
1996 534 2050 582 ut

2160 528 2512 598 ίοημερινοὺς
2584 520 2724 581 εἶναι
2774 527 3056 598 ὲαρινοὺς,
3108 523 3470 598 Μουνυχιῶνα
3523 543 3586 580 τε
3641 528 3743 582 καὶ

470 626 729 698 praesenti
770 639 985 694 semper
1015 623 1228 692 tropico
1263 636 1364 693 pro
1395 619 1755 675 fundamento
1786 627 2007 672 utamur
2027 658 2045 685 ,

470 729 526 776 et
562 719 828 774 mensium
861 718 1003 773 serie
1033 717 1123 771 illa
1146 729 1310 785 quam
1357 728 1521 784 supra
1550 712 1852 782 posuimus.
1888 710 2047 765 Verbi

470 810 684 881 gratia:
717 807 936 878 quando
976 805 1386 876 Theophrastus
1419 822 1441 857 ι
1482 817 1699 859 summo
1724 817 1890 867 vere,
1940 809 2046 857 sta-

476 904 571 957 tim
597 903 835 957 instante
863 899 1225 971 Thargelione
1255 918 1274 950 ι
1303 917 1319 952 :
1353 897 1508 958 dicit,
1544 910 1735 951 mense
1755 894 1972 953 Martio.
1991 900 2049 950 et

472 1009 582 1048 non
629 993 822 1062 Aprili,
862 989 1332 1060 interpretandum
1384 997 1487 1042 est.
1545 985 1784 1041 Rursum
1827 982 2048 1054 quando

474 1083 821 1156 Thucydides
846 1081 1323 1153 Elapheholionem
1359 1096 1482 1136 esse
1504 1079 1637 1134 dicit
1661 1079 1910 1133 ultimum
1935 1077 2049 1131 hie-

473 1180 696 1235 malium
726 1177 1016 1241 mensium,
1050 1175 1197 1229 hunc
1234 1174 1455 1245 quidem
1490 1172 1849 1228 Februarium
1879 1186 2046 1241 opor-

471 1282 547 1327 tet
607 1269 982 1339 interpretari;
1047 1267 1350 1323 secundum
1407 1281 1569 1336 quem
1630 1265 1773 1320 veris
1830 1265 2045 1319 initium

472 1364 802 1435 Munycltion
856 1359 1275 1416 constituendus
1296 1397 1312 1421 .
1370 1368 1424 1413 et
1462 1356 1673 1414 Latinis
1703 1357 1932 1412 Martius
1960 1363 2045 1412 est

471 1455 902 1513 transferendus.
937 1453 1013 1507 Ex
1045 1467 1152 1524 quo
1175 1466 1308 1507 sane
1337 1452 1603 1522 contingit
1623 1450 1761 1506 duos
1789 1465 1913 1506 esse
1931 1465 2049 1505 ver-

470 1567 573 1606 nos
595 1547 1025 1620 aequinoctiales,
1059 1544 1478 1619 Munychionem
1505 1552 1560 1599 et
1588 1541 2042 1613 Thargelionem;

471 1651 526 1701 et
545 1644 685 1698 duos
706 1641 1074 1705 autulnnales,
1120 1638 1571 1695 Boedromionem
1626 1643 1684 1691 et
1740 1635 2047 1691 Memacte-

472 1738 682 1793 rionem
711 1754 724 1789 :
763 1733 1123 1802 similiterque
1144 1729 1458 1787 solstitiales
1479 1727 1618 1783 duos
1645 1727 1862 1783 aestivos
1884 1768 1898 1791 ,
1940 1725 2047 1782 He-

471 1828 895 1886 catombmonem
919 1832 972 1880 et
1002 1824 1413 1887 intercalaretur;
1445 1821 1853 1890 brumalesque,
1886 1818 2046 1873 Posi-

471 1921 698 1977 deonem
726 1928 781 1974 et
810 1915 1199 1971 Gamelionem.
1258 1913 1431 1981 Quam
1465 1912 1537 1967 ob
1566 1927 1681 1967 rem
1719 1911 2044 1967 Aristoteles

471 2014 649 2084 inquit
679 2031 693 2068 :
737 2030 755 2063 ι
796 2010 1006 2066 Gallina
1029 2009 1246 2079 quidem
1276 2007 1417 2076 parit
1448 2004 1706 2060 omnibus
1734 2004 1864 2058 anni
1904 2011 2042 2059 tem-

471 2104 718 2176 poribus.
749 2100 992 2170 exceptis
1017 2098 1232 2153 duohus
1263 2097 1544 2151 mensibus
1576 2096 1630 2149 in
1661 2095 1840 2149 hieme
1871 2093 2045 2164 tropi-

471 2194 574 2249 cis.
619 2212 638 2245 ι
667 2190 735 2246 Et
760 2191 816 2246 in
862 2188 1278 2259 Meteorologicis
1317 2185 1511 2240 scribit
1539 2185 1794 2238 crinitam
1830 2186 2042 2240 stellam

473 2286 539 2340 ad
571 2283 770 2340 Ursam
796 2281 1117 2351 apparuisse
1140 2292 1327 2334 mense
1356 2276 1694 2344 Gamelione,
1745 2278 1860 2333 sole
1900 2278 2047 2334 circa

2145 615 2505 688 Θαργηλιῶνα
2523 633 2537 648 ·
2568 618 2662 672 καὶ
2688 619 3113 690 φθινοπωρινοὺς
3138 618 3739 691 δύοΜαιμακτηριῶνα

2147 711 2241 764 καὶ
2287 710 2674 783 Βοηδρομιῶνα
2698 728 2712 742 ο
2761 712 2838 775 ὠς
2885 711 2931 765 δ’
2979 710 3160 776 αὔτως
3188 712 3284 766 καὶ
3318 714 3613 783 τροπιειοὺς
3639 711 3736 765 δύο

2146 803 2426 875 Θερινοὺς,
2465 803 2925 875 Ἑκατομϐαιῶνα
2974 807 3067 860 καὶ
3114 806 3206 860 τὸν
3254 805 3585 883 ἐμϐόλιμον·
3638 806 3731 858 καὶ

2145 898 2526 968 χειμερινοὺς,
2587 897 2928 952 Ποσειδεῶνα
2988 899 3083 953 καὶ
3143 898 3488 969 Γαμηλιῶνα.
3532 898 3736 968 Διόπερ

2159 988 2552 1060 Ἀριστοτέλης,
2590 1007 2609 1039 ι
2654 990 2720 1041 Ἦ
2752 988 3057 1060 ἀλεκτορὶς,
3100 1008 3119 1041 ι
3160 992 3313 1060 φησὶ,
3351 1009 3372 1041 ι
3400 990 3580 1042 τίκτει
3611 988 3733 1043 ὅλον

2145 1080 2238 1134 τὸν
2291 1080 2557 1143 ἐνιαυτὸν,
2613 1080 2718 1145 ἔξω
2761 1080 2855 1133 δύο
2906 1080 3090 1152 μηνῶν
3130 1080 3240 1135 τῶν
3281 1083 3339 1135 ὲν
3381 1079 3460 1151 τῷ
3500 1079 3731 1151 χειμῶνι

2145 1173 2455 1245 τροπικῶν·
2497 1192 2516 1223 ι
2562 1172 2657 1226 καὶ
2680 1173 2742 1225 τὸ
2783 1175 2842 1225 ἐν
2898 1175 3011 1235 τοῖς
3057 1171 3590 1241 Μετεωρολογικοῖς
3639 1172 3730 1226 ὅτε

2146 1266 2363 1334 ἐγένετο
2401 1267 2650 1337 κομήτης
2679 1264 2855 1335 ἀστὴρ
2884 1263 3020 1335 πρὸς
3040 1266 3295 1336 Ἄρκτον,
3333 1264 3499 1335 μηνὸς
3541 1264 3732 1335 Γαμη-

2145 1358 2356 1423 λιῶνος,
2390 1360 2517 1429 περὶ
2538 1357 2745 1429 τροπὰς
2775 1357 2928 1421 ὄντος
2951 1356 3047 1411 τοῦ
3070 1357 3221 1429 ἡλίου
3249 1358 3587 1428 χειμερινὰς.
3618 1357 3731 1410 Καὶ

2159 1450 2611 1523 Ἀνθεστηριῶνος
2639 1450 2696 1503 δὲ
2733 1448 2916 1518 ἅψαιτ’
2957 1450 3022 1504 ἄν
3078 1466 3208 1503 ποτε
3241 1453 3273 1521 ἡ
3312 1451 3487 1523 τροπὴ
3536 1450 3730 1522 λήγον-

2145 1562 2256 1608 τος.
2305 1542 2444 1596 Ἀλλ’
2483 1543 2540 1596 οἵ
2580 1560 2645 1611 γε
2688 1542 3077 1614 ὀνομαζόμενοι
3127 1543 3381 1614 τροπικοὶ
3428 1541 3731 1615 χειμερινοὶ

2144 1640 2239 1695 δύο
2267 1640 2316 1694 οἱ
2350 1637 2630 1711 εἰρημένοι
2666 1635 2822 1692 εἰσίν.
2867 1636 2988 1689 Ἀττ)
3002 1634 3076 1699 ῶς
3110 1636 3291 1707 μέντοι
3323 1635 3515 1707 θέρους
3554 1636 3730 1707 ἀρχὴν

2145 1731 2485 1804 ὑποληπτέον
2518 1725 2657 1783 εἶναι
2691 1730 2782 1783 τὸν
2822 1714 3286 1798 Ἑκατομϐαιῶνα,
3328 1728 3423 1780 καὶ
3466 1726 3731 1796 τροπικὸν

2146 1821 2354 1893 θερινόν
2375 1839 2389 1854 '
2427 1821 2690 1890 ἀνάλογον
2722 1821 2778 1874 δὲ
2823 1820 2916 1874 καὶ
2965 1820 3093 1883 τοὺς
3139 1818 3350 1883 ἄλλους.
3385 1821 3476 1871 Δεῖ
3505 1819 3613 1890 γὰρ
3651 1822 3728 1891 μὴ

2144 1914 2207 1968 τὸ
2246 1913 2562 1985 συμϐαῖνον,
2617 1912 2752 1966 ἀλλὰ
2786 1912 2848 1966 τὸ
2894 1911 3262 1983 σκοπούμενον
3304 1911 3603 1983 λαμϐάνειν
3647 1911 3730 1982 τῷ

2145 2007 2308 2078 λόγῳ.
2342 2006 2571 2078 Εἴρηται
2617 2005 2747 2075 γοῦν
2790 2007 2884 2058 καὶ
2917 2007 2974 2059 ὲν
3017 2009 3128 2069 τοῖς
3163 2005 3453 2073 Φυσικοῖς
3477 2005 3586 2059 τῶν
3638 2005 3728 2058 λό-

2145 2117 2277 2170 γων,
2311 2100 2386 2163 ὡς
2407 2099 2487 2152 δεῖ
2512 2098 2743 2152 ἕκαστον
2771 2098 2948 2166 λέγειν
2985 2099 3140 2152 τοῦτο
3173 2094 3334 2159 εἶναι,
3360 2098 3389 2151 δ
3414 2098 3575 2167 φύσει
3603 2098 3726 2169 βού-

2145 2190 2295 2245 λεται
2326 2184 2483 2256 εἶναι,
2516 2190 2609 2243 καὶ
2630 2190 2659 2243 ὃ
2688 2189 2959 2261 ὑπάρχει·
2988 2189 3123 2243 ἀλλὰ
3151 2190 3224 2261 μὴ
3257 2190 3285 2243 ὃ
3320 2189 3411 2262 βίᾳ
3455 2191 3548 2244 καὶ
3574 2190 3725 2262 παρὰ

2147 2299 2332 2353 φυσιν.

470 2379 722 2434 brumam
783 2375 1097 2431 exsistente.
1160 2373 1339 2442 Atque
1396 2371 1564 2427 etiam
1611 2371 2049 2433 Anthesterionis
2097 2386 2432 2449 postremam
2494 2385 2704 2448 partem
2753 2376 3048 2447 aliquando
3092 2375 3388 2432 solstitium
3436 2376 3721 2432 hibernum

471 2478 653 2542 potest
680 2470 962 2540 attingere.
993 2466 1096 2524 Sed
1126 2482 1267 2538 quos
1299 2467 1535 2536 tropicos
1565 2466 1825 2523 hiemales
1857 2472 2164 2537 nominant,
2194 2479 2323 2529 sunt
2374 2472 2427 2527 bi
2467 2472 2685 2543 quidem
2730 2471 2840 2526 duo
2879 2480 3006 2528 ante
3053 2473 3327 2543 erplicati.
3387 2471 3723 2527 Snmendum

472 2572 558 2619 est
584 2572 761 2619 tamen
788 2563 1129 2634 simpliciter,
1154 2561 1655 2618 Hecatombmonem
1684 2579 1809 2620 esse
1834 2569 2042 2624 aestatis
2067 2569 2414 2639 principium,
2443 2577 2496 2624 et
2522 2567 2866 2623 solstitialem
2916 2570 3168 2624 aestivum
3190 2609 3204 2634 ,
3251 2577 3304 2624 et
3360 2569 3601 2640 reliquos
3646 2569 3725 2623 si-

473 2658 587 2711 mili
621 2657 879 2727 deinceps
911 2657 1142 2712 ratione.
1199 2654 1275 2711 De
1320 2654 1484 2711 rebus
1541 2656 1687 2711 enim
1740 2659 2188 2731 contingentibus
2212 2662 2376 2732 Lnulla
2425 2660 2567 2716 ratio
2616 2659 2853 2715 ineunda
2901 2667 3025 2724 est,
3087 2660 3184 2716 sed
3236 2660 3304 2716 de
3363 2662 3622 2732 spectatis
3672 2667 3725 2714 et

473 2753 670 2811 solitis.
716 2753 852 2808 Nam
910 2753 965 2807 in
996 2751 1237 2822 Physicis
1267 2750 1471 2806 dictum
1515 2757 1618 2816 est,
1662 2769 1933 2825 quemque
1961 2768 2211 2827 oportere
2250 2756 2433 2812 dicere
2452 2755 2507 2811 id
2534 2770 2678 2824 esse,
2714 2754 2860 2826 quod
2889 2765 3083 2809 natura
3120 2771 3243 2813 esse
3263 2757 3467 2828 expetit
3510 2764 3566 2812 et
3605 2763 3725 2822 est;

473 2859 585 2901 non
619 2843 762 2915 quod
792 2843 845 2897 vi
870 2850 924 2898 et
966 2853 1163 2915 praeter
1190 2850 1463 2898 naturam.

545 2940 839 3013 Dionysius
856 2955 985 2995 vero
1006 2941 1074 2993 ab
1092 2938 1309 3010 Ephoro
1335 2946 1636 3008 mutuatus,
1655 2941 1789 2998 dicit
1811 2942 2048 3016 Tharge-

474 3034 622 3091 liene
641 3040 1005 3105 expugnatum
1025 3031 1200 3087 Ilium.
1219 3031 1362 3098 Quin
1388 3040 1443 3088 et
1462 3032 1787 3091 Plutarchus
1812 3035 1865 3089 in
1895 3033 2046 3090 Furii

474 3122 690 3180 Camilli
740 3125 873 3189 vita,
904 3122 1180 3192 Ephorum
1220 3122 1337 3178 haec
1386 3124 1674 3194 scripsisse
1712 3125 1911 3193 refert;
1950 3140 2052 3181 nec

2222 2939 2495 3003 Διονύσιος
2522 2938 2579 2992 δὲ
2607 2939 2736 3011 παρ’
2770 2939 2994 3011 Ἐφόρου
3039 2937 3276 3010 εἰληφὼς
3310 2939 3478 3010 λέγει,
3510 2942 3729 3016 Θαργη-

2154 3032 2344 3097 λιῶνος
2394 3029 2599 3086 ἁλῶναι
2651 3030 2711 3084 τὸ
2738 3029 2921 3087 Ἴλιον.
2972 3030 3312 3103 Πλούταρχος
3362 3033 3493 3103 γοῦν
3542 3037 3600 3089 ἐν
3648 3036 3730 3107 τῷ

2154 3123 2378 3195 Φουρίου
2406 3121 2685 3193 Καμίλλου
2721 3119 2819 3192 βίῳ
2849 3120 3080 3192 Ἔφορον
3102 3123 3539 3194 ἀναγεγραφέναι
3573 3125 3733 3180 τοῦτό

473 3230 605 3272 vero
626 3235 645 3267 ι
665 3215 1046 3286 septemdecim
1072 3215 1264 3272 diebus
1286 3224 1412 3272 ante
1439 3219 1685 3272 estivum
1706 3218 2003 3273 solstitium
2026 3238 2044 3272 ι

2153 3232 2316 3287 φησιν
2339 3231 2354 3246 ο
2386 3214 2446 3268 ού
2480 3214 2587 3286 μὴν
2634 3212 2691 3267 δὲ
2729 3214 2823 3267 καὶ
2851 3231 2871 3265 ι
2913 3213 3173 3285 πρότερον
3208 3216 3575 3272 ἑπτακαίδεκα
3603 3217 3733 3289 ἡμέ-

477 3307 608 3364 dicit
637 3317 917 3364 :et-tamen
936 3307 1295 3378 Thargelione
1319 3310 1482 3363 etiam
1510 3309 1600 3365 ille
1622 3310 1774 3364 dicit.
1793 3310 1848 3364 Si
1875 3309 2053 3381 Epho-

476 3415 573 3457 rus
599 3401 784 3470 igitur,
817 3415 944 3455 cum
975 3403 1114 3470 apud
1148 3418 1206 3457 se
1232 3416 1338 3455 non
1356 3409 1526 3465 esset,
1566 3402 1769 3472 alioqui
1800 3403 2052 3459 dicturus

479 3495 942 3567 Scirophorione.
986 3496 1209 3565 scripsit
1252 3494 1650 3565 Thargelinne;
1699 3496 2051 3566 quemadmo-

477 3587 607 3643 dum
639 3589 765 3642 item
789 3588 843 3641 in
875 3587 1000 3639 aliis
1032 3602 1129 3656 pro
1149 3584 1324 3640 Iberia
1356 3601 1462 3640 non
1489 3586 1804 3655 pmnitenda
1828 3588 2052 3657 regione

478 3679 748 3747 Europae,
790 3679 1066 3733 civitatem
1116 3679 1408 3747 quamdam
1443 3677 1672 3733 lberiam
1717 3695 1839 3735 esse
1884 3679 2051 3746 dicit;

478 3776 610 3831 boni
640 3774 915 3835 consulat,
949 3772 1093 3840 quod
1122 3787 1234 3827 non
1261 3772 1697 3844 reprehendatur
1727 3773 1821 3843 qui
1853 3773 1937 3828 sui
1967 3788 2054 3828 re.

479 3865 849 3938 prehendendi
883 3878 1072 3917 ansam
1103 3862 1334 3925 dederit,
1373 3877 1602 3933 eamque
1635 3863 2049 3932 amplissimam.

479 3957 636 4025 Quod
678 3957 725 4011 si
751 3955 889 4009 ferae
917 3956 1104 4009 nescio
1125 3955 1250 4022 quis
1281 3954 1496 4023 ineptus
1528 3955 1765 4023 scriptor
1793 3953 2053 4008 mendose

481 4045 791 4115 scripserit,
829 4062 849 4095 ‹
887 4041 1275 4111 Tnargelione,
1316 4059 1335 4092 ι
1371 4056 1469 4109 pro
1500 4058 1519 4092 ι
1549 4040 1994 4111 Scirophorione,
2028 4056 2048 4090 ›

481 4146 544 4194 ut
572 4137 683 4192 fere
714 4137 771 4189 tit
808 4136 861 4188 in
893 4134 1041 4200 aliis,
1064 4141 1119 4188 et
1149 4132 1452 4202 praesertim
1478 4132 1534 4188 in
1573 4133 1642 4188 iis
1670 4147 1790 4203 quae
1812 4138 2053 4202 quaestus

482 4229 653 4303 gratia
676 4227 998 4284 scribuntur
1026 4241 1057 4280 a
1082 4224 1391 4295 bibliopolis
1416 4223 1563 4296 (nam
1602 4225 1695 4294 qui
1739 4224 2054 4295 hujusmodi

481 4337 675 4392 operas
704 4321 1044 4382 conducunt,
1069 4318 1363 4388 imperitis,
1394 4317 1769 4387 ohlatitiisqne
1791 4324 1845 4371 et
1866 4316 2054 4372 trivia—

480 4415 629 4473 libus
661 4411 1025 4484 scriptoribus
1053 4407 1329 4478 utuntur);
1365 4407 1447 4463 sic
1477 4407 1667 4464 insons
1693 4407 1915 4478 quidem
1942 4405 2056 4462 fue-

482 4507 558 4563 rit
580 4504 829 4577 Ephorus
868 4522 882 4559 :
924 4509 979 4558 et
1004 4503 1129 4572 jure
1154 4498 1436 4569 culpandi,
1468 4500 1559 4569 qui
1584 4497 1918 4568 exemplaria
1943 4511 2052 4552 non

2156 3326 2279 3381 ραις
2298 3306 2398 3377 τῆς
2422 3305 2636 3377 θερινῆς
2655 3305 2863 3378 τροπῆς
2892 3324 2911 3358 ι
2941 3305 3118 3376 λέγει·
3143 3306 3256 3360 ἀλλ’
3295 3304 3387 3362 οὖν
3411 3308 3733 3381 Θαργηλιῶ-

2152 3423 2242 3469 νος
2282 3405 2531 3467 κάκεϊνός
2585 3420 2768 3474 φησιν.
2810 3403 2873 3456 Εἰ
2910 3402 3008 3474 μὲν
3046 3396 3139 3456 οὖν
3164 3404 3419 3478 Ἔφορος,
3465 3406 3732 3477 Σκιροφο-

2154 3497 2347 3570 ριῶνος
2376 3497 2541 3566 φάναι
2581 3495 2920 3566 βουλόμενος,
2953 3490 3074 3549 εἶπε
3110 3495 3209 3567 (μὴ
3237 3496 3388 3560 ἐντὸς
3413 3495 3489 3549 ῶν
3542 3497 3731 3567 αὑτοῦ)

2151 3590 2551 3663 Θαργηλιῶνος,
2584 3587 2772 3660 ὥσπερ
2808 3590 2866 3641 ὲν
2904 3587 3083 3651 ἄλλοις
3121 3584 3187 3642 αὖ
3223 3588 3342 3642 ἀντὶ
3374 3587 3611 3659 Ἰϐηρίας
3632 3590 3734 3661 τῆς

2152 3684 2290 3737 κατὰ
2316 3681 2413 3753 τὴν
2447 3679 2714 3753 Εὐρώπην
2739 3680 3003 3752 μεγίστης
3027 3678 3234 3751 χώρας,
3267 3680 3421 3735 πόλιν
3447 3678 3586 3735 εἷναί
3613 3700 3736 3738 τινα

2150 3774 2250 3843 τὴν
2288 3773 2525 3844 Ἰϐηρίαν
2568 3772 2759 3843 φησίν*
2797 3772 3062 3841 ἀγαπάτω
3098 3770 3261 3842 μηδὲν
3306 3773 3732 3843 ὲπιτιμώμενος,

2154 3860 2352 3931 σκῆψιν
2387 3861 2750 3931 ἐπιτιμήσεως
2780 3862 2872 3914 καὶ
2918 3860 3067 3914 ταῦτ’
3097 3862 3158 3914 οὐ
3209 3862 3410 3933 μικρὰν
3453 3863 3733 3929 δεδωκώς’

2152 3953 2201 4005 εί
2226 3951 2269 4005 δ’
2298 3952 2408 4024 ἄρα
2445 3969 2527 4016 τις
2567 3951 2673 4005 τῶν
2711 3951 2928 4021 φαύλων
2959 3954 3204 4024 γραφεὺς
3244 3953 3563 4025 διήμαρτεν,
3614 3957 3739 4013 ἀντὶ

2159 4061 2177 4093 ‹
2197 4042 2624 4115 Σκιροφοριῶνος
2636 4043 3146 4115 ι-«Θαργηλιῶνος
3168 4065 3185 4096 ι
3207 4046 3545 4116 μεταϐαλὼν,
3565 4047 3740 4104 καθά-

2152 4152 2259 4206 περ
2297 4135 2390 4188 καὶ
2424 4136 2512 4189 ἐπ’
2563 4134 2736 4189 ἄλλων
2773 4136 3077 4208 συμϐαίνει,
3116 4137 3209 4191 καὶ
3241 4138 3474 4208 μάλιστα
3515 4142 3606 4195 ἐπὶ
3626 4142 3737 4196 τῶν

2152 4228 2233 4291 εἰς
2262 4228 2462 4299 πρᾶσιν
2493 4227 2852 4300 γραφομένων
2896 4231 3008 4292 τοῖς
3053 4228 3437 4301 βιϐλιοπώλαις
3474 4232 3737 4305 (χρῶνται

2153 4319 2261 4393 γὰρ
2304 4319 2528 4385 φαύλοις
2572 4321 2667 4374 καὶ
2718 4323 2829 4384 τοῖς
2867 4319 3088 4392 τυχοῦσι
3122 4323 3474 4395 γραφεῦσιν)·
3504 4327 3739 4399 Ἔφορος

2156 4411 2254 4482 μὲν
2276 4411 2515 4475 ἀναίτιος
2537 4411 2612 4475 ὡς
2640 4409 2705 4465 ἂν
2739 4410 2854 4481 εἴη’
2889 4411 3191 4466 αἰτιάσαιτο
3224 4413 3268 4466 δ’
3290 4413 3357 4469 ἄν
3387 4432 3470 4479 τις
3501 4417 3627 4480 τοὺς
3658 4418 3739 4488 μὴ

2153 4502 2704 4575 ὲπανορθωσαμένους
2750 4503 2849 4574 τὴν
2886 4503 3124 4576 γραφὴν,
3151 4505 3268 4558 ἀλλ’
3323 4507 3740 4572 ἀνεπισκέπτως

482 4596 848 4661 emendat-int,
884 4592 980 4650 sed
1019 4591 1428 4647 inconsiderate
1460 4589 1721 4652 dixerint,
1756 4606 1775 4639 ι
1816 4585 2050 4658 Tharge-

2155 4595 2465 4667 εἰρηκότας,
2502 4613 2522 4646 ι
2558 4591 2938 4665 Θαργηλιῶνος
2968 4594 3335 4652 ἑπτακαίδεκα
3374 4597 3609 4669 ἡμέραις
3632 4596 3740 4668 πρὸ

484 4689 629 4744 lione
651 4685 1037 4758 septemdecim
1059 4682 1256 4739 diebus
1271 4689 1397 4737 ante
1421 4681 1671 4737 aestivum
1694 4679 2049 4736 solstitium»

486 4777 593 4835 Sed
625 4778 767 4833 idem
795 4777 959 4832 etiam
980 4774 1133 4837 dicit,
1167 4774 1287 4829 dies
1311 4774 1426 4845 (qui
1455 4788 1658 4827 annum
1683 4772 1837 4827 illum
1871 4772 2056 4843 exple-

484 4872 630 4935 rent)
664 4867 1174 4939 snperabundantes
1215 4866 1388 4923 fuisse
1432 4876 1559 4937 post
1612 4865 1913 4922 solstitium
1952 4881 2057 4921 nu-

484 4977 640 5019 mero
666 4961 854 5034 viginti
886 4957 1071 5030 :quod
1100 4972 1330 5028 prorsus
1375 4956 1799 5028 incompositum
1843 4964 1898 5013 et
1956 4972 2056 5029 ρυ-

486 5068 683 5125 gnans,
715 5052 761 5108 si
796 5066 895 5122 pro
935 5049 1189 5104 instituta
1229 5046 1644 5104 Atheniensium
1682 5049 1896 5105 ratione
1934 5065 2055 5106 ser-

487 5160 705 5201 monem
746 5142 896 5198 facit.
922 5141 1056 5196 Nam
1078 5141 1125 5196 si
1152 5148 1477 5211 supererant
1503 5140 1692 5210 viginti
1721 5148 1845 5211 post
1875 5141 2058 5198 solsti-

487 5237 648 5300 tium,
689 5241 897 5290 certum
952 5239 1038 5288 est
1065 5230 1357 5287 solstitium
1406 5230 1579 5286 fuisse
1616 5231 1850 5287 abeunte
1888 5245 2054 5295 anno,

488 5328 870 5393 Thargelionis
892 5326 1086 5381 ultimo
1111 5323 1219 5388 die,
1249 5332 1307 5379 ut
1331 5323 1420 5378 ille
1448 5321 1668 5393 quidem
1692 5324 1807 5377 vult
1839 5341 1852 5377 :
1880 5330 2059 5378 utnos

489 5436 642 5485 vero,
676 5416 1146 5489 Scirophorionis.
1188 5414 1562 5487 lmpraasentia
1590 5422 1772 5470 autem
1801 5414 1939 5469 nihil
1974 5414 2059 5468 in-

488 5513 668 5569 tersit.
688 5511 796 5569 Sed
817 5521 939 5568 esto
960 5526 1026 5566 ex
1047 5511 1167 5579 ejus
1190 5507 1462 5565 sententia
1485 5504 1900 5576 Thargelionis;
1932 5521 2060 5577 pro-

492 5604 636 5661 fecto
660 5611 921 5673 sequente
946 5617 1090 5657 anno
1109 5599 1404 5657 solstitium
1435 5599 1543 5653 erit
1562 5597 1846 5653 novilunio
1873 5596 2062 5652 Sciro-

493 5698 777 5769 phorionis
801 5695 981 5769 :quod
998 5702 1117 5751 erat
1145 5692 1251 5764 ipsi
1268 5707 1416 5748 nono
1439 5690 1529 5746 die
1561 5690 1892 5762 incipientis.
1916 5689 2052 5747 Nam

495 5792 544 5849 si
595 5800 788 5847 octavo
838 5788 946 5845 sub
973 5787 1135 5841 ﬁnem
1164 5785 1255 5841 die
1295 5780 1676 5853 Thargelionis
1715 5788 1936 5853 captum
1973 5789 2060 5838 est

495 5883 678 5949 ilium,
705 5879 1094 5942 septemdecim
1137 5877 1331 5935 diebus
1354 5876 1553 5935 aestivo
1576 5875 1733 5936 prius
1777 5872 2053 5945 solstitio;

2157 4681 2257 4753 τῆς
2283 4681 2501 4753 θερινῆς
2519 4679 2747 4752 τροπῆς.
2790 4698 2808 4732 ι
2841 4681 2977 4751 Φησὶ
3006 4681 3084 4747 δὲ,
3107 4682 3203 4737 καὶ
3241 4683 3317 4748 ὡς
3342 4686 3399 4740 αἱ
3430 4685 3522 4741 τὸν
3558 4686 3741 4739 ἐνιαυ-

2158 4772 2249 4827 τὸν
2273 4773 2478 4827 ἐκεῖνον
2508 4770 2877 4843 ἐκπληροῦσαι
2907 4774 3159 4846 περιτταὶ
3182 4775 3405 4849 ἡμέραι,
3437 4779 3609 4835 εἴκοσι
3647 4778 3740 4833 τὸν

2160 4864 2390 4936 ἀριθμὸν
2410 4860 2549 4937 ἦσαν
2577 4863 2716 4936 μετὰ
2746 4864 2846 4930 τὰς
2876 4864 3094 4938 θερινὰς
3132 4868 3339 4940 τροπάς
3361 4885 3375 4901 ο
3410 4869 3470 4924 τὸ
3501 4870 3546 4925 δ’
3571 4869 3741 4924 ἀσύν-

2160 4974 2358 5011 τακτον
2404 4956 2682 5020 παντελῶς
2719 4957 2813 5010 καὶ
2856 4958 3161 5030 μαχόμενον
3178 4999 3194 5026 ,
3244 4962 3291 5014 εί
3341 4960 3415 5026 ὡς
3469 4960 3742 5033 Ἀθηναῖοι

2159 5044 2294 5120 ἦγον
2319 5051 2553 5102 ποιεῖται
2576 5048 2668 5102 τδν
2694 5047 2868 5118 λόγον.
2895 5049 2958 5103 Ei
2985 5048 3094 5124 γὰρ
3127 5052 3380 5122 περιτταὶ
3401 5051 3574 5106 εἴκοσι
3600 5052 3744 5124 μετὰ

2161 5139 2261 5203 τὰς
2290 5140 2515 5211 τροπὰς,
2542 5138 2717 5211 δῆλον,
2742 5140 2822 5194 ὅτι
2849 5141 2883 5212 ἡ
2908 5142 3084 5214 τροπὴ
3109 5136 3176 5214 ἦν
3205 5142 3281 5214 τῷ
3303 5143 3571 5217 οἰχομένῳ
3606 5144 3741 5209 ἔτει,

2161 5231 2258 5304 ἕνῃ
2284 5232 2379 5285 καὶ
2405 5230 2502 5302 νέᾳ
2534 5231 2914 5304 Θαργηλιῶνος
2940 5234 3057 5303 μὲν,
3081 5235 3156 5298 ὡς
3183 5237 3389 5300 ἐκεῖνος
3417 5236 3587 5306 λέγει,
3612 5238 3743 5291 Σκι-

2168 5323 2491 5396 ροφοριῶνος
2522 5324 2599 5387 δὲ,
2623 5325 2699 5389 ὡς
2731 5326 2908 5397 ἡμεῖς.
2937 5328 3249 5399 Διαφερὲτω
3292 5328 3347 5382 δὲ
3392 5329 3567 5401 μηθὲν
3604 5330 3743 5401 πρός

2164 5433 2227 5484 γε
2251 5415 2310 5469 τὺ
2337 5415 2449 5470 νῦν.
2489 5416 2628 5470 Ἀλλ’
2651 5416 2788 5471 ἔστω
2820 5417 3199 5491 Θαργηλιῶνος
3224 5420 3372 5491 αὐτῷ
3390 5438 3403 5450 ·
3437 5421 3633 5476 οὐκοῦν
3663 5419 3745 5492 τῷ

2164 5508 2368 5562 ἐπιόντι
2399 5508 2627 5580 ἐνιαυτῷ
2659 5511 2693 5581 ἡ
2735 5509 2911 5583 τροπὴ
2945 5511 3118 5578 ἔσται,
3161 5512 3588 5588 Σκιροφοριῶνος
3616 5530 3740 5567 νου-

2170 5600 2353 5672 μηνίᾳ.
2379 5597 2487 5654 Ἦν
2512 5602 2560 5655 δ’
2586 5600 2737 5673 αὐτῷ
2774 5603 2939 5677 ἐνάτῃ
2983 5605 3292 5676 ἱσταμένου.
3334 5606 3398 5660 Εἰ
3432 5607 3540 5679 γᾲρ
3581 5605 3744 5678 ὀγδόῃ

2167 5689 2442 5760 φθίνοντος
2465 5690 2561 5745 τού
2592 5691 2973 5763 Θαργηλιῶνος
3008 5694 3151 5750 ἑάλω
3185 5696 3245 5750 τὶ
3272 5697 3459 5761 Ἴλιον,
3485 5697 3746 5752 ἑπτακαί-

2163 5781 2296 5835 δεκα
2335 5782 2597 5854 πρότερον
2628 5765 2861 5856 ἡμέραις
2898 5784 2999 5855 τῆς
3039 5785 3256 5858 θερινῆς
3292 5788 3522 5861 τροπῆς,
3564 5788 3743 5858 δῆλον,

2166 5875 2248 5929 ὅτι
2278 5875 2440 5947 ἐνάτη
2471 5874 2761 5945 ἱσταμένου
2794 5874 2890 5930 τοῦ
2918 5878 3163 5946 ἐπιόντος
3203 5882 3373 5947 μηνὸς
3399 5877 3468 5942 ἦν
3497 5884 3530 5945 ἡ
3566 5880 3746 5945 τροπὴ
