4106 6438
377 430 515 488 “93

1310 417 1655 476 Tnsooout
1697 413 1902 472 cum
1951 409 2149 466 LIBER
2193 407 2279 462 an
2317 384 2709 461 MENsmus.‘

3469 412 3604 467 “94

373 542 535 612 ἐνάτη
562 538 870 608 ἱσταμένου,
888 514 1035 610 τρεῖς
1061 531 1201 590 εἶναι
1219 536 1318 599 τὰς
1348 532 1609 605 περιττὰς
1632 532 1945 599 ἀναγκαῖον.

2055 522 2398 577 manifestum
2431 526 2515 574 est
2536 532 2681 572 nono
2707 516 2913 574 mensis
2944 516 3223 587 sequentis
3252 513 3339 569 die
3364 515 3614 568 aestivum

372 626 584 700 Φανερὰ
611 627 668 680 δὲ
702 626 899 697 μᾶλλον
931 625 1083 680 ταῦθ’
1115 624 1341 695 ὕστερον
1370 623 1542 685 ἔσται,
1567 621 1786 673 ἐπειδὰν
1817 619 1945 689 περὶ

375 720 621 791 χρήσεως
659 717 952 788 ἐμϐολίμου
1003 714 1168 786 μηνὸς
1212 716 1485 784 λέγωμεν.
1530 710 1641 766 Εἶτ’
1667 709 1759 766 οὖν
1795 710 1947 777 Ἐφό-

379 828 472 883 ρου
503 811 805 881 ἁμάρτημα
830 808 971 863 τοῦτ’
995 807 1161 870 ἐστιν,
1192 807 1302 859 εἴτε
1330 805 1616 877 γραφέως,
1651 806 1745 858 καὶ
1792 802 1948 856 τοῦτο

376 903 457 964 εἰς
502 900 677 956 κοινὸν
726 899 993 954 ἐκκείσθω
1052 901 1293 953 σκοπεῖν.
1366 895 1711 970 Ἀπαρτίζειν
1767 896 1811 950 δ’
1863 895 1948 948 ἀεὶ

377 993 503 1056 τοὺς
534 992 642 1046 τῶν
683 992 979 1063 Ἀθηναίων
1022 991 1198 1062 μῆνας
1245 993 1357 1055 τοῖς
1393 989 1500 1044 τῶν
1540 988 1824 1060 Ῥωμαίων
1865 988 1952 1055 δη-

378 1082 553 1136 λονότι
591 1081 692 1135 οὐκ
724 1080 793 1135 ἂν
821 1079 929 1151 εἴη.
978 1078 1465 1151 Ἐπαμφοτερίζειν
1508 1072 1600 1130 οὖν
1632 1094 1685 1129 τι
1715 1075 1948 1146 συμϐαί-

380 1189 484 1227 νει.
508 1167 653 1234 Οἷον,
678 1171 812 1242 φέρε
841 1173 1035 1235 εἰπεῖν,
1071 1166 1483 1239 Ἑκατομϐαιὼν
1508 1166 1568 1218 τὸ
1599 1166 1697 1236 μὲν
1732 1163 1948 1217 Ἰουνίου

379 1263 771 1334 ἐπιλαμϐάνει,
810 1263 873 1316 τὸ
919 1263 976 1316 δὲ
1009 1262 1258 1316 Ἰουλίου*
1304 1262 1400 1315 καὶ
1440 1256 1844 1327 Μεταγειτνιὼν
1892 1256 1952 1309 τὸ

383 1356 482 1427 μὲν
525 1355 765 1418 Ἰουλίου,
798 1355 859 1408 τὸ
906 1354 950 1407 δ’
996 1353 1334 1423 Αὐγούστουο
1374 1353 1467 1406 καὶ
1510 1347 1855 1421 Βοηδρομιὼν
1892 1348 1953 1401 τὸ

384 1445 483 1518 μὲν
505 1445 832 1514 Αὐγούστου,
855 1446 915 1499 τὸ
950 1446 1007 1499 δὲ
1039 1446 1429 1517 Σεπτέμϐριος.
1478 1443 1747 1504 Ὡσαύτως
1769 1441 1827 1494 δὲ
1857 1440 1953 1493 καὶ

384 1536 433 1587 οἰ
486 1534 662 1588 λοιποὶ
700 1535 900 1599 πάντες
938 1535 1272 1606 ἀμφιλαφεῖς
1318 1536 1423 1587 εἰσι
1473 1533 1542 1587 τὰ
1588 1531 1782 1586 πολλά·
1830 1529 1951 1583 ἐπεὶ

380 1625 551 1678 ἐνίοτέ
588 1642 654 1695 γε
700 1627 795 1680 καὶ⁹
843 1626 1046 1690 ἰσάζειν
1110 1625 1423 1698 συμϐαίνει·
1485 1620 1595 1678 οἷον
1644 1624 1736 1676 καὶ
1790 1622 1953 1690 τῆτες

382 1716 718 1787 συμϐέϐηκε,
743 1719 1038 1790 νουμηνίαν
1071 1718 1187 1788 ἆμα
1220 1717 1495 1788 Ἀπρίλιος
1517 1715 1682 1788 μηνὸς
1704 1713 1948 1786 ἡλιακοῦ,

380 1806 475 1859 καὶ
508 1806 734 1877 σελήνης
759 1807 932 1874 ἄγειν.
974 1805 1323 1877 Ἐρμηνεύειν
1350 1806 1531 1876 μέντοι
1564 1802 1748 1867 ἁπλῶς
1775 1801 1951 1873 χρεὼν

378 1897 488 1951 ἀπὸ
511 1897 605 1952 τοῦ
621 1875 894 1970 προτέρου
911 1915 924 1928 ·
955 1875 1087 1963 οἷον,
1110 1875 1415 1966 Ᾱῦγουστον
1436 1896 1527 1949 τὸν
1547 1895 1947 1967 Βοηδρομιῶνα,
1983 1875 2049 1935 Β»

378 1990 516 2045 ἀλλὰ
544 1989 618 2062 μὴ
662 1989 1052 2061 Σεπτέμϐριον,
1106 1991 1193 2043 ἵνα
1246 1989 1454 2060 θερινὸς
1612 1988 1794 2060 τρίτος
1844 1986 1954 2057 γὰρ

380 2082 489 2136 ἀπὸ
527 2080 1025 2153 Ἑκατομϐαιῶνοςο
1075 2081 1333 2153 τροπικὸς
1367 2081 1426 2134 δὲ
1480 2080 1688 2151 θερινὸς
1730 2083 1759 2134 ὁ
1796 2080 1955 2134 Ἑκα-

379 2171 677 2244 τομϐαιὼν,
702 2173 777 2236 ὡς
815 2173 1152 2244 δεδειγμένον
1188 2173 1323 2226 ἐστί.
1374 2171 1598 2245 Γαληνῷ
1629 2172 1686 2226 δέ
1709 2172 1953 2242 διέφερεν

380 2263 536 2317 οὐθὲν
557 2262 693 2332 πρός
714 2278 778 2332 γε
805 2261 865 2316 τὸ
887 2261 987 2331 τῆς
1011 2262 1206 2333 ἐλάτης
1234 2261 1452 2334 σπέρμα
1473 2263 1564 2317 καί⁵
1584 2261 1681 2334 τὴν
1708 2261 1954 2316 σύνθεσιν

380 2353 479 2408 τοῦ
526 2354 753 2418 ἀκόπου,
801 2352 902 2407 εἶτ’
953 2353 1061 2407 ἀπὸ
1103 2354 1198 2409 τοῦ
1251 2355 1516 2426 ἑπομένου
1560 2354 1952 2428 Σεπτέμϐριος,

383 2445 481 2499 εἰτ’
506 2445 613 2498 ἀπὸ
634 2444 728 2498 τοῦ
753 2445 1056 2516 ἡγουμένου
1087 2443 1391 2514 Αὔγουστος
1411 2445 1766 2517 ἐρμηνεύοιτο
1791 2447 1819 2500 ὁ
1845 2446 1954 2499 τῶν

385 2537 698 2610 μυστηρίων
739 2539 844 2610 μήν
866 2555 881 2570 ·
919 2537 1092 2602 ἄλλως
1133 2555 1195 2591 τε
1240 2538 1335 2592 καὶ
1369 2538 1478 2593 τῶν
1526 2538 1854 2611 ἰσημερινῶν
1893 2556 1954 2592 τε

385 2629 479 2682 καὶ
504 2629 722 2702 τροπῶν
759 2630 885 2701 περί
914 2646 1016 2683 που
1059 2629 1308 2702 εἰκοστὴν
1349 2629 1614 2703 τετάρτην
1643 2629 1736 2684 τοῦ
1786 2629 1955 2703 μηνὸς

380 2715 594 2789 ἡμέραν
616 2755 632 2780 ,
678 2716 754 2781 ὡς
787 2718 1048 2790 Ῥωμαῖοι
1106 2720 1319 2788 ἄγουσι,
1379 2719 1800 2792 λαμϐανομένων
1842 2722 1954 2785 τοῖς

380 2808 504 2862 τότε
535 2804 688 2863 οὖσιν
714 2809 1021 2881 ἀνθρώποις
1040 2828 1054 2842 ο
1084 2813 1180 2865 καί
1205 2809 1427 2883 προσέτι
1468 2812 1779 2884 ἰσημερινοῦ
1807 2829 1953 2881 γινο-

385 2902 547 2972 μένου
575 2903 706 2956 ποτὲ
746 2901 840 2955 καὶ
879 2902 974 2955 τοῦ
1009 2902 1444 2975 Βοηδρομιῶνος,
1485 2903 1707 2958 ἐπειδὰν
1740 2904 1955 2968 πλείους

382 2986 517 3046 ὦσιν
536 2995 590 3047 αἰ
616 2993 752 3065 μετὰ
778 2993 873 3064 τὴν
902 2993 1108 3065 τροπὴν
1145 2995 1396 3065 περιτταὶ
1435 2995 1662 3067 ήμέραι.
1699 2996 1861 3050 Ὅθεν
1889 2995 1953 3067 δὴ

385 3084 478 3138 καὶ
528 3083 919 3157 Ἀριστοτέλης,
965 3104 985 3136 ι
1021 3086 1138 3156 μετ’
1185 3083 1485 3157 ἀρκτοῦρον
1541 3087 1670 3158 περὶ
1723 3088 1956 3159 Βοηδρο-

388 3173 585 3247 μιῶνα,
619 3193 637 3226 ι
665 3173 849 3244 φησὶν,
885 3173 1072 3247 ὥσπερ
1109 3171 1174 3229 αὖ
1215 3175 1502 3243 ἀνάπαλιν,
1551 3178 1680 3248 περὶ
1722 3177 1956 3250 λήγοντά

387 3282 491 3317 που
519 3265 612 3319 τὸν
642 3265 1091 3336 Ἑκατομϐαιῶνα
1120 3267 1219 3337 τῆς
1239 3267 1447 3339 τροπῆς
1472 3269 1791 3339 γενομένης,
1820 3286 1958 3340 συμ-

387 3355 561 3409 ϐαίνει
605 3357 812 3427 τρυγᾷν
863 3355 961 3420 τὰς
1016 3357 1292 3427 ἀμπέλους
1353 3357 1481 3429 περὶ
1534 3359 1818 3430 ἱστάμενον
1865 3359 1956 3413 τὸν

388 3436 776 3516 Πυανεψιῶναδ
818 3445 959 3500 καθὰ
996 3446 1337 3520 Πλούταρχος
1361 3449 1708 3520 ἐπισημαίνει
1747 3450 1956 3523 συμϐῆ-

386 3553 497 3599 ναι,
536 3536 625 3588 ὅτε
653 3535 861 3605 Gnaei);
896 3536 1168 3607 ἐπανῆκεν
1205 3541 1270 3593 ἐκ
1299 3540 1543 3612 Κρήτης.
1589 3539 1656 3593 Ἦ
1698 3540 1956 3613 ἰσημερία

389 3627 573 3698 μέντοι
612 3628 742 3697 περί
784 3626 1016 3698 λήγοντα
1056 3645 1159 3682 που
1203 3628 1297 3684 τὸν
1333 3629 1808 3702 Μαιμακτηριῶνα
1849 3633 1954 3685 ὑπ-

385 3721 540 3794 ῆρξε.
569 3722 781 3776 Πλίνιον
823 3723 880 3776 δέ
929 3723 1156 3795 οἰητέον,
1201 3724 1275 3797 μὴ
1313 3725 1389 3790 ὡς
1428 3726 1828 3798 Ἀριστοτέλους
1865 3726 1955 3780 λέ-

387 3813 470 3879 ξιν
520 3812 893 3885 μεταφέροντα
915 3854 931 3881 ,
979 3808 1080 3868 ὧδε
1134 3815 1402 3870 ποιεῖσθαι
1453 3817 1545 3872 τὸν
1610 3817 1787 3886 λόγον,
1838 3818 1952 3873 ἀλλ’

390 3904 526 3959 ἰδίαν
562 3904 711 3975 αὐτῷ
740 3903 896 3969 δόξαν
933 3906 1060 3977 περί
1102 3905 1263 3962 τόκου
1293 3906 1403 3961 τῶν
1440 3907 1637 3980 ἰχθύων
1661 3909 1957 3979 ἀποφαινό-

390 4010 569 4065 μενον.
600 3993 922 4065 Θαυμαστόν
955 4012 1014 4048 τε
1037 3994 1213 4061 οὐθὲν,
1255 3997 1305 4050 εἰ
1334 3998 1427 4051 καὶ
1461 4000 1582 4062 ταῖς
1609 3997 1813 4070 χώραις
1841 3999 1955 4052 δια-

388 4087 529 4159 φορὰ
548 4088 675 4159 περὶ
712 4086 810 4153 τὰς
843 4088 1088 4157 γενέσεις
1124 4088 1289 4143 ἐστίν.
1332 4089 1493 4143 Ἀλλὰ
1514 4090 1699 4162 δῆλον,
1739 4090 1820 4145 δτι
1864 4092 1957 4145 καὶ

386 4176 493 4231 τῶν
531 4176 704 4243 ζώων,
743 4179 931 4253 ὥσπερ
965 4181 1072 4236 τῶν
1112 4182 1314 4253 φυτῶν,
1354 4182 1555 4256 πολλὴν
1599 4182 1810 4237 ποιοῦσι
1845 4182 1958 4239 δια-

390 4268 561 4339 φορὰν
592 4270 641 4323 οἰ
680 4269 855 4336 τόποι,
891 4272 951 4326 οὐ
993 4273 1151 4355 μονον
1182 4274 1326 4328 κατὰ
1356 4273 1587 4343 μέγεθος
1626 4276 1721 4329 καὶ
1771 4275 1958 4348 εὐτρο-

390 4358 539 4427 φίαν,
566 4360 700 4413 ἀλλὰ
728 4363 821 4416 καὶ
848 4363 989 4418 κατά
1016 4365 1143 4429 τοὺς
1173 4365 1383 4430 τόκους.
1417 4365 1512 4420 τοῦ
1540 4366 1610 4421 τὰ
1639 4367 1736 4438 μὲν
1775 4367 1955 4439 ὀψιαί-

389 4464 546 4519 τερον
582 4452 796 4523 γεννᾷν,
839 4453 907 4508 τὰ
963 4455 1021 4508 δὲ
1068 4457 1444 4530 πρωῖαίτερον.
1478 4453 1607 4514 Ὧδε
1638 4458 1736 4530 μὲν
1776 4460 1956 4513 τοίνυν

2050 617 2340 671 solstitium
2366 613 2556 668 fuisse.
2588 609 2646 665 Si
2690 611 2875 681 itaque
2907 609 3200 666 solstitium
3233 622 3380 662 nono
3422 606 3617 660 ineun-

2051 711 2142 772 tis,
2171 715 2283 761 tres
2328 721 2451 761 esse
2481 704 2598 759 dies
2625 703 2966 759 abundantes
2991 709 3073 756 est
3097 715 3344 755 necesse.
3373 698 3497 753 llaec
3523 714 3614 751 au-

2048 809 2156 856 tem
2194 799 2409 870 planius
2434 804 2619 868 postea
2641 794 3088 859 elucidabuntur,
3120 792 3212 846 ubi
3246 789 3313 844 de
3340 806 3442 843 usu
3463 804 3617 842 men-

2051 893 2129 948 sis
2175 889 2515 945 intercalarii
2562 886 2921 941 disseremus.
2952 884 3035 937 An
3084 883 3248 952 igitur
3299 880 3498 949 Ephori
3544 880 3615 932 sit

2051 984 2155 1039 iste
2181 998 2361 1047 error,
2395 998 2463 1036 an
2502 977 2859 1034 amanuensis
2892 976 3097 1046 potius,
3138 975 3195 1028 in
3227 972 3409 1027 medio
3432 970 3617 1025 consi-

2051 1074 2353 1130 derandum
2374 1073 2643 1143 relinquo.
2669 1068 2786 1125 Jam
2810 1076 3019 1124 certum
3045 1074 3131 1121 est
3158 1064 3369 1118 Atticos
3399 1077 3616 1117 menses

2050 1166 2248 1238 aequali
2297 1166 2509 1220 dierum
2549 1177 2800 1226 numero,
2832 1160 3105 1229 simulque
3136 1157 3379 1219 ﬁniente,
3414 1154 3617 1208 Roma-

2052 1271 2376 1326 nossemper
2391 1254 2729 1325 aequiparare
2757 1266 2868 1307 non
2891 1264 3071 1321 posse.
3089 1246 3234 1316 Ergo
3264 1245 3321 1298 ﬁt
3340 1252 3399 1298 ut
3417 1242 3616 1313 singuli

2053 1362 2269 1402 menses
2296 1347 2612 1401 Graecorum
2638 1344 2781 1398 inter
2814 1342 2974 1396 binos
2998 1353 3211 1408 semper
3246 1335 3616 1390 Romanorum

2052 1439 2349 1509 ambigant.
2387 1436 2631 1507 Exempli
2668 1434 2843 1505 gratia
2881 1452 2895 1487 :
2936 1430 3356 1487 Hecatombmon
3410 1435 3615 1496 partem

2051 1530 2221 1598 Junii,
2245 1538 2300 1586 et
2326 1536 2537 1601 partem
2566 1526 2698 1582 Julii
2732 1524 2987 1595 attingit;
3017 1520 3367 1592 Metagitnion
3404 1515 3534 1571 Julii
3563 1522 3618 1570 et

2055 1624 2324 1696 Augusti;
2355 1620 2719 1675 Bocdromion
2744 1614 2977 1687 Augusti
2998 1622 3054 1669 et
3069 1610 3424 1682 Septembris.
3451 1606 3617 1662 Simi-

2053 1717 2177 1770 liter
2206 1727 2335 1769 vero
2362 1712 2558 1782 reliqui
2583 1724 2774 1765 omnes
2801 1724 2914 1763 non
2944 1720 3070 1762 raro
3103 1718 3225 1761 sese
3248 1701 3487 1772 praebent
3516 1714 3615 1753 an-

2054 1807 2268 1878 cipites,
2294 1803 2624 1875 quandoque
2645 1803 2808 1859 etiam
2839 1799 3101 1870 aaquales,
3139 1803 3200 1850 ut
3223 1795 3307 1848 vel
3337 1790 3619 1862 superiore

2055 1913 2200 1953 anno
2230 1898 2416 1952 lunam
2447 1909 2644 1951 novam
2677 1908 2801 1947 cum
2831 1891 3038 1962 Aprilis
3063 1886 3324 1943 Kalendis
3347 1883 3618 1941 solaribus

2054 1989 2289 2059 contigit
2330 2002 2632 2058 emergere.
2662 1983 2853 2056 Operae
2883 1992 3062 2038 tamen
3088 1981 3320 2052 pretium
3365 1983 3450 2033 est
3480 1977 3615 2031 sim-

2055 2082 2269 2155 pliciter
2295 2097 2326 2135 a
2360 2079 2544 2150 priore
2574 2092 2765 2133 mense
2793 2074 3165 2146 interpretari.
3199 2070 3364 2126 Verbi
3397 2068 3573 2141 gratia
3600 2087 3613 2122 :

2055 2173 2501 2230 Boedromionem
2519 2172 2820 2242 Augustum
2843 2169 3022 2238 potius
3040 2180 3202 2238 quam
3221 2162 3614 2234 Septembrem,

2054 2271 2114 2318 ut
2134 2262 2354 2318 mstivus
2376 2262 2476 2330 sit;
2507 2262 2704 2318 tertius
2729 2262 2875 2317 enim
2908 2268 2992 2316 est
3015 2260 3084 2315 ab
3117 2257 3567 2313 Hecatombaaone
3598 2273 3612 2307 :

2055 2356 2111 2411 in
2140 2370 2270 2427 quo,
2319 2361 2382 2410 ut
2407 2354 2838 2409 demonstratum
2887 2361 2992 2416 est,
3021 2352 3267 2407 aestivum
3323 2348 3616 2405 solstitium

2054 2442 2366 2504 coniicitur.
2403 2446 2550 2503 Nihil
2575 2461 2739 2517 porro
2767 2444 2955 2501 Caleni
2998 2444 3282 2509 intererat,
3320 2441 3388 2498 ad
3424 2440 3619 2523 abietis

2055 2558 2240 2599 semen
2279 2550 2333 2598 et
2367 2539 2819 2611 compositionem
2867 2537 3045 2608 acopi,
3099 2535 3216 2592 sive
3268 2548 3300 2589 a
3359 2539 3621 2605 sequente

2059 2632 2399 2708 September,
2430 2634 2545 2691 sive
2581 2646 2614 2687 a
2641 2628 2981 2703 praecedente
3012 2628 3294 2699 Augustus
3321 2633 3621 2682 verteretur

2057 2725 2148 2781 ille
2170 2725 2551 2796 mysteriorum
2581 2721 2821 2786 mensis;
2848 2719 3152 2789 praesertim
3168 2731 3293 2773 cum
3312 2710 3542 2772 solstitia
3568 2720 3622 2770 et

2055 2814 2383 2887 aequinoctia
2412 2813 2569 2884 162
2620 2811 2844 2866 circiter
2873 2820 3132 2879 quartum
3154 2848 3168 2869 .
3200 2817 3256 2863 et
3299 2807 3619 2861 vicesimum

2056 2907 2198 2963 diem
2236 2906 2444 2961 mensis
2491 2904 2725 2960 Romani
2774 2903 2842 2957 ab
2885 2901 3033 2957 illius
3081 2899 3267 2955 saeculi
3307 2896 3622 2953 hominibus

2057 3001 2410 3071 signarentur
2442 3016 2456 3052 :
2489 3003 2544 3051 et
2587 3002 2852 3066 prmterea
2885 2991 3292 3062 aequinoctialis
3344 2989 3620 3045 interdum

2058 3091 2200 3148 foret
2224 3087 2610 3152 Boedromion,
2641 3101 2768 3141 cum
2788 3086 2975 3157 plures
2995 3088 3319 3153 supererant
3348 3081 3465 3136 dies
3498 3086 3623 3151 post

2061 3181 2380 3238 solstitium.
2430 3178 2586 3235 Unde
2634 3179 2797 3234 etiam
2846 3177 3169 3234 Aristoteles
3220 3174 3386 3239 dicit,
3437 3192 3457 3225 ‹
3499 3181 3623 3243 post

2058 3280 2339 3329 arcturum
2386 3271 2606 3328 circiter
2661 3268 3152 3333 Boedromionem,
3206 3283 3225 3319 ι
3268 3264 3622 3337 quemadmo-

2057 3364 2187 3420 dum
2217 3370 2408 3418 contra
2440 3368 2665 3433 peracto
2685 3361 2831 3415 circa
2851 3359 3191 3415 desinentem
3208 3354 3620 3412 Hecatomme-

2055 3470 2179 3512 nem
2210 3453 2451 3510 solstitio
2484 3453 2666 3509 evenit
2692 3450 2996 3507 vindemias
3027 3449 3166 3513 ﬁeri,
3193 3449 3339 3503 circa
3359 3446 3622 3516 incipien-

2057 3555 2165 3600 tem
2197 3543 2629 3615 Pyanepsionem
2654 3559 2670 3597 :
2701 3551 2762 3597 ut
2792 3541 3124 3597 Plutarchus
3153 3540 3417 3595 accidisse
3448 3538 3621 3608 signi-

2058 3638 2209 3701 licat,
2238 3637 2457 3706 quando
2483 3634 2729 3691 Theseus
2749 3649 2779 3691 e
2803 3632 2964 3689 Creta
2995 3631 3179 3688 rediit.
3207 3631 3619 3701 Equinoctium

2056 3729 2203 3785 enim
2235 3726 2413 3782 fuerat
2438 3727 2542 3783 sub
2580 3727 2743 3782 ﬁnem
2786 3725 3263 3781 Maamacterionis.
3298 3722 3622 3792 Pliniusque

2056 3817 2415 3874 aestimandus
2443 3825 2526 3873 est
2551 3818 2633 3873 sic
2657 3816 2831 3888 loqui,
2859 3830 2972 3871 non
3000 3815 3094 3886 qui
3124 3815 3287 3888 verba
3308 3814 3621 3869 Aristotelis

2055 3907 2482 3978 interpretetur,
2520 3906 2616 3963 sed
2647 3887 2742 3977 qui
2763 3920 2920 3962 suam
2953 3904 3023 3961 de
3049 3887 3278 3975 piscium
3318 3910 3476 3974 partu
3522 3917 3619 3958 ex-

2056 4002 2258 4072 primat
2292 4002 2640 4058 sententiam.
2682 4000 2937 4072 Nihilque
2980 3987 3180 4054 mir'um
3225 4006 3331 4063 est,
3371 3998 3418 4054 si
3454 3999 3620 4053 etiam

2056 4092 2113 4146 in
2142 4091 2587 4164 generationibus
2611 4105 2641 4145 a
2667 4092 2955 4163 regionum
2975 4089 3289 4146 diversitate
3321 4088 3497 4142 oritur
3510 4087 3622 4142 dif-

2058 4184 2308 4241 ferentia.
2333 4181 2535 4240 Verum
2565 4183 2699 4238 illud
2731 4190 2971 4249 constat,
3017 4182 3267 4247 multam,
3311 4188 3372 4234 ut
3405 4181 3620 4250 planta-

2056 4290 2203 4337 rum.
2239 4276 2316 4330 ita
2357 4288 2573 4344 quoque
2608 4273 2945 4337 animalium,
2987 4285 3099 4326 non
3142 4270 3199 4324 in
3251 4268 3623 4339 magnitudine

2059 4368 2238 4425 solum
2267 4366 2565 4436 habituque
2579 4363 2878 4434 vegetiore,
2907 4361 3004 4417 sed
3025 4370 3081 4417 et
3100 4361 3156 4415 in
3185 4369 3342 4431 partu
3362 4360 3478 4429 ipsa
3503 4360 3621 4414 loca

2058 4458 2270 4515 eﬁlcere
2318 4456 2704 4519 dill'erentiam,
2736 4462 2799 4509 ut
2842 4454 2949 4509 alia
3004 4453 3202 4518 serius,
3250 4452 3358 4507 alia
3398 4453 3621 4524 gignant

394 4540 577 4605 ἁπλῶς
612 4559 671 4595 τε
719 4544 810 4597 καί
857 4562 934 4617 πη
972 4548 1381 4620 ἑρμηνεύοντες,
1407 4549 1506 4604 οὐκ
1554 4549 1621 4605 ἂν
1659 4550 1955 4622 διαμαρτά-

2059 4551 2347 4606 maturius.
2376 4548 2467 4605 Sic
2491 4551 2656 4621 igitur
2684 4548 3007 4617 simpliciter
3029 4555 3083 4602 et
3106 4545 3486 4617 quadantenus
3501 4563 3623 4601 ver-

390 4650 573 4706 νοιμεν
599 4632 693 4687 τοῦ
733 4635 935 4691 ἱκανοῦ.

753 4819 893 4886 Περί
922 4819 1193 4889 χρήσεως
1221 4823 1340 4878 τῶν
1363 4824 1590 4894 μηνῶν.

461 4910 517 4962 l'.
562 4908 715 4962 Ἐπεὶ
738 4909 783 4963 δ’
818 4909 932 4964 ἐστι
974 4911 1071 4980 μὲν
1102 4913 1332 4983 χρῆσθαι
1363 4916 1496 4985 μησὶ
1543 4917 1637 4971 καὶ
1675 4916 1817 4970 κατὰ
1855 4917 1955 4988 τὴν

389 4995 538 5068 ἡλίου
571 5000 892 5072 περιφορὰν,
926 5002 1002 5066 ὡς
1039 5003 1294 5073 Ῥωμαῖοι
1331 5005 1587 5076 ἄγουσινο
1638 5007 1828 5062 ἔστιδὲ
1862 5009 1957 5062 καὶ

388 5089 488 5161 τὴν
519 5092 618 5162 τῆς
645 5092 889 5165 σελήνης,
917 5094 992 5158 ὡς
1033 5094 1302 5166 Ἀθηναῖοι
1333 5093 1467 5167 ἦγον
1488 5112 1505 5130 ο
1538 5099 1764 5172 πότερον
1798 5100 1958 5170 Ἀθη·

390 5184 561 5246 ναίοις
593 5184 847 5254 ἑπόμενοι
881 5185 1214 5257 χρησόμεθα,
1246 5186 1279 5257 ἢ
1317 5189 1628 5259 Ῥωμαίοις,
1656 5192 1956 5262 κατονομά-

390 5270 574 5335 ζοντες
614 5273 710 5343 μέν
741 5273 817 5337 ὡς
858 5274 1161 5344 Ἀθηναῖοι,
1184 5274 1283 5345 τὴν
1304 5275 1361 5328 δέ
1389 5292 1453 5344 γε
1475 5276 1567 5329 τοῦ
1600 5277 1847 5332 ἐνιαυτοῦ
1876 5281 1957 5341 εἰς

393 5363 568 5433 μῆνας
612 5363 876 5434 διαίρεσιν
926 5367 1067 5420 κατὰ
1121 5366 1295 5420 ταύτὰ
1335 5368 1625 5438 Ῥωμαίοις
1683 5369 1951 5435 τιθέντες;

392 5453 617 5524 Πλήθων
662 5456 762 5524 μέν
803 5473 987 5526 φησιν,
1035 5458 1117 5510 ὅτι
1172 5458 1312 5512 κατὰ
1346 5458 1509 5526 φύσιν
1553 5459 1616 5530 δὴ
1664 5461 1839 5528 ἄγοιτ’
1890 5461 1955 5515 ἂν

391 5542 509 5608 ἔτος
542 5545 641 5616 μὲν
669 5546 810 5600 κατὰ
835 5546 924 5600 τὸν
954 5548 1124 5618 ἥλιον,
1166 5548 1273 5621 μὴν
1304 5549 1360 5603 δὲ
1397 5549 1537 5605 κατὰ
1561 5550 1658 5621 τὴν
1695 5550 1919 5622 σελήνην
1940 5569 1976 5591 ’-

389 5634 476 5690 διὰ
503 5638 558 5690 τί
586 5638 662 5703 δὲ,
686 5639 747 5691 οὐ
777 5639 941 5708 λέγει.
975 5641 1155 5694 Ἀλλοι
1192 5642 1249 5695 δέ
1288 5659 1453 5706 τινες,
1483 5643 1576 5695 καὶ
1613 5643 1789 5696 αἰτίαν
1827 5644 1958 5697 άπο-

389 5729 639 5795 διδόντες,
682 5731 860 5787 πάντα
900 5732 1035 5804 πρὸς
1078 5734 1187 5787 τῶν
1229 5734 1492 5805 οὐρανίων
1530 5734 1848 5804 κοσμεῖσθαι
1891 5736 1958 5788 τὰ

388 5818 515 5891 τῇδέ
541 5838 691 5895 φασι.
725 5825 818 5876 καὶ
852 5824 1060 5895 μεγάλα
1102 5823 1239 5879 εἶναι
1284 5827 1353 5881 τὰ
1396 5825 1494 5897 τῆς
1541 5826 1768 5898 σελήνης
1802 5826 1953 5898 ἔργα.

668 5914 944 5978 ΡΑΤιιοι..
976 5916 1092 5979 Gn.
1150 5918 1325 5981 XIX.

2059 4648 2258 4705 tentes,
2290 4652 2633 4710 nequaquam
2678 4637 2747 4692 ab
2769 4637 2965 4692 idonea
3001 4636 3363 4706 explicatione
3397 4636 3619 4691 aberra-

2056 4733 2320 4789 verimus.

2575 4817 2655 4875 De
2680 4819 2939 4874 mensium
2971 4836 3090 4875 usu.

2126 4911 2196 4966 Χ.
2232 4910 2337 4967 Sed
2367 4911 2630 4982 quoniam
2662 4910 2946 4967 mensibus
2991 4912 3069 4966 uti
3104 4924 3399 4980 possumus
3431 4910 3515 4965 vel
3552 4910 3621 4964 ad

2058 5004 2192 5061 solis
2212 5011 2443 5066 motum,
2476 5014 2535 5057 ut
2554 5002 2809 5063 Romani.
2831 5004 2924 5056 ~vel
2953 5003 3021 5057 ad
3046 5003 3213 5068 lunae,
3239 5011 3298 5059 ut
3326 5004 3624 5060 Athenien—

2058 5109 2188 5151 ses:
2231 5106 2413 5149 utrum
2445 5094 2683 5149 Atticum
2728 5109 2911 5158 usum,
2963 5110 3033 5148 an
3078 5093 3385 5149 Romanum
3428 5109 3621 5163 seque-

2057 5203 2202 5252 mur,
2244 5202 2396 5243 more
2450 5187 2672 5257 quidem
2715 5186 3130 5243 Atheniensium
3182 5186 3617 5249 denominantes,

2059 5281 2187 5335 anni
2209 5295 2340 5337 vero
2364 5280 2419 5334 in
2450 5295 2666 5334 menses
2692 5279 2940 5334 eamdem
2975 5294 3098 5334 cum
3129 5277 3391 5333 Romanis
3415 5278 3622 5331 consti-

2057 5379 2274 5427 tuentes
2310 5371 2675 5427 divisionem?
2709 5369 2937 5427 Plethon
2972 5371 3189 5441 quidem
3225 5370 3391 5426 refert
3420 5378 3618 5424 natura

2058 5475 2179 5515 esse
2221 5469 2619 5530 comparatum,
2656 5468 2715 5512 ut
2761 5459 2829 5513 ad
2877 5460 3047 5514 solem
3077 5459 3376 5514 deducatur
3418 5473 3619 5521 annus,

2059 5551 2264 5607 mensis
2290 5566 2420 5606 vero
2443 5550 2509 5604 ad
2537 5551 2721 5604 lunam
2754 5570 2768 5604 ε
2798 5551 2892 5606 sed
2922 5551 3300 5621 quamobrem,
3332 5566 3439 5604 non
3465 5548 3619 5605 dicit.

2058 5643 2279 5711 Verum
2301 5642 2392 5697 alii
2424 5641 2588 5711 hujus
2616 5655 2835 5710 quoque
2864 5642 2994 5697 dicti
3018 5643 3284 5698 rationem
3310 5642 3621 5708 alierentes,

2058 5744 2392 5798 asseverant,
2426 5750 2547 5805 qua:
2576 5734 2664 5788 hic
2697 5735 2752 5788 in
2781 5736 2943 5791 terris
2980 5743 3131 5801 sunt,
3170 5735 3352 5790 omnia
3386 5749 3417 5789 a
3454 5734 3622 5791 cmle-

2060 5829 2236 5887 stibus
2288 5829 2398 5886 illis
2440 5828 2765 5900 corporibus
2819 5831 3083 5898 ordinari,
3116 5844 3452 5900 magnosque
3499 5841 3624 5886 esse

3234 5924 3310 5984 38
