4106 6420
553 375 686 432 1193

1557 371 1648 424 AD
1685 367 1954 424 EUSEBII
1991 363 2384 422 CHRUNICON
2423 365 2785 426 APPENDIX.

3649 369 3772 424 1196

547 496 689 548 lunae
721 491 969 546 enectus.
1008 489 1143 544 Nam
1171 489 1374 544 mutari
1420 489 1573 544 aiunt
1601 489 1890 544 manifeste
1920 488 1988 541 ab
2021 485 2112 538 illa

2229 486 2592 542 ’Δλλοιοῦσθαι
2623 489 2725 560 γὰρ
2759 489 2942 558 σαφῶς
2969 488 3037 541 τά
3069 487 3284 556 ἐπίγεια
3331 485 3492 540 πάνθ’
3519 487 3608 541 ὑπ’
3645 488 3776 542 ἐκεί-

547 585 830 645 ιοςτεδινίο
857 591 1076 648 ciincta,
1110 584 1272 652 idque
1305 591 1472 637 recte.
1513 581 1738 651 Signum
1765 588 1948 634 tamen
1991 578 2114 630 nul-

549 677 660 728 lum
711 685 814 735 est,
853 689 1067 728 menses
1114 672 1183 726 ad
1233 675 1446 736 lunam,
1485 687 1594 725 non
1635 671 1702 724 ad
1743 671 1911 724 solem
1956 683 2114 739 agere

549 775 826 836 oportere.
861 765 982 819 llaec
1001 767 1144 820 enim
1174 765 1430 820 inferiora
1461 763 1838 834 superioribus
1871 763 1977 816 illis
1998 777 2114 816 mo-

547 858 697 910 tibus
726 871 848 910 esse
897 857 1157 908 continua
1201 869 1310 908 non
1367 853 1578 908 inﬁcias
1621 854 1784 918 imus,
1813 859 1865 906 et
1897 867 2112 905 onmem

549 961 738 1000 eorum
757 949 862 998 vim
887 955 940 1001 et
971 947 1264 1014 potentiam
1301 945 1452 999 illinc
1481 945 1792 1016 gubernari,
1827 945 2114 1014 ipsumque

551 1037 808 1092 decorum
827 1038 1214 1108 (quodcunque
1239 1037 1384 1106 apud
1411 1052 1512 1092 nos
1547 1037 1828 1104 decorum)
1851 1045 1904 1090 et
1933 1049 2111 1089 rerum

549 1132 792 1186 ordinem
847 1145 878 1183 a
931 1146 1166 1200 superna
1209 1131 1302 1184 illa
1349 1138 1544 1184 natura
1591 1129 1926 1194 consistere;
1969 1127 2114 1196 quod

549 1239 679 1280 vero
713 1225 1040 1294 indigestum
1089 1235 1142 1279 et
1169 1239 1270 1279 suo
1297 1239 1484 1278 errore
1503 1222 1782 1286 indecens,
1815 1221 1870 1276 id
1893 1237 2016 1276 esse
2047 1222 2118 1276 ab

549 1331 611 1369 ea
646 1315 1013 1384 (qumesthic)
1039 1313 1286 1369 materia.
1318 1313 1486 1368 Detur
1507 1327 1640 1368 vero
1679 1313 1846 1366 multa
1869 1313 2114 1382 quaedam

550 1423 579 1458 a
613 1408 740 1460 luna
765 1406 984 1460 alterari
1013 1406 1343 1474 variarique,
1375 1419 1499 1459 eum
1531 1405 1712 1474 plena,
1741 1419 1864 1457 cum
1891 1402 2117 1460 dimidio

549 1499 684 1554 orbe
709 1513 871 1552 caesa.
898 1513 1022 1550 cum
1051 1497 1280 1566 gibbosa
1319 1504 1372 1551 et
1407 1496 1667 1566 utrinque
1697 1509 1968 1560 convexa;
1991 1509 2116 1548 cum

551 1591 608 1644 in
635 1605 842 1644 cornua
868 1589 1028 1653 ﬂexa,
1074 1599 1238 1658 atque
1266 1587 1432 1642 etiam
1471 1587 1540 1642 de
1576 1587 1716 1641 cmlo
1751 1587 1868 1656 ipso
1900 1595 1956 1640 et
2001 1600 2118 1638 am-

549 1685 732 1738 biente
757 1697 880 1737 aere
900 1681 1166 1752 judicium
1193 1681 1306 1735 fieri
1327 1699 1342 1748 ;
1367 1680 1590 1750 haecque
1607 1679 1890 1734 terrestria
1917 1678 2118 1732 mutari

551 1793 648 1846 per
687 1775 965 1840 semisses,
1019 1781 1072 1828 et
1109 1773 1476 1843 quadrantes,
1511 1781 1565 1826 et
1609 1777 1792 1828 certas
1845 1769 2152 1846 quasdam:

2214 595 2328 649 νης.
2380 579 2548 634 Τοῦτο
2601 581 2700 650 μὲν
2749 578 2840 634 οῦν
2892 577 2950 634 εὖ
2996 581 3231 648 λέγεται.
3275 582 3510 650 Σημεῖον
3553 579 3597 632 δ’
3637 580 3776 634 οὐδέν

2215 671 2328 724 ἐστι
2377 671 2472 724 τοῦ
2519 673 2714 744 χρῆναι
2757 674 2910 740 ἄγειν
2953 673 3092 726 κατά
3139 671 3391 742 σελήνην,
3427 673 3524 726 καὶ
3557 671 3630 743 μὴ
3667 673 3776 726 καθ’

2212 763 2360 831 ἥλιόν
2389 780 2450 831 γε
2479 767 2604 827 τοὺς
2633 765 2827 835 μῆνας.
2863 766 3070 836 Συνεχῆ
3109 765 3206 836 μὲν
3241 765 3349 834 γάρ
3401 781 3520 826 πως
3555 763 3623 816 τά
3663 765 3778 834 τῇδε

2211 855 2330 914 ταῖς
2361 852 2472 905 ἀνω
2498 855 2690 922 φοραῖς
2727 849 2866 906 εἶναί
2896 870 3074 924 φαμεν
3117 854 3212 906 καὶ
3247 854 3432 924 ἡμεῖς,
3483 852 3576 906 καὶ
3613 855 3780 905 πᾶσαν

2211 941 2390 994 αὐτῶν
2415 942 2511 1013 τὴν
2535 943 2762 1013 δύναμιν
2793 943 3159 1015 κυϐερνᾶσθαι
3197 943 3440 997 ἐκεῖθεψ
3471 943 3568 996 καὶ
3587 939 3662 996 ’τὺ
3693 943 3780 1014 μὲν

2211 1031 2374 1085 καλὸν
2409 1033 2570 1100 ἆπαν,
2609 1034 2734 1088 ὅσον
2770 1033 2834 1088 ἂν
2952 1035 3136 1090 ἐνθάδε
3183 1035 3368 1100 καλὸν,
3399 1037 3496 1089 καὶ
3535 1035 3598 1088 τὸ
3635 1051 3778 1088 τετα-

2211 1123 2430 1192 γμένον,
2467 1123 2670 1179 ἄνωθεν
2701 1127 3010 1195 ἐγγίνεσθαι
3045 1127 3232 1196 φύσει’
3267 1127 3326 1180 τὸ
3355 1129 3400 1180 δ’
3427 1127 3654 1181 ἄτακτον
3695 1127 3780 1181 καὶ

2213 1215 2647 1286 πεπλανημένον,
2701 1218 2964 1289 ὑπάρχειν
2993 1220 3058 1272 ἐκ
3088 1221 3187 1290 τῆς
3217 1219 3406 1272 ἐνθάδε
3453 1219 3616 1290 ὕλης·
3657 1219 3782 1272 ἔστω

2213 1303 2272 1355 δὲ
2317 1305 2412 1358 καὶ
2459 1305 2612 1358 πόλλ’
2641 1307 2776 1360 ἄττα
2823 1307 3066 1362 ἀλλοιοῦν
3113 1311 3210 1379 τὴν
3243 1310 3472 1381 σελήνην
3513 1311 3686 1381 πλήρη
3728 1327 3782 1362 τε

2213 1389 2398 1454 οὖσαν,
2429 1396 2524 1448 καὶ
2547 1395 2846 1466 διχότομον,
2879 1399 2972 1450 καὶ
2997 1399 3360 1469 ἀμφίκυρτον,
3391 1400 3488 1452 καὶ
3519 1399 3779 1470 μηνοειδῆ,

2215 1485 2494 1556 κρίνεσθαί
2525 1505 2584 1540 τε
2615 1487 2676 1540 τὸ
2705 1487 2976 1560 περιέχον,
3017 1489 3110 1542 καὶ
3153 1491 3510 1560 μεταϐάλλειν
3561 1491 3630 1546 τά
3667 1493 3782 1562 τῇδε

2215 1577 2354 1630 κατά
2396 1577 2738 1650 διαμέτρους,
2781 1581 2872 1634 καὶ
2903 1581 3294 1650 τετραγώνους,
3335 1585 3433 1638 καὶ
3478 1585 3612 1648 ὅλως
3639 1585 3783 1648 ποιάς

2215 1683 2366 1730 τινας
2413 1669 2626 1732 στάσεις
2672 1669 2872 1740 αὐτῆς·
2921 1673 2984 1724 ού
3047 1673 3152 1744 μὴν
3199 1673 3256 1726 δὲ
3295 1675 3392 1727 καὶ
3445 1673 3662 1744 εὔλογον
3703 1675 3782 1730 διά

2215 1759 2386 1813 ταῦτα
2409 1760 2611 1824 ἐῶντας
2633 1763 2860 1833 διαιρεῖν
2893 1764 2984 1816 τὸν
3013 1763 3106 1817 τοῦ
3131 1765 3279 1835 ἡλίου
3307 1761 3555 1820 ἐνιαυτὸν
3578 1768 3655 1830 εἰς
3685 1767 3781 1838 μῆ-

553 1869 725 1938 ipsius
757 1869 1021 1924 stationes
1059 1887 1071 1922 :
1115 1881 1222 1922 non
1251 1873 1432 1922 tamen
1473 1865 1680 1920 idcirco
1723 1865 2014 1926 convenit,
2058 1870 2118 1916 ut

2223 1867 2335 1914 νας,
2363 1853 2455 1906 καὶ
2493 1853 2746 1924 χρῆσθαι,
2775 1855 3155 1926 ἐτερορῤεπεῖν
3185 1857 3278 1910 ἐπὶ
3307 1858 3408 1930 τὴν
3435 1857 3678 1929 σελήνην,
3699 1837 3782 1911 καὶ

551 1962 972 2031 supersedentes
998 1959 1131 2014 solis
1157 1973 1360 2012 annum
1405 1957 1462 2012 in
1505 1971 1721 2012 menses
1753 1956 2114 2026 distinguere,

551 2069 724 2121 eaque
749 2053 1018 2107 divisione
1045 2051 1147 2117 uti,
1182 2057 1236 2104 et
1267 2049 1334 2102 ad
1374 2049 1560 2104 lunam
1587 2049 1940 2112 divertentes,
1977 2047 2120 2100 ultro

553 2148 852 2210 sponteque
879 2139 1266 2193 dissideamus.
1293 2136 1404 2192 Nec
1430 2138 1576 2192 enim
1612 2137 1910 2192 secundum
1959 2145 2121 2190 natu-

553 2245 670 2284 ram
703 2237 788 2284 est
809 2237 984 2281 totum
1023 2227 1124 2282 soli
1155 2227 1462 2298 quadrare;
1493 2235 1676 2298 partes
1723 2237 1902 2282 autem
1941 2227 2118 2291 alteri,

552 2337 716 2394 quam
748 2321 848 2376 soli
873 2319 1044 2390 magis
1063 2319 1378 2374 convenire.
1409 2319 1544 2372 Nam
1578 2327 1761 2389 partes
1790 2327 1918 2374 sunt
1952 2320 2120 2374 totius

556 2413 706 2478 anni,
743 2413 833 2481 qui
867 2427 1082 2467 menses
1107 2411 1485 2473 nominantur,
1517 2409 1602 2464 vel
1627 2409 2123 2478 quomodocumque

557 2505 722 2558 libeat
755 2503 902 2556 illam
933 2501 988 2555 in
1015 2501 1301 2556 duodecim
1332 2499 1506 2570 spatia
1533 2499 1732 2554 solaris
1765 2499 2122 2554 revolutionis

557 2595 905 2666 partitionem
951 2593 1244 2663 appellare.
1281 2591 1438 2656 Quod
1481 2590 1625 2646 enim
1677 2605 1844 2644 causa
1893 2599 1976 2644 est
2019 2587 2122 2644 elli-

558 2691 710 2743 ciens
750 2687 936 2751 totius,
973 2685 1026 2740 id
1067 2691 1214 2740 certe
1257 2682 1493 2753 partium
1541 2683 1852 2736 necessario
1883 2681 2122 2736 eiliciens

557 2787 664 2842 est,
701 2791 827 2831 cum
851 2791 916 2830 ex
943 2767 1192 2845 partibus‘
1229 2782 1402 2828 totum
1432 2781 1750 2844 consurgat,
1773 2781 1828 2828 et
1857 2774 1974 2843 ipso
2007 2781 2123 2826 toto

555 2878 742 2942 partes
776 2869 888 2925 sint
923 2867 1276 2938 generatione
1318 2866 1552 2935 priores.
1601 2863 1697 2919 Est
1745 2871 1924 2918 autem
1961 2865 2123 2918 etiam

559 2961 908 3034 ilmqualius,
935 2958 1408 3028 inordinatiusque
1435 2971 1638 3011 annum
1674 2955 1739 3010 ad
1777 2955 1918 3009 lunae
1946 2955 2124 3010 curri-

559 3057 743 3111 ctium
792 3054 992 3109 ducere
1026 3071 1038 3105 :
1071 3049 1216 3122 quod
1252 3050 1344 3120 qui
1385 3050 1461 3102 ita
1513 3055 1701 3120 agunt,
1745 3061 1985 3102 mensem
2017 3047 2127 3101 free

559 3153 793 3217 quenter
825 3145 1108 3208 inserunt;
1141 3155 1244 3196 nec
1271 3154 1462 3210 parum
1499 3139 1700 3194 habent
1741 3137 1966 3210 negotii,
1993 3135 2120 3191 dum

561 3238 700 3292 alios
727 3249 900 3291 annos
929 3235 1200 3289 mensium
1235 3231 1545 3296 duodecim,
1574 3232 1711 3286 alios
1733 3231 1992 3287 tredecim
2019 3229 2124 3286 elli-

559 3331 733 3385 ciunt.
773 3326 960 3398 itaque
1001 3332 1199 3396 praeter
1235 3333 1488 3379 naturam
1541 3323 1758 3394 quidem
1809 3323 1866 3378 id
1919 3325 2122 3393 potius.

560 3423 696 3478 Nam
727 3422 864 3477 ordo
892 3421 1112 3490 quidam
1155 3425 1350 3472 natura
1381 3425 1499 3482 est,
1529 3424 1582 3472 et
1621 3424 1818 3488 praeter
1850 3425 2124 3480 naturam,

560 3513 824 3586 quidquid
875 3511 1238 3574 inconditum,
1290 3519 1344 3565 et
1403 3509 1847 3578 incompositum,
1875 3517 1929 3563 et
1975 3508 2128 3577 quod

561 3607 810 3661 ordinem
847 3619 1006 3658 suum
1038 3619 1146 3656 non
1176 3599 1656 3656 serrat.C:eterum
1679 3609 1739 3654 ut
1772 3599 1942 3654 solem
1969 3600 2126 3654 dam-

563 3715 758 3754 nemus
804 3697 1116 3752 inutilitatis
1160 3701 1382 3764 pr0pter
1428 3695 1570 3748 lunae
1625 3693 1758 3758 vim,
1801 3700 1857 3746 et
1893 3708 1956 3747 ea
2005 3707 2128 3762 qua:

563 3789 726 3857 vulgo
755 3795 1040 3856 apparent,
1067 3785 1364 3855 postulatio
1385 3785 1547 3840 nimis
1571 3797 1764 3854 magna
1789 3793 1894 3846 est,
1923 3791 1978 3838 et
2007 3798 2128 3852 quae

565 3880 814 3934 videatur
839 3893 963 3932 esse
991 3878 1110 3945 ejus
1135 3876 1228 3946 qui
1259 3891 1316 3930 se
1332 3877 1502 3944 magis
1523 3877 1708 3932 sensui
1737 3891 1896 3944 quam
1929 3876 2128 3929 rationi

567 3969 818 4039 applicet.
859 3967 1096 4022 Ell'ectus
1144 3967 1288 4020 enim
1329 3967 1489 4030 luna),
1519 3973 1572 4020 et
1603 3981 1767 4034 opera
1799 3980 1828 4018 a
1853 3966 1970 4019 sole
2001 3966 2126 4035 qui-

565 4063 690 4116 dem
728 4061 894 4132 (quod
931 4075 1098 4130 prope
1131 4057 1384 4126 dixerim)
1411 4059 1594 4111 omnia
1615 4064 1742 4112 sunt
1769 4073 1782 4108 :
1810 4064 1864 4110 et
1905 4055 2015 4110 haec
2047 4055 2132 4108 in-

567 4153 768 4210 feriora
807 4153 948 4208 idem
986 4153 1067 4206 sol
1101 4151 1368 4220 imprimis
1398 4149 1677 4216 describit,
1715 4149 2052 4211 modulatur,
2077 4159 2130 4204 et

567 4247 622 4298 in
663 4258 947 4298 numerum
995 4242 1355 4310 ordinemque
1394 4239 1608 4310 digerit.
1637 4238 1702 4292 Et
1735 4240 1963 4294 aliorum
2007 4241 2128 4308 qui-

565 4337 686 4390 dem
713 4336 950 4390 siderum
979 4331 1387 4402 temperationis
1415 4331 1584 4385 solem
1601 4343 1723 4384 esse
1746 4344 2128 4392 causam,cum

563 4429 750 4483 multis
782 4428 902 4481 aliis
927 4425 1205 4496 praeclaris
1249 4423 1402 4486 viris,
1437 4429 1550 4476 tum
1591 4421 1672 4476 vel
1705 4422 1939 4476 maxime
1974 4417 2128 4474 Stra-

2221 1945 2444 2007 ἐκόντας
2473 1941 2610 2000 εῖναι
2644 1947 2966 2002 διίστασθαι.
2998 1949 3130 2002 osse
3155 1949 3218 2021 δὴ
3247 1950 3392 2004 κατά
3423 1951 3582 2020 φύσιν
3610 1950 3669 2002 τὸ
3697 1949 3782 2020 μὲν

2219 2037 2336 2090 ὅλον
2365 2038 2664 2108 προσήκειν
2696 2038 2774 2109 τῷ
2805 2040 2957 2110 ἡλίῳ,
2987 2039 3056 2094 τὰ
3087 2041 3143 2093 δὲ
3185 2042 3325 2114 μέρη
3359 2043 3532 2114 ἑτέρῳ
3561 2059 3636 2112 τῳ
3663 2041 3783 2112 μάλ-

2220 2127 2308 2181 λον
2341 2127 2644 2182 ἐπιϐάλλειν
2691 2129 2724 2200 ἣ
2759 2128 2836 2198 τῷ
2865 2129 3018 2200 ήλίῳ.
3059 2132 3218 2201 Μέρη
3261 2131 3372 2202 γὰρ
3400 2131 3495 2184 τοῦ
3529 2131 3648 2185 ὅλου
3689 2133 3785 2184 ἐνι-

2221 2218 2386 2272 αυτοῦ
2433 2221 2481 2272 οί
2535 2220 2856 2290 καλούμενοι
2901 2221 3090 2290 μῆνες,
3139 2222 3234 2292 ἢὸ
3269 2239 3324 2276 τι
3373 2223 3572 2293 δήποτε
3613 2223 3782 2276 καλεῖν

2223 2311 2376 2379 φίλον
2405 2311 2494 2364 τὸν
2527 2313 2606 2375 εἰς
2651 2311 2857 2366 δώδεκα
2905 2313 3167 2385 μερισμὸν
3213 2315 3312 2386 τῆς
3341 2317 3436 2369 τοῦ
3471 2317 3618 2388 ἡλίου
3645 2333 3784 2386 περι-

2223 2405 2412 2474 φορᾶς.
2459 2404 2532 2457 Τὸ
2581 2405 2638 2457 δέ
2685 2403 2780 2458 τοῦ
2821 2405 2942 2458 ὅλου
2991 2407 3292 2477 ποιητικὸν,
3329 2411 3426 2460 καὶ
3465 2407 3572 2461 τῶν
3618 2407 3783 2478 μερῶν

2223 2497 2385 2550 ταὺτὸ
2416 2497 2694 2568 ποιητικὸν
2741 2496 2802 2562 ἐξ
2851 2497 3098 2568 ἀνάγκης
3143 2499 3312 2554 ἐστίν.
3351 2499 3448 2552 Ἐκ
3477 2500 3584 2552 τῶν
3617 2499 3782 2570 μερῶν

2221 2589 2330 2660 γὰρ
2357 2589 2418 2641 τὺ
2467 2589 2606 2656 ὅλον,
2635 2590 2730 2644 καὶ
2773 2593 2838 2661 τῇ
2886 2591 3094 2660 γενέσει
3139 2592 3382 2664 πρότερα
3427 2593 3524 2646 τοῦ
3567 2593 3682 2646 ὅλου
3719 2589 3782 2644 τά

2227 2681 2386 2753 μέρη.
2423 2683 2662 2734 Ἐστιδέ
2691 2683 2784 2736 καὶ
2817 2683 3242 2755 ἀνωμαλωτερόν
3281 2703 3342 2738 τε
3385 2688 3480 2740 καὶ
3515 2685 3782 2739 ἀτακτότε-

2226 2791 2316 2844 ρον
2349 2773 2410 2826 τὺ
2443 2773 2578 2846 πρὸς
2607 2774 2702 2846 τὴν
2745 2774 2916 2846 φοράν
2955 2777 3056 2845 τῆς
3085 2776 3313 2846 σελήνης
3339 2778 3526 2846 ἄγειν·
3553 2777 3616 2830 δι’
3647 2777 3674 2830 ὃ
3697 2775 3780 2828 καὶ

2227 2865 2396 2936 συχνὰ
2419 2865 2761 2920 ἐπιϐάλλουσι
2791 2867 2933 2938 μῆνα
2972 2869 3021 2920 οί
3055 2867 3224 2932 οὕτως
3257 2869 3508 2936 ἄγοντες,
3541 2869 3634 2923 καλ⁵
3661 2867 3786 2940 πρά·

2224 2975 2408 3028 γματα
2453 2957 2656 3028 ἔχουσι,
2711 2957 2777 3012 τὰ
2821 2959 2916 3029 μὲν
2953 2959 3325 3033 δωδεκάμηνα,
3371 2961 3450 3016 ’τά
3471 2963 3528 3015 δὲ
3554 2977 3784 3034 τρισκαιει

2225 3050 2507 3120 δεκάμηνα
2549 3051 2860 3122 ποιούμενοι
2897 3053 3003 3106 τῶν
3034 3053 3187 3106 ἐτῶν.
3217 3053 3434 3110 Οὐκοῦν
3459 3053 3606 3126 παρά
3641 3052 3784 3122 φύσιν

2151 3173 2194 3231 C
2225 3157 2288 3210 γε
2331 3139 2547 3211 μᾶλλον.
2580 3139 2743 3205 Τάξις
2783 3141 2891 3212 γάρ
2918 3159 3002 3205 τις
3033 3143 3068 3212 ή
3102 3142 3280 3212 φύσις,
3315 3145 3419 3197 καὶ
3446 3143 3595 3216 παρὰ
3640 3143 3784 3212 φύσιν

2225 3233 2333 3286 πᾶν
2360 3232 2422 3284 τὸ
2451 3231 2768 3305 πλημμελές
2795 3251 2856 3286 τε
2908 3235 3001 3288 καὶ
3045 3235 3294 3290 ἄτακτον.
3333 3235 3414 3291 Τὸ
3435 3239 3480 3291 δ’
3509 3235 3784 3308 ἀχρηστίαν

2223 3325 2315 3378 τοῦ
2344 3323 2494 3396 ήλίου
2523 3325 2951 3394 καταγινώσκειν
2989 3327 3078 3380 διὰ
3121 3327 3216 3398 τὴν
3245 3328 3346 3398 τῆς
3385 3329 3611 3401 σελήνης
3643 3327 3782 3380 δύνα-

2229 3433 2320 3487 μιν
2363 3415 2458 3470 καὶ
2495 3417 2562 3470 τὰ
2595 3417 2913 3488 φαινόμενα,
2945 3417 3152 3489 αἴτημα
3195 3417 3314 3472 λίαν
3349 3421 3498 3489 μέγα
3543 3419 3672 3484 ἐστὶ,
3699 3415 3784 3470 καὶ

2225 3507 2581 3578 προσέχοντος
2599 3507 2844 3580 αἰσθήσει
2880 3509 3076 3580 μᾶλλον
3109 3509 3283 3563 ἔοικεν
3301 3507 3446 3566 εἷναι
3477 3513 3509 3584 ἧ
3541 3506 3780 3580 λογισμῷ.

2226 3598 2308 3651 Τά
2333 3615 2392 3651 τε
2419 3599 2524 3671 γὰρ
2553 3599 2650 3670 τῆς
2677 3600 2904 3670 σελήνης
2925 3600 3058 3671 ἔργα
3081 3601 3171 3654 διὰ
3193 3601 3284 3656 τὸν
3305 3601 3481 3672 ἥλιον,
3509 3603 3583 3665 ὡς
3606 3601 3780 3660 εἰπεῖν.

2227 3691 2421 3744 ἅπαντ’
2465 3691 2611 3744 ἐστί’
2649 3691 2708 3744 τό
2747 3709 2808 3744 τε
2855 3693 3088 3761 μάλιστα
3127 3694 3366 3764 κοσμοῦν
3405 3697 3476 3752 τὰ
3523 3695 3663 3765 τῇδε,
3699 3690 3782 3744 καὶ

2229 3781 2508 3852 ρυθμίζον,
2543 3781 2636 3836 καὶ
2663 3781 2962 3848 διατάττον,
2995 3784 3024 3834 ὁ
3051 3784 3199 3854 ἥλιός
3225 3789 3362 3840 ἐστι.
3397 3788 3508 3841 Καὶ
3558 3785 3658 3857 μὴν
3699 3781 3783 3836 καὶ

2225 3873 2325 3942 τῆς
2351 3873 2478 3944 περὶ
2503 3875 2628 3936 τοὺς
2647 3873 2838 3938 ἄλλους
2869 3876 3102 3946 ἀστέρας
3131 3877 3431 3949 εὐκρασίας
3461 3879 3624 3932 αἴτιον
3658 3871 3782 3928 εῖναι

2227 3966 2318 4019 τὸν
2351 3966 2501 4036 ἥλιον
2545 3965 2722 4030 ἄλλοις
2757 3983 2818 4020 τε
2863 3967 2973 4022 τῶν
3017 3967 3241 4033 ἐνδόξων
3287 3971 3380 4024 καὶ
3420 3969 3684 4042 Στράϐωνι
3712 3962 3783 4032 τῷ

2230 4059 2537 4128 γεωγράφῳ
2572 4058 2734 4114 δοκεῖ.
2775 4059 3169 4131 Ἐναργέστερα
3203 4060 3385 4131 μέντοι
3423 4061 3490 4115 τά
3533 4060 3656 4130 περὶ
3693 4055 3781 4124 τήν

2233 4149 2460 4220 σελήνην
2489 4149 2848 4220 συμϐαίνοντα
2891 4151 3030 4204 κατά
3061 4151 3346 4222 διαφόρους
3377 4153 3568 4223 φάσεις
3597 4153 3656 4204 ἐκ
3685 4147 3782 4200 τῶν

2233 4240 2369 4310 πρὸς
2399 4239 2488 4292 τὸν
2517 4240 2666 4310 ἥλιον
2695 4241 3046 4294 ἀποστάσεων
3073 4243 3205 4312 ήμῖν
3241 4242 3478 4315 ἀπαντᾷ.
3511 4241 3652 4294 Ὥστ’
3677 4237 3782 4289 ἐπι-

2231 4333 2470 4403 τηρητέα
2502 4332 2681 4402 μέντοι
2711 4333 2802 4386 καὶ
2833 4333 2982 4386 ταῦτ’
3005 4333 3170 4396 ἐστὶν,
3211 4333 3320 4387 εἴτε
3355 4335 3478 4388 καθ’
3507 4328 3781 4401 ἑϐδομάδας

2233 4423 2340 4476 εἴτε
2382 4421 2502 4476 καθ’
2545 4423 2728 4492 ἕτερον
2757 4423 2902 4494 μῆνα
2949 4423 3096 4477 δοκεῖ
3140 4425 3472 4494 σεληνιακὸν.
3507 4424 3578 4476 Οὐ
3608 4419 3706 4492 μὴν
3731 4415 3780 4468 δὲ

563 4519 694 4574 boni
747 4517 1056 4587 geograplio
1118 4513 1349 4568 videtur.
1395 4511 1744 4565 Evidentiora
1785 4517 1971 4564 tamen
2008 4525 2124 4564 sese

2238 4515 2331 4569 καὶ
2359 4515 2536 4586 μόνοις
2559 4514 2730 4567 τοῖσδε
2768 4515 3080 4586 χρωμένους
3109 4517 3291 4570 ἐατέον
3321 4517 3448 4580 τοὺς
3500 4513 3616 4568 καθ’
3648 4509 3782 4581 ἥλιον

564 4613 724 4668 nobis
749 4611 1004 4674 oil'erunt,
1025 4621 1144 4678 qua:
1157 4607 1482 4676 contingunt
1499 4604 1648 4658 circa
1681 4604 1888 4668 lunam,
1909 4611 2131 4672 propter

563 4706 876 4760 dill'erentes
903 4703 1024 4772 ejus
1049 4702 1284 4772 species,
1311 4715 1378 4754 ex
1407 4697 1576 4754 variis
1603 4697 1736 4752 solis
1765 4696 2136 4765 intercapedi-

563 4799 728 4853 nibus
761 4796 1190 4866 proﬁciscentes.
1234 4793 1579 4860 Quapropter
1617 4787 1959 4842 observanda
2004 4794 2134 4839 sunt

565 4891 704 4956 haec,
745 4890 860 4943 sive
893 4903 992 4958 per
1031 4886 1386 4955 septimanas,
1419 4885 1536 4937 sive
1589 4897 1684 4950 per
1711 4881 1942 4934 alterum
1979 4895 2134 4933 men-

565 4997 680 5037 sem
709 4982 956 5034 lunarem
985 4977 1221 5032 videtur.
1257 4973 1444 5045 Neque
1481 4989 1614 5028 vero
1649 4974 1736 5028 his
1761 4973 1896 5028 solis
1929 4971 2133 5026 utendo

561 5073 774 5130 solares
807 5072 1062 5126 deserere
1089 5075 1326 5137 oportet,
1359 5067 1452 5136 qui
1479 5067 1590 5120 sint
1619 5067 1778 5136 longe
1807 5065 2132 5135 aequabilio-

563 5181 676 5228 res,
709 5175 764 5218 et
801 5169 986 5232 partes
1033 5169 1338 5228 temporum
1381 5157 1642 5212 divinitus
1679 5157 2130 5222 constitutorum,

563 5257 842 5323 totiusque
877 5253 1010 5306 anni
1041 5251 1278 5321 propriae
1315 5258 1368 5306 et
1413 5249 1628 5304 nativa}.
1681 5249 1996 5302 Secundum
2035 5261 2135 5300 na-

565 5357 744 5402 turam
777 5347 924 5402 enim
969 5345 1022 5398 id
1075 5344 1396 5414 simpliciter
1442 5352 1568 5396 est:
1612 5339 2054 5411 quandoquidem
2105 5355 2135 5394 a

565 5455 757 5504 causa,
787 5449 840 5492 et
869 5439 1070 5510 priore,
1121 5443 1176 5490 et
1229 5436 1406 5504 magis
1447 5435 1784 5490 necessaria.
1818 5425 1976 5501 Quod
2005 5450 2136 5490 vero

565 5543 650 5586 est
675 5547 706 5584 a
737 5533 887 5596 luna,
919 5531 1104 5586 notius
1131 5529 1292 5585 nobis
1314 5543 1437 5582 cum
1483 5529 1556 5584 sit
1595 5537 1650 5582 et
1680 5530 1944 5597 apertius,
1987 5531 2134 5582 viam

567 5623 635 5676 ad
659 5639 721 5678 ea
739 5639 867 5692 qua:
899 5631 1028 5677 sunt
1057 5623 1268 5676 notiora
1299 5629 1518 5686 natura,
1549 5630 1602 5676 et
1631 5623 1982 5692 perfectiora,
2015 5637 2136 5676 mu-

567 5715 670 5767 nit.
693 5713 1060 5777 Quamobrem
1085 5717 1266 5771 Caesar
1294 5723 1654 5785 cognomento
1685 5714 1826 5785 apud
1859 5714 2135 5770 Romanos

572 5803 762 5868 Divus,
803 5803 1083 5873 ingressus
1115 5804 1256 5860 hanc
1275 5807 1418 5860 viam
1465 5805 1528 5860 ad
1573 5789 1648 5871 id,
1683 5805 1828 5874 quod
1857 5812 1976 5860 erat
2007 5820 2128 5861 cer-

2237 4605 2412 4676 μῆνας
2435 4603 2832 4675 ὁμαλεστέρους
2852 4605 3009 4670 ὄντας
3037 4603 3186 4677 παρά
3219 4603 3376 4670 πολὺ,
3405 4605 3500 4658 καὶ
3528 4603 3660 4674 μέρη
3686 4593 3781 4648 τῶν

2235 4695 2300 4748 ἐκ
2331 4694 2464 4747 Θεοῦ
2489 4693 2666 4766 ὡρῶν,
2705 4694 2798 4748 καὶ
2845 4693 2936 4746 τοῦ
2983 4695 3104 4748 ὅλου
3147 4695 3391 4749 ἐνιαυτοῦ
3417 4694 3590 4748 οἰκεῖά
3617 4705 3672 4742 τε
3699 4685 3780 4738 καὶ

2235 4785 2496 4854 αὐτοφυῆ.
2541 4785 2698 4838 Κατά
2737 4785 2897 4854 φύσιν
2930 4785 3036 4857 γὰρ
3079 4785 3222 4838 τοῦθ’
3267 4785 3486 4850 ἀπλῶς’
3519 4783 3667 4850 εἴπερ
3701 4773 3785 4828 καὶ

2235 4876 2294 4942 ἐξ
2325 4877 2521 4940 αἰτίου,
2565 4877 2657 4930 καὶ
2695 4877 2983 4948 προτέρου,
3019 4877 3112 4930 καὶ
3151 4877 3594 4947 ἀναγκαιοτέρου.
3628 4869 3695 4922 Τὸ
3733 4863 3782 4916 δὲ

2235 4967 2342 5020 ἀπὸ
2368 4967 2464 5037 τῆς
2501 4966 2745 5037 σελήνης,
2793 4965 3210 5038 γνωριμώτερον
3251 4967 3310 5019 ὂν
3347 4969 3478 5038 ήμῖν
3514 4963 3605 5018 καὶ
3637 4951 3784 5022 σαφέ-

2239 5075 2445 5130 στερον,
2479 5058 2594 5120 ὁδός
2637 5059 2782 5110 ἐστιν
2807 5059 2898 5112 ἐπὶ
2925 5059 2994 5112 τά
3019 5063 3084 5130 τῇ
3117 5059 3274 5128 φύσει
3318 5047 3698 5128 γνωριμώτερά
3729 5057 3782 5094 τε

2236 5151 2330 5204 καὶ
2373 5149 2692 5221 τελεώτερα.
2731 5151 2808 5202 Δι’
2835 5151 2864 5202 ὅ
2893 5152 2988 5204 καὶ
3025 5153 3072 5204 οἱ
3118 5151 3244 5222 περὶ
3287 5151 3540 5220 Καίσαρα
3567 5144 3654 5198 τὸν
3699 5139 3784 5189 ἐπ’

2237 5242 2620 5313 ωνομασμένον
2652 5245 2764 5306 τοῖς
2781 5243 3070 5314 Ῥωμαίοις
3107 5242 3244 5308 θεὸν,
3267 5242 3466 5312 ταύτην
3497 5238 3674 5296 ἰόντες,
3701 5222 3782 5280 ἐπὶ

2235 5335 2552 5406 τάκριϐέστε
2563 5353 2650 5407 ρον
2681 5335 2971 5408 ἐληλύθασι
3001 5335 3185 5408 μηνῶν
3207 5353 3264 5388 τε
3291 5337 3386 5389 καὶ
3409 5326 3648 5388 ἐνιαυτοῦ
3679 5321 3781 5374 δια-

2235 5427 2440 5492 τάξεως
2475 5429 2620 5500 πέρι.
2651 5429 2714 5484 Οί
2737 5428 2779 5481 δ’
2809 5427 2916 5499 ἄρα
2954 5431 3064 5492 τοῖς
3096 5431 3152 5482 ἐν
3187 5429 3312 5481 ποσὶ
3351 5429 3442 5481 καὶ
3471 5424 3596 5495 ἡμῖν
3637 5425 3784 5500 σαφῗ

2239 5520 2448 5592 στέροις
2481 5497 2958 5590 ἐπιμένοντες-διὰ
2997 5519 3182 5582 τέλους
3235 5519 3472 5572 ἐοίκασιν
3513 5513 3571 5566 οὐ
3625 5497 3782 5560 καλῶς

2237 5615 2459 5684 κρίνειν,
2485 5613 2536 5666 τί
2572 5615 2633 5666 τὸ
2659 5613 2724 5666 δι’
2760 5613 2910 5676 αὐτὸ,
2935 5613 3028 5665 καὶ
3061 5612 3113 5664 τί
3147 5611 3208 5664 τὸ
3232 5611 3296 5664 δι’
3323 5610 3506 5682 ἕτερον
3541 5593 3778 5684 αἱρετέίξν·

2238 5681 2414 5770 Ὅλως
2455 5723 2514 5758 τε
2553 5707 2634 5760 δεῖ
2673 5704 2912 5776 νομίζειν
2947 5705 3016 5757 τὰ
3045 5703 3269 5774 ὕστερον
3308 5681 3480 5774 χρόνῳ
3511 5681 3782 5776 μακρῷ-δι·

2233 5799 2591 5872 ηκριϐωμένα
2621 5773 2749 5869 περί
2787 5795 3134 5870 ἀστρολογίαν
3161 5773 3292 5848 πολύ
3327 5773 3378 5848 τι
3427 5789 3532 5846 τῶν
3567 5773 3781 5853 ἀρχαίων
