4106 6426
387 371 522 428 H97

1337 366 1686 423 THEODOBI
1725 364 1932 421 ΕΑΖᾹΞ
1984 363 2183 446 LIBER
2224 364 2313 418 DE
2353 364 2714 423 MENSIBUS.

3494 374 3629 431 H98

386 486 695 558 διαφέρειν
729 482 863 538 ἀλλὰ
893 482 967 555 μὴ
1002 482 1226 546 ἑκόντας
1271 482 1363 534 ὑπ’
1400 481 1688 544 αὐθαδείας
1726 481 1830 553 πρὸ
1858 479 1957 533 τῶν

2069 478 2178 534 tius
2209 480 2565 551 exactiusque
2584 480 2651 535 de
2681 479 2811 535 anni
2846 480 3226 553 mensiumque
3250 483 3629 554 dispositione:

381 576 726 648 τελεωτέρων
748 576 820 629 τά
849 574 1177 645 ἀτελέστερα
1220 575 1481 637 ἐπαινεῖν,
1511 573 1698 644 ὥσπερ
1725 574 1782 625 ἐν
1814 572 1960 644 γήρᾳ

380 670 452 725 τὰ
478 669 586 724 τῶν
608 669 742 724 νέων
766 671 981 741 φρονεῖν
1028 667 1106 721 ἔτι
1142 666 1625 739 προαιρουμένους.
1669 664 1822 719 Ἐπεὶ⁵
1868 664 1961 718 καὶ

383 760 619 831 Γαληνὸς
660 763 718 814 ἐν
753 762 867 823 τοῖς
909 758 1038 830 περὶ
1074 758 1345 829 κρισίμων
1374 754 1597 829 ἡμερῶν
1648 755 1825 825 λόγοις
1871 754 1962 808 τὸν

385 852 629 906 ἐνιαυτὸν
656 852 748 905 ἐπὶ
771 852 891 915 ταῖς
918 850 1080 905 πέντε
1105 850 1199 903 καὶ
1225 849 1488 921 ἐξήκοντα
1510 848 1603 902 καὶ
1625 847 1963 919 τριακοσίαις

387 943 639 1014 ἡμέραις,
674 942 1018 1013 ἐπικείμενον
1046 940 1190 1012 ἐχειν
1225 957 1278 993 τι
1315 940 1500 1011 μόριον
1540 939 1753 1010 ἡμέρας
1781 935 1962 1007 μεῖζον

386 1036 421 1108 ἢ
451 1036 526 1099 ὡς
552 1035 808 1107 τέταρτον
839 1034 1006 1103 λέγει.
1041 1034 1112 1087 Τὸ
1152 1033 1198 1086 δ’
1231 1032 1290 1085 οὐ
1338 1030 1539 1102 μεῖζον,
1589 1029 1701 1084 ἀλλ’
1747 1029 1962 1082 ἔλαττον

384 1122 543 1192 εἶναι,
570 1129 688 1189 ταῖς
716 1126 940 1197 ὕστερον
969 1124 1356 1195 ἐπιτηρήσεσιν
1397 1120 1647 1193 εὓρηται.
1675 1120 1739 1173 Ei
1777 1119 1823 1173 δ’
1855 1119 1963 1189 ἄρα

384 1236 489 1273 που
524 1219 658 1291 μηδὲ
701 1219 768 1273 τὰ
811 1219 939 1288 περὶ
980 1216 1079 1289 τὴν
1106 1214 1255 1287 ἡλίου
1297 1214 1510 1285 κίνησιν
1540 1211 1798 1284 τάκριϐὲς
1828 1226 1964 1263 παν-

382 1310 617 1362 τάπασιν
649 1306 787 1377 ἴσχοι
825 1308 957 1377 ἡμῖν
981 1323 994 1337 ·
1028 1304 1144 1359 ἀλλ’
1171 1300 1263 1357 οὖν
1296 1319 1360 1372 γε
1406 1300 1540 1355 πολὺ
1571 1300 1679 1354 τῶν
1708 1300 1836 1371 περὶ
1864 1299 1962 1371 τὴν

384 1400 613 1473 σελήνην
659 1397 1001 1471 ἀκριϐέστερ⁹
1045 1397 1183 1463 ἐστὶ,
1226 1397 1320 1450 καὶ
1377 1395 1439 1448 τὸ
1477 1392 1962 1464 πλημμελούμενον

381 1493 890 1565 εὐδιορθωτότερον·
925 1491 1070 1559 εἴγε
1106 1490 1234 1560 μίαν
1269 1488 1367 1560 μὲν
1415 1485 1504 1540 διὰ
1547 1484 1961 1558 τετραετηρίδος

382 1578 591 1651 ἡμέραν
619 1578 934 1650 ἐμϐόλιμον,
968 1577 1096 1649 μίαν
1121 1577 1179 1630 δὲ
1208 1575 1391 1646 σχεδὸν
1423 1574 1512 1629 διά
1547 1574 1960 1646 διακοσαετηρί-

379 1669 467 1733 δος
522 1669 806 1741 ἐκϐόλιμον
858 1666 1164 1732 ποιεῖσθαι,
1205 1664 1568 1737 ἀποχρώντως
1616 1664 1682 1719 ἂν
1742 1662 1877 1734 ἔχοι,
1927 1661 1960 1734 ἢ

377 1760 575 1814 ὁπόσον
629 1760 696 1815 ἂν
739 1761 828 1815 διὰ
870 1761 1121 1814 πλείστου
1159 1759 1208 1812 οί
1253 1758 1532 1829 περιόντες
1579 1757 1665 1810 ἀεὶ
1702 1754 1780 1825 τῷ
1830 1754 1960 1825 χρό-

2067 569 2222 639 163
2253 570 2479 639 propius
2509 571 2765 627 accessit.
2795 572 2901 639 Qui
2935 589 3064 644 ergo
3110 575 3168 629 in
3198 577 3378 631 medio
3415 581 3630 647 positis.

2061 670 2116 713 et
2151 661 2309 714 nobis
2338 662 2810 721 manifestioribus
2838 666 3061 721 assidue
3095 667 3384 733 insistunt,
3417 685 3528 724 non
3561 671 3636 724 vi-

2063 750 2263 804 dentur
2291 760 2439 806 recte
2465 752 2789 822 dignoscere
2814 755 2945 825 quid
2970 771 3066 826 per
3089 772 3147 811 se
3173 765 3227 812 et
3252 759 3382 827 quid
3411 771 3635 829 propter

2063 841 2209 897 aliud
2249 845 2578 900 sumendum
2626 847 2721 901 sil.
2754 846 3044 917 Semelque
3075 849 3395 907 existimare
3421 858 3635 921 oportet

2065 936 2373 1004 astrologiae
2401 940 2926 1006 commentationes,
2961 955 3081 1010 quae
3129 942 3302 995 multo
3334 952 3461 1013 post
3494 952 3633 998 teut-

2063 1040 2197 1094 pore
2219 1026 2565 1097 diligentiore
2582 1044 2713 1082 cura
2734 1031 3001 1086 absolutae
3024 1039 3172 1098 sunt,
3205 1048 3315 1086 non
3341 1049 3533 1103 parum
3565 1032 3635 1089 ab

2064 1118 2304 1188 antiquis
2342 1119 2451 1175 illis
2478 1129 2770 1190 praestare;
2810 1137 2918 1176 non
2950 1131 3134 1178 autem
3164 1139 3276 1193 pra:
3327 1125 3634 1195 pervicacia

2063 1205 2264 1262 decens
2289 1218 2372 1262 est
2395 1210 2796 1280 imperfectiora
2823 1214 3248 1283 perlectioribus
3277 1225 3631 1287 anteponere,

2063 1300 2219 1370 quasi
2249 1302 2492 1357 volentes
2515 1302 2569 1356 in
2598 1312 2879 1360 senectute
2907 1305 3086 1361 adhuc
3116 1309 3352 1364 retinere
3387 1310 3635 1379 pueritiae

2066 1393 2319 1463 ineptias.
2357 1392 2587 1460 Quando
2618 1396 2703 1450 vel
2733 1396 2850 1467 ipse
2880 1396 3121 1453 Galenus
3144 1399 3199 1453 in
3234 1400 3392 1456 libris
3423 1400 3490 1456 de
3518 1400 3634 1457 die-

2064 1485 2165 1540 bus
2193 1485 2512 1543 decretoriis
2542 1487 2697 1553 dicit,
2739 1503 2885 1543 anno
2906 1505 3068 1560 supra
3097 1499 3372 1547 trecentos
3395 1499 3451 1547 et
3484 1508 3635 1548 sexa-

2063 1576 2213 1646 ginta
2238 1578 2480 1648 quinque
2505 1578 2655 1643 dies,
2689 1581 3017 1650 particulam
3049 1586 3344 1654 quamdam
3373 1586 3635 1642 accedere

2064 1668 2170 1722 diei
2204 1670 2511 1739 quadrante
2542 1672 2829 1742 majorem.
2854 1674 3017 1746 Atqui
3050 1693 3158 1732 non
3195 1678 3459 1749 majorem
3489 1694 3632 1746 esse,

2064 1762 2156 1818 sed
2190 1763 2475 1828 minorem,
2518 1766 2751 1832 posteris
2782 1768 3267 1824 observationibus
3313 1775 3634 1825 annotatum

380 1870 456 1924 νῳ
487 1852 849 1926 ἀστρονομίας
896 1852 1279 1924 ἐμπειρότατοι
1323 1850 1599 1922 κρίνωσιν.
1646 1847 1810 1901 Οὐδὲν
1850 1845 1957 1916 γάρ

2060 1863 2160 1908 est.
2184 1852 2337 1919 Quod
2362 1854 2405 1909 si
2433 1854 2573 1910 forte
2603 1871 2671 1911 ne
2698 1858 2832 1912 solis
2858 1859 3078 1929 quidem
3113 1870 3296 1916 motus
3329 1861 3472 1916 ratio
3500 1861 3636 1915 satis

377 1945 457 2017 τῷ
509 1946 735 2017 παρόντι
785 1946 1142 2018 προσίσταται
1190 1945 1353 2016 λόγῳ,
1396 1945 1451 1998 εί
1494 1961 1638 2008 τινες
1685 1941 1962 2014 ἀμφισϐη-

378 2039 531 2094 τοῦσι
562 2038 804 2112 περὶτοῦ
837 2039 943 2093 τῶν
970 2038 1105 2093 ἐτῶν
1138 2038 1395 2111 πλήθους.
1443 2035 1962 2108 Ἀναμφισϐητήτως

377 2130 488 2202 γάρ
529 2134 564 2203 ή
604 2131 974 2204 ἐπανόρθωσις
1018 2130 1170 2185 ἔσται
1226 2130 1317 2185 διὰ
1371 2129 1650 2195 πλείστου,
1694 2128 1842 2219 ὅπως
1893 2125 1960 2180 ἂν

377 2228 499 2297 ἔχῃ.

2068 1941 2228 1996 nobis
2260 1950 2507 2010 constet;
2552 1954 2606 1997 at
2644 1960 2806 2014 quam
2861 1946 3005 2001 luna:
3047 1955 3195 2002 certe
3228 1949 3402 2003 multo
3432 1949 3637 2003 certior

2067 2040 2173 2094 est,
2204 2033 2433 2103 ejusque
2472 2050 2630 2089 error
2679 2037 2872 2104 levior,
2899 2046 2953 2093 et
2986 2040 3168 2095 minus
3202 2041 3379 2095 errori
3405 2040 3636 2110 prepin-

2067 2140 2228 2195 quus.
2266 2124 2548 2195 Siquidem
2581 2128 2716 2184 satis
2756 2139 2841 2185 est
2873 2148 3042 2187 unum
3091 2133 3235 2188 diem
3272 2141 3469 2203 quarto
3498 2147 3638 2202 quo-

2065 2231 2174 2286 que
2217 2230 2362 2269 anno
2410 2214 2753 2285 intercalari;
2800 2227 2924 2289 post
2969 2237 3098 2277 vero
3147 2222 3414 2277 ducentos
3468 2221 3639 2277 ferme

378 2318 554 2368 annos
576 2327 748 2367 unum
772 2313 1116 2384 exemptilem
1148 2313 1401 2380 ﬁeri,vel
1425 2327 1588 2384 quam
1618 2311 1781 2380 longo
1808 2303 2073 2376 temporis
2140 2304 2431 2360 intervallo
2477 2307 2839 2389 judicabant,
2902 2312 2998 2383 qui
3061 2313 3284 2368 assidue
3342 2312 3640 2368 succedent

377 2389 721 2476 experientia
746 2407 1078 2463 excellentes
1101 2410 1428 2463 astronomi.
1461 2406 1651 2477 Neque
1678 2403 1822 2458 enim
1855 2398 2143 2471 praesentis
2176 2409 2259 2453 est
2284 2401 2544 2466 instituti,
2581 2402 2625 2458 si
2652 2403 2854 2472 quibus
2880 2415 3235 2461 controversa
3262 2413 3347 2462 est
3372 2405 3429 2460 in
3450 2404 3554 2459 hac
3579 2417 3641 2463 re

376 2486 645 2553 annorum
695 2497 1010 2553 multitudo.
1044 2498 1201 2554 llaud
1248 2499 1412 2554 dubie
1455 2497 1600 2553 enim
1640 2492 1879 2566 plurimo
1932 2489 2197 2560 temporis
2231 2490 2530 2547 interstitio
2573 2495 2975 2564 emendabitur,
3014 2505 3295 2569 utcunque
3327 2515 3388 2556 se
3416 2498 3637 2554 habeat.

375 2602 503 2671 9οη
522 2614 770 2683 καὶτοῖς
798 2616 1014 2687 σοφοῖς
1037 2616 1466 2742 δὲκεῖβέλτιον
1492 2617 1564 2672 τὰ
1596 2614 1748 2671 κατὰ
1777 2613 1957 2683 ἣλιον

1114 2706 1261 2742 τίειν.

2061 2608 2217 2676 Quod
2264 2611 2390 2666 uiris
2432 2612 2774 2682 prudentibus
2820 2616 3144 2671 commodius
3186 2615 3393 2672 videtur
3443 2633 3639 2673 annum

2623 2686 2693 2738 ad
2717 2686 2880 2740 solem
2908 2704 3078 2742 aaere.

1114 2706 1261 2760 γειν.

2623 2701 2690 2738 αα
2717 2701 2880 2740 sotem
2908 2704 3078 2758 agere.

446 2777 552 2833 IA'.
608 2779 851 2834 Ἐπαινεῖ
873 2778 930 2833 δὲ
960 2779 1328 2851 διαφερόντως
1361 2781 1456 2835 καὶ
1488 2778 1834 2851 Πλούταρχος
1855 2779 1956 2850 τὴν

2128 2772 2220 2829 XI.
2261 2774 2513 2847 Impense
2552 2792 2682 2833 vero
2722 2777 2908 2832 laudat
2939 2780 3172 2836 Caesaris
3206 2780 3637 2836 emendationem

377 2867 655 2940 Καίσαρος
679 2870 1073 2943 ἐπανόρθωσιν,
1099 2871 1267 2937 δεινὸς
1295 2870 1370 2925 ὢν
1394 2875 1595 2944 κρῖναι,
1624 2864 1726 2924 ὧδε
1751 2871 1952 2940 λέγων’

2060 2863 2433 2933 Plutarchus,
2497 2870 2780 2939 praestanti
2842 2871 2927 2925 vir
2982 2871 3214 2941 judicio,
3261 2872 3344 2929 sic
3400 2872 3639 2928 dicens:

382 2977 404 3012 ι
445 2959 510 3013 Ἦ
534 2959 593 3012 δὲ
623 2960 714 3014 τοῦ
756 2961 1112 3033 ἡμερολογίου
1142 2961 1380 3025 διάθεσις
1420 2962 1515 3015 καὶ
1546 2962 1830 3034 διόρθωσις
1854 2961 1955 3033 τῆς

2064 2974 2084 3009 ι
2125 2957 2415 3015 Fastorum
2451 2968 2633 3016 autem
2656 2961 2965 3032 dispositio,
2990 2970 3044 3018 et
3088 2964 3474 3020 inconstantiae
3494 2965 3638 3021 illius

378 3050 509 3124 περὶ
546 3050 637 3105 τὸν
683 3052 874 3122 χρόνον
912 3052 1245 3124 ἀνωμαλίας,
1278 3053 1698 3124 φιλοσοφηθεῖσα
1734 3053 1956 3125 χαριέν-

2060 3066 2230 3122 vagae,
2262 3059 2318 3108 et
2347 3053 2571 3109 incerta:
2602 3055 2894 3121 correctio,
2919 3056 3195 3126 eleganter
3222 3056 3290 3111 ab
3318 3056 3439 3127 ipso
3466 3057 3639 3126 philo.

377 3160 489 3207 τως
525 3144 617 3196 ὑπ’
654 3143 842 3210 αὐτοῦ,
892 3144 987 3198 καὶ
1035 3144 1189 3210 τέλος
1230 3144 1490 3212 λαϐοῦσα,
1524 3146 1952 3218 γλαφυρωτάτην

379 3235 626 3308 παρέσχε
678 3237 887 3308 χρείαν.
945 3255 965 3288 ι
1021 3237 1301 3308 Ἡρόδοτος
1352 3239 1410 3293 δὲ
1459 3240 1554 3294 καὶ
1613 3239 1954 3312 σοφωτέρους

375 3326 549 3381 οἴεται
578 3344 718 3382 ειναι
746 3329 1077 3397 Αἰγυπτίους
1117 3329 1408 3402 Ἑλλήνων,
1442 3332 1573 3405 παρ’
1602 3331 1726 3385 ὅσον
1769 3333 1818 3384 οἱ
1855 3331 1954 3401 μὲν

376 3418 465 3472 διά
511 3420 695 3490 τρίτου
736 3420 892 3485 ἔτους
940 3422 1339 3494 ἐπεμϐάλλουσι
1374 3425 1552 3496 μῆνα·
1599 3426 1650 3478 oi.
1692 3425 1770 3491 δὲ,
1800 3442 1955 3496 τρια-

377 3509 750 3584 κονθημέρους
809 3513 1033 3582 ἄγοντες
1084 3516 1211 3578 τοὺς
1268 3515 1464 3587 μῆνας,
1521 3515 1681 3570 πέντε
1742 3516 1955 3588 ἡμέρας

378 3601 675 3671 ἐπάγουσιν
711 3602 815 3657 ἀνὰ
846 3604 1074 3660 ἕκαστον
1103 3605 1242 3669 ἔτος.
1275 3607 1349 3660 Οὐ
1374 3610 1556 3678 χεῖρον
1585 3607 1644 3660 δὲ
1676 3607 1769 3660 καὶ
1792 3607 1955 3661 πάλιν

378 3692 485 3766 τὴν
514 3693 659 3762 λέξιν
707 3696 871 3750 αὐτοῦ
915 3696 1291 3769 παραθέσθαι’
1328 3717 1347 3750 ι
1392 3699 1620 3768 Ἀγουσι
1661 3698 1716 3752 δὲ
1755 3698 1954 3770 τοσῷδε

379 3783 687 3858 σοφώτερον
713 3786 1000 3858 Ἑλλήνων,
1026 3788 1150 3859 ἐμοὶ
1170 3787 1398 3852 δοκέειν,
1432 3789 1542 3860 ὅσῳ
1569 3788 1825 3859 Ἕλληνες
1858 3789 1955 3860 μὲν

376 3876 471 3932 διὰ
494 3877 676 3948 τρίτου
696 3878 843 3944 ἐτεος
861 3879 1155 3953 ἐμϐόλιμον
1185 3881 1587 3952 ἐπεμϐάλλουσι
1630 3880 1741 3935 τῶν
1768 3881 1954 3954 ὡρέων

378 3970 556 4025 εἴνεκε
575 3989 589 4003 ο
619 3973 904 4043 Αἰγύπτιοι
932 3973 1013 4039 δὲ,
1041 3975 1540 4047 τριηκοντημέρους
1572 3974 1791 4044 ἄγοντες
1830 3973 1958 4036 τοὺς

380 4061 624 4119 δυώδεκα
651 4065 847 4137 μῆνας,
872 4066 1138 4136 ἐπάγουσι
1159 4066 1261 4120 ἀνα
1286 4067 1392 4121 πᾶν
1413 4065 1531 4130 ἔτος
1555 4066 1715 4120 πέντε
1745 4065 1957 4138 ἡμέρας

381 4154 560 4227 παρὲξ
580 4156 676 4210 τοῦ
699 4156 958 4230 ἀριθμοῦ.
983 4177 1002 4211 ι
1037 4157 1110 4213 Τὸ
1152 4158 1211 4212 δὲ
1254 4157 1757 4230 τριακονθημέρους
1802 4158 1957 4227 ἄγειν

379 4247 506 4313 τοὺς
543 4248 738 4319 μῆνας,
771 4250 912 4304 κατά
942 4250 1094 4322 ἥλιον
1123 4255 1278 4321 ἄγειν
1307 4247 1467 4317 εἶναι,
1511 4250 1661 4321 δηλοῖ
1700 4249 1957 4321 Στράϐων

379 4334 581 4391 οὑτωσὶ
612 4338 783 4408 λέγων
801 4357 816 4371 ·
853 4360 875 4393 ι
912 4342 1226 4411 Αἰγυπτίων
1253 4341 1298 4396 δ’
1324 4342 1441 4395 ἐστὶ
1464 4343 1561 4397 καὶ
1602 4342 1662 4395 τὸ
1692 4341 1791 4405 τὰς
1819 4341 1956 4413 ὴμέ-

385 4443 484 4499 ρας
523 4426 597 4499 μὴ
627 4427 770 4482 κατά
802 4430 1032 4502 σελήνην
1083 4432 1266 4498 ἄγειν,
1298 4430 1435 4484 ἀλλὰ
1470 4432 1613 4486 κατά
1641 4431 1814 4503 ἥλιον,
1838 4434 1955 4495 τοῖς

380 4518 866 4594 τριακονθημέροις
931 4522 1141 4579 δώδεκα
1197 4526 1362 4597 μησὶν
1428 4525 1744 4593 ἐπαγόντων
1795 4523 1956 4577 πέντε

379 4614 595 4687 ἡμέρας
623 4616 743 4668 κατ’
783 4615 1026 4672 ἐνιαυτὸν
1070 4619 1322 4674 ἕκαστον.
1376 4638 1396 4672 ›
1445 4619 1672 4691 Πλήθων
1718 4618 1818 4690 μὲν
1864 4614 1957 4672 οὖν

381 4704 518 4758 πολὺ
539 4704 743 4759 τούτων
778 4706 975 4779 ἀπᾴδει
1001 4708 1175 4777 λέγων
1203 4709 1347 4765 κατὰ
1379 4711 1541 4780 φύσιν
1576 4705 1717 4764 εῖναι
1757 4709 1957 4780 μᾶλλον

378 4795 443 4850 τὸ
491 4797 632 4852 κατά
678 4798 905 4870 σελήνην
944 4800 1098 4870 ἄγειν
1141 4803 1269 4867 τοὺς
1314 4804 1508 4875 μῆνας,
1557 4804 1654 4857 καὶ
1708 4803 1801 4857 τὸν
1859 4802 1958 4873 μὲν

379 4889 628 4947 ἐνιαυτὸν
678 4890 759 4963 τῷ
809 4892 968 4964 ήλίῳ,
1015 4895 1145 4959 τοὺς
1185 4896 1242 4950 δὲ
1280 4897 1456 4968 μῆνας
1494 4895 1711 4953 διαιτῶν
1754 4898 1822 4968 τῇ
1867 4912 1957 4949 σε-

380 4981 538 5057 λήνῃ.

630 5098 765 5167 Πῶς
793 5099 1096 5170 χρηστέον
1117 5102 1270 5170 μησί
1298 5102 1397 5159 καί
1431 5101 1703 5170 ἐνιαυτῷ.
1816 5161 1821 5167 ,

448 5190 551 5245 IB‘.
604 5190 797 5262 Ἦμεῖς
845 5192 901 5246 δὲ
950 5192 1179 5265 ὀνόμασι
1230 5193 1327 5264 μὲν
1377 5196 1492 5258 τοῖς
1520 5197 1830 5268 εἰρημένοις
1861 5196 1957 5251 καί⁹

377 5281 530 5350 τάξει
555 5285 874 5357 χρησόμεθα
906 5286 1016 5340 τῶν
1046 5286 1253 5359 μηνῶν,
1288 5287 1575 5360 πράγμασι
1604 5290 1663 5344 δὲ
1696 5292 1837 5347 κατά
1855 5291 1955 5365 τὴν

378 5375 656 5448 Καίσαρος
698 5376 1095 5451 ἐπανόρθωσιν,
1220 5377 1492 5452 χρώμενοι
1532 5383 1792 5453 Ῥωμαῖοι
1826 5386 1955 5456 ἄχρι

378 5468 474 5522 καὶ
503 5468 617 5536 νῦν,
648 5464 809 5542 ἦττον
852 5472 1054 5543 ἐτέρων
1083 5471 1408 5542 σφάλλεσθαι
1435 5475 1566 5546 περὶ
1607 5474 1707 5547 τὴν
1732 5477 1955 5549 ἀνωμα-

379 5557 499 5612 λίαν
547 5556 762 5613 δοκοῦσι
810 5562 1078 5632 χιλιοστὸν
1131 5565 1227 5618 καὶ
1273 5567 1726 5620 πεντακοσιοστὸν
1748 5567 1953 5638 ’ὀλίγου

375 5648 486 5707 δεῖν
511 5650 631 5705 τόδε
666 5651 804 5717 ἔτος.
832 5654 1147 5726 Λαμϐάνειν
1173 5673 1232 5711 τε
1261 5656 1539 5730 ἀξιοῦμεν,
1574 5661 1627 5715 εἴ
1652 5676 1795 5726 τινες
1821 5664 1955 5734 χρή-

446 5784 515 5817 ³⁹⁹
547 5783 795 5855 Euterpe,
837 5803 895 5848 n.
928 5787 983 5845 4.

1983 4396 2034 4457 D

2058 3141 2283 3211 sophica
2315 3144 2530 3199 ratione
2572 3146 2864 3215 explicata,
2894 3145 3166 3219 ﬁnemque
3196 3148 3414 3213 sortita,
3440 3147 3643 3218 jucun-

2058 3226 2347 3283 dissimum
2394 3246 2557 3286 usum
2605 3232 2860 3302 praebuit.
2892 3253 2911 3285 ι
2966 3233 3275 3291 Herodotus
3320 3246 3501 3293 autem
3545 3251 3640 3292 sae

2057 3319 2359 3389 pientiores
2409 3319 2615 3377 Graecis
2671 3324 2953 3379 existimat
2998 3323 3319 3398 Egyptios,
3367 3337 3639 3399 quatenus

2057 3409 2232 3466 Graeci
2280 3413 2443 3467 tertio
2481 3428 2702 3484 quoque
2739 3430 2886 3469 anno
2922 3432 3092 3470 unum
3125 3432 3370 3473 mensem
3402 3420 3640 3473 interca-

2057 3504 2194 3571 lant,
2232 3503 2475 3576 Egyptii
2539 3522 2670 3561 vero
2715 3508 3000 3563 mensibus
3042 3510 3354 3565 tricenariis
3398 3512 3639 3582 quinque

2058 3601 2178 3656 dies
2204 3602 2503 3671 quotannis
2531 3602 2817 3673 adjiciunt.
2854 3602 2959 3659 Sed
2995 3619 3098 3659 nec
3126 3604 3223 3659 abs
3252 3620 3312 3660 re
3340 3604 3505 3661 fuerit
3538 3622 3640 3660 au-

2059 3693 2230 3749 ctoris
2255 3691 2430 3764 ipsius
2457 3695 2626 3749 verba
2648 3710 2912 3764 reponere
2936 3696 3007 3728 ⁵⁰⁴
3035 3714 3050 3751 :
3078 3714 3097 3747 ι
3120 3696 3322 3767 Agunt,
3356 3697 3554 3768 inquit,
3574 3712 3642 3753 eo

2058 3784 2387 3855 prudentius
2430 3785 2659 3853 Graecis,
2694 3794 2756 3840 ut
2793 3788 2926 3841 mihi
2970 3788 3189 3859 quidem
3225 3789 3466 3855 videtur,
3493 3790 3641 3861 quod

2059 3865 2233 3933 Graeci
2288 3879 2452 3934 tertio
2495 3895 2715 3951 quoque
2767 3896 2914 3934 anno
2958 3897 3204 3937 mensem
3254 3866 3641 3939 intercalarem

2059 3968 2298 4035 faciunt,
2345 3970 2511 4041 idque
2554 3978 2860 4040 temporum
2893 3971 3073 4042 gratia
3108 3991 3122 4029 :
3159 3988 3350 4028 verum
3398 3972 3641 4045 Egyptii

2058 4058 2347 4115 duodecim
2382 4060 2667 4115 mensibus
2703 4060 2928 4132 (quibus
2964 4061 3348 4129 tricenos_dies
3376 4046 3643 4119 adnume-

2059 4151 2205 4224 rant)
2257 4153 2491 4224 singulis
2544 4153 2705 4209 annis
2753 4155 2999 4226 quinque
3054 4155 3172 4211 dies
3230 4155 3566 4211 adsciscunt.
3614 4176 3636 4210 ι

2059 4243 2310 4300 Tricenis
2347 4252 2528 4300 autem
2561 4244 2757 4301 diebus
2786 4262 3002 4302 menses
3032 4253 3244 4312 taxare,
3275 4246 3422 4317 quod
3465 4247 3537 4303 sit
3569 4248 3640 4304 ad

2060 4337 2193 4393 solis
2225 4351 2450 4393 cursum
2484 4352 2666 4408 agere,
2698 4337 2942 4392 ostendit
2975 4336 3171 4392 Strabo
3219 4338 3292 4391 ita
3335 4339 3590 4408 inquiens
3620 4359 3634 4394 :

2065 4446 2084 4479 ι
2120 4426 2502 4499 Egyptiorum
2554 4443 2686 4484 vero
2724 4436 2811 4485 est
2862 4436 2917 4485 et
2958 4428 3116 4495 illud,
3150 4428 3268 4485 dies
3301 4445 3411 4485 non
3450 4429 3519 4484 ad
3549 4431 3637 4486 lu-

2057 4534 2207 4586 nam,
2253 4521 2348 4577 sed
2409 4521 2478 4575 ad
2529 4521 2700 4576 solem
2763 4536 2944 4593 agere,
2994 4521 3304 4579 tricenariis
3352 4523 3638 4580 mensibus

2057 4612 2347 4668 duodecim
2382 4614 2625 4683 quinque
2668 4612 2786 4669 dies
2832 4614 3132 4685 quotannis
3174 4614 3570 4685 adjicientium.
3610 4635 3634 4669 ι

2057 4702 2288 4761 Plethon
2318 4705 2486 4775 igitur
2520 4706 2754 4760 multum
2797 4706 2867 4762 ab
2898 4706 2968 4762 iis
2997 4707 3295 4777 discrepat,
3323 4709 3512 4765 dicens
3544 4723 3635 4766 se-

2057 4797 2298 4853 cundum
2361 4804 2616 4851 naturam
2669 4798 2846 4868 magis
2900 4813 3023 4853 esse
3073 4814 3291 4855 menses
3337 4801 3405 4855 ad
3448 4801 3638 4855 lunam

2057 4904 2253 4960 agere;
2289 4904 2494 4944 annum
2527 4888 2748 4960 quidem
2781 4891 2885 4946 soli
2914 4906 3015 4962 pro
3046 4891 3275 4947 arbitrio
3307 4892 3635 4959 attribuens,

2056 4995 2276 5057 menses
2297 4997 2428 5037 vero
2453 4983 2618 5039 lunae.

2269 5095 2546 5164 Quomodo
2572 5097 2826 5152 utendum
2857 5096 3121 5153 mensibus
3152 5108 3202 5153 et
3226 5115 3385 5154 anno.

2125 5188 2243 5246 ΧΠ.
2283 5190 2395 5246 Nos
2443 5198 2626 5247 autem
2657 5199 2712 5247 et
2751 5191 2945 5247 ordine
2991 5194 3265 5247 mensium
3310 5203 3365 5250 et
3396 5192 3641 5249 nomini-

2055 5285 2162 5341 bus
2194 5293 2414 5340 utemur
2460 5284 2791 5356 explicatis;
2824 5285 2991 5342 rebus
3035 5300 3167 5341 vero
3205 5286 3361 5356 juxta
3401 5286 3638 5342 Caesaris

2057 5378 2515 5443 emendationem,
2550 5393 2659 5448 qua
2681 5379 2973 5438 hactenus
3015 5386 3233 5433 utentes
3260 5377 3495 5433 Romani
3532 5378 3639 5434 mi-

2057 5483 2163 5524 nus
2193 5468 2422 5538 reliquis
2452 5468 2509 5522 in
2535 5467 2639 5522 hac
2666 5468 2989 5524 confusione
3023 5468 3137 5522 falli
3164 5469 3422 5524 videntur
3452 5488 3465 5525 :
3507 5467 3638 5523 mil-

2059 5554 2284 5617 lesimus
2336 5570 2393 5616 et
2433 5575 2604 5631 prope
2651 5560 3126 5632 quingentesimus
3165 5561 3279 5632 jam
3323 5562 3413 5617 hic
3457 5576 3641 5624 anan

2057 5663 2162 5711 est.
2197 5653 2385 5726 Neque
2414 5667 2547 5708 vero
2571 5653 2620 5709 si
2654 5652 2785 5725 quid
2823 5666 2855 5706 a
2887 5653 3215 5724 quibusdam
3243 5655 3637 5728 excogitatum,
