4106 6430
465 374 602 432 H99

1521 369 1611 425 AD
1644 368 1921 427 susum
1950 367 2347 425 cunomcou
2388 348 2751 426 Appianum.

3578 374 3718 430 1⁸200

462 497 521 548 et
551 490 607 544 in
634 501 980 544 communem
1020 486 1146 541 vitae
1175 484 1463 541 utilitatem
1503 484 1759 539 collatum
1788 491 1893 547 est,
1923 485 2021 540 sive

2139 487 2296 556 σιμόν
2324 504 2376 539 τι
2406 484 2635 558 ἐφεῦρον
2660 485 2739 557 τῷ
2768 485 2889 556 βίῳ,
2924 485 3019 540 ἐάν
3050 504 3108 541 τε
3139 488 3356 542 Λατῖνοι
3381 481 3514 542 ὦσιν
3541 492 3594 544 οἱ
3621 494 3716 546 εὑ-

462 580 665 646 Latini,
704 580 820 635 sive
849 578 1069 634 barbari
1099 579 1208 633 sint
1233 576 1545 646 hujusmodi
1575 576 1907 641 inventores,
1933 576 2032 632 de-

461 673 753 743 dignamur
798 671 867 724 ab
914 670 984 726 iis
1028 669 1083 723 id
1136 669 1416 724 inventum
1459 667 1723 723 utendum
1761 668 2029 738 accipere,

461 779 764 832 omnesque
816 763 1149 817 domesticos
1206 767 1262 816 et
1318 760 1615 816 familiares
1679 760 2026 824 existimare,

464 858 713 914 homines
765 858 859 927 qui
905 855 1035 919 sint,
1071 863 1127 910 et
1180 853 1425 923 ejusdem
1476 854 1766 908 nobiscum
1822 861 2033 907 natura:

466 950 779 1021 participes,
814 948 992 1016 iisque
1030 946 1361 1001 inventionis
1400 946 1631 1016 gratiam
1674 944 1895 1007 habere,
1920 959 2031 998 non

462 1050 642 1097 autem
689 1054 800 1113 prae
856 1037 1060 1092 invidia
1109 1038 1449 1093 contentiose
1491 1035 1683 1099 rixari,
1731 1042 1784 1090 et
1837 1042 2031 1105 sponte

460 1133 732 1190 deteriora
766 1145 1073 1200 capessere.
1119 1129 1321 1187 Diebus
1359 1130 1543 1199 itaque
1570 1128 1831 1183 trecentis
1871 1140 2029 1182 sexao

457 1226 608 1297 ginta
639 1224 883 1295 quinque
923 1222 991 1277 ad
1029 1222 1162 1279 solis
1201 1237 1424 1277 cursum
1469 1220 1630 1276 nobis
1669 1218 2029 1275 distribuetur

456 1332 655 1379 annus,
690 1315 875 1371 addita
916 1330 1134 1385 quoque
1166 1315 1294 1368 huic
1334 1328 1564 1368 numero
1596 1312 1862 1383 particula
1892 1325 2028 1381 qua-

455 1412 604 1481 piam
633 1407 742 1463 diei
774 1416 971 1478 quarta
998 1414 1155 1478 parte
1187 1408 1417 1461 minore.
1458 1405 1525 1459 Et
1563 1420 1778 1461 menses
1806 1403 2025 1474 quidem

456 1500 795 1568 complentes
840 1499 1053 1554 dierum
1103 1513 1413 1562 numerum,
1450 1497 1543 1552 alii
1594 1497 1815 1568 triginta
1865 1502 2027 1550 erunt

454 1590 690 1656 dierum,
722 1590 813 1643 alii
855 1604 964 1644 uno
1005 1589 1095 1645 die
1132 1589 1519 1653 abundabunt;
1556 1604 1698 1644 unus
1726 1602 1854 1641 vero
1889 1601 2024 1640 con-

456 1681 609 1735 tinuo
638 1680 859 1751 quidem
891 1679 1129 1734 triennio
1169 1678 1383 1736 duobus
1419 1678 1632 1734 deﬁciet
1667 1679 1735 1734 de
1762 1677 2022 1748 triginta;

456 1779 654 1841 quarto
687 1778 867 1825 autem
915 1784 1083 1832 anno,
1117 1784 1229 1823 uno
1259 1770 1348 1825 die
1389 1777 1622 1823 tantum.
1671 1766 2025 1837 Quandoqui-

2140 577 2344 648 ρόντες,
2395 578 2491 631 ἐάν
2529 593 2589 629 τε
2626 576 2892 649 βάρϐαροι
2914 593 2927 607 ·
2960 578 3192 641 οἰκείους
3223 595 3283 631 τε
3323 579 3532 644 πάντας
3559 582 3715 653 νομί-

2138 668 2288 736 ζειν,
2337 669 2656 741 ἀνθρώπους
2702 687 2767 740 γε
2819 669 2999 735 ϐντας,
3045 671 3139 725 καὶ
3185 671 3576 743 μετειληφότας
3613 673 3716 744 τῆς

2137 762 2307 833 αὐτῆς
2338 764 2468 834 ἡμῖν
2516 762 2763 832 φύσεωςο
2800 763 2896 817 καὶ
2944 763 3105 835 χάριν
3151 763 3433 834 ὁμολογεῖν
3483 767 3596 829 τοῖς
3624 766 3716 819 εύ-

2140 850 2343 922 ροῦσιν,
2379 851 2514 905 ἀλλὰ
2567 851 2641 923 μὴ
2691 851 3016 922 φθονοῦντας
3052 853 3273 924 ἐρίζειν,
3309 853 3405 907 καὶ
3456 853 3715 910 ἐθελοκα-

2135 944 2272 996 κεῖν.
2313 942 2577 1015 Ἡμέραις
2605 942 2896 1015 τοιγαροῦν
2930 945 3273 1014 τριακοσίαις
3314 945 3409 998 καὶ
3448 944 3711 1017 ἐξήκοντα

2135 1033 2230 1086 καὶ
2261 1033 2423 1087 πέντε
2472 1035 2784 1106 ὁριζόμενος
2827 1038 2961 1108 ἡμῖν
3008 1037 3036 1089 ὁ
3085 1037 3328 1101 ἐνιαυτὸς
3357 1037 3531 1102 ἐσται,
3571 1038 3712 1092 κατὰ

2131 1126 2232 1196 τὴν
2282 1128 2431 1200 ἡλίου
2469 1128 2737 1200 περίοδον,
2782 1129 3209 1202 προστιθεμένου
3241 1129 3337 1184 τοῦ
3379 1131 3476 1184 καὶ
3517 1130 3709 1203 μορίου

2132 1220 2345 1293 ἡμέρας
2376 1222 2462 1274 ἐπ’
2491 1222 2710 1276 ἔλαττον
2747 1221 2782 1294 ἡ
2814 1223 2890 1287 ὡς
2922 1222 3352 1295 τεταρτημόριον
3383 1221 3463 1293 τῷ
3488 1222 3710 1294 ἀριθμῷ

2130 1313 2285 1385 τῷδε.
2339 1314 2451 1368 Καὶ
2508 1314 2677 1385 μῆνες
2718 1314 3164 1387 συμπληροῦντες
3196 1314 3289 1368 τὸν
3336 1314 3444 1369 τῶν
3486 1316 3709 1387 ἡμερῶν

2130 1402 2361 1475 ἀριθμὸν
2392 1406 2441 1458 oi
2490 1405 2589 1475 μὲν
2627 1406 3106 1479 τριακονθήμεροι,
3137 1408 3187 1459 οί
3213 1406 3272 1461 δὲ
3305 1409 3405 1479 μιᾷ
3434 1407 3710 1479 ὑπερϐάλ-

2129 1493 2312 1558 λοντες
2356 1496 2483 1559 τοὺς
2526 1496 2747 1568 ἐτέρους
2794 1498 3014 1569 ἡμέρᾳ·
3047 1492 3129 1561 εἷς
3173 1498 3231 1552 δὲ
3277 1499 3372 1552 καὶ
3414 1498 3559 1552 δυοῖν
3605 1499 3709 1571 μὲν

2130 1588 2390 1642 ἐλλείπων
2415 1588 2522 1642 τῶν
2552 1589 3033 1661 τριακονθημέρων
3062 1590 3188 1662 ἑξῆς
3216 1591 3384 1663 τριῶν
3412 1591 3570 1655 ἐτῶν,
3608 1594 3709 1665 μιᾷ

2128 1677 2185 1731 δὲ
2219 1677 2299 1749 τῷ
2325 1677 2588 1751 τετάρτῳ.
2635 1677 2808 1731 Ἐπτά
2847 1678 2956 1750 γὰρ
2987 1679 3119 1744 οἵδε,
3154 1678 3474 1743 Ποσειδεὼν,
3522 1681 3562 1733 Γ
3564 1698 3709 1753 αμη-

2129 1769 2278 1838 λιὼν,
2309 1772 2658 1842 Μουνυχιὼν,
2682 1770 3071 1843 Σκιροφοριὼν,
3109 1771 3534 1841 Μεταγειτνιὼν,
3570 1773 3710 1846 Βοη-

456 1863 580 1919 dem
624 1863 680 1917 bi
725 1871 956 1932 septem,
993 1860 1283 1926 Posideon,
1325 1860 1630 1924 Gamelion,
1673 1858 2021 1931 Munychion,

2125 1862 2387 1936 δρομιὼν,
2421 1862 2763 1933 Πυανεψιὼν,
2818 1865 2919 1935 μιᾷ
2968 1862 3334 1935 ὑπερϐαλοῦσι
3380 1864 3508 1927 τοὺς
3548 1881 3706 1937 τρια-

457 1953 847 2026 ScirOphorion
868 1994 882 2017 ,
927 1953 1283 2023 Metagitnion
1304 1992 1320 2017 ,
1371 1951 1728 2007 Boedromion
1752 1991 1767 2016 ,
1816 1950 2026 2023 Pyane-

453 2049 648 2119 psion,
687 2062 797 2102 uno
842 2047 931 2102 die
956 2046 1219 2101 excedent
1252 2045 1607 2111 tricenarius;
1652 2043 1849 2114 reliqui
1896 2058 2027 2099 vero

452 2139 685 2194 tricenis
710 2120 1062 2200 constabunt,
1092 2143 1455 2206 praeterquam
1486 2133 1895 2204 Elaphebolion.
1928 2134 2026 2189 Hic

454 2228 599 2282 enim
631 2242 727 2297 per
769 2235 884 2281 tres
922 2240 1097 2281 annos
1126 2225 1322 2280 diebus
1355 2233 1478 2279 octo
1506 2233 1561 2281 et
1590 2225 1782 2295 viginti
1814 2225 2028 2280 laxabi-

453 2327 565 2383 tur,
613 2317 708 2373 sed
745 2325 946 2388 quarto
998 2331 1143 2371 anno
1192 2315 1584 2386 undetriginta,
1620 2324 1843 2387 propter
1881 2317 2026 2371 diem

453 2407 856 2462 intercalarem.
877 2404 1051 2460 Porro
1074 2421 1174 2461 cur
1201 2421 1231 2460 a
1255 2406 1470 2461 Caesare
1493 2419 1709 2461 menses
1738 2405 1811 2458 ita
1837 2405 2028 2460 distri-

449 2498 567 2553 buti
593 2499 722 2564 sint,
741 2509 800 2555 ut
822 2498 911 2553 hic
930 2507 1074 2554 esset
1098 2499 1322 2568 triginta
1363 2498 1597 2562 dierum,
1617 2498 1705 2553 ille
1734 2513 1873 2563 non;
1899 2499 2028 2555 huic

451 2605 735 2657 excessus,
761 2592 838 2646 illi
866 2590 1112 2647 delectus
1144 2607 1157 2643 :
1190 2589 1417 2647 alterius
1441 2598 1526 2646 est
1550 2589 2022 2647 considerationis.

960 2701 1039 2757 De
1070 2701 1378 2757 intercalari
1418 2702 1521 2757 die.

520 2816 659 2873 Xlll.
686 2817 923 2873 “ensem
948 2817 1166 2888 quidem
1187 2818 1395 2872 nullum
1420 2832 1661 2888 unquam
1684 2857 1699 2882 ,
1727 2816 1823 2873 sed
1853 2831 2022 2872 unum

449 2908 597 2965 diem
652 2925 749 2980 per
798 2909 1045 2979 singulos
1095 2923 1365 2963 annorum
1407 2908 1795 2979 quaterniones
1837 2923 2025 2963 mense

450 3000 877 3071 Elapbebolione
915 2999 1384 3062 intercalabimus,
1413 2996 1874 3069 quemadmodum
1914 2996 2024 3051 Ro-

448 3094 597 3149 mani
629 3092 929 3149 Februario
957 3092 1283 3155 bissextum,
1316 3090 1396 3146 sic
1442 3095 1729 3155 vocantes,
1762 3088 1909 3159 quod
1939 3090 2025 3144 bis

2127 1951 2530 2024 κονθημέρους·
2588 1953 2638 2005 oi
2679 1953 2736 2006 δέ
2782 1952 2958 2007 λοιποὶ
3010 1953 3466 2025 τριακονθήμεροι
3491 1993 3507 2017 ,
3565 1953 3706 2024 πλὴν

2139 2043 2617 2114 Ἐλαφηϐολιῶνος.
2663 2044 2791 2098 Ὅδε
2833 2043 2942 2116 γάρ
2968 2044 3184 2116 ἡμέρας
3221 2044 3331 2111 ’ἐξει
3366 2045 3537 2099 εἴκοσι
3601 2046 3704 2116 μὲν

2128 2136 2222 2191 καὶ
2249 2136 2393 2190 ὀκτὼ
2438 2135 2566 2206 ἑξῆς
2608 2135 2777 2208 τριῶν
2816 2136 2977 2202 ἐτῶν,
3013 2137 3185 2189 εἴκοσι
3231 2136 3288 2190 δὲ
3320 2137 3415 2189 καὶ
3444 2136 3600 2190 ἐννέα
3624 2137 3705 2207 τῷ

2125 2229 2388 2300 τετάρτῳ,
2435 2228 2525 2283 διὰ
2564 2228 2663 2300 τὴν
2693 2228 3217 2300 παρεμϐαλλομένην
3247 2228 3479 2299 ἡμέραν.
3523 2230 3621 2281 Διὰ
3648 2228 3705 2283 τί

2125 2317 2182 2371 δέ
2210 2319 2322 2381 τοῖς
2363 2317 2491 2389 περὶ
2523 2317 2763 2389 Καίσαρι
2795 2316 2939 2370 οὕτω
2968 2316 3037 2370 τὰ
3076 2318 3206 2387 περὶ
3235 2316 3335 2381 τὰς
3373 2317 3581 2388 ἡμέρας
3625 2316 3705 2369 δι-

2125 2408 2346 2480 ῄρηται,
2378 2408 2454 2473 ὡς
2480 2408 2622 2463 τονδὶ
2656 2408 2755 2480 μὲν
2789 2408 3252 2480 τριακονθήμερον
3274 2404 3433 2472 εἶναι,
3457 2406 3593 2462 ἀλλὰ
3626 2408 3704 2478 μὴ

2123 2502 2289 2565 τονδὶ,
2310 2502 2452 2555 τονδὶ
2478 2501 2522 2554 δ’
2553 2499 2932 2573 ὑπερϐάλλειν,
2949 2501 3093 2555 τονδὶ
3119 2502 3164 2555 δ’
3190 2500 3483 2566 ἐλλείπειν,
3510 2500 3703 2571 ἐτέρας

2125 2597 2241 2649 ἐστὶ
2269 2594 2518 2667 θεωρίας.

2460 2704 2600 2773 Περὶ
2633 2702 2740 2772 τῆς
2765 2704 3091 2774 ἐμϐολίμου
3119 2702 3367 2772 ἡμέρας.

2194 2819 2293 2873 ll".
2324 2818 2484 2889 Μῆνα
2516 2818 2615 2889 μὲν
2639 2812 2733 2871 οῦν
2758 2816 2946 2870 ούδένα
2970 2815 3388 2887 ἐπεμϐαλοῦμεν
3411 2815 3662 2869 οὐδέποτε
3685 2832 3699 2846 ·

2126 2910 2255 2980 μίαν
2295 2909 2353 2962 δέ
2401 2908 2490 2962 διὰ
2546 2907 2958 2981 τετραετηρίδος
3010 2906 3224 2978 ἡμέραν
3269 2904 3349 2977 τῷ
3405 2905 3704 2977 Ἐλαφηϐο-

2123 2999 2296 3066 λιῶνι,
2333 2999 2584 3071 καθάπερ
2625 2998 2704 3070 τῷ
2727 2997 3076 3071 Φεϐρουαρίῳ
3119 2999 3376 3067 Ῥωμαῖοι
3421 2996 3699 3050 δίσεκτονο

2123 3092 2264 3146 οὕτω
2298 3092 2587 3155 καλοῦντες
2625 3092 2689 3145 ἐκ
2715 3091 2811 3144 τοῦ
2851 3091 2931 3154 δὶς
2960 3091 3058 3164 τὴν
3084 3089 3252 3161 αὐτὴν
3284 3090 3497 3163 ἡμέραν
3535 3107 3705 3163 προσ-

448 3187 627 3258 ipsum
654 3186 798 3242 diem
831 3184 1136 3240 inscribant
1162 3180 1319 3256 164
1343 3191 1555 3239 sextum
1579 3182 1852 3238 Kalendas
1883 3181 2018 3236 Illar-

2123 3184 2353 3257 γράφειν
2386 3183 2552 3255 ἕκτην
2587 3183 2692 3256 πρὸ
2748 3181 3039 3237 Καλενδῶν
3067 3182 3350 3254 Μαρτίων,
3375 3181 3532 3249 δόξαν
3561 3181 3705 3235 οὕτω

446 3279 572 3335 tias.
603 3278 681 3333 Ita
708 3280 853 3334 enim
885 3277 1088 3333 Caesari
1120 3277 1366 3348 Augusto
1400 3276 1578 3331 visum
1617 3283 1721 3330 est.
1750 3272 1863 3349 Nos
1891 3289 2022 3329 vero

446 3370 542 3425 tali
568 3364 833 3425 vocabulo
860 3368 1152 3438 nequimus
1191 3365 1303 3429 uti;
1347 3379 1474 3419 nam
1512 3364 1895 3420 intercalarem
1931 3380 2022 3420 so-

446 3464 559 3517 lum
603 3470 657 3517 et
700 3469 916 3517 sextum
947 3461 1050 3515 rite
1092 3458 1369 3529 appellare
1405 3472 1719 3527 possumus.
1751 3454 2019 3512 Caeterum

446 3555 516 3610 de
560 3554 839 3625 exemptili
893 3551 983 3606 die
1026 3551 1395 3607 consideratio
1442 3548 1791 3618 suscipienda
1833 3553 1937 3613 est,
1966 3555 2022 3604 et

445 3648 589 3720 quod
621 3646 797 3701 visum
832 3643 995 3698 fuerit
1052 3641 1227 3696 Latini
1257 3640 1581 3695 admonendi
1616 3649 1763 3705 sunt,
1791 3648 1852 3693 ut
1878 3638 2019 3694 idem

446 3736 842 3807 amplexantes,
874 3746 1076 3786 annum
1102 3731 1207 3787 sibi
1235 3730 1532 3800 corrigant.
1577 3727 1669 3783 Sic
1702 3729 1847 3783 enim
1879 3729 2021 3784 inter

447 3842 550 3882 nos
594 3825 904 3880 conveniet.
959 3823 1276 3892 Exemptilis
1336 3822 1480 3877 enim
1533 3820 1641 3877 diei
1687 3820 1800 3891 jam
1859 3820 2020 3891 longo

446 3928 694 3988 tempore
723 3916 870 3970 nulla
901 3916 1111 3970 ratione
1139 3915 1296 3978 inita,
1329 3915 1584 3978 solstitia,
1618 3922 1807 3969 nostra
1838 3921 2016 3981 aetate,

447 4010 619 4064 multo
648 4015 996 4062 antevertunt
1027 4006 1167 4061 diem
1209 4007 1412 4061 mensis
1455 4008 1524 4062 ab
1566 4007 1724 4061 initio
1755 4007 2018 4063 solstitia-

445 4103 552 4159 lem
581 4101 960 4156 constitutum.
997 4096 1087 4153 Sic
1122 4099 1305 4169 itaque
1329 4114 1545 4156 menses
1571 4109 1802 4172 agantur
1833 4100 2014 4166 nobis,

443 4194 724 4252 utentibus
746 4178 1062 4248 nominibus
1092 4192 1331 4248 traditis.

956 4300 1034 4356 De
1075 4302 1202 4357 anni
1238 4302 1519 4373 principio.

515 4417 653 4473 XIV.
684 4418 854 4473 Porro
897 4418 1027 4473 anni
1074 4418 1405 4490 principium
1445 4418 1808 4476 Athenienses
1841 4418 2018 4476 Heca-

2123 3278 2363 3350 Καίσαρι
2394 3276 2669 3349 Σεϐαστῷ.
2712 3277 2900 3349 Ἡμεῖς
2928 3277 2972 3330 δ’
3007 3276 3228 3346 ὀνόματι
3255 3274 3491 3347 χρῆσθαί
3533 3293 3611 3346 τῳ
3639 3276 3703 3328 οὐ

2122 3369 2351 3441 δεόμεθά
2391 3387 2456 3439 γε
2482 3369 2736 3441 τοιούτῳο
2782 3350 3075 3441 ἐμϐόλιμον
3105 3368 3214 3439 γάρ
3252 3368 3409 3439 μόνον
3450 3365 3545 3422 καὶ
3574 3367 3703 3437 ἔνην

2122 3462 2548 3535 προσαγορεύειν
2589 3462 2769 3527 καλῶς
2812 3461 2923 3533 ἔχει
2955 3463 3107 3533 ἡμῖν.
3144 3460 3280 3533 Περὶ
3314 3459 3370 3513 δὲ
3401 3459 3504 3530 τῆς
3547 3462 3705 3513 ἐκϐο-

2121 3556 2280 3629 λίμου
2310 3556 2569 3610 σκεπτέον
2620 3555 2716 3610 καὶ
2746 3556 2773 3610 ὅ
2802 3572 2856 3609 τι
2904 3554 2970 3610 ἂν
3015 3556 3144 3628 δοκῇ
3202 3555 3542 3627 παρακαλεῖν
3582 3553 3703 3607 δέον

2122 3652 2216 3705 καὶ
2247 3651 2509 3715 Λατίνους
2537 3649 2697 3703 ταὺτὸ
2720 3647 3041 3720 δεχομένους
3072 3645 3504 3719 ἐπανορθοῦσθαι
3549 3662 3702 3716 σφισι

2120 3741 2212 3795 τὸν
2250 3740 2512 3806 ἐνιαυτὸν,
2554 3740 2639 3794 ῐνα
2676 3737 3075 3810 συμφωνῶμεν.
3117 3735 3439 3809 Ἐκϐολίμου
3477 3734 3585 3807 γάρ
3618 3752 3701 3787 τοι

2121 3833 2334 3906 ἡμέρας
2356 3833 2547 3905 χρόνου
2570 3832 2672 3905 ἤδη
2708 3829 3239 3905 μακροῦδιελθόντος
3270 3828 3346 3901 μὴ
3375 3827 3700 3900 γενομένης,

2121 3924 2256 3978 πολύ
2294 3942 2345 3979 τι
2382 3924 2446 3996 δὴ
2480 3922 2835 3996 προτεροῦσιν
2875 3923 2930 3976 αἱ
2965 3922 3166 3995 τροπαὶ
3201 3922 3283 3991 ἐφ’
3307 3919 3469 3992 ἡμῶν
3504 3919 3601 3988 τῆς
3636 3917 3701 3984 ἐξ

2119 4016 2293 4087 ἀρχῆς
2315 4014 2583 4087 τροπικῆς
2611 4012 2823 4087 ἡμέρας
2850 4030 2915 4083 γε
2948 4011 3043 4066 τοῦ
3076 4012 3263 4084 μηνός.
3291 4012 3447 4067 Οῦτω
3479 4012 3577 4084 μὲν
3605 4009 3698 4067 οῦν

2120 4106 2312 4160 ἀκτέον
2338 4106 2463 4170 τοὺς
2499 4105 2693 4177 μῆνας,
2736 4102 3052 4177 χρωμένους
3092 4102 3319 4173 ὀνόμασι
3360 4104 3473 4165 τοῖς
3501 4101 3694 4154 ἀποδοο

2120 4198 2312 4252 θεῖσιν.

2481 4306 2621 4377 Περὶ
2657 4303 2852 4377 ἀρχῆς
2888 4305 2995 4360 τοῦ
3023 4303 3325 4359 ἐνιαυτοῦ.

2190 4420 2285 4475 1Δ’.
2339 4420 2537 4493 Ἀρχὴν
2575 4419 2632 4473 δὲ
2661 4417 2757 4472 τοῦ
2796 4415 3044 4472 ἐνιαυτοῦ
3070 4418 3120 4471 oi
3165 4415 3265 4487 μέν
3305 4414 3577 4489 Ἀθηναῖοι
3602 4418 3699 4474 τὸν

444 4513 800 4569 ιοωίιωοιιοω
829 4512 1262 4581 constituebant,
1293 4512 1361 4567 ab
1386 4514 1577 4570 aestivo
1608 4514 1848 4570 solstitio
1878 4515 2016 4568 inci-

2130 4512 2577 4585 Ἑκατομϐαιῶνα
2608 4507 2743 4583 ἦγον
2784 4510 2951 4582 μῆνα,
2980 4509 3056 4574 ὡς
3100 4508 3365 4563 δέδεικται
3405 4510 3696 4582 πρότερον,

439 4606 675 4676 pientes,
717 4607 862 4663 sicut
908 4615 994 4663 est
1037 4607 1193 4676 prius
1240 4608 1675 4664 demonstratum
1719 4624 1734 4661 :
1780 4606 2015 4663 Romani

438 4710 569 4750 vero
596 4694 941 4763 Januarium,
982 4696 1309 4753 inchoantes
1353 4680 1439 4754 abi
1464 4697 1715 4754 hiberno.
1758 4699 1825 4753 Et
1867 4708 2017 4753 certe

436 4785 612 4857 magis
657 4787 937 4857 proprium
978 4786 1194 4843 videtur
1235 4802 1360 4843 esse
1397 4788 1751 4858 principium,
1782 4788 2017 4859 jureque

436 4875 544 4931 hoc
573 4875 805 4932 Pletbon
830 4877 1037 4932 laudat.
1060 4874 1195 4931 Nam
1217 4877 1335 4948 lege
1355 4886 1410 4934 et
1433 4878 1686 4935 instituto
1716 4880 1840 4936 aliis
1868 4881 2015 4935 aliud

435 4968 569 5022 anni
613 4969 939 5039 principium
993 4970 1319 5038 agentibus,
1363 4979 1559 5026 natura
1610 4972 2015 5049 quodammodo

436 5057 579 5113 idem
625 5066 681 5113 ut
723 5060 795 5114 sit
837 5060 1166 5130 principium
1210 5061 1441 5118 suadere
1496 5063 1713 5117 videtur
1746 5081 1759 5117 :
1792 5062 2015 5134 quando

434 5147 517 5202 sol
546 5150 915 5219 generationis
945 5159 1139 5205 auctor
1164 5153 1305 5205 ultra
1336 5153 1588 5223 progredi
1628 5152 1906 5225 desinens,
1935 5170 2015 5209 re-

432 5235 576 5291 ﬂecti
605 5238 671 5293 ad
702 5254 803 5295 nos
830 5239 1041 5310 incipit.
1066 5248 1120 5296 et
1151 5242 1289 5299 lucis
1318 5251 1479 5314 auget
1508 5254 1742 5315 tempus,
1767 5245 2014 5301 tenebra-

433 5344 553 5384 rum
586 5347 717 5387 vero
748 5334 963 5390 minuit.
995 5332 1163 5391 Recte
1190 5336 1355 5408 igitur
1384 5343 1439 5392 et
1466 5335 1643 5392 Numa
1682 5339 2010 5409 principium

431 5423 744 5494 hujusmodi
772 5426 1037 5485 Romanis
1068 5430 1364 5496 ordinavit,
1398 5447 1523 5487 cum
1567 5432 1720 5503 prius
1756 5432 2011 5488 Martium

430 5532 671 5574 mensem
695 5517 962 5576 Romulus
982 5524 1110 5576 anni
1143 5521 1363 5601 fecisset
1390 5524 1627 5579 initium.
1652 5524 1822 5581 Nobis
1846 5525 2012 5596 igitur

430 5608 573 5664 idem
611 5622 733 5667 esto
777 5614 906 5667 anni
948 5615 1297 5686 principium,
1334 5626 1389 5673 et
1436 5634 1613 5674 novus
1646 5621 1775 5674 anni
1805 5620 2010 5676 mensis

428 5701 711 5759 Gamelion
742 5723 754 5758 :
789 5714 849 5758 ut
881 5721 1247 5763 consonemus
1287 5724 1409 5762 cum
1444 5709 1731 5775 Romanis,
1762 5711 1907 5767 sicut
1952 5713 2007 5767 in

427 5796 736 5863 mensibus,
766 5798 842 5853 ita
870 5799 1036 5855 etiam
1064 5800 1121 5855 in
1147 5800 1277 5857 anui
1298 5801 1545 5869 exordio,
1576 5802 1671 5873 qui
1699 5812 1782 5861 est
1809 5802 2012 5860 Janua-

2113 4604 2189 4669 ὼς
2221 4604 2329 4658 ἀπὸ
2360 4602 2578 4675 τροπῶν
2620 4602 2849 4675 θερινῶν
2872 4618 2885 4631 ⁸
2933 4601 3192 4672 Ῥωμαῖοι
3236 4600 3295 4654 δὲ
3325 4600 3417 4654 τὸν
3463 4601 3699 4655 Ἰανουά-

2119 4715 2251 4769 ριον,
2286 4697 2363 4761 ὡς
2391 4696 2498 4751 ἀπὸ
2532 4694 2751 4767 τροπῶν
2781 4693 3129 4767 χειμερινῶν,
3164 4694 3198 4765 ἡ
3244 4693 3310 4764 δὴ
3346 4693 3455 4746 καὶ
3493 4696 3697 4747 οἰκειο-

2113 4790 2248 4862 τέρα
2290 4789 2435 4842 δοκεῖ
2460 4783 2600 4842 εἶναι
2636 4788 2801 4860 άρχὴ.
2831 4786 2943 4840 Καὶ
2974 4780 3034 4839 εὖ
3082 4785 3239 4856 τήνδε
3284 4787 3497 4839 ἐπαινεῖ
3548 4785 3697 4856 Πλή-

2114 4881 2241 4935 θων.
2294 4880 2463 4952 Νόμῳ
2511 4880 2619 4951 γὰρ
2671 4878 2847 4935 ἄλλων
2903 4877 3068 4948 ἄλλην
3114 4876 3209 4930 τοῦ
3252 4876 3407 4940 ἔτους
3450 4876 3696 4946 ἀγόντων

2112 4972 2309 5045 ἀρχὴν,
2339 4972 2499 5042 φύσει
2534 4988 2651 5035 πως
2679 4971 2852 5024 ἔοικεν
2879 4969 3018 5041 αῦτη
3046 4965 3183 5025 οὖσα
3222 4970 3365 5041 ἀρχή
3387 4986 3401 5001 °
3433 4970 3599 5041 ἡνίκα
3624 4969 3693 5041 δὴ

2111 5066 2283 5135 ἥλιος,
2324 5066 2354 5118 ὁ
2395 5065 2494 5137 τῆς
2524 5065 2790 5133 γενέσεως
2821 5063 3028 5133 κύριος,
3067 5061 3162 5116 τοῦ
3195 5062 3382 5134 πρόσω
3426 5063 3564 5117 ίέναι
3595 5062 3694 5133 λή-

2111 5178 2224 5231 γων
2272 5159 2646 5229 ἀνακάμπτειν
2688 5157 2913 5229 ἄρχεται
2961 5156 3035 5219 ὡς
3071 5156 3242 5227 ἡμᾶς,
3301 5157 3396 5210 καὶ
3447 5156 3538 5209 τὸν
3590 5155 3692 5227 μὲν

2111 5252 2205 5306 τοῦ
2238 5252 2413 5322 φωτὸς
2460 5249 2614 5317 αὔξει
2660 5248 2871 5321 χρόνον,
2920 5247 3010 5302 τὸν
3042 5247 3099 5300 δὲ
3128 5246 3221 5301 τοῦ
3269 5249 3495 5311 σκότους
3523 5250 3690 5318 μειοῖ.

2125 5344 2329 5418 Ὀρθῶς
2373 5340 2465 5398 οὖν
2494 5343 2589 5398 καὶ
2612 5342 2834 5413 Νουμᾶς
2877 5339 3051 5411 ἀρχὴν
3087 5340 3343 5412 τοιαύτην
3397 5341 3692 5412 Ῥωμαίοις

2109 5438 2323 5509 τέταχε,
2375 5436 2652 5508 Ῥωμύλου
2694 5434 2958 5506 πρότερον
2996 5432 3086 5485 τὸν
3113 5434 3355 5505 Μάρτιον
3387 5432 3689 5506 προτάξαν-

2109 5547 2201 5594 τος
2249 5530 2413 5602 μῆνα.
2446 5530 2557 5584 Καὶ
2600 5530 2729 5600 ἡμῖν
2762 5526 2827 5597 δὴ
2870 5527 3012 5598 ἀρχὴ
3050 5524 3188 5598 αῦτη
3221 5526 3395 5592 έστω,
3430 5527 3526 5580 καὶ
3568 5526 3690 5590 νέος

2109 5622 2204 5676 τοῦ
2255 5622 2502 5677 ἐνιαυτοῦ
2538 5620 2643 5693 μὴν
2676 5618 2996 5691 Γαμηλιών·
3044 5618 3133 5673 ἵνα
3163 5618 3259 5671 καὶ
3303 5617 3689 5688 συμφωνῶμεν

2123 5717 2427 5787 Ῥωμαίοις,
2454 5714 2643 5784 ὥσπερ
2683 5712 2778 5766 καὶ
2816 5712 2884 5766 τὰ
2925 5710 3055 5781 περὶ
3086 5711 3214 5775 τοὺς
3242 5711 3438 5782 μῆνας,
3489 5713 3583 5765 καὶ
3619 5711 3688 5763 τὰ

2111 5807 2238 5878 περὶ
2273 5806 2372 5879 τὴν
2402 5804 2575 5879 ἀρχὴν
2615 5800 2710 5857 τοῦ
2747 5798 3015 5856 ἐνιαυτοῦ.
3060 5797 3186 5854 ὐδε
3215 5799 3322 5871 γὰρ
3361 5800 3686 5872 ἰανουάριος
