4106 6422
364 435 495 492 1201

1311 437 1660 494 THEODORI
1699 439 1903 496 GAZE
1953 439 2154 496 LIBER
2192 440 2280 496 DE
2329 439 2693 498 MENSIBUS.

3470 442 3608 497 1202

359 551 447 628 ἦν.
483 556 596 610 Νῦν
626 556 670 610 δ’
711 557 988 627 Ἕλληνες,
1043 559 1218 632 ἀρχὴν
1250 560 1496 614 ἐνιαυτοῦ
1538 579 1594 614 τε
1643 562 1735 614 καὶ
1780 562 1924 616 Ἰνδι-

2029 561 2165 618 rius.
2195 561 2351 616 Nune
2383 577 2512 617 vero
2545 560 2750 615 Grazcis
2797 557 3125 630 principium
3170 557 3320 623 anni,
3354 557 3610 611 indictio-

361 648 584 711 κτιῶνος
620 649 928 720 ποιούμενοι
955 650 1062 704 ἀπὸ
1100 651 1386 722 ἰσημερίας
1414 651 1829 724 φθινοπωρινῆς,
1867 651 1932 704 τὰ

364 741 460 810 μὲν
513 743 640 814 περὶ
701 743 1026 796 Ἰνδικτιῶνα
1074 743 1242 813 (δηλοῖ
1292 743 1348 796 δὲ
1385 743 1658 813 διάταγμα
1701 743 1931 815 ἡλέξις)

362 830 646 900 συνᾴδουσι
692 831 1000 903 Ῥωμαίοις,
1030 832 1100 884 τά
1143 833 1198 885 δὲ
1244 834 1372 905 περὶ
1422 833 1511 886 τὸν
1562 833 1801 886 ἐνιαυτὸν
1845 831 1928 886 οῦ.

361 923 552 974 Καίτοι
603 923 974 996 συμφέρεσθαι
1023 924 1128 977 ἔδει
1164 926 1258 978 καὶ
1297 924 1488 987 ταῦτα,
1534 908 1706 988 ἄλλως
1749 943 1807 978 τε
1839 926 1931 979 καὶ

358 1015 592 1086 Χριστοῦ
618 1018 802 1088 νόμοις
828 1017 1160 1088 χρωμένους.
1193 1019 1267 1069 Οὐ
1291 1017 1400 1088 γὰρ
1432 1013 1586 1086 οἶμαι
1629 1018 1931 1088 Ῥωμαίους

359 1106 485 1171 τούς
527 1125 589 1178 γε
623 1109 716 1162 νῦν
764 1109 922 1172 ὄντας
953 1109 1041 1161 διὰ
1072 1109 1169 1180 τὴν
1212 1109 1363 1180 ἡλίου
1394 1109 1600 1180 τροπὴν
1633 1109 1852 1180 μᾶλλον,
1895 1109 1928 1182 ἢ

359 1198 419 1252 τὸ
444 1201 560 1253 τότε
591 1201 917 1272 γεννηθῆναι
958 1200 1211 1272 Χριστὸν,
1250 1200 1423 1265 οὕτως
1447 1201 1601 1270 άγειν
1623 1221 1635 1233 ·
1665 1202 1801 1256 ἀλλὰ
1833 1202 1929 1274 τὴν

363 1294 460 1364 μὲν
498 1292 706 1365 τροπὴν
751 1291 1177 1362 συμϐεϐηκέναι,
1230 1292 1426 1356 αὐτοὺς
1478 1292 1534 1345 δὲ
1571 1291 1668 1364 τὴν
1716 1291 1928 1361 γένεσιν

359 1383 761 1454 πρεσϐεύοντας
794 1382 888 1436 τοῦ
937 1381 1094 1446 Θεοῦ,
1231 1382 1405 1453 θέμις,
1446 1380 1618 1452 ἀρχὴν
1662 1381 1928 1436 ποιεῖσθαι

357 1477 456 1548 τὴν
486 1475 800 1548 εἰρημένην.
841 1474 1118 1528 Ἐνιαυτοῦ
1158 1474 1256 1545 μὲν
1288 1474 1490 1544 ταύτην
1525 1473 1706 1527 θετέον
1733 1473 1925 1545 ἀρχήν.

501 1689 632 1757 Πῶς
667 1690 1022 1760 ἀριθμητέον
1054 1690 1161 1756 τὰς
1193 1688 1298 1743 τοῦ
1325 1687 1514 1758 μηνὸς
1543 1687 1786 1757 ἡμέρας.

427 1803 526 1854 IE'.
571 1801 847 1872 Ἀριθμεϊν
875 1801 933 1853 δὲ
959 1800 1059 1864 τὰς
1089 1800 1255 1871 μηνὸς
1277 1799 1508 1853 ἑκάστου
1542 1800 1756 1872 ἡμέρας
1780 1799 1925 1871 Πλή-

2033 653 2226 724 nisque
2250 654 2534 724 agentibus
2561 653 2627 706 ab
2652 651 2950 706 autumnali
2977 650 3327 720 aequinoctio,
3355 650 3608 704 indictio-

2032 745 2116 800 nis
2160 745 2377 815 quidem
2424 744 2636 798 ratione
2669 743 2960 816 (signiﬁcat
2990 751 3169 797 autem
3213 742 3447 797 edictum
3496 740 3608 793 haec

2029 834 2216 901 dictio)
2244 850 2366 887 cum
2401 832 2663 888 Romanis
2708 832 3000 887 concordia
3026 840 3130 896 est,
3164 833 3288 885 anni
3318 846 3446 885 vero
3474 845 3606 884 non.

2030 925 2349 996 Quanquam
2374 933 2427 981 et
2451 925 2518 981 de
2544 925 2630 980 his
2663 941 2795 980 sane
2822 925 2959 980 inter
2981 925 3103 978 illos
3132 923 3424 978 convenire
3453 937 3610 994 opor-

2031 1019 2198 1084 tebat,
2229 1018 2527 1088 praesertim
2555 1017 2760 1072 Christi
2805 1017 3014 1088 legibus
3056 1015 3417 1071 communiter
3445 1024 3604 1088 uten-

2030 1113 2132 1162 tes.
2159 1086 2346 1178 Neque
2375 1109 2516 1163 enim
2549 1117 2679 1179 puto
2711 1086 2988 1163 Romanos
3019 1107 3182 1176 hujus
3209 1105 3390 1162 saeculi
3431 1086 3606 1177 magis

2029 1209 2249 1270 propter
2278 1200 2594 1265 solstitium,
2627 1215 2787 1270 quam
2823 1197 2968 1268 quod
2997 1205 3126 1252 tunc
3159 1197 3412 1253 Christus
3444 1206 3603 1251 natus

2029 1293 2102 1346 sit
2148 1294 2223 1346 ita
2271 1308 2456 1364 agere;
2493 1293 2586 1348 sed
2621 1300 2735 1347 tum
2775 1292 3069 1348 solstitium
3097 1306 3218 1346 esse
3255 1291 3391 1346 forte
3428 1292 3604 1345 conti-

2029 1385 2174 1453 gisse
2208 1402 2221 1438 :
2260 1383 2406 1453 ipsos
2439 1399 2566 1438 vero
2593 1383 2761 1438 natali
2803 1383 3114 1438 Christiano
3156 1383 3390 1452 primum
3433 1382 3604 1435 hono-

2027 1489 2142 1527 rem
2166 1474 2488 1538 tribuentes,
2510 1481 2570 1528 ut
2597 1473 2678 1528 fas
2699 1483 2802 1537 est,
2822 1473 3136 1544 praedictum
3163 1472 3374 1527 initium
3402 1470 3597 1526 facere.

2026 1565 2167 1619 Anni
2197 1565 2413 1637 quidem
2444 1565 2583 1621 idem
2614 1565 2828 1620 initium
2857 1563 3164 1620 faciendum
3195 1572 3298 1619 est.

2247 1699 2524 1766 Quomodo
2552 1701 2746 1754 mensis
2778 1701 2888 1753 dies
2918 1709 3041 1753 sunt
3070 1697 3401 1752 numerandi.

2099 1811 2212 1867 XV.
2265 1813 2565 1869 Numerare
2613 1829 2745 1870 vero
2791 1813 3059 1884 cujusque
3093 1812 3299 1867 mensis
3331 1810 3447 1866 dies
3480 1809 3600 1864 Ple-

357 1892 488 1946 θωνι
522 1893 619 1962 μὲν
643 1891 791 1944 δοκεῖ
818 1892 898 1954 εἰς
921 1891 1157 1962 τέτταρα
1186 1890 1526 1957 διαιροῦντας
1553 1891 1643 1944 τὸν
1673 1892 1836 1962 μῆνα,
1866 1893 1924 1945 τὸ

2032 1903 2180 1957 thoni
2216 1903 2296 1958 sic
2350 1904 2550 1973 placet,
2583 1911 2643 1956 ut
2680 1903 3081 1974 quadripertito
3119 1915 3359 1956 mensem
3395 1899 3600 1953 dividat

360 1983 456 2052 μὲν
490 1981 794 2050 ἱστάμενον,
846 1980 908 2032 τὸ
957 1979 1013 2032 δὲ
1067 1978 1282 2050 μεσοῦν,
1326 1979 1386 2032 τὸ
1422 1978 1478 2031 δὲ
1512 1979 1718 2047 φθῖνον,
1767 1980 1828 2033 τὸ
1873 1980 1929 2032 δὲ

356 2074 545 2127 ἀπιόν·
577 2072 923 2144 λαμϐάνοντι,
949 2073 1024 2135 ὡς
1053 2071 1218 2136 ἔοικε,
1252 2072 1313 2125 τὸ
1349 2071 1447 2142 μὲν
1480 2073 1630 2142 παρὰ
1667 2073 1932 2127 Πολυδεύ-

355 2182 506 2229 κους,
533 2166 596 2218 τὸ
643 2165 698 2217 δέ
729 2182 782 2217 τι
813 2163 908 2218 καὶ
934 2163 1082 2234 αὐτῷ
1119 2163 1550 2234 καινοτομοῦντι.
1585 2165 1930 2236 Εὐμαρέστε-

357 2272 449 2326 ρον
481 2255 610 2327 γὰρ,
644 2249 818 2325 οἶμαι,
841 2253 1168 2307 διατίθεσθαι
1215 2254 1283 2307 τὰ
1313 2256 1443 2325 περὶ
1485 2254 1584 2320 τὰς
1619 2257 1931 2328 ἱερομηνίας

354 2346 496 2400 οὕτω
536 2346 836 2411 συνέϐαινε,
867 2345 1011 2400 καίν’
1040 2344 1176 2398 ἄττα
1208 2345 1590 2416 καθισταμένῳ
1621 2347 1768 2418 ἱερά·
1800 2348 1930 2419 ἡμῖν

351 2439 408 2491 δὲ
435 2439 737 2512 διαφερέτω
770 2439 940 2510 μηθὲν
966 2436 1292 2508 διαριθμεῖν,
1321 2437 1398 2501 ὡς
1445 2437 1736 2510 Ἀθηναῖοι,
1769 2441 1927 2511 τριχῆ

352 2533 704 2604 διαιροῦντες,
761 2533 823 2585 τὸ
879 2532 976 2602 μὲν
1034 2531 1318 2602 ἱστάμενον
1377 2529 1582 2600 ἔλεγον,
1616 2531 1678 2584 τὸ
1727 2532 1784 2586 δὲ
1835 2533 1928 2587 ἑπὶ

351 2625 504 2688 δέκα,
562 2625 624 2678 τὸ
664 2624 720 2677 δὲ
753 2623 958 2698 φθίνον.
1004 2625 1221 2697 Ἐπειδὴ
1256 2624 1352 2679 καὶ
1397 2624 1606 2695 συνῳδά
1642 2641 1758 2688 πως
1786 2623 1928 2677 οὕτω

354 2719 554 2788 μᾶλλον
595 2718 880 2788 Ῥωμαίοις
907 2717 1054 2771 ἔσται
1085 2717 1154 2771 τὰ
1198 2719 1329 2790 περὶ
1353 2717 1454 2787 τὴν
1484 2717 1744 2787 διαίρεσιν
1774 2717 1923 2787 ἡμῖν.

351 2810 523 2881 Τριχῆ
557 2809 665 2880 γάρ
704 2809 797 2863 καὶ
833 2801 977 2863 οῦτοι
1023 2809 1376 2882 διαιροῦντες,
1423 2809 1485 2861 τὸ
1522 2809 1620 2878 μὲν
1650 2809 1927 2873 Καλένδας

351 2899 839 2972 προσαγορεύουσι,
861 2902 920 2954 τὸ
943 2902 1000 2955 δὲ
1025 2901 1237 2964 Νώνας,
1266 2901 1326 2952 τδ
1345 2901 1400 2953 δὲ
1425 2899 1628 2962 Εἱδούς.
1666 2900 1720 2952 Ἀ
1733 2898 1926 2971 ριθμη-

349 2991 471 3044 τέον
518 2987 610 3042 οῦν
659 2983 794 3042 ὧδε·
857 2991 1154 3061 νουμηνίαν
1207 2991 1304 3060 μὲν
1354 2991 1452 3062 τὴν
1497 2989 1750 3061 πρώτην,
1805 2985 1924 3043 εἶτα

349 3082 607 3158 δευτέραν
664 3082 973 3152 ἱσταμένου,
1023 3081 1118 3136 καὶ
1166 3083 1376 3153 τρίτην,
1426 3083 1520 3135 καὶ
1559 3081 1688 3152 ἑξῆς
1741 3083 1822 3147 είς
1865 3081 1925 3135 τὸ

351 3174 541 3244 πρόσω
597 3174 726 3226 ἰόντι
775 3173 902 3244 άχρι
958 3173 1217 3243 δεκάτης·
1275 3173 1394 3243 μεθ’
1443 3173 1510 3244 ἣν
1544 3171 1764 3244 πρώτην
1830 3173 1922 3226 ἐπὶ

2032 1993 2083 2045 in
2114 1992 2463 2062 principium,
2495 1993 2755 2057 medium,
2787 1994 3165 2063 praecipitium,
3198 1999 3266 2058 et,
3295 2006 3594 2046 recessum.

2032 2083 2198 2152 quue
2245 2083 2439 2154 partim
2485 2098 2515 2136 a
2556 2082 2777 2139 Polluce
2823 2083 3036 2139 videtur
3079 2081 3349 2147 mutuari;
3398 2081 3594 2151 partim

2031 2191 2127 2244 per
2171 2190 2228 2230 sc
2278 2173 2682 2244 quodammodo
2714 2175 3079 2231 comminisci.
3110 2177 3188 2229 lta
3227 2175 3392 2238 enim,
3440 2181 3594 2244 puto,

2032 2265 2246 2320 facilius
2275 2265 2354 2319 illi
2388 2273 2506 2320 erat
2549 2281 2678 2320 suas
2731 2265 2896 2320 ferias
2940 2265 3250 2334 disponere,
3279 2278 3419 2317 nova
3448 2279 3596 2332 qua:-

2029 2356 2154 2411 dam
2190 2371 2344 2412 sacra
2378 2356 2756 2412 constituenti.
2787 2358 2855 2410 At
2879 2371 2980 2413 nos
3009 2356 3145 2412 nihil
3175 2355 3432 2425 impediat
3459 2370 3599 2426 quo-

2030 2451 2217 2505 minus
2269 2458 2651 2520 supputemus,
2688 2458 2749 2504 ut
2787 2449 3174 2513 Athenienses,
3209 2463 3396 2503 mense
3445 2446 3599 2500 trifa-

2029 2544 2164 2596 riam
2207 2542 2433 2613 partito,
2465 2551 2674 2612 partem
2729 2556 2893 2596 unam
2943 2541 3248 2611 ἱστάμενον,
3285 2540 3337 2594 id
3370 2547 3474 2603 est,
3512 2541 3599 2592 iu-

2027 2641 2282 2698 stantem,
2320 2636 2434 2690 sive
2463 2633 2740 2690 ineuntem
2785 2642 3042 2690 vocantes
3070 2654 3082 2689 :
3116 2636 3207 2687 ἐπὶ
3227 2634 3377 2696 δέκα,
3408 2634 3460 2687 id
3491 2640 3594 2698 est,

2028 2740 2192 2794 supra
2221 2724 2408 2780 decem
2439 2726 2664 2793 alteram
2694 2743 2709 2780 :
2738 2726 2986 2780 ultimam
3011 2725 3214 2795 φθῖνον,
3243 2725 3295 2780 id
3325 2733 3428 2790 est,
3460 2740 3599 2795 pra:-

2026 2816 2267 2885 cipitem,
2300 2818 2385 2872 vel
2431 2815 2790 2872 desinentem.
2825 2816 3274 2887 Quandoquidem
3304 2816 3420 2871 haec
3451 2832 3596 2886 quo-

2025 2924 2133 2977 que
2179 2907 2376 2964 divisio
2423 2915 2610 2962 nostra
2658 2907 2739 2963 sic
2794 2909 2982 2962 nescio
3023 2907 3297 2977 quomodo
3337 2907 3429 2961 ﬁet
3469 2921 3595 2960 cum

2024 2997 2269 3054 Romana
2318 2999 2729 3055 consonantior.
2787 2999 2852 3053 Hi
2896 3014 3132 3069 namque
3172 3007 3285 3054 tres
3319 3000 3483 3053 etiam
3540 2998 3594 3051 in

2023 3098 2206 3160 partes
2256 3106 2500 3146 mensem
2555 3092 2894 3155 tribuentes,
2945 3090 3239 3157 Kalendas,
3287 3088 3490 3154 Nonas,
3541 3095 3595 3142 et

2025 3180 2151 3237 ldus
2201 3182 2496 3252 appellant.
2548 3180 2639 3237 Sic
2689 3183 2872 3252 itaque
2924 3182 3321 3238 numerandum
3370 3187 3483 3242 est,
3535 3185 3596 3231 ut

349 3264 513 3317 δέκαο
549 3260 666 3317 εἶτα
695 3263 952 3335 δευτέραν
995 3266 1088 3318 ἐπὶ
1123 3266 1274 3331 δέκα,
1321 3265 1415 3318 καὶ
1459 3262 1584 3335 ἑξῆς
1626 3263 1754 3335 ἄχρι
1781 3265 1924 3317 εἱκο-

2026 3269 2320 3325 Neomenia
2351 3270 2517 3341 (quod
2549 3272 2886 3326 novilunium
2919 3270 3213 3342 signiﬁcat)
3247 3268 3453 3324 mensis
3483 3268 3595 3337 pri-

352 3357 501 3426 στῆς.
544 3356 607 3409 Ἢ
639 3356 777 3428 αὑτὴ
809 3357 865 3410 δὲ
891 3357 985 3410 καὶ
1016 3358 1202 3421 εἱκάςο
1245 3358 1360 3429 μεθ’
1387 3357 1454 3428 ἢν
1485 3356 1772 3426 ἑνδεκάτην
1801 3355 1922 3426 φθί-

350 3465 553 3512 νοντος,
585 3449 618 3518 ἢ
646 3449 898 3520 δεκάτην,
932 3451 965 3521 ἢ
1008 3451 1254 3520 ἑννάτην,
1291 3451 1323 3521 ἦ
1371 3449 1582 3521 ὀγδόην,
1612 3449 1687 3513 ὼς
1732 3449 1920 3520 ἔτυχεν

349 3538 488 3609 ἔχων
511 3541 540 3593 ὁ
567 3540 690 3612 μὴν,
717 3542 812 3594 καὶ
845 3541 972 3611 ἑξῆς
1000 3541 1282 3596 άναλύοντι
1317 3543 1443 3613 ἄχρι
1468 3541 1743 3612 δευτέρας.
1768 3541 1922 3595 Οὕτω

350 3628 457 3700 γὰρ
541 3629 811 3700 Ἀθηναῖοι
864 3630 1166 3702 ἡρίθμουν,
1219 3631 1279 3684 οὐ
1345 3630 1753 3703 προστιθέντες,
1805 3631 1919 3684 ἀλλ’

350 3719 728 3791 ἀφαιροῦντες,
761 3721 855 3774 καὶ
881 3721 1201 3786 ἀναλύοντες
1229 3722 1390 3794 μέχρι
1417 3722 1724 3794 τριακάδος,
1750 3724 1923 3777 Σόλω-

349 3825 440 3871 νος
486 3811 834 3882 ἡγησαμένου
881 3813 1016 3884 πρὸς
1057 3813 1126 3866 τὰ
1165 3815 1261 3885 τῆς
1315 3813 1545 3885 σελήνης
1578 3813 1732 3884 φῶτα
1781 3814 1924 3869 οὕτω

354 3900 668 3972 μειούμενα.
704 3904 813 3956 Καὶ
853 3905 1244 3976 Ἀριστοφάνης
1295 3906 1352 3959 δὲ
1399 3907 1428 3958 ὁ
1469 3907 1713 3978 κωμικὸς
1753 3906 1924 3971 οὕτως

350 3992 574 4063 ἀριθμεῖ
591 4011 603 4024 ⁸

2025 3378 2149 3418 mus
2191 3361 2310 3418 dies
2348 3363 2420 3418 sit
2457 3383 2470 3418 :
2505 3363 2702 3419 deinde
2747 3363 3023 3419 secundus
3072 3361 3351 3420 instantis,
3396 3361 3596 3416 tertius

2027 3453 2304 3516 instantis.
2336 3461 2390 3509 et
2420 3454 2495 3508 ita
2529 3454 2787 3525 deinceps
2816 3470 2990 3525 usque
3021 3453 3088 3508 ad
3119 3451 3388 3508 decimum
3421 3470 3435 3507 :
3470 3459 3596 3521 post

2026 3558 2186 3614 quem
2238 3545 2448 3614 primus
2501 3560 2666 3624 supra
2712 3545 2923 3612 decem,
2956 3543 3227 3600 secundus
3277 3555 3442 3611 supra
3493 3540 3594 3594 de-

2027 3649 2169 3697 cem,
2200 3642 2254 3688 et
2285 3635 2364 3689 sic
2392 3651 2488 3705 per
2515 3635 2762 3690 ordinem
2795 3651 2968 3705 usque
3009 3633 3077 3688 ad
3126 3634 3466 3701 vigesimum,
3499 3631 3590 3700 qui

2025 3732 2080 3779 et
2102 3725 2251 3780 eicas
2285 3727 2506 3786 dicitur.
2538 3727 2694 3797 quasi
2737 3727 3074 3782 vicenionem
3111 3725 3260 3780 ausis
3301 3723 3592 3794 appellare.

2023 3817 2151 3872 Post
2195 3835 2353 3888 quem
2391 3818 2714 3875 undecimus
2751 3820 3068 3889 praecipitis,
3101 3818 3188 3874 vel
3215 3817 3482 3877 decimus,
3508 3813 3596 3868 vel

2025 3925 2226 3976 nonus,
2251 3911 2336 3966 vel
2366 3919 2616 3976 octavus,
2650 3927 2748 3982 pro
2777 3911 2981 3966 mensis
3023 3910 3267 3979 cujusvis
3304 3913 3598 3980 superante

2022 4001 2235 4058 dierum
2284 4017 2562 4059 numero:
2599 4010 2654 4058 et
2706 4003 2963 4074 deinceps
3017 4003 3207 4058 ordine
3262 4009 3597 4073 przepostero

352 4085 800 4152 subducendum,
849 4087 1064 4143 numeri
1113 4089 1330 4157 quidem
1384 4091 1579 4145 seriem
1629 4091 1925 4146 retexendo
1956 4107 2130 4163 usque
2161 4094 2229 4150 ad
2258 4095 2563 4151 secundum
2595 4097 2906 4166 pmcipitis.
2975 4095 3052 4149 Ita
3087 4095 3231 4150 enim
3297 4091 3596 4147 Athenien-

351 4193 442 4232 ses
490 4183 888 4247 numerabant,
939 4200 1048 4238 non
1098 4185 1392 4251 addentes,
1450 4186 1545 4242 sed
1597 4186 1928 4253 auferentes,
1989 4193 2436 4262 resolventesque
2483 4207 2658 4264 usque
2703 4191 2771 4246 ad
2811 4193 3148 4250 tricesimum
3181 4192 3322 4246 diem
3361 4208 3374 4243 :

3443 4195 3500 4243 et
3541 4185 3595 4238 id

351 4272 570 4339 quidem
603 4272 820 4330 Solonis
851 4275 1129 4340 instituto,
1159 4278 1375 4335 ratione
1422 4279 1566 4335 lunas
1608 4280 1684 4335 ita
1725 4281 1928 4337 sensim
1946 4282 2130 4341 lumen
2162 4301 2321 4341 suum
2352 4287 2671 4343 minuentis.
2697 4289 2762 4341 Et
2804 4288 2908 4342 hoc
2937 4296 3086 4342 certe
3151 4285 3312 4340 modo
3382 4283 3596 4336 Aristo-

355 4365 562 4434 phanes
588 4367 832 4424 comicus
860 4381 1120 4442 supputat
1147 4394 1162 4430 :

354 4479 888 4560 [If_£tﬂfn,_7§tpdtc,
931 4490 1094 4558 τρίτη
1120 4507 1133 4521 ’
1174 4491 1326 4559 μετὰ
1371 4492 1598 4560 ταύτην
1638 4490 1912 4560 δευτέρα·

509 4546 590 4619 ἢν
615 4546 1013 4630 ἐγῲίξιάλξσέα
1034 4546 1259 4630 paravim-
1286 4561 1523 4630 ἡμερῶν

351 4621 614 4683 Δέδοικα.
644 4621 825 4691 εὐθὺς
862 4627 986 4682 ἐσθ’
1020 4629 1126 4698 ἕνη
1166 4648 1230 4684 τε
1259 4621 1358 4685 xiii
1393 4621 1520 4686 ἱρέα.

421 4735 574 4788 Μετὰ
602 4735 657 4788 δὲ
701 4737 958 4810 δευτέραν
989 4741 1182 4796 ἀκτέον
1217 4743 1363 4815 ἕνην.
1395 4746 1567 4818 Χρεία
1597 4745 1641 4799 δ’
1667 4746 1796 4816 ’ένης
1828 4745 1924 4798 καὶ

353 4825 476 4885 νέας
499 4825 597 4878 οὐκ
621 4826 771 4882 ἔσται
803 4829 956 4899 ἡμῖν,
999 4830 1086 4884 διὰ
1105 4832 1167 4885 τὸ
1203 4833 1276 4904 μὴ
1319 4833 1457 4888 κατὰ
1495 4834 1720 4906 σελήνην
1746 4833 1918 4901 ἄγειν.

353 4915 519 4988 ’Ἑνην
558 4916 614 4970 δὲ
659 4919 758 4992 τὴν
801 4920 1113 4976 τελευταίαν
1151 4924 1246 4976 τοῦ
1294 4927 1461 4996 μηνὸς
1495 4927 1710 4998 ἡμέραν
1737 4925 1922 4980 καλεῖν

352 5004 444 5056 καὶ
495 5006 642 5075 ἡμᾶς
700 5008 896 5063 κωλύει
950 5011 1142 5076 οὐθὲν,
1194 5013 1275 5066 ὅτι
1323 5014 1416 5068 καὶ
1462 5016 1560 5069 νέα
1615 5017 1649 5087 ή
1705 5013 1919 5087 πρώτη,

350 5095 569 5160 πλείους
603 5114 663 5152 τε
711 5101 766 5153 αἱ
823 5101 1100 5170 φθίνοντος
1141 5103 1378 5172 γίνονται
1423 5109 1645 5179 ἡμέραι,
1675 5109 1771 5162 καὶ
1810 5107 1921 5163 ἔσθ’

347 5183 437 5237 ὅτε
485 5187 739 5254 ἑλάττους
786 5192 894 5246 τῶν
934 5193 1214 5258 Ἀττικῶν,
1248 5195 1335 5248 διὰ
1366 5197 1428 5249 τὸ
1467 5199 1594 5262 τοὺς
1635 5198 1734 5269 μὲν
1770 5216 1922 5270 τρια-

348 5276 716 5348 κονθημέρους
763 5282 871 5335 τῶν
916 5284 1102 5355 μηνῶν
1155 5287 1285 5355 ἡμῖν
1324 5282 1496 5352 εἶναι,
1546 5290 1673 5352 τοὺς
1717 5289 1773 5342 δὲ
1822 5291 1922 5360 μιᾷ

350 5366 708 5438 ὑπερϐάλλειν
730 5371 836 5424 τῶν
866 5373 1068 5444 ἑτέρων
1091 5376 1292 5447 ἡμέρα,
1320 5377 1412 5430 ἕνα
1447 5378 1503 5430 δὲ
1529 5378 1623 5431 καὶ
1655 5378 1798 5432 δυεῖν
1823 5380 1921 5450 μὲν

352 5459 616 5514 ἐλλείπειν
672 5464 778 5516 τῶν
838 5466 1319 5541 τριακονθημέρων
1365 5466 1493 5538 ἑξῆς
1536 5468 1703 5540 τριῶν
1748 5471 1919 5532 ἐτῶν,

351 5552 449 5622 μιᾷ
480 5551 537 5604 δὲ
582 5552 661 5624 τῷ
694 5557 956 5628 τετάρτῳ,
999 5559 1075 5623 ὡς
1131 5560 1345 5631 εἴρηται
1398 5546 1681 5632 προτερον.
1729 5563 1790 5615 Οἱ
1823 5563 1922 5632 μὲν

345 5635 440 5694 οῦν
490 5644 895 5714 ἑνδεκάφθινοι,
961 5649 1010 5703 οἱ
1063 5649 1119 5704 δὲ
1172 5651 1518 5721 δεκάφθινοι,
1587 5647 1666 5716 εἷς
1720 5651 1776 5706 δὲ
1826 5653 1921 5707 καὶ

345 5733 686 5806 ὀκτάφθινος,
728 5738 822 5791 καὶ
847 5741 1162 5809 ἑνάφθινος·
1201 5743 1341 5797 ἑπτὰ
1385 5743 1482 5814 μὲν
1513 5743 1622 5815 γὰρ
1652 5744 1781 5811 οἵδε,
1817 5745 1922 5797 Πο-

350 5825 589 5893 σειδεὼν,
642 5829 955 5902 Γαμηλιὼνξ
1002 5834 1341 5906 Μουνυχιὼν,
1385 5835 1772 5910 Σκιροφοριὼν,
1806 5839 1920 5893 Με-

2029 4489 2280 4554 Qm’ntus,
2314 4490 2500 4544 deinde
2533 4500 2774 4558 quartus,
2807 4488 3026 4558 hincque
3055 4490 3276 4549 tertius;

1951 4560 1998 4617 D
2030 4559 2157 4630 Post
2186 4578 2336 4630 quem
2364 4557 2644 4619 secundus,
2674 4557 3008 4630 omnium,“
3039 4573 3189 4626 quem
3224 4557 3454 4610 maxime

2026 4628 2228 4695 Metuo,
2260 4647 2475 4701 sequens
2511 4641 2587 4683 est
2617 4628 2864 4682 continuo
2890 4637 3031 4681 vetus
3059 4637 3106 4681 et
3138 4642 3318 4680 novus.

2094 4739 2284 4811 Itaque
2326 4747 2451 4811 post
2503 4741 2802 4795 secundum
2855 4739 3170 4810 praecipitis,
3217 4739 3375 4794 nobis
3425 4740 3595 4794 collo-

2023 4833 2231 4888 candus
2282 4840 2366 4888 est
2414 4840 2590 4886 vetus.
2633 4830 2767 4885 Nam
2819 4831 3019 4887 veteris
3067 4839 3122 4886 et
3175 4831 3322 4893 novi,
3372 4829 3425 4883 id
3485 4842 3590 4897 est,

2022 4925 2254 4979 extremi
2302 4931 2356 4980 et
2404 4924 2586 4995 primi,
2624 4939 2718 4979 seu
2779 4921 3213 4988 intermenstrui,
3263 4922 3421 4976 nobis
3459 4938 3594 4977 usus

2021 5013 2255 5068 exolevit
2287 5033 2298 5067 :
2327 5014 2471 5084 quod
2507 5029 2614 5067 non
2642 5014 2708 5068 ad
2737 5013 2922 5066 lunam
2961 5018 3204 5082 tempora
3233 5011 3589 5066 deducamus.

2023 5103 2130 5159 Sed
2201 5104 2342 5159 diem
2411 5105 2617 5160 mensis
2691 5104 2940 5158 ultimum
3011 5103 3285 5173 appellare
3354 5110 3590 5156 veterem

2021 5197 2147 5266 quid
2198 5212 2298 5252 nos
2351 5203 2515 5261 vetat,
2566 5211 2691 5251 cum
2739 5195 2948 5265 primus
2997 5208 3214 5263 quoque
3267 5207 3444 5247 novus
3489 5191 3595 5246 sit?

2020 5287 2139 5342 Jam
2163 5302 2292 5342 vero
2320 5288 2616 5359 praecipitis
2645 5287 2763 5343 dies
2787 5285 3062 5342 interdum
3090 5285 3276 5355 plures
3304 5284 3590 5348 habemus.

2022 5397 2413 5453 nonnunquam
2467 5381 2755 5452 pauciores
2810 5379 3005 5434 diebus
3063 5377 3278 5432 Atticis.
3335 5377 3594 5442 Quando—

2021 5474 2241 5544 quidem
2296 5488 2515 5528 menses
2562 5473 2654 5526 alii
2698 5473 2964 5526 tricenum
3011 5469 3244 5532 dierum,
3294 5469 3386 5522 alii
3431 5469 3597 5523 trice-

2021 5580 2152 5619 num
2175 5564 2536 5634 singulorum,
2563 5579 2705 5619 unus
2738 5561 2899 5617 modo
2928 5561 3406 5623 duodetricenum,
3433 5559 3595 5613 modo

2021 5654 2460 5718 undetricenum,
2493 5653 2750 5707 nimirum
2782 5659 2982 5722 quarto
3031 5665 3247 5722 quoque
3294 5665 3438 5704 anno
3485 5664 3595 5702 uno

2021 5746 2108 5801 die
2154 5745 2372 5807 addito,
2425 5745 2570 5815 quod
2623 5745 2776 5814 prius
2832 5751 2918 5799 est
2968 5743 3196 5798 dictum.
3253 5740 3596 5812 Quapropter

2024 5852 2238 5893 menses
2293 5836 2384 5891 alii
2449 5835 2518 5892 ab
2577 5837 2826 5892 undecim
2893 5835 3104 5892 dicrqu
3159 5834 3370 5904 reliquo
3429 5847 3594 5902 supra
