4106 6416
499 453 637 508 1203

494 650 732 733 phthini,
764 661 964 732 quibus
1011 664 1195 718 decem
1241 665 1358 720 dies
1401 676 1696 737 supersunt
1727 688 1739 723 :
1772 685 1914 726 unus
1936 684 2066 725 vero

493 752 927 824 Oclaphthinus,
979 762 1034 809 et
1082 753 1494 825 Enaphthinus,
1556 760 1642 814 cui
1697 776 1844 815 nunc
1902 768 2062 825 octo,

493 859 645 899 nunc
715 859 909 899 novem
980 854 1241 914 superant
1309 847 1451 901 ultra
1516 848 1729 919 viginti.
1792 848 1857 903 Hi
1920 852 2064 905 enim

498 935 656 1006 165
686 946 922 1006 septem,
975 936 1243 993 Posideon
1269 978 1283 1001 ,
1330 938 1654 1005 Gamelion,
1702 943 2063 1015 Munychiou,

496 1026 922 1096 Scimphorion,
973 1024 1374 1099 Metagitnion,‘
1421 1031 1816 1099 Boedromion,
1855 1034 2066 1106 Pyane-

496 1120 677 1187 psion,
714 1120 967 1175 undecim
998 1120 1115 1177 dies
1162 1124 1457 1194 praecipitis
1492 1126 1805 1182 habebunt:
1834 1135 1889 1180 at
1937 1124 2066 1183 reli-

494 1210 591 1280 qui
641 1210 826 1265 decem
879 1218 1113 1277 tantum,
1162 1224 1360 1282 praeter
1413 1213 1915 1285 Elapheboliouem,
1970 1216 2064 1287 qui

493 1301 758 1358 continuo
789 1302 1028 1357 triennio
1053 1312 1179 1358 octo
1212 1306 1453 1369 habebit,
1482 1319 1676 1362 novem
1707 1317 1888 1362 autem
1921 1322 2065 1363 anno

494 1403 713 1467 quarto.
753 1395 825 1449 At
859 1397 905 1452 si
940 1396 1065 1465 quis
1099 1396 1326 1466 φθίνειν,
1362 1397 1417 1453 id
1443 1407 1549 1462 est,
1579 1400 1909 1467 praecipitare
1931 1441 1944 1462 ,
1966 1415 2063 1455 seu

496 1489 765 1554 desinere,
791 1496 845 1543 et
868 1487 1140 1551 ἵστασθαι,
1175 1489 1229 1543 id
1258 1497 1342 1545 est
1362 1529 1378 1554 ,
1409 1490 1605 1543 instare
1636 1490 1750 1545 sive
1776 1491 1913 1545 inire
1935 1506 2063 1560 pro-

496 1578 617 1648 pria
641 1578 783 1633 luna
815 1593 938 1634 esse
982 1577 1151 1642 dicat,
1184 1588 1365 1634 mente
1403 1580 1695 1649 animoque
1733 1581 2064 1649 complecta-

497 1679 610 1737 tur,
641 1668 787 1740 quod
818 1671 874 1724 in
906 1670 1029 1725 aliis
1048 1670 1211 1725 etiam
1240 1670 1622 1740 compluribus
1640 1670 1859 1725 aliunde
1884 1678 2066 1725 trans-

497 1762 646 1817 latus
692 1762 980 1832 improprii
1025 1762 1296 1819 sermonis
1345 1778 1480 1817 usus
1531 1761 1721 1828 evicit,
1762 1771 1821 1816 ut
1874 1762 1931 1816 in
1978 1761 2064 1818 bis

498 1868 717 1924 quoque
755 1853 938 1908 verbis
971 1850 1274 1922 χαλκεύειν,
1319 1861 1373 1907 et
1405 1855 1681 1924 χορηγεῖν,
1721 1858 1776 1907 et
1805 1852 2065 1926 δημιουρ-

1528 452 1617 510 AD
1654 451 1920 512 EUSEBII
1948 453 2347 515 .CHRONICON
2388 452 2751 513 APPENDIX.

377 562 381 570 λ
496 572 686 652 viginti
714 585 942 626 numero
965 569 1430 643 Hendecapbthini
1460 586 1744 644 vocentur,
1778 579 1868 633 alii
1895 579 2061 635 Deca-

2165 579 2500 648 ταγειτνιὼν,
2544 577 2908 652 Βοηδρομιὼν,
2940 575 3292 647 Πυανεψιὼν,
3333 573 3523 631 ἕνδεκα
3558 576 3742 644 ἕξουσι

3606 452 3743 510 1204

2167 668 2442 738 φθίνοντος
2486 669 2698 740 ἡμέρας
2718 685 2732 699 ·
2758 666 2890 721 δέκα
2918 666 2974 720 δὲ
3005 667 3054 719 οἱ
3091 666 3288 730 λοιποὶ,
3330 666 3467 737 πλὴν
3507 666 3738 738 Ἐλαφη-

2166 761 2439 825 ϐολιῶνος.
2470 754 2637 824 Οὗτος
2665 760 2773 832 γὰρ
2797 757 2943 812 ὀκτὼ
2975 758 3073 829 μὲν
3115 758 3241 830 ἑξῆς
3272 758 3439 829 τριῶν
3465 754 3622 821 ἐτῶν,
3653 761 3739 812 ὲν·-

2165 851 2259 904 νέα
2289 852 2345 906 δὲ
2372 852 2450 923 τῷ
2480 850 2739 923 τετάρτῳ.
2785 851 2892 905 Καὶ
2923 850 3028 921 μὴν
3060 850 3115 903 εἴ
3145 867 3229 914 τις
3268 851 3331 903 τὸ
3376 850 3604 919 φθίνειν,
3644 851 3743 904 καὶ

2166 940 2417 998 ἵστασθαι
2442 942 2570 997 ἴδιον
2595 940 2734 996 εἶναι
2760 943 2907 1011 λέγοι
2939 927 3185 1012 σελήνης,
3212 941 3572 1012 ἐνθυμείσθω,
3602 941 3740 994 διότι

2166 1036 2258 1087 καὶ
2289 1035 2374 1087 ἐπ’
2392 1030 2563 1090 ἄλλων
2581 1035 2788 1088 πολλῶν
2804 1036 2998 1107 χρῆσις
3016 1037 3109 1088 ἀπ’
3134 1034 3304 1087 ἄλλων
3332 1019 3740 1104 μεταληφθείσα

2164 1126 2503 1196 κεκράτηκεν
2550 1122 2879 1197 ἀκυρόλογος
2898 1143 2911 1156 ο
2949 1119 3057 1180 οἷον
3101 1127 3193 1180 καὶ
3222 1126 3281 1178 τὸ
3310 1124 3614 1195 χαλκεύειν,
3643 1126 3740 1179 καὶ

2164 1219 2441 1286 χορηγεῖν,
2476 1217 2569 1270 καὶ
2614 1216 2985 1289 δημιουργεῖν.
3034 1215 3359 1286 Ὠνομάζετο
3391 1215 3448 1268 δέ
3480 1232 3610 1268 ποτε
3644 1216 3740 1270 καὶ

2167 1307 2360 1376 βυϐλία
2382 1304 2562 1379 μόνον,
2585 1309 2652 1362 τὰ
2678 1310 2744 1363 ἐκ
2774 1311 2870 1380 τῆς
2898 1308 3093 1378 βύϐλου
3113 1310 3212 1380 τῆς
3237 1310 3295 1362 ὲν
3323 1306 3583 1377 Αἰγύπτῳ
3610 1324 3739 1376 φυο-

2167 1399 2336 1470 μένης
2368 1400 2620 1471 παπύρου
2649 1401 2927 1471 γινόμενα.
2978 1400 3092 1453 Νῦν
3126 1400 3181 1453 δὲ
3215 1416 3310 1453 και
3357 1398 3424 1452 τὰ
3479 1400 3544 1451 ἐκ
3588 1399 3736 1452 λίνου

2166 1488 2365 1561 ῥάκους
2406 1490 2868 1561 κατεργασθέντος
2911 1491 3038 1561 πιλή
3049 1508 3192 1561 ματα
3232 1489 3506 1556 διάκολλα,
3549 1492 3607 1543 ὲν
3654 1486 3738 1555 οἷς

2163 1582 2467 1652 γράφομεν,
2502 1581 2740 1653 τοῦνομα
2772 1582 3080 1653 ἔχειτοῦτο.
3106 1583 3217 1635 Καὶ
3248 1583 3476 1652 σχοινίον
3501 1581 3740 1653 πρόσθεν

2161 1674 2320 1727 τὸ;ὲκ
2354 1674 2565 1743 σχοίνου
2613 1674 2721 1728 τῶν
2763 1674 2949 1728 ἑλείων
2988 1674 3187 1743 φυτοῦ’
3230 1673 3323 1727 νῦν
3365 1670 3423 1728 δὲ
3454 1674 3641 1727 καὶτὸ
3670 1675 3739 1728 ἐκ

2162 1763 2307 1818 λίνου
2340 1766 2434 1818 καὶ
2465 1765 2626 1836 ἐρίων
2660 1765 2796 1837 πρὸς
2823 1765 2921 1837 τὴν
2958 1766 3129 1838 αὐτὴν
3169 1765 3357 1835 χρείαν
3399 1763 3737 1835 κλωθόμενον

2166 1856 2394 1926 σχοινίον
2418 1858 2902 1928 προσαγορεύεται.
2927 1856 3037 1910 Καὶ
3060 1856 3324 1927 αὐθέντης
3344 1856 3401 1909 δὲ
3428 1857 3456 1909 ὁ
3482 1856 3738 1927 αὐτόχειρ

498 1947 636 2015 γείν,
671 1943 729 1998 id
760 1950 866 2007 est,
891 1945 1112 2008 cudere,
1144 1944 1498 2012 suppeditare,
1538 1958 1833 2011 procreare.
1875 1942 2061 2008 Quon-

2165 1947 2323 2016 μόνον
2349 1947 2566 2015 ἐλέγετο
2597 1948 2784 2001 πάλαι.
2812 1947 2924 2001 Νῦν
2955 1947 3013 2001 δὲ
3042 1948 3135 2000 καὶ
3160 1945 3408 2001 ὁστισοῦν
3432 1948 3621 2011 αἴτιος,
3641 1947 3737 2000 καὶ

497 2038 624 2093 dam
671 2037 833 2091 etiam
865 2034 1054 2106 βυϐλία
1102 2036 1280 2090 solum
1327 2035 1673 2099 dicebantur,
1717 2050 1838 2104 quze
1871 2034 2062 2089 fierent

498 2144 565 2187 ex
590 2129 759 2199 junco
790 2143 1015 2199 papyro,
1044 2143 1165 2197 qua:
1200 2128 1253 2181 in
1280 2127 1517 2199 Egypto
1538 2127 1877 2195 producitur.
1905 2125 2063 2180 Nune

499 2236 631 2275 vero
683 2234 748 2274 ex
792 2220 889 2273 lini
935 2219 1242 2288 panniculis
1288 2229 1344 2273 et
1393 2218 1741 2273 linteolorum
1798 2217 2062 2272 ramentis

499 2311 677 2367 versis
706 2311 762 2364 in
788 2309 1088 2381 opificium,
1114 2311 1436 2379 constipata:
1475 2310 1678 2363 chartre
1710 2309 1980 2379 quaedam,
2008 2315 2064 2363 et

502 2402 889 2472 conglutinata:
918 2401 991 2472 (in
1020 2400 1222 2470 quibus
1246 2401 1561 2468 scribimus)
1596 2399 1649 2453 id
1680 2400 1914 2455 nominis
1944 2414 2063 2453 sor-

504 2495 617 2548 tita:
655 2498 804 2547 sunt.
837 2490 903 2545 Et
935 2491 1165 2561 σχοινίον
1214 2491 1344 2544 οΙὶιη
1379 2490 1526 2545 funis
1554 2502 1694 2556 erat,
1739 2506 1805 2546 ex
1837 2490 2063 2545 scbceno

501 2586 675 2656 junco
706 2585 851 2654 (quae
898 2598 963 2638 ex
1000 2582 1335 2653 palustribus
1385 2582 1570 2651 planta
1610 2581 1715 2652 esl)
1758 2580 2060 2647 confectus,

502 2675 598 2731 sed
626 2689 772 2729 nunc
800 2690 865 2729 ex
894 2675 1006 2728 Iino
1038 2682 1091 2728 et
1123 2674 1264 2728 lanis
1305 2674 1361 2727 in
1386 2673 1637 2727 eumdem
1667 2688 1823 2728 usum
1855 2688 2062 2727 convo-

503 2774 652 2825 lutus
682 2774 1072 2836 contortusquc
1099 2764 1265 2830 funis,
1310 2766 1596 2821 schmnion
1630 2766 1955 2836 appellatur.
1998 2765 2062 2820 Et

503 2872 766 2935 praeterea
806 2860 1067 2930 αὐθέντης
1111 2860 1179 2913 ab
1215 2860 1456 2929 antiquis
1506 2879 1523 2910 ι
1560 2860 1721 2914 caedis
1764 2866 2010 2929 patrator
2039 2879 2058 2911 ι

501 2963 715 3008 tantum
747 2953 1081 3007 vocabatur:
1114 2967 1262 3005 nunc
1291 2967 1419 3005 vero
1450 2951 1703 3021 quisquis
1731 2960 1923 3005 auctor
1955 2957 2059 3012 est,

502 3043 722 3109 artifex,
769 3043 973 3114 epifex,
1031 3051 1252 3097 curator
1306 3042 1385 3096 rei
1437 3041 1710 3111 cujusvis,
1777 3042 2063 3097 authentes

501 3145 871 3208 nuncupatur.
928 3135 993 3189 Et
1040 3135 1300 3190 nimirum
1347 3134 1478 3189 vicit
1511 3134 1850 3204 invaluitque
1898 3148 2064 3205 supra

2162 2040 2510 2112 δημιουργὸς,
2527 2040 2622 2093 εἴτ’
2656 2035 2749 2094 οῦν
2784 2038 3108 2111 αὐτουργὸς,
3154 2038 3249 2092 καὶ
3276 2039 3570 2109 ἐπιστάτης
3592 2038 3735 2109 πρά-

2163 2148 2373 2201 γματος
2402 2130 2733 2195 οὑτινοσοῦν,
2751 2130 3281 2202 αὐθέντης.καλεῖται
3299 2149 3311 2160 ο
3337 2130 3477 2201 ὑπὲρ
3502 2128 3568 2182 τὰ
3590 2129 3739 2199 χίλια

2161 2222 2226 2294 δὴ
2285 2221 2378 2294 ἔτη
2434 2222 2837 2297 κεκρατηκότος
2889 2221 2984 2275 τοῦ
3040 2222 3247 2276 τοιοῦδε
3301 2221 3699 2293 σημαινομένου
3720 2238 3733 2251 ·

2163 2315 2373 2385 ἐπειδὴ,
2418 2314 2739 2385 Ῥωμαίοις,
2792 2312 2943 2385 θαμὰ
2982 2313 3048 2384 δὴ
3090 2312 3404 2383 ὁμιλοῦντες
3438 2311 3734 2382 Ἕλληνες,

2166 2406 2423 2460 συνίδοιεν
2468 2406 2568 2477 τὴν
2611 2405 2875 2477 σφετέραν
2902 2405 3080 2459 αὐτῶν
3121 2405 3308 2475 φωνὴν
3350 2404 3427 2457 ἔτι
3477 2403 3743 2476 δεομένην

2163 2495 2255 2550 τοῦ
2284 2514 2347 2565 γε
2390 2495 2648 2564 ἀνάλογον
2682 2494 2748 2548 ἂν
2792 2494 2869 2564 τῷ
2910 2514 2930 2546 r
2953 2490 3118 2566 αῦτορ
3145 2513 3166 2547 ι
3200 2493 3420 2564 ὀνόματι
3452 2492 3561 2546 τῶν
3603 2494 3739 2546 Ῥω-

2167 2587 2340 2659 μαίων
2378 2586 2767 2658 ἀκριϐέστερον
2807 2585 3317 2657 προσοικειουμένου
3348 2586 3467 2646 ταῖς
3500 2584 3731 2655 χρείαις.

2164 2678 2318 2732 Οὕτω
2353 2677 2461 2751 γὰρ
2505 2677 2834 2749 βιαζόμενοι,
2890 2678 2969 2741 ὡς
3014 2677 3181 2742 εἰκὸς,
3229 2675 3515 2747 πράγματι
3564 2675 3737 2746 συχνὰ

2162 2772 2347 2841 ἥκοντι
2365 2771 2446 2833 εἰς
2467 2768 2653 2840 χρείαν
2673 2768 2842 2838 ὄνομα
2863 2769 3146 2839 ἱδιαίτερον
3165 2767 3371 2830 θέσθαι,
3389 2767 3450 2820 τὸ
3469 2766 3735 2838 αὐθέντης

2162 2860 2224 2932 δὴ
2251 2860 2331 2922 εἰς
2363 2858 2519 2912 τοῦτο
2549 2855 3085 2928 ἅλλοτριονομοῦντες
3129 2856 3534 2929 μετενηνόχασι.
3566 2856 3733 2908 Βασί-

2162 2951 2302 3015 λειος
2332 2948 2424 3004 οὖν
2462 2949 2569 3003 τῶν
2614 2949 2896 3021 ἡμετέρων
2940 2949 3269 3021 ἱεροφαντῶν
3312 2950 3406 3002 ἐπὶ
3450 2946 3736 3001 Ἰουλιανοῦ

2162 3044 2558 3115 αὐτοκράτορος
2600 3041 2887 3112 γενόμενος
2941 3038 3098 3112 ἀνὴρ,
3149 3041 3244 3093 καὶ
3282 3040 3382 3111 τὴν
3422 3040 3605 3110 φωνήν
3632 3041 3733 3111 οὐχ

2160 3132 2321 3207 ἦττον
2358 3136 2392 3206 ἢ
2421 3134 2517 3206 τὴν
2552 3134 2789 3188 διάνοιαν
2839 3132 3272 3204 κεκοσμημένος,
3325 3132 3399 3186 τὰ
3435 3131 3531 3185 τοῦ
3585 3133 3739 3187 θείου

500 3230 651 3284 mille
706 3243 880 3284 annos
927 3225 1245 3297 hujusmodi
1302 3225 1653 3297 signiﬁcatio,
1708 3232 2060 3295 posteaquam

2165 3225 2477 3297 Πνεύματος
2499 3225 2810 3297 χαρίσματα
2833 3224 2893 3277 οὐ
2922 3222 3324 3294 λειτουργικῶς,
3355 3222 3469 3277 ἀλλ’
3497 3242 3515 3275 ι
3545 3222 3737 3277 αύθεν-

502 3322 673 3377 Graeci
713 3335 836 3376 cum
872 3318 1135 3375 Romanis
1175 3326 1460 3375 versantes
1498 3326 1861 3390 perceperunt
1906 3332 2062 3373 suam

2165 3318 2331 3383 τικῶς
2360 3336 2378 3368 ι
2407 3316 2652 3386 γίνεσθαι
2682 3317 2853 3385 λέγει.
2879 3315 2992 3370 Καὶ
3031 3316 3280 3379 Συνέσιος
3309 3316 3595 3386 φιλόσοφος
3626 3315 3740 3369 τῶν

503 3413 741 3483 linguam
781 3410 962 3464 adhuc
991 3409 1235 3480 indigere
1274 3409 1497 3464 nomine
1533 3408 1661 3463 huic
1713 3406 1922 3463 nomini
1961 3407 2064 3462 La-

498 3505 615 3559 tino
648 3522 666 3554 (
695 3509 886 3557 auctor
914 3520 933 3554 ι
969 3500 1353 3571 respondente,
1378 3499 1525 3571 quod
1554 3501 1812 3571 majorem
1839 3500 2065 3555 haberet

502 3611 636 3651 usus
676 3594 1086 3665 proprietatem.
1134 3591 1212 3646 Ita
1254 3595 1398 3649 enim
1443 3594 1641 3660 coacti,
1676 3602 1736 3647 ut
1765 3592 2066 3648 verisimile

499 3694 604 3750 est,
635 3687 714 3741 rei
743 3686 940 3740 crebro
976 3684 1032 3739 in
1080 3700 1241 3739 usum
1272 3685 1545 3740 venientis
1574 3685 1750 3754 magis
1782 3683 2063 3754 proprium

500 3792 698 3832 nomen
724 3777 1024 3846 imponere,
1058 3776 1164 3831 hoc
1193 3783 1339 3831 certe
1361 3791 1561 3830 nomen
1590 3775 1882 3831 authentes
1909 3775 1966 3828 in
1998 3773 2066 3828 il-

500 3868 595 3923 lud
625 3875 1083 3932 transmutarunt,
1116 3866 1396 3923 imitantes
1430 3867 1664 3921 alienam
1693 3867 1886 3936 legem.
1918 3864 2067 3921 Basi-

499 3961 608 4015 lius
664 3960 846 4029 itaque
897 3974 1041 4014 unus
1094 3973 1125 4014 e
1159 3960 1363 4014 nostris
1409 3958 1782 4028 pontificibus,
1820 3963 2065 4028 tempore

498 4050 846 4120 imperatoris
872 4047 1099 4108 Iuliani.
1143 4048 1229 4101 vir
1272 4064 1384 4103 non
1420 4048 1603 4103 minus
1633 4046 1852 4117 eloquio
1897 4062 2062 4118 quam

498 4148 613 4202 acri
638 4145 973 4217 cogitatione
1000 4144 1284 4214 praeditus,
1315 4144 1458 4199 dona
1502 4140 1740 4212 Spiritus
1770 4143 1947 4198 sancti
1975 4140 2062 4196 di-

496 4241 573 4295 cit
606 4253 717 4294 non
750 4236 867 4293 ﬁeri
909 4252 1008 4307 per
1042 4236 1430 4302 ministerium,
1476 4235 1574 4290 sed
1610 4254 1627 4285 ι
1654 4234 2007 4290 authentice:
2038 4252 2057 4284 ι

495 4332 551 4387 id
586 4339 692 4396 est,
721 4346 832 4385 non
863 4345 895 4385 a
920 4330 1176 4384 ministro
1208 4330 1349 4391 dari,
1377 4327 1473 4384 sed
1501 4328 1569 4383 ab
1593 4336 1841 4383 auctore.
1866 4326 1934 4383 Et
1963 4326 2065 4398 Sy-

497 4427 689 4483 nesius
732 4424 1091 4496 philosophus
1140 4422 1545 4478 eruditissimus
1604 4419 1852 4492 qui.fuit
1899 4419 2063 4490 paulo

498 4526 622 4591 post
666 4510 978 4575 Theodosio
1026 4517 1368 4587 imperante,
1422 4515 1771 4585 interrogans
1826 4512 2063 4583 patriar-

2162 3409 2503 3479 λογιωτάτων
2530 3408 2722 3479 μικρὸν
2753 3406 2977 3478 ὕστερον
3003 3406 3097 3459 ἐπὶ
3140 3406 3439 3471 Θεοδοσίου,
3465 3404 3734 3460 πυνθανὸ-

2167 3519 2326 3573 μενος
2375 3501 2713 3574 πατριάρχου
2765 3498 3046 3570 Θεοφίλου,
3081 3501 3131 3552 εί
3174 3500 3276 3571 χρὴ
3323 3499 3562 3570 νομίζειν
3610 3497 3733 3552 ἐπί-

2166 3612 2365 3648 σκοπον
2399 3593 2744 3665 Ἀλέξανδρόν
2775 3610 2916 3658 τινα,
2943 3592 3384 3665 χειροτονηθέντα
3410 3591 3516 3645 ὑπὸ
3556 3591 3738 3645 Ἰωάν-

2163 3705 2252 3742 νου
2288 3688 2382 3741 τοῦ
2417 3686 2556 3758 μετὰ
2576 3686 2745 3740 ταῦτα
2781 3686 3124 3758 νομισθέντος
3152 3685 3327 3754 ἁγίου,
3349 3685 3444 3737 καὶ
3470 3684 3737 3754 ἐπονομα-

2166 3778 2379 3841 σθέντος
2415 3778 2819 3849 Χρυσοστόμου,
2852 3777 2973 3832 τότε
3014 3776 3103 3830 διά
3134 3793 3257 3831 τινα
3303 3774 3591 3846 συμϐᾶσαν
3619 3775 3725 3829 δια·

2165 3870 2338 3943 φορὰν
2394 3871 2488 3924 καὶ
2546 3869 2734 3923 στάσιν
2790 3868 2900 3922 τῶν
2963 3867 3296 3939 Ἐκκλησιῶν
3350 3866 3736 3939 ἀφωρισμένου

2162 3963 2352 4035 γνώμῃ
2411 3963 2691 4034 συνοδικῇ,
2748 3957 2840 4017 ὧδ’
2881 3961 3162 4033 ἐπιφέρει·
3205 3960 3392 4033 «Πρὸς
3436 3960 3464 4012 ὃ
3510 3961 3591 4013 δεῖ
3633 3958 3735 4031 τὴν

2163 4055 2451 4108 αύθεντίαν
2492 4055 2591 4125 τῆς
2639 4052 3000 4124 ἀποστολικῆς
3049 4052 3298 4123 διαδοχῆς
3337 4051 3737 4124 ἀποκρίνασθαι

2164 4146 2349 4209 ἁπλῶς
2389 4148 2481 4199 καὶ
2530 4145 2735 4215 σαφῶς.
2782 4164 2801 4197 ι
2848 4145 2921 4198 Οὐ
2962 4144 3067 4214 μὴν
3110 4142 3246 4197 ἀλλὰ
3291 4144 3387 4197 καὶ
3436 4144 3694 4214 Ῥωμαῖοι
3716 4184 3732 4205 ,

2162 4239 2238 4302 ὠς
2279 4237 2620 4308 Πλούταρχος
2659 4239 2878 4309 ἱστορεῖ,
2912 4238 3011 4307 τὴν
3057 4238 3137 4299 εἰς
3178 4235 3304 4307 τρία
3347 4235 3608 4307 διαίρεσιν
3636 4232 3737 4288 τοῦ

2167 4329 2334 4399 μηνὸς
2374 4327 2508 4399 πρὸς
2550 4326 2649 4391 τὰς
2707 4328 2968 4398 μεγίστας
3010 4330 3160 4400 τρεῖς
3202 4326 3463 4399 διαφορὰς
3504 4328 3601 4398 τῆς
3648 4343 3738 4379 σε-

2163 4422 2330 4495 λήνης
2380 4420 2703 4491 τυγχάνουσι
2759 4420 3020 4491 πρότερον
3086 4419 3474 4491 πεποιηκότες-
3528 4417 3737 4473 Καλένο

2162 4515 2259 4577 δας
2301 4512 2402 4585 μὲν
2442 4513 2541 4582 τὴν
2590 4508 2883 4582 νουμηνίαν
2933 4509 3294 4575 καλέσαντες,
3340 4512 3424 4565 ὅτι
3474 4510 3601 4582 περὶ
3635 4509 3736 4581 τὴν

498 4614 655 4668 cham
688 4610 1073 4681 Theophilum.
1107 4625 1176 4662 an
1205 4592 1847 4679 oporteatAlexandrum
1872 4618 2064 4676 quem-

2166 4605 2381 4659 σύνοδον
2424 4599 2557 4657 οὖσα
2587 4603 2698 4655 τόθ’
2734 4604 2768 4673 ἠ
2818 4603 3011 4674 σελήνη
3066 4601 3256 4675 ὥσπερ
3291 4600 3534 4672 λέληθεν,
3560 4599 3740 4653 ἐπιλε-

498 4705 625 4759 dam
660 4703 981 4759 existimare
1008 4702 1350 4771 episcopum,
1381 4700 1437 4755 in
1482 4699 1865 4770 episcoporum
1909 4694 2062 4750 ordi-

500 4810 624 4849 nem
660 4794 976 4864 adoptatum
1006 4793 1077 4847 ab
1105 4791 1337 4856 Joanne,
1372 4791 1467 4862 qui
1499 4798 1687 4861 postea
1728 4789 1870 4844 inter
1907 4786 2064 4843 divos

500 4886 728 4948 relatus,
776 4891 832 4940 et
881 4882 1309 4954 Chrysostomus
1353 4882 1776 4953 cognominatus
1814 4887 1938 4935 est:
1969 4878 2065 4934 sed

498 4988 631 5030 tunc
676 4982 902 5046 propter
952 4973 1247 5045 quamdam
1290 4972 1690 5028 contentionem
1739 4979 1794 5027 et
1844 4970 2070 5026 seditio-

499 5084 623 5125 nem
669 5068 740 5122 ab
785 5066 1050 5123 Ecclesiis
1099 5066 1168 5121 de
1215 5065 1434 5120 concilii
1489 5065 1763 5120 sententia
1806 5063 2066 5119 exclusus

499 5168 618 5219 erat
644 5180 656 5214 :
683 5161 764 5216 sic
795 5157 960 5214 infert
988 5178 1001 5213 :
1039 5177 1057 5209 ι
1088 5158 1170 5213 Ad
1191 5157 1338 5227 quod
1369 5170 1507 5225 opus
1536 5164 1621 5210 est
1648 5152 2008 5217 anthentiam,
2041 5170 2061 5203 ι

501 5256 552 5308 ill
582 5261 688 5317 est,
722 5272 741 5304 ι
773 5248 1161 5306 auctoritatem
1197 5248 1569 5305 successionis
1595 5246 1910 5317 apostolica:
1934 5245 2067 5300 sim-

502 5346 734 5416 pliciter,
778 5351 832 5399 et
884 5349 1070 5412 aperte
1127 5341 1456 5397 sententiam
1510 5338 1671 5395 ferre.
1703 5358 1722 5391 ›
1777 5337 2066 5392 Enimvero

501 5438 666 5490 etiam
696 5433 952 5500 Romani,
982 5442 1041 5489 ut
1077 5432 1271 5489 scribit
1295 5432 1645 5498 Plutarchus,
1685 5430 1831 5484 illam
1863 5427 2067 5484 mensis

501 5529 829 5585 divisionem
868 5528 1203 5597 tripertitam
1246 5526 1313 5582 ad
1344 5534 1460 5582 tres
1493 5526 1761 5580 maximas
1791 5525 1935 5577 lunre
1960 5520 2070 5575 dif-

501 5620 761 5676 ferentias
796 5628 1065 5684 tecerunt,
1100 5618 1373 5674 Kalendas
1413 5615 1753 5672 novilunium
1788 5614 2068 5684 appellan-

503 5725 605 5773 tes,
637 5712 785 5781 quod
813 5721 928 5767 tum
966 5713 1096 5768 luna
1138 5713 1196 5767 in
1238 5712 1391 5767 coitu
1424 5712 1727 5773 exsistens,
1770 5709 1927 5778 quasi
1972 5720 2066 5761 oc-

500 5802 650 5855 culta
703 5804 777 5857 sit
826 5803 1043 5870 penitus
1091 5803 1305 5858 defecta
1356 5803 1606 5857 lumine;
1638 5800 1818 5855 «clam
1849 5822 1867 5850 ι
1920 5798 2065 5853 enim

504 5890 768 5948 Romanis
810 5893 1043 5948 latenter
1087 5895 1380 5965 significat,
1431 5896 1575 5951 unde
1618 5893 1889 5949 Kalendas
1933 5884 2065 5947 dicit

2165 4697 2411 4760 λοιπότος
2440 4696 2506 4767 δὴ
2538 4696 2815 4759 παντελῶς
2854 4694 2947 4750 τοῦ
2982 4695 3185 4765 φωτός·
3238 4694 3299 4748 τὸ
3335 4695 3446 4766 γὰρ
3472 4712 3491 4745 ι
3524 4692 3674 4762 κλὰμ
3713 4712 3731 4742 ι

2177 4788 2469 4860 Ῥωμαίοις
2495 4785 2556 4840 τὸ
2583 4785 2755 4858 λάθρα
2789 4784 3150 4855 διασημαίνει,
3182 4783 3305 4839 ὅθεν
3336 4783 3434 4847 τὰς
3460 4780 3738 4843 Καλένδας

2166 4878 2475 4951 ὠνομάσθαι
2518 4878 2671 4949 φησί.
2706 4875 2896 4941 Νώνας
2924 4877 3001 4940 δὲ,
3032 4878 3159 4929 ὅταν
3185 4873 3501 4945 καταφανὴς
3521 4871 3739 4943 πρῶτον

2167 4972 2261 5026 ἐπὶ
2283 4970 2500 5042 δυσμῶν
2519 4970 2732 5041 γίνηται
2764 4968 2858 5023 νέα
2874 4985 2887 4999 ’
2915 4968 3099 5031 Εἰδοὺς
3124 4966 3201 5030 δὲ,
3231 4967 3381 5029 ὅταν,
3404 4961 3738 5033 πανσέληνος

2167 5061 2322 5127 οὖσα,
2355 5062 2695 5135 εύειδεστέρα
2735 5060 2833 5132 τὴν
2875 5060 2997 5130 ὄψιν
3135 5058 3270 5113 Ἀλλ’
3301 5059 3450 5129 ὅμως
3477 5056 3735 5127 ὕστερον·

2168 5156 2366 5217 καίτοι,
2398 5154 2518 5208 καθ’
2548 5154 2697 5225 ἥλιον
2735 5154 2959 5225 άγοντες
2996 5152 3124 5215 τοὺς
3169 5150 3363 5221 μῆνας,
3392 5147 3592 5219 ὁμοίως
3618 5145 3737 5217 ὁρί-

2169 5248 2352 5313 ζοντες
2381 5248 2471 5300 τὸν
2500 5247 2709 5317 χρόνον,
2743 5244 3037 5308 Καλένδας,
3062 5243 3158 5297 καὶ
3183 5241 3396 5305 Νώνας,
3426 5239 3520 5293 καὶ
3551 5237 3741 5299 Εἰδοὺς

2168 5339 2249 5394 ἔτι
2282 5338 2555 5401 καλοῦσιν,
2611 5339 2837 5409 ὀνόμασι
2896 5337 3307 5408 καταχρώμενοι
3348 5329 3429 5398 οἷς
3474 5332 3740 5404 πρότερον

2168 5431 2389 5498 ἄγοντες
2433 5431 2574 5485 κατὰ
2626 5430 2853 5501 σελήνην
2905 5428 3143 5500 ἐχρῶντο
3187 5426 3409 5498 κυρίως.
3454 5423 3624 5481 οὐθὲν
3671 5422 3738 5491 δὴ

2168 5524 2364 5587 ἄτοπον
2394 5523 2503 5576 οὐδ’
2538 5524 2689 5593 ήμῖν,
2737 5523 2786 5574 εί
2833 5522 3114 5591 ἱστάμενον
3168 5518 3450 5588 λέγοιμεν,
3486 5514 3581 5568 καὶ
3619 5511 3743 5581 9:8!-

2167 5632 2347 5677 νοντα,
2382 5615 2456 5686 μὴ
2488 5615 2631 5670 κατὰ
2659 5616 2888 5686 σελήνην
2920 5614 3020 5674 ἐτι,
3062 5611 3200 5668 ἀλλὰ
3229 5610 3371 5665 κατὰ
3393 5609 3545 5680 ἥλιον
3574 5610 3738 5675 ἆγον-

2166 5724 2276 5770 τες.
2318 5708 2600 5775 Ἀνάλογον
2643 5707 2823 5761 τοίνυν
2868 5709 2999 5777 ήμῖν
3039 5707 3150 5773 ἕξει
3187 5704 3451 5775 νουμηνία
3488 5702 3588 5774 μὲν
3620 5702 3741 5764 ταῖς

2167 5798 2483 5862 Καλένδαις,
2518 5799 2579 5852 τὸ
2623 5798 2679 5851 δὲ
2737 5800 3019 5868 ἱστάμενον
3062 5797 3140 5867 τῷ
3193 5797 3300 5871 πρὸ
3331 5795 3555 5859 Νωνῶν,
3594 5792 3655 5846 τὸ
3681 5792 3738 5845 δὲ

2170 5890 2259 5941 ἐπὶ
2288 5889 2416 5944 δέκα
2454 5889 2528 5960 τῷ
2557 5890 2658 5961 πρὸ
2687 5891 2876 5957 Είδῶν,
2905 5890 2965 5944 τὸ
2992 5890 3045 5942 δὲ
3081 5889 3263 5960 φθῖνον
3294 5888 3371 5960 τῷ
3391 5887 3496 5957 πρὸ
3528 5887 3741 5941 Καλεν-
