4106 6410
359 378 500 438 1205

1314 385 1664 444 Τηεοοοῐιι
1705 387 1912 444 (ἒΑΖᾸΞ
1954 388 2158 445 LIBER
2196 390 2286 445 DE
2332 390 2701 448 MENSIBUS.

3482 398 3625 455 1-206

354 498 483 554 δῶν.
526 500 616 565 Ὦς
643 500 688 556 δ’
712 503 846 574 ἡμῖν
872 502 1056 557 οὐκέτι
1084 504 1357 576 χρήσιμος
1382 503 1478 575 ἕνη
1508 505 1603 558 καὶ
1630 504 1747 568 νέα,
1771 505 1940 570 οὕτως

2045 507 2368 578 appellatas.
2412 505 2599 566 Nonas
2629 516 2835 576 aut-3m,
2871 511 3094 581 quando
3134 513 3368 582 primum
3421 514 3487 567 ad
3525 530 3623 569 oc-

351 593 476 647 οὐδὲ
511 594 803 663 Ῥωμαίοις
847 595 908 648 τὸ
952 595 1362 666 ἰντερλούνιονο
1401 595 1501 668 τὴν
1548 596 1659 667 γὰρ
1706 597 1938 668 ἡμέραν,

352 682 423 761 ἧς
453 687 514 742 τὺ
539 688 636 760 μὲν
663 686 748 759 τῷ⁴
763 688 979 761 λήγοντι
1007 690 1158 761 μηνὶ,
1181 690 1242 744 τὸ
1267 690 1325 744 δὲ
1357 690 1433 761 τῷ
1458 690 1745 762 ἀρχομένῳ
1768 708 1939 763 προσ-

356 782 480 854 ήκει
528 782 667 836 κατὰ
717 783 966 854 σελήνην,
1001 784 1259 853 Ῥωμαῖοι
1288 782 1433 837 οὕτω
1464 782 1715 838 καλοῦσι.
1754 783 1941 837 Ταῦτα

362 871 460 942 μὲν
489 871 554 943 δὴ
575 871 723 925 οὕτω
750 872 1138 944 λαμϐανόμενα
1177 868 1235 926 εὖ
1265 872 1331 926 ἂν
1362 872 1494 944 ἔχοι.
1537 873 1654 926 Οὐκ
1682 860 1753 927 ἂν
1777 874 1942 941 ἀφαι-

362 965 534 1035 ρεῖται
570 962 614 1016 δ’
640 964 670 1016 ό
703 962 856 1032 λόγος
886 963 1007 1017 οὐδὲ
1052 963 1267 1027 ἰδιώτας
1299 964 1398 1035 τὴν
1447 963 1557 1017 τῶν
1594 965 1815 1036 ἡμερῶν
1838 965 1940 1035 τῆς

357 1058 587 1131 σελήνης
616 1060 840 1129 γνῶσιν,
867 1061 1061 1114 ὁπόσαι
1096 1061 1377 1114 ἑκάστοτε.
1408 1061 1551 1114 Πολὺ
1581 1062 1688 1135 γάρ
1714 1079 1767 1114 τι
1798 1077 1939 1132 συμ-

355 1149 609 1205 ϐάλλεται
631 1153 710 1216 εἰς
732 1150 879 1205 τοῦθ’
902 1155 936 1223 ἡ
959 1151 1066 1205 τῶν
1089 1150 1313 1224 ἡμερῶν
1337 1152 1432 1205 τοῦ
1454 1150 1576 1206 καθ’
1593 1152 1742 1223 ἣλιον
1772 1152 1940 1223 μηνὸς

354 1244 559 1315 εῐδησις
580 1261 595 1276 ’
624 1245 716 1299 καὶ
748 1246 928 1317 ῥᾴδιον
962 1244 1305 1317 προστιθέντι
1341 1248 1461 1309 ταῖς
1498 1246 1764 1309 ἐπακταϊς
1792 1244 1941 1317 εὑρι-

358 1355 512 1393 σκειν
532 1338 623 1393 τὸν
662 1340 913 1413 ἀριθμόν.
949 1340 1023 1393 Τὸ
1052 1340 1097 1393 δ’
1134 1340 1360 1411 ἀκριϐὲς
1394 1341 1494 1394 οὐκ
1523 1340 1854 1411 ἀπαιτητέον
1882 1341 1939 1393 ἐν

353 1433 593 1499 τούτοις.
623 1432 890 1488 Ἐπακταὶ
920 1433 1005 1504 ἐφ’
1040 1426 1086 1502 ᾧ
1114 1440 1162 1488 α’
1203 1433 1437 1505 ἀριθμὸς
1478 1432 1702 1505 ήμερῶν
1746 1433 1943 1501 ἐπαγο-

357 1523 535 1596 μένων
582 1524 809 1597 ἡλιακοῦ
872 1527 1039 1599 μηνὺς
1062 1567 1078 1592 ,
1134 1528 1219 1597 ἐφ’
1253 1520 1298 1596 ᾧ
1338 1527 1404 1599 β’.
1449 1528 1704 1601 Ἀριθμὸς
1755 1526 1940 1599 μηνῶν

354 1618 712 1689 ἐπαγομένων
746 1619 1016 1684 ἐνιαυτοῦ,
1057 1619 1167 1688 ἀπὸ
1202 1619 1584 1692 Μουνυχιῶνος
1610 1619 1938 1691 ἀρχομένου,

353 1710 440 1779 ἐφ’
470 1703 515 1779 ᾧ
546 1717 615 1779 γ’.
650 1711 938 1783 Γινόμενος
977 1712 1208 1784 ἀριθμὸς
1253 1715 1318 1766 ἐκ
1357 1711 1467 1767 τῶν
1499 1719 1570 1777 α’,
1605 1713 1672 1783 β’,
1713 1719 1764 1781 γ’
1803 1712 1939 1785 ὁμοῦ

352 1802 683 1875 ληφθέντων,
713 1804 799 1874 ἐφ’
827 1796 872 1873 ᾧ
916 1804 980 1858 δ’.
1010 1805 1322 1877 ’Υπερέχων
1361 1805 1472 1859 τῶν
1504 1805 1818 1876 τριάκοντα,
1851 1806 1936 1875 ἐφ’

352 1871 499 1964 ὧλό
542 1871 814 1967 Ὑπεροῆ
844 1871 936 1964 ἐφ’
965 1889 1011 1965 ᾧ
1054 1894 1122 1959 ζ’-
1147 1871 1396 1969 ’Σέλήνης
1442 1871 1668 1968 ἡμέρῶν
1708 1871 1941 1969 ἀριθμός
1973 1871 2015 1926 Β

351 1987 728 2058 ἐπαγομένων,
757 1988 842 2059 ἐφ’
866 1980 911 2056 ᾧ
942 1995 1012 2059 η’.
1041 1987 1114 2042 Τὸ
1144 1988 1209 2060 δὴ
1245 1989 1289 2042 δ’
1317 1988 1469 2045 ἔσται
1500 1991 1612 2044 ἴσον
1632 1988 1712 2061 τῷ
1743 1996 1813 2061 η’,
1842 1990 1938 2045 ἐὰν

355 2077 431 2148 μὴ
456 2078 518 2131 τὸ
548 2083 590 2130 ε’
622 2077 843 2151 ὑπάρχῃ
879 2078 959 2151 τῷ
985 2079 1050 2136 δ’.
1092 2080 1219 2134 Ἐὰν
1256 2081 1302 2135 δ’
1336 2081 1578 2154 ὑπάρχῃ,
1615 2080 1678 2134 τὸ
1710 2081 1754 2146 ζ’
1786 2080 1938 2135 ἔσται

353 2165 468 2220 ἴσον
492 2166 572 2239 τῷ
596 2166 659 2221 δ’.
699 2166 774 2220 Τὸ
812 2166 870 2220 δὲ
899 2174 948 2221 α’
982 2166 1215 2239 ληπτέον
1238 2168 1337 2222 ὅτι
1375 2167 1543 2223 ἐστίν.
1580 2166 1785 2221 Ἱκανὸν
1829 2167 1939 2238 γὰρ

349 2258 427 2322 ὡς
462 2257 598 2330 πρὸς
625 2259 752 2323 τοὺς
771 2258 999 2323 πολλοὺς
1025 2259 1087 2313 τὸ
1107 2259 1135 2313 ὃ
1157 2277 1231 2315 τι.
1260 2260 1415 2313 Ἔστι
1442 2259 1489 2313 δ’
1518 2259 1626 2332 ἄρα
1646 2258 1818 2313 εἴκοσι
1844 2262 1939 2314 καὶ

349 2349 496 2403 ὀκτὼ
521 2348 614 2403 τοῦ
641 2348 737 2404 νῦν
764 2351 1029 2423 παρόντος
1054 2350 1359 2424 ήραρχικοῦ
1386 2350 1560 2416 ἔτους.
1594 2350 1940 2416 Ἐπαυξέσθω

350 2441 409 2495 δὲ
436 2441 557 2496 καθ’
604 2442 834 2497 ἕκαστον
880 2444 999 2509 ἔτος
1045 2444 1345 2516 ήραρχικὸν
1383 2443 1676 2516 προσθέσει
1716 2444 1825 2498 τῶν
1855 2444 1942 2498 ἐν·

350 2531 503 2586 δεκα.
540 2533 652 2587 Καὶ
674 2534 898 2608 ἐπειδὰν
926 2534 1034 2588 τῶν
1062 2535 1354 2606 τριάκοντα
1387 2536 1654 2608 ὑπερέχῃ,
1700 2536 1940 2607 εἰλήφθω

350 2623 384 2693 ή
415 2622 657 2695 ὑπεροχὴ
689 2629 756 2677 α’.
792 2625 902 2677 Καὶ
933 2623 1075 2677 οὓτω
1101 2623 1166 2695 δὴ
1202 2622 1493 2690 ἐπαύξοντι
1527 2627 1636 2680 αἰεὶ
1664 2626 1759 2679 καὶ
1798 2626 1941 2698 λαμ-

351 2714 568 2769 6άνοντι
609 2715 840 2787 ληπτέον
873 2718 935 2770 τὸ
971 2723 1041 2773 α’.
1088 2718 1391 2789 Πρόσθεσις
1436 2718 1522 2788 ἐφ’
1556 2711 1601 2786 ᾧ
1641 2717 1706 2772 θ’.
1747 2717 1940 2789 Ἑτέρα

352 2807 597 2880 ὑπεροχὴ
630 2808 715 2878 ἐφ’
751 2802 796 2878 ᾧ
843 2806 894 2863 ι’.
937 2809 1388 2882 Προσληφθέντος
1423 2811 1488 2875 δὴ
1536 2809 1629 2864 τοῦ
1671 2809 1715 2864 θ’
1749 2810 1829 2881 τῷ
1866 2817 1935 2874 α’,

354 2900 508 2954 ἕσται
535 2902 597 2954 τὸ
627 2907 696 2965 α’,
719 2902 795 2966 ὡς
825 2902 983 2958 ἐννέα
1024 2902 1119 2956 τοῦ
1154 2903 1399 2967 ἐπιόντος
1421 2902 1729 2974 ἡραρχικοῦ
1751 2904 1903 2968 ἔτους
1920 2921 1933 2935 ⁸

353 2995 449 3047 καὶ
478 2992 639 3047 πάλιν
696 2993 1154 3066 προσληφθέντος,
1192 2994 1343 3048 ἔσται
1382 2994 1457 3059 ὡς
1500 2994 1673 3048 εἴκοσι
1716 2994 1809 3048 τοῦ
1844 2997 1941 3063 ἐφ·

353 3086 482 3156 εξῆς
532 3088 716 3150 ἔτους·
760 3083 975 3151 εἷταὼς
1025 3087 1122 3158 μία
1170 3087 1265 3141 τοῦ
1308 3086 1446 3159 μετὰ
1480 3086 1670 3140 ταῦτα.
1714 3087 1787 3141 Τὸ
1829 3088 1937 3160 γὰρ

358 3184 387 3229 ι’
417 3177 483 3247 δὴ
512 3177 588 3241 ὡς
618 3178 736 3249 μία.
784 3179 895 3233 Καὶ
937 3177 1110 3242 οὕτως
1138 3176 1225 3232 ἀεί
1244 3195 1257 3208 ·
1290 3177 1852 3251 ἐπιστημονικώτερον
1879 3180 1936 3233 δὲ

353 3256 477 3317 ὧδε.

2042 616 2233 656 casum
2262 602 2566 671 conspicua
2602 617 2743 656 nova
2777 602 2856 657 ﬁt.
2885 604 3035 665 ldus,
3068 604 3290 673 quando
3314 603 3427 673 jam
3463 605 3625 673 pleno

2040 693 2173 749 orbe
2203 693 2373 750 facies
2404 693 2704 749 formosior
2746 696 3110 765 conspicitur.
3165 695 3273 750 Sed
3302 703 3487 750 tamen
3528 711 3626 766 po-

2040 792 2159 842 stea
2207 785 2401 847 etiam,
2431 787 2686 855 quamvis
2735 802 2954 845 menses
3001 787 3070 843 ad
3113 787 3288 842 solem
3325 786 3621 852 deducant,

2038 885 2255 947 tempus
2319 876 2574 932 similiter
2623 877 2962 943 dividentes,
3028 877 3344 944 Kalendas,
3397 876 3618 942 Nonas,

2039 968 2204 1034 ldus,
2263 969 2563 1024 etiamnum
2618 978 2850 1037 vocant,
2911 969 3228 1027 nominibus
3277 970 3618 1026 abutentes:

2038 1062 2240 1131 quibus
2285 1070 2445 1116 antea
2479 1061 2547 1115 ad
2580 1061 2725 1115 lunae
2767 1076 2993 1117 cur-sum
3030 1061 3249 1131 proprie
3297 1061 3617 1117 utebantur.

2040 1148 2160 1203 Non
2193 1148 2359 1219 igitur
2390 1148 2687 1204 absurdum
2715 1148 2901 1215 fuerit,
2935 1150 2982 1205 si
3014 1166 3115 1207 nos
3148 1166 3369 1221 quoque
3401 1152 3619 1206 instan-

2040 1248 2148 1299 tem
2191 1248 2246 1297 et
2289 1241 2624 1311 praecipitem
2672 1240 2997 1307 dixerimus,
3056 1258 3167 1297 non
3213 1244 3281 1298 ad
3317 1244 3462 1299 lunae
3504 1260 3622 1299 am-

2040 1335 2210 1405 plius,
2240 1335 2336 1390 sed
2363 1334 2432 1389 ad
2460 1334 2595 1390 solis
2627 1334 2968 1389 curriculum
3000 1342 3246 1406 tempora
3279 1336 3616 1407 digerentcs.

2040 1427 2406 1498 Proportione
2455 1427 2644 1496 itaque
2678 1425 2821 1496 apud
2870 1442 2973 1483 nos
3010 1427 3366 1499 reSpondebit
3398 1441 3619 1483 neome—

2040 1518 2131 1574 nia
2165 1516 2428 1574 Kalendis
2457 1515 2753 1584 Romanis;
2790 1517 3009 1573 instans
3042 1533 3194 1586 vero,
3232 1527 3286 1573 et
3325 1534 3493 1590 supra
3521 1518 3620 1574 de-

2039 1623 2180 1674 cem,
2215 1615 2270 1664 et
2296 1622 2564 1679 praeceps,
2600 1622 2698 1664 seu
2728 1607 3010 1675 desinens,
3042 1610 3151 1666 illis
3180 1611 3398 1666 dicendi
3436 1609 3618 1666 modis

2039 1700 2272 1766 Latinis,
2307 1708 2454 1779 ante_
2470 1700 2680 1766 Nonas,
2708 1709 2836 1757 ante
2866 1702 3015 1766 ldus,
3051 1712 3179 1758 ante
3206 1701 3500 1760 Kalendas.
3544 1702 3619 1759 Et

2041 1809 2173 1850 vero
2204 1795 2365 1851 nobis
2395 1811 2506 1851 nou
2537 1796 2776 1867 amplius
2805 1813 2941 1854 usus
2969 1797 3199 1854 extremi
3237 1804 3294 1852 et
3328 1797 3512 1867 primi,
3536 1797 3620 1851 sic

2041 1901 2109 1942 ne
2138 1885 2403 1943 Romanis
2443 1887 2665 1958 quidem
2702 1890 3024 1955 interlunii;
3059 1890 3205 1945 diem
3243 1889 3390 1944 enim
3431 1888 3617 1958 (cuius

2039 1995 2170 2049 pars
2210 1979 2484 2035 desinenti
2518 1982 2718 2048 mensi,
2755 1996 2887 2054 pars
2915 1982 3200 2051 incipienti
3232 1982 3496 2052 competit
3522 1996 3613 2037 se-

2039 2073 2279 2128 cundum
2310 2073 2519 2144 lunam)
2557 2072 2790 2130 Romani
2828 2077 2903 2130 ita
2931 2084 3152 2131 vocant.
3188 2073 3311 2129 Haec
3346 2075 3517 2145 igitur
3535 2074 3619 2130 sic

2041 2170 2265 2232 accepta
2310 2163 2451 2220 bene
2502 2165 2728 2235 quidem
2786 2167 3041 2222 habeant.
3094 2165 3282 2237 Neque
3335 2180 3465 2221 vero
3527 2166 3618 2220 hic

2042 2269 2225 2310 sermo
2253 2257 2435 2327 privat
2467 2258 2656 2323 rudes,
2685 2266 2741 2315 et
2768 2260 2973 2316 idiotas
3005 2259 3217 2315 dierum
3248 2260 3393 2314 lunae
3429 2258 3619 2328 cogni-

2044 2348 2209 2410 tione,
2243 2357 2506 2420 quotnam
2532 2351 2747 2408 scilicet
2778 2350 3024 2423 quotidie
3052 2352 3184 2407 sint.
3219 2335 3448 2406 Multum
3471 2351 3618 2406 enim

2039 2440 2108 2496 ad
2135 2442 2189 2497 id
2218 2443 2481 2499 conducit
2503 2444 2719 2501 dierum
2751 2445 2952 2502 solaris
2981 2446 3191 2502 mensis
3219 2444 3450 2516 peritia;
3487 2442 3620 2498 faci-

2041 2532 2260 2606 liusque
2298 2543 2385 2591 est
2414 2551 2512 2591 eos
2551 2536 2672 2593 dies
2723 2538 2935 2607 epactis
2983 2538 3268 2609 adjicienti
3298 2535 3619 2608 huiusmodi

2042 2627 2286 2683 lunarem
2315 2643 2606 2684 numerum
2637 2629 2902 2686 invenire.
2951 2629 3133 2702 Atque
3166 2631 3257 2686 hic
3284 2646 3391 2687 non
3434 2630 3621 2701 requi-

2041 2721 2211 2776 renda
2240 2721 2461 2778 subtilis
2480 2732 2782 2793 exactaque
2817 2723 3122 2795 diligentiam.
3155 2723 3373 2796 Epactaa
3403 2724 3515 2781 sint
3536 2723 3617 2790 A;

2040 2829 2307 2870 numerus
2340 2814 2553 2871 dierum
2579 2796 2778 2872 solaris
2808 2817 3014 2873 mensis
3048 2818 3293 2873 seriatim
3329 2816 3621 2871 continua-

2041 2914 2224 2961 torum
2259 2907 2332 2963 sit
2361 2907 2443 2973 B;
2486 2924 2751 2965 numerus
2790 2910 3061 2966 mensium
3112 2910 3241 2964 anni
3275 2922 3620 2979 consequen-

2041 2999 2179 3053 tium
2212 3014 2242 3053 a
2283 2998 2479 3055 Martio
2507 3001 2727 3070 quidem
2777 3001 3095 3073 incipientis
3133 3001 3208 3067 C;
3248 2999 3519 3056 conﬂatus
3549 3015 3618 3054 ex

2041 3089 2107 3152 A,
2139 3088 2201 3153 Β,
2231 3088 2273 3145 C
2307 3105 2594 3154 numerus,
2644 3092 2718 3147 sit
2757 3091 2832 3161 D;
2884 3108 3147 3149 numerus
3196 3094 3472 3149 excedens
3515 3093 3618 3145 tri-

2041 3180 2191 3250 ginta
2224 3181 2295 3237 sit
2323 3181 2402 3250 E;
2431 3198 2699 3240 excessus
2724 3184 2813 3240 ille
2841 3194 3066 3241 vocetur
3094 3184 3170 3252 F;
3203 3199 3468 3240 numerus
3501 3183 3617 3239 die-

1962 3266 2003 3321 C
2038 3287 2160 3326 rum
2205 3273 2349 3328 lunae
2393 3276 2854 3346 consequentium
2905 3279 2978 3333 sit
3017 3276 3085 3333 (ἶ.
3122 3276 3393 3333 Cazterum
3439 3275 3483 3329 D
3514 3275 3620 3331 erit

353 3361 534 3428 qualis
561 3360 627 3430 G,
666 3362 774 3417 nisi
810 3361 853 3417 E
901 3362 974 3419 sit
1021 3361 1085 3418 Ι).
1141 3361 1298 3430 Quod
1355 3364 1401 3419 si
1449 3364 1542 3431 sit,
1576 3364 1617 3419 F
1683 3366 1789 3421 erit
1852 3368 2031 3438 qualis
2092 3368 2156 3422 D.
2193 3370 2241 3424 A
2275 3385 2424 3434 vero,
2463 3372 2516 3427 id
2560 3382 2647 3429 est
2689 3382 3011 3445 epactarum
3052 3389 3288 3439 summa,
3358 3388 3621 3444 quaecun-

353 3466 461 3527 que
494 3455 587 3519 sit,
623 3454 889 3510 sumenda
922 3463 1027 3513 est.
1062 3458 1441 3516 Sullicitenim
1474 3461 1640 3533 vulgo
1694 3461 1786 3517 illa
1841 3479 2184 3535 quaecunque
2223 3466 2315 3521 sit.
2352 3465 2493 3522 Sunt
2559 3469 2745 3540 itaque
2794 3471 2989 3542 viginti
3033 3478 3161 3526 octo
3208 3479 3415 3542 epacta:
3473 3484 3615 3540 pra!-

354 3548 528 3603 sentis
574 3548 704 3603 anni
744 3564 776 3603 a
814 3565 942 3605 vere
988 3551 1324 3623 incipientis.
1365 3551 1568 3609 Verum
1606 3563 1914 3626 augeantur
1960 3573 2058 3627 per
2081 3558 2330 3629 singulos
2360 3574 2537 3616 annos
2573 3561 2828 3617 similiter
2874 3579 2905 3617 a
2936 3578 3062 3619 vere
3104 3564 3452 3622 inchoantes.
3513 3562 3618 3617 ad-

353 3643 562 3698 ditione
595 3640 870 3697 undecim.
908 3642 972 3697 Et
1008 3645 1229 3714 quando
1269 3646 1359 3700 hic
1400 3662 1666 3703 numerus
1698 3647 1921 3718 triginta
1971 3651 2294 3720 excesserit,
2324 3661 2576 3708 sumatur
2605 3653 2696 3709 ille
2743 3669 3009 3712 excessus
3041 3658 3109 3710 A.
3150 3655 3214 3709 Et
3254 3657 3334 3712 sic
3399 3670 3619 3727 semper

354 3738 575 3810 augenti
612 3746 668 3799 et
733 3739 1027 3809 accipienti
1073 3741 1401 3797 sumendum
1458 3749 1543 3798 est
1606 3743 1671 3796 Α.
1720 3742 1844 3798 Fiat
1912 3745 2122 3800 additio
2167 3744 2232 3800 Η.
2289 3748 2445 3804 Alter
2492 3764 2755 3805 excessus
2802 3750 2875 3806 sit
2915 3751 2958 3820 l,
3005 3751 3284 3807 additione
3328 3750 3395 3817 ll,
3455 3752 3622 3807 simul

354 3840 572 3904 sumpta
619 3847 744 3888 cum
777 3833 844 3899 A,
879 3834 933 3889 id
986 3843 1092 3900 est,
1142 3851 1268 3891 eum
1312 3837 1507 3908 viginti
1557 3846 1683 3894 octo
1725 3838 1935 3910 epactis
1975 3843 2262 3911 praesentis
2306 3845 2436 3899 anni
2490 3844 2570 3912 A,
2605 3861 2932 3903 excrescens
2977 3862 3189 3902 summa
3241 3848 3347 3903 erit
3408 3847 3622 3904 dierum

355 3939 549 3980 novem
582 3926 864 3996 sequentis
901 3928 1030 3982 anni
1060 3943 1092 3983 a
1119 3946 1248 3985 vere
1279 3930 1580 3986 inchoativi
1610 3951 1622 3986 :
1652 3941 1705 3988 et
1733 3948 1930 3991 rursus
1969 3935 2114 3991 facta
2146 3938 2446 4005 additione,
2482 3950 2648 3996 erunt
2674 3941 2866 4012 viginti
2902 3942 3062 4015 166
3120 3952 3327 4013 epactae
3389 3957 3624 4013 sequen-

353 4018 428 4074 tis
480 4020 642 4084 anni;
688 4018 887 4076 deinde
936 4035 1046 4076 una
1096 4031 1285 4093 epacta
1327 4025 1457 4078 anni
1505 4024 1600 4096 qui
1643 4029 1922 4084 succedet.
1970 4027 2175 4087 lenim
2202 4047 2466 4090 excessus
2493 4035 2771 4091 secundus
2806 4052 2914 4090 una
2944 4037 3214 4091 duntaxat
3270 4046 3459 4108 epacta
3516 4046 3619 4093 est.

356 4112 423 4166 Et
457 4115 532 4169 ita
558 4113 781 4171 assidue
807 4115 932 4182 ﬁat;
973 4117 1205 4187 peritius
1235 4133 1366 4174 vero
1393 4120 1495 4176 sic.

780 4231 1035 4301 Εὕρεσις
1070 4232 1192 4288 τῶν·
1217 4235 1509 4291 ἐπακτῶν.

430 4344 543 4411 lq'.
562 4344 849 4418 Διῃρήσθω
893 4347 1044 4418 παρὰ
1075 4347 1429 4403 ἐνεακαίδεκα
1453 4351 1522 4404 τὰ
1542 4351 1649 4405 ἀπὸ
1670 4353 1933 4421 γενέσεως

2521 4236 2762 4294 Iuventio
2784 4218 3111 4308 epactarum.

2112 4347 2253 4403 XVI.
2298 4348 2622 4404 Dividantur
2655 4348 2783 4403 anni
2810 4363 2840 4401 a
2865 4349 3034 4402 natali
3061 4348 3378 4404 Christiano
3400 4366 3497 4421 per
3522 4365 3624 4406 no-

358 4433 451 4487 τοῦ
491 4433 626 4488 Θεοῦ
668 4436 987 4509 ἀπαγόμενα
1025 4439 1142 4511 ἐτη,
1174 4442 1569 4513 προσκειμένου
1600 4445 1809 4509 τούτοις
1840 4446 1936 4499 καὶ

2039 4443 2364 4511 vemdecim,
2395 4443 2484 4499 his
2523 4458 2635 4497 uno
2680 4443 2854 4496 altero
2889 4456 3031 4496 anno
3072 4442 3239 4496 etiam
3276 4442 3484 4500 addito.
3524 4445 3624 4501 Su-

359 4525 491 4591 ἐνὸς.
515 4525 597 4580 ἔτι
640 4527 827 4598 ἐτέρου
872 4528 1046 4594 ἐτους.
1102 4532 1461 4605 Εἰλήφθωσαν
1490 4534 1547 4588 δὲ
1576 4537 1634 4588 αἱ
1671 4536 1810 4609 ὑπὲρ
1838 4538 1939 4603 τὰς

357 4615 810 4682 ἐνεακαιδεκάδας
843 4621 1256 4691 περιττεύουσαι
1284 4625 1506 4697 ἡμέραι,
1544 4626 1637 4680 καὶ
1663 4627 1939 4683 πολυπλα-

362 4708 742 4781 σιασθήτωσαν
792 4711 886 4765 ἐπὶ
933 4712 1026 4768 τὸν
1083 4715 1306 4770 ἕνδεκαα
1347 4714 1467 4772 εἶτα
1509 4719 1937 4792 διαιρεθήτωσαν

359 4802 516 4874 παρὰ
572 4802 884 4874 τριάκοντα.
936 4806 1003 4859 Ai
1053 4806 1164 4879 γὰρ
1222 4808 1364 4881 ὑπὲρ
1403 4810 1504 4876 τὰς
1548 4814 1938 4884 τριακοντὰδας

359 4893 832 4960 πλεονάζουσαιτὸ
857 4902 906 4951 α’
946 4900 1004 4951 αἱ
1037 4900 1274 4953 ἐπακταί
1300 4903 1456 4957 εἰσιν.
1485 4897 1629 4969 Οἷον,
1661 4904 1806 4974 χίλια
1841 4905 1939 4976 μὲν

357 4988 454 5040 καὶ
479 4988 809 5059 τετρακόσια
843 4991 936 5044 καὶ
977 4990 1345 5064 ἐϐδομήκοντα
1380 4992 1477 5047 νῦν
1508 4987 1584 5048 ’τὰ
1612 4995 1720 5049 ἀπὸ
1744 4995 1941 5065 Θεογο-

358 5077 477 5141 νίας
502 5076 627 5149 ἐτη.
663 5079 1018 5151 Πῳσκείσθω
1048 5080 1106 5134 δὲ
1133 5081 1343 5146 τούτοις
1388 5083 1486 5137 καὶ
1518 5083 1597 5138 ἓν.
1633 5085 1939 5157 Διαιρεθέν-

358 5187 466 5225 των
505 5171 570 5242 δὴ
616 5171 822 5226 τούτων
851 5171 1004 5244 παρὰ
1050 5172 1403 5226 ἐνεακαίδεκα
1423 5214 1436 5231 ,
1478 5173 1637 5244 δῆλον
1677 5176 1760 5229 ὅτι
1797 5174 1941 5229 ὀκτὼ

356 5261 412 5312 αἱ
448 5259 861 5326 πλεονάζουσαι.
907 5263 1232 5336 Ληφρεισῶν
1267 5263 1325 5317 δὲ
1364 5263 1473 5317 τῶν
1517 5264 1662 5319 ὀκτὼ
1712 5265 1804 5319 ἐπὶ
1847 5268 1939 5321 τὸν

356 5348 569 5415 ἕνδεκα,
605 5352 939 5424 ὀγδοήκοντα
966 5355 1060 5409 καὶ
1091 5352 1235 5407 ὀκτὼ
1266 5354 1476 5423 γίνεται
1513 5356 1574 5409 τὸ
1606 5359 1671 5410 ἐκ
1711 5357 1936 5412 τούτων.

355 5442 731 5514 Διαιρεθέντος
759 5445 805 5498 δ’
832 5440 898 5500 αὖ
923 5446 1113 5500 τούτου
1146 5448 1226 5510 εἰς
1251 5448 1662 5518 τριακοντάδας,
1690 5450 1751 5503 τὺ
1778 5449 1938 5504 πλεο-

355 5535 518 5600 νάζον
546 5535 697 5591 ἐσται
727 5538 901 5592 εἴκοσι
929 5540 1022 5593 καὶ
1058 5540 1222 5594 ὀκτώ.
1254 5538 1426 5594 Τοῦτο
1460 5540 1507 5593 δ’
1547 5537 1616 5611 ἦν
1644 5547 1691 5593 α’
1719 5541 1813 5595 τοῦ
1844 5543 1940 5598 νῦν

353 5627 627 5701 παρόντος
658 5630 907 5685 ἐνιαυτοῦ
925 5648 940 5663 ·
972 5632 1234 5702 ἀνάλογον
1260 5633 1319 5687 δὲ
1346 5634 1442 5686 καὶ
1468 5634 1530 5687 τὸ
1556 5633 1739 5687 λοιπὸν
1766 5636 1875 5688 αἰεὶ
1902 5638 1935 5707 ή

353 5719 572 5791 εὕρεσις
594 5720 748 5778 ἔσται
773 5722 872 5776 τοῦ
899 5728 972 5777 α’.
1007 5724 1177 5778 Πάλιν
1210 5725 1276 5796 δὴ
1316 5726 1411 5778 καὶ
1445 5724 1588 5779 οὕτω
1621 5725 1856 5780 λαϐόντα
1879 5727 1940 5779 τὸ

356 5819 425 5881 α’,
453 5815 778 5885 προσθετέον
806 5815 954 5888 αὐτῷ
976 5816 1038 5871 τὸ
1063 5816 1109 5889 β’
1144 5818 1237 5874 καὶ
1262 5823 1332 5886 γ’·
1389 5818 1449 5870 τό
1486 5834 1543 5871 τε
1578 5817 1793 5872 σύνολον
1812 5818 1871 5872 τὸ
1897 5818 1938 5871 δ’

2041 4544 2265 4590 mantur
2292 4549 2422 4590 vero
2458 4533 2598 4597 dies,
2633 4532 2728 4604 qui
2757 4547 2826 4587 ex
2864 4546 2928 4587 ea
2957 4531 3231 4588 divisione
3262 4532 3404 4605 (quae
3429 4536 3490 4588 lit
3521 4551 3624 4605 per

2042 4626 2445 4697 novemdecim)
2505 4633 2836 4695 supererunt
2881 4643 2898 4679 :
2934 4632 2991 4679 et
3035 4625 3476 4695 multiplicentur
3524 4643 3625 4695 per

2043 4717 2322 4783 itindecim,
2345 4715 2545 4771 deinde
2569 4715 2887 4771 dividantur
2916 4730 3014 4785 per
3059 4716 3304 4787 triginta.
3339 4714 3444 4782 Qui
3472 4727 3624 4773 certe

2043 4823 2211 4878 supra
2263 4807 2577 4864 tricesimas
2633 4807 2756 4863 illas
2799 4807 2918 4862 dies
2963 4808 3349 4873 remanebunt,
3404 4818 3533 4863 sunt
3576 4808 3624 4862 Α

2042 4908 2269 4970 epactaa.
2295 4898 2462 4955 Verbi
2485 4898 2683 4971 gratia.
2709 4915 2857 4954 nunc
2887 4913 2917 4954 a
2948 4901 3119 4954 natali
3153 4900 3471 4956 Christiano
3494 4911 3624 4956 sunt

2041 4991 2193 5046 mille
2223 4989 2614 5061 quadringenti
2639 4989 2993 5060 septuaginta
3018 4990 3173 5043 anni.
3201 4990 3515 5061 Adjiciatur
3536 4991 3624 5046 his

2042 5099 2206 5139 unus.
2255 5081 2354 5139 His
2386 5098 2519 5154 ergo
2556 5097 2656 5153 per
2697 5081 3076 5138 uovemdecim
3112 5083 3450 5145 distributis.
3501 5098 3628 5139 cer-

2040 5184 2157 5231 tum
2188 5185 2275 5232 est
2318 5185 2445 5230 octo
2488 5189 2771 5245 superare.
2807 5173 3057 5244 Sumptis
3096 5190 3228 5231 vero
3256 5174 3343 5230 his
3385 5183 3532 5239 octo,
3571 5186 3627 5232 et

2042 5280 2139 5335 per
2174 5265 2429 5320 undecim
2476 5263 2877 5334 multiplicatis,
2905 5265 3003 5335 qui
3032 5264 3323 5321 coniicitur
3362 5265 3488 5322 inde
3524 5283 3629 5322 nu-

2043 5372 2252 5422 merus,
2283 5356 2532 5412 continet
2554 5357 2837 5428 octoginta
2868 5365 3013 5413 octo.
3050 5356 3170 5412 Hoc
3194 5372 3419 5414 rursum
3448 5359 3629 5415 diviso

2042 5465 2140 5519 per
2168 5451 2415 5522 triginta,
2450 5464 2753 5506 excurrens
2783 5465 2997 5505 summa
3027 5451 3175 5521 capit
3197 5450 3625 5523 duodetriginta.

2041 5544 2099 5599 ld
2141 5551 2324 5598 autem
2367 5552 2454 5600 est
2483 5543 2529 5597 A
2563 5553 2756 5613 epacta
2801 5543 3090 5612 praesentis
3135 5544 3266 5598 anni
3301 5564 3312 5597 :
3346 5545 3629 5610 similique

2040 5635 2257 5690 ratione
2285 5635 2341 5689 in
2380 5643 2661 5705 posterum
2707 5635 2813 5691 erit
2862 5645 3179 5705 epactarum
3212 5636 3479 5691 inventio.
3526 5636 3620 5693 Sic

2046 5728 2217 5798 igitur
2238 5728 2437 5782 iterum
2472 5728 2708 5798 sumptis
2734 5728 2965 5798 epactis,
2990 5727 3037 5780 Α
3058 5728 3292 5791 scilicet,
3327 5729 3629 5801 adjiciatur

2048 5830 2102 5875 et
2134 5819 2193 5887 Β,
2231 5819 2375 5888 etC,
2406 5826 2521 5876 tum
2545 5819 2588 5875 D
2616 5840 2628 5876 :
2663 5836 2885 5878 summa
2910 5809 2991 5877 cx
3026 5821 3094 5877 iis
3127 5820 3360 5877 conﬂata
3396 5822 3627 5879 dicenda
