4106 6410
529 393 664 451 1267

1544 394 1637 449 AD
1676 393 1943 453 EUSEBII
1968 393 2364 453 CHRONICON
2392 394 2753 453 APPENDIX.

3639 400 3663 455 1
3672 402 3765 458 308

522 522 605 565 est
643 509 710 573 Ο,
744 505 848 562 nisi
879 508 1179 563 excesserit
1218 507 1464 581 triginta.
1512 509 1648 565 Nam
1695 513 1741 567 si
1772 513 2093 576 excesserit,

2201 515 2393 585 ῥητέον
2419 509 2560 570 εἶναι
2589 515 2654 568 τὸ
2682 522 2757 587 η’,
2788 513 2885 569 ἐὰν
2930 515 3005 588 μὴ
3037 516 3279 592 ὑπερέχῃ
3314 515 3426 570 τῶν
3463 517 3764 588 τριάκοντα.

526 604 614 658 hic
665 616 925 657 excessus
983 604 1088 655 erit
1144 601 1431 658 dicendus.
1478 602 1665 674 Neque
1716 621 1847 660 vero
1904 608 2097 660 horum

524 693 823 765 quidquam
843 692 999 749 festis
1018 693 1213 750 diebus
1240 696 1631 764 impedimento
1645 706 1748 753 est.
1768 699 1930 752 Anno
1952 699 2099 753 enim

523 792 642 839 toto
666 786 719 837 in
752 783 892 839 duas
914 792 967 837 et
988 785 1382 855 quinquaginta
1416 787 1753 857 septimanas
1775 788 2097 853 distributo,

524 891 593 930 ex
616 883 856 944 quatuor
894 877 1218 944 septimanis
1244 878 1445 947 singuli
1476 894 1691 934 menses
1724 895 1753 932 a
1782 882 1941 935 nobis
1965 895 2101 934 con-

524 968 904 1028 stituerentur,
935 975 990 1020 et
1018 975 1215 1037 praeter
1253 968 1304 1020 id
1338 969 1550 1023 numeri
1580 978 1821 1039 quatuor
1847 970 1965 1025 dies
1997 971 2099 1024 ha-

526 1059 732 1114 bebunt
783 1058 1195 1121 sanctissimos,
1252 1059 1501 1130 singulos
1548 1076 1645 1131 per
1697 1063 2095 1129 septimanam:

527 1153 636 1206 nisi
668 1151 714 1206 si
749 1150 889 1205 forte
930 1157 1336 1207 antevertentes
1384 1152 1552 1223 aliqui
1601 1168 1629 1207 a
1684 1152 1970 1209 Dominico
2009 1154 2101 1211 die

525 1245 810 1316 incipiant,
843 1244 927 1300 vel
961 1243 1174 1299 tardius
1216 1244 1536 1301 incedentes
1562 1245 1706 1301 intra
1746 1247 1979 1301 mediam
2010 1262 2086 1303 se

524 1340 846 1410 ptimanam.
896 1337 968 1391 At
1016 1338 1225 1392 mensis
1278 1334 1559 1393 PIetltonis
1618 1353 1715 1394 sex
1761 1339 1932 1394 festos
1977 1339 2097 1395 dies

527 1432 843 1497 continens,
871 1429 1047 1486 autert
1084 1432 1208 1501 plus
1234 1429 1389 1499 justo
1419 1432 1854 1486 necessariorum
1887 1431 2096 1486 civitati

523 1538 771 1594 operum.
808 1521 1038 1593 Ignaros
1081 1521 1229 1576 enim
1262 1527 1425 1590 atque
1459 1520 1663 1575 inertes
1708 1533 1833 1575 esse
1869 1534 2098 1575 necesse

523 1623 608 1671 est
634 1629 750 1675 eos,
787 1613 881 1683 qui
924 1611 1061 1668 festa
1117 1612 1347 1681 agitant.
1395 1608 1461 1663 Et
1509 1609 1671 1664 simul
1717 1618 1831 1665 tres
1867 1608 1985 1664 dies
2016 1607 2098 1664 fe-

524 1714 641 1762 stos
679 1720 803 1761 esse
832 1702 1090 1773 deinceps
1114 1717 1181 1758 ex
1213 1700 1494 1756 Plethonis
1523 1700 1870 1755 institutione
1901 1714 2100 1756 usuve-

524 1799 606 1853 nit
639 1816 653 1853 :
681 1796 889 1852 mensis
932 1795 1152 1867 quidem
1209 1793 1459 1849 ultimum
1490 1792 1676 1863 (quem
1709 1799 1950 1848 veterem
1989 1807 2093 1848 vo-

523 1890 633 1959 cat)
654 1888 875 1944 Plutoni
910 1862 1192 1943 :veterem
1225 1894 1282 1943 et
1321 1862 1547 1949 novum,
1569 1884 1623 1940 id
1663 1894 1770 1948 est,
1799 1884 2098 1940 intermeu-
2129 1862 2171 1917 Β

525 1993 737 2037 struum
762 1983 851 2037 sui
884 1981 1156 2052 cujusque
1184 1979 1548 2051 recognitioni
1574 1997 1588 2032 :
1626 1978 1968 2032 novilunium
2000 1992 2100 2032 an-

525 2085 632 2129 tem
678 2072 820 2129 Jovi.
871 2071 1073 2127 Verum
1121 2072 1177 2125 id
1223 2072 1297 2124 ita
1348 2072 1569 2126 evenire
1612 2068 1956 2124 fastidiosum
2003 2070 2096 2124 sit.

527 2168 713 2237 Itaque
740 2181 837 2237 per
871 2165 1334 2221 intermissionem
1367 2178 1528 2234 agere
1558 2161 1768 2233 (eorum
1802 2162 1947 2218 enim
1978 2176 2101 2232 quae

527 2260 818 2317 intervallo
855 2256 1011 2318 ﬁunt.
1035 2257 1083 2313 si
1110 2255 1353 2324 jucunda
1379 2253 1598 2325 quidem
1628 2263 1779 2317 sunt,
1801 2252 2101 2323 jucundior

525 2359 611 2406 est
661 2364 858 2405 sensus
899 2349 1028 2402 :sin
1080 2355 1264 2401 autem
1317 2345 1571 2406 molesta,
1615 2341 1999 2412 tolerabilior),
2044 2349 2100 2396 et

528 2457 692 2513 quam
760 2439 1131 2512 paucissimas
1189 2436 1355 2493 ferias
1415 2435 1695 2491 celebrare
1749 2434 1947 2490 melius
2005 2432 2096 2489 sit.

532 2534 709 2588 Unum
763 2530 910 2586 enim
972 2529 1078 2585 hoc
1127 2528 1289 2583 civile
1338 2527 1649 2583 institutum
1705 2524 2097 2596 perniciosum,

530 2622 731 2677 multas
767 2618 979 2674 scilicet
1012 2632 1173 2687 agere
1202 2635 1215 2670 :
1241 2596 1307 2671 ac
1336 2616 1553 2686 signum
1588 2621 1675 2670 est
1715 2628 1826 2668 non
1858 2614 2098 2683 pietatis,

529 2713 624 2769 sed
656 2712 977 2782 voluptatis.
1020 2708 1291 2765 Caeterum
1332 2708 1427 2775 qui
1475 2705 1594 2761 dies
1639 2706 1815 2761 forent
1856 2705 2099 2761 celebres

530 2806 835 2875 ferialique,
869 2799 1121 2856 Plethoni
1159 2797 1378 2871 quidem
1415 2814 1523 2854 non
1566 2805 1684 2853 erat
1722 2797 1983 2853 indecens
2020 2811 2104 2851 re-

528 2912 775 2961 censere,
812 2902 873 2950 ut
902 2893 993 2965 qui
1030 2893 1170 2947 alios
1200 2892 1317 2948 dies
1341 2890 1532 2955 festos,
1564 2904 1727 2960 quam
1758 2889 1854 2960 qui
1885 2905 1915 2944 a
1940 2889 2101 2945 nobis

527 2986 730 3057 recepti
759 2986 893 3051 sint,
920 2982 1242 3038 constituat.
1274 2980 1443 3037 Nobis
1472 2996 1601 3036 vero
1629 2980 1685 3035 id
1711 2980 1938 3036 minime
1960 2994 2100 3050 opus

525 3090 610 3138 est
641 3102 653 3136 :
681 3095 805 3136 cum
836 3079 907 3135 de
929 3078 1015 3132 his
1044 3076 1098 3130 in
1126 3075 1417 3147 prementia
1455 3088 1639 3129 sermo
1665 3080 1957 3143 susceptus
1987 3086 2101 3127 non

525 3175 618 3230 sit.
662 3171 798 3227 Nam
847 3180 1055 3226 certum
1110 3178 1216 3229 est,
1253 3165 1477 3222 Christo
1523 3165 1832 3237 resurgenti
1874 3165 2100 3221 rituales

522 3274 578 3320 et
603 3265 876 3337 legitimos
905 3266 1143 3331 quatuor
1175 3259 1293 3314 dies
1331 3273 1575 3313 mensem
1612 3256 1909 3327 quemlibet
1937 3255 2098 3312 habi-

524 3366 729 3413 turum.
764 3352 1120 3410 Commodius
1146 3351 1314 3414 enim,
1338 3365 1503 3421 quam
1529 3365 1826 3420 possumus
1870 3350 2100 3406 minimo

526 3464 613 3504 res
642 3447 856 3502 divinas
882 3442 1229 3499 contrahere.
1259 3439 1330 3494 At
1361 3433 1744 3495 diem'festum
1776 3439 1935 3494 nobis
1966 3439 2100 3510 ipsis

523 3538 836 3612 spectandis
886 3536 1119 3607 singulis
1170 3532 1455 3588 mensibus
1502 3531 2006 3603 praescribendum,
2047 3538 2102 3588 et

523 3646 709 3689 rerum
749 3645 781 3684 a
820 3628 979 3684 nobis
1017 3633 1361 3699 patratarum
1407 3624 1804 3695 inspectionem
1844 3624 2013 3679 semel
2045 3624 2102 3678 in

524 3740 715 3781 mense
758 3721 1084 3784 faciendam,
1130 3725 1192 3774 ut
1225 3726 1413 3774 censet
1453 3717 1703 3781 Plethon,
1751 3732 1853 3772 nos
1881 3717 2101 3787 quidem

522 3829 807 3886 negamus.
849 3810 1051 3868 Verum
1081 3810 1229 3881 pium
1259 3816 1618 3879 sanctumque
1650 3807 1724 3863 sit
1753 3807 1806 3862 id
1832 3805 2100 3876 quotidie,

524 3906 725 3962 nedum
756 3904 927 3968 feriis,
958 3892 1209 3966 actitare,
1239 3908 1402 3956 nocte
1422 3900 1637 3956 scilicet
1665 3915 1695 3954 a
1724 3914 1918 3957 somno
1953 3898 2104 3955 suﬂi-

524 3997 715 4062 eienti,
752 4003 807 4051 et
835 3996 942 4050 cibi
975 3993 1336 4049 concoctione
1367 3991 1565 4061 prima,
1600 3991 1887 4047 nobiscum
1931 4006 2102 4062 repu-

525 4097 725 4155 tantes,
763 4076 1023 4159 qt'tidnam
1058 4085 1262 4156 piaculi
1290 4084 1469 4153 pridie
1501 4082 1802 4139 admissum
1835 4083 1930 4147 sit,
1954 4084 2102 4154 quod

524 4182 803 4253 expiatum
844 4180 909 4235 iri
939 4185 1189 4248 oporteat
1219 4177 1482 4249 postridie
1507 4197 1519 4232 :
1546 4182 1663 4231 tum
1694 4176 1799 4231 hoc
1825 4177 2007 4232 statim
2033 4179 2104 4235 ab

2215 606 2340 662 Ἐὰν
2366 606 2410 660 δ’
2441 608 2706 681 ὑπερέχῃ,
2736 608 2832 681 τὴν
2867 607 3139 680 ὑπεροχὴν
3176 604 3316 662 εἶναι
3339 608 3577 665 λεκτέον.
3620 612 3766 667 Ἀλλὰ

2204 696 2310 768 μὴν
2339 696 2461 750 οὐδὲ
2489 699 2607 762 ταῖς
2642 698 2981 769 ἱερομηνίαις
3009 697 3259 769 ἐμποδὼν
3299 699 3622 753 καθίσταται
3653 702 3768 756 τού-

2199 804 2307 841 των
2335 788 2511 843 ούθέν.
2543 788 2650 842 Τοῦ
2681 789 2791 863 γάρ
2820 791 2942 845 ὅλου
2994 792 3241 845 ἐνιαυτοῦ
3286 792 3660 864 διαιρουμένου
3693 797 3764 861 είς

2200 881 2537 952 πεντήκοντα
2571 883 2665 937 καὶ
2710 882 2803 937 δύο
2845 884 3101 949 έπτάδας,
3150 886 3215 938 ἐκ
3256 887 3537 960 τεττάρων
3572 887 3634 958 δὴ
3680 868 3766 942 καὶ

2198 974 2330 1045 ἡμῖν
2367 974 2475 1030 τῶν
2528 975 2714 1047 μηνῶν
2756 977 2982 1041 ἕκαστος
3027 977 3179 1031 ἐσται
3221 978 3490 1044 ἐπτάδων,
3538 979 3639 1044 ἔξω
3666 982 3765 1033 τῶν

2198 1065 2589 1139 ὑπεραρίθμων
2632 1085 2696 1138 γε
2745 1070 3008 1142 ἡμερῶν·
3057 1071 3152 1125 καὶ
3206 1071 3474 1144 τέτταρας
3524 1072 3633 1139 ἔξει
3676 1073 3763 1137 τὰς

2200 1160 2507 1230 ἁγιωτάτας
2538 1162 2647 1215 τῶν
2684 1162 3009 1235 ίερομηνιῶν
3045 1164 3113 1218 δι’
3161 1164 3397 1237 ἑϐδόμης
3442 1164 3599 1236 μίαν·
3636 1163 3765 1235 πλὴν

2198 1254 2247 1307 εί
2284 1252 2394 1325 ἄρα
2422 1252 2530 1308 άπὸ
2563 1254 2759 1326 κυρίας
2789 1256 3007 1328 ἄρχοιτο
3036 1256 3338 1329 προτεριῖΝ,
3380 1257 3415 1327 ἢ
3456 1255 3653 1329 μεταξὺ
3674 1256 3765 1328 τῆς

2198 1342 2427 1407 ἑπτάδος
2453 1360 2557 1396 που
2585 1344 2846 1417 ὑστερῶν.
2889 1346 2985 1414 Ἓξ
3009 1347 3067 1401 δὲ
3106 1348 3135 1400 ὁ
3176 1347 3270 1401 τοῦ
3296 1347 3587 1419 Πλήθωνος
3613 1346 3762 1417 ἔχων,

2197 1434 2358 1491 πλέον
2405 1453 2457 1490 τι
2512 1436 2608 1491 τοῦ
2665 1438 2876 1504 δέοντος
2935 1440 3249 1511 ἀφαιρεῖται
3295 1439 3408 1493 τῶν
3468 1440 3763 1507 ἀναγκαίων

2196 1525 2372 1599 ἔργων
2398 1531 2463 1601 τῇ
2494 1529 2666 1583 πόλει.
2710 1531 2927 1603 Ἀργεῐν
2966 1531 3077 1602 γὰρ
3115 1530 3328 1601 ἀνάγκη
3375 1529 3504 1594 τοὺς
3550 1530 3765 1599 ἄγοντας

2198 1618 2532 1690 ἱερομηνίαν.
2570 1621 2682 1674 Καὶ
2711 1620 2829 1692 ἄμα
2855 1624 3003 1692 τρεῖς
3041 1621 3239 1693 ἐφεξῆς
3279 1619 3597 1694 ἱερομηνίας
3632 1636 3761 1691 συμ-

2196 1705 2367 1761 ϐαίνει
2402 1710 2704 1763 ποιεῖσθαιο
2758 1711 2887 1782 ἕνην
2929 1711 3030 1782 μὲν
3075 1710 3377 1765 Πλούτωνι’
3422 1709 3551 1781 ἕνην
3586 1708 3642 1762 δὲ
3678 1708 3765 1761 καὶ

2197 1800 2322 1855 νέαν
2351 1802 2445 1855 ἐπὶ
2478 1805 2543 1874 τῇ
2575 1800 2781 1857 ἑαυτῶν
2805 1801 3117 1871 ἐπισκέψειδ
3149 1800 3447 1873 νουμηνίαν
3470 1801 3528 1854 δὲ
3564 1799 3638 1870 τῷ
3667 1798 3759 1853 Διί.

2199 1892 2369 1947 Τοῦτο
2397 1892 2455 1947 δὲ
2484 1895 2790 1966 προσκορές
2811 1892 2875 1947 ἂν
2904 1894 2989 1964 εῐη
3034 1890 3176 1947 οὕτω
3206 1892 3522 1964 συμϐαῖνον.
3556 1890 3764 1943 Βέλτιον

2197 1979 2290 2039 οὖν
2315 1984 2701 2050 διαλείποντας·
2724 1986 2878 2055 ἄγειν
2923 1986 3052 2058 (τῶν
3085 1986 3195 2057 γὰρ
3254 1986 3321 2038 ὲκ
3350 1982 3760 2052 διαλειμμάτων,

2198 2074 2368 2145 ἡδέων
2415 2074 2515 2145 μὲν
2556 2074 2745 2141 ὄντων,
2789 2075 2952 2147 ἡδίων
2990 2078 3024 2147 ἡ
3078 2075 3352 2148 αἴσθησις,
3396 2073 3652 2145 λυπηρῶν
3689 2071 3760 2137 δὲ,

2198 2164 2645 2236 εύφορητοτέρα·)
2673 2164 2859 2233 ὀλίγας
2886 2182 2944 2218 τε
2969 2165 3046 2230 ὡς
3080 2164 3159 2219 ένι
3207 2165 3444 2236 μάλιστα
3474 2165 3625 2231 ἄγειν
3656 2161 3764 2232 ἑορ-

2198 2256 2296 2320 τάς
2315 2272 2328 2287 ο
2368 2256 2428 2309 ἒν
2457 2255 2566 2329 γὰρ
2589 2257 2697 2310 τῶν
2728 2257 2948 2327 φαύλων
2996 2257 3406 2328 πολιτευμάτων
3446 2255 3562 2309 ἐστὶ
3598 2251 3687 2307 καὶ
3710 2250 3764 2304 τὺ

2199 2349 2397 2413 πολλὰς
2428 2350 2582 2419 ἄγειν
2605 2367 2618 2379 ·
2650 2352 2746 2405 καὶ
2772 2353 2996 2421 σημεῖον
3030 2351 3091 2405 οὐ
3131 2350 3460 2413 θεοσεϐείας,
3498 2345 3629 2401 ἀλλὰ
3650 2362 3763 2416 τρυ-

2200 2440 2305 2510 φῆς
2341 2441 2478 2494 ἐστι.
2530 2440 2689 2504 Τίνες
2733 2439 2779 2493 δ’
2816 2438 2883 2492 ἂν
2927 2440 3115 2511 εἴησαν
3150 2438 3487 2513 ἱερομηνίαι,
3532 2433 3763 2502 Πλήθωνι

2202 2532 2301 2604 μὲν
2333 2532 2795 2603 ἥρμοττεφάναι,
2812 2532 2889 2595 ὡς
2914 2531 2976 2603 δή
3006 2548 3157 2595 τινας
3192 2531 3388 2602 ἐτέρας
3408 2527 3517 2582 τῶν
3543 2528 3668 2597 ἡμῖν
3691 2539 3768 2577 νο-

2203 2622 2507 2696 μιζομένων
2540 2623 2918 2695 νομοθετοῦντι
2938 2641 2951 2656 ·
2992 2626 3126 2696 ἡμῖν
3157 2623 3213 2677 δὲ
3243 2623 3452 2693 ἥκιστα
3477 2620 3575 2684 δεῖ,
3608 2616 3765 2678 ἄλλως

2197 2734 2256 2769 τε
2283 2718 2376 2770 καὶ
2424 2716 2500 2789 μὴ
2547 2718 2675 2789 περὶ
2701 2717 2892 2773 τούτου
2940 2718 3035 2772 νῦν
3073 2719 3224 2781 ὄντος
3261 2715 3355 2769 τοῦ
3399 2714 3577 2783 λόγου.
3613 2710 3769 2778 Δῆλον

2198 2808 2306 2881 γὰρ
2348 2809 2429 2863 ὅτι
2466 2808 2565 2874 τὰς
2608 2807 2966 2881 νομιζομένας
3004 2810 3268 2881 τέτταρας
3304 2807 3422 2874 ἕξει
3454 2805 3561 2861 τῶν
3596 2801 3768 2876 μηνῶν

2198 2899 2425 2963 ἕκαστος
2470 2900 2589 2972 Θεῷ
2632 2901 2711 2973 τῷ
2755 2901 2904 2973 αὐτῷ
2931 2901 3243 2957 ἀναστάντι.
3276 2902 3538 2971 Ἀμεινον
3563 2896 3666 2966 γὰρ
3696 2893 3766 2957 είς

2207 2991 2415 3045 ἐλάττω
2441 2993 2518 3056 ὡς
2545 2992 2612 3046 ἂν
2644 2993 2877 3063 μάλιστα
2969 2995 3242 3065 συναιρεῖν
3265 2990 3332 3045 τά
3359 2991 3495 3061 περὶ¹
3518 2987 3579 3041 τὸ
3604 2986 3761 3039 Θεῖον.

2201 3082 2279 3154 Τῇ
2313 3083 2358 3136 δ’
2390 3082 2547 3156 ἡμῶν
2578 3083 2759 3138 αὐτῶν
2794 3084 3079 3155 ἐπισκέψει
3119 3083 3439 3156 ἱερομηνίαν
3474 3079 3647 3153 ὁρίσαι
3671 3072 3767 3128 ἀνά

2201 3175 2428 3230 ἕκαστον
2454 3176 2620 3248 μῆνα,
2650 3177 2744 3232 καὶ
2771 3177 2917 3246 ἅπαξ
2949 3177 3044 3231 τοῦ
3086 3176 3254 3249 μηνὸς
3300 3172 3587 3242 ἐπίσκεψιν
3613 3166 3766 3222 ποιεῖ-

2207 3270 2330 3324 σθαι
2356 3269 2465 3325 τῶν
2494 3272 2901 3343 πεπραγμένων
2944 3272 3096 3342 ἡμῖν,
3129 3269 3204 3334 ὡς
3238 3268 3378 3333 άξιοῖ
3411 3266 3653 3337 Πλήθων,
3678 3259 3766 3328 οὐχ

2203 3363 2365 3433 ἡμεῖς
2396 3360 2461 3431 γέ
2500 3379 2681 3432 φαμεν
2702 3379 2717 3392 ⁵
2775 3360 2911 3417 άλλά
2946 3360 3069 3414 καθ’
3096 3359 3311 3431 ἡμέραν
3352 3357 3590 3425 ἑκάστην
3625 3348 3767 3403 τοῦτο

2206 3455 2477 3510 ποιεῖσθαι
2501 3456 2629 3510 ἄνευ
2660 3454 2996 3527 ἱερομηνίας,
3026 3453 3245 3521 νύκτωρ
3276 3450 3370 3504 ἐπὶ
3411 3449 3563 3518 ὕπνῳ
3592 3438 3765 3510 ίκανῷ,

2208 3547 2302 3601 καὶ
2332 3550 2539 3620 τροφῆς
2566 3546 2729 3618 πέψει
2767 3549 2833 3618 τῇ
2868 3546 3061 3619 πρώτῃ
3099 3540 3585 3613 ἀναλογιζομένους
3614 3533 3662 3589 τί
3683 3532 3766 3601 δή·

2208 3655 2339 3693 ποτε
2369 3639 2710 3712 πεπραχότες
2735 3641 2800 3710 τῇ
2832 3637 3133 3710 προτεραίᾳ
3176 3634 3373 3706 ἐσμέν*
3401 3633 3505 3688 κάν
3531 3648 3584 3683 τι
3676 3638 3766 3676 πε¹¹

2178 3729 2697 3802 πεπλημμελημένοὴ
2734 3730 2902 3784 ἕωθεν
2943 3728 3125 3794 εὐθὺς,
3182 3720 3216 3801 ᾖ
3270 3726 3439 3788 ὅσιον,
3477 3715 3766 3790 ἐπανορθω-

2211 3822 2482 3893 σαμένων,
2522 3821 2717 3891 λογίων
2762 3819 3069 3894 ἀκροᾶσθαι
3119 3816 3491 3890 καθαρτικῶν,
3545 3812 3635 3867 καὶ
3680 3810 3767 3860 ὲπ-

2208 3912 2378 3976 ὀπτας
2406 3911 2516 3965 τῶν
2554 3912 2874 3981 ἁγιωτάτων
2906 3911 3067 3984 ίερῶν
3111 3910 3459 3981 γενομένους.
3503 3902 3694 3959 Ἐνίοτε
3715 3896 3765 3949 δὲ

2213 4002 2377 4074 μοίρᾳ
2403 4002 2580 4074 ἀγαθῇ
2601 4002 2693 4055 καὶ
2711 4001 2805 4055 τοῦ
2834 4000 3072 4073 θύματος
3097 3999 3489 4070 γευσαμένους,
3514 3996 3598 4052 ἐπ’
3621 3991 3765 4062 ἔργον

2210 4095 2538 4165 πορεύεσθαι
2562 4093 2670 4148 ἀπὸ
2690 4093 2945 4165 τοιαύτης
2976 4094 3168 4166 ἀρχῆς.
3201 4091 3360 4147 Ἀλλὰ
3385 4092 3516 4164 περὶ
3542 4086 3637 4159 μὲν
3657 4077 3764 4135 τού·

2208 4201 2315 4238 των
2342 4187 2401 4238 ἐν
2433 4186 2631 4250 ἄλλοις.

526 4291 722 4331 aurora
752 4283 1021 4337 correcto,
1054 4273 1279 4344 purilica
1315 4269 1725 4340 piaculariaque
1754 4253 1985 4324 oracula.
2036 4277 2386 4341 auscultare,
2445 4278 2731 4348 factosquc
2778 4276 3253 4331 sanctissimorum
3312 4285 3594 4330 sacrorum
3655 4275 3764 4334 spe-

525 4378 783 4433 ctatores,
824 4376 881 4424 et
942 4367 1102 4424 bonis
1146 4366 1420 4422 interdum
1460 4365 1654 4420 avibus
1695 4364 1791 4419 illo
1835 4366 2129 4433 sacriﬁcio,
2197 4372 2592 4444 sanctiﬁcaque
2641 4373 2821 4428 hostia
2866 4371 3125 4435 delibata,
3173 4384 3204 4424 a
3248 4368 3341 4423 tali
3400 4361 3665 4438 principio
3704 4350 3766 4409 ad

524 4477 719 4535 operas
748 4469 969 4518 nostras
1001 4460 1172 4516 abire.
1205 4458 1312 4516 Sed
1343 4459 1411 4515 de
1438 4458 1526 4514 his
1554 4458 1709 4514 alias.

707 4606 982 4673 Quomodo
995 4606 1303 4676 septimana:
1322 4606 1434 4661 dies
1452 4614 1574 4659 sunt
1596 4605 1928 4662 numerandi.

594 4718 761 4775 XVII.
800 4718 953 4775 Licet
982 4736 1113 4776 vero
1145 4719 1467 4791 septimanae
1497 4718 1615 4774 dies
1658 4734 1973 4782 numerare,
2015 4720 2099 4775 vel

528 4822 585 4867 ιιι
624 4812 798 4868 Gneci
828 4812 993 4883 hujus
1040 4813 1240 4874 aetatis,
1287 4813 1523 4882 primum
1563 4811 1707 4865 diem
1760 4810 2100 4866 Dominieum

527 4912 786 4961 vocantes
816 4925 829 4959 :
860 4904 1162 4961 secundum
1192 4920 1346 4965 vero,
1380 4904 1431 4959 id
1471 4903 1618 4974 quod
1657 4920 1843 4957 revera
1878 4912 1984 4969 est,
2017 4920 2105 4960 se-

526 4996 765 5051 cundum
821 5015 835 5051 :
878 4995 1074 5051 deinde
1128 4996 1348 5050 tertium
1378 5035 1391 5057 ,
1453 5003 1711 5064 quartum
1740 5037 1753 5060 ,
1806 4996 2102 5066 quintum,

527 5097 761 5152 sextum,
791 5088 1079 5157 septimum
1108 5104 1121 5140 :
1152 5090 1241 5141 vel
1273 5096 1327 5140 ιιι
1357 5086 1519 5141 hodie
1540 5085 1768 5140 Romani
1803 5086 2103 5141 secundum

528 5179 715 5235 stellas
746 5179 1038 5243 erraticas,
1084 5185 1209 5249 post
1243 5176 1585 5231 Dominicum
1626 5178 1768 5231 lunae
1806 5178 1949 5231 diem
1993 5185 2106 5232 sta-

528 5279 767 5333 tuentes,
796 5271 995 5326 deinde
1040 5269 1253 5332 Martis,
1286 5268 1353 5322 ad
1386 5270 1501 5323 haac
1532 5267 1809 5331 Mercurii,
1846 5278 2104 5339 praeterea

527 5361 699 5426 Jovis,
729 5372 916 5433 postea
952 5360 1199 5425 Veneris,
1238 5362 1457 5417 demum
1486 5359 1730 5416 Saturni.
1764 5360 2107 5417 Parasceven

529 5455 671 5509 enim
707 5456 850 5512 diem
884 5466 1098 5511 sextum
1141 5454 1437 5526 appellare,
1473 5463 1528 5510 et
1558 5455 1853 5525 septimum
1893 5453 2106 5509 Sabba-

531 5552 668 5611 tum,
705 5547 757 5601 id
787 5548 930 5619 apud
956 5563 1078 5613 nos,
1112 5558 1174 5603 ut
1200 5548 1436 5613 videtur,
1463 5550 1667 5603 nullam
1706 5550 1972 5604 rationem
2006 5550 2107 5603 ha-

2138 4622 2182 4677 D
2299 4606 2431 4674 Πῶς
2461 4604 2815 4677 ἀριθμητέον
2840 4607 2945 4672 τὰς
2973 4603 3084 4673 τῆς
3110 4602 3437 4674 ἑϐδομάδος
3469 4599 3703 4673 ἡμέρας·

2278 4720 2374 4776 1Ζ’.
2429 4721 2695 4791 ’Υπάρχει
2744 4719 2800 4772 δὲ
2838 4720 2931 4772 καὶ
2989 4719 3088 4782 τὰς
3146 4719 3246 4787 τῆς
3298 4715 3527 4779 ὲπτάδος
3573 4708 3766 4783 ἡμέρας

2205 4813 2460 4884 άριθμείν
2488 4812 2609 4883 ἦτοι
2643 4812 2717 4875 ὡς
2769 4812 2818 4864 οἱ
2860 4811 2954 4863 νῦν
2978 4810 3259 4880 Ἕλληνες,
3286 4808 3387 4879 τὴν
3423 4808 3519 4879 μὲν
3563 4799 3768 4874 πρώτην

2208 4904 2405 4974 κυρίαν
2436 4902 2755 4965 καλοῦντας,
2787 4901 2886 4971 τὴν
2925 4901 2983 4954 δὲ
3010 4900 3291 4970 δευτέραν,
3323 4898 3468 4953 τοῦτ’
3503 4893 3631 4952 αὐτὸ
3664 4889 3766 4941 δευσ

2208 4996 2375 5067 τέραν
2398 5013 2410 5026 ο
2444 4990 2563 5049 εἶτα
2596 4994 2805 5066 τρίτην,
2860 4993 3112 5064 τετράδα,
3149 4992 3426 5063 πέμπτην,
3468 4991 3650 5055 ἕκτην,
3690 4977 3768 5032 ἔθ’

2208 5087 2415 5157 δόμηνο
2447 5085 2480 5157 ἢ
2512 5085 2588 5149 ὡς
2632 5087 2681 5138 oi
2728 5084 2823 5137 νῦν
2862 5084 3121 5153 Ῥωμαῖοι
3160 5080 3301 5135 κατὰ
3338 5081 3467 5144 τοὺς
3513 5074 3770 5157 πλάνητας

2208 5155 2319 5230 τῶν
2339 5155 2616 5249 γαστέρων,
2652 5175 2789 5247 μετὰ
2812 5175 2910 5247 τὴν
2938 5174 3129 5246 κυρίαν
3155 5174 3383 5244 σελήνης
3409 5172 3637 5243 ἡμέραν,
3663 5155 3768 5214 εἶτα

2213 5270 2428 5341 Ἀρεος,
2462 5268 2580 5323 εἶτα
2616 5268 2819 5341 Ἑρμοῦ
2844 5310 2859 5333 ,
2896 5264 3013 5320 εἶτα
3062 5266 3218 5329 Διὸς,
3268 5260 3386 5318 εἶτα
3438 5255 3765 5341 Ἀφροδίτης’

2205 5340 2325 5416 εἶτα
2348 5360 2580 5432 Κρόνου.
2606 5340 2687 5415 Τὸν
2709 5361 2766 5415 δὲ
2786 5359 3144 5431 Παρασκευὴν
3174 5358 3270 5428 μὲν
3295 5357 3394 5428 τὴν
3427 5355 3611 5423 ἕκτην,
3639 5340 3769 5399 Σάσσ

2215 5456 2376 5509 ϐατον
2404 5450 2459 5508 δὲ
2495 5452 2778 5525 ὀνομάζειν
2811 5452 2907 5523 τὴν
2943 5452 3195 5522 ἑϐδόμην,
3231 5449 3332 5502 οὐκ
3360 5447 3493 5519 ἔχει,
3521 5447 3593 5507 ὡς
3618 5439 3767 5492 ἔοικεν

2213 5548 2370 5616 λόγον
2398 5548 2528 5618 ἡμῖν
2552 5564 2566 5577 ο
2605 5544 2739 5599 ἀλλὰ
2802 5544 3075 5607 Ἰουδαίοις
3132 5543 3261 5605 ἴσως
3284 5557 3297 5571 ·
3349 5526 3770 5618 παρεσκευάσθαι

540 5641 649 5705 bet,
675 5639 770 5696 sed
796 5614 939 5710 apud
974 5640 1193 5699 Iudaeos
1224 5642 1457 5698 fortasse
1485 5662 1496 5696 :
1526 5643 1784 5696 nimirum
1815 5651 1944 5698 ante
1973 5642 2101 5697 Sab-

2216 5614 2322 5710 γὰρ
2353 5614 2595 5702 ἐκείνους
2622 5636 2728 5709 πρὸ
2762 5636 2856 5691 τοῦ
2885 5635 3164 5690 Σαῦὃὰτου
3203 5634 3304 5697 δεῖ,
3332 5632 3410 5696 ὡς
3449 5632 3513 5703 δὴ
3560 5614 3771 5710 μηθενὸς

537 5733 720 5786 Izatum
769 5733 891 5788 illos
931 5744 1249 5802 apparatum
1288 5732 1468 5788 facere
1505 5740 1743 5803 oportet,
1781 5740 1840 5787 ut
1871 5734 1965 5804 qui
2015 5750 2108 5789 su—

541 5820 860 5889 ;crstitiosa
882 5823 1115 5892 quadam
1143 5822 1404 5893 religione
1433 5822 1703 5892 obstricti,
1742 5823 1875 5877 nihil
1906 5826 2108 5899 negotii

2217 5708 2377 5803 ἔργου
2422 5708 2762 5800 ἁπτομένους
2802 5729 2909 5783 ὑπὸ
2948 5728 3368 5798 δεισιδαιμονίας
3411 5728 3477 5796 τῇ
3510 5708 3767 5814 ὑπεξαίᾳ·

2231 5826 2389 5895 ,υμῖν
2417 5824 2469 5876 δὲ
2496 5823 2649 5877 οὐθὲν
2689 5823 2785 5875 δῑῖ.
2830 5820 2966 5875 Οὔτε
3010 5819 3117 5891 γὰρ
3164 5822 3227 5890 τῇ
3278 5818 3480 5889 ἑϐδόμῃ
3515 5813 3768 5884 ἀργοομιν
