  <div class='ocr_page' id='page_1' title='image "/cluster/home/n/w/nwhite01/storage/ocr_20150623/19:no.1/coo.31924054872993/626.png"; bbox 0 0 4106 6408; ppageno 0'>
   <div class='ocr_carea' id='block_1_1' title="bbox 354 403 497 471">
    <p class='ocr_par' dir='ltr' id='par_1_1' title="bbox 354 403 497 471">
     <span class='ocr_line' id='line_1_1' title="bbox 354 403 497 471; baseline 0.007 -1"><span class='ocrx_word' id='word_1_1' title='bbox 354 403 497 471; x_wconf 58' lang='grc'><strong>⁸209</strong></span> 
     </span>
    </p>
   </div>
   <div class='ocr_carea' id='block_1_2' title="bbox 1339 409 2714 469">
    <p class='ocr_par' dir='ltr' id='par_1_2' title="bbox 1339 409 2714 469">
     <span class='ocr_line' id='line_1_2' title="bbox 1339 409 2714 469; baseline 0.001 -3"><span class='ocrx_word' id='word_1_2' title='bbox 1339 410 1691 468; x_wconf 83' lang='lat' dir='ltr'><strong>TllEODORl</strong></span> <span class='ocrx_word' id='word_1_3' title='bbox 1731 413 1937 469; x_wconf 63' lang='lat' dir='ltr'><strong>GAZA‘J</strong></span> <span class='ocrx_word' id='word_1_4' title='bbox 1976 412 2178 467; x_wconf 83' lang='lat' dir='ltr'><strong>LIBER</strong></span> <span class='ocrx_word' id='word_1_5' title='bbox 2216 411 2305 467; x_wconf 85' lang='lat' dir='ltr'><strong>DE</strong></span> <span class='ocrx_word' id='word_1_6' title='bbox 2344 409 2714 467; x_wconf 81' lang='lat' dir='ltr'><strong>MENSIBUS.</strong></span> 
     </span>
    </p>
   </div>
   <div class='ocr_carea' id='block_1_3' title="bbox 3471 407 3613 464">
    <p class='ocr_par' dir='ltr' id='par_1_3' title="bbox 3471 407 3613 464">
     <span class='ocr_line' id='line_1_3' title="bbox 3471 407 3613 464; baseline 0.014 -2"><span class='ocrx_word' id='word_1_7' title='bbox 3471 407 3613 464; x_wconf 71' lang='grc'><strong>1210</strong></span> 
     </span>
    </p>
   </div>
   <div class='ocr_carea' id='block_1_4' title="bbox 356 523 1936 604">
    <p class='ocr_par' dir='ltr' id='par_1_4' title="bbox 356 528 1936 604">
     <span class='ocr_line' id='line_1_4' title="bbox 356 528 1936 604; baseline 0 -19"><span class='ocrx_word' id='word_1_8' title='bbox 356 534 537 604; x_wconf 72' lang='grc' dir='ltr'><strong>ἡμεῖς,</strong></span> <span class='ocrx_word' id='word_1_9' title='bbox 588 532 653 602; x_wconf 77' lang='grc' dir='ltr'><strong>τῇ</strong></span> <span class='ocrx_word' id='word_1_10' title='bbox 699 529 1003 600; x_wconf 82' lang='grc' dir='ltr'><strong>καλουμένῃ</strong></span> <span class='ocrx_word' id='word_1_11' title='bbox 1037 528 1311 584; x_wconf 71' lang='grc' dir='ltr'><strong>Σάϐϐατον</strong></span> <span class='ocrx_word' id='word_1_12' title='bbox 1348 530 1648 593; x_wconf 74' lang='grc' dir='ltr'><strong>Ἰουδαίοις·</strong></span> <span class='ocrx_word' id='word_1_13' title='bbox 1693 530 1829 584; x_wconf 81' lang='grc' dir='ltr'><strong>ἀλλὰ</strong></span> <span class='ocrx_word' id='word_1_14' title='bbox 1870 535 1936 603; x_wconf 81' lang='grc' dir='ltr'><strong>τῇ</strong></span> 
     </span>
    </p>
   </div>
   <div class='ocr_carea' id='block_1_5' title="bbox 2036 523 3608 604">
    <p class='ocr_par' dir='ltr' id='par_1_5' title="bbox 2041 523 3608 601">
     <span class='ocr_line' id='line_1_5' title="bbox 2041 523 3608 601; baseline -0.003 -17"><span class='ocrx_word' id='word_1_15' title='bbox 2041 532 2242 586; x_wconf 83' lang='lat' dir='ltr'><strong>obeant</strong></span> <span class='ocrx_word' id='word_1_16' title='bbox 2282 530 2568 601; x_wconf 72' lang='lat' dir='ltr'><strong>postridie.</strong></span> <span class='ocrx_word' id='word_1_17' title='bbox 2614 526 2813 583; x_wconf 85' lang='lat' dir='ltr'><strong>Verum</strong></span> <span class='ocrx_word' id='word_1_18' title='bbox 2851 527 2903 581; x_wconf 88' lang='lat' dir='ltr'><strong>id</strong></span> <span class='ocrx_word' id='word_1_19' title='bbox 2950 534 3135 580; x_wconf 85' lang='lat' dir='ltr'><strong>nostra</strong></span> <span class='ocrx_word' id='word_1_20' title='bbox 3179 524 3311 578; x_wconf 87' lang='lat' dir='ltr'><strong>nihil</strong></span> <span class='ocrx_word' id='word_1_21' title='bbox 3363 523 3608 580; x_wconf 84' lang='lat' dir='ltr'><strong>interest.</strong></span> 
     </span>
    </p>
   </div>
   <div class='ocr_carea' id='block_1_6' title="bbox 363 621 1937 695">
    <p class='ocr_par' dir='ltr' id='par_1_6' title="bbox 363 621 1937 695">
     <span class='ocr_line' id='line_1_6' title="bbox 363 621 1937 695; baseline -0.003 -18"><span class='ocrx_word' id='word_1_22' title='bbox 363 624 575 695; x_wconf 83' lang='grc' dir='ltr'><strong>πρώτῃ,</strong></span> <span class='ocrx_word' id='word_1_23' title='bbox 604 623 765 693; x_wconf 80' lang='grc' dir='ltr'>κυρίᾳ</span> <span class='ocrx_word' id='word_1_24' title='bbox 795 624 926 693; x_wconf 79' lang='grc' dir='ltr'><strong>ἡμῖν</strong></span> <span class='ocrx_word' id='word_1_25' title='bbox 955 621 1091 695; x_wconf 82' lang='grc' dir='ltr'><strong>οὔσῃ</strong></span> <span class='ocrx_word' id='word_1_26' title='bbox 1121 622 1217 674; x_wconf 73' lang='grc' dir='ltr'><strong>καὶ</strong></span> <span class='ocrx_word' id='word_1_27' title='bbox 1248 621 1532 692; x_wconf 72' lang='grc' dir='ltr'><strong>ἱερομηνίᾳ</strong></span> <span class='ocrx_word' id='word_1_28' title='bbox 1559 622 1779 692; x_wconf 79' lang='grc' dir='ltr'>Χριστῷ</span> <span class='ocrx_word' id='word_1_29' title='bbox 1807 623 1937 674; x_wconf 85' lang='grc' dir='ltr'><strong>ἀνα-</strong></span> 
     </span>
    </p>
   </div>
   <div class='ocr_carea' id='block_1_7' title="bbox 363 712 1937 785">
    <p class='ocr_par' dir='ltr' id='par_1_7' title="bbox 363 712 1937 785">
     <span class='ocr_line' id='line_1_7' title="bbox 363 712 1937 785; baseline -0.002 -16"><span class='ocrx_word' id='word_1_30' title='bbox 363 716 581 769; x_wconf 84' lang='grc' dir='ltr'><strong>στάντι·</strong></span> <span class='ocrx_word' id='word_1_31' title='bbox 636 713 749 768; x_wconf 76' lang='grc' dir='ltr'><strong>οὔθ’</strong></span> <span class='ocrx_word' id='word_1_32' title='bbox 798 713 970 777; x_wconf 77' lang='grc' dir='ltr'><strong>οὕτως</strong></span> <span class='ocrx_word' id='word_1_33' title='bbox 1019 712 1297 784; x_wconf 85' lang='grc' dir='ltr'><strong>ἀργοῦμεν</strong></span> <span class='ocrx_word' id='word_1_34' title='bbox 1347 714 1569 781; x_wconf 84' lang='grc' dir='ltr'><strong>ἄγοντες</strong></span> <span class='ocrx_word' id='word_1_35' title='bbox 1615 714 1824 785; x_wconf 80' lang='grc' dir='ltr'><strong>ἑορτὴν,</strong></span> <span class='ocrx_word' id='word_1_36' title='bbox 1861 714 1937 778; x_wconf 85' lang='grc' dir='ltr'><strong>ὡς</strong></span> 
     </span>
    </p>
   </div>
   <div class='ocr_carea' id='block_1_8' title="bbox 364 802 1939 877">
    <p class='ocr_par' dir='ltr' id='par_1_8' title="bbox 364 802 1939 877">
     <span class='ocr_line' id='line_1_8' title="bbox 364 802 1939 877; baseline -0.001 -18"><span class='ocrx_word' id='word_1_37' title='bbox 364 806 500 877; x_wconf 80' lang='grc' dir='ltr'><strong>μηδὲ</strong></span> <span class='ocrx_word' id='word_1_38' title='bbox 528 804 725 877; x_wconf 73' lang='grc' dir='ltr'><strong>ἑψῆσαί</strong></span> <span class='ocrx_word' id='word_1_39' title='bbox 760 822 835 869; x_wconf 90' lang='grc' dir='ltr'><strong>τι,</strong></span> <span class='ocrx_word' id='word_1_40' title='bbox 871 805 965 858; x_wconf 74' lang='grc' dir='ltr'><strong>καὶ</strong></span> <span class='ocrx_word' id='word_1_41' title='bbox 1007 802 1285 874; x_wconf 79' lang='grc' dir='ltr'><strong>τράπεζαν</strong></span> <span class='ocrx_word' id='word_1_42' title='bbox 1328 802 1669 874; x_wconf 80' lang='grc' dir='ltr'><strong>παραθέσθαι</strong></span> <span class='ocrx_word' id='word_1_43' title='bbox 1717 802 1939 873; x_wconf 80' lang='grc' dir='ltr'><strong>θεμιτὸν</strong></span> 
     </span>
    </p>
   </div>
   <div class='ocr_carea' id='block_1_9' title="bbox 361 893 1935 967">
    <p class='ocr_par' dir='ltr' id='par_1_9' title="bbox 361 893 1935 967">
     <span class='ocr_line' id='line_1_9' title="bbox 361 893 1935 967; baseline -0.004 -14"><span class='ocrx_word' id='word_1_44' title='bbox 361 896 530 953; x_wconf 76' lang='grc' dir='ltr'><strong>εἶναι·</strong></span> <span class='ocrx_word' id='word_1_45' title='bbox 562 898 699 951; x_wconf 87' lang='grc' dir='ltr'><strong>ἀλλὰ</strong></span> <span class='ocrx_word' id='word_1_46' title='bbox 734 899 845 952; x_wconf 83' lang='grc' dir='ltr'><strong>δεῖν</strong></span> <span class='ocrx_word' id='word_1_47' title='bbox 879 894 1317 967; x_wconf 76' lang='grc' dir='ltr'><strong>παρεσκευάσθαι</strong></span> <span class='ocrx_word' id='word_1_48' title='bbox 1359 896 1467 948; x_wconf 84' lang='grc' dir='ltr'><strong>πᾶν</strong></span> <span class='ocrx_word' id='word_1_49' title='bbox 1506 897 1572 965; x_wconf 83' lang='grc' dir='ltr'><strong>τῇ</strong></span> <span class='ocrx_word' id='word_1_50' title='bbox 1613 893 1935 966; x_wconf 74' lang='grc' dir='ltr'><strong>προτεραίᾳ.</strong></span> 
     </span>
    </p>
   </div>
   <div class='ocr_carea' id='block_1_10' title="bbox 364 985 1938 1059">
    <p class='ocr_par' dir='ltr' id='par_1_10' title="bbox 364 985 1938 1059">
     <span class='ocr_line' id='line_1_10' title="bbox 364 985 1938 1059; baseline -0.004 -14"><span class='ocrx_word' id='word_1_51' title='bbox 364 989 575 1045; x_wconf 79' lang='grc' dir='ltr'><strong>Οὐκοῦν</strong></span> <span class='ocrx_word' id='word_1_52' title='bbox 599 989 725 1042; x_wconf 74' lang='grc' dir='ltr'><strong>οὔτε</strong></span> <span class='ocrx_word' id='word_1_53' title='bbox 758 1006 810 1042; x_wconf 91' lang='grc' dir='ltr'><strong>τι</strong></span> <span class='ocrx_word' id='word_1_54' title='bbox 842 989 1134 1059; x_wconf 82' lang='grc' dir='ltr'><strong>χρήσιμον,</strong></span> <span class='ocrx_word' id='word_1_55' title='bbox 1170 985 1280 1040; x_wconf 74' lang='grc' dir='ltr'><strong>οὔτ’</strong></span> <span class='ocrx_word' id='word_1_56' title='bbox 1305 987 1480 1051; x_wconf 85' lang='grc' dir='ltr'><strong>ἄλλως</strong></span> <span class='ocrx_word' id='word_1_57' title='bbox 1504 986 1776 1057; x_wconf 74' lang='grc' dir='ltr'><strong>εὔσχημον</strong></span> <span class='ocrx_word' id='word_1_58' title='bbox 1799 988 1938 1057; x_wconf 80' lang='grc' dir='ltr'><strong>,ἡμῖν</strong></span> 
     </span>
    </p>
   </div>
   <div class='ocr_carea' id='block_1_11' title="bbox 360 1060 1939 1150">
    <p class='ocr_par' dir='ltr' id='par_1_11' title="bbox 360 1060 1939 1150">
     <span class='ocr_line' id='line_1_11' title="bbox 360 1060 1939 1150; baseline -0.003 -15"><span class='ocrx_word' id='word_1_59' title='bbox 360 1081 433 1135; x_wconf 77' lang='grc' dir='ltr'><strong>τὰ</strong></span> <span class='ocrx_word' id='word_1_60' title='bbox 469 1081 737 1135; x_wconf 82' lang='grc' dir='ltr'><strong>Ἰουδαίων</strong></span> <span class='ocrx_word' id='word_1_61' title='bbox 788 1080 962 1133; x_wconf 81' lang='grc' dir='ltr'><strong>ταῦτα</strong></span> <span class='ocrx_word' id='word_1_62' title='bbox 1015 1079 1254 1150; x_wconf 85' lang='grc' dir='ltr'><strong>ὀνόματα</strong></span> <span class='ocrx_word' id='word_1_63' title='bbox 1304 1081 1385 1143; x_wconf 82' lang='grc' dir='ltr'><strong>είς</strong></span> <span class='ocrx_word' id='word_1_64' title='bbox 1430 1060 1830 1149; x_wconf 64' lang='grc' dir='ltr'><strong>κίταρίθμησίν</strong></span> <span class='ocrx_word' id='word_1_65' title='bbox 1874 1093 1939 1146; x_wconf 82' lang='grc' dir='ltr'><strong>γε</strong></span> 
     </span>
    </p>
   </div>
   <div class='ocr_carea' id='block_1_12' title="bbox 362 1167 1940 1244">
    <p class='ocr_par' dir='ltr' id='par_1_12' title="bbox 362 1167 1940 1244">
     <span class='ocr_line' id='line_1_12' title="bbox 362 1167 1940 1244; baseline -0.003 -18"><span class='ocrx_word' id='word_1_66' title='bbox 362 1173 655 1244; x_wconf 74' lang='grc' dir='ltr'><strong>ἑϐδομάδος</strong></span> <span class='ocrx_word' id='word_1_67' title='bbox 687 1173 787 1243; x_wconf 85' lang='grc' dir='ltr'><strong>τῆς</strong></span> <span class='ocrx_word' id='word_1_68' title='bbox 830 1170 1104 1243; x_wconf 71' lang='grc' dir='ltr'><strong>ἡμετέρας</strong></span> <span class='ocrx_word' id='word_1_69' title='bbox 1134 1170 1448 1240; x_wconf 76' lang='grc' dir='ltr'><strong>λαμϐάνειν.</strong></span> <span class='ocrx_word' id='word_1_70' title='bbox 1499 1169 1631 1223; x_wconf 77' lang='grc' dir='ltr'><strong>Οὐδὲ</strong></span> <span class='ocrx_word' id='word_1_71' title='bbox 1664 1168 1728 1239; x_wconf 85' lang='grc' dir='ltr'><strong>δὴ</strong></span> <span class='ocrx_word' id='word_1_72' title='bbox 1757 1168 1851 1222; x_wconf 73' lang='grc' dir='ltr'><strong>καὶ</strong></span> <span class='ocrx_word' id='word_1_73' title='bbox 1879 1167 1940 1221; x_wconf 82' lang='grc' dir='ltr'><strong>τὸ</strong></span> 
     </span>
    </p>
   </div>
   <div class='ocr_carea' id='block_1_13' title="bbox 362 1257 1935 1333">
    <p class='ocr_par' dir='ltr' id='par_1_13' title="bbox 362 1257 1935 1333">
     <span class='ocr_line' id='line_1_13' title="bbox 362 1257 1935 1333; baseline -0.003 -17"><span class='ocrx_word' id='word_1_74' title='bbox 362 1264 639 1318; x_wconf 80' lang='grc' dir='ltr'><strong>Σάϐϐατον</strong></span> <span class='ocrx_word' id='word_1_75' title='bbox 662 1258 755 1320; x_wconf 79' lang='grc' dir='ltr'><strong>οὖν</strong></span> <span class='ocrx_word' id='word_1_76' title='bbox 774 1262 973 1333; x_wconf 86' lang='grc' dir='ltr'><strong>ὁμοίως</strong></span> <span class='ocrx_word' id='word_1_77' title='bbox 995 1260 1107 1333; x_wconf 79' lang='grc' dir='ltr'><strong>ἔχει</strong></span> <span class='ocrx_word' id='word_1_78' title='bbox 1128 1260 1205 1332; x_wconf 84' lang='grc' dir='ltr'><strong>τῷ</strong></span> <span class='ocrx_word' id='word_1_79' title='bbox 1233 1260 1459 1315; x_wconf 85' lang='grc' dir='ltr'><strong>Ὡσαννᾶ</strong></span> <span class='ocrx_word' id='word_1_80' title='bbox 1485 1259 1672 1331; x_wconf 79' lang='grc' dir='ltr'><strong>καὶτῷ</strong></span> <span class='ocrx_word' id='word_1_81' title='bbox 1691 1257 1935 1313; x_wconf 78' lang='grc' dir='ltr'><strong>Σαϐαὼθ·</strong></span> 
     </span>
    </p>
   </div>
   <div class='ocr_carea' id='block_1_14' title="bbox 364 1348 1940 1426">
    <p class='ocr_par' dir='ltr' id='par_1_14' title="bbox 364 1348 1940 1426">
     <span class='ocr_line' id='line_1_14' title="bbox 364 1348 1940 1426; baseline -0.004 -18"><span class='ocrx_word' id='word_1_82' title='bbox 364 1356 508 1426; x_wconf 85' lang='grc' dir='ltr'><strong>ἆπερ</strong></span> <span class='ocrx_word' id='word_1_83' title='bbox 537 1353 745 1423; x_wconf 79' lang='grc' dir='ltr'><strong>ἔκφυλα</strong></span> <span class='ocrx_word' id='word_1_84' title='bbox 781 1353 877 1424; x_wconf 84' lang='grc' dir='ltr'><strong>μὲν</strong></span> <span class='ocrx_word' id='word_1_85' title='bbox 905 1352 1000 1406; x_wconf 75' lang='grc' dir='ltr'><strong>καὶ</strong></span> <span class='ocrx_word' id='word_1_86' title='bbox 1025 1351 1197 1405; x_wconf 78' lang='grc' dir='ltr'><strong>ταῦτα</strong></span> <span class='ocrx_word' id='word_1_87' title='bbox 1216 1368 1230 1382; x_wconf 72' lang='grc' dir='ltr'><strong>ο</strong></span> <span class='ocrx_word' id='word_1_88' title='bbox 1260 1353 1608 1421; x_wconf 81' lang='grc' dir='ltr'><strong>έπιφωνείται</strong></span> <span class='ocrx_word' id='word_1_89' title='bbox 1635 1349 1680 1402; x_wconf 87' lang='grc' dir='ltr'><strong>δ’</strong></span> <span class='ocrx_word' id='word_1_90' title='bbox 1709 1350 1857 1419; x_wconf 82' lang='grc' dir='ltr'><strong>ὅμως</strong></span> <span class='ocrx_word' id='word_1_91' title='bbox 1880 1348 1940 1401; x_wconf 81' lang='grc' dir='ltr'><strong>ὲν</strong></span> 
     </span>
    </p>
   </div>
   <div class='ocr_carea' id='block_1_15' title="bbox 360 1439 1940 1516">
    <p class='ocr_par' dir='ltr' id='par_1_15' title="bbox 360 1439 1940 1516">
     <span class='ocr_line' id='line_1_15' title="bbox 360 1439 1940 1516; baseline -0.005 -17"><span class='ocrx_word' id='word_1_92' title='bbox 360 1447 482 1509; x_wconf 87' lang='grc' dir='ltr'><strong>ταῖς</strong></span> <span class='ocrx_word' id='word_1_93' title='bbox 526 1443 842 1516; x_wconf 84' lang='grc' dir='ltr'><strong>ἱεροποιίαις</strong></span> <span class='ocrx_word' id='word_1_94' title='bbox 890 1442 1149 1496; x_wconf 80' lang='grc' dir='ltr'><strong>ἑκάστοτε</strong></span> <span class='ocrx_word' id='word_1_95' title='bbox 1195 1442 1347 1514; x_wconf 87' lang='grc' dir='ltr'><strong>παρὰ</strong></span> <span class='ocrx_word' id='word_1_96' title='bbox 1395 1439 1503 1493; x_wconf 89' lang='grc' dir='ltr'><strong>τῶν</strong></span> <span class='ocrx_word' id='word_1_97' title='bbox 1549 1439 1794 1510; x_wconf 79' lang='grc' dir='ltr'><strong>ζακόρων</strong></span> <span class='ocrx_word' id='word_1_98' title='bbox 1840 1440 1940 1492; x_wconf 78' lang='grc' dir='ltr'><strong>έπ-</strong></span> 
     </span>
    </p>
   </div>
   <div class='ocr_carea' id='block_1_16' title="bbox 363 1530 1939 1605">
    <p class='ocr_par' dir='ltr' id='par_1_16' title="bbox 363 1530 1939 1605">
     <span class='ocr_line' id='line_1_16' title="bbox 363 1530 1939 1605; baseline -0.002 -18"><span class='ocrx_word' id='word_1_99' title='bbox 363 1534 618 1603; x_wconf 84' lang='grc' dir='ltr'><strong>ἀναγκες.</strong></span> <span class='ocrx_word' id='word_1_100' title='bbox 640 1533 721 1587; x_wconf 85' lang='grc' dir='ltr'><strong>Τά</strong></span> <span class='ocrx_word' id='word_1_101' title='bbox 747 1534 842 1605; x_wconf 83' lang='grc' dir='ltr'><strong>μὲν</strong></span> <span class='ocrx_word' id='word_1_102' title='bbox 865 1532 975 1605; x_wconf 85' lang='grc' dir='ltr'><strong>γὰρ</strong></span> <span class='ocrx_word' id='word_1_103' title='bbox 1000 1532 1350 1604; x_wconf 80' lang='grc' dir='ltr'><strong>ὲξωσιωμένα</strong></span> <span class='ocrx_word' id='word_1_104' title='bbox 1364 1533 1427 1603; x_wconf 81' lang='grc' dir='ltr'><strong>δὴ</strong></span> <span class='ocrx_word' id='word_1_105' title='bbox 1450 1535 1562 1595; x_wconf 88' lang='grc' dir='ltr'><strong>τοῖς</strong></span> <span class='ocrx_word' id='word_1_106' title='bbox 1585 1530 1939 1604; x_wconf 84' lang='grc' dir='ltr'><strong>κυριωτάτοις</strong></span> 
     </span>
    </p>
   </div>
   <div class='ocr_carea' id='block_1_17' title="bbox 362 1622 1940 1702">
    <p class='ocr_par' dir='ltr' id='par_1_17' title="bbox 362 1622 1940 1702">
     <span class='ocr_line' id='line_1_17' title="bbox 362 1622 1940 1702; baseline -0.003 -23"><span class='ocrx_word' id='word_1_107' title='bbox 362 1627 458 1679; x_wconf 74' lang='grc' dir='ltr'><strong>καὶ</strong></span> <span class='ocrx_word' id='word_1_108' title='bbox 489 1626 771 1702; x_wconf 82' lang='grc' dir='ltr'><strong>μεγίστοις</strong></span> <span class='ocrx_word' id='word_1_109' title='bbox 795 1624 901 1679; x_wconf 90' lang='grc' dir='ltr'><strong>τῶν</strong></span> <span class='ocrx_word' id='word_1_110' title='bbox 931 1623 1090 1695; x_wconf 78' lang='grc' dir='ltr'><strong>ἱερῶν</strong></span> <span class='ocrx_word' id='word_1_111' title='bbox 1115 1624 1243 1678; x_wconf 80' lang='grc' dir='ltr'><strong>ὄντα</strong></span> <span class='ocrx_word' id='word_1_112' title='bbox 1273 1624 1413 1677; x_wconf 89' lang='grc' dir='ltr'><strong>κατά</strong></span> <span class='ocrx_word' id='word_1_113' title='bbox 1436 1640 1490 1676; x_wconf 92' lang='grc' dir='ltr'><strong>τι</strong></span> <span class='ocrx_word' id='word_1_114' title='bbox 1518 1624 1830 1695; x_wconf 78' lang='grc' dir='ltr'><strong>ἀπόρρητον</strong></span> <span class='ocrx_word' id='word_1_115' title='bbox 1864 1622 1940 1694; x_wconf 76' lang='grc' dir='ltr'><strong>μὴ</strong></span> 
     </span>
    </p>
   </div>
   <div class='ocr_carea' id='block_1_18' title="bbox 359 1711 1942 1789">
    <p class='ocr_par' dir='ltr' id='par_1_18' title="bbox 359 1711 1942 1789">
     <span class='ocr_line' id='line_1_18' title="bbox 359 1711 1942 1789; baseline -0.003 -20"><span class='ocrx_word' id='word_1_116' title='bbox 359 1717 422 1769; x_wconf 82' lang='grc' dir='ltr'><strong>οὐ</strong></span> <span class='ocrx_word' id='word_1_117' title='bbox 453 1711 726 1789; x_wconf 84' lang='grc' dir='ltr'><strong>θεμιτὸνῇ</strong></span> <span class='ocrx_word' id='word_1_118' title='bbox 760 1715 1157 1787; x_wconf 82' lang='grc' dir='ltr'><strong>παραλλάττειν</strong></span> <span class='ocrx_word' id='word_1_119' title='bbox 1181 1730 1197 1745; x_wconf 77' lang='grc' dir='ltr'><strong>ο</strong></span> <span class='ocrx_word' id='word_1_120' title='bbox 1225 1713 1284 1766; x_wconf 82' lang='grc' dir='ltr'><strong>τὸ</strong></span> <span class='ocrx_word' id='word_1_121' title='bbox 1310 1713 1368 1765; x_wconf 82' lang='grc' dir='ltr'><strong>δὲ</strong></span> <span class='ocrx_word' id='word_1_122' title='bbox 1405 1712 1817 1783; x_wconf 89' lang='grc' dir='ltr'><strong>περιειργάσθαι</strong></span> <span class='ocrx_word' id='word_1_123' title='bbox 1848 1712 1942 1766; x_wconf 80' lang='grc' dir='ltr'><strong>καὶ</strong></span> 
     </span>
    </p>
   </div>
   <div class='ocr_carea' id='block_1_19' title="bbox 366 1804 1940 1880">
    <p class='ocr_par' dir='ltr' id='par_1_19' title="bbox 366 1804 1940 1880">
     <span class='ocr_line' id='line_1_19' title="bbox 366 1804 1940 1880; baseline -0.004 -18"><span class='ocrx_word' id='word_1_124' title='bbox 366 1810 636 1880; x_wconf 88' lang='grc' dir='ltr'><strong>μηδεμίαν</strong></span> <span class='ocrx_word' id='word_1_125' title='bbox 665 1809 788 1880; x_wconf 78' lang='grc' dir='ltr'><strong>ἔχον</strong></span> <span class='ocrx_word' id='word_1_126' title='bbox 813 1809 1059 1879; x_wconf 85' lang='grc' dir='ltr'><strong>ἀνάγκην</strong></span> <span class='ocrx_word' id='word_1_127' title='bbox 1097 1805 1392 1871; x_wconf 80' lang='grc' dir='ltr'><strong>Ἰουδαΐζει.</strong></span> <span class='ocrx_word' id='word_1_128' title='bbox 1422 1805 1608 1874; x_wconf 84' lang='grc' dir='ltr'><strong>Ἡμεῖς</strong></span> <span class='ocrx_word' id='word_1_129' title='bbox 1640 1804 1737 1875; x_wconf 86' lang='grc' dir='ltr'><strong>μὲν</strong></span> <span class='ocrx_word' id='word_1_130' title='bbox 1762 1804 1940 1857; x_wconf 84' lang='grc' dir='ltr'><strong>τοίνυν</strong></span> 
     </span>
    </p>
   </div>
   <div class='ocr_carea' id='block_1_20' title="bbox 2038 614 3614 693">
    <p class='ocr_par' dir='ltr' id='par_1_20' title="bbox 2038 614 3614 693">
     <span class='ocr_line' id='line_1_20' title="bbox 2038 614 3614 693; baseline -0.005 -16"><span class='ocrx_word' id='word_1_131' title='bbox 2038 621 2226 693; x_wconf 84' lang='lat' dir='ltr'><strong>Neque</strong></span> <span class='ocrx_word' id='word_1_132' title='bbox 2268 623 2413 678; x_wconf 90' lang='lat' dir='ltr'><strong>enim</strong></span> <span class='ocrx_word' id='word_1_133' title='bbox 2458 622 2692 691; x_wconf 89' lang='lat' dir='ltr'><strong>septimo</strong></span> <span class='ocrx_word' id='word_1_134' title='bbox 2729 620 2817 674; x_wconf 92' lang='lat' dir='ltr'><strong>die</strong></span> <span class='ocrx_word' id='word_1_135' title='bbox 2865 620 2933 673; x_wconf 87' lang='lat' dir='ltr'><strong>ab</strong></span> <span class='ocrx_word' id='word_1_136' title='bbox 2964 618 3113 673; x_wconf 90' lang='lat' dir='ltr'><strong>omni</strong></span> <span class='ocrx_word' id='word_1_137' title='bbox 3152 631 3316 685; x_wconf 88' lang='lat' dir='ltr'><strong>opere</strong></span> <span class='ocrx_word' id='word_1_138' title='bbox 3353 614 3614 670; x_wconf 88' lang='lat' dir='ltr'><strong>feriamur</strong></span> 
     </span>
    </p>
   </div>
   <div class='ocr_carea' id='block_1_21' title="bbox 2036 708 3611 784">
    <p class='ocr_par' dir='ltr' id='par_1_21' title="bbox 2036 708 3611 784">
     <span class='ocr_line' id='line_1_21' title="bbox 2036 708 3611 784; baseline -0.006 -15"><span class='ocrx_word' id='word_1_139' title='bbox 2036 715 2261 777; x_wconf 82' lang='lat' dir='ltr'><strong>inertes,</strong></span> <span class='ocrx_word' id='word_1_140' title='bbox 2292 714 2386 784; x_wconf 88' lang='lat' dir='ltr'><strong>qui</strong></span> <span class='ocrx_word' id='word_1_141' title='bbox 2414 713 2532 768; x_wconf 90' lang='lat' dir='ltr'><strong>dies</strong></span> <span class='ocrx_word' id='word_1_142' title='bbox 2563 727 2592 766; x_wconf 88' lang='lat' dir='ltr'><strong>a</strong></span> <span class='ocrx_word' id='word_1_143' title='bbox 2616 711 2819 767; x_wconf 69' lang='lat' dir='ltr'><strong>Judaeis</strong></span> <span class='ocrx_word' id='word_1_144' title='bbox 2860 709 3155 765; x_wconf 86' lang='lat' dir='ltr'><strong>Sabbalum</strong></span> <span class='ocrx_word' id='word_1_145' title='bbox 3192 724 3221 761; x_wconf 90' lang='lat' dir='ltr'><strong>a</strong></span> <span class='ocrx_word' id='word_1_146' title='bbox 3252 708 3434 777; x_wconf 86' lang='lat' dir='ltr'><strong>quiete</strong></span> <span class='ocrx_word' id='word_1_147' title='bbox 3465 722 3611 761; x_wconf 87' lang='lat' dir='ltr'><strong>nun-</strong></span> 
     </span>
    </p>
   </div>
   <div class='ocr_carea' id='block_1_22' title="bbox 2038 798 3615 874">
    <p class='ocr_par' dir='ltr' id='par_1_22' title="bbox 2038 798 3615 874">
     <span class='ocr_line' id='line_1_22' title="bbox 2038 798 3615 874; baseline -0.005 -14"><span class='ocrx_word' id='word_1_148' title='bbox 2038 811 2303 874; x_wconf 90' lang='lat' dir='ltr'><strong>cupatur;</strong></span> <span class='ocrx_word' id='word_1_149' title='bbox 2332 804 2426 860; x_wconf 88' lang='lat' dir='ltr'><strong>sed</strong></span> <span class='ocrx_word' id='word_1_150' title='bbox 2461 804 2581 873; x_wconf 87' lang='lat' dir='ltr'><strong>ipso</strong></span> <span class='ocrx_word' id='word_1_151' title='bbox 2610 803 2700 858; x_wconf 89' lang='lat' dir='ltr'><strong>die</strong></span> <span class='ocrx_word' id='word_1_152' title='bbox 2720 803 2918 873; x_wconf 92' lang='lat' dir='ltr'><strong>primo,</strong></span> <span class='ocrx_word' id='word_1_153' title='bbox 2949 802 3042 871; x_wconf 87' lang='lat' dir='ltr'><strong>qui</strong></span> <span class='ocrx_word' id='word_1_154' title='bbox 3068 800 3226 855; x_wconf 90' lang='lat' dir='ltr'><strong>nobis</strong></span> <span class='ocrx_word' id='word_1_155' title='bbox 3249 807 3334 855; x_wconf 81' lang='lat' dir='ltr'><strong>est</strong></span> <span class='ocrx_word' id='word_1_156' title='bbox 3367 798 3615 853; x_wconf 82' lang='lat' dir='ltr'><strong>Domini-</strong></span> 
     </span>
    </p>
   </div>
   <div class='ocr_carea' id='block_1_23' title="bbox 2037 891 3731 967">
    <p class='ocr_par' dir='ltr' id='par_1_23' title="bbox 2037 891 3731 967">
     <span class='ocr_line' id='line_1_23' title="bbox 2037 891 3731 967; baseline -0.003 -16"><span class='ocrx_word' id='word_1_157' title='bbox 2037 912 2162 961; x_wconf 89' lang='lat' dir='ltr'><strong>cus,</strong></span> <span class='ocrx_word' id='word_1_158' title='bbox 2215 911 2482 967; x_wconf 90' lang='lat' dir='ltr'><strong>sacerque</strong></span> <span class='ocrx_word' id='word_1_159' title='bbox 2526 895 2638 951; x_wconf 85' lang='lat' dir='ltr'><strong>Deo</strong></span> <span class='ocrx_word' id='word_1_160' title='bbox 2694 894 3024 964; x_wconf 81' lang='lat' dir='ltr'><strong>resurgenti.</strong></span> <span class='ocrx_word' id='word_1_161' title='bbox 3059 892 3247 963; x_wconf 80' lang='lat' dir='ltr'><strong>Neque</strong></span> <span class='ocrx_word' id='word_1_162' title='bbox 3303 899 3484 945; x_wconf 89' lang='lat' dir='ltr'><strong>tamen</strong></span> <span class='ocrx_word' id='word_1_163' title='bbox 3510 891 3614 946; x_wconf 88' lang='lat' dir='ltr'><strong>-sie</strong></span> <span class='ocrx_word' id='word_1_164' title='bbox 3726 916 3731 917; x_wconf 51' lang='grc' dir='ltr'><strong>ί</strong></span> 
     </span>
    </p>
   </div>
   <div class='ocr_carea' id='block_1_24' title="bbox 2038 982 3618 1051">
    <p class='ocr_par' dir='ltr' id='par_1_24' title="bbox 2038 982 3618 1051">
     <span class='ocr_line' id='line_1_24' title="bbox 2038 982 3618 1051; baseline -0.004 -9"><span class='ocrx_word' id='word_1_165' title='bbox 2038 989 2295 1046; x_wconf 88' lang='lat' dir='ltr'><strong>otiamur,</strong></span> <span class='ocrx_word' id='word_1_166' title='bbox 2336 996 2397 1041; x_wconf 91' lang='lat' dir='ltr'><strong>ut</strong></span> <span class='ocrx_word' id='word_1_167' title='bbox 2420 987 2507 1042; x_wconf 85' lang='lat' dir='ltr'><strong>vel</strong></span> <span class='ocrx_word' id='word_1_168' title='bbox 2537 987 2764 1051; x_wconf 77' lang='lat' dir='ltr'><strong>elixare,</strong></span> <span class='ocrx_word' id='word_1_169' title='bbox 2804 986 2890 1039; x_wconf 89' lang='lat' dir='ltr'><strong>vel</strong></span> <span class='ocrx_word' id='word_1_170' title='bbox 2930 999 3174 1039; x_wconf 84' lang='lat' dir='ltr'><strong>mensam</strong></span> <span class='ocrx_word' id='word_1_171' title='bbox 3208 992 3454 1038; x_wconf 85' lang='lat' dir='ltr'><strong>sternere</strong></span> <span class='ocrx_word' id='word_1_172' title='bbox 3488 982 3618 1037; x_wconf 88' lang='lat' dir='ltr'><strong>reli-</strong></span> 
     </span>
    </p>
   </div>
   <div class='ocr_carea' id='block_1_25' title="bbox 2038 1074 3616 1151">
    <p class='ocr_par' dir='ltr' id='par_1_25' title="bbox 2038 1074 3616 1151">
     <span class='ocr_line' id='line_1_25' title="bbox 2038 1074 3616 1151; baseline -0.004 -18"><span class='ocrx_word' id='word_1_173' title='bbox 2038 1080 2129 1151; x_wconf 75' lang='lat' dir='ltr'><strong>gio</strong></span> <span class='ocrx_word' id='word_1_174' title='bbox 2160 1079 2266 1140; x_wconf 94' lang='lat' dir='ltr'><strong>sit,</strong></span> <span class='ocrx_word' id='word_1_175' title='bbox 2297 1093 2587 1149; x_wconf 66' lang='lat' dir='ltr'><strong>operasque</strong></span> <span class='ocrx_word' id='word_1_176' title='bbox 2617 1077 2686 1133; x_wconf 88' lang='lat' dir='ltr'><strong>sit</strong></span> <span class='ocrx_word' id='word_1_177' title='bbox 2713 1077 2948 1147; x_wconf 75' lang='lat' dir='ltr'><strong>pretium</strong></span> <span class='ocrx_word' id='word_1_178' title='bbox 2990 1075 3173 1130; x_wconf 86' lang='lat' dir='ltr'><strong>omnia</strong></span> <span class='ocrx_word' id='word_1_179' title='bbox 3199 1074 3373 1145; x_wconf 87' lang='lat' dir='ltr'><strong>pridie</strong></span> <span class='ocrx_word' id='word_1_180' title='bbox 3404 1088 3616 1144; x_wconf 70' lang='lat' dir='ltr'><strong>praepa-</strong></span> 
     </span>
    </p>
   </div>
   <div class='ocr_carea' id='block_1_26' title="bbox 2037 1166 3611 1240">
    <p class='ocr_par' dir='ltr' id='par_1_26' title="bbox 2037 1166 3611 1240">
     <span class='ocr_line' id='line_1_26' title="bbox 2037 1166 3611 1240; baseline -0.006 -14"><span class='ocrx_word' id='word_1_181' title='bbox 2037 1183 2157 1226; x_wconf 88' lang='lat' dir='ltr'><strong>rata</strong></span> <span class='ocrx_word' id='word_1_182' title='bbox 2188 1170 2409 1225; x_wconf 89' lang='lat' dir='ltr'><strong>habere.</strong></span> <span class='ocrx_word' id='word_1_183' title='bbox 2440 1169 2582 1240; x_wconf 78' lang='lat' dir='ltr'><strong>Ergo</strong></span> <span class='ocrx_word' id='word_1_184' title='bbox 2613 1184 2717 1224; x_wconf 91' lang='lat' dir='ltr'><strong>nec</strong></span> <span class='ocrx_word' id='word_1_185' title='bbox 2742 1170 2896 1233; x_wconf 91' lang='lat' dir='ltr'><strong>utile,</strong></span> <span class='ocrx_word' id='word_1_186' title='bbox 2927 1183 3031 1223; x_wconf 89' lang='lat' dir='ltr'><strong>nec</strong></span> <span class='ocrx_word' id='word_1_187' title='bbox 3057 1169 3262 1236; x_wconf 88' lang='lat' dir='ltr'><strong>alioqui</strong></span> <span class='ocrx_word' id='word_1_188' title='bbox 3295 1166 3611 1228; x_wconf 89' lang='lat' dir='ltr'><strong>honestum,</strong></span> 
     </span>
    </p>
   </div>
   <div class='ocr_carea' id='block_1_27' title="bbox 2038 1255 3617 1326">
    <p class='ocr_par' dir='ltr' id='par_1_27' title="bbox 2038 1255 3617 1326">
     <span class='ocr_line' id='line_1_27' title="bbox 2038 1255 3617 1326; baseline -0.003 -13"><span class='ocrx_word' id='word_1_189' title='bbox 2038 1259 2155 1314; x_wconf 68' lang='lat' dir='ltr'><strong>haec</strong></span> <span class='ocrx_word' id='word_1_190' title='bbox 2183 1257 2493 1313; x_wconf 67' lang='lat' dir='ltr'><strong>Iudaeorum</strong></span> <span class='ocrx_word' id='word_1_191' title='bbox 2542 1259 2761 1313; x_wconf 89' lang='lat' dir='ltr'><strong>nomina</strong></span> <span class='ocrx_word' id='word_1_192' title='bbox 2791 1258 2847 1313; x_wconf 90' lang='lat' dir='ltr'><strong>in</strong></span> <span class='ocrx_word' id='word_1_193' title='bbox 2885 1265 3090 1313; x_wconf 62' lang='lat' dir='ltr'><strong>nostra</strong></span> <span class='ocrx_word' id='word_1_194' title='bbox 3138 1257 3459 1326; x_wconf 67' lang='lat' dir='ltr'><strong>septimanae</strong></span> <span class='ocrx_word' id='word_1_195' title='bbox 3498 1255 3617 1309; x_wconf 87' lang='lat' dir='ltr'><strong>cal-</strong></span> 
     </span>
    </p>
   </div>
   <div class='ocr_carea' id='block_1_28' title="bbox 2039 1346 3612 1411">
    <p class='ocr_par' dir='ltr' id='par_1_28' title="bbox 2039 1346 3612 1411">
     <span class='ocr_line' id='line_1_28' title="bbox 2039 1346 3612 1411; baseline -0.003 -6"><span class='ocrx_word' id='word_1_196' title='bbox 2039 1350 2223 1405; x_wconf 85' lang='lat' dir='ltr'><strong>culum</strong></span> <span class='ocrx_word' id='word_1_197' title='bbox 2254 1364 2554 1405; x_wconf 85' lang='lat' dir='ltr'><strong>assumere.</strong></span> <span class='ocrx_word' id='word_1_198' title='bbox 2586 1349 2696 1404; x_wconf 85' lang='lat' dir='ltr'><strong>Nec</strong></span> <span class='ocrx_word' id='word_1_199' title='bbox 2726 1350 2869 1405; x_wconf 89' lang='lat' dir='ltr'><strong>enim</strong></span> <span class='ocrx_word' id='word_1_200' title='bbox 2895 1350 2977 1405; x_wconf 88' lang='lat' dir='ltr'><strong>sic</strong></span> <span class='ocrx_word' id='word_1_201' title='bbox 3008 1364 3068 1405; x_wconf 89' lang='lat' dir='ltr'><strong>se</strong></span> <span class='ocrx_word' id='word_1_202' title='bbox 3098 1349 3261 1403; x_wconf 88' lang='lat' dir='ltr'><strong>habet</strong></span> <span class='ocrx_word' id='word_1_203' title='bbox 3287 1346 3612 1411; x_wconf 85' lang='lat' dir='ltr'><strong>Sabbatum,</strong></span> 
     </span>
    </p>
   </div>
   <div class='ocr_carea' id='block_1_29' title="bbox 2039 1439 3613 1513">
    <p class='ocr_par' dir='ltr' id='par_1_29' title="bbox 2039 1439 3613 1513">
     <span class='ocr_line' id='line_1_29' title="bbox 2039 1439 3613 1513; baseline -0.002 -18"><span class='ocrx_word' id='word_1_204' title='bbox 2039 1448 2102 1495; x_wconf 87' lang='lat' dir='ltr'><strong>ut</strong></span> <span class='ocrx_word' id='word_1_205' title='bbox 2132 1442 2289 1513; x_wconf 72' lang='lat'><strong>167</strong></span> <span class='ocrx_word' id='word_1_206' title='bbox 2318 1440 2577 1497; x_wconf 83' lang='lat' dir='ltr'><strong>Hosanna</strong></span> <span class='ocrx_word' id='word_1_207' title='bbox 2605 1452 2660 1496; x_wconf 89' lang='lat' dir='ltr'><strong>et</strong></span> <span class='ocrx_word' id='word_1_208' title='bbox 2703 1440 2979 1497; x_wconf 89' lang='lat' dir='ltr'><strong>Sabaoth:</strong></span> <span class='ocrx_word' id='word_1_209' title='bbox 3006 1455 3130 1510; x_wconf 67' lang='lat' dir='ltr'><strong>quae</strong></span> <span class='ocrx_word' id='word_1_210' title='bbox 3178 1441 3356 1494; x_wconf 86' lang='lat' dir='ltr'><strong>aliena</strong></span> <span class='ocrx_word' id='word_1_211' title='bbox 3391 1439 3613 1509; x_wconf 88' lang='lat' dir='ltr'><strong>quidem</strong></span> 
     </span>
    </p>
   </div>
   <div class='ocr_carea' id='block_1_30' title="bbox 2039 1529 3615 1603">
    <p class='ocr_par' dir='ltr' id='par_1_30' title="bbox 2039 1529 3615 1603">
     <span class='ocr_line' id='line_1_30' title="bbox 2039 1529 3615 1603; baseline -0.003 -16"><span class='ocrx_word' id='word_1_212' title='bbox 2039 1547 2164 1587; x_wconf 91' lang='lat' dir='ltr'><strong>cum</strong></span> <span class='ocrx_word' id='word_1_213' title='bbox 2195 1540 2250 1588; x_wconf 90' lang='lat' dir='ltr'><strong>et</strong></span> <span class='ocrx_word' id='word_1_214' title='bbox 2277 1533 2392 1603; x_wconf 89' lang='lat' dir='ltr'><strong>ipsa</strong></span> <span class='ocrx_word' id='word_1_215' title='bbox 2420 1534 2552 1597; x_wconf 85' lang='lat' dir='ltr'><strong>sint,</strong></span> <span class='ocrx_word' id='word_1_216' title='bbox 2594 1541 2774 1588; x_wconf 82' lang='lat' dir='ltr'><strong>tamen</strong></span> <span class='ocrx_word' id='word_1_217' title='bbox 2798 1532 2854 1587; x_wconf 91' lang='lat' dir='ltr'><strong>in</strong></span> <span class='ocrx_word' id='word_1_218' title='bbox 2879 1532 3023 1586; x_wconf 87' lang='lat' dir='ltr'><strong>hunc</strong></span> <span class='ocrx_word' id='word_1_219' title='bbox 3050 1545 3227 1600; x_wconf 86' lang='lat' dir='ltr'><strong>usque</strong></span> <span class='ocrx_word' id='word_1_220' title='bbox 3258 1530 3402 1585; x_wconf 88' lang='lat' dir='ltr'><strong>diem</strong></span> <span class='ocrx_word' id='word_1_221' title='bbox 3429 1529 3487 1583; x_wconf 88' lang='lat' dir='ltr'><strong>in</strong></span> <span class='ocrx_word' id='word_1_222' title='bbox 3521 1542 3615 1583; x_wconf 77' lang='lat' dir='ltr'><strong>sa-</strong></span> 
     </span>
    </p>
   </div>
   <div class='ocr_carea' id='block_1_31' title="bbox 2039 1618 3612 1688">
    <p class='ocr_par' dir='ltr' id='par_1_31' title="bbox 2039 1618 3612 1688">
     <span class='ocr_line' id='line_1_31' title="bbox 2039 1618 3612 1688; baseline -0.003 -12"><span class='ocrx_word' id='word_1_223' title='bbox 2039 1620 2265 1677; x_wconf 84' lang='lat' dir='ltr'><strong>criﬁciis</strong></span> <span class='ocrx_word' id='word_1_224' title='bbox 2304 1623 2697 1678; x_wconf 83' lang='lat' dir='ltr'><strong>acclamatione</strong></span> <span class='ocrx_word' id='word_1_225' title='bbox 2738 1621 3013 1677; x_wconf 85' lang='lat' dir='ltr'><strong>communi</strong></span> <span class='ocrx_word' id='word_1_226' title='bbox 3046 1620 3116 1674; x_wconf 90' lang='lat' dir='ltr'><strong>ab</strong></span> <span class='ocrx_word' id='word_1_227' title='bbox 3149 1618 3286 1688; x_wconf 88' lang='lat' dir='ltr'><strong>ipsis</strong></span> <span class='ocrx_word' id='word_1_228' title='bbox 3327 1631 3612 1673; x_wconf 88' lang='lat' dir='ltr'><strong>sacrorum</strong></span> 
     </span>
    </p>
   </div>
   <div class='ocr_carea' id='block_1_32' title="bbox 2040 1710 3615 1786">
    <p class='ocr_par' dir='ltr' id='par_1_32' title="bbox 2040 1710 3615 1786">
     <span class='ocr_line' id='line_1_32' title="bbox 2040 1710 3615 1786; baseline -0.003 -17"><span class='ocrx_word' id='word_1_229' title='bbox 2040 1715 2316 1770; x_wconf 87' lang='lat' dir='ltr'><strong>ministris</strong></span> <span class='ocrx_word' id='word_1_230' title='bbox 2336 1717 2649 1771; x_wconf 89' lang='lat' dir='ltr'><strong>necessario</strong></span> <span class='ocrx_word' id='word_1_231' title='bbox 2675 1722 3027 1786; x_wconf 75' lang='lat' dir='ltr'><strong>usurpentur.</strong></span> <span class='ocrx_word' id='word_1_232' title='bbox 3058 1712 3192 1778; x_wconf 66' lang='lat' dir='ltr'><strong>Quae</strong></span> <span class='ocrx_word' id='word_1_233' title='bbox 3208 1711 3353 1766; x_wconf 89' lang='lat' dir='ltr'><strong>enim</strong></span> <span class='ocrx_word' id='word_1_234' title='bbox 3379 1726 3410 1764; x_wconf 90' lang='lat' dir='ltr'><strong>a</strong></span> <span class='ocrx_word' id='word_1_235' title='bbox 3437 1710 3615 1765; x_wconf 77' lang='lat' dir='ltr'><strong>maxi-</strong></span> 
     </span>
    </p>
   </div>
   <div class='ocr_carea' id='block_1_33' title="bbox 2042 1799 3613 1874">
    <p class='ocr_par' dir='ltr' id='par_1_33' title="bbox 2042 1799 3613 1874">
     <span class='ocr_line' id='line_1_33' title="bbox 2042 1799 3613 1874; baseline -0.002 -18"><span class='ocrx_word' id='word_1_236' title='bbox 2042 1802 2147 1858; x_wconf 89' lang='lat' dir='ltr'><strong>mis</strong></span> <span class='ocrx_word' id='word_1_237' title='bbox 2167 1802 2517 1873; x_wconf 90' lang='lat' dir='ltr'><strong>pontificibus</strong></span> <span class='ocrx_word' id='word_1_238' title='bbox 2547 1804 2782 1874; x_wconf 86' lang='lat' dir='ltr'><strong>alicujus</strong></span> <span class='ocrx_word' id='word_1_239' title='bbox 2803 1802 2991 1857; x_wconf 89' lang='lat' dir='ltr'><strong>arcani</strong></span> <span class='ocrx_word' id='word_1_240' title='bbox 3017 1800 3196 1870; x_wconf 70' lang='lat' dir='ltr'><strong>gratia</strong></span> <span class='ocrx_word' id='word_1_241' title='bbox 3221 1799 3434 1856; x_wconf 88' lang='lat' dir='ltr'><strong>sancita</strong></span> <span class='ocrx_word' id='word_1_242' title='bbox 3459 1806 3613 1865; x_wconf 89' lang='lat' dir='ltr'><strong>sunt,</strong></span> 
     </span>
    </p>
   </div>
   <div class='ocr_carea' id='block_1_34' title="bbox 361 1877 1936 1968">
    <p class='ocr_par' dir='ltr' id='par_1_34' title="bbox 361 1877 1936 1968">
     <span class='ocr_line' id='line_1_34' title="bbox 361 1877 1936 1968; baseline -0.003 -19"><span class='ocrx_word' id='word_1_243' title='bbox 361 1877 492 1968; x_wconf 76' lang='grc' dir='ltr'><strong>περὶ</strong></span> <span class='ocrx_word' id='word_1_244' title='bbox 509 1877 726 1968; x_wconf 23' lang='grc' dir='ltr'><strong>*μηνῶν*</strong></span> <span class='ocrx_word' id='word_1_245' title='bbox 761 1913 822 1949; x_wconf 87' lang='grc' dir='ltr'><strong>τε</strong></span> <span class='ocrx_word' id='word_1_246' title='bbox 870 1896 964 1949; x_wconf 78' lang='grc' dir='ltr'><strong>καὶ</strong></span> <span class='ocrx_word' id='word_1_247' title='bbox 1012 1877 1233 1966; x_wconf 69' lang='grc' dir='ltr'><strong>ἡμερῶν</strong></span> <span class='ocrx_word' id='word_1_248' title='bbox 1256 1933 1270 1958; x_wconf 91' lang='grc'><strong>,</strong></span> <span class='ocrx_word' id='word_1_249' title='bbox 1317 1893 1413 1946; x_wconf 74' lang='grc' dir='ltr'><strong>καὶ</strong></span> <span class='ocrx_word' id='word_1_250' title='bbox 1461 1890 1707 1946; x_wconf 76' lang='grc' dir='ltr'><strong>ἐνιαυτοῦ</strong></span> <span class='ocrx_word' id='word_1_251' title='bbox 1729 1930 1746 1956; x_wconf 92' lang='grc'><strong>,</strong></span> <span class='ocrx_word' id='word_1_252' title='bbox 1795 1890 1936 1945; x_wconf 80' lang='grc' dir='ltr'><strong>οὔτω</strong></span> 
     </span>
    </p>
   </div>
   <div class='ocr_carea' id='block_1_35' title="bbox 2036 1877 3614 1968">
    <p class='ocr_par' dir='ltr' id='par_1_35' title="bbox 2039 1890 3614 1964">
     <span class='ocr_line' id='line_1_35' title="bbox 2039 1890 3614 1964; baseline -0.003 -16"><span class='ocrx_word' id='word_1_253' title='bbox 2039 1892 2194 1948; x_wconf 88' lang='lat' dir='ltr'><strong>nefas</strong></span> <span class='ocrx_word' id='word_1_254' title='bbox 2239 1894 2311 1949; x_wconf 91' lang='lat' dir='ltr'><strong>sit</strong></span> <span class='ocrx_word' id='word_1_255' title='bbox 2362 1894 2670 1950; x_wconf 85' lang='lat' dir='ltr'><strong>immutare.</strong></span> <span class='ocrx_word' id='word_1_256' title='bbox 2734 1892 3127 1964; x_wconf 87' lang='lat' dir='ltr'><strong>Superstitiose</strong></span> <span class='ocrx_word' id='word_1_257' title='bbox 3170 1905 3305 1945; x_wconf 86' lang='lat' dir='ltr'><strong>vero</strong></span> <span class='ocrx_word' id='word_1_258' title='bbox 3347 1900 3401 1946; x_wconf 91' lang='lat' dir='ltr'><strong>et</strong></span> <span class='ocrx_word' id='word_1_259' title='bbox 3452 1890 3614 1944; x_wconf 76' lang='lat' dir='ltr'><strong>anxie</strong></span> 
     </span>
    </p>
   </div>
   <div class='ocr_carea' id='block_1_36' title="bbox 364 1984 1158 2058">
    <p class='ocr_par' dir='ltr' id='par_1_36' title="bbox 364 1984 1158 2058">
     <span class='ocr_line' id='line_1_36' title="bbox 364 1984 1158 2058; baseline -0.006 -16"><span class='ocrx_word' id='word_1_260' title='bbox 364 1987 596 2058; x_wconf 78' lang='grc' dir='ltr'><strong>χρῆσθαι</strong></span> <span class='ocrx_word' id='word_1_261' title='bbox 622 1984 854 2057; x_wconf 79' lang='grc' dir='ltr'><strong>μάλιστα</strong></span> <span class='ocrx_word' id='word_1_262' title='bbox 879 1985 1158 2056; x_wconf 80' lang='grc' dir='ltr'><strong>ἀξιοῦμεν.</strong></span> 
     </span>
    </p>
   </div>
   <div class='ocr_carea' id='block_1_37' title="bbox 2040 1984 3616 2058">
    <p class='ocr_par' dir='ltr' id='par_1_37' title="bbox 2040 1984 3616 2058">
     <span class='ocr_line' id='line_1_37' title="bbox 2040 1984 3616 2058; baseline -0.004 -16"><span class='ocrx_word' id='word_1_263' title='bbox 2040 1999 2220 2056; x_wconf 74' lang='lat' dir='ltr'><strong>agere,</strong></span> <span class='ocrx_word' id='word_1_264' title='bbox 2250 1986 2395 2058; x_wconf 91' lang='lat' dir='ltr'><strong>quod</strong></span> <span class='ocrx_word' id='word_1_265' title='bbox 2434 1988 2647 2043; x_wconf 90' lang='lat' dir='ltr'><strong>nullum</strong></span> <span class='ocrx_word' id='word_1_266' title='bbox 2672 2003 2853 2053; x_wconf 90' lang='lat' dir='ltr'><strong>usum,</strong></span> <span class='ocrx_word' id='word_1_267' title='bbox 2885 1995 3284 2058; x_wconf 76' lang='lat' dir='ltr'><strong>cogentemque</strong></span> <span class='ocrx_word' id='word_1_268' title='bbox 3314 1984 3616 2042; x_wconf 85' lang='lat' dir='ltr'><strong>necessita-</strong></span> 
     </span>
    </p>
   </div>
   <div class='ocr_carea' id='block_1_38' title="bbox 362 2076 3614 2153">
    <p class='ocr_par' dir='ltr' id='par_1_38' title="bbox 362 2076 3614 2153">
     <span class='ocr_line' id='line_1_38' title="bbox 362 2076 3614 2153; baseline -0.002 -16"><span class='ocrx_word' id='word_1_269' title='bbox 362 2090 472 2137; x_wconf 88' lang='lat' dir='ltr'><strong>tem</strong></span> <span class='ocrx_word' id='word_1_270' title='bbox 503 2082 706 2137; x_wconf 88' lang='lat' dir='ltr'><strong>habet:</strong></span> <span class='ocrx_word' id='word_1_271' title='bbox 737 2080 792 2135; x_wconf 90' lang='lat' dir='ltr'><strong>id</strong></span> <span class='ocrx_word' id='word_1_272' title='bbox 822 2078 1414 2135; x_wconf 84' lang='lat' dir='ltr'><strong>redoletJudaismum.</strong></span> <span class='ocrx_word' id='word_1_273' title='bbox 1440 2076 1552 2133; x_wconf 81' lang='lat' dir='ltr'><strong>Nos</strong></span> <span class='ocrx_word' id='word_1_274' title='bbox 1588 2077 1757 2148; x_wconf 79' lang='lat' dir='ltr'><strong>igitur</strong></span> <span class='ocrx_word' id='word_1_275' title='bbox 1812 2079 2121 2145; x_wconf 87' lang='lat' dir='ltr'><strong>mensibus,</strong></span> <span class='ocrx_word' id='word_1_276' title='bbox 2156 2082 2354 2140; x_wconf 85' lang='lat' dir='ltr'><strong>diebus</strong></span> <span class='ocrx_word' id='word_1_277' title='bbox 2406 2090 2462 2139; x_wconf 89' lang='lat' dir='ltr'><strong>et</strong></span> <span class='ocrx_word' id='word_1_278' title='bbox 2510 2098 2658 2138; x_wconf 92' lang='lat' dir='ltr'><strong>anno</strong></span> <span class='ocrx_word' id='word_1_279' title='bbox 2719 2082 2801 2139; x_wconf 90' lang='lat' dir='ltr'><strong>sic</strong></span> <span class='ocrx_word' id='word_1_280' title='bbox 2842 2082 2922 2138; x_wconf 90' lang='lat' dir='ltr'><strong>uti</strong></span> <span class='ocrx_word' id='word_1_281' title='bbox 2961 2083 3196 2137; x_wconf 81' lang='lat' dir='ltr'><strong>maxime</strong></span> <span class='ocrx_word' id='word_1_282' title='bbox 3230 2082 3454 2153; x_wconf 79' lang='lat' dir='ltr'><strong>dignum</strong></span> <span class='ocrx_word' id='word_1_283' title='bbox 3510 2093 3614 2149; x_wconf 91' lang='lat' dir='ltr'><strong>pu-</strong></span> 
     </span>
    </p>
   </div>
   <div class='ocr_carea' id='block_1_39' title="bbox 365 2187 564 2231">
    <p class='ocr_par' dir='ltr' id='par_1_39' title="bbox 365 2187 564 2231">
     <span class='ocr_line' id='line_1_39' title="bbox 365 2187 564 2231; baseline -0.005 0"><span class='ocrx_word' id='word_1_284' title='bbox 365 2187 564 2231; x_wconf 82' lang='lat' dir='ltr'><strong>tamus.</strong></span> 
     </span>
    </p>
   </div>
   <div class='ocr_carea' id='block_1_40' title="bbox 409 2267 1871 2339">
    <p class='ocr_par' dir='ltr' id='par_1_40' title="bbox 409 2267 1871 2339">
     <span class='ocr_line' id='line_1_40' title="bbox 409 2267 1871 2339; baseline -0.001 -15"><span class='ocrx_word' id='word_1_285' title='bbox 409 2269 543 2337; x_wconf 85' lang='grc' dir='ltr'><strong>Πῶς</strong></span> <span class='ocrx_word' id='word_1_286' title='bbox 571 2269 668 2324; x_wconf 82' lang='grc' dir='ltr'><strong>δεῖ</strong></span> <span class='ocrx_word' id='word_1_287' title='bbox 686 2268 853 2339; x_wconf 72' lang='grc' dir='ltr'><strong>ἄγειν</strong></span> <span class='ocrx_word' id='word_1_288' title='bbox 881 2267 1020 2335; x_wconf 85' lang='grc' dir='ltr'><strong>τοὺς</strong></span> <span class='ocrx_word' id='word_1_289' title='bbox 1053 2268 1310 2337; x_wconf 81' lang='grc' dir='ltr'><strong>χρόνους</strong></span> <span class='ocrx_word' id='word_1_290' title='bbox 1337 2268 1466 2321; x_wconf 82' lang='grc' dir='ltr'><strong>κατ’</strong></span> <span class='ocrx_word' id='word_1_291' title='bbox 1508 2267 1871 2335; x_wconf 79' lang='grc' dir='ltr'><strong>Ἀθηναίους.</strong></span> 
     </span>
    </p>
   </div>
   <div class='ocr_carea' id='block_1_41' title="bbox 430 2422 1937 2496">
    <p class='ocr_par' dir='ltr' id='par_1_41' title="bbox 430 2422 1937 2496">
     <span class='ocr_line' id='line_1_41' title="bbox 430 2422 1937 2496; baseline 0.002 -20"><span class='ocrx_word' id='word_1_292' title='bbox 430 2424 538 2476; x_wconf 82' lang='lat' dir='ltr'><strong>lH&#39;.</strong></span> <span class='ocrx_word' id='word_1_293' title='bbox 575 2424 637 2476; x_wconf 84' lang='grc' dir='ltr'><strong>Εί</strong></span> <span class='ocrx_word' id='word_1_294' title='bbox 663 2423 719 2476; x_wconf 89' lang='grc' dir='ltr'><strong>δέ</strong></span> <span class='ocrx_word' id='word_1_295' title='bbox 748 2441 826 2494; x_wconf 84' lang='grc' dir='ltr'><strong>τῳ</strong></span> <span class='ocrx_word' id='word_1_296' title='bbox 857 2422 1103 2494; x_wconf 81' lang='grc' dir='ltr'><strong>διαφέροι</strong></span> <span class='ocrx_word' id='word_1_297' title='bbox 1129 2423 1285 2491; x_wconf 77' lang='grc' dir='ltr'><strong>ἄγειν</strong></span> <span class='ocrx_word' id='word_1_298' title='bbox 1312 2423 1387 2487; x_wconf 88' lang='grc' dir='ltr'><strong>ὡς</strong></span> <span class='ocrx_word' id='word_1_299' title='bbox 1426 2422 1720 2493; x_wconf 83' lang='grc' dir='ltr'><strong>Ἀθηναῖοι,</strong></span> <span class='ocrx_word' id='word_1_300' title='bbox 1747 2427 1813 2496; x_wconf 80' lang='grc' dir='ltr'><strong>τῇ</strong></span> <span class='ocrx_word' id='word_1_301' title='bbox 1839 2424 1937 2494; x_wconf 84' lang='grc' dir='ltr'><strong>μὲν</strong></span> 
     </span>
    </p>
   </div>
   <div class='ocr_carea' id='block_1_42' title="bbox 2031 2262 3613 2334">
    <p class='ocr_par' dir='ltr' id='par_1_42' title="bbox 2031 2262 3613 2334">
     <span class='ocr_line' id='line_1_42' title="bbox 2031 2262 3613 2334; baseline -0.001 -15"><span class='ocrx_word' id='word_1_302' title='bbox 2031 2264 2307 2333; x_wconf 84' lang='lat' dir='ltr'><strong>Quomodo</strong></span> <span class='ocrx_word' id='word_1_303' title='bbox 2347 2265 2637 2321; x_wconf 77' lang='lat' dir='ltr'><strong>secundum</strong></span> <span class='ocrx_word' id='word_1_304' title='bbox 2676 2263 3015 2320; x_wconf 73' lang='lat' dir='ltr'><strong>Athenienses</strong></span> <span class='ocrx_word' id='word_1_305' title='bbox 3061 2262 3266 2334; x_wconf 82' lang='lat' dir='ltr'><strong>agenda</strong></span> <span class='ocrx_word' id='word_1_306' title='bbox 3307 2271 3431 2319; x_wconf 72' lang='lat' dir='ltr'><strong>sunt</strong></span> <span class='ocrx_word' id='word_1_307' title='bbox 3478 2272 3613 2319; x_wconf 72' lang='lat' dir='ltr'><strong>tem-</strong></span> 
     </span>
    </p>
   </div>
   <div class='ocr_carea' id='block_1_43' title="bbox 2742 2352 2894 2405">
    <p class='ocr_par' dir='ltr' id='par_1_43' title="bbox 2742 2352 2894 2405">
     <span class='ocr_line' id='line_1_43' title="bbox 2742 2352 2894 2405; baseline -0.007 -15"><span class='ocrx_word' id='word_1_308' title='bbox 2742 2352 2894 2405; x_wconf 86' lang='lat' dir='ltr'><strong>pora.</strong></span> 
     </span>
    </p>
   </div>
   <div class='ocr_carea' id='block_1_44' title="bbox 2101 2423 3614 2496">
    <p class='ocr_par' dir='ltr' id='par_1_44' title="bbox 2101 2423 3614 2496">
     <span class='ocr_line' id='line_1_44' title="bbox 2101 2423 3614 2496; baseline 0.002 -16"><span class='ocrx_word' id='word_1_309' title='bbox 2101 2423 2288 2481; x_wconf 79' lang='lat' dir='ltr'><strong>XVIII.</strong></span> <span class='ocrx_word' id='word_1_310' title='bbox 2326 2425 2482 2493; x_wconf 85' lang='lat' dir='ltr'><strong>Quod</strong></span> <span class='ocrx_word' id='word_1_311' title='bbox 2518 2427 2565 2484; x_wconf 90' lang='lat' dir='ltr'><strong>si</strong></span> <span class='ocrx_word' id='word_1_312' title='bbox 2598 2427 2759 2496; x_wconf 87' lang='lat' dir='ltr'><strong>cujus</strong></span> <span class='ocrx_word' id='word_1_313' title='bbox 2799 2426 3091 2482; x_wconf 88' lang='lat' dir='ltr'><strong>interesset</strong></span> <span class='ocrx_word' id='word_1_314' title='bbox 3120 2424 3421 2481; x_wconf 88' lang='lat' dir='ltr'><strong>secundum</strong></span> <span class='ocrx_word' id='word_1_315' title='bbox 3444 2425 3614 2483; x_wconf 85' lang='lat' dir='ltr'><strong>Athe-</strong></span> 
     </span>
    </p>
   </div>
   <div class='ocr_carea' id='block_1_45' title="bbox 360 2513 1936 2590">
    <p class='ocr_par' dir='ltr' id='par_1_45' title="bbox 360 2513 1936 2587">
     <span class='ocr_line' id='line_1_45' title="bbox 360 2513 1936 2587; baseline 0.001 -20"><span class='ocrx_word' id='word_1_316' title='bbox 360 2513 510 2578; x_wconf 76' lang='grc' dir='ltr'><strong>τάξει</strong></span> <span class='ocrx_word' id='word_1_317' title='bbox 539 2516 798 2585; x_wconf 87' lang='grc' dir='ltr'><strong>χρήσεται</strong></span> <span class='ocrx_word' id='word_1_318' title='bbox 823 2515 887 2586; x_wconf 84' lang='grc' dir='ltr'><strong>δὴ</strong></span> <span class='ocrx_word' id='word_1_319' title='bbox 918 2518 984 2585; x_wconf 82' lang='grc' dir='ltr'><strong>τῇ</strong></span> <span class='ocrx_word' id='word_1_320' title='bbox 1016 2513 1403 2587; x_wconf 82' lang='grc' dir='ltr'><strong>ὲπιδειχθείσῃ,</strong></span> <span class='ocrx_word' id='word_1_321' title='bbox 1433 2514 1487 2567; x_wconf 83' lang='grc' dir='ltr'><strong>εῐ</strong></span> <span class='ocrx_word' id='word_1_322' title='bbox 1514 2532 1569 2568; x_wconf 89' lang='grc' dir='ltr'><strong>τι</strong></span> <span class='ocrx_word' id='word_1_323' title='bbox 1602 2518 1630 2569; x_wconf 88' lang='grc' dir='ltr'>ὁ</span> <span class='ocrx_word' id='word_1_324' title='bbox 1665 2514 1819 2584; x_wconf 84' lang='grc' dir='ltr'>λόγος</span> <span class='ocrx_word' id='word_1_325' title='bbox 1849 2516 1936 2570; x_wconf 82' lang='grc' dir='ltr'><strong>ὅδε</strong></span> 
     </span>
    </p>
   </div>
   <div class='ocr_carea' id='block_1_46' title="bbox 2036 2513 3611 2590">
    <p class='ocr_par' dir='ltr' id='par_1_46' title="bbox 2036 2518 3611 2590">
     <span class='ocr_line' id='line_1_46' title="bbox 2036 2518 3611 2590; baseline -0.002 -17"><span class='ocrx_word' id='word_1_326' title='bbox 2036 2518 2251 2575; x_wconf 89' lang='lat' dir='ltr'><strong>nienses</strong></span> <span class='ocrx_word' id='word_1_327' title='bbox 2289 2534 2471 2590; x_wconf 77' lang='lat' dir='ltr'><strong>agere,</strong></span> <span class='ocrx_word' id='word_1_328' title='bbox 2499 2518 2693 2575; x_wconf 89' lang='lat' dir='ltr'><strong>ordine</strong></span> <span class='ocrx_word' id='word_1_329' title='bbox 2726 2518 2947 2590; x_wconf 90' lang='lat' dir='ltr'><strong>quidem</strong></span> <span class='ocrx_word' id='word_1_330' title='bbox 2979 2526 3165 2573; x_wconf 87' lang='lat' dir='ltr'><strong>utetur</strong></span> <span class='ocrx_word' id='word_1_331' title='bbox 3193 2518 3611 2573; x_wconf 83' lang='lat' dir='ltr'><strong>demonstrato:</strong></span> 
     </span>
    </p>
   </div>
   <div class='ocr_carea' id='block_1_47' title="bbox 359 2605 1936 2679">
    <p class='ocr_par' dir='ltr' id='par_1_47' title="bbox 359 2605 1934 2679">
     <span class='ocr_line' id='line_1_47' title="bbox 359 2605 1934 2679; baseline 0.001 -19"><span class='ocrx_word' id='word_1_332' title='bbox 359 2608 578 2675; x_wconf 81' lang='grc' dir='ltr'><strong>διαιρεῖ·</strong></span> <span class='ocrx_word' id='word_1_333' title='bbox 604 2608 777 2677; x_wconf 86' lang='grc' dir='ltr'><strong>ἀρχὴν</strong></span> <span class='ocrx_word' id='word_1_334' title='bbox 797 2608 853 2660; x_wconf 86' lang='grc' dir='ltr'><strong>δὲ</strong></span> <span class='ocrx_word' id='word_1_335' title='bbox 869 2606 1035 2673; x_wconf 78' lang='grc' dir='ltr'><strong>τάξας</strong></span> <span class='ocrx_word' id='word_1_336' title='bbox 1056 2605 1151 2660; x_wconf 78' lang='grc' dir='ltr'><strong>τοῦ</strong></span> <span class='ocrx_word' id='word_1_337' title='bbox 1172 2607 1327 2670; x_wconf 78' lang='grc' dir='ltr'><strong>ἔτους</strong></span> <span class='ocrx_word' id='word_1_338' title='bbox 1346 2606 1444 2672; x_wconf 85' lang='grc' dir='ltr'><strong>τὰς</strong></span> <span class='ocrx_word' id='word_1_339' title='bbox 1469 2606 1686 2678; x_wconf 80' lang='grc' dir='ltr'><strong>θερινὰς</strong></span> <span class='ocrx_word' id='word_1_340' title='bbox 1706 2607 1934 2679; x_wconf 73' lang='grc' dir='ltr'><strong>τροπὰς,</strong></span> 
     </span>
    </p>
   </div>
   <div class='ocr_carea' id='block_1_48' title="bbox 2036 2605 3612 2679">
    <p class='ocr_par' dir='ltr' id='par_1_48' title="bbox 2036 2606 3612 2679">
     <span class='ocr_line' id='line_1_48' title="bbox 2036 2606 3612 2679; baseline -0.002 -13"><span class='ocrx_word' id='word_1_341' title='bbox 2036 2608 2080 2666; x_wconf 85' lang='lat' dir='ltr'><strong>si</strong></span> <span class='ocrx_word' id='word_1_342' title='bbox 2112 2609 2243 2679; x_wconf 92' lang='lat' dir='ltr'><strong>quid</strong></span> <span class='ocrx_word' id='word_1_343' title='bbox 2270 2608 2479 2664; x_wconf 89' lang='lat' dir='ltr'><strong>ordinis</strong></span> <span class='ocrx_word' id='word_1_344' title='bbox 2508 2609 2760 2679; x_wconf 66' lang='lat' dir='ltr'><strong>praesenti</strong></span> <span class='ocrx_word' id='word_1_345' title='bbox 2801 2622 3057 2664; x_wconf 89' lang='lat' dir='ltr'><strong>sermone</strong></span> <span class='ocrx_word' id='word_1_346' title='bbox 3082 2606 3366 2663; x_wconf 89' lang='lat' dir='ltr'><strong>consecuti</strong></span> <span class='ocrx_word' id='word_1_347' title='bbox 3398 2622 3612 2663; x_wconf 89' lang='lat' dir='ltr'><strong>sumus.</strong></span> 
     </span>
    </p>
   </div>
   <div class='ocr_carea' id='block_1_49' title="bbox 358 2695 1936 2770">
    <p class='ocr_par' dir='ltr' id='par_1_49' title="bbox 358 2696 1936 2770">
     <span class='ocr_line' id='line_1_49' title="bbox 358 2696 1936 2770; baseline 0.001 -21"><span class='ocrx_word' id='word_1_348' title='bbox 358 2699 499 2768; x_wconf 83' lang='grc' dir='ltr'><strong>ὑριεῖ</strong></span> <span class='ocrx_word' id='word_1_349' title='bbox 524 2696 632 2749; x_wconf 90' lang='grc' dir='ltr'><strong>τῶν</strong></span> <span class='ocrx_word' id='word_1_350' title='bbox 660 2696 845 2768; x_wconf 82' lang='grc' dir='ltr'><strong>μηνῶν</strong></span> <span class='ocrx_word' id='word_1_351' title='bbox 876 2698 1001 2761; x_wconf 76' lang='grc' dir='ltr'><strong>τοὺς</strong></span> <span class='ocrx_word' id='word_1_352' title='bbox 1031 2697 1130 2769; x_wconf 79' lang='grc' dir='ltr'><strong>μὲν</strong></span> <span class='ocrx_word' id='word_1_353' title='bbox 1158 2696 1656 2770; x_wconf 85' lang='grc' dir='ltr'><strong>τριακονθημέρους</strong></span> <span class='ocrx_word' id='word_1_354' title='bbox 1679 2700 1773 2751; x_wconf 72' lang='grc' dir='ltr'><strong>καὶ</strong></span> <span class='ocrx_word' id='word_1_355' title='bbox 1800 2698 1936 2769; x_wconf 88' lang='grc' dir='ltr'><strong>πλή-</strong></span> 
     </span>
    </p>
   </div>
   <div class='ocr_carea' id='block_1_50' title="bbox 2036 2695 3615 2770">
    <p class='ocr_par' dir='ltr' id='par_1_50' title="bbox 2036 2695 3615 2768">
     <span class='ocr_line' id='line_1_50' title="bbox 2036 2695 3615 2768; baseline 0.003 -20"><span class='ocrx_word' id='word_1_356' title='bbox 2036 2695 2235 2752; x_wconf 88' lang='lat' dir='ltr'><strong>Verum</strong></span> <span class='ocrx_word' id='word_1_357' title='bbox 2265 2707 2550 2768; x_wconf 87' lang='lat' dir='ltr'><strong>postquam</strong></span> <span class='ocrx_word' id='word_1_358' title='bbox 2575 2699 2645 2754; x_wconf 91' lang='lat' dir='ltr'><strong>ab</strong></span> <span class='ocrx_word' id='word_1_359' title='bbox 2668 2699 2857 2753; x_wconf 77' lang='lat' dir='ltr'><strong>aestivo</strong></span> <span class='ocrx_word' id='word_1_360' title='bbox 2911 2698 3151 2753; x_wconf 83' lang='lat' dir='ltr'><strong>solstitio</strong></span> <span class='ocrx_word' id='word_1_361' title='bbox 3216 2697 3348 2751; x_wconf 90' lang='lat' dir='ltr'><strong>anni</strong></span> <span class='ocrx_word' id='word_1_362' title='bbox 3407 2697 3615 2767; x_wconf 85' lang='lat' dir='ltr'><strong>princi-</strong></span> 
     </span>
    </p>
   </div>
   <div class='ocr_carea' id='block_1_51' title="bbox 361 2788 1936 2863">
    <p class='ocr_par' dir='ltr' id='par_1_51' title="bbox 361 2788 1936 2863">
     <span class='ocr_line' id='line_1_51' title="bbox 361 2788 1936 2863; baseline 0.001 -23"><span class='ocrx_word' id='word_1_363' title='bbox 361 2806 496 2859; x_wconf 86' lang='grc' dir='ltr'><strong>ρεις,</strong></span> <span class='ocrx_word' id='word_1_364' title='bbox 546 2789 673 2852; x_wconf 82' lang='grc' dir='ltr'><strong>τοὺς</strong></span> <span class='ocrx_word' id='word_1_365' title='bbox 712 2790 768 2842; x_wconf 84' lang='grc' dir='ltr'><strong>δὲ</strong></span> <span class='ocrx_word' id='word_1_366' title='bbox 806 2791 904 2861; x_wconf 74' lang='grc' dir='ltr'><strong>μιᾷ</strong></span> <span class='ocrx_word' id='word_1_367' title='bbox 940 2790 1048 2843; x_wconf 90' lang='grc' dir='ltr'><strong>τῶν</strong></span> <span class='ocrx_word' id='word_1_368' title='bbox 1100 2790 1302 2861; x_wconf 83' lang='grc' dir='ltr'><strong>ἑτέρων</strong></span> <span class='ocrx_word' id='word_1_369' title='bbox 1358 2788 1709 2859; x_wconf 79' lang='grc' dir='ltr'><strong>λειπομένους</strong></span> <span class='ocrx_word' id='word_1_370' title='bbox 1752 2790 1936 2863; x_wconf 71' lang='grc' dir='ltr'><strong>ἡμέρᾳ</strong></span> 
     </span>
    </p>
   </div>
   <div class='ocr_carea' id='block_1_52' title="bbox 2036 2788 3615 2863">
    <p class='ocr_par' dir='ltr' id='par_1_52' title="bbox 2036 2789 3615 2860">
     <span class='ocr_line' id='line_1_52' title="bbox 2036 2789 3615 2860; baseline 0.001 -17"><span class='ocrx_word' id='word_1_371' title='bbox 2036 2789 2186 2860; x_wconf 90' lang='lat' dir='ltr'><strong>pium</strong></span> <span class='ocrx_word' id='word_1_372' title='bbox 2215 2790 2569 2854; x_wconf 84' lang='lat' dir='ltr'><strong>ordinaverit,</strong></span> <span class='ocrx_word' id='word_1_373' title='bbox 2601 2789 2871 2846; x_wconf 89' lang='lat' dir='ltr'><strong>mensium</strong></span> <span class='ocrx_word' id='word_1_374' title='bbox 2898 2789 3173 2846; x_wconf 74' lang='lat' dir='ltr'><strong>describat</strong></span> <span class='ocrx_word' id='word_1_375' title='bbox 3202 2790 3341 2845; x_wconf 89' lang='lat' dir='ltr'><strong>alios</strong></span> <span class='ocrx_word' id='word_1_376' title='bbox 3372 2790 3615 2846; x_wconf 87' lang='lat' dir='ltr'><strong>tricena-</strong></span> 
     </span>
    </p>
   </div>
   <div class='ocr_carea' id='block_1_53' title="bbox 359 2870 1936 2953">
    <p class='ocr_par' dir='ltr' id='par_1_53' title="bbox 359 2870 1933 2953">
     <span class='ocr_line' id='line_1_53' title="bbox 359 2870 1933 2953; baseline 0 -19"><span class='ocrx_word' id='word_1_377' title='bbox 359 2880 587 2945; x_wconf 81' lang='grc' dir='ltr'><strong>ἐναλλὰξ</strong></span> <span class='ocrx_word' id='word_1_378' title='bbox 613 2870 742 2952; x_wconf 77' lang='grc' dir='ltr'><strong>παρ’</strong></span> <span class='ocrx_word' id='word_1_379' title='bbox 770 2880 886 2943; x_wconf 71' lang='grc' dir='ltr'><strong>ἕνα,</strong></span> <span class='ocrx_word' id='word_1_380' title='bbox 926 2881 1262 2952; x_wconf 85' lang='grc' dir='ltr'><strong>ὼςήμίσεὼς</strong></span> <span class='ocrx_word' id='word_1_381' title='bbox 1311 2898 1413 2933; x_wconf 89' lang='grc' dir='ltr'><strong>που</strong></span> <span class='ocrx_word' id='word_1_382' title='bbox 1464 2881 1731 2944; x_wconf 75' lang='grc' dir='ltr'><strong>ἐνδέοντος</strong></span> <span class='ocrx_word' id='word_1_383' title='bbox 1784 2884 1933 2953; x_wconf 83' lang='grc' dir='ltr'><strong>μιᾶς,</strong></span> 
     </span>
    </p>
   </div>
   <div class='ocr_carea' id='block_1_54' title="bbox 2036 2870 3614 2953">
    <p class='ocr_par' dir='ltr' id='par_1_54' title="bbox 2036 2880 3614 2952">
     <span class='ocr_line' id='line_1_54' title="bbox 2036 2880 3614 2952; baseline -0.001 -15"><span class='ocrx_word' id='word_1_384' title='bbox 2036 2882 2149 2938; x_wconf 86' lang='lat' dir='ltr'><strong>rios</strong></span> <span class='ocrx_word' id='word_1_385' title='bbox 2175 2889 2230 2938; x_wconf 89' lang='lat' dir='ltr'><strong>et</strong></span> <span class='ocrx_word' id='word_1_386' title='bbox 2262 2882 2473 2952; x_wconf 89' lang='lat' dir='ltr'><strong>plenos,</strong></span> <span class='ocrx_word' id='word_1_387' title='bbox 2513 2881 2654 2936; x_wconf 85' lang='lat' dir='ltr'><strong>alios</strong></span> <span class='ocrx_word' id='word_1_388' title='bbox 2709 2896 2837 2936; x_wconf 89' lang='lat' dir='ltr'><strong>vero</strong></span> <span class='ocrx_word' id='word_1_389' title='bbox 2866 2895 2976 2935; x_wconf 89' lang='lat' dir='ltr'><strong>uno</strong></span> <span class='ocrx_word' id='word_1_390' title='bbox 3017 2881 3106 2935; x_wconf 90' lang='lat' dir='ltr'><strong>die</strong></span> <span class='ocrx_word' id='word_1_391' title='bbox 3136 2881 3319 2935; x_wconf 89' lang='lat' dir='ltr'><strong>minus</strong></span> <span class='ocrx_word' id='word_1_392' title='bbox 3367 2880 3490 2936; x_wconf 86' lang='lat' dir='ltr'><strong>aliis</strong></span> <span class='ocrx_word' id='word_1_393' title='bbox 3533 2881 3614 2935; x_wconf 80' lang='lat' dir='ltr'><strong>al—</strong></span> 
     </span>
    </p>
   </div>
   <div class='ocr_carea' id='block_1_55' title="bbox 360 2966 1936 3043">
    <p class='ocr_par' dir='ltr' id='par_1_55' title="bbox 360 2967 1936 3043">
     <span class='ocr_line' id='line_1_55' title="bbox 360 2967 1936 3043; baseline -0.001 -20"><span class='ocrx_word' id='word_1_394' title='bbox 360 2971 496 3041; x_wconf 85' lang='grc' dir='ltr'><strong>πρὸς</strong></span> <span class='ocrx_word' id='word_1_395' title='bbox 510 2971 570 3023; x_wconf 85' lang='grc' dir='ltr'><strong>τὸ</strong></span> <span class='ocrx_word' id='word_1_396' title='bbox 605 2971 1067 3042; x_wconf 85' lang='grc' dir='ltr'><strong>τριακονθήμερον</strong></span> <span class='ocrx_word' id='word_1_397' title='bbox 1112 2967 1248 3023; x_wconf 82' lang='grc' dir='ltr'><strong>εἶναι</strong></span> <span class='ocrx_word' id='word_1_398' title='bbox 1286 2970 1377 3024; x_wconf 86' lang='grc' dir='ltr'><strong>τὸν</strong></span> <span class='ocrx_word' id='word_1_399' title='bbox 1417 2971 1515 3042; x_wconf 82' lang='grc' dir='ltr'><strong>τῆς</strong></span> <span class='ocrx_word' id='word_1_400' title='bbox 1565 2970 1793 3041; x_wconf 80' lang='grc' dir='ltr'><strong>σελήνης</strong></span> <span class='ocrx_word' id='word_1_401' title='bbox 1832 2988 1936 3043; x_wconf 82' lang='grc' dir='ltr'><strong>μη-</strong></span> 
     </span>
    </p>
   </div>
   <div class='ocr_carea' id='block_1_56' title="bbox 2036 2966 3609 3043">
    <p class='ocr_par' dir='ltr' id='par_1_56' title="bbox 2036 2966 3609 3038">
     <span class='ocr_line' id='line_1_56' title="bbox 2036 2966 3609 3038; baseline -0.004 -10"><span class='ocrx_word' id='word_1_402' title='bbox 2036 2971 2209 3028; x_wconf 90' lang='lat' dir='ltr'><strong>ternis</strong></span> <span class='ocrx_word' id='word_1_403' title='bbox 2245 2971 2459 3026; x_wconf 80' lang='lat' dir='ltr'><strong>vicibus</strong></span> <span class='ocrx_word' id='word_1_404' title='bbox 2507 2984 2738 3034; x_wconf 81' lang='lat' dir='ltr'><strong>censos;</strong></span> <span class='ocrx_word' id='word_1_405' title='bbox 2801 2967 2958 3038; x_wconf 87' lang='lat' dir='ltr'><strong>quasi</strong></span> <span class='ocrx_word' id='word_1_406' title='bbox 3011 2966 3298 3022; x_wconf 89' lang='lat' dir='ltr'><strong>deficiente</strong></span> <span class='ocrx_word' id='word_1_407' title='bbox 3323 2967 3432 3021; x_wconf 90' lang='lat' dir='ltr'><strong>diei</strong></span> <span class='ocrx_word' id='word_1_408' title='bbox 3462 2977 3609 3022; x_wconf 78' lang='lat' dir='ltr'><strong>certe</strong></span> 
     </span>
    </p>
   </div>
   <div class='ocr_carea' id='block_1_57' title="bbox 360 3056 1936 3132">
    <p class='ocr_par' dir='ltr' id='par_1_57' title="bbox 360 3059 1936 3132">
     <span class='ocr_line' id='line_1_57' title="bbox 360 3059 1936 3132; baseline 0.001 -19"><span class='ocrx_word' id='word_1_409' title='bbox 360 3063 529 3113; x_wconf 84' lang='grc' dir='ltr'><strong>νιαῖον</strong></span> <span class='ocrx_word' id='word_1_410' title='bbox 562 3061 770 3132; x_wconf 84' lang='grc' dir='ltr'><strong>χρόνον.</strong></span> <span class='ocrx_word' id='word_1_411' title='bbox 809 3059 1194 3131; x_wconf 85' lang='grc' dir='ltr'><strong>Ἀριθμήσεται</strong></span> <span class='ocrx_word' id='word_1_412' title='bbox 1221 3060 1278 3113; x_wconf 86' lang='grc' dir='ltr'><strong>δὲ</strong></span> <span class='ocrx_word' id='word_1_413' title='bbox 1305 3059 1404 3122; x_wconf 87' lang='grc' dir='ltr'><strong>τάς</strong></span> <span class='ocrx_word' id='word_1_414' title='bbox 1431 3059 1641 3131; x_wconf 80' lang='grc' dir='ltr'><strong>ἡμέρας</strong></span> <span class='ocrx_word' id='word_1_415' title='bbox 1682 3059 1810 3130; x_wconf 85' lang='grc' dir='ltr'><strong>ἄχρι</strong></span> <span class='ocrx_word' id='word_1_416' title='bbox 1836 3060 1936 3130; x_wconf 83' lang='grc' dir='ltr'><strong>τῆς</strong></span> 
     </span>
    </p>
   </div>
   <div class='ocr_carea' id='block_1_58' title="bbox 2036 3056 3612 3132">
    <p class='ocr_par' dir='ltr' id='par_1_58' title="bbox 2036 3056 3612 3127">
     <span class='ocr_line' id='line_1_58' title="bbox 2036 3056 3612 3127; baseline -0.005 -10"><span class='ocrx_word' id='word_1_417' title='bbox 2036 3061 2282 3127; x_wconf 89' lang='lat' dir='ltr'><strong>dimidio,</strong></span> <span class='ocrx_word' id='word_1_418' title='bbox 2340 3068 2398 3114; x_wconf 93' lang='lat' dir='ltr'><strong>ut</strong></span> <span class='ocrx_word' id='word_1_419' title='bbox 2455 3067 2795 3114; x_wconf 91' lang='lat' dir='ltr'><strong>menstruum</strong></span> <span class='ocrx_word' id='word_1_420' title='bbox 2834 3058 2976 3111; x_wconf 72' lang='lat' dir='ltr'><strong>lunae</strong></span> <span class='ocrx_word' id='word_1_421' title='bbox 3000 3064 3212 3126; x_wconf 85' lang='lat' dir='ltr'><strong>tempus</strong></span> <span class='ocrx_word' id='word_1_422' title='bbox 3245 3056 3315 3112; x_wconf 90' lang='lat' dir='ltr'><strong>sit</strong></span> <span class='ocrx_word' id='word_1_423' title='bbox 3343 3056 3612 3110; x_wconf 87' lang='lat' dir='ltr'><strong>tricenum</strong></span> 
     </span>
    </p>
   </div>
   <div class='ocr_carea' id='block_1_59' title="bbox 361 3145 1936 3223">
    <p class='ocr_par' dir='ltr' id='par_1_59' title="bbox 361 3145 1934 3219">
     <span class='ocr_line' id='line_1_59' title="bbox 361 3145 1934 3219; baseline -0.001 -19"><span class='ocrx_word' id='word_1_424' title='bbox 361 3149 629 3219; x_wconf 74' lang='grc' dir='ltr'><strong>εἰκοστῆς,</strong></span> <span class='ocrx_word' id='word_1_425' title='bbox 679 3147 739 3200; x_wconf 82' lang='grc' dir='ltr'><strong>ὃν</strong></span> <span class='ocrx_word' id='word_1_426' title='bbox 787 3149 996 3219; x_wconf 75' lang='grc' dir='ltr'><strong>εἴρηται</strong></span> <span class='ocrx_word' id='word_1_427' title='bbox 1046 3149 1266 3219; x_wconf 87' lang='grc' dir='ltr'><strong>τρόπον·</strong></span> <span class='ocrx_word' id='word_1_428' title='bbox 1311 3145 1445 3217; x_wconf 87' lang='grc' dir='ltr'><strong>μετά</strong></span> <span class='ocrx_word' id='word_1_429' title='bbox 1483 3147 1542 3200; x_wconf 80' lang='grc' dir='ltr'><strong>δὲ</strong></span> <span class='ocrx_word' id='word_1_430' title='bbox 1577 3146 1801 3219; x_wconf 82' lang='grc' dir='ltr'><strong>ταύτην,</strong></span> <span class='ocrx_word' id='word_1_431' title='bbox 1849 3147 1934 3200; x_wconf 83' lang='grc' dir='ltr'><strong>δε-</strong></span> 
     </span>
    </p>
   </div>
   <div class='ocr_carea' id='block_1_60' title="bbox 2036 3145 3616 3223">
    <p class='ocr_par' dir='ltr' id='par_1_60' title="bbox 2036 3148 3616 3223">
     <span class='ocr_line' id='line_1_60' title="bbox 2036 3148 3616 3223; baseline -0.006 -12"><span class='ocrx_word' id='word_1_432' title='bbox 2036 3155 2268 3211; x_wconf 82' lang='lat' dir='ltr'><strong>dierum.</strong></span> <span class='ocrx_word' id='word_1_433' title='bbox 2302 3151 2697 3223; x_wconf 84' lang='lat' dir='ltr'><strong>Supputabitur</strong></span> <span class='ocrx_word' id='word_1_434' title='bbox 2733 3158 2913 3205; x_wconf 90' lang='lat' dir='ltr'><strong>autem</strong></span> <span class='ocrx_word' id='word_1_435' title='bbox 2943 3149 3154 3204; x_wconf 87' lang='lat' dir='ltr'><strong>dierum</strong></span> <span class='ocrx_word' id='word_1_436' title='bbox 3183 3148 3346 3212; x_wconf 85' lang='lat' dir='ltr'><strong>ratio,</strong></span> <span class='ocrx_word' id='word_1_437' title='bbox 3382 3162 3492 3219; x_wconf 89' lang='lat' dir='ltr'><strong>quo</strong></span> <span class='ocrx_word' id='word_1_438' title='bbox 3519 3162 3616 3202; x_wconf 83' lang='lat' dir='ltr'><strong>su-</strong></span> 
     </span>
    </p>
   </div>
   <div class='ocr_carea' id='block_1_61' title="bbox 362 3232 1933 3309">
    <p class='ocr_par' dir='ltr' id='par_1_61' title="bbox 362 3232 1933 3309">
     <span class='ocr_line' id='line_1_61' title="bbox 362 3232 1933 3309; baseline -0.001 -17"><span class='ocrx_word' id='word_1_439' title='bbox 362 3239 532 3309; x_wconf 86' lang='grc' dir='ltr'><strong>κάτην</strong></span> <span class='ocrx_word' id='word_1_440' title='bbox 564 3238 859 3308; x_wconf 85' lang='grc' dir='ltr'><strong>φθίνοντος,</strong></span> <span class='ocrx_word' id='word_1_441' title='bbox 896 3238 945 3290; x_wconf 87' lang='grc' dir='ltr'><strong>εί</strong></span> <span class='ocrx_word' id='word_1_442' title='bbox 974 3237 1184 3308; x_wconf 86' lang='grc' dir='ltr'><strong>πλήρης</strong></span> <span class='ocrx_word' id='word_1_443' title='bbox 1220 3240 1248 3289; x_wconf 92' lang='grc' dir='ltr'>ὀ</span> <span class='ocrx_word' id='word_1_444' title='bbox 1278 3238 1405 3308; x_wconf 88' lang='grc' dir='ltr'><strong>μήν·</strong></span> <span class='ocrx_word' id='word_1_445' title='bbox 1446 3232 1564 3290; x_wconf 81' lang='grc' dir='ltr'><strong>εἶτα</strong></span> <span class='ocrx_word' id='word_1_446' title='bbox 1596 3238 1811 3308; x_wconf 80' lang='grc' dir='ltr'><strong>ἐνάτην,</strong></span> <span class='ocrx_word' id='word_1_447' title='bbox 1840 3238 1933 3291; x_wconf 60' lang='grc' dir='ltr'><strong>καὶ¹</strong></span> 
     </span>
    </p>
   </div>
   <div class='ocr_carea' id='block_1_62' title="bbox 362 3328 1934 3401">
    <p class='ocr_par' dir='ltr' id='par_1_62' title="bbox 362 3328 1934 3401">
     <span class='ocr_line' id='line_1_62' title="bbox 362 3328 1934 3401; baseline 0 -19"><span class='ocrx_word' id='word_1_448' title='bbox 362 3330 489 3401; x_wconf 78' lang='grc' dir='ltr'><strong>ἑξῆς</strong></span> <span class='ocrx_word' id='word_1_449' title='bbox 533 3329 886 3401; x_wconf 83' lang='grc' dir='ltr'><strong>ἀναστρέφων</strong></span> <span class='ocrx_word' id='word_1_450' title='bbox 928 3328 1055 3400; x_wconf 82' lang='grc' dir='ltr'><strong>ἄχρι</strong></span> <span class='ocrx_word' id='word_1_451' title='bbox 1099 3329 1373 3401; x_wconf 87' lang='grc' dir='ltr'><strong>δευτέρας·</strong></span> <span class='ocrx_word' id='word_1_452' title='bbox 1421 3329 1537 3400; x_wconf 90' lang='grc' dir='ltr'><strong>μεθ’</strong></span> <span class='ocrx_word' id='word_1_453' title='bbox 1574 3329 1641 3400; x_wconf 78' lang='grc' dir='ltr'><strong>ἦν</strong></span> <span class='ocrx_word' id='word_1_454' title='bbox 1678 3329 1804 3400; x_wconf 75' lang='grc' dir='ltr'><strong>ἕνην</strong></span> <span class='ocrx_word' id='word_1_455' title='bbox 1840 3330 1934 3383; x_wconf 68' lang='grc' dir='ltr'><strong>καλ⁸</strong></span> 
     </span>
    </p>
   </div>
   <div class='ocr_carea' id='block_1_63' title="bbox 361 3419 1933 3491">
    <p class='ocr_par' dir='ltr' id='par_1_63' title="bbox 361 3419 1933 3491">
     <span class='ocr_line' id='line_1_63' title="bbox 361 3419 1933 3491; baseline 0.001 -18"><span class='ocrx_word' id='word_1_456' title='bbox 361 3422 505 3475; x_wconf 88' lang='grc' dir='ltr'><strong>νέαν.</strong></span> <span class='ocrx_word' id='word_1_457' title='bbox 542 3422 606 3475; x_wconf 78' lang='lat' dir='ltr'><strong>El</strong></span> <span class='ocrx_word' id='word_1_458' title='bbox 640 3420 815 3485; x_wconf 82' lang='grc' dir='ltr'><strong>κοῖλος</strong></span> <span class='ocrx_word' id='word_1_459' title='bbox 843 3422 871 3474; x_wconf 89' lang='grc' dir='ltr'><strong>ό</strong></span> <span class='ocrx_word' id='word_1_460' title='bbox 899 3421 1033 3491; x_wconf 78' lang='grc' dir='ltr'><strong>μὴν,</strong></span> <span class='ocrx_word' id='word_1_461' title='bbox 1056 3421 1250 3491; x_wconf 77' lang='grc' dir='ltr'><strong>ἐνάτην</strong></span> <span class='ocrx_word' id='word_1_462' title='bbox 1274 3419 1571 3488; x_wconf 84' lang='grc' dir='ltr'><strong>φθίνοντος.</strong></span> <span class='ocrx_word' id='word_1_463' title='bbox 1607 3421 1699 3474; x_wconf 74' lang='grc' dir='ltr'><strong>καὶ</strong></span> <span class='ocrx_word' id='word_1_464' title='bbox 1725 3420 1849 3491; x_wconf 77' lang='grc' dir='ltr'><strong>έξῆς</strong></span> <span class='ocrx_word' id='word_1_465' title='bbox 1873 3421 1933 3474; x_wconf 86' lang='grc' dir='ltr'><strong>τὸ</strong></span> 
     </span>
    </p>
   </div>
   <div class='ocr_carea' id='block_1_64' title="bbox 362 3511 1930 3584">
    <p class='ocr_par' dir='ltr' id='par_1_64' title="bbox 362 3511 1930 3584">
     <span class='ocr_line' id='line_1_64' title="bbox 362 3511 1930 3584; baseline 0.001 -20"><span class='ocrx_word' id='word_1_466' title='bbox 362 3512 644 3581; x_wconf 89' lang='grc' dir='ltr'><strong>ἀνάλογον,</strong></span> <span class='ocrx_word' id='word_1_467' title='bbox 671 3513 746 3576; x_wconf 86' lang='grc' dir='ltr'><strong>ὼς</strong></span> <span class='ocrx_word' id='word_1_468' title='bbox 765 3512 859 3566; x_wconf 77' lang='grc' dir='ltr'><strong>καὶ</strong></span> <span class='ocrx_word' id='word_1_469' title='bbox 885 3512 1222 3581; x_wconf 77' lang='grc' dir='ltr'><strong>Πολυδεύκης</strong></span> <span class='ocrx_word' id='word_1_470' title='bbox 1243 3511 1483 3584; x_wconf 85' lang='grc' dir='ltr'><strong>ἀριθμεῖ·</strong></span> <span class='ocrx_word' id='word_1_471' title='bbox 1512 3513 1607 3582; x_wconf 80' lang='grc' dir='ltr'><strong>οὐχ</strong></span> <span class='ocrx_word' id='word_1_472' title='bbox 1634 3512 1834 3575; x_wconf 80' lang='grc' dir='ltr'><strong>ἱκανῶς</strong></span> <span class='ocrx_word' id='word_1_473' title='bbox 1854 3512 1930 3576; x_wconf 84' lang='grc' dir='ltr'><strong>δὲ,</strong></span> 
     </span>
    </p>
   </div>
   <div class='ocr_carea' id='block_1_65' title="bbox 361 3602 1932 3676">
    <p class='ocr_par' dir='ltr' id='par_1_65' title="bbox 361 3602 1932 3676">
     <span class='ocr_line' id='line_1_65' title="bbox 361 3602 1932 3676; baseline 0.001 -19"><span class='ocrx_word' id='word_1_474' title='bbox 361 3604 496 3658; x_wconf 85' lang='grc' dir='ltr'><strong>διότι</strong></span> <span class='ocrx_word' id='word_1_475' title='bbox 517 3604 696 3658; x_wconf 88' lang='grc' dir='ltr'><strong>κοίλου</strong></span> <span class='ocrx_word' id='word_1_476' title='bbox 723 3604 884 3676; x_wconf 81' lang='grc' dir='ltr'><strong>μόνου</strong></span> <span class='ocrx_word' id='word_1_477' title='bbox 910 3603 1198 3670; x_wconf 85' lang='grc' dir='ltr'><strong>καταλέγει</strong></span> <span class='ocrx_word' id='word_1_478' title='bbox 1223 3603 1454 3674; x_wconf 81' lang='grc' dir='ltr'><strong>ἡμέρας.</strong></span> <span class='ocrx_word' id='word_1_479' title='bbox 1485 3602 1709 3674; x_wconf 89' lang='grc' dir='ltr'><strong>Πλήθων</strong></span> <span class='ocrx_word' id='word_1_480' title='bbox 1727 3603 1783 3655; x_wconf 83' lang='grc' dir='ltr'><strong>δὲ</strong></span> <span class='ocrx_word' id='word_1_481' title='bbox 1805 3604 1932 3675; x_wconf 74' lang='grc' dir='ltr'><strong>ἔνην</strong></span> 
     </span>
    </p>
   </div>
   <div class='ocr_carea' id='block_1_66' title="bbox 363 3694 1932 3767">
    <p class='ocr_par' dir='ltr' id='par_1_66' title="bbox 363 3694 1932 3767">
     <span class='ocr_line' id='line_1_66' title="bbox 363 3694 1932 3767; baseline -0.002 -17"><span class='ocrx_word' id='word_1_482' title='bbox 363 3695 465 3767; x_wconf 80' lang='grc' dir='ltr'><strong>μὲν</strong></span> <span class='ocrx_word' id='word_1_483' title='bbox 493 3695 591 3767; x_wconf 86' lang='grc' dir='ltr'><strong>τὴν</strong></span> <span class='ocrx_word' id='word_1_484' title='bbox 610 3695 857 3767; x_wconf 83' lang='grc' dir='ltr'><strong>εἰκοστὴν</strong></span> <span class='ocrx_word' id='word_1_485' title='bbox 886 3696 1102 3766; x_wconf 78' lang='grc' dir='ltr'><strong>ἐνάτην,</strong></span> <span class='ocrx_word' id='word_1_486' title='bbox 1134 3695 1260 3766; x_wconf 73' lang='grc' dir='ltr'><strong>ἕνην</strong></span> <span class='ocrx_word' id='word_1_487' title='bbox 1289 3695 1344 3748; x_wconf 86' lang='grc' dir='ltr'><strong>δὲ</strong></span> <span class='ocrx_word' id='word_1_488' title='bbox 1374 3696 1467 3747; x_wconf 77' lang='grc' dir='ltr'><strong>καὶ</strong></span> <span class='ocrx_word' id='word_1_489' title='bbox 1491 3694 1617 3748; x_wconf 88' lang='grc' dir='ltr'><strong>νέαν</strong></span> <span class='ocrx_word' id='word_1_490' title='bbox 1647 3696 1745 3767; x_wconf 83' lang='grc' dir='ltr'><strong>τὴν</strong></span> <span class='ocrx_word' id='word_1_491' title='bbox 1776 3712 1932 3767; x_wconf 88' lang='grc' dir='ltr'><strong>τρια-</strong></span> 
     </span>
    </p>
   </div>
   <div class='ocr_carea' id='block_1_67' title="bbox 362 3785 1934 3858">
    <p class='ocr_par' dir='ltr' id='par_1_67' title="bbox 362 3785 1934 3858">
     <span class='ocr_line' id='line_1_67' title="bbox 362 3785 1934 3858; baseline -0.002 -17"><span class='ocrx_word' id='word_1_492' title='bbox 362 3787 563 3857; x_wconf 78' lang='grc' dir='ltr'><strong>κοστὴν</strong></span> <span class='ocrx_word' id='word_1_493' title='bbox 594 3786 786 3855; x_wconf 90' lang='grc' dir='ltr'><strong>λέγων,</strong></span> <span class='ocrx_word' id='word_1_494' title='bbox 825 3787 977 3840; x_wconf 82' lang='grc' dir='ltr'><strong>οὐδὲν</strong></span> <span class='ocrx_word' id='word_1_495' title='bbox 1014 3786 1219 3857; x_wconf 83' lang='grc' dir='ltr'><strong>ἀπᾷδον</strong></span> <span class='ocrx_word' id='word_1_496' title='bbox 1246 3785 1403 3857; x_wconf 82' lang='grc' dir='ltr'><strong>ἡμῶν</strong></span> <span class='ocrx_word' id='word_1_497' title='bbox 1435 3802 1587 3857; x_wconf 83' lang='grc' dir='ltr'><strong>φησι,</strong></span> <span class='ocrx_word' id='word_1_498' title='bbox 1617 3786 1678 3839; x_wconf 87' lang='grc' dir='ltr'><strong>τό</strong></span> <span class='ocrx_word' id='word_1_499' title='bbox 1712 3803 1773 3855; x_wconf 90' lang='grc' dir='ltr'><strong>γε</strong></span> <span class='ocrx_word' id='word_1_500' title='bbox 1806 3786 1934 3858; x_wconf 66' lang='grc' dir='ltr'><strong>περ)⁵</strong></span> 
     </span>
    </p>
   </div>
   <div class='ocr_carea' id='block_1_68' title="bbox 360 3876 1933 3951">
    <p class='ocr_par' dir='ltr' id='par_1_68' title="bbox 360 3876 1933 3951">
     <span class='ocr_line' id='line_1_68' title="bbox 360 3876 1933 3951; baseline -0.003 -18"><span class='ocrx_word' id='word_1_501' title='bbox 360 3880 422 3933; x_wconf 82' lang='grc' dir='ltr'><strong>τὸ</strong></span> <span class='ocrx_word' id='word_1_502' title='bbox 454 3882 705 3951; x_wconf 82' lang='grc' dir='ltr'><strong>πρᾶγμα.</strong></span> <span class='ocrx_word' id='word_1_503' title='bbox 744 3879 846 3932; x_wconf 83' lang='grc' dir='ltr'><strong>’Ἦν</strong></span> <span class='ocrx_word' id='word_1_504' title='bbox 881 3879 988 3949; x_wconf 90' lang='grc' dir='ltr'><strong>γὰρ</strong></span> <span class='ocrx_word' id='word_1_505' title='bbox 1023 3878 1281 3948; x_wconf 84' lang='grc' dir='ltr'><strong>δευτέραν</strong></span> <span class='ocrx_word' id='word_1_506' title='bbox 1315 3876 1592 3946; x_wconf 84' lang='grc' dir='ltr'><strong>φθίνοντος</strong></span> <span class='ocrx_word' id='word_1_507' title='bbox 1619 3878 1778 3947; x_wconf 74' lang='grc' dir='ltr'><strong>ἡμεῖς</strong></span> <span class='ocrx_word' id='word_1_508' title='bbox 1811 3877 1933 3948; x_wconf 85' lang='grc' dir='ltr'><strong>ἀρι-</strong></span> 
     </span>
    </p>
   </div>
   <div class='ocr_carea' id='block_1_69' title="bbox 363 3964 1935 4041">
    <p class='ocr_par' dir='ltr' id='par_1_69' title="bbox 363 3964 1935 4041">
     <span class='ocr_line' id='line_1_69' title="bbox 363 3964 1935 4041; baseline 0 -19"><span class='ocrx_word' id='word_1_509' title='bbox 363 3969 793 4041; x_wconf 78' lang='grc' dir='ltr'><strong>θμοῦμεν,”ένην</strong></span> <span class='ocrx_word' id='word_1_510' title='bbox 832 3969 1003 4033; x_wconf 84' lang='grc' dir='ltr'><strong>καλεῖ,</strong></span> <span class='ocrx_word' id='word_1_511' title='bbox 1042 3970 1109 4022; x_wconf 84' lang='grc' dir='ltr'><strong>ἵν’</strong></span> <span class='ocrx_word' id='word_1_512' title='bbox 1140 3967 1267 4032; x_wconf 73' lang='grc' dir='ltr'><strong>ἴσως</strong></span> <span class='ocrx_word' id='word_1_513' title='bbox 1298 3968 1444 4039; x_wconf 84' lang='grc' dir='ltr'><strong>αὐτῷ</strong></span> <span class='ocrx_word' id='word_1_514' title='bbox 1480 3968 1763 4040; x_wconf 84' lang='grc' dir='ltr'><strong>ἱερομηνία</strong></span> <span class='ocrx_word' id='word_1_515' title='bbox 1800 3964 1935 4022; x_wconf 78' lang='grc' dir='ltr'><strong>οὖσα</strong></span> 
     </span>
    </p>
   </div>
   <div class='ocr_carea' id='block_1_70' title="bbox 361 4059 1934 4135">
    <p class='ocr_par' dir='ltr' id='par_1_70' title="bbox 361 4059 1934 4135">
     <span class='ocr_line' id='line_1_70' title="bbox 361 4059 1934 4135; baseline -0.001 -20"><span class='ocrx_word' id='word_1_516' title='bbox 361 4062 439 4135; x_wconf 85' lang='grc' dir='ltr'><strong>τῷ</strong></span> <span class='ocrx_word' id='word_1_517' title='bbox 475 4061 778 4126; x_wconf 85' lang='grc' dir='ltr'><strong>Πλούτωνι,</strong></span> <span class='ocrx_word' id='word_1_518' title='bbox 819 4060 1042 4116; x_wconf 81' lang='grc' dir='ltr'><strong>αὐτόθεν</strong></span> <span class='ocrx_word' id='word_1_519' title='bbox 1080 4060 1143 4132; x_wconf 83' lang='grc' dir='ltr'><strong>δὴ</strong></span> <span class='ocrx_word' id='word_1_520' title='bbox 1185 4061 1296 4114; x_wconf 88' lang='grc' dir='ltr'><strong>κάκ</strong></span> <span class='ocrx_word' id='word_1_521' title='bbox 1336 4060 1436 4130; x_wconf 82' lang='grc' dir='ltr'><strong>τῆς</strong></span> <span class='ocrx_word' id='word_1_522' title='bbox 1473 4059 1843 4132; x_wconf 87' lang='grc' dir='ltr'><strong>προσηγορίας</strong></span> <span class='ocrx_word' id='word_1_523' title='bbox 1874 4059 1934 4113; x_wconf 86' lang='grc' dir='ltr'><strong>τὸ</strong></span> 
     </span>
    </p>
   </div>
   <div class='ocr_carea' id='block_1_71' title="bbox 365 4152 1932 4228">
    <p class='ocr_par' dir='ltr' id='par_1_71' title="bbox 365 4152 1932 4228">
     <span class='ocr_line' id='line_1_71' title="bbox 365 4152 1932 4228; baseline -0.002 -20"><span class='ocrx_word' id='word_1_524' title='bbox 365 4156 561 4227; x_wconf 84' lang='grc' dir='ltr'><strong>σεμνὸν</strong></span> <span class='ocrx_word' id='word_1_525' title='bbox 594 4154 693 4228; x_wconf 75' lang='grc' dir='ltr'><strong>ἔχῃ</strong></span> <span class='ocrx_word' id='word_1_526' title='bbox 721 4155 815 4209; x_wconf 75' lang='grc' dir='ltr'><strong>καὶ</strong></span> <span class='ocrx_word' id='word_1_527' title='bbox 843 4154 1123 4228; x_wconf 87' lang='grc' dir='ltr'><strong>τραγικόν.</strong></span> <span class='ocrx_word' id='word_1_528' title='bbox 1146 4155 1237 4206; x_wconf 88' lang='grc' dir='ltr'><strong>Δεῖ</strong></span> <span class='ocrx_word' id='word_1_529' title='bbox 1267 4152 1375 4225; x_wconf 83' lang='grc' dir='ltr'><strong>γὰρ</strong></span> <span class='ocrx_word' id='word_1_530' title='bbox 1400 4153 1491 4207; x_wconf 89' lang='grc' dir='ltr'><strong>καί</strong></span> <span class='ocrx_word' id='word_1_531' title='bbox 1522 4170 1665 4217; x_wconf 91' lang='grc' dir='ltr'><strong>τινος</strong></span> <span class='ocrx_word' id='word_1_532' title='bbox 1693 4152 1932 4206; x_wconf 84' lang='grc' dir='ltr'><strong>τοιούτου</strong></span> 
     </span>
    </p>
   </div>
   <div class='ocr_carea' id='block_1_72' title="bbox 363 4243 1934 4318">
    <p class='ocr_par' dir='ltr' id='par_1_72' title="bbox 363 4243 1934 4318">
     <span class='ocr_line' id='line_1_72' title="bbox 363 4243 1934 4318; baseline -0.002 -18"><span class='ocrx_word' id='word_1_533' title='bbox 363 4251 476 4311; x_wconf 87' lang='grc' dir='ltr'><strong>τοῖς</strong></span> <span class='ocrx_word' id='word_1_534' title='bbox 505 4247 632 4318; x_wconf 71' lang='grc' dir='ltr'><strong>περὶ</strong></span> <span class='ocrx_word' id='word_1_535' title='bbox 673 4245 741 4299; x_wconf 77' lang='grc' dir='ltr'><strong>τὰ</strong></span> <span class='ocrx_word' id='word_1_536' title='bbox 780 4246 901 4301; x_wconf 83' lang='grc' dir='ltr'><strong>ὅσια</strong></span> <span class='ocrx_word' id='word_1_537' title='bbox 934 4245 1499 4317; x_wconf 87' lang='grc' dir='ltr'><strong>πραγματευομένοις.</strong></span> <span class='ocrx_word' id='word_1_538' title='bbox 1545 4243 1837 4315; x_wconf 85' lang='grc' dir='ltr'><strong>Πειρατέον</strong></span> <span class='ocrx_word' id='word_1_539' title='bbox 1877 4243 1934 4297; x_wconf 84' lang='grc' dir='ltr'><strong>δὲ</strong></span> 
     </span>
    </p>
   </div>
   <div class='ocr_carea' id='block_1_73' title="bbox 364 4334 1933 4409">
    <p class='ocr_par' dir='ltr' id='par_1_73' title="bbox 364 4334 1933 4409">
     <span class='ocr_line' id='line_1_73' title="bbox 364 4334 1933 4409; baseline -0.002 -18"><span class='ocrx_word' id='word_1_540' title='bbox 364 4337 504 4391; x_wconf 89' lang='grc' dir='ltr'><strong>κατά</strong></span> <span class='ocrx_word' id='word_1_541' title='bbox 532 4336 758 4408; x_wconf 84' lang='grc' dir='ltr'><strong>σελήνην</strong></span> <span class='ocrx_word' id='word_1_542' title='bbox 780 4337 1032 4409; x_wconf 77' lang='grc' dir='ltr'><strong>ἀριθμεῖν</strong></span> <span class='ocrx_word' id='word_1_543' title='bbox 1054 4337 1151 4401; x_wconf 84' lang='grc' dir='ltr'><strong>τὰς</strong></span> <span class='ocrx_word' id='word_1_544' title='bbox 1173 4336 1405 4407; x_wconf 82' lang='grc' dir='ltr'><strong>ἡμέρας.</strong></span> <span class='ocrx_word' id='word_1_545' title='bbox 1446 4336 1598 4389; x_wconf 78' lang='grc' dir='ltr'><strong>Ἐπεὶ</strong></span> <span class='ocrx_word' id='word_1_546' title='bbox 1627 4337 1720 4390; x_wconf 82' lang='grc' dir='ltr'><strong>καὶ</strong></span> <span class='ocrx_word' id='word_1_547' title='bbox 1745 4335 1806 4389; x_wconf 83' lang='grc' dir='ltr'><strong>τὸ</strong></span> <span class='ocrx_word' id='word_1_548' title='bbox 1825 4334 1933 4389; x_wconf 86' lang='grc' dir='ltr'><strong>τῶν</strong></span> 
     </span>
    </p>
   </div>
   <div class='ocr_carea' id='block_1_74' title="bbox 367 4406 1928 4499">
    <p class='ocr_par' dir='ltr' id='par_1_74' title="bbox 367 4406 1928 4499">
     <span class='ocr_line' id='line_1_74' title="bbox 367 4406 1928 4499; baseline -0.001 -18"><span class='ocrx_word' id='word_1_549' title='bbox 367 4427 551 4499; x_wconf 84' lang='grc' dir='ltr'><strong>μηνῶν</strong></span> <span class='ocrx_word' id='word_1_550' title='bbox 583 4406 723 4491; x_wconf 80' lang='grc' dir='ltr'><strong>τοὺς</strong></span> <span class='ocrx_word' id='word_1_551' title='bbox 734 4406 833 4497; x_wconf 82' lang='grc' dir='ltr'><strong>μὲν</strong></span> <span class='ocrx_word' id='word_1_552' title='bbox 861 4406 1106 4499; x_wconf 71' lang='grc' dir='ltr'><strong>πλήρεις,</strong></span> <span class='ocrx_word' id='word_1_553' title='bbox 1138 4406 1344 4489; x_wconf 15' lang='grc' dir='ltr'><strong>τοίῦςίδὲ</strong></span> <span class='ocrx_word' id='word_1_554' title='bbox 1376 4426 1584 4490; x_wconf 92' lang='grc' dir='ltr'><strong>κοίλους</strong></span> <span class='ocrx_word' id='word_1_555' title='bbox 1614 4423 1928 4497; x_wconf 77' lang='grc' dir='ltr'><strong>λαμὸάνειν,</strong></span> 
     </span>
    </p>
   </div>
   <div class='ocr_carea' id='block_1_75' title="bbox 361 4485 2005 4589">
    <p class='ocr_par' dir='ltr' id='par_1_75' title="bbox 361 4485 2005 4589">
     <span class='ocr_line' id='line_1_75' title="bbox 361 4485 2005 4589; baseline -0.001 -18"><span class='ocrx_word' id='word_1_556' title='bbox 361 4485 514 4571; x_wconf 65' lang='grc' dir='ltr'><strong>ὲοίιτι</strong></span> <span class='ocrx_word' id='word_1_557' title='bbox 545 4485 811 4588; x_wconf 70' lang='grc' dir='ltr'><strong>βούλέτξιι.</strong></span> <span class='ocrx_word' id='word_1_558' title='bbox 839 4485 1168 4589; x_wconf 54' lang='grc' dir='ltr'><strong>οὐχ”ικαὶνδν</strong></span> <span class='ocrx_word' id='word_1_559' title='bbox 1192 4485 1270 4573; x_wconf 70' lang='grc' dir='ltr'><strong>δέ·</strong></span> <span class='ocrx_word' id='word_1_560' title='bbox 1302 4518 1438 4571; x_wconf 87' lang='grc' dir='ltr'><strong>ἀλλὰ</strong></span> <span class='ocrx_word' id='word_1_561' title='bbox 1470 4517 1550 4571; x_wconf 85' lang='grc' dir='ltr'><strong>δεῖ</strong></span> <span class='ocrx_word' id='word_1_562' title='bbox 1565 4485 1797 4571; x_wconf 70' lang='grc' dir='ltr'><strong>’που’και</strong></span> <span class='ocrx_word' id='word_1_563' title='bbox 1815 4485 1928 4572; x_wconf 59' lang='grc' dir='ltr'><strong>ἀλλλ</strong></span> <span class='ocrx_word' id='word_1_564' title='bbox 1960 4485 2005 4541; x_wconf 75' lang='grc' dir='ltr'><strong>ι)</strong></span> 
     </span>
    </p>
   </div>
   <div class='ocr_carea' id='block_1_76' title="bbox 362 4607 1931 4681">
    <p class='ocr_par' dir='ltr' id='par_1_76' title="bbox 362 4607 1931 4681">
     <span class='ocr_line' id='line_1_76' title="bbox 362 4607 1931 4681; baseline 0 -18"><span class='ocrx_word' id='word_1_565' title='bbox 362 4609 496 4663; x_wconf 84' lang='grc' dir='ltr'><strong>ἄττα</strong></span> <span class='ocrx_word' id='word_1_566' title='bbox 534 4607 1014 4680; x_wconf 79' lang='grc' dir='ltr'><strong>πραγματεύεσθαι</strong></span> <span class='ocrx_word' id='word_1_567' title='bbox 1056 4610 1245 4680; x_wconf 76' lang='grc' dir='ltr'><strong>συχνὰ,</strong></span> <span class='ocrx_word' id='word_1_568' title='bbox 1273 4612 1322 4662; x_wconf 90' lang='grc' dir='ltr'><strong>εἰ</strong></span> <span class='ocrx_word' id='word_1_569' title='bbox 1355 4609 1535 4681; x_wconf 88' lang='grc' dir='ltr'><strong>μέλλοι</strong></span> <span class='ocrx_word' id='word_1_570' title='bbox 1571 4608 1837 4675; x_wconf 77' lang='grc' dir='ltr'><strong>σώζεσθαι</strong></span> <span class='ocrx_word' id='word_1_571' title='bbox 1871 4610 1931 4663; x_wconf 83' lang='grc' dir='ltr'><strong>τὸ</strong></span> 
     </span>
    </p>
   </div>
   <div class='ocr_carea' id='block_1_77' title="bbox 361 4700 1933 4774">
    <p class='ocr_par' dir='ltr' id='par_1_77' title="bbox 361 4700 1933 4774">
     <span class='ocr_line' id='line_1_77' title="bbox 361 4700 1933 4774; baseline 0.007 -19"><span class='ocrx_word' id='word_1_572' title='bbox 361 4704 641 4774; x_wconf 84' lang='grc' dir='ltr'><strong>ὁμόλογον·</strong></span> <span class='ocrx_word' id='word_1_573' title='bbox 684 4701 919 4772; x_wconf 84' lang='grc' dir='ltr'><strong>χαλεπὸν</strong></span> <span class='ocrx_word' id='word_1_574' title='bbox 963 4701 1020 4753; x_wconf 82' lang='grc' dir='ltr'>δὲ</span> <span class='ocrx_word' id='word_1_575' title='bbox 1064 4701 1153 4755; x_wconf 82' lang='grc' dir='ltr'><strong>διὰ</strong></span> <span class='ocrx_word' id='word_1_576' title='bbox 1188 4702 1287 4773; x_wconf 84' lang='grc' dir='ltr'><strong>τὴν</strong></span> <span class='ocrx_word' id='word_1_577' title='bbox 1333 4700 1531 4773; x_wconf 85' lang='grc' dir='ltr'><strong>πολλὴν</strong></span> <span class='ocrx_word' id='word_1_578' title='bbox 1575 4702 1674 4773; x_wconf 83' lang='grc' dir='ltr'><strong>τῆς</strong></span> <span class='ocrx_word' id='word_1_579' title='bbox 1703 4701 1933 4772; x_wconf 82' lang='grc' dir='ltr'><strong>σελήνης</strong></span> 
     </span>
    </p>
   </div>
   <div class='ocr_carea' id='block_1_78' title="bbox 362 4792 1934 4866">
    <p class='ocr_par' dir='ltr' id='par_1_78' title="bbox 362 4792 1934 4866">
     <span class='ocr_line' id='line_1_78' title="bbox 362 4792 1934 4866; baseline -0.002 -17"><span class='ocrx_word' id='word_1_580' title='bbox 362 4794 607 4862; x_wconf 83' lang='grc' dir='ltr'><strong>ἀταξίαν.</strong></span> <span class='ocrx_word' id='word_1_581' title='bbox 656 4796 733 4848; x_wconf 86' lang='grc' dir='ltr'><strong>Δι’</strong></span> <span class='ocrx_word' id='word_1_582' title='bbox 765 4794 902 4863; x_wconf 85' lang='grc' dir='ltr'><strong>ὅπερ</strong></span> <span class='ocrx_word' id='word_1_583' title='bbox 946 4792 1056 4846; x_wconf 77' lang='grc' dir='ltr'><strong>οὐδ’</strong></span> <span class='ocrx_word' id='word_1_584' title='bbox 1107 4793 1378 4865; x_wconf 86' lang='grc' dir='ltr'><strong>Ἀθηναῖοι</strong></span> <span class='ocrx_word' id='word_1_585' title='bbox 1421 4794 1699 4865; x_wconf 84' lang='grc' dir='ltr'><strong>φαίνονται</strong></span> <span class='ocrx_word' id='word_1_586' title='bbox 1740 4811 1934 4866; x_wconf 88' lang='grc' dir='ltr'><strong>κατορ-</strong></span> 
     </span>
    </p>
   </div>
   <div class='ocr_carea' id='block_1_79' title="bbox 362 4879 1934 4957">
    <p class='ocr_par' dir='ltr' id='par_1_79' title="bbox 362 4879 1934 4957">
     <span class='ocr_line' id='line_1_79' title="bbox 362 4879 1934 4957; baseline -0.003 -15"><span class='ocrx_word' id='word_1_587' title='bbox 362 4888 597 4951; x_wconf 62' lang='grc' dir='ltr'><strong>θοῦντες</strong></span> <span class='ocrx_word' id='word_1_588' title='bbox 621 4886 696 4949; x_wconf 86' lang='grc' dir='ltr'><strong>ὡς</strong></span> <span class='ocrx_word' id='word_1_589' title='bbox 718 4884 832 4939; x_wconf 75' lang='grc' dir='ltr'><strong>ἔστι</strong></span> <span class='ocrx_word' id='word_1_590' title='bbox 855 4885 1230 4957; x_wconf 84' lang='grc' dir='ltr'><strong>τεκμήρασθαι</strong></span> <span class='ocrx_word' id='word_1_591' title='bbox 1259 4886 1351 4939; x_wconf 78' lang='grc' dir='ltr'><strong>καὶ</strong></span> <span class='ocrx_word' id='word_1_592' title='bbox 1377 4885 1435 4952; x_wconf 75' lang='grc' dir='ltr'>ἐξ</span> <span class='ocrx_word' id='word_1_593' title='bbox 1456 4879 1530 4940; x_wconf 83' lang='grc' dir='ltr'><strong>ὧν</strong></span> <span class='ocrx_word' id='word_1_594' title='bbox 1551 4886 1615 4956; x_wconf 83' lang='grc' dir='ltr'><strong>δὴ</strong></span> <span class='ocrx_word' id='word_1_595' title='bbox 1637 4888 1665 4939; x_wconf 87' lang='grc' dir='ltr'>ὁ</span> <span class='ocrx_word' id='word_1_596' title='bbox 1692 4885 1934 4956; x_wconf 85' lang='grc' dir='ltr'><strong>κωμικὸς</strong></span> 
     </span>
    </p>
   </div>
   <div class='ocr_carea' id='block_1_80' title="bbox 362 4976 1932 5050">
    <p class='ocr_par' dir='ltr' id='par_1_80' title="bbox 362 4976 1932 5050">
     <span class='ocr_line' id='line_1_80' title="bbox 362 4976 1932 5050; baseline -0.003 -16"><span class='ocrx_word' id='word_1_597' title='bbox 362 4981 508 5034; x_wconf 88' lang='grc' dir='ltr'><strong>ποιεῖ</strong></span> <span class='ocrx_word' id='word_1_598' title='bbox 529 4980 628 5050; x_wconf 81' lang='grc' dir='ltr'><strong>τὴν</strong></span> <span class='ocrx_word' id='word_1_599' title='bbox 658 4978 887 5049; x_wconf 85' lang='grc' dir='ltr'><strong>σελήνην</strong></span> <span class='ocrx_word' id='word_1_600' title='bbox 913 4976 1214 5047; x_wconf 86' lang='grc' dir='ltr'><strong>θυμαίνειν,</strong></span> <span class='ocrx_word' id='word_1_601' title='bbox 1251 4978 1332 5031; x_wconf 83' lang='grc' dir='ltr'><strong>ὃτι</strong></span> <span class='ocrx_word' id='word_1_602' title='bbox 1358 4977 1509 5031; x_wconf 80' lang='grc' dir='ltr'><strong>οὐδὲν</strong></span> <span class='ocrx_word' id='word_1_603' title='bbox 1537 4977 1679 5031; x_wconf 87' lang='grc' dir='ltr'><strong>κατά</strong></span> <span class='ocrx_word' id='word_1_604' title='bbox 1706 4978 1932 5049; x_wconf 87' lang='grc' dir='ltr'><strong>σελήνην</strong></span> 
     </span>
    </p>
   </div>
   <div class='ocr_carea' id='block_1_81' title="bbox 358 5070 1933 5145">
    <p class='ocr_par' dir='ltr' id='par_1_81' title="bbox 358 5070 1933 5145">
     <span class='ocr_line' id='line_1_81' title="bbox 358 5070 1933 5145; baseline -0.004 -16"><span class='ocrx_word' id='word_1_605' title='bbox 358 5070 493 5144; x_wconf 84' lang='grc' dir='ltr'><strong>ἦγον</strong></span> <span class='ocrx_word' id='word_1_606' title='bbox 525 5073 623 5138; x_wconf 83' lang='grc' dir='ltr'><strong>τὰς</strong></span> <span class='ocrx_word' id='word_1_607' title='bbox 655 5073 868 5145; x_wconf 81' lang='grc' dir='ltr'><strong>ἡμέρας</strong></span> <span class='ocrx_word' id='word_1_608' title='bbox 913 5072 1184 5143; x_wconf 81' lang='grc' dir='ltr'><strong>Ἀθηναῖοι</strong></span> <span class='ocrx_word' id='word_1_609' title='bbox 1219 5071 1414 5144; x_wconf 82' lang='grc' dir='ltr'><strong>ὀρθῶς,</strong></span> <span class='ocrx_word' id='word_1_610' title='bbox 1453 5071 1568 5125; x_wconf 79' lang='grc' dir='ltr'><strong>ἀλλ’</strong></span> <span class='ocrx_word' id='word_1_611' title='bbox 1606 5071 1718 5126; x_wconf 75' lang='grc' dir='ltr'><strong>ἀνω</strong></span> <span class='ocrx_word' id='word_1_612' title='bbox 1748 5088 1806 5125; x_wconf 88' lang='grc' dir='ltr'><strong>τε</strong></span> <span class='ocrx_word' id='word_1_613' title='bbox 1839 5071 1933 5124; x_wconf 79' lang='grc' dir='ltr'><strong>καὶ</strong></span> 
     </span>
    </p>
   </div>
   <div class='ocr_carea' id='block_1_82' title="bbox 361 5161 1930 5235">
    <p class='ocr_par' dir='ltr' id='par_1_82' title="bbox 361 5161 1930 5235">
     <span class='ocr_line' id='line_1_82' title="bbox 361 5161 1930 5235; baseline -0.004 -17"><span class='ocrx_word' id='word_1_614' title='bbox 361 5166 510 5218; x_wconf 86' lang='grc' dir='ltr'><strong>κάτω</strong></span> <span class='ocrx_word' id='word_1_615' title='bbox 541 5164 914 5219; x_wconf 72' lang='grc' dir='ltr'><strong>ὲκυδοιδόπων⁸</strong></span> <span class='ocrx_word' id='word_1_616' title='bbox 936 5162 1078 5217; x_wconf 73' lang='grc' dir='ltr'><strong>οὕτω</strong></span> <span class='ocrx_word' id='word_1_617' title='bbox 1104 5162 1212 5234; x_wconf 82' lang='grc' dir='ltr'><strong>γὰρ</strong></span> <span class='ocrx_word' id='word_1_618' title='bbox 1241 5162 1502 5235; x_wconf 86' lang='grc' dir='ltr'><strong>κέχρηται</strong></span> <span class='ocrx_word' id='word_1_619' title='bbox 1523 5164 1588 5233; x_wconf 83' lang='grc' dir='ltr'><strong>τῇ</strong></span> <span class='ocrx_word' id='word_1_620' title='bbox 1616 5161 1778 5229; x_wconf 77' lang='grc' dir='ltr'><strong>λέξει.</strong></span> <span class='ocrx_word' id='word_1_621' title='bbox 1801 5161 1930 5213; x_wconf 87' lang='grc' dir='ltr'><strong>Πει-</strong></span> 
     </span>
    </p>
   </div>
   <div class='ocr_carea' id='block_1_83' title="bbox 364 5249 1933 5327">
    <p class='ocr_par' dir='ltr' id='par_1_83' title="bbox 364 5249 1933 5327">
     <span class='ocr_line' id='line_1_83' title="bbox 364 5249 1933 5327; baseline -0.003 -19"><span class='ocrx_word' id='word_1_622' title='bbox 364 5254 555 5326; x_wconf 87' lang='grc' dir='ltr'><strong>ρατέον</strong></span> <span class='ocrx_word' id='word_1_623' title='bbox 593 5256 775 5327; x_wconf 85' lang='grc' dir='ltr'><strong>μέντοι</strong></span> <span class='ocrx_word' id='word_1_624' title='bbox 810 5254 949 5308; x_wconf 85' lang='grc' dir='ltr'><strong>κατὰ</strong></span> <span class='ocrx_word' id='word_1_625' title='bbox 977 5254 1039 5308; x_wconf 86' lang='grc' dir='ltr'><strong>τὸ</strong></span> <span class='ocrx_word' id='word_1_626' title='bbox 1064 5253 1287 5307; x_wconf 82' lang='grc' dir='ltr'><strong>δυνατὸν</strong></span> <span class='ocrx_word' id='word_1_627' title='bbox 1325 5250 1687 5323; x_wconf 80' lang='grc' dir='ltr'><strong>διορθοῦσθαι,</strong></span> <span class='ocrx_word' id='word_1_628' title='bbox 1715 5249 1933 5322; x_wconf 85' lang='grc' dir='ltr'><strong>χρωμέ-</strong></span> 
     </span>
    </p>
   </div>
   <div class='ocr_carea' id='block_1_84' title="bbox 358 5342 1929 5418">
    <p class='ocr_par' dir='ltr' id='par_1_84' title="bbox 358 5342 1929 5418">
     <span class='ocr_line' id='line_1_84' title="bbox 358 5342 1929 5418; baseline -0.003 -17"><span class='ocrx_word' id='word_1_629' title='bbox 358 5363 483 5410; x_wconf 90' lang='grc' dir='ltr'><strong>νους</strong></span> <span class='ocrx_word' id='word_1_630' title='bbox 508 5349 621 5410; x_wconf 90' lang='grc' dir='ltr'><strong>τοῖς</strong></span> <span class='ocrx_word' id='word_1_631' title='bbox 653 5346 1067 5418; x_wconf 74' lang='grc' dir='ltr'><strong>ἐμπειροτάτοις</strong></span> <span class='ocrx_word' id='word_1_632' title='bbox 1103 5345 1192 5401; x_wconf 77' lang='grc' dir='ltr'><strong>ἀεὶ</strong></span> <span class='ocrx_word' id='word_1_633' title='bbox 1221 5342 1331 5398; x_wconf 86' lang='grc' dir='ltr'><strong>τῶν</strong></span> <span class='ocrx_word' id='word_1_634' title='bbox 1363 5344 1763 5415; x_wconf 85' lang='grc' dir='ltr'><strong>ἀστρολογικῶν</strong></span> <span class='ocrx_word' id='word_1_635' title='bbox 1793 5345 1929 5397; x_wconf 85' lang='grc' dir='ltr'><strong>θεω-</strong></span> 
     </span>
    </p>
   </div>
   <div class='ocr_carea' id='block_1_85' title="bbox 362 5439 993 5511">
    <p class='ocr_par' dir='ltr' id='par_1_85' title="bbox 362 5439 993 5511">
     <span class='ocr_line' id='line_1_85' title="bbox 362 5439 993 5511; baseline 0.002 -19"><span class='ocrx_word' id='word_1_636' title='bbox 362 5456 429 5511; x_wconf 87' lang='grc' dir='ltr'><strong>ρη</strong></span> <span class='ocrx_word' id='word_1_637' title='bbox 438 5441 622 5509; x_wconf 87' lang='grc' dir='ltr'><strong>μάτων</strong></span> <span class='ocrx_word' id='word_1_638' title='bbox 651 5456 716 5492; x_wconf 90' lang='grc' dir='ltr'><strong>συ</strong></span> <span class='ocrx_word' id='word_1_639' title='bbox 722 5439 993 5510; x_wconf 79' lang='grc' dir='ltr'><strong>μϐούλοις.</strong></span> 
     </span>
    </p>
   </div>
   <div class='ocr_carea' id='block_1_86' title="bbox 2033 3240 3615 3320">
    <p class='ocr_par' dir='ltr' id='par_1_86' title="bbox 2033 3240 3615 3320">
     <span class='ocr_line' id='line_1_86' title="bbox 2033 3240 3615 3320; baseline -0.006 -17"><span class='ocrx_word' id='word_1_640' title='bbox 2033 3247 2339 3320; x_wconf 89' lang='lat' dir='ltr'><strong>pradictum</strong></span> <span class='ocrx_word' id='word_1_641' title='bbox 2363 3252 2447 3301; x_wconf 90' lang='lat' dir='ltr'><strong>est</strong></span> <span class='ocrx_word' id='word_1_642' title='bbox 2480 3243 2663 3306; x_wconf 91' lang='lat' dir='ltr'><strong>modo,</strong></span> <span class='ocrx_word' id='word_1_643' title='bbox 2700 3257 2871 3312; x_wconf 90' lang='lat' dir='ltr'><strong>usque</strong></span> <span class='ocrx_word' id='word_1_644' title='bbox 2908 3241 2973 3297; x_wconf 91' lang='lat' dir='ltr'><strong>ad</strong></span> <span class='ocrx_word' id='word_1_645' title='bbox 3001 3240 3319 3296; x_wconf 89' lang='lat' dir='ltr'><strong>vicesimum</strong></span> <span class='ocrx_word' id='word_1_646' title='bbox 3358 3258 3372 3295; x_wconf 90' lang='lat'><strong>:</strong></span> <span class='ocrx_word' id='word_1_647' title='bbox 3413 3256 3615 3295; x_wconf 83' lang='lat' dir='ltr'><strong>secun—</strong></span> 
     </span>
    </p>
   </div>
   <div class='ocr_carea' id='block_1_87' title="bbox 2033 3334 3614 3410">
    <p class='ocr_par' dir='ltr' id='par_1_87' title="bbox 2033 3334 3614 3410">
     <span class='ocr_line' id='line_1_87' title="bbox 2033 3334 3614 3410; baseline -0.006 -13"><span class='ocrx_word' id='word_1_648' title='bbox 2033 3342 2162 3397; x_wconf 87' lang='lat' dir='ltr'><strong>dum</strong></span> <span class='ocrx_word' id='word_1_649' title='bbox 2193 3355 2378 3410; x_wconf 90' lang='lat' dir='ltr'><strong>quem,</strong></span> <span class='ocrx_word' id='word_1_650' title='bbox 2414 3338 2462 3393; x_wconf 89' lang='lat' dir='ltr'><strong>si</strong></span> <span class='ocrx_word' id='word_1_651' title='bbox 2493 3337 2699 3392; x_wconf 87' lang='lat' dir='ltr'><strong>mensis</strong></span> <span class='ocrx_word' id='word_1_652' title='bbox 2756 3342 2840 3391; x_wconf 88' lang='lat' dir='ltr'><strong>est</strong></span> <span class='ocrx_word' id='word_1_653' title='bbox 2877 3335 3091 3405; x_wconf 91' lang='lat' dir='ltr'><strong>plenus,</strong></span> <span class='ocrx_word' id='word_1_654' title='bbox 3138 3334 3290 3389; x_wconf 85' lang='lat' dir='ltr'><strong>dices</strong></span> <span class='ocrx_word' id='word_1_655' title='bbox 3343 3334 3614 3389; x_wconf 90' lang='lat' dir='ltr'><strong>decimum</strong></span> 
     </span>
    </p>
   </div>
   <div class='ocr_carea' id='block_1_88' title="bbox 2032 3425 3615 3505">
    <p class='ocr_par' dir='ltr' id='par_1_88' title="bbox 2032 3425 3615 3505">
     <span class='ocr_line' id='line_1_88' title="bbox 2032 3425 3615 3505; baseline -0.005 -18"><span class='ocrx_word' id='word_1_656' title='bbox 2032 3431 2350 3505; x_wconf 63' lang='lat' dir='ltr'><strong>praecipitis,</strong></span> <span class='ocrx_word' id='word_1_657' title='bbox 2392 3428 2587 3485; x_wconf 88' lang='lat' dir='ltr'><strong>deinde</strong></span> <span class='ocrx_word' id='word_1_658' title='bbox 2620 3442 2848 3492; x_wconf 88' lang='lat' dir='ltr'><strong>nonum,</strong></span> <span class='ocrx_word' id='word_1_659' title='bbox 2900 3435 2955 3481; x_wconf 88' lang='lat' dir='ltr'><strong>et</strong></span> <span class='ocrx_word' id='word_1_660' title='bbox 3006 3426 3082 3479; x_wconf 86' lang='lat' dir='ltr'><strong>ita</strong></span> <span class='ocrx_word' id='word_1_661' title='bbox 3133 3425 3390 3496; x_wconf 89' lang='lat' dir='ltr'><strong>deinceps</strong></span> <span class='ocrx_word' id='word_1_662' title='bbox 3422 3425 3615 3480; x_wconf 89' lang='lat' dir='ltr'><strong>ordine</strong></span> 
     </span>
    </p>
   </div>
   <div class='ocr_carea' id='block_1_89' title="bbox 2034 3517 3614 3596">
    <p class='ocr_par' dir='ltr' id='par_1_89' title="bbox 2034 3517 3614 3596">
     <span class='ocr_line' id='line_1_89' title="bbox 2034 3517 3614 3596; baseline -0.004 -18"><span class='ocrx_word' id='word_1_663' title='bbox 2034 3532 2366 3596; x_wconf 71' lang='lat' dir='ltr'><strong>pnepostero</strong></span> <span class='ocrx_word' id='word_1_664' title='bbox 2397 3535 2570 3590; x_wconf 88' lang='lat' dir='ltr'><strong>usque</strong></span> <span class='ocrx_word' id='word_1_665' title='bbox 2593 3520 2661 3574; x_wconf 90' lang='lat' dir='ltr'><strong>ad</strong></span> <span class='ocrx_word' id='word_1_666' title='bbox 2691 3517 2992 3576; x_wconf 88' lang='lat' dir='ltr'><strong>secundum</strong></span> <span class='ocrx_word' id='word_1_667' title='bbox 3035 3535 3048 3572; x_wconf 93' lang='lat'><strong>:</strong></span> <span class='ocrx_word' id='word_1_668' title='bbox 3080 3525 3206 3587; x_wconf 92' lang='lat' dir='ltr'><strong>post</strong></span> <span class='ocrx_word' id='word_1_669' title='bbox 3233 3532 3393 3587; x_wconf 88' lang='lat' dir='ltr'><strong>quem</strong></span> <span class='ocrx_word' id='word_1_670' title='bbox 3432 3523 3614 3571; x_wconf 76' lang='lat' dir='ltr'><strong>extre-</strong></span> 
     </span>
    </p>
   </div>
   <div class='ocr_carea' id='block_1_90' title="bbox 2034 3606 3610 3687">
    <p class='ocr_par' dir='ltr' id='par_1_90' title="bbox 2034 3606 3610 3687">
     <span class='ocr_line' id='line_1_90' title="bbox 2034 3606 3610 3687; baseline -0.006 -14"><span class='ocrx_word' id='word_1_671' title='bbox 2034 3633 2181 3673; x_wconf 91' lang='lat' dir='ltr'><strong>mum</strong></span> <span class='ocrx_word' id='word_1_672' title='bbox 2204 3615 2464 3687; x_wconf 92' lang='lat' dir='ltr'><strong>primum,</strong></span> <span class='ocrx_word' id='word_1_673' title='bbox 2501 3629 2597 3670; x_wconf 88' lang='lat' dir='ltr'><strong>seu</strong></span> <span class='ocrx_word' id='word_1_674' title='bbox 2624 3622 2858 3667; x_wconf 87' lang='lat' dir='ltr'><strong>veterem</strong></span> <span class='ocrx_word' id='word_1_675' title='bbox 2882 3618 2937 3666; x_wconf 93' lang='lat' dir='ltr'><strong>et</strong></span> <span class='ocrx_word' id='word_1_676' title='bbox 2965 3625 3186 3665; x_wconf 84' lang='lat' dir='ltr'><strong>novum.</strong></span> <span class='ocrx_word' id='word_1_677' title='bbox 3220 3609 3289 3662; x_wconf 83' lang='lat' dir='ltr'><strong>At</strong></span> <span class='ocrx_word' id='word_1_678' title='bbox 3317 3608 3363 3664; x_wconf 91' lang='lat' dir='ltr'><strong>si</strong></span> <span class='ocrx_word' id='word_1_679' title='bbox 3400 3606 3610 3663; x_wconf 84' lang='lat' dir='ltr'><strong>mensis</strong></span> 
     </span>
    </p>
   </div>
   <div class='ocr_carea' id='block_1_91' title="bbox 2034 3702 3612 3774">
    <p class='ocr_par' dir='ltr' id='par_1_91' title="bbox 2034 3702 3612 3774">
     <span class='ocr_line' id='line_1_91' title="bbox 2034 3702 3612 3774; baseline -0.006 -8"><span class='ocrx_word' id='word_1_680' title='bbox 2034 3726 2205 3766; x_wconf 89' lang='lat' dir='ltr'><strong>cavus</strong></span> <span class='ocrx_word' id='word_1_681' title='bbox 2236 3709 2329 3771; x_wconf 91' lang='lat' dir='ltr'><strong>sit,</strong></span> <span class='ocrx_word' id='word_1_682' title='bbox 2362 3722 2566 3762; x_wconf 88' lang='lat' dir='ltr'><strong>nonum</strong></span> <span class='ocrx_word' id='word_1_683' title='bbox 2590 3704 2896 3761; x_wconf 88' lang='lat' dir='ltr'><strong>desinentis</strong></span> <span class='ocrx_word' id='word_1_684' title='bbox 2923 3710 3049 3774; x_wconf 85' lang='lat' dir='ltr'><strong>post</strong></span> <span class='ocrx_word' id='word_1_685' title='bbox 3076 3703 3399 3758; x_wconf 89' lang='lat' dir='ltr'><strong>vicesimum</strong></span> <span class='ocrx_word' id='word_1_686' title='bbox 3436 3702 3612 3767; x_wconf 86' lang='lat' dir='ltr'><strong>dices,</strong></span> 
     </span>
    </p>
   </div>
   <div class='ocr_carea' id='block_1_92' title="bbox 2032 3791 3615 3865">
    <p class='ocr_par' dir='ltr' id='par_1_92' title="bbox 2032 3791 3615 3865">
     <span class='ocr_line' id='line_1_92' title="bbox 2032 3791 3615 3865; baseline -0.008 -9"><span class='ocrx_word' id='word_1_687' title='bbox 2032 3810 2087 3856; x_wconf 90' lang='lat' dir='ltr'><strong>et</strong></span> <span class='ocrx_word' id='word_1_688' title='bbox 2108 3800 2271 3856; x_wconf 89' lang='lat' dir='ltr'><strong>simili</strong></span> <span class='ocrx_word' id='word_1_689' title='bbox 2311 3796 2572 3865; x_wconf 84' lang='lat' dir='ltr'><strong>deinceps</strong></span> <span class='ocrx_word' id='word_1_690' title='bbox 2604 3796 2837 3858; x_wconf 86' lang='lat' dir='ltr'><strong>ratione,</strong></span> <span class='ocrx_word' id='word_1_691' title='bbox 2868 3800 2927 3847; x_wconf 89' lang='lat' dir='ltr'><strong>ut</strong></span> <span class='ocrx_word' id='word_1_692' title='bbox 2957 3793 3122 3848; x_wconf 84' lang='lat' dir='ltr'><strong>etiam</strong></span> <span class='ocrx_word' id='word_1_693' title='bbox 3152 3791 3342 3845; x_wconf 79' lang='lat' dir='ltr'><strong>Pollux</strong></span> <span class='ocrx_word' id='word_1_694' title='bbox 3386 3804 3615 3844; x_wconf 90' lang='lat' dir='ltr'><strong>enume-</strong></span> 
     </span>
    </p>
   </div>
   <div class='ocr_carea' id='block_1_93' title="bbox 2034 3878 3614 3957">
    <p class='ocr_par' dir='ltr' id='par_1_93' title="bbox 2034 3878 3614 3957">
     <span class='ocr_line' id='line_1_93' title="bbox 2034 3878 3614 3957; baseline -0.009 -10"><span class='ocrx_word' id='word_1_695' title='bbox 2034 3900 2142 3957; x_wconf 89' lang='lat' dir='ltr'><strong>rat,</strong></span> <span class='ocrx_word' id='word_1_696' title='bbox 2174 3890 2268 3946; x_wconf 90' lang='lat' dir='ltr'><strong>sed</strong></span> <span class='ocrx_word' id='word_1_697' title='bbox 2301 3906 2410 3944; x_wconf 90' lang='lat' dir='ltr'><strong>non</strong></span> <span class='ocrx_word' id='word_1_698' title='bbox 2437 3886 2766 3943; x_wconf 73' lang='lat' dir='ltr'><strong>sufﬁcienter</strong></span> <span class='ocrx_word' id='word_1_699' title='bbox 2802 3883 3045 3953; x_wconf 90' lang='lat' dir='ltr'><strong>quidem,</strong></span> <span class='ocrx_word' id='word_1_700' title='bbox 3076 3889 3134 3936; x_wconf 95' lang='lat' dir='ltr'><strong>ut</strong></span> <span class='ocrx_word' id='word_1_701' title='bbox 3161 3880 3255 3951; x_wconf 92' lang='lat' dir='ltr'><strong>qui</strong></span> <span class='ocrx_word' id='word_1_702' title='bbox 3283 3878 3456 3935; x_wconf 88' lang='lat' dir='ltr'><strong>solius</strong></span> <span class='ocrx_word' id='word_1_703' title='bbox 3492 3879 3614 3933; x_wconf 76' lang='lat' dir='ltr'><strong>cavi</strong></span> 
     </span>
    </p>
   </div>
   <div class='ocr_carea' id='block_1_94' title="bbox 2035 3972 3616 4038">
    <p class='ocr_par' dir='ltr' id='par_1_94' title="bbox 2035 3972 3616 4038">
     <span class='ocr_line' id='line_1_94' title="bbox 2035 3972 3616 4038; baseline -0.01 0"><span class='ocrx_word' id='word_1_704' title='bbox 2035 3982 2151 4038; x_wconf 85' lang='lat' dir='ltr'><strong>dics</strong></span> <span class='ocrx_word' id='word_1_705' title='bbox 2184 3986 2489 4037; x_wconf 84' lang='lat' dir='ltr'><strong>recenseat.</strong></span> <span class='ocrx_word' id='word_1_706' title='bbox 2523 3975 2750 4031; x_wconf 88' lang='lat' dir='ltr'><strong>Plethon</strong></span> <span class='ocrx_word' id='word_1_707' title='bbox 2777 3989 2907 4029; x_wconf 89' lang='lat' dir='ltr'><strong>vero</strong></span> <span class='ocrx_word' id='word_1_708' title='bbox 2936 3972 3259 4027; x_wconf 88' lang='lat' dir='ltr'><strong>vicesimum</strong></span> <span class='ocrx_word' id='word_1_709' title='bbox 3293 3984 3498 4024; x_wconf 91' lang='lat' dir='ltr'><strong>nonum</strong></span> <span class='ocrx_word' id='word_1_710' title='bbox 3518 3981 3616 4022; x_wconf 89' lang='lat' dir='ltr'><strong>ve-</strong></span> 
     </span>
    </p>
   </div>
   <div class='ocr_carea' id='block_1_95' title="bbox 2033 4064 3614 4141">
    <p class='ocr_par' dir='ltr' id='par_1_95' title="bbox 2033 4064 3614 4141">
     <span class='ocr_line' id='line_1_95' title="bbox 2033 4064 3614 4141; baseline -0.008 -15"><span class='ocrx_word' id='word_1_711' title='bbox 2033 4078 2206 4128; x_wconf 88' lang='lat' dir='ltr'><strong>terem</strong></span> <span class='ocrx_word' id='word_1_712' title='bbox 2242 4070 2545 4141; x_wconf 88' lang='lat' dir='ltr'><strong>appellans,</strong></span> <span class='ocrx_word' id='word_1_713' title='bbox 2576 4064 2998 4120; x_wconf 69' lang='lat' dir='ltr'><strong>et‘tricesimum</strong></span> <span class='ocrx_word' id='word_1_714' title='bbox 3029 4069 3268 4119; x_wconf 83' lang='lat' dir='ltr'><strong>veterem</strong></span> <span class='ocrx_word' id='word_1_715' title='bbox 3306 4068 3363 4116; x_wconf 90' lang='lat' dir='ltr'><strong>et</strong></span> <span class='ocrx_word' id='word_1_716' title='bbox 3386 4076 3614 4127; x_wconf 88' lang='lat' dir='ltr'><strong>novum,</strong></span> 
     </span>
    </p>
   </div>
   <div class='ocr_carea' id='block_1_96' title="bbox 2037 4151 3616 4231">
    <p class='ocr_par' dir='ltr' id='par_1_96' title="bbox 2037 4151 3616 4231">
     <span class='ocr_line' id='line_1_96' title="bbox 2037 4151 3616 4231; baseline -0.007 -13"><span class='ocrx_word' id='word_1_717' title='bbox 2037 4163 2177 4218; x_wconf 88' lang='lat' dir='ltr'><strong>nihil</strong></span> <span class='ocrx_word' id='word_1_718' title='bbox 2206 4162 2391 4229; x_wconf 84' lang='lat' dir='ltr'><strong>nobis,</strong></span> <span class='ocrx_word' id='word_1_719' title='bbox 2450 4167 2713 4231; x_wconf 89' lang='lat' dir='ltr'><strong>quantum</strong></span> <span class='ocrx_word' id='word_1_720' title='bbox 2750 4159 2817 4214; x_wconf 91' lang='lat' dir='ltr'><strong>ad</strong></span> <span class='ocrx_word' id='word_1_721' title='bbox 2853 4159 2993 4213; x_wconf 89' lang='lat' dir='ltr'><strong>hanc</strong></span> <span class='ocrx_word' id='word_1_722' title='bbox 3046 4170 3184 4217; x_wconf 90' lang='lat' dir='ltr'><strong>rem,</strong></span> <span class='ocrx_word' id='word_1_723' title='bbox 3213 4154 3498 4210; x_wconf 90' lang='lat' dir='ltr'><strong>dissonum</strong></span> <span class='ocrx_word' id='word_1_724' title='bbox 3530 4151 3616 4207; x_wconf 87' lang='lat' dir='ltr'><strong>af-</strong></span> 
     </span>
    </p>
   </div>
   <div class='ocr_carea' id='block_1_97' title="bbox 2035 4244 3617 4322">
    <p class='ocr_par' dir='ltr' id='par_1_97' title="bbox 2035 4244 3617 4322">
     <span class='ocr_line' id='line_1_97' title="bbox 2035 4244 3617 4322; baseline -0.006 -13"><span class='ocrx_word' id='word_1_725' title='bbox 2035 4254 2158 4310; x_wconf 84' lang='lat' dir='ltr'><strong>fert.</strong></span> <span class='ocrx_word' id='word_1_726' title='bbox 2186 4252 2339 4308; x_wconf 90' lang='lat' dir='ltr'><strong>Diem</strong></span> <span class='ocrx_word' id='word_1_727' title='bbox 2380 4253 2547 4316; x_wconf 89' lang='lat' dir='ltr'><strong>enim,</strong></span> <span class='ocrx_word' id='word_1_728' title='bbox 2589 4268 2750 4322; x_wconf 88' lang='lat' dir='ltr'><strong>quem</strong></span> <span class='ocrx_word' id='word_1_729' title='bbox 2784 4249 3083 4306; x_wconf 90' lang='lat' dir='ltr'><strong>secundum</strong></span> <span class='ocrx_word' id='word_1_730' title='bbox 3130 4246 3428 4318; x_wconf 79' lang='lat' dir='ltr'><strong>praecipitis</strong></span> <span class='ocrx_word' id='word_1_731' title='bbox 3477 4244 3617 4300; x_wconf 88' lang='lat' dir='ltr'><strong>dici-</strong></span> 
     </span>
    </p>
   </div>
   <div class='ocr_carea' id='block_1_98' title="bbox 2033 4335 3614 4413">
    <p class='ocr_par' dir='ltr' id='par_1_98' title="bbox 2033 4335 3614 4413">
     <span class='ocr_line' id='line_1_98' title="bbox 2033 4335 3614 4413; baseline -0.004 -15"><span class='ocrx_word' id='word_1_732' title='bbox 2033 4361 2179 4411; x_wconf 89' lang='lat' dir='ltr'><strong>mus,</strong></span> <span class='ocrx_word' id='word_1_733' title='bbox 2220 4344 2309 4399; x_wconf 90' lang='lat' dir='ltr'><strong>ille</strong></span> <span class='ocrx_word' id='word_1_734' title='bbox 2365 4354 2603 4399; x_wconf 87' lang='lat' dir='ltr'><strong>veterem</strong></span> <span class='ocrx_word' id='word_1_735' title='bbox 2659 4342 2913 4413; x_wconf 85' lang='lat' dir='ltr'><strong>appellat,</strong></span> <span class='ocrx_word' id='word_1_736' title='bbox 2945 4349 3005 4393; x_wconf 93' lang='lat' dir='ltr'><strong>ut</strong></span> <span class='ocrx_word' id='word_1_737' title='bbox 3059 4338 3198 4393; x_wconf 84' lang='lat' dir='ltr'><strong>forte</strong></span> <span class='ocrx_word' id='word_1_738' title='bbox 3261 4351 3477 4392; x_wconf 87' lang='lat' dir='ltr'><strong>sacrum</strong></span> <span class='ocrx_word' id='word_1_739' title='bbox 3507 4335 3614 4407; x_wconf 87' lang='lat' dir='ltr'><strong>ipsi</strong></span> 
     </span>
    </p>
   </div>
   <div class='ocr_carea' id='block_1_99' title="bbox 2035 4426 3613 4497">
    <p class='ocr_par' dir='ltr' id='par_1_99' title="bbox 2035 4426 3613 4497">
     <span class='ocr_line' id='line_1_99' title="bbox 2035 4426 3613 4497; baseline -0.006 -8"><span class='ocrx_word' id='word_1_740' title='bbox 2035 4431 2257 4490; x_wconf 87' lang='lat' dir='ltr'><strong>Plutoni</strong></span> <span class='ocrx_word' id='word_1_741' title='bbox 2309 4430 2847 4490; x_wconf 81' lang='lat' dir='ltr'><strong>exsistentem.Nam</strong></span> <span class='ocrx_word' id='word_1_742' title='bbox 2894 4445 2960 4485; x_wconf 80' lang='lat' dir='ltr'><strong>ex</strong></span> <span class='ocrx_word' id='word_1_743' title='bbox 3010 4427 3326 4497; x_wconf 87' lang='lat' dir='ltr'><strong>hujusmodi</strong></span> <span class='ocrx_word' id='word_1_744' title='bbox 3370 4426 3613 4497; x_wconf 88' lang='lat' dir='ltr'><strong>appella-</strong></span> 
     </span>
    </p>
   </div>
   <div class='ocr_carea' id='block_1_100' title="bbox 2038 4518 3612 4597">
    <p class='ocr_par' dir='ltr' id='par_1_100' title="bbox 2038 4518 3612 4597">
     <span class='ocr_line' id='line_1_100' title="bbox 2038 4518 3612 4597; baseline -0.008 -14"><span class='ocrx_word' id='word_1_745' title='bbox 2038 4529 2192 4583; x_wconf 92' lang='lat' dir='ltr'><strong>tione</strong></span> <span class='ocrx_word' id='word_1_746' title='bbox 2211 4527 2397 4582; x_wconf 90' lang='lat' dir='ltr'><strong>nescio</strong></span> <span class='ocrx_word' id='word_1_747' title='bbox 2429 4526 2560 4597; x_wconf 89' lang='lat' dir='ltr'><strong>quid</strong></span> <span class='ocrx_word' id='word_1_748' title='bbox 2600 4540 2785 4597; x_wconf 76' lang='lat' dir='ltr'><strong>grave,</strong></span> <span class='ocrx_word' id='word_1_749' title='bbox 2819 4522 3237 4593; x_wconf 91' lang='lat' dir='ltr'><strong>superciliosum</strong></span> <span class='ocrx_word' id='word_1_750' title='bbox 3265 4527 3319 4574; x_wconf 89' lang='lat' dir='ltr'><strong>et</strong></span> <span class='ocrx_word' id='word_1_751' title='bbox 3349 4518 3612 4589; x_wconf 76' lang='lat' dir='ltr'><strong>tragicum</strong></span> 
     </span>
    </p>
   </div>
   <div class='ocr_carea' id='block_1_101' title="bbox 2036 4610 3615 4690">
    <p class='ocr_par' dir='ltr' id='par_1_101' title="bbox 2036 4610 3615 4690">
     <span class='ocr_line' id='line_1_101' title="bbox 2036 4610 3615 4690; baseline -0.008 -17"><span class='ocrx_word' id='word_1_752' title='bbox 2036 4635 2149 4690; x_wconf 74' lang='lat' dir='ltr'><strong>pra:</strong></span> <span class='ocrx_word' id='word_1_753' title='bbox 2176 4634 2236 4675; x_wconf 89' lang='lat' dir='ltr'><strong>se</strong></span> <span class='ocrx_word' id='word_1_754' title='bbox 2263 4618 2369 4674; x_wconf 88' lang='lat' dir='ltr'><strong>fert</strong></span> <span class='ocrx_word' id='word_1_755' title='bbox 2403 4633 2415 4669; x_wconf 92' lang='lat'><strong>:</strong></span> <span class='ocrx_word' id='word_1_756' title='bbox 2443 4632 2564 4687; x_wconf 79' lang='lat' dir='ltr'><strong>quae</strong></span> <span class='ocrx_word' id='word_1_757' title='bbox 2593 4632 2683 4672; x_wconf 86' lang='lat' dir='ltr'><strong>res</strong></span> <span class='ocrx_word' id='word_1_758' title='bbox 2713 4615 2957 4687; x_wconf 88' lang='lat' dir='ltr'><strong>apprime</strong></span> <span class='ocrx_word' id='word_1_759' title='bbox 2981 4629 3120 4683; x_wconf 91' lang='lat' dir='ltr'><strong>opus</strong></span> <span class='ocrx_word' id='word_1_760' title='bbox 3147 4622 3231 4668; x_wconf 91' lang='lat' dir='ltr'><strong>est</strong></span> <span class='ocrx_word' id='word_1_761' title='bbox 3261 4611 3328 4665; x_wconf 87' lang='lat' dir='ltr'><strong>iis</strong></span> <span class='ocrx_word' id='word_1_762' title='bbox 3376 4610 3469 4680; x_wconf 87' lang='lat' dir='ltr'><strong>qui</strong></span> <span class='ocrx_word' id='word_1_763' title='bbox 3500 4616 3615 4662; x_wconf 84' lang='lat' dir='ltr'><strong>tra-</strong></span> 
     </span>
    </p>
   </div>
   <div class='ocr_carea' id='block_1_102' title="bbox 2037 4701 3615 4774">
    <p class='ocr_par' dir='ltr' id='par_1_102' title="bbox 2037 4701 3615 4774">
     <span class='ocr_line' id='line_1_102' title="bbox 2037 4701 3615 4774; baseline -0.009 -8"><span class='ocrx_word' id='word_1_764' title='bbox 2037 4712 2255 4767; x_wconf 88' lang='lat' dir='ltr'><strong>ctandis</strong></span> <span class='ocrx_word' id='word_1_765' title='bbox 2297 4712 2469 4766; x_wconf 85' lang='lat' dir='ltr'><strong>sacris</strong></span> <span class='ocrx_word' id='word_1_766' title='bbox 2502 4708 2880 4764; x_wconf 90' lang='lat' dir='ltr'><strong>vehementius</strong></span> <span class='ocrx_word' id='word_1_767' title='bbox 2936 4713 3291 4774; x_wconf 85' lang='lat' dir='ltr'><strong>occupantur.</strong></span> <span class='ocrx_word' id='word_1_768' title='bbox 3325 4701 3615 4756; x_wconf 79' lang='lat' dir='ltr'><strong>Enimvero</strong></span> 
     </span>
    </p>
   </div>
   <div class='ocr_carea' id='block_1_103' title="bbox 2038 4789 3616 4871">
    <p class='ocr_par' dir='ltr' id='par_1_103' title="bbox 2038 4789 3616 4871">
     <span class='ocr_line' id='line_1_103' title="bbox 2038 4789 3616 4871; baseline -0.009 -15"><span class='ocrx_word' id='word_1_769' title='bbox 2038 4799 2460 4871; x_wconf 87' lang='lat' dir='ltr'><strong>periclitandum</strong></span> <span class='ocrx_word' id='word_1_770' title='bbox 2487 4807 2573 4854; x_wconf 89' lang='lat' dir='ltr'><strong>est</strong></span> <span class='ocrx_word' id='word_1_771' title='bbox 2594 4798 2659 4853; x_wconf 92' lang='lat' dir='ltr'><strong>ad</strong></span> <span class='ocrx_word' id='word_1_772' title='bbox 2679 4799 2864 4851; x_wconf 85' lang='lat' dir='ltr'><strong>lunam</strong></span> <span class='ocrx_word' id='word_1_773' title='bbox 2895 4796 3011 4850; x_wconf 89' lang='lat' dir='ltr'><strong>dies</strong></span> <span class='ocrx_word' id='word_1_774' title='bbox 3045 4807 3354 4849; x_wconf 84' lang='lat' dir='ltr'><strong>numerare.</strong></span> <span class='ocrx_word' id='word_1_775' title='bbox 3387 4789 3616 4857; x_wconf 87' lang='lat' dir='ltr'><strong>Quando</strong></span> 
     </span>
    </p>
   </div>
   <div class='ocr_carea' id='block_1_104' title="bbox 2037 4884 3617 4948">
    <p class='ocr_par' dir='ltr' id='par_1_104' title="bbox 2037 4884 3617 4948">
     <span class='ocr_line' id='line_1_104' title="bbox 2037 4884 3617 4948; baseline -0.008 -1"><span class='ocrx_word' id='word_1_776' title='bbox 2037 4891 2293 4947; x_wconf 88' lang='lat' dir='ltr'><strong>etiamid</strong></span> <span class='ocrx_word' id='word_1_777' title='bbox 2348 4890 2452 4945; x_wconf 86' lang='lat' dir='ltr'><strong>sibi</strong></span> <span class='ocrx_word' id='word_1_778' title='bbox 2484 4890 2599 4944; x_wconf 86' lang='lat' dir='ltr'><strong>vult</strong></span> <span class='ocrx_word' id='word_1_779' title='bbox 2651 4904 2714 4945; x_wconf 87' lang='lat' dir='ltr'><strong>ea</strong></span> <span class='ocrx_word' id='word_1_780' title='bbox 2762 4889 3031 4943; x_wconf 87' lang='lat' dir='ltr'><strong>mensium</strong></span> <span class='ocrx_word' id='word_1_781' title='bbox 3089 4884 3430 4948; x_wconf 88' lang='lat' dir='ltr'><strong>constitutio,</strong></span> <span class='ocrx_word' id='word_1_782' title='bbox 3490 4894 3617 4936; x_wconf 89' lang='lat' dir='ltr'><strong>cum</strong></span> 
     </span>
    </p>
   </div>
   <div class='ocr_carea' id='block_1_105' title="bbox 2037 4973 3614 5054">
    <p class='ocr_par' dir='ltr' id='par_1_105' title="bbox 2037 4973 3614 5054">
     <span class='ocr_line' id='line_1_105' title="bbox 2037 4973 3614 5054; baseline -0.008 -18"><span class='ocrx_word' id='word_1_783' title='bbox 2037 4984 2180 5054; x_wconf 90' lang='lat' dir='ltr'><strong>pleni</strong></span> <span class='ocrx_word' id='word_1_784' title='bbox 2229 4983 2345 5046; x_wconf 92' lang='lat' dir='ltr'><strong>alii,</strong></span> <span class='ocrx_word' id='word_1_785' title='bbox 2379 4983 2472 5036; x_wconf 91' lang='lat' dir='ltr'><strong>alii</strong></span> <span class='ocrx_word' id='word_1_786' title='bbox 2509 4981 2625 5036; x_wconf 89' lang='lat' dir='ltr'><strong>cavi</strong></span> <span class='ocrx_word' id='word_1_787' title='bbox 2654 4987 2968 5035; x_wconf 87' lang='lat' dir='ltr'><strong>sumuntur.</strong></span> <span class='ocrx_word' id='word_1_788' title='bbox 3004 4976 3112 5033; x_wconf 88' lang='lat' dir='ltr'><strong>Sed</strong></span> <span class='ocrx_word' id='word_1_789' title='bbox 3146 4991 3256 5030; x_wconf 89' lang='lat' dir='ltr'><strong>non</strong></span> <span class='ocrx_word' id='word_1_790' title='bbox 3286 4973 3480 5030; x_wconf 85' lang='lat' dir='ltr'><strong>sulllcit</strong></span> <span class='ocrx_word' id='word_1_791' title='bbox 3525 4979 3614 5025; x_wconf 88' lang='lat' dir='ltr'><strong>ta-</strong></span> 
     </span>
    </p>
   </div>
   <div class='ocr_carea' id='block_1_106' title="bbox 2035 5061 3615 5142">
    <p class='ocr_par' dir='ltr' id='par_1_106' title="bbox 2035 5061 3615 5142">
     <span class='ocr_line' id='line_1_106' title="bbox 2035 5061 3615 5142; baseline -0.007 -16"><span class='ocrx_word' id='word_1_792' title='bbox 2035 5087 2185 5126; x_wconf 90' lang='lat' dir='ltr'><strong>men.</strong></span> <span class='ocrx_word' id='word_1_793' title='bbox 2213 5069 2494 5142; x_wconf 90' lang='lat' dir='ltr'><strong>Siquidem</strong></span> <span class='ocrx_word' id='word_1_794' title='bbox 2535 5077 2589 5125; x_wconf 91' lang='lat' dir='ltr'><strong>et</strong></span> <span class='ocrx_word' id='word_1_795' title='bbox 2608 5070 2711 5123; x_wconf 88' lang='lat' dir='ltr'><strong>alia</strong></span> <span class='ocrx_word' id='word_1_796' title='bbox 2744 5068 2990 5139; x_wconf 60' lang='lat' dir='ltr'><strong>quaedam</strong></span> <span class='ocrx_word' id='word_1_797' title='bbox 3033 5066 3228 5123; x_wconf 85' lang='lat' dir='ltr'><strong>crebro</strong></span> <span class='ocrx_word' id='word_1_798' title='bbox 3258 5061 3615 5120; x_wconf 89' lang='lat' dir='ltr'><strong>commentari</strong></span> 
     </span>
    </p>
   </div>
   <div class='ocr_carea' id='block_1_107' title="bbox 2037 5160 3617 5232">
    <p class='ocr_par' dir='ltr' id='par_1_107' title="bbox 2037 5160 3617 5232">
     <span class='ocr_line' id='line_1_107' title="bbox 2037 5160 3617 5232; baseline -0.006 -15"><span class='ocrx_word' id='word_1_799' title='bbox 2037 5170 2274 5232; x_wconf 90' lang='lat' dir='ltr'><strong>oportet,</strong></span> <span class='ocrx_word' id='word_1_800' title='bbox 2317 5163 2363 5218; x_wconf 91' lang='lat' dir='ltr'><strong>si</strong></span> <span class='ocrx_word' id='word_1_801' title='bbox 2405 5161 2823 5217; x_wconf 88' lang='lat' dir='ltr'><strong>consonantiam</strong></span> <span class='ocrx_word' id='word_1_802' title='bbox 2869 5160 3342 5230; x_wconf 66' lang='lat' dir='ltr'><strong>aequalitatemque</strong></span> <span class='ocrx_word' id='word_1_803' title='bbox 3399 5167 3617 5209; x_wconf 86' lang='lat' dir='ltr'><strong>servare</strong></span> 
     </span>
    </p>
   </div>
   <div class='ocr_carea' id='block_1_108' title="bbox 2036 5242 3617 5325">
    <p class='ocr_par' dir='ltr' id='par_1_108' title="bbox 2036 5242 3617 5325">
     <span class='ocr_line' id='line_1_108' title="bbox 2036 5242 3617 5325; baseline -0.009 -16"><span class='ocrx_word' id='word_1_804' title='bbox 2036 5256 2269 5311; x_wconf 89' lang='lat' dir='ltr'><strong>velimus</strong></span> <span class='ocrx_word' id='word_1_805' title='bbox 2302 5271 2315 5307; x_wconf 91' lang='lat'><strong>:</strong></span> <span class='ocrx_word' id='word_1_806' title='bbox 2348 5255 2400 5311; x_wconf 92' lang='lat' dir='ltr'><strong>id</strong></span> <span class='ocrx_word' id='word_1_807' title='bbox 2423 5255 2565 5325; x_wconf 91' lang='lat' dir='ltr'><strong>quod</strong></span> <span class='ocrx_word' id='word_1_808' title='bbox 2598 5263 2820 5325; x_wconf 89' lang='lat' dir='ltr'><strong>propter</strong></span> <span class='ocrx_word' id='word_1_809' title='bbox 2841 5268 2950 5308; x_wconf 89' lang='lat' dir='ltr'><strong>non</strong></span> <span class='ocrx_word' id='word_1_810' title='bbox 2976 5266 3196 5321; x_wconf 86' lang='lat' dir='ltr'><strong>parvam</strong></span> <span class='ocrx_word' id='word_1_811' title='bbox 3251 5250 3392 5303; x_wconf 72' lang='lat' dir='ltr'><strong>lunae</strong></span> <span class='ocrx_word' id='word_1_812' title='bbox 3424 5242 3617 5299; x_wconf 88' lang='lat' dir='ltr'><strong>confu-</strong></span> 
     </span>
    </p>
   </div>
   <div class='ocr_carea' id='block_1_109' title="bbox 2040 5336 3616 5411">
    <p class='ocr_par' dir='ltr' id='par_1_109' title="bbox 2040 5336 3616 5411">
     <span class='ocr_line' id='line_1_109' title="bbox 2040 5336 3616 5411; baseline -0.01 -9"><span class='ocrx_word' id='word_1_813' title='bbox 2040 5347 2251 5402; x_wconf 89' lang='lat' dir='ltr'><strong>sionem</strong></span> <span class='ocrx_word' id='word_1_814' title='bbox 2282 5353 2368 5402; x_wconf 91' lang='lat' dir='ltr'><strong>est</strong></span> <span class='ocrx_word' id='word_1_815' title='bbox 2401 5344 2638 5401; x_wconf 73' lang='lat' dir='ltr'><strong>difﬁcile.</strong></span> <span class='ocrx_word' id='word_1_816' title='bbox 2681 5344 2801 5411; x_wconf 86' lang='lat' dir='ltr'><strong>Quo</strong></span> <span class='ocrx_word' id='word_1_817' title='bbox 2834 5343 2913 5407; x_wconf 86' lang='lat' dir='ltr'><strong>fit,</strong></span> <span class='ocrx_word' id='word_1_818' title='bbox 2944 5350 3005 5397; x_wconf 90' lang='lat' dir='ltr'><strong>ut</strong></span> <span class='ocrx_word' id='word_1_819' title='bbox 3029 5348 3223 5411; x_wconf 75' lang='lat' dir='ltr'><strong>,neque</strong></span> <span class='ocrx_word' id='word_1_820' title='bbox 3252 5336 3616 5392; x_wconf 85' lang='lat' dir='ltr'><strong>Athenienses</strong></span> 
     </span>
    </p>
   </div>
   <div class='ocr_carea' id='block_1_110' title="bbox 2037 5430 3615 5506">
    <p class='ocr_par' dir='ltr' id='par_1_110' title="bbox 2037 5430 3615 5506">
     <span class='ocr_line' id='line_1_110' title="bbox 2037 5430 3615 5506; baseline -0.007 -18"><span class='ocrx_word' id='word_1_821' title='bbox 2037 5437 2325 5492; x_wconf 89' lang='lat' dir='ltr'><strong>videantur</strong></span> <span class='ocrx_word' id='word_1_822' title='bbox 2367 5445 2515 5493; x_wconf 89' lang='lat' dir='ltr'><strong>recte</strong></span> <span class='ocrx_word' id='word_1_823' title='bbox 2548 5445 2711 5506; x_wconf 85' lang='lat' dir='ltr'><strong>atque</strong></span> <span class='ocrx_word' id='word_1_824' title='bbox 2748 5436 2940 5490; x_wconf 86' lang='lat' dir='ltr'><strong>ordine</strong></span> <span class='ocrx_word' id='word_1_825' title='bbox 2997 5430 3312 5504; x_wconf 88' lang='lat' dir='ltr'><strong>procedere,</strong></span> <span class='ocrx_word' id='word_1_826' title='bbox 3355 5434 3416 5482; x_wconf 88' lang='lat' dir='ltr'><strong>ut</strong></span> <span class='ocrx_word' id='word_1_827' title='bbox 3454 5441 3516 5480; x_wconf 79' lang='lat' dir='ltr'><strong>ex</strong></span> <span class='ocrx_word' id='word_1_828' title='bbox 3549 5438 3615 5478; x_wconf 90' lang='lat' dir='ltr'><strong>eo</strong></span> 
     </span>
    </p>
   </div>
   <div class='ocr_carea' id='block_1_111' title="bbox 358 5520 3615 5605">
    <p class='ocr_par' dir='ltr' id='par_1_111' title="bbox 358 5520 3615 5605">
     <span class='ocr_line' id='line_1_111' title="bbox 358 5520 3615 5605; baseline -0.005 -16"><span class='ocrx_word' id='word_1_829' title='bbox 358 5535 659 5605; x_wconf 72' lang='lat' dir='ltr'><strong>coniectari</strong></span> <span class='ocrx_word' id='word_1_830' title='bbox 723 5542 829 5600; x_wconf 87' lang='lat' dir='ltr'><strong>est,</strong></span> <span class='ocrx_word' id='word_1_831' title='bbox 868 5534 1015 5605; x_wconf 90' lang='lat' dir='ltr'><strong>quod</strong></span> <span class='ocrx_word' id='word_1_832' title='bbox 1074 5534 1320 5590; x_wconf 90' lang='lat' dir='ltr'><strong>comicus</strong></span> <span class='ocrx_word' id='word_1_833' title='bbox 1380 5533 1568 5587; x_wconf 88' lang='lat' dir='ltr'><strong>lunam</strong></span> <span class='ocrx_word' id='word_1_834' title='bbox 1636 5531 1767 5587; x_wconf 89' lang='lat' dir='ltr'><strong>facit</strong></span> <span class='ocrx_word' id='word_1_835' title='bbox 1827 5531 1895 5586; x_wconf 88' lang='lat' dir='ltr'><strong>iis</strong></span> <span class='ocrx_word' id='word_1_836' title='bbox 1942 5547 2287 5598; x_wconf 82' lang='lat' dir='ltr'><strong>succensere,</strong></span> <span class='ocrx_word' id='word_1_837' title='bbox 2321 5531 2465 5602; x_wconf 87' lang='lat' dir='ltr'><strong>quod</strong></span> <span class='ocrx_word' id='word_1_838' title='bbox 2509 5547 2616 5585; x_wconf 90' lang='lat' dir='ltr'><strong>non</strong></span> <span class='ocrx_word' id='word_1_839' title='bbox 2654 5538 2803 5585; x_wconf 87' lang='lat' dir='ltr'><strong>recte</strong></span> <span class='ocrx_word' id='word_1_840' title='bbox 2836 5530 2903 5584; x_wconf 90' lang='lat' dir='ltr'><strong>ad</strong></span> <span class='ocrx_word' id='word_1_841' title='bbox 2934 5542 3091 5583; x_wconf 92' lang='lat' dir='ltr'><strong>suum</strong></span> <span class='ocrx_word' id='word_1_842' title='bbox 3150 5524 3322 5596; x_wconf 90' lang='lat' dir='ltr'><strong>ipsius</strong></span> <span class='ocrx_word' id='word_1_843' title='bbox 3366 5520 3615 5578; x_wconf 87' lang='lat' dir='ltr'><strong>curricu-</strong></span> 
     </span>
    </p>
   </div>
   <div class='ocr_carea' id='block_1_112' title="bbox 357 5620 3615 5703">
    <p class='ocr_par' dir='ltr' id='par_1_112' title="bbox 357 5620 3615 5703">
     <span class='ocr_line' id='line_1_112' title="bbox 357 5620 3615 5703; baseline -0.005 -18"><span class='ocrx_word' id='word_1_844' title='bbox 357 5631 473 5685; x_wconf 86' lang='lat' dir='ltr'><strong>lum</strong></span> <span class='ocrx_word' id='word_1_845' title='bbox 501 5639 748 5703; x_wconf 90' lang='lat' dir='ltr'><strong>tempora</strong></span> <span class='ocrx_word' id='word_1_846' title='bbox 784 5630 1100 5703; x_wconf 75' lang='lat' dir='ltr'><strong>dirigerent,</strong></span> <span class='ocrx_word' id='word_1_847' title='bbox 1119 5630 1217 5687; x_wconf 88' lang='lat' dir='ltr'><strong>sed</strong></span> <span class='ocrx_word' id='word_1_848' title='bbox 1243 5629 1384 5685; x_wconf 86' lang='lat' dir='ltr'><strong>infra</strong></span> <span class='ocrx_word' id='word_1_849' title='bbox 1415 5643 1581 5699; x_wconf 88' lang='lat' dir='ltr'><strong>supra</strong></span> <span class='ocrx_word' id='word_1_850' title='bbox 1626 5626 2046 5693; x_wconf 86' lang='lat' dir='ltr'><strong>confunderent;</strong></span> <span class='ocrx_word' id='word_1_851' title='bbox 2079 5626 2159 5682; x_wconf 89' lang='lat' dir='ltr'><strong>sic</strong></span> <span class='ocrx_word' id='word_1_852' title='bbox 2218 5626 2365 5680; x_wconf 89' lang='lat' dir='ltr'><strong>enim</strong></span> <span class='ocrx_word' id='word_1_853' title='bbox 2424 5627 2516 5681; x_wconf 91' lang='lat' dir='ltr'><strong>ille</strong></span> <span class='ocrx_word' id='word_1_854' title='bbox 2570 5626 2834 5695; x_wconf 87' lang='lat' dir='ltr'><strong>loquitur.</strong></span> <span class='ocrx_word' id='word_1_855' title='bbox 2894 5620 3291 5693; x_wconf 84' lang='lat' dir='ltr'><strong>Experiendum</strong></span> <span class='ocrx_word' id='word_1_856' title='bbox 3315 5625 3497 5671; x_wconf 88' lang='lat' dir='ltr'><strong>tamen</strong></span> <span class='ocrx_word' id='word_1_857' title='bbox 3530 5620 3615 5669; x_wconf 91' lang='lat' dir='ltr'><strong>est</strong></span> 
     </span>
    </p>
   </div>
   <div class='ocr_carea' id='block_1_113' title="bbox 354 5721 3617 5799">
    <p class='ocr_par' dir='ltr' id='par_1_113' title="bbox 354 5721 3617 5799">
     <span class='ocr_line' id='line_1_113' title="bbox 354 5721 3617 5799; baseline -0.006 -18"><span class='ocrx_word' id='word_1_858' title='bbox 354 5727 650 5785; x_wconf 80' lang='lat' dir='ltr'><strong>emendare</strong></span> <span class='ocrx_word' id='word_1_859' title='bbox 691 5741 791 5799; x_wconf 90' lang='lat' dir='ltr'><strong>pro</strong></span> <span class='ocrx_word' id='word_1_860' title='bbox 862 5727 1031 5793; x_wconf 82' lang='lat' dir='ltr'><strong>virili,</strong></span> <span class='ocrx_word' id='word_1_861' title='bbox 1083 5726 1288 5785; x_wconf 89' lang='lat' dir='ltr'><strong>utendo</strong></span> <span class='ocrx_word' id='word_1_862' title='bbox 1352 5724 1573 5783; x_wconf 83' lang='lat' dir='ltr'><strong>assidue</strong></span> <span class='ocrx_word' id='word_1_863' title='bbox 1626 5722 1979 5795; x_wconf 84' lang='lat' dir='ltr'><strong>peritissimis</strong></span> <span class='ocrx_word' id='word_1_864' title='bbox 2048 5722 2356 5793; x_wconf 69' lang='lat' dir='ltr'><strong>astrologiae</strong></span> <span class='ocrx_word' id='word_1_865' title='bbox 2429 5721 2861 5793; x_wconf 85' lang='lat' dir='ltr'><strong>speculationum</strong></span> <span class='ocrx_word' id='word_1_866' title='bbox 2922 5723 3423 5790; x_wconf 70' lang='lat' dir='ltr'><strong>prmccptornmque</strong></span> <span class='ocrx_word' id='word_1_867' title='bbox 3482 5724 3617 5764; x_wconf 69' lang='grc' dir='ltr'><strong>σου-ο</strong></span> 
     </span>
    </p>
   </div>
   <div class='ocr_carea' id='block_1_114' title="bbox 355 5817 594 5875">
    <p class='ocr_par' dir='ltr' id='par_1_114' title="bbox 355 5817 594 5875">
     <span class='ocr_line' id='line_1_114' title="bbox 355 5817 594 5875; baseline -0.017 0"><span class='ocrx_word' id='word_1_868' title='bbox 355 5817 594 5875; x_wconf 64' lang='grc' dir='ltr'><strong>ιῖίστίὲι.</strong></span> 
     </span>
    </p>
   </div>
  </div>
