4106 6400
404 430 541 489 1215

1382 418 1735 478 ΤΗΕΟΒΟΒΙ
1772 418 1980 475 esu:
2018 418 2223 474 LIBER
2264 420 2354 476 ne
2392 420 2762 481 uensmus.
2872 398 2880 409 ’

3519 427 3660 483 1214

399 547 688 617 καθίστησι
732 544 834 618 τὴν
878 543 1089 616 τροπὴν
1140 542 1218 614 τῷ
1267 541 1511 604 ἐπιόντι,
1566 540 1660 593 καὶ
1716 536 1966 610 περιττὰς

2075 553 2185 608 quo
2209 539 2623 596 intercalatione
2652 540 2797 596 facta
2817 541 3014 613 quinto
3036 548 3093 598 et
3119 540 3382 598 vicesimo
3403 541 3490 599 die
3504 558 3658 599 men-

398 641 579 696 πέντε.
614 640 781 692 Ὠστο
826 636 886 690 τὸ
936 634 1133 706 ἑφεξῆς
1184 635 1250 706 δὴ
1293 633 1498 706 ἐϐδόμῃ
1550 630 1837 703 ἱσταμένου
1882 629 1976 683 τοῦ

408 731 876 803 Ἑκατομϐαιῶνος
923 729 1240 802 τροπιάσει,
1278 728 1374 780 καὶ
1412 725 1575 799 ὀγδόῃ
1616 725 1709 778 ἐπὶ
1745 722 1877 776 δέκα
1919 723 1979 776 τὸ

397 827 514 895 μετ’
550 824 703 878 αὑτό.
744 821 947 878 Τούτου
980 821 1037 874 δὲ
1074 820 1236 874 πάλιν
1280 817 1695 889 ὲμϐολάζοντος,
1736 818 1769 887 ἠ
1802 813 1977 888 τροπή

390 915 619 988 δευτέρᾳ.
652 913 744 968 τοῦ
794 912 1092 985 ἐμϐολίμου
1134 911 1413 982 φθίνοντος
1451 909 1602 963 ἔσται
1638 909 1719 979 τῷ
1748 908 1975 973 ἐπιόντι,

394 1008 491 1062 καὶ
542 1006 794 1079 περιτταὶ
845 1004 957 1058 δύο.
1016 1003 1105 1075 Τῷ
1151 1003 1259 1075 ἄρα
1307 1001 1434 1070 ἑξῆς
1476 1004 1557 1065 εἰς
1600 1002 1834 1072 δεκάτην
1880 999 1975 1053 τοῦ

402 1096 875 1171 Ἑκατομϐαιῶνος
914 1094 1261 1167 περιΐσταται
1293 1094 1329 1165 ἡ
1370 1091 1571 1164 τροπὴ,
1615 1094 1712 1145 καὶ
1761 1091 1840 1163 τῷ
1881 1093 1976 1146 ὲπὶ

391 1191 565 1262 τούτῳ
598 1193 679 1254 είς
708 1190 938 1260 δεκάτην
972 1187 1036 1258 δὴ
1070 1186 1371 1256 φθίνοντος.
1412 1184 1574 1237 Τουτὶ
1601 1184 1645 1237 δ’
1676 1184 1975 1255 ὲμϐολάζον

391 1283 695 1337 τελευταῖον
727 1281 827 1352 τῆς
856 1278 1078 1352 πρώτης
1110 1278 1407 1341 ἑνδεκάδος,
1436 1278 1517 1340 είς
1539 1276 1798 1346 δευτέραν
1826 1278 1976 1329 ίστα-

393 1373 555 1445 μένου
580 1372 672 1427 τοῦ
706 1370 1177 1442 Ἑκατομϐαιῶνος
1199 1365 1598 1437 ἀποκαθίστησι
1623 1365 1721 1436 τὴν
1742 1365 1972 1436 τροπὴν,

391 1464 649 1538 περιττὴν
681 1463 779 1535 μὲν
821 1460 1088 1534 μηδεμίαν
1117 1458 1428 1520 ὑπολεῖπον,
1468 1458 1595 1527 μιᾶς
1644 1454 1690 1507 δ’
1722 1455 1803 1507 ἔτι
1834 1452 1970 1508 δέον.

389 1556 537 1629 Αὕτη
574 1556 671 1629 μὲν
700 1551 794 1610 οὖν
828 1552 1020 1627 πρώτη
1054 1549 1300 1614 ἐνδεκάς,
1327 1549 1420 1603 καὶ
1451 1546 1697 1618 περίοδος
1730 1546 1787 1598 ὲν
1818 1545 1973 1616 μέρει

388 1650 483 1704 καὶ
510 1647 736 1719 ἀτελὴς,
772 1643 1048 1716 ἀρχομένη
1081 1642 1179 1714 μὲν
1208 1640 1317 1695 ἀπὸ
1348 1637 1646 1709 νουμηνίας
1676 1634 1771 1688 τοῦ
1816 1635 1975 1688 Ἐκα-

387 1739 745 1811 τομϐαιῶνος,
792 1734 1098 1791 τελευτῶσα
1134 1734 1191 1787 δὲ
1230 1734 1311 1796 είς
1355 1730 1613 1802 δευτέραν
1660 1727 1969 1798 ἱσταμένου,

384 1831 452 1885 δι’
485 1830 715 1894 ἑπτάδος
747 1826 1030 1897 ίθαγενοῦς
1070 1825 1272 1897 δηλαδὴ
1314 1820 1686 1894 βοηθουμένης
1716 1817 1972 1891 τετράδος

387 1892 757 1995 ἑμϐολιμαίων
785 1892 940 1974 ἐτῶν·
970 1892 1199 1991 δευτέρα
1229 1892 1285 1969 δέ
1310 1892 1472 1987 δμοία
1502 1892 1583 1978 είς
1605 1913 1795 1985 τρίτην
1819 1912 1971 1965 ίστα-
2003 1892 2043 1948 Β

390 2015 550 2086 μένου
599 2011 1000 2080 ἀποκαθίστησι
1045 2009 1143 2081 τὴν
1186 2009 1418 2081 τροπήν·
1460 2004 1651 2076 τρίτην
1686 2003 1730 2057 δ’
1774 2003 1973 2073 ἔχουσα

384 2107 537 2173 τάξιν
580 2105 767 2168 ὀκτάς,
812 2103 1017 2174 ὁμοίως
1062 2098 1446 2171 ὲφοδευομένη,
1497 2098 1698 2169 πληροῖ
1736 2096 1834 2166 τὴν
1873 2094 1972 2166 τῆς

382 2198 510 2269 ὅλης
556 2197 650 2252 καὶ
700 2193 1022 2259 αὐτοτελοῦς
1077 2192 1328 2265 περιόδου
1370 2189 1839 2253 ἀποκατάστασιν,
1890 2189 1971 2251 είς

384 2290 679 2362 νουμηνίαν
728 2285 1143 2343 ἀποκαθιστᾶσα
1182 2283 1278 2337 τοῦ
1320 2280 1815 2353 Ἑκατομϐαιῶνος.
1861 2278 1971 2332 Καὶ

383 2385 471 2438 ἀεὶ
509 2382 683 2447 οὕτως
731 2381 1149 2453 περιϊστάμεναι
1196 2379 1253 2431 αἱ
1291 2375 1511 2447 τροπαὶ,
1550 2372 1824 2444 ὁμολόγως
1858 2374 1970 2437 τοῖς

387 2477 553 2549 μησὶν
579 2475 784 2543 ἕξουσι,
826 2471 1265 2547 προστιθεμένων
1304 2469 1399 2523 καὶ
1430 2469 1537 2522 τῶν
1573 2465 1969 2549 ἐπιτρεχόντων

386 2568 610 2640 μορίων,
642 2566 790 2631 ὅπως
822 2565 888 2619 ἂν
922 2565 1142 2637 ἄμεινον
1175 2563 1305 2634 δοκῇ
1333 2559 1701 2634 προστιθέναι.
1732 2556 1968 2628 Θεωρεί-

384 2661 496 2714 σθω
522 2659 579 2712 δὲ
601 2658 773 2713 ταῦτα
793 2658 932 2712 κάπὶ
960 2657 1058 2728 τῆς
1088 2654 1401 2727 ὲκτεθείσης
1424 2652 1753 2725 διαγραφῆς.
1782 2651 1968 2707 Ταῦτα

384 2751 485 2822 μὲν
514 2753 579 2805 ὲκ
613 2749 817 2805 τούτων
865 2747 1196 2821 θεωρείσθω,
1241 2747 1349 2818 ὅτῳ
1399 2745 1677 2817 ἐπιμελές·
1722 2745 1771 2797 εί
1803 2743 1859 2797 δέ
1888 2760 1966 2816 τῳ

383 2844 535 2914 φίλον
574 2844 665 2896 καὶ
706 2841 848 2896 κατὰ
884 2840 1149 2912 Πλήθωνα
1192 2839 1421 2910 διαιρεῖν
1461 2854 1519 2892 τε
1562 2837 1657 2891 καὶ
1687 2835 1963 2908 ἀριθμεῖν,

381 2934 492 2989 οὐδ’
517 2932 665 3004 αὐτῷ
684 2950 738 2985 τι
766 2930 964 2986 κωλύει
992 2929 1223 3001 χρῆσθαι
1245 2932 1311 3001 τῇ
1333 2927 1483 2993 τάξει
1504 2946 1564 2982 τε
1589 2929 1681 2981 καὶ
1700 2928 1965 3000 ὀνομασίᾳ

380 3025 490 3081 τῶν
522 3024 707 3096 μηνῶν
742 3026 808 3096 τῇ
845 3021 1189 3092 ἀποδοθείσῃ.
1223 3021 1341 3075 Κᾶν
1371 3020 1598 3092 Πλήθων
1627 3019 1768 3074 οὕτω
1797 3020 1965 3073 διονο-

385 3118 569 3191 μάζων
597 3118 728 3190 περὶ
754 3115 937 3188 μηνῶν
957 3114 1218 3186 ἔγραφεν,
1241 3115 1290 3167 εί
1314 3116 1443 3185 παρ’
1470 3113 1631 3166 ἄλλου
1659 3112 1841 3166 λαϐεῖν
1862 3113 1961 3185 τὴν

380 3212 518 3284 πρὸς
545 3210 809 3282 ἀλλήλους
845 3206 1093 3273 σύνταξιν
1124 3207 1234 3262 τῶν
1266 3207 1451 3279 μηνῶν
1483 3202 1625 3307 εἶχεν
1655 3206 1848 3278 ὀρθῶς·
1875 3207 1964 3260 ού-
1992 3247 2036 3307 c

379 3300 472 3356 θὲν
498 3301 608 3374 γὰρ
630 3300 779 3371 αὑτῷ
807 3298 930 3353 οὔτε
957 3300 1058 3363 τάς
1090 3298 1426 3370 ἱερομηνίας,
1451 3295 1574 3351 οῦτε
1598 3297 1706 3351 τῶν
1739 3298 1963 3371 ἡμερῶν

378 3394 476 3465 τὴν
522 3393 924 3466 καταρίθμησιν
973 3390 1281 3462 ἐλυμαίνετ’
1322 3388 1389 3443 ἂν
1425 3390 1461 3461 ἧ
1507 3407 1571 3458 γε
1624 3390 1731 3444 τῶν
1778 3390 1963 3463 μηνῶν

376 3485 659 3557 ὀνομασία,
684 3485 759 3549 ὡς
802 3485 1071 3554 Ἀθηναῖοι
1106 3477 1262 3553 ἦγον·
1294 3481 1368 3535 ὲῶ
1395 3480 1595 3549 λέγειν.
1626 3480 1701 3545 ὡς
1727 3483 1821 3535 καὶ
1843 3482 1964 3535 ἐσέ-

383 3596 578 3651 μνυνεν
603 3577 669 3631 ἂν
695 3577 893 3649 κομιδῇ
919 3574 1293 3646 ἐπικοσμοῦσα
1320 3573 1382 3628 τὸ
1407 3574 1660 3646 γράμμα.
1686 3573 1801 3628 Νῦν
1814 3575 1858 3627 δ’
1876 3575 1962 3629 ὅδε

375 3672 436 3725 τὸ
460 3671 558 3742 μὲν
574 3671 771 3725 ἄτοπον
798 3670 930 3741 ἡμῖν
954 3667 1054 3739 τῆς
1084 3668 1323 3739 ἐκφορᾶς
1349 3665 1459 3719 τῶν
1494 3666 1819 3738 Ῥωμαϊκῶν
1846 3667 1963 3720 ὀνο-

381 3762 564 3833 μάτων
605 3762 845 3833 φεύγων,
888 3758 1213 3828 Ἰανουάριον
1240 3757 1334 3812 καὶ
1359 3758 1745 3829 Φεϐρουάριον,
1770 3759 1866 3811 καὶ
1891 3758 1962 3811 τὰ

373 3852 599 3906 τοιαῦτα
638 3852 738 3905 οὐκ
768 3850 1043 3922 ὁνομάζει’
1086 3849 1306 3920 ἀπορῶν
1336 3848 1394 3902 δὲ
1421 3849 1519 3919 τὴν
1558 3847 1810 3914 σύνταξιν
1850 3848 1960 3903 τῶν

386 3942 731 4014 Ἑλληνικῶν,
759 3943 853 3997 καὶ
884 3942 944 3995 τὸ
970 3942 1100 4013 περὶ
1125 3940 1222 4011 τὴν
1246 3938 1471 4012 ζήτησιν
1493 3939 1839 4011 ταλαίπωρον
1867 3940 1959 3993 εὐ-

378 4034 729 4106 λαϐούμενος,
763 4034 855 4088 ἐπὶ
880 4033 940 4086 τὸ
972 4033 1261 4104 πρόχειρον
1300 4031 1557 4103 τρέπεται
1582 4031 1678 4085 τοῦ
1702 4031 1956 4104 ἀριθμοῦ.

2077 632 2157 688 sis
2184 633 2525 688 intercalarii'
2547 634 2799 705 sequenti
2822 649 2991 699 anno,
3022 635 3234 690 scilicet
3263 642 3440 702 sexto,
3473 636 3659 692 solsti-

2077 724 2212 778 tium
2237 725 2559 789 collocatur,
2591 734 2647 781 et
2683 725 3031 796 supermmnt
3083 726 3348 797 quinque.
3400 727 3657 798 Quapro-

2074 824 2199 887 pter
2259 834 2438 874 annus
2490 820 2755 888 septimus
2823 835 3062 890 sequens
3137 821 3369 890 septimo
3414 821 3658 877 ineuntis

2075 906 2544 965 Hecatombaconis
2574 910 2871 966 solstitium
2894 918 3137 982 peraget,
3155 925 3212 967 et
3233 911 3446 967 decimo
3464 922 3658 968 octavo

2074 1016 2254 1057 annus
2278 1010 2526 1058 octavus.
2567 1002 2683 1059 Hoc
2712 1020 2935 1059 rursum
2968 1004 3283 1059 intercalari
3336 1003 3502 1067 facto,
3546 1005 3658 1059 sol-

2075 1095 2284 1150 stitium
2317 1095 2422 1151 erit
2443 1095 2710 1151 vicesimo
2735 1111 2880 1150 nono
2914 1094 3003 1150 die
3060 1098 3268 1152 mensis
3319 1096 3656 1151 intercalarii

2074 1200 2219 1240 anno
2249 1194 2535 1256 sequente,
2567 1194 2620 1241 et
2644 1186 2763 1242 dies
2803 1187 3146 1243 abundantes
3173 1186 3305 1241 duo.
3338 1186 3497 1240 Anno
3525 1202 3657 1241 vero

2073 1278 2331 1343 decimo,
2386 1278 2441 1332 in
2508 1278 2780 1333 decimum
2825 1279 3295 1335 lieeatombseonis
3359 1278 3655 1334 solstitium

2074 1369 2470 1440 circumagitur
2503 1389 2515 1424 :
2544 1378 2597 1424 et
2630 1371 2881 1440 proximo
2925 1371 2981 1426 in
3014 1372 3341 1427 vicesimum
3389 1372 3652 1442 primum,

2072 1461 2169 1531 qui
2199 1459 2378 1517 factus
2408 1463 2754 1519 intercalaris
2799 1464 3028 1520 ultimus
3086 1465 3308 1534 quidem
3347 1463 3508 1536 primi
3551 1478 3656 1518 une

2073 1552 2304 1615 denarii,
2357 1555 2412 1608 in
2461 1556 2763 1610 secundum
2826 1554 3299 1613 Hecatombaaonis
3350 1557 3653 1612 solstitium

2072 1646 2335 1710 restituit,
2362 1646 2571 1700 uultum
2609 1646 2943 1717 superﬂuum
2975 1648 3309 1719 relinquens,
3340 1649 3435 1705 sed
3473 1647 3652 1703 adhuc

2074 1738 2161 1795 die
2188 1754 2299 1793 uno
2330 1738 2599 1810 indigens.
2634 1741 2754 1810 Ipse
2772 1742 2937 1813 igitur
2969 1742 3182 1813 primus
3204 1742 3561 1811 undenarius,
3596 1755 3654 1798 et

2074 1830 2426 1900 particularis
2457 1832 2737 1902 periodus,
2766 1841 2821 1888 et
2850 1833 3199 1904 imperfecta,
3232 1835 3504 1905 incipiens
3530 1836 3656 1906 qui-

2072 1921 2194 1977 dem
2231 1937 2262 1976 a
2294 1923 2578 1977 novilunio
2615 1922 3108 1988 Hecatombaeonis,
3139 1926 3228 1982 die
3252 1940 3379 1982 vero
3408 1926 3654 1982 secundo

2073 2013 2320 2083 ejusdem
2349 2012 2567 2081 ﬁniens,
2596 2029 2696 2084 per
2717 2021 2923 2084 septem
2973 2016 3186 2072 scilicet
3216 2029 3390 2071 annos
3427 2022 3654 2070 natura-

2073 2104 2175 2170 les,
2199 2104 2505 2175 opitulante
2534 2105 2943 2161 intercalarium
2960 2122 3236 2161 annorum
3263 2107 3650 2178 quaternione.

2075 2196 2363 2253 Secundus
2386 2205 2646 2267 praeterea
2686 2198 3024 2255 undenarius
3080 2199 3335 2255 similiter
3390 2199 3446 2253 in
3504 2198 3649 2255 diem

2072 2287 2295 2344 tertium
2326 2286 2797 2344 Hecatombmonis
2828 2290 3125 2346 solstitium
3158 2289 3357 2359 reiicit,
3390 2297 3445 2344 at
3486 2289 3653 2344 tertio

2072 2378 2197 2435 loco
2222 2381 2541 2437 octonarius
2585 2381 3045 2452 positus,pariter
3088 2382 3379 2447 decursus,
3440 2381 3653 2452 perﬁcit

2073 2470 2521 2543 illam_universa:
2543 2472 2905 2544 perfectaeque
2936 2473 3147 2544 periodi
3169 2473 3387 2543 plenam
3438 2474 3650 2528 instau-

2070 2564 2362 2630 rationem,
2394 2565 2691 2621 solstitium
2722 2565 2778 2621 in
2807 2565 3153 2621 ncomeniam
3182 2564 3653 2623 Hecatomhzanis

2071 2656 2390 2713 restituens.
2415 2655 2483 2711 Et
2505 2656 2587 2712 sic
2616 2672 2835 2728 semper
2870 2657 3207 2713 circumacta
3240 2658 3484 2714 solstitia
3524 2673 3650 2713 cum

2070 2748 2352 2803 mensibus
2384 2756 2725 2820 congruent,
2761 2748 2965 2804 additis
3018 2750 3181 2805 etiam
3239 2750 3527 2819 particulis
3555 2766 3652 2804 ex-

2070 2842 2419 2896 currentibus
2452 2856 2614 2911 quam
2646 2840 3100 2897 commodissile
3128 2839 3257 2895 addi
3289 2857 3453 2913 posse
3500 2842 3652 2898 vide-

2068 2932 2294 2987 buntur.
2320 2930 2492 2987 Porro
2514 2931 2918 2987 consideranda
2946 2931 3063 2986 haec
3118 2939 3248 2987 sunt
3277 2933 3441 2989 etiam
3471 2934 3526 2988 in
3556 2950 3653 2989 ex-

2067 3028 2248 3094 posita
2272 3017 2705 3096 "descriptaque
2761 3025 2980 3090 tabella,
3017 3025 3065 3080 si
3121 3024 3213 3080 cui
3267 3026 3320 3080 id
3370 3041 3517 3081 cura:
3541 3034 3647 3084 est.

2068 3111 2225 3180 Quod
2256 3112 2303 3169 si
2338 3112 2430 3168 cui
2483 3114 2661 3183 placet
2726 3113 3029 3169 secundum
3077 3111 3395 3168 Plethonem
3460 3112 3652 3168 distri-

2067 3205 2257 3269 buere,
2289 3212 2343 3260 et
2372 3219 2685 3268 numerare,
2716 3204 2856 3260 nihil
2913 3204 3067 3259 illum
3123 3203 3402 3275 impediat,
3435 3204 3650 3275 quomi-

2067 3316 2173 3356 nus
2192 3308 2248 3356 et
2279 3298 2475 3355 ordine
2502 3305 2711 3364 utatur,
2742 3306 2798 3354 et
2822 3297 3108 3354 nominum
3136 3298 3349 3352 ratione
3392 3306 3522 3353 ante
3549 3313 3648 3353 ex-

2068 3394 2289 3466 plicata.
2336 3392 2517 3463 Atque
2546 3393 2711 3448 etiam
2766 3391 2997 3448 Plethon
3059 3391 3163 3445 bac
3204 3390 3650 3446 denominatione

2068 3502 2204 3543 usus
2243 3492 2411 3550 esset,
2433 3500 2557 3540 cum
2590 3486 2659 3541 de
2690 3485 2972 3541 mensibus
3005 3485 3291 3549 scriberet,
3320 3483 3365 3540 si
3396 3491 3546 3539 recte
3577 3483 3650 3540 ab

2068 3579 2177 3633 alio
2203 3578 2441 3633 mutuari
2460 3577 2601 3632 hanc
2628 3586 2875 3632 mutuam
2904 3578 3176 3633 mensium
3213 3576 3409 3632 seriem
3437 3578 3650 3647 potuis-

2070 3679 2172 3727 set.
2201 3669 2390 3741 Neque
2424 3670 2570 3727 enim
2602 3669 2705 3740 ipsi
2737 3685 2868 3725 suas
2901 3667 3089 3734 ferias,
3135 3668 3460 3739 dierumque
3509 3683 3648 3723 enu-

2066 3763 2430 3819 merationem
2460 3762 2847 3818 labefactasset
2871 3761 3176 3816 Atticorum
3219 3761 3494 3816 mensium
3547 3773 3649 3814 no-

2065 3854 2405 3910 menclatura
2431 3852 2532 3909 :'ut
2563 3853 2784 3908 interim
2814 3859 3050 3917 taceam,
3081 3859 3352 3923 quantum
3406 3852 3646 3922 dignita-

2065 3946 2139 3999 tis
2158 3951 2213 3999 et
2242 3944 2552 4016 splendoris
2603 3942 2896 4009 attulisset,
2923 3942 3127 3997 librum
3165 3942 3343 4013 ipsum
3404 3940 3646 4012 scriptu-

2066 4052 2293 4107 ramque
2322 4037 2540 4093 abunde
2567 4049 2867 4092 exornans.
2900 4033 3059 4089 Nunc
3088 4049 3217 4090 vero
3240 4034 3329 4090 ille
3354 4033 3644 4089 absurdam

376 4129 537 4184 nobis
569 4117 935 4183 Romanorum
959 4126 1228 4183 mensium
1263 4127 1693 4193 enuntiationem
1722 4126 2019 4198 refugiens.
2062 4146 2165 4186 nec
2195 4129 2539 4198 Ianuarium,
2582 4144 2682 4184 nec
2706 4126 3092 4191 Februarium,
3129 4142 3231 4181 nec
3272 4125 3511 4196 reliquos
3544 4140 3645 4179 no-

375 4219 544 4273 minat
572 4237 585 4273 :
617 4216 792 4289 deque
829 4216 1141 4274 Gracorum
1170 4219 1441 4274 mensium
1464 4217 1657 4274 ordine
1682 4218 2113 4289 dubitabundus,
2145 4231 2200 4280 et
2229 4223 2434 4280 laboris
2467 4220 2830 4293 investigandi
2862 4218 3123 4292 fugitans,
3169 4217 3237 4274 ad
3265 4217 3481 4273 numeri
3508 4216 3646 4273 faei-

370 4311 575 4368 litatcm
598 4312 903 4369 divertitur.

769 4405 909 4474 Περὶ
935 4405 1130 4476 ἀρχῆς
1155 4405 1266 4475 τῆς
1293 4406 1540 4477 ἡμέρας.

441 4499 527 4552 Κ’.
580 4497 824 4570 Ἡμέρας
849 4497 893 4550 δ’
924 4498 1098 4571 ἀρχὴν
1137 4498 1420 4570 (συγγενὲς
1444 4499 1554 4571 γάρ
1585 4499 1665 4571 τῷ
1692 4502 1821 4573 περὶ
1851 4518 1956 4573 μη-

372 4588 481 4643 νῶν
509 4589 652 4661 λόγῳ
675 4590 770 4643 καὶ
798 4590 974 4661 τοῦτο)
1010 4590 1281 4662 Ἀθηναῖοι
1310 4592 1406 4662 μὲν
1434 4592 1526 4661 ἀφ’
1555 4592 1706 4663 ἡλίου
1733 4591 1954 4664 δυσμῶν

371 4675 527 4751 ἦγον,
555 4681 655 4753 τὴν
683 4680 856 4735 νύκτα
881 4684 948 4753 τῇ
988 4684 1106 4752 μετ’
1156 4682 1327 4754 αὐτὴν
1375 4682 1555 4755 ἡμέρᾳ
1591 4682 1949 4754 λογιζόμενοι,

373 4773 468 4826 καὶ
504 4772 596 4826 τὸν
644 4771 846 4843 μεταξὺ
891 4772 1082 4841 γρεσον
1128 4773 1290 4845 μέχρι
1336 4773 1446 4827 τῶν
1489 4776 1690 4846 ἑτέρων
1732 4773 1952 4844 δυσμῶν

376 4860 506 4930 μίαν
534 4859 810 4931 τιθέμενοι
842 4860 1073 4931 ημέραν,
1123 4862 1200 4925 ὡς
1237 4858 1407 4927 Αὖλος
1456 4862 1742 4934 Ῥωμαίων
1774 4862 1954 4932 λόγιος

370 4952 599 5023 Μάρκον
624 4952 853 5024 Βάρωνα
876 4952 1316 5025 ἀναγεγραφέναι
1347 4954 1499 5024 φησί·
1535 4955 1797 5026 Ῥωμαῖοι
1823 4956 1880 5009 δὲ
1903 4956 1952 5009 oi

376 5047 475 5116 μὲν
503 5048 722 5117 ἀρχαῖοι
752 5046 860 5101 ἀπὸ
885 5044 1064 5117 μέσων
1083 5046 1292 5099 νυκτῶν
1312 5046 1561 5118 ἤρχοντο,
1584 5040 1666 5110 οἷς
1687 5046 1783 5101 καὶ
1805 5046 1953 5118 Πλή-

372 5139 481 5193 θων
512 5140 780 5212 ἑπόμενος
811 5138 985 5212 ἀρχὴν
1012 5138 1266 5209 τοιαύτην
1291 5140 1547 5192 ποιεῖται⁵
1578 5139 1628 5191 οί
1658 5136 1754 5193 νῦν
1777 5138 1835 5191 δὲ
1858 5137 1952 5207 ἀφ’

377 5233 526 5301 ηλίου
552 5234 866 5304 ἀνίσχοντος
895 5233 1107 5301 ἄγουσι·
1149 5231 1545 5304 παραπλησίως
1576 5232 1634 5286 δὲ
1660 5232 1755 5286 καὶ
1780 5232 1831 5284 οἱ
1859 5230 1954 5285 νῦν

375 5321 653 5393 Ἕλληνες.
673 5322 865 5378 Καίτοι
888 5320 1194 5376 τούναντίον
1217 5320 1385 5391 ὲχρῆν
1417 5318 1737 5391 σύμπαντας
1752 5317 1876 5382 τούς
1889 5335 1954 5387 γε

373 5415 483 5468 ἀπὸ
518 5415 759 5487 Χριστοῦ
791 5413 1086 5478 ποιεῖσθαι,
1119 5411 1511 5485 χαριζομένους
1538 5410 1617 5481 τῷ
1650 5410 1949 5483 ἀρχηγέτῃ.

372 5505 529 5559 οὕτω
549 5506 657 5579 γὰρ
694 5507 853 5579 μόνον
888 5506 1039 5560 ἔσται
1067 5507 1312 5578 τριταῖον
1344 5502 1643 5558 ἀναϐιῶναι
1674 5503 1838 5557 αὑτὸν
1867 5520 1955 5557 τε-

372 5597 600 5664 θνεῶτα,
636 5599 732 5653 ἑάν
754 5600 789 5672 ἡ
816 5600 916 5671 τῆς
935 5598 1148 5672 ἡμέρας
1181 5597 1324 5670 ἀρχὴ
1348 5596 1692 5669 λαμϐάνηται
1719 5598 1837 5668 ἦτοι
1859 5596 1953 5651 ἀπ’

377 5688 554 5758 ἄκρας
582 5690 808 5757 νυκτὸς,
839 5689 916 5755 ὡς
957 5689 1231 5762 Ἀθηναῖοι
1257 5686 1413 5761 ἦγον,
1447 5689 1479 5760 ἢ
1509 5688 1618 5742 ἀπὸ
1648 5688 1840 5759 μέσης,
1877 5688 1953 5751 ὡς

381 5776 663 5854 Ῥωμαῖοι.
705 5784 941 5855 Πότερον
986 5784 1063 5848 δὲ,
1107 5784 1169 5837 οὐ
1212 5783 1393 5856 ῥᾴδιον
1438 5783 1844 5853 ἀποφήνασθαι.
1891 5786 1953 5836 Οἱ

379 5874 476 5941 μὲν
499 5876 606 5948 γὰρ
631 5878 756 5949 περὶ
778 5877 868 5933 τὸν
890 5875 1068 5932 ’Ἄθων
1092 5873 1327 5945 θεολόγοι
1359 5892 1495 5931 κατε
1521 5876 1691 5948 μέσην
1711 5874 1951 5948 ἀκριϐῶς

2417 4463 2423 4469 ,
2594 4402 2675 4457 De
2700 4401 2965 4472 principio
2983 4398 3109 4454 diei.
3240 4472 3247 4481 .

2130 4493 2251 4550 XX.
2280 4492 2618 4563 Principium
2654 4505 2784 4545 vero
2813 4488 2922 4544 diei
2970 4482 3441 4558 (quandoquidem
3501 4496 3641 4553 prte-

1984 4573 2030 4628 D
2058 4589 2197 4647 senti
2222 4588 2292 4644 de
2335 4586 2621 4643 mensibus
2651 4583 2892 4639 sermoni
2938 4581 2993 4635 id
3045 4594 3265 4651 quoque
3322 4590 3640 4651 germanum

2052 4681 2157 4753 est)
2188 4680 2552 4735 Athenienses
2585 4692 2615 4730 a
2644 4674 2777 4731 solis
2825 4687 3030 4728 occasu
3092 4669 3489 4734 observabant,
3540 4682 3641 4723 no-

2052 4783 2193 4831 ctem
2211 4771 2319 4827 diei
2340 4768 2591 4839 sequenti
2620 4767 2985 4828 ascribentes,
3028 4772 3084 4820 et
3113 4777 3277 4819 omne
3313 4761 3373 4817 in
3398 4759 3640 4816 medium

2056 4873 2271 4934 tempus
2310 4860 2379 4916 ad
2414 4860 2646 4915 alterum
2678 4857 3024 4913 occidentem
3056 4868 3227 4909 unum
3257 4852 3404 4907 diem
3431 4851 3641 4908 consti-

2052 4964 2295 5021 tuentes,
2323 4961 2382 5008 ut
2401 4953 2577 5008 Aulus
2604 4949 2834 5014 Gellius,
2864 4948 3094 5003 Latinus
3128 4942 3322 5002 auctor
3366 4959 3479 5000 non
3520 4944 3640 4999 ine-

2052 5061 2201 5122 ptus,
2238 5048 2479 5101 Marcum
2522 5043 2825 5098 Varronem
2866 5042 3090 5111 scriptis
3127 5038 3421 5094 mandasse
3449 5038 3635 5093 tradit.

2051 5142 2122 5196 At
2144 5140 2375 5195 Romani
2404 5136 2609 5208 priscis
2639 5134 2983 5205 temporibus
3014 5148 3044 5186 a
3073 5132 3253 5187 media
3283 5130 3640 5206 quidem_no-

2052 5242 2139 5289 cte
2169 5230 2503 5287 inchoabant
2536 5247 2549 5282 :
2579 5242 2721 5283 auos
2743 5226 2969 5281 Plethon
3007 5224 3228 5278 imitans
3259 5222 3400 5276 idem
3425 5218 3634 5290 princi-

2052 5326 2203 5397 pium
2252 5322 2405 5377 facit.
2436 5323 2591 5375 Nunc
2643 5334 2772 5374 vero
2802 5317 2872 5371 ab
2913 5315 3126 5371 oriente
3182 5314 3297 5370 sele
3329 5313 3637 5381 inceptant,

2053 5416 2353 5484 itidemque
2378 5406 2582 5468 Graeci.
2605 5408 2931 5479 Quanquam
2964 5414 3154 5461 contra
3178 5401 3636 5475 oportebatChri-

2053 5507 2265 5564 stianos
2287 5519 2479 5559 omnes
2507 5502 2707 5565 facere,
2749 5501 2804 5554 id
2836 5497 3093 5568 obsequii
3124 5512 3227 5553 suo
3255 5495 3497 5565 Principi
3540 5511 3637 5550 ex-

2052 5599 2323 5654 hibentes.
2348 5594 2441 5651 Sic
2468 5595 2613 5651 enim
2647 5594 2823 5649 solum
2857 5589 3135 5646 constabit
3178 5588 3328 5642 illum
3355 5595 3632 5642 mortuum

2053 5692 2217 5747 tertio
2243 5689 2334 5744 die
2362 5688 2649 5752 revixisse,
2684 5688 2731 5741 si
2758 5687 2898 5740 vela
2931 5697 3146 5739 summa
3182 5688 3363 5744 nocte,
3397 5689 3458 5735 ut
3491 5680 3632 5737 sole-

2052 5783 2185 5839 bant
2206 5781 2567 5836 Athenienses
2587 5822 2603 5844 ,
2633 5779 2718 5834 vel
2769 5793 2798 5831 a
2825 5777 3026 5840 media,
3054 5782 3115 5828 ut
3156 5772 3409 5834 Romani.
3478 5771 3633 5843 prin-

2056 5876 2261 5949 cipium
2280 5873 2386 5931 diei
2417 5881 2687 5930 sumatur.
2716 5869 2908 5927 Utrum
2940 5881 3067 5925 vero
3095 5866 3300 5940 potius,
3340 5864 3491 5922 dictu
3519 5878 3630 5919 non
