4106 6424
477 405 617 464 1215

1533 405 1622 460 AD
1672 402 1942 461 EUSEBII
1979 402 2375 460 CHBONICON
2412 401 2777 462 APPENDIX.

3588 402 3724 457 I2l6

477 534 564 580 est
600 521 783 579 facile.
809 520 948 578 Nam
981 521 1240 593 theologi,
1275 521 1369 592 qui
1396 523 1652 578 accolunt
1676 522 1859 578 Athon
1895 537 2052 577 mon-

2167 523 2324 578 nix-ta
2365 523 2620 594 γενέσθαι
2656 523 2757 594 τὴν
2787 521 3081 577 ἀναϐίωσιν
3117 518 3457 591 ἐξηγοῦνται,
3499 520 3730 574 καὶτῶν

479 625 613 677 tem,
647 615 775 670 totis
811 615 1022 670 viribus
1052 613 1385 670 contendunt
1429 615 1648 670 circiter
1698 614 1878 670 noctis
1935 630 2050 670 me-

481 708 632 761 dium
661 707 1116 762 resurrectionem
1152 704 1348 760 factam
1379 721 1536 772 esse;
1569 715 1624 761 et
1648 720 1806 761 sacra
1842 705 1933 760 illa
1960 721 2055 760 an-

485 801 736 852 telucana
772 799 826 851 in
847 799 967 866 ejus
995 798 1074 851 rei
1111 798 1428 852 memoriam
1451 811 1483 851 a
1516 797 1694 852 media
1725 803 1884 852 nocte
1913 796 2054 850 inci-

486 892 662 962 piunt.
688 892 929 957 Quorum
978 890 1116 944 ratio
1178 891 1287 944 hoc
1322 889 1520 954 habet,
1576 888 1720 960 quod
1762 890 2054 960 contigerit

488 984 744 1038 mulieres
777 983 1048 1052 profundo
1075 983 1295 1052 quidem
1341 981 1584 1036 diluculo
1611 981 1680 1036 ad
1730 995 2053 1035 monumen-

489 1083 606 1129 tum
660 1075 957 1144 profectas,
1013 1081 1073 1128 ut
1125 1073 1512 1144 exsequiarum
1568 1073 1718 1143 justa
1775 1073 1843 1127 de
1903 1086 2056 1127 more

489 1175 831 1238 peragerent,
855 1165 1175 1220 defunctum
1209 1180 1319 1220 non
1351 1164 1649 1224 invenisse.
1683 1172 1743 1218 ut
1783 1160 1962 1216 Lucas
1997 1161 2056 1214 in

489 1273 592 1314 suo
632 1257 926 1328 Evangelio
965 1257 1307 1328 perscripsit.
1345 1255 1482 1311 lllud
1520 1256 1666 1311 enim
1723 1253 2054 1324 profundum

489 1349 793 1404 diluculum
817 1349 1126 1420 proximum
1163 1357 1380 1417 tempus
1416 1345 1610 1400 mediae
1659 1344 1808 1399 nocti
1856 1341 2058 1413 signifi-

490 1455 617 1495 care
641 1433 978 1495 existimant.
1009 1436 1187 1493 Simul
1219 1453 1348 1493 vero
1391 1436 1472 1492 sic
1510 1450 1729 1506 quoque
1788 1433 1914 1504 plus
1955 1431 2058 1484 ali-

489 1542 698 1605 quanto
725 1533 871 1588 tertii
893 1532 1003 1588 diei
1025 1532 1391 1586 contineatur.
1427 1527 1691 1598 lstudque
1720 1525 1844 1598 plus
1899 1523 2060 1596 169

491 1627 708 1696 signum
725 1623 1034 1680 evidentius
1063 1629 1149 1679 est
1187 1621 1362 1692 ipsius
1395 1619 1610 1674 dierum
1637 1614 1926 1672 temionis.
1951 1613 2059 1670 Sed

489 1732 558 1769 ex
589 1715 738 1770 Italis
791 1714 1024 1769 Romani
1065 1720 1192 1784 post
1243 1711 1476 1768 mediam
1512 1716 1728 1764 noctem
1773 1706 1830 1762 id
1890 1704 2061 1761 fuisse

492 1808 664 1870 aiunt,
695 1817 749 1862 et
781 1805 1110 1876 profundum
1163 1803 1297 1859 illud
1344 1802 1425 1857 sic
1451 1801 1781 1870 intelligunt,
1813 1804 1872 1852 ut
1899 1811 1928 1849 a
1960 1811 2061 1850 no-

2154 615 2530 669 ἀναστατικῶν
2565 615 2824 685 ἄρχονται
2858 613 3058 686 ὀργίων
3092 613 3252 676 εὐθὺς
3290 612 3398 697 ἀπὸ
3429 610 3606 682 μέσων
3636 627 3728 664 νυ-

2155 705 2322 760 κτῶν.
2355 706 2526 774 Λόγος
2559 704 2602 757 δ’
2626 703 2826 768 αὐτῶν,
2866 704 2948 757 ὅτι
2973 701 3073 766 τὰς
3105 703 3186 766 είς
3220 700 3282 754 τὸ
3319 701 3507 773 μνῆμα
3533 700 3743 768 ὰφικφ,

2160 798 2329 870 μένας
2347 799 2612 866 γυναῖκας
2631 794 3037 867 ὲπαμείψασθαι
3061 793 3130 847 τὰ
3153 791 3510 864 νενομισμένα
3531 789 3730 862 ὄρθρου

2161 889 2260 960 μὲν
2289 887 2368 941 ἔτι
2406 887 2599 958 βαθέος
2645 885 3069 958 παραγενέσθαι,
3113 886 3188 958 μὴ
3217 884 3509 956 εὑρηκέναι
3549 883 3608 936 δὲ
3637 881 3730 936 τὸν

2157 982 2370 1051 νεκρὸν,
2397 981 2446 1034 οἱ
2477 980 2604 1052 περὶ
2630 981 2843 1034 Λουκᾶν
2869 979 2977 1032 τῶν
3009 977 3410 1046 εύαγγελιστῶν
3443 976 3730 1047 γεγράφα-

2161 1091 2246 1128 σιν
2291 1073 2646 1147 ἱστοροῦντες.
2691 1072 2766 1126 Τὸ
2795 1072 2902 1142 γὰρ
2929 1070 3024 1126 τοῦ
3055 1070 3252 1143 ὄρθρου
3291 1069 3427 1142 βαθὺ
3465 1069 3528 1123 τὸ
3564 1067 3732 1138 ὲγγύς

2161 1183 2262 1219 που
2285 1166 2382 1236 τῆς
2411 1164 2582 1236 μέσης
2602 1165 2795 1228 νυκτὸς
2817 1163 3043 1236 μηνύειν
3064 1161 3554 1234 ὑπολαμϐάνωσιν.
3579 1161 3736 1232 Ἀμα

2159 1255 2216 1310 δὲ
2246 1257 2340 1310 καί
2370 1273 2424 1310 τι
2462 1255 2624 1310 πλέον
2665 1255 3077 1328 έπιλαμϐάνοιτ’
3115 1254 3181 1308 ἂν
3218 1253 3362 1307 οῦτω
3402 1253 3501 1324 τῆς
3540 1251 3736 1324 τρίτης

2161 1347 2392 1419 ἡμέρας.
2425 1347 2500 1400 Τὸ
2527 1347 2584 1402 δὲ
2609 1347 2792 1412 πλέον,
2831 1349 3055 1419 σημεῖον
3085 1347 3152 1418 δὴ
3189 1345 3291 1416 τῆς
3327 1343 3546 1418 τριάδος
3586 1343 3737 1397 ἐστὶν

2161 1439 2572 1510 ἐναργέστερον.
2596 1439 2717 1492 Τῶν
2747 1439 2792 1492 δ’
2826 1438 3143 1494 Ἰταλιωτῶν
3165 1439 3214 1491 οί
3239 1439 3368 1510 περὶ¹
3387 1439 3486 1509 τὴν
3518 1436 3737 1508 Ῥώμην

2165 1529 2304 1602 μετά
2325 1531 2496 1602 μέσην
2518 1548 2622 1585 που
2646 1531 2815 1586 νύκτα
2841 1531 2997 1602 φασὶ,
3031 1532 3127 1585 καὶ
3153 1530 3216 1584 τὸ
3232 1530 3390 1600 βαθὺ,
3411 1529 3739 1600 ἀφιστάντες

2166 1622 2363 1688 ἱκανῶς
2403 1623 2498 1677 τοῦ
2547 1624 2735 1696 μέσου,
2774 1623 3050 1678 ἀκούουσι.
3098 1623 3342 1695 Μηδενὸς
3385 1621 3430 1676 δ’
3476 1622 3584 1694 ἀρα
3627 1620 3740 1676 τῶν

2167 1715 2529 1786 συγγραφέων
2566 1715 2992 1786 ἀποσαφοῦντος,
3027 1714 3187 1770 ὁπότε
3213 1713 3316 1786 τῆς
3345 1715 3538 1778 νυκτὸς
3556 1715 3586 1766 ὁ
3603 1713 3740 1777 Θεὸς

2165 1807 2430 1881 ἀναϐιῴη,
2458 1809 2602 1863 ἔοικε
2627 1809 2724 1881 μὲν
2751 1807 3170 1880 ἀσφαλεστέρως
3189 1807 3442 1880 ἀνέχειν,
3459 1807 3616 1872 εἴτις
3643 1807 3740 1860 ἀπ’

491 1900 596 1954 ctis
631 1898 809 1954 medio
833 1896 1164 1953 sullicienter
1187 1893 1470 1949 dirimant.
1511 1891 1648 1946 Cum
1697 1903 1828 1960 ergo
1878 1886 2064 1942 nullus

2167 1900 2342 1970 ἄκρας
2365 1901 2558 1965 νυκτὸς
2580 1901 2782 1955 τιθεῖτο
2802 1901 2899 1974 τὴν
2917 1902 3016 1973 τῆς
3041 1901 3253 1973 ἡμέρας
3275 1901 3470 1971 ἀρχήν.
3497 1897 3740 1970 Συμϐαί-

493 1989 770 2062 Evangelii
805 1991 1039 2060 scriptor
1059 1989 1274 2052 doceat,
1315 2001 1424 2057 qua
1477 1991 1634 2054 parte
1682 1983 1862 2038 noctis
1908 1980 2064 2036 Chri-

493 2089 614 2136 stus
633 2081 953 2141 surrexerit,
986 2077 1160 2132 tutius
1187 2075 1406 2145 quidem
1434 2073 1668 2137 videtur,
1701 2071 1748 2127 si
1778 2072 1902 2141 quis
1929 2085 2062 2124 con-

493 2171 686 2226 stituat
709 2186 738 2225 a
767 2185 982 2226 summa
1010 2175 1172 2223 nocte
1201 2165 1308 2221 diei
1354 2163 1706 2235 principium.
1737 2161 1874 2216 Nam
1918 2159 2065 2231 quod

490 2261 728 2316 mediam
777 2267 993 2315 noctem
1039 2255 1417 2336 subsequitur,
1467 2253 1676 2309 accedit
1724 2253 1801 2307 illi
1838 2267 1938 2322 pro
1964 2267 2062 2304 au-

495 2355 696 2408 ctario.
739 2351 946 2419 Quibus
978 2363 1108 2404 vero
1143 2348 1199 2401 in
1228 2347 1331 2400 hoc
1377 2345 1555 2399 solum
1616 2345 1760 2398 ratio
1795 2343 1900 2398 sita
1945 2349 2064 2406 est,

495 2460 603 2498 non
635 2443 810 2512 major
831 2452 915 2497 est
945 2439 1144 2493 ﬁducia
1167 2435 1314 2507 quod
1341 2434 1529 2489 volunt
1553 2433 1878 2507 assequendi
1901 2447 2065 2503 quam

498 2533 802 2604 periculum
836 2532 904 2586 ab
932 2516 996 2585 eo
1025 2525 1336 2584 aberrandi.
1389 2524 1501 2581 llos
1543 2525 1690 2579 enim
1741 2523 1862 2578 vice
1909 2537 2069 2577 versa

495 2623 600 2677 hoc
642 2621 1034 2676 inconveniens
1091 2623 1371 2686 sequetur,
1404 2613 1534 2670 dum
1586 2613 1818 2684 primam
1854 2619 2068 2666 noctem

494 2715 602 2770 diei
633 2714 962 2784 principium
998 2721 1239 2782 ponunt;
1269 2707 1414 2780 quod
1461 2721 1584 2762 cum
1638 2706 1963 2775 permissum
1994 2705 2067 2760 sit

494 2806 757 2860 carnibus
783 2805 929 2859 vesci
955 2803 1242 2873 postridie,
1275 2800 1328 2854 id
1359 2798 1578 2870 quidem
1602 2797 2066 2852 licebitasumma

495 2897 834 2967 praecedente
864 2905 1069 2950 nocte:
1109 2901 1304 2948 contra
1351 2906 1479 2946 vero
1531 2903 1657 2945 cum
1713 2887 1786 2942 sit
1834 2887 2064 2942 vetitum

491 2989 682 3044 eadem
717 2989 804 3043 die
823 3002 1035 3042 caenam
1071 2988 1138 3041 de
1166 2984 1428 3040 carnibus
1463 2997 1702 3045 sumere,
1731 2996 1841 3035 non
1867 2994 2066 3035 conce-

493 3083 657 3136 detur
692 3083 883 3138 eadem
908 3089 1088 3136 nocte.
1118 3077 1232 3134 Hae
1265 3079 1432 3148 igitur
1464 3077 1533 3132 de
1588 3090 1649 3130 re
1692 3074 1889 3130 melius
1941 3073 2068 3128 dili-

493 3192 527 3246 g
562 3177 820 3246 ntiusque
845 3177 1024 3231 denuo
1043 3183 1125 3230 est
1153 3171 1612 3229 considerandum
1645 3189 1658 3226 :
1691 3167 2067 3226 commodum-

2167 2009 2245 2044 νει
2273 1992 2382 2063 γάρ
2413 1993 2563 2064 αύτῷ
2595 1993 2654 2059 ἐξ
2687 1993 2982 2064 ἐπιμέτρου
3018 1993 3080 2046 τὸ
3111 1992 3249 2064 μετὰ
3275 1991 3372 2065 τὴν
3410 1992 3604 2063 μέσην.
3644 1984 3740 2055 Οἷς

2166 2079 2212 2132 δ’
2247 2081 2340 2134 ἐπὶ
2381 2081 2556 2152 τούτῳ
2594 2081 2752 2152 μόνον
2796 2085 2826 2136 ὀ
2861 2082 3019 2150 λόγος
3057 2081 3308 2154 βέϐηκεν,
3347 2081 3408 2134 ού
3455 2080 3656 2153 μᾶλλόν
3685 2098 3742 2134 τι

2170 2168 2370 2242 θάρρος
2425 2171 2828 2243 ἐπιτυγχάνειν,
2883 2171 2918 2244 ἢ
2975 2172 3218 2226 κίνδυνον
3277 2173 3738 2243 παραναστατεῖν.

2169 2263 2402 2315 Ἀτοπον
2457 2263 2704 2334 μέντοιγε
2747 2264 2934 2337 ἕτερον
2969 2258 3034 2318 αὖ
3077 2263 3430 2335 ἀκολουθήσει
3489 2261 3741 2333 θεμένοις

2164 2352 2463 2424 ἀκρόνυχον
2501 2353 2598 2424 τὴν
2637 2354 2831 2426 ἀρχὴν,
2875 2355 2955 2418 τὸ,
2999 2358 3065 2427 τῇ
3113 2355 3376 2428 ὑστεραίᾳ
3411 2354 3646 2426 νόμιμον
3681 2352 3741 2407 ὃν

2167 2442 2364 2496 ἐσθίειν
2406 2443 2602 2516 κρεῶν,
2656 2444 2854 2511 ἐξεῖναι
2897 2449 3239 2518 κρεωφαγεϊν
3283 2446 3378 2500 ἀπ’
3424 2445 3600 2518 ἄκρας
3643 2444 3740 2515 τῆς

2167 2533 2480 2606 ἡγουμένης
2503 2535 2713 2599 νυκτόςο
2752 2535 2847 2590 καὶ
2876 2537 3037 2590 πάλιν
3063 2536 3508 2608 ἀπηγορευμένον
3541 2531 3632 2598 αὖ,
3667 2534 3742 2606 μὴ

2171 2625 2370 2693 ἐξεῖναι
2397 2626 2611 2680 δεῖπνον
2641 2629 2707 2682 ὲκ
2734 2630 2961 2700 κρέατος
2990 2629 3090 2700 τῆς
3116 2632 3286 2700 αὐτῆς
3311 2628 3515 2697 ταύτης
3550 2625 3741 2689 νυκτός

2170 2731 2234 2783 γε
2253 2714 2488 2801 έλέσθαι.
2514 2717 2651 2789 Περὶ
2672 2717 2862 2772 τούτου
2889 2719 2986 2790 μὲν
3005 2716 3098 2773 οὖν
3120 2719 3362 2782 εἰσαῦθις
3385 2715 3731 2770 ἐπισκεπτέοι

2172 2807 2287 2860 ἐστὶ
2318 2806 2547 2878 βέλτιον,
2574 2809 2670 2862 καὶ
2695 2811 2821 2872 τοὺς
2846 2810 2976 2882 περὶ
3002 2809 3173 2864 ταῦτα
3197 2811 3402 2874 δεινοὺς
3429 2807 3718 2882 παρακαλέ

2174 2913 2373 2960 σαντας
2405 2897 2934 2968 συμϐουλεύσασθαι,
2983 2899 3162 2964 καλῶς
3203 2900 3337 2972 ἔχει.
3373 2902 3464 2954 Δεῖ
3497 2901 3606 2969 γὰρ
3643 2897 3750 2970 τὴν

2175 2991 2364 3061 σκέψιν
2400 2991 2543 3046 οὕτω
2575 2993 2868 3058 ποιεῖσθαι,
2903 2995 2978 3058 ῶς
3018 2995 3152 3066 μήτε
3193 2993 3510 3066 συμϐαίνειν
3547 2995 3610 3046 ἐκ
3646 2991 3746 3046 τοῦ

2171 3081 2330 3151 λόγου
2360 3082 2600 3136 ἐναντίον
2621 3087 2733 3147 τοῖς
2754 3085 2920 3148 ὁσίοις
2951 3085 3140 3157 μηθὲν,
3168 3084 3382 3154 εύαγῶς
3407 3101 3466 3138 τε
3487 3085 3584 3156 τῆς
3610 3084 3749 3156 ἠμέ-

2174 3189 2272 3244 ρας
2303 3172 2595 3245 κατάρχειν
2614 3173 2710 3229 τοῦ
2735 3175 2866 3230 Θεοῦ
2899 3177 3078 3249 χάριν.

493 3283 600 3336 que
629 3267 792 3322 fuerit
857 3267 1050 3320 harum
1116 3281 1300 3320 rerum
1373 3265 1582 3336 peritos
1653 3276 1849 3332 rogare
1905 3267 1961 3316 et
2003 3264 2311 3319 consulere.
2361 3263 2488 3320 Haec
2540 3280 2778 3338 namque
2835 3268 2910 3322 ita
2965 3269 3302 3325 considerari
3354 3267 3746 3338 observarique

493 3371 729 3432 oportet,
764 3368 824 3416 ut
845 3377 908 3416 ex
943 3375 1198 3417 sermone
1228 3359 1365 3415 nihil
1391 3357 1690 3430 quidquam
1717 3355 1892 3412 sacris
1933 3357 2274 3412 contrarium
2295 3358 2544 3428 eveniat,
2577 3359 2834 3432 diemque
2855 3362 2941 3433 pie
3002 3379 3066 3419 ac
3127 3375 3319 3420 sancte
3373 3365 3428 3419 in
3490 3363 3586 3420 Dei
3623 3378 3749 3434 gra-

495 3457 626 3509 tiam
655 3453 1022 3524 auspicemur.

817 3565 963 3620 Unde
983 3563 1313 3620 numeranda
1343 3573 1466 3619 sunt
1494 3571 1745 3632 tempora.

566 3659 712 3714 XXI.
746 3657 1036 3712 Enimvero
1084 3657 1247 3711 etiam
1275 3653 1360 3709 fas
1391 3665 1475 3710 est
1497 3671 1527 3709 a
1554 3657 1719 3710 natali
1765 3653 2076 3711 Christiano

499 3761 745 3820 tempora
774 3755 1094 3820 supputare.
1133 3762 1243 3802 non
1270 3755 1332 3802 ut
1353 3745 1527 3802 Graeci
1558 3762 1588 3800 a
1625 3748 1812 3803 mundi
1842 3747 2072 3818 origine,

501 3855 650 3894 nunc
671 3855 872 3894 annum
900 3837 1456 3909 noningentesimum,
1490 3846 1746 3891 octavum
1784 3846 1839 3894 et
1855 3845 2078 3908 septua-

501 3929 770 3999 gesimum
831 3935 1180 3982 numerantes
1239 3939 1405 3995 supra
1473 3927 1654 3982 sexies
1705 3927 2072 3982 millesimum.

499 4018 792 4088 Prophetis
815 4018 1030 4087 quidem
1062 4018 1143 4074 sic
1172 4017 1406 4071 fortasse
1448 4017 1643 4072 licebat
1669 4035 1684 4084 ;
1743 4034 1929 4072 verum
1960 4035 2075 4074 me-

503 4115 610 4166 lius
631 4123 714 4167 est
738 4111 943 4167 Christi
968 4111 1204 4166 cultores
1235 4111 1416 4166 abillo
1445 4110 1704 4190 incipere.
1729 4109 1882 4178 Quod
1911 4111 2073 4165 etiam

501 4211 671 4274 agunt
695 4200 942 4266 Romani,
982 4201 1146 4271 hujus
1171 4202 1269 4257 aevi
1318 4200 1664 4256 millesimum
1705 4201 2072 4272 quadringen-

502 4297 756 4352 tesimum
787 4303 840 4349 et
865 4295 1320 4364 septuagesimum
1351 4301 1670 4362 prmsentem
1692 4307 1895 4346 annum
1925 4308 2076 4346 com-

504 4396 778 4458 putantes,
819 4403 1129 4460 quanquam
1162 4386 1327 4456 prisci
1359 4387 1436 4440 illi
1468 4386 1536 4441 ab
1567 4385 1699 4440 urbe
1728 4384 1944 4439 condita
1971 4401 2075 4438 nu-

503 4485 808 4546 merabant,
871 4482 1331 4551 quemadmodum
1392 4479 1757 4535 Athenienses
1815 4492 1846 4532 a
1896 4479 2074 4549 prima

499 4569 818 4642 Olympiade
846 4587 861 4636 ;
895 4570 989 4624 alii
1023 4585 1152 4624 vero
1173 4585 1203 4624 a
1234 4569 1376 4624 bello
1403 4566 1660 4638 Trojano.
2010 4583 2020 4589 '

576 4663 650 4718 De
666 4663 944 4718 mensibus
977 4663 1146 4732 igitur
1168 4661 1282 4717 haec
1312 4663 1583 4732 descripta
1615 4669 1797 4728 sunto,
1831 4660 1898 4715 ad
1927 4677 2074 4718 eme-

500 4759 723 4814 rendam
757 4756 1190 4826 antiquariorum
1213 4753 1651 4826 disertorumque
1684 4754 1923 4807 virorum
1968 4753 2072 4809 hoc

497 4851 818 4922 obsequiolo
844 4851 1074 4922 gratiam
1107 4865 1121 4901 :
1163 4847 1211 4903 si
1238 4846 1368 4917 quid
1395 4846 1627 4901 fortasse
1649 4844 1764 4914 spei
1793 4852 1878 4900 est
1919 4843 2070 4900 Grae-

2423 3560 2604 3615 Ὅθεν
2629 3561 2984 3632 ἀριθμητέον
3019 3563 3162 3632 τοὺς
3197 3566 3476 3635 χρόνους.

2243 3648 2373 3705 KA'.
2413 3651 2597 3705 Ὀσιον
2630 3650 2688 3704 δὲ
2743 3652 2836 3705 καὶ
2878 3652 3004 3716 τοὺς
3057 3653 3281 3725 χρόνους
3325 3654 3578 3726 ἀριθμεῖν
3633 3654 3745 3709 ἀπὸ

2174 3744 2399 3816 γενετῆς
2427 3744 2518 3797 τοῦ
2553 3744 2717 3798 αὑτοῦ
2763 3745 2927 3800 Θεοῦο
2959 3745 3094 3800 ἀλλὰ
3130 3749 3228 3819 μὴ,
3260 3747 3337 3813 ὡς
3384 3750 3436 3802 οἱ
3483 3749 3576 3802 νῦν
3613 3751 3744 3804 ’Έλ-

2173 3835 2352 3907 ληνες,
2391 3837 2499 3889 ἀπὸ
2521 3836 2726 3907 κόσμου
2757 3838 3040 3908 γενέσεως,
3071 3838 3526 3910 έξακισχιλιοστὸν
3553 3842 3744 3896 ἐνακο-

2175 3928 2384 3982 σιοστὸν
2416 3927 2812 4000 ἑϐδομηκοστὸν
2834 3931 3018 4000 ὄγδοον
3048 3931 3166 3984 τόδε
3197 3931 3314 3994 ἔτος
3344 3932 3745 4004 καταριθμοῦν-

2171 4039 2282 4087 τες.
2314 4023 2615 4095 Προφητῶν
2646 4024 2744 4094 μὲν
2770 4023 2879 4096 γάρ
2905 4025 3032 4088 ῐσως
3062 4022 3352 4078 καὶταῦτα
3369 4041 3385 4057 ·
3415 4025 3636 4096 ἄμεινον
3661 4025 3741 4091 δὲ,

2171 4116 2446 4188 τιμῶντας
2489 4117 2744 4188 Χριστὸν,
2771 4116 2866 4170 ἀπ’
2909 4115 3072 4170 αὐτοῦ
3105 4115 3390 4187 ἄρχεσθαι,
3413 4117 3664 4190 καθάπερ
3693 4120 3742 4172 oi

2171 4209 2266 4262 νῦν
2288 4209 2440 4274 ὄντες
2473 4210 2732 4281 Ῥωμαῖοι
2765 4208 2978 4278 ἄγουσι,
3009 4208 3270 4280 χιλιοστὸν
3299 4209 3744 4282 τετρακοσιοστὸν

2172 4301 2570 4372 ἑϐδομηκοστὸν
2619 4300 2736 4355 τόδε
2773 4298 3219 4372 διαριθμούμενοι
3247 4300 3394 4364 ἔτος*
3429 4301 3606 4354 καίτοι
3634 4301 3745 4355 τῶν

2172 4392 2338 4448 πάλαι
2369 4395 2654 4466 Ῥωμαίων
2677 4392 2786 4446 ἀπὸ
2819 4392 3050 4456 κτίσεως
3081 4389 3298 4463 Ῥώμης
3330 4391 3706 4464 ἀριθμούντων
3726 4410 3740 4423 ·

2171 4483 2358 4556 ὥσπερ
2389 4484 2657 4556 Ἀθηναῖοι
2691 4483 2789 4554 μὲν
2804 4483 2912 4537 ἀπὸ
2945 4481 3302 4554 Ὀλυμπιάδος
3331 4482 3573 4556 πρώτης,
3595 4483 3746 4540 ἄλλοι

2169 4576 2227 4630 δὲ
2263 4575 2371 4629 ἀπὸ
2394 4575 2503 4628 τῶν
2536 4573 2819 4646 Τρωῖκῶν.

2241 4665 2377 4737 Περὶ
2423 4665 2521 4736 μὲν
2567 4661 2660 4718 οὖν
2694 4663 2801 4718 τῶν
2852 4663 3037 4735 μηνῶν
3089 4664 3261 4736 ταύτῃ
3317 4663 3589 4736 διωρίσθω
3633 4665 3747 4720 τῶν

2170 4753 2366 4822 λογίων
2393 4754 2552 4826 χάριν
2584 4753 2792 4825 ἀνδρῶν
2809 4769 2822 4782 ’
2845 4753 2901 4807 εἴ
2923 4771 3007 4818 τις
3029 4754 3136 4820 ἄρα
3157 4753 3309 4818 ἐλπὶς
3333 4755 3610 4810 διάλεκτον
3633 4759 3748 4821 τοῖς

2171 4845 2563 4915 ἐπιγινομένοις
2583 4843 2803 4896 ἔσεσθαι
2844 4843 3190 4916 Ἑλληνικήν·
3229 4844 3365 4899 ἀλλά
3397 4847 3496 4918 μὴ.
3532 4846 3608 4911 ὡς
3650 4847 3749 4902 ἀλ-

497 4961 614 4997 eam
646 4917 904 5014 linguam,
937 4941 1166 5011 ejusque
1196 4938 1436 4994 studium
1486 4936 1730 5005 adusque
1783 4935 2064 5006 posterita-

2175 4936 2282 4990 λων
2314 4934 2484 4989 πάλαι
2515 4933 2706 4998 έθνῶν,
2729 4934 2823 4987 καὶ
2847 4934 2940 4988 τοῦ
2977 4934 3288 5003 Ἑλληνικοῦ
3317 4917 3410 4989 νῦν
3434 4917 3630 5004 παντὸς
3651 4939 3751 4994 καὶ

495 5046 603 5092 tem
629 5035 745 5091 fore
783 5051 796 5088 :
827 5049 937 5090 non
967 5041 1170 5096 autem,
1205 5039 1267 5086 ut
1321 5029 1551 5083 aliarum
1609 5026 1881 5098 quondam
1941 5043 2070 5099 gen-

2175 5025 2365 5095 γένους
2397 5023 2491 5078 καὶ
2523 5023 2683 5092 λόγου
2706 5021 2962 5095 τελευτὴν
2989 5023 3221 5094 εἵμαρτο
3248 5019 3408 5082 εἶναι.

496 5133 651 5190 tium.
678 5125 854 5184 Graeci
875 5140 1093 5198 quoque
1115 5137 1268 5179 nunc
1298 5122 1468 5176 totius
1495 5127 1550 5176 et
1575 5119 1812 5191 generis,
1843 5128 1897 5174 et
1943 5119 2214 5176 sermonis
2236 5119 2395 5173 tinem
2419 5132 2542 5173 esse
2573 5117 2626 5172 in
2660 5113 2788 5172 fatis
2819 5124 2920 5172 est.

924 5242 1095 5294 Testes
1111 5239 1167 5292 in
1183 5239 1280 5292 hoc
1317 5235 1454 5290 libro
1475 5235 1642 5290 citati.

772 5329 1024 5386 Basilius.

776 5400 984 5455 Pletlto.

774 5472 946 5526 Aulus
981 5470 1279 5526 Romanus.

774 5541 1117 5598 Aristoteles.

777 5610 1033 5666 Galenus.

780 5679 1084 5736 Macrobius
1103 5679 1401 5738 Romanus.

779 5748 1204 5818 Theophrastus.

787 5818 1191 5877 Demosthenes.

2661 5229 2968 5302 Μάρτυρες
2989 5231 3072 5301 τῷ
3091 5233 3273 5304 λόγῳ.

2459 5325 2754 5388 Βασίλειος.

2456 5396 2697 5466 Πλήθων.

2453 5464 2624 5530 Αὖλος
2665 5467 2948 5536 Ῥωμαῖος.

2468 5537 2862 5607 Ἀριστοτέλης.

2455 5606 2711 5675 Γαληνός.

2459 5676 2768 5748 Μακρόϐιος
2802 5676 3087 5748 Ῥωμαῖος.

2456 5749 2810 5818 Θεόφραστος.

2457 5816 2818 5890 Δημοσθένης.
