4106 6416
316 393 457 448 1217

607 505 819 577 Πλίνιος
856 506 1145 577 Ῥωμαῖος.

600 576 873 645 Στράϐων.

602 647 878 716 Αἰσχίνης.

614 717 1019 787 Ἀριστοφάνης.

604 786 969 855 Πλούταρχος.

601 857 946 925 Θουκυδίδης.

603 925 962 997 Πολυδεύκης.

610 995 949 1066 Σιμπλίκιος.

610 1066 911 1135 Ἡρόδοτος.

604 1135 844 1197 Σουῖδας.

606 1205 876 1268 Συνέσιος.

603 1276 821 1345 Καῖσαρ
847 1276 876 1328 ὁ
893 1276 1045 1340 οθεός.

1168 392 1224 447 S.
1268 390 1510 445 MAXIMI
1550 388 1904 445 MARTYRIS
1940 390 2314 449 COMI‘UTUS
2352 390 2797 449 ECCLESIAST.

1917 507 1966 566 Α

3443 400 3580 459 1218

2268 504 2480 560 Plinius
2503 503 2808 561 Romanus.

2270 576 2491 629 Strabo.

2268 645 2560 699 IEschines

2268 716 2687 784 Aristophanes.

2270 784 2622 839 Plutarchus.

2269 853 2644 926 Thucydides.

2272 923 2491 979 Pollui.

2271 995 2617 1064 §implicius.

2275 1062 2610 1119 Herodotus.

2274 1132 2497 1189 Suidas.

2272 1202 2559 1272 Synesius.

2272 1273 2442 1330 Divus
2469 1275 2675 1330 Casar.

406 1585 704 1701 ΤΟΥ
756 1586 957 1701 ΕΝ
1011 1582 1531 1699 ΑΓΙΟΙΣ
1607 1580 2220 1697 ΠΑΤΡΟΣ
2275 1584 2725 1700 ΗΜΩΝ
2780 1574 3508 1704 ΜΑΞΙΜΟΥ

1498 1792 1835 1849 ΜΟΝΑΧΟΥ
1871 1794 1993 1847 ΚΑΙ
2030 1794 2403 1850 ΜΑΡΤΥΡΟΣ

378 1956 702 2011 ΞἮΓΗΣΙΣ
735 1953 1243 2010 ΚΕΦΑΛΔΙΩΔΗΣ
1289 1952 1465 2007 ΠΕΡΙ
1504 1951 1648 2005 ΤΟΥ
1686 1953 1872 2004 ΚΑΤΑ
1936 1951 2249 2005 ΧΡῙΣἸὈΝ
2293 1954 2436 2006 TON
2465 1953 2649 2008 ΘΕΟΝ
2678 1957 2890 2011 ΗΜΩΝ
2926 1959 3293 2015 ΣΩΤΗΡΙΟΝ
3318 1963 3572 2026 ΠΑΣΧΑ,

1394 2108 1470 2161 Τὸ
1508 2106 1803 2179 διαγραφὲν
1827 2105 2072 2161 κανόνων
2102 2107 2496 2180 ἐρμηνεὺουσα.

1311 2361 1877 2495 SANCTI
1970 2362 2569 2493 ΜΑΧΙΜΙ

1532 2578 1844 2657 numam
1883 2599 1971 2655 ET
2009 2600 2390 2675 mantus,

1095 2757 1373 2815 BREVIS
1411 2755 1844 2813 ENARRATIO
1877 2754 2330 2813 CHRISTIANI
2362 2757 2805 2828 PASCHATIS,

1305 2912 1425 2980 Qua
1473 2910 1739 2983 descripti
1768 2910 2021 2967 latereuli
2070 2912 2215 2968 ratio
2256 2874 2594 2983 declaratur,

1366 3063 1690 3122 DIONYSIO
1728 3064 2032 3123 PETAVIO
2069 3065 2531 3126 INTERPBETE.

332 3330 417 3399 Τῷ
454 3326 820 3398 πανευςρήμῳ
858 3324 1148 3399 Πατρικίῳ
1181 3323 1364 3399 κηρίῳ
1396 3324 1596 3392 Πέτρῳ
1631 3323 1899 3394 Μάξιμος
1929 3332 1972 3391 Β

803 3395 1081 3461 ταπεινὸς
1118 3394 1407 3465 μονάζων.

397 3513 473 3567 Α’.
493 3513 704 3584 Ἐπειδή
720 3529 801 3579 σε,
818 3510 1062 3581 πανεύφη
1072 3526 1137 3580 με
1154 3509 1247 3562 καὶ
1259 3508 1387 3578 θεοφ
1394 3507 1486 3580 ρού
1495 3525 1623 3580 ρητε
1635 3508 1893 3574 δέσποτα,

326 3605 441 3677 βίου
473 3605 676 3676 τροφὴν
707 3604 801 3657 καὶ
828 3602 1126 3674 συμϐίωσιν
1151 3600 1248 3672 τὴν
1282 3601 1543 3655 ἀνωτάτω
1591 3602 1897 3673 πεποιημέ-

323 3714 414 3750 νον
432 3697 622 3766 σοφίαν
646 3695 963 3763 ὲπίσταμαι,
978 3692 1100 3747 καθ’
1120 3692 1241 3762 ἢν⁸¹
1261 3692 1347 3745 ἀεὶ
1362 3692 1620 3763 φρονήσει
1643 3691 1764 3765 θείᾳ
1801 3693 1897 3747 καὶ

322 3789 492 3860 ἀρετῇ
548 3788 770 3858 γόνιμον
822 3786 920 3857 τήν
977 3801 1037 3837 τε
1089 3782 1220 3855 περὶ
1262 3783 1325 3835 τὸ
1358 3785 1498 3837 νοεῖν
1529 3783 1598 3836 τὰ
1635 3783 1775 3837 καλὰ
1801 3785 1897 3837 καὶ

322 3881 580 3951 πράττειν
636 3878 876 3931 θεόδοτον
938 3875 1050 3940 ἕξιν
1093 3875 1188 3928 καὶ
1233 3874 1493 3945 δύναμιν,
1542 3869 1617 3929 ὧν
1667 3874 1824 3946 βάσις
1860 3877 1894 3947 ἡ

321 3971 550 4042 εὐσεϐὴς
574 3971 668 4024 καὶ
696 3967 973 4041 ὀρθόδοξος
1006 3967 1187 4030 πίστις
1214 3966 1541 4037 καθέστηκε·
1580 3967 1748 4039 μόνην
1770 3969 1897 4021 ὑπο-

321 4063 584 4131 φαίνουσα
626 4060 694 4113 δι’
726 4059 937 4123 ἐλπίδος
970 4058 1068 4130 τὴν
1107 4057 1215 4113 τῶν
1243 4057 1510 4128 ἀοράτων,
1557 4059 1634 4121 ὡς
1682 4058 1894 4129 ὁρατῶν

321 4155 422 4226 ἤδη
443 4171 559 4217 πως
588 4153 731 4207 κατὰ
761 4153 859 4224 τὴν
895 4151 1056 4223 χάριν
1103 4149 1502 4220 γεγενημένων,
1532 4150 1629 4203 καὶ
1656 4150 1762 4222 πρὸ
1795 4151 1896 4220 τῆς

320 4246 633 4314 ἐκφάνσεως
663 4241 1004 4310 ἀποκάλυψιν
1039 4243 1152 4304 τοῖς
1183 4238 1329 4292 κατὰ
1371 4239 1430 4292 σὲ
1458 4238 1556 4310 τὴν
1588 4238 1683 4293 τοῦ
1718 4240 1893 4309 Λόγου

320 4335 621 4406 παρουσίαν
654 4332 742 4387 διὰ
763 4333 864 4403 τῆς
894 4331 1030 4403 πρὸς
1055 4330 1218 4385 αὐτὸν
1245 4330 1640 4401 ἀνεπιστρόφου
1663 4332 1895 4402 πορείας

319 4427 691 4497 ἐκδεχομένοις
735 4423 824 4478 ἀεὶ
868 4423 963 4477 καὶ
995 4424 1360 4493 προσμένουσι
1409 4422 1646 4476 συνεῖδον
1680 4425 1793 4487 τοῖς
1832 4440 1892 4477 τε

320 4517 496 4582 ἄλλοις
517 4516 691 4587 ὑμῶν,
712 4515 807 4569 καὶ
835 4513 932 4584 μὲν
954 4513 1018 4584 δὴ
1045 4512 1124 4584 τῷ
1152 4513 1292 4585 ὑπὲρ
1313 4513 1383 4566 τὰ
1406 4512 1503 4567 ὅλα
1533 4513 1773 4583 μεγίστῳ
1796 4513 1895 4585 τῆς

320 4603 777 4672 συγκαταὸάσεως
812 4599 1199 4671 κατορθώματι
1241 4601 1517 4673 θαρρήσας
1538 4618 1599 4654 τε
1631 4601 1768 4672 ἅμα,
1799 4604 1894 4656 καὶ

2004 3326 2170 3450 17$
2188 3323 2418 3408 "lustri,
2471 3340 2534 3378 ac
2580 3323 2800 3406 laudum
2843 3340 3037 3408 genere.
3071 3325 3214 3408 omni
3260 3326 3570 3384 celebrando

2174 3404 2362 3449 atrmo
2393 3393 2574 3450 Petro.
2601 3394 2869 3449 Maximus
2890 3396 3107 3450 humilis
3129 3402 3432 3450 monachus.

2174 3396 2362 3449 atricio
2393 3393 2574 3458 Petro,
2601 3393 2869 3449 Maximus
2890 3396 3107 3450 humilis
3129 3402 3432 3453 monachus.

2068 3510 2111 3565 Ι.
2137 3499 2274 3565 Cum
2313 3519 2367 3565 te
2397 3509 2617 3565 caelesti
2667 3524 2731 3563 ac
2763 3509 2962 3565 divinae
3007 3510 3285 3581 sapientiae
3334 3512 3572 3566 innutri-

1994 3607 2113 3656 tum
2143 3602 2199 3656 in
2233 3601 2383 3656 omni
2414 3616 2537 3656 esse
2583 3601 2690 3656 vita
2725 3602 3087 3669 meminerim,
3144 3605 3425 3673 praeclare,
3459 3614 3513 3660 et
3540 3624 3571 3661 a

1994 3692 2105 3748 Deo
2132 3692 2509 3748 conservande
2557 3691 2805 3756 domine,
2853 3707 2917 3747 ac
2964 3693 3227 3749 divinitus
3262 3700 3570 3750 communi-

1993 3793 2117 3842 cata
2145 3786 2238 3840 illa
2269 3784 2534 3840 facultate
2558 3784 2868 3855 praeditum,
2894 3801 3015 3856 quae
3041 3787 3252 3843 caelesti
3279 3788 3570 3858 prudentia

1993 3885 2049 3932 et
2068 3877 2269 3932 virtute
2306 3876 2564 3941 fecunda,
2601 3875 2668 3930 ad
2719 3876 2955 3933 honesta
3001 3894 3229 3949 quaeque
3281 3880 3568 3950 cogitanda

1994 3967 2357 4039 faciendaque
2400 3968 2685 4038 perducit:
2715 3982 2946 4038 quorum
2995 3967 3403 4026 fundamentum
3442 3973 3572 4028 reii-

1990 4060 2145 4131 giosa
2179 4058 2313 4115 ﬁdes
2343 4069 2447 4124 est,
2480 4068 2741 4133 recteque
2772 4061 3013 4116 sentiens
3047 4076 3062 4114 :
3104 4076 3224 4131 quae
3261 4061 3435 4117 solam
3474 4078 3572 4118 co-

1991 4167 2112 4206 rum
2141 4166 2263 4222 quae
2293 4150 2647 4220 aspectabilia
2682 4165 2793 4205 non
2828 4160 2976 4216 sunt,
3009 4151 3159 4207 velut
3205 4152 3389 4207 divina
3428 4167 3575 4222 quo-

1992 4243 2286 4300 dammodo
2326 4243 2503 4314 gratia
2554 4242 2666 4313 jam
2719 4243 3154 4314 aspectabilium,
3202 4244 3363 4299 etiam
3413 4256 3569 4299 ante-

1991 4349 2154 4405 quam
2184 4334 2456 4405 patel‘acta
2489 4336 2620 4402 sint,
2672 4335 3042 4401 ostensionem
3076 4349 3174 4404 per
3208 4349 3358 4404 spem
3409 4336 3571 4388 exhi-

1990 4427 2083 4484 bet
2113 4426 2182 4482 iis
2203 4426 2318 4497 qui,
2342 4426 2489 4496 quod
2517 4433 2577 4480 tu
2606 4424 2763 4490 facis,
2793 4426 3087 4480 adventum
3118 4423 3281 4479 Verbi
3306 4426 3568 4481 continua

1992 4520 2061 4576 ad
2093 4520 2295 4590 ipsum,
2338 4532 2440 4573 nec
2472 4519 2776 4589 interrupta
2801 4518 3186 4588 progressione
3246 4517 3566 4588 praestolan-

1992 4618 2082 4665 tur
2110 4625 2176 4664 ac
2198 4610 2501 4665 sustinent:
2531 4610 2697 4665 statui
2720 4608 2863 4678 apud
2894 4622 2998 4672 me,
3029 4623 3151 4663 cum
3181 4607 3305 4663 aliis
3345 4607 3565 4686 vestris,

318 4695 706 4768 προθυμηθεὶς,
726 4693 971 4749 κανόνιόν
996 4711 1050 4747 τι
1080 4693 1375 4765 διαγράψαι
1401 4693 1616 4765 σεμνὸν,
1640 4696 1736 4749 καὶ
1753 4696 1886 4748 ἀπο-
1911 4690 1930 4749 ί

1990 4707 2101 4754 tum
2130 4699 2234 4753 hoc
2257 4698 2520 4769 singulari
2554 4696 2906 4753 demissionis
2950 4697 3020 4751 ad
3054 4713 3141 4753 me
3167 4707 3361 4754 vestrae
3393 4698 3565 4762 facto,

318 4788 522 4841 στεῖλαι
556 4790 668 4851 τοῖς
711 4787 1085 4856 πανευφήμοις
1131 4787 1227 4839 καὶ
1264 4786 1670 4857 ὑπερευφήμοις
1725 4787 1885 4857 ὑμῖνο

313 4881 415 4950 τήν
464 4895 527 4931 τε
577 4876 687 4930 τῶν
729 4876 899 4946 ἁγίων
929 4875 1190 4947 νηστειῶν
1219 4875 1421 4929 εἴσοδον
1446 4875 1885 4949 ὲκπεριειληφός,

315 4971 411 5023 καὶ
441 4969 540 5041 τὴν
562 4971 660 5041 τῆς
686 4969 834 5038 ἱερᾶς
866 4967 1214 5033 ἀναστάσεως
1236 4970 1446 5040 ἑορτήν
1467 4970 1561 5023 καὶ
1587 4969 1725 5039 πρὸς
1752 4970 1883 5022 ταύ·

313 5076 434 5123 ταις
481 5059 579 5130 τὴν
618 5058 679 5112 τὸ
724 5058 950 5113 παλαιὸν
989 5058 1279 5129 ἐπίσημον,
1306 5057 1401 5112 νῦν
1457 5058 1514 5111 δὲ
1562 5058 1684 5113 καθ’
1737 5060 1883 5130 ἡμᾶς

314 5151 525 5220 ἄσημον
552 5144 716 5203 οὖσαν
737 5165 750 5181 ·
780 5149 855 5213 ὡς
892 5148 1042 5209 οὐδὲν
1070 5148 1338 5218 οὐδαμῶς
1366 5152 1425 5203 ἐν
1464 5150 1601 5220 αὐτῇ
1639 5149 1882 5203 τελοῦσιν

314 5242 466 5309 ἡμῖν,
511 5240 544 5311 ἦ
595 5240 921 5311 τελουμένην
976 5239 1038 5292 τὸ
1086 5241 1325 5306 σύνολον,
1373 5240 1606 5312 δεκάτην
1636 5240 1729 5295 τοῦ
1759 5242 1882 5296 καθ’

327 5331 610 5403 Ἐϐραίους
656 5331 882 5402 ἑϐδόμου
926 5332 1092 5402 μηνός
1112 5348 1126 5362 ο
1162 5330 1281 5385 καθ’
1314 5332 1379 5403 ἢν
1410 5331 1557 5399 ἅπαξ
1588 5332 1682 5386 τοῦ
1708 5335 1882 5387 ἐνιαυο

313 5423 407 5477 τοῦ
437 5423 578 5476 κατὰ
620 5423 781 5494 νόμον
803 5423 1040 5476 ἐποιεῖτο
1061 5422 1160 5494 τὴν
1191 5423 1271 5485 εἰς
1298 5421 1367 5474 τὰ
1390 5423 1555 5490 ’Ἅγια
1579 5423 1687 5476 τῶν
1710 5424 1879 5492 ἁγίων

313 5512 514 5566 εἴσοδον
554 5514 582 5564 ὁ
612 5509 918 5583 ἀρχιερεύςο
948 5513 1027 5573 εἰς
1057 5512 1121 5581 ἢν
1157 5511 1251 5564 καὶ
1280 5509 1357 5581 τῷ
1383 5512 1626 5583 Ζαχαρία
1657 5512 1878 5580 γέγονεν

311 5609 341 5659 ὁ
368 5603 745 5676 χρηματισμὸς
779 5602 906 5675 περὶ
956 5601 1198 5656 Ἰωάννου
1227 5601 1321 5655 τοῦ
1353 5604 1587 5673 μεγάλου
1620 5605 1721 5676 τῆς
1740 5605 1874 5677 ἀληο

364 5761 426 5831 δ⁸¹
454 5760 498 5831 Ῑ.
530 5760 623 5814 καὶ
647 5760 766 5831 τήν,
799 5757 900 5815 nisi
933 5757 1073 5814 rerbi
1099 5757 1367 5828 quidpiam
1405 5756 1560 5812 desit.

1992 4804 2059 4845 ac
2079 4789 2276 4845 merito
2314 4791 2577 4855 conlisus,
2612 4790 2934 4844 laterculum
2990 4788 3276 4860 quemdam
3333 4799 3563 4860 augusta

1991 4882 2253 4953 religione
2281 4882 2501 4952 plenum
2547 4881 2901 4949 describere;
2932 4889 2985 4935 et
3038 4880 3105 4935 ad
3141 4894 3237 4934 vos
3282 4880 3439 4934 laude
3495 4895 3564 4935 ae

1987 4974 2371 5046 praedicatione
2402 4973 2550 5029 omni
2576 4973 2886 5043 superiores
2919 4973 3150 5027 mittere.
3210 4969 3268 5026 ιιι
3310 4988 3419 5043 quo
3442 4973 3563 5043 pri-

1991 5082 2137 5123 mum
2157 5066 2490 5137 jejuniorum
2522 5066 2837 5122 continetur
2859 5066 3159 5137 ingressus.
3185 5072 3298 5118 tum
3318 5065 3561 5120 solemne

1987 5157 2408 5214 resurrectionis
2437 5156 2734 5212 Dominica‘.
2765 5176 2778 5212 :
2804 5156 2929 5211 item
2959 5156 3104 5210 aliud
3156 5154 3376 5221 festum,
3409 5155 3560 5225 quod

1986 5243 2116 5298 olim
2144 5242 2378 5307 celebre,
2414 5257 2562 5297 nunc
2622 5243 2919 5298 obscurum
2979 5242 3123 5310 apud
3179 5256 3281 5296 nos
3321 5249 3372 5295 et
3407 5242 3555 5312 igno-

1986 5333 2125 5400 bile;
2156 5335 2336 5402 utqui
2367 5333 2502 5387 nihil
2534 5349 2598 5388 ex
2648 5348 2715 5389 eo
2771 5336 2839 5387 ad
2890 5332 3274 5388 celebrandum
3323 5334 3559 5387 assumi-

1985 5440 2138 5487 mus,
2182 5438 2357 5494 neque
2378 5439 2633 5481 curamus
2678 5425 2900 5478 omnino
2943 5439 2958 5477 :
3017 5423 3281 5478 decimam
3317 5422 3562 5493 intelligo

1986 5516 2198 5585 s’eptimi
2223 5517 2430 5571 mensis
2454 5514 2691 5580 Iudaici,
2724 5531 2820 5586 per
2851 5531 3013 5586 quam
3046 5514 3211 5570 semel
3238 5516 3550 5585 quotannis.

1983 5622 2050 5663 ex
2073 5607 2394 5679 praescripto
2426 5607 2583 5680 legis,
2613 5608 2667 5662 in
2697 5597 2899 5662 Sancta
2936 5614 3249 5662 sanctorum
3298 5604 3557 5663 introibat
