4106 6402
350 366 480 420 19.2!

1195 363 1251 417 S.
1295 361 1541 416 MAXIM]
1583 359 1942 416 MARTYRIS
1981 357 2360 416 COMPUTUS
2397 357 2842 415 ECCLESIAST.

3463 363 3486 418 1
3496 364 3604 418 9.22

351 480 412 532 Τί
449 476 516 532 τὸ
566 477 885 540 καινόν-ιον,
928 474 1024 528 καὶ
1077 476 1136 527 τί
1177 473 1431 541 περιέχει
1478 475 1516 541 ἢ
1562 473 1776 525 τούτου
1817 473 1922 524 δύ-

2031 471 2184 540 171
2207 501 2231 510 -
2254 472 2412 541 172
2445 471 2760 540 Cujusmodi
2790 471 2858 524 sit
2883 471 3220 537 latcrcutum,
3261 482 3310 525 et
3363 492 3482 544 qua:
3523 479 3603 532 vis

1035 580 1234 633 ν-αμις.

419 703 489 756 Β’.
509 702 570 754 Ἦ
587 700 738 754 τοῦδε
751 700 844 754 τοῦ
865 700 1221 773 προκειμένου
1255 699 1528 768 ὑφήγησις
1554 695 1648 751 τοῦ
1669 698 1916 751 κανονίου

345 795 532 847 τοῦτον
559 794 669 863 ἕχει
703 794 791 846 τὸν
826 793 1043 864 τρόπον.
1075 790 1345 862 Τριπλοῦν
1373 789 1534 842 τοῦτο
1559 790 1916 858 καθέστηκεν,

345 883 420 947 ὡς
443 885 696 956 περιέχον
729 885 786 935 ἐν
825 882 1001 952 ἑαυτῷ
1037 883 1136 952 τήν
1165 899 1224 933 τε
1268 881 1376 932 τῶν
1406 880 1576 947 ἁγίων
1616 880 1918 951 παρείσϐα-

349 991 433 1026 σιν
471 974 732 1046 νηστειῶν
753 975 856 1028 ,καὶ
900 974 1000 1044 τὴν
1041 970 1642 1042 τεσσαρεσκαιδεκάτην
1671 971 1765 1024 τοῦ
1797 971 1916 1024 καθ’

359 1065 642 1136 Ἐϐραίους
667 1062 880 1135 πρώτου
901 1061 1089 1134 μηνδς,
1126 1061 1270 1128 λέγω
1301 1059 1481 1131 δήτοῦ
1517 1060 1717 1112 Νισάν·
1746 1063 1824 1122 είς
1853 1061 1920 1130 ἢν

347 1156 407 1209 τὸ
436 1155 554 1209 κατ’
597 1155 792 1218 αὐτοὺς
823 1155 1014 1224 Πάσχα
1039 1151 1266 1205 τελεῖται
1284 1168 1298 1182 ’
1327 1151 1422 1205 καὶ
1453 1151 1552 1222 τὴν
1573 1151 1802 1221 δεκάτην
1825 1149 1917 1202 τοῦ

348 1244 576 1315 ἑϐδόμου
609 1243 812 1315 μηνὸς,
846 1244 1012 1314 ἧγουν
1067 1241 1160 1294 τοῦ
1199 1241 1400 1311 Θερσί·
1446 1241 1568 1294 καθ’
1597 1241 1663 1312 ἣν
1699 1242 1727 1292 ὁ
1760 1242 1918 1311 ἀρχι-

347 1341 506 1410 ερεὺς
538 1339 596 1391 τὸ
616 1339 842 1391 παλαιὸν
863 1337 962 1409 τὴν
990 1338 1070 1399 είς
1100 1335 1171 1388 τὰ
1195 1336 1361 1403 Ἀγια
1393 1334 1500 1387 τῶν
1523 1333 1691 1402 ἁγίων
1711 1332 1916 1386 εἴσοδον

346 1431 600 1483 ἐποιεῖτο.
635 1429 744 1481 Καὶ
763 1427 877 1480 ἔστι
905 1427 1006 1498 τῆς
1042 1426 1140 1498 μὲν
1165 1425 1578 1497 παρεισϐάσεως
1616 1425 1725 1478 τῶν
1751 1425 1918 1493 ἁγίων

347 1520 607 1591 νηστειῶν
639 1522 672 1591 ή
721 1519 1014 1592 σημείωσις
1050 1517 1110 1582 ἐξ
1147 1517 1440 1588 εὐωνύμων
1485 1515 1579 1570 τοῦ
1612 1515 1776 1570 αὑτοῦ
1817 1532 1917 1568 κα-

346 1611 520 1664 νονίου
542 1610 990 1683 διαγεγραμμένη
1009 1627 1022 1640 ·
1055 1611 1089 1680 ή
1116 1609 1172 1662 δὲ
1196 1605 1768 1678 τεσσαρεσκαιδεκάτη
1823 1605 1917 1658 τοῦ

346 1702 471 1756 καθ’
513 1703 796 1775 Ἐϐραίους
836 1701 1053 1774 πρώτου
1105 1701 1272 1772 μηνὸς
1309 1702 1373 1753 ἐκ
1421 1698 1610 1765 δεξιῶν
1654 1698 1920 1766 σύνεγγυς

345 1794 440 1848 τοῦ
489 1795 628 1849 κατὰ
686 1795 848 1866 μέσον
892 1791 1344 1864 ἐγγεγραμμένου
1394 1789 1621 1861 τροχοῦο
1674 1789 1811 1860 μετὰ
1862 1789 1919 1842 δὲ

2693 563 2763 615 sit
2797 563 2966 618 illius.

2093 696 2159 752 ll.
2200 696 2470 766 Propositi
2532 699 2760 751 canonis
2792 697 3062 767 expositio
3103 699 3169 752 ad
3199 699 3343 754 hunc
3381 702 3604 756 modum

2025 804 2084 844 se
2118 789 2304 842 habet.
2337 787 2434 842 Est
2464 787 2554 842 ille
2582 787 2793 843 divisus
2825 788 3116 844 trifariam.
3152 789 3408 845 Continet
3441 793 3586 846 enim

2023 880 2308 934 introitum
2335 893 2618 933 sacrorum
2647 877 3296 950 jejuniorum;quartam
3329 881 3601 936 decimam

2027 971 2188 1041 primi
2220 971 2426 1026 mensis
2458 969 2762 1025 secundum
2794 969 3072 1036 Hebra-os,
3117 973 3219 1026 hoc
3265 985 3349 1028 est
3379 973 3548 1028 Nisan
3582 994 3594 1027 :

2025 1065 2080 1118 in
2106 1079 2270 1134 quam
2300 1063 2513 1118 Pascha
2545 1063 2765 1116 illorum
2801 1062 2992 1116 incidit
3018 1082 3031 1118 :
3057 1080 3158 1118 nec
3193 1081 3301 1118 non
3325 1066 3596 1120 decimam

2025 1155 2240 1226 septimi
2265 1155 2494 1219 mensis,
2535 1155 2786 1208 videlicet
2813 1154 3007 1209 Thersi
3039 1175 3052 1207 :
3089 1173 3194 1225 qua
3233 1173 3481 1212 summus
3507 1170 3599 1216 sa-

2027 1247 2223 1302 cerdos
2250 1247 2380 1302 olim
2411 1244 2612 1300 Sancta
2634 1254 2949 1300 sanctorum
2974 1245 3178 1300 adibat.
3213 1246 3383 1302 Porro
3409 1249 3601 1302 intro-

2025 1337 2136 1393 itus
2159 1351 2448 1392 sacrorum
2469 1336 2802 1406 jejuniorum
2833 1338 3044 1390 notatio
3069 1339 3136 1390 ad
3166 1337 3446 1393 sinistram
3472 1354 3597 1408 par-

2024 1440 2168 1500 ptem
2192 1429 2420 1483 canonis
2450 1427 2723 1497 descripta
2775 1434 2900 1491 est;
2945 1436 3141 1497 quarta
3192 1428 3404 1482 decima
3464 1445 3597 1484 vero

2024 1519 2183 1588 primi
2225 1518 2428 1572 mensis
2467 1516 2679 1571 Judaici
2721 1516 2789 1569 ad
2833 1517 3123 1578 dextram,
3183 1532 3356 1586 prope
3399 1517 3599 1571 inscri-

2025 1619 2171 1682 ptam
2199 1611 2254 1664 in
2279 1611 2460 1664 medio
2492 1617 2687 1662 rotam.
2715 1608 2845 1663 Post
2872 1609 3010 1662 hanc
3037 1609 3219 1663 statim
3245 1609 3313 1662 ad
3347 1607 3597 1662 dextram

2024 1703 2198 1774 magis
2238 1701 2452 1756 accedit
2485 1701 2596 1765 illa,
2629 1716 2790 1770 quam
2824 1700 3085 1766 diximus,
3116 1699 3328 1754 decima
3357 1699 3475 1754 dies
3507 1713 3597 1753 se-

2024 1795 2178 1866 ptimi
2207 1794 2438 1858 mensis,
2474 1792 2610 1848 adeo
2645 1800 2706 1846 ut
2748 1792 2886 1846 nihil
2913 1806 2944 1845 a
2971 1793 3197 1847 sinistra
3231 1797 3429 1860 praeter
3451 1790 3598 1858 jeju-

345 1885 550 1958 ταύτην
617 1887 778 1950 εὐθὺς
839 1884 1156 1955 δεξιώτερον
1217 1885 1250 1953 ἡ
1314 1882 1565 1952 λεχθεῖσα
1595 1881 1793 1950 δεκάτη
1829 1881 1923 1935 τοῦ

2029 1889 2245 1943 niorum
2289 1886 2573 1941 introitum
2614 1884 2949 1954 descriptum
2991 1885 3283 1949 habeatur;
3327 1898 3357 1935 a
3402 1885 3597 1936 dextra

347 1975 574 2046 ἑϐδόμου
613 1978 813 2049 μηνός·
862 1976 938 2038 ὼς
971 1971 1109 2027 εἶναι
1155 1973 1322 2042 μόνην
1373 1973 1432 2038 ἐξ
1474 1972 1778 2044 ἀριστερῶν
1808 1964 1920 2041 ’τὴν

2028 1991 2162 2030 vero
2204 1985 2359 2045 parte
2390 1983 2683 2042 utrumque
2726 1974 2820 2035 sit,
2856 1985 3051 2043 quarta
3093 1974 3304 2028 decima
3339 1973 3597 2026 nimirum

345 2069 445 2138 τῆς
475 2068 888 2138 παρεισϐάσεως
925 2065 1267 2136 διαγραφὴν·
1307 2065 1371 2117 ὲκ
1418 2063 1610 2128 δεξιῶν
1645 2063 1702 2116 δὲ
1744 2064 1924 2133 ἀμφο-

2028 2064 2189 2135 primi
2219 2063 2424 2118 mensis
2456 2071 2511 2117 et
2548 2064 2758 2117 decima
2801 2064 3038 2133 septimi.
3069 2063 3260 2118 Totius
3291 2071 3472 2117 autem
3501 2061 3598 2115 de-

345 2157 518 2228 τέρων
574 2159 675 2229 τῆς
723 2157 1319 2229 τεσσαρεσκαιδεκάτης
1365 2157 1512 2226 φημὶ
1561 2153 1656 2209 τοῦ
1702 2154 1920 2227 πρώτου

2029 2157 2348 2228 scriptionis
2379 2157 2528 2211 illius
2560 2157 2643 2211 vis
2675 2166 2759 2212 est
2786 2158 3079 2226 ejusmodi.

351 2251 518 2322 μηνὸς
548 2251 640 2304 καὶ
686 2251 786 2322 τῆς
826 2250 1058 2320 δεκάτης
1097 2247 1192 2300 τοῦ
1246 2245 1474 2318 ἑϐδόμου
1526 2245 1713 2318 μηνός.
1763 2245 1884 2298 Τῶν
1920 2244 1978 2298 δὲ
2013 2246 2615 2318 διαγεγραμμένων,ὲν
2669 2247 2809 2312 ὅλοις
2841 2251 2875 2318 ὴ
2947 2249 3176 2321 δύναμις
3224 2251 3362 2322 αὕτη
3434 2246 3596 2302 καθέ-

345 2354 570 2410 στηκεν.

655 2493 750 2559 Τίς
781 2493 820 2562 ἡ
849 2493 921 2558 ἐξ
949 2491 1269 2562 εὐωνύμων
1295 2489 1610 2560 διαγραφή.

414 2626 488 2680 Γ’.
521 2627 608 2681 Ἐν
630 2626 728 2698 μὲν
742 2626 818 2699 τῷ
834 2627 1096 2698 εὐωνύμῳ
1115 2627 1345 2698 κανονίῳ
1360 2628 1416 2681 ὲν
1434 2625 1632 2698 πρώτῳ
1650 2624 1814 2696 στίχῳ
1830 2626 1918 2678 αὐ-

344 2717 436 2770 τοῦ
457 2718 632 2789 ὀρθῶς
648 2717 962 2790 καθιέμενοι
982 2721 1030 2772 οἱ
1064 2720 1206 2773 ἑπτὰ
1226 2719 1415 2790 έμϐόλι
1423 2736 1512 2790 μοι
1545 2718 1711 2788 μῆνές
1743 2720 1880 2771 εἰσιν
1897 2735 1914 2748 ⁸

346 2811 403 2863 ὲν
433 2811 489 2863 δὲ
516 2810 594 2882 τῷ
627 2811 670 2882 β’
701 2811 867 2882 στίχῳ
889 2811 956 2864 τά
983 2810 1044 2863 ιϐ’
1074 2812 1171 2882 τῆς
1201 2811 1426 2882 σελήνης
1450 2809 1566 2880 ἔτη,
1593 2810 1700 2862 ἀπὸ
1725 2810 1788 2862 ιϐ’
1815 2809 1916 2881 τὴν

346 2902 518 2974 ἀρχὴν
546 2902 765 2973 ἔχοντα’
799 2902 896 2954 καὶ¹
925 2902 1097 2966 οὕτως
1120 2903 1208 2956 διὰ
1249 2900 1488 2972 πρώτου,
1517 2901 1610 2954 καὶ
1641 2900 1913 2970 δευτέρου,

345 2993 440 3045 καὶ
478 2993 586 3044 τῶν
631 2992 868 3063 καθεξῆς
918 2995 998 3056 είς
1041 2992 1102 3045 τὸ
1141 2991 1604 3045 ὀκτωκαιδέκατον
1648 2991 1912 3062 λήγοντα’

348 3087 406 3137 ὲν
426 3083 594 3154 τρίτῳ
629 3083 796 3154 στίχῳ
845 3085 899 3138 αἱ
927 3083 1036 3137 τῶν
1085 3085 1182 3154 τῆς
1206 3084 1432 3155 σελήνης
1461 3081 1597 3136 ὲτῶν
1645 3083 1877 3136 ὲπακταί
1898 3100 1911 3114 ·

349 3175 406 3226 ὲν
433 3174 677 3244 τετάρτῳ
711 3173 878 3245 στίχῳ
914 3175 963 3226 οἱ
1007 3174 1304 3245 Ῥωμαῖκοὶ
1347 3175 1534 3246 μῆνες,
1594 3175 1916 3246 ’Ῑανουάριος

2133 2483 2274 2550 Quid
2303 2484 2401 2537 sibi
2431 2485 2553 2538 velit
2581 2484 2779 2538 tabella
2809 2484 2879 2538 ad
2900 2487 3181 2540 sinistram
3206 2490 3484 2560 inscripta.

2092 2619 2178 2673 Ill.
2217 2621 2275 2675 In
2297 2620 2526 2676 sinistro
2556 2621 2841 2686 laterculo,
2881 2623 3111 2694 ejusque
3145 2626 3322 2696 primo
3347 2643 3513 2685 versu
3537 2631 3594 2685 in

2023 2713 2292 2769 directum
2322 2713 2689 2770 descendente
2739 2724 2945 2786 septem
2977 2725 3105 2772 sunt
3131 2719 3410 2774 emboiimi
3441 2736 3596 2777 men-

2025 2823 2133 2862 ses.
2181 2808 2239 2860 ln
2269 2807 2512 2862 secundo
2557 2823 2741 2870 versu,
2789 2823 2879 2860 xtx
2911 2809 3132 2865 lunares
3170 2811 3342 2878 anni;
3372 2812 3533 2867 initio
3561 2828 3596 2867 ιι

2023 2911 2168 2949 nono
2211 2895 2424 2949 decimo
2457 2894 2602 2949 facto
2636 2913 2648 2949 :
2685 2895 2828 2949 unde
2864 2895 2931 2950 ad
2974 2898 3232 2966 primum,
3263 2901 3590 2965 secundum,

2022 3002 2087 3040 ac
2111 2994 2347 3043 caeteros
2402 2989 2596 3043 ordine
2624 3003 2951 3059 pregressus
2995 2990 3200 3046 desinit
3242 2992 3299 3046 in
3337 3002 3593 3049 octavum

2022 3075 2332 3142 decimum;
2367 3077 2530 3131 tertio
2558 3091 2722 3132 versu
2753 3077 3026 3133 lunarium
3075 3095 3346 3136 annorum
3386 3094 3593 3153 epactze

2021 3169 2400 3234 continentur;
2445 3174 2664 3237 quarto,
2697 3165 2929 3222 Romani
2969 3184 3186 3226 menses
3221 3171 3350 3237 duo,
3385 3171 3592 3229 Janua-

347 3265 441 3316 καὶ
489 3265 883 3336 Φεϐρουάριος·
939 3267 996 3319 ὲν
1043 3267 1279 3337 πέμπτῳ
1330 3266 1496 3336 στίχῳ
1555 3266 1612 3318 αἱ
1660 3269 1915 3320 ποσταῖαι

2020 3259 2136 3314 rius
2162 3267 2216 3314 et
2241 3259 2606 3326 Februarius;
2658 3262 2884 3331 quintus
2917 3263 3188 3320 mensium
3222 3275 3418 3336 quatas
3443 3268 3594 3322 exhi-

345 3355 524 3408 αὐτῶν
570 3330 678 3409 τῶν
731 3330 944 3428 μηνῶν,
987 3359 1065 3420 είς
1108 3330 1174 3419 άς
1207 3330 1492 3427 συμϐαίνει
1531 3357 1774 3425 γίνεσθαι
1817 3358 1915 3429 τὴν

2020 3352 2127 3416 bet,
2179 3352 2233 3405 in
2279 3367 2416 3422 quas
2458 3330 2811 3423 Carnisprivii
2865 3353 3061 3409 festum
3086 3330 3342 3425 -,i-ncidit;
3399 3367 3592 3414 sextus

345 3449 762 3520 ἁποκρεώσιμον
805 3451 1026 3521 ἑορτήν·
1057 3451 1113 3502 ὲν
1147 3449 1291 3519 ἕκτῳ
1334 3449 1501 3519 στίχῳ
1528 3451 1589 3501 αἱ
1625 3448 1917 3520 προσϐεταὶ

2015 3456 2208 3496 versus
2247 3441 2526 3496 addititios
2566 3443 2708 3504 dies,
2747 3444 2861 3497 sive
2894 3444 3175 3514 regulares
3213 3446 3462 3502 continet
3503 3463 3592 3504 se-

344 3541 570 3614 ήμέραι,
624 3543 713 3595 διὰ
749 3542 974 3614 σηρικοῦ
1015 3541 1418 3614 γεγραμμέναι.
1461 3541 1573 3595 Καὶ
1613 3541 1785 3594 ταῦτα
1816 3540 1916 3611 μὲν

2020 3532 2132 3588 rico
2166 3533 2391 3604 scripto.
2429 3531 2554 3590 Haec
2579 3534 2645 3589 ad
2675 3535 2962 3590 sinistram
2986 3535 3282 3593 habentur.

347 3631 408 3698 ἐξ
429 3632 746 3704 εὖωνῦμων.

699 3769 796 3833 Τίς
826 3768 866 3836 ἠ
895 3767 964 3821 ἐκ
997 3765 1212 3831 δεξιῶν
1243 3764 1560 3836 διαγραφή.

415 3881 486 3934 Δ’.
539 3881 634 3934 Ἐκ
664 3879 849 3946 δεξιῶν
871 3879 926 3933 δὲ
955 3881 1012 3934 ὲν
1037 3877 1236 3951 πρώτῳ
1263 3879 1430 3950 στίχῳ
1453 3877 1524 3931 τά
1551 3877 1815 3949 εἰρημένα
1851 3877 1916 3930 ιϐ’

345 3971 444 4042 τῆς
478 3972 703 4042 σελήνης
727 3970 844 4042 ἐτη,
866 3971 975 4024 ἀπὸ
1003 3971 1220 4042 πρώτου
1250 3971 1372 4024 καθ’
1400 3970 1589 4042 εἱρμὸν
1617 3969 1914 4041 ἀρχόμενα,

349 4065 443 4116 καὶ
473 4063 562 4116 διὰ
593 4061 688 4115 τοῦ
722 4062 996 4133 δευτέρου,
1031 4063 1125 4115 καὶ
1153 4062 1360 4131 τρίτου,
1395 4061 1491 4115 καὶ
1524 4059 1632 4114 τῶν
1679 4059 1919 4130 καθεξῆς

347 4157 428 4218 είς
448 4155 540 4208 τὸν
582 4153 652 4206 ιϐ’
679 4153 914 4224 λήγοντα
933 4171 946 4184 ο
984 4154 1042 4207 ὲν
1070 4153 1306 4224 δευτέρῳ
1337 4152 1504 4222 στίχῳ
1534 4153 1582 4205 οἱ
1621 4151 1918 4222 Ῥωμαῖκοὶ

350 4247 536 4318 μῆνες,
569 4246 936 4318 Σεπτέμϐριος
963 4246 1058 4300 καὶ
1083 4243 1409 4316 Ὀκτώϐριος
1428 4261 1440 4273 ·
1477 4246 1535 4296 ὲν
1561 4242 1727 4315 τρίτῳ
1751 4242 1918 4313 στίχῳ

346 4341 399 4391 αἱ
431 4338 634 4392 τούτων
669 4337 780 4391 τῶν
834 4336 1018 4409 μηνῶν
1068 4339 1342 4401 ποσταῖαι,
1377 4337 1457 4400 είς
1485 4334 1552 4398 ἃς
1594 4335 1784 4389 πίπτει
1820 4333 1916 4387 τοῦ

346 4429 570 4500 ἑϐδόμου
618 4428 738 4483 καθ’
782 4429 1064 4499 Ἐϐραίους
1106 4427 1274 4499 μηνὸς
1309 4429 1342 4498 ἠ
1389 4427 1586 4498 δεκάτη
1632 4427 1752 4480 κατ’
1799 4425 1918 4489 ἔτος

346 4521 572 4573 ἕκαστον
591 4537 604 4549 ·
635 4521 694 4575 ὲν
716 4518 960 4590 τετάρτῳ
983 4518 1149 4588 στίχῳ
1178 4519 1234 4569 αἱ
1260 4516 1555 4588 προσθεταὶ
1583 4515 1806 4588 ἡμέραι,
1828 4515 1916 4570 διὰ

348 4614 576 4684 σηρικοῦ
623 4612 1042 4683 γεγραμμέναι·
1093 4613 1151 4666 ὲν
1185 4612 1420 4682 πέμπτῳ
1467 4610 1634 4680 στίχῳ
1675 4611 1723 4663 οί
1779 4609 1914 4660 Ῥω-

2015 3759 2156 3826 Quid
2193 3757 2263 3813 ad
2287 3760 2531 3814 dextram
2562 3769 2694 3816 rota:
2718 3770 2924 3831 partem
2945 3763 3065 3818 sita:
3089 3763 3276 3818 tabula
3298 3765 3438 3836 signi
3445 3765 3586 3834 ﬁcet.

2082 3870 2174 3926 Ν.
2211 3870 2422 3926 Dextrze
2461 3871 2659 3926 tabulae
2696 3872 2910 3943 primus
2953 3887 3148 3929 versus
3188 3874 3589 3939 novemdeeilu,

2015 3967 2076 4014 ut
2108 3961 2244 4025 dixi,
2271 3977 2450 4016 annus
2473 3961 2615 4016 lunae
2652 3963 3060 4033 complectitur,
3103 3962 3198 4034 qui
3225 3978 3256 4017 a
3283 3964 3462 4033 primo
3494 3977 3594 4033 per

2017 4053 2342 4117 secundum,
2382 4053 2628 4117 tertium,
2661 4067 2724 4108 ac
2758 4055 3003 4125 reliquos
3037 4055 3231 4110 ordine
3262 4053 3588 4125 procedunt,

2016 4152 2180 4215 atque
2213 4143 2270 4200 in
2298 4144 2570 4199 decimum
2596 4159 2801 4198 nonum
2836 4145 3126 4211 desinunt;
3162 4144 3437 4201 secundus
3467 4161 3591 4198 ver-

2017 4253 2112 4293 sus
2150 4236 2427 4291 Romanos
2464 4249 2682 4291 menses
2723 4235 2888 4293 habet
2929 4235 3306 4308 Septembrem
3336 4243 3393 4292 et
3423 4235 3591 4292 Octo-

2018 4329 2200 4396 brem;
2262 4327 2318 4382 in
2357 4327 2521 4382 tertio
2554 4327 2674 4383 dies
2719 4335 2848 4382 sunt
2894 4327 3186 4393 mensium,
3228 4328 3283 4382 in
3316 4343 3454 4398 quas
3482 4326 3590 4382 lle-

2016 4420 2188 4475 braici
2235 4419 2441 4476 mensis
2486 4419 2704 4490 septimi
2739 4419 2949 4474 decima
2979 4419 3278 4490 quotannis
3316 4418 3588 4485 incurrit;

2017 4513 2074 4566 in
2105 4519 2304 4582 quarto
2342 4511 2624 4582 regulares
2668 4511 2848 4566 serico
2891 4510 3114 4580 scripti;
3160 4510 3216 4564 in
3254 4510 3447 4580 quinto
3478 4508 3587 4565 ἢθη

2016 4603 2164 4656 mani
2194 4617 2410 4656 menses
2449 4599 2676 4656 Martius
2702 4607 2756 4654 et
2794 4599 3034 4670 Aprilis;
3073 4599 3128 4654 in
3179 4607 3335 4654 sexto
3368 4614 3590 4654 eorum-

348 4708 534 4778 μαῖκοὶ
566 4707 752 4777 μῆνες,
773 4705 1017 4778 Μάρτιος
1040 4705 1136 4757 καὶ
1167 4704 1441 4776 Ἀπρίλιος
1458 4721 1471 4734 ·
1497 4705 1556 4756 ὲν
1578 4703 1721 4774 ἕκτῳ
1747 4702 1914 4774 στίχῳ

2020 4693 2139 4747 dem
2168 4691 2437 4748 mensium
2477 4691 2616 4756 dies,
2652 4690 2854 4760 quibus
2893 4691 3056 4760 primi
3097 4691 3305 4746 mensis
3336 4689 3587 4745 Hebraiei

344 4799 400 4850 al
431 4796 635 4850 τούτων
685 4797 959 4858 ποσταῖαι,
1009 4794 1134 4848 καθ’
1179 4793 1246 4857 ἃς
1289 4793 1498 4863 γίνεται
1545 4792 1641 4846 τοῦ
1696 4793 1913 4865 πρώτου

345 4889 465 4942 καθ’
495 4888 775 4959 Ἐϐραίους
802 4887 969 4958 μηνὸς
1001 4889 1034 4958 ὴ
1067 4887 1632 4958 τεσσαρεσκαιδεκάτη
1659 4889 1780 4940 κατ’
1799 4885 1918 4951 ἔτος

344 4981 604 5034 ἕκαστον·
633 4982 691 5033 ὲν
723 4980 935 5049 ἑϐδόμῳ
969 4979 1136 5049 στίχῳ
1164 4979 1220 5033 αί
1254 4977 1548 5049 προσϐεταὶ
1582 4977 1745 5032 πάλιν
1779 4978 1916 5049 ήμέ-

345 5088 471 5143 ραι,
523 5070 990 5142 διαγεγραμμέναι
1039 5068 1147 5122 ἀπὸ
1189 5067 1440 5139 σηρικοῢ.
1487 5066 1675 5122 Ταῦτα
1713 5069 1809 5121 καὶ
1858 5069 1916 5120 ὲν

344 5166 456 5226 τοῖς
481 5162 692 5228 δεξιοῖς.

577 5299 673 5363 Τίς
700 5299 739 5366 ἠ
770 5297 876 5352 τοῦ
896 5296 1092 5367 μέσου
1116 5294 1334 5365 τροχοῦ
1364 5293 1657 5365 διαγραφή

415 5430 491 5484 Ε’.
538 5429 596 5482 '0
618 5429 676 5482 δὲ
701 5428 905 5485 τούτων
930 5428 1091 5499 μέσος
1115 5425 1306 5498 τροχὸς
1331 5424 1425 5478 τοῦ
1457 5424 1610 5496 ἡλίου
1643 5423 1914 5495 καθέστη-

347 5540 461 5584 κεν,
491 5521 637 5575 ἔνδον
663 5521 762 5591 μὲν
793 5519 989 5573 ἑαυτοῦ
1013 5518 1083 5571 τὰ
1113 5517 1253 5570 ἑπτὰ
1278 5517 1502 5570 δίσεκτα
1534 5515 1675 5570 κατὰ
1700 5515 1914 5569 διαστο-

345 5614 443 5686 λὴν
487 5613 594 5666 ἀπὸ
661 5609 940 5682 τεσσάρων
989 5611 1070 5674 είς
1112 5610 1352 5679 τέσσαρα
1399 5607 1495 5677 ἐτη
1537 5607 1913 5678 κεκτημένος⁶

351 5706 487 5775 μετὰ
534 5704 589 5756 δὲ
632 5704 702 5757 τά
743 5703 984 5766 δίσεκτα,
1041 5700 1204 5764 εὐθὺς
1259 5698 1399 5751 κατὰ
1446 5699 1663 5770 πρῶτον
1705 5699 1909 5769 στίχον,

346 5796 510 5867 ’ήγουν
541 5794 759 5860 κύκλον,
789 5792 857 5847 τὰ
905 5798 989 5862 κη’
1054 5788 1148 5844 τοῦ
1188 5788 1337 5860 ήλίου
1379 5785 1505 5857 ἔτη,
1541 5787 1649 5841 άπὸ
1694 5785 1910 5857 πρώτου

2017 4792 2214 4853 quarta
2245 4783 2455 4838 decima
2485 4782 2781 4852 quotannis
2811 4781 3105 4850 tribuitur;
3137 4780 3401 4852 septimus
3433 4779 3590 4835 deni-

2015 4890 2122 4944 que
2171 4889 2362 4930 versus
2399 4872 2677 4927 addititios
2727 4873 2867 4937 dies,
2911 4873 3027 4928 sive
3056 4873 3336 4943 regulares
3390 4885 3589 4932 tumis

2015 4958 2258 5015 ostendit
2283 4959 2462 5015 serico
2494 4961 2820 5030 descriptos.
2853 4959 2980 5018 Haec
3007 4961 3076 5016 ad
3107 4961 3358 5017 dextram
3395 4961 3590 5018 inscri-

2017 5058 2110 5120 pta
2137 5049 2322 5104 tabula
2352 5050 2757 5120 complectitur.

2229 5275 2370 5342 Quid
2400 5276 2454 5330 in
2485 5276 2657 5330 medio
2686 5274 2947 5343 descripta
2976 5284 3096 5329 rota
3117 5275 3403 5330 contineat.

2092 5413 2150 5467 V.
2197 5411 2371 5467 Media
2395 5413 2718 5468 tabellarum
2741 5421 2858 5466 rota
2885 5412 2987 5467 soli
3011 5411 3291 5466 tribuitur.
3321 5408 3498 5479 Hujus
3532 5409 3588 5464 in

2017 5506 2280 5562 interiore
2304 5520 2430 5560 area
2463 5513 2671 5575 septem
2710 5505 2992 5559 bisextiles
3023 5510 3172 5568 sunt,
3213 5504 3408 5574 quinto
3451 5517 3588 5572 quo-

2019 5614 2128 5668 que
2157 5613 2300 5651 anno
2349 5598 2536 5667 positi.
2587 5594 2718 5652 Post
2775 5596 3057 5652 bisextiles
3105 5597 3161 5650 iu
3192 5598 3368 5667 primo
3399 5612 3586 5660 versu,

2021 5690 2136 5744 sive
2182 5688 2409 5752 circulo,
2447 5686 2573 5742 anni
2622 5687 2755 5742 solis
2791 5703 2982 5750 xxvm,
3026 5687 3254 5756 primus,
3289 5685 3583 5747 secundus,

2017 5789 2070 5836 et
2100 5781 2172 5836 ita
2213 5779 2471 5850 deinceps
2501 5793 2676 5849 usque
2729 5777 2798 5833 ad
2841 5777 3165 5835 vicesimum
3201 5788 3458 5836 octavum
3487 5792 3586 5835 ex-
