4106 6424
462 306 475 317 ’
524 353 665 408 ιεεε
1576 352 1666 409 AD
1704 351 1973 409 ausas"
2009 349 2409 410 cnnomcou
2446 351 2812 415 APPENDIX.
3647 368 3773 426 im

522 468 831 540 plicantur;
865 467 1145 524 secundus
1194 484 1412 534 versus,
1446 469 1564 525 sive
1595 471 1841 525 circulus
1873 479 2004 524 octo
2051 479 2091 523 et

2208 467 2331 521 καθ’
2370 470 2559 540 είρμὺν
2588 470 2685 523 καὶ
2716 467 2970 539 δευτέρου
3014 469 3177 542 μέχρι
3219 470 3288 524 τά
3338 479 3422 544 κη’
3453 473 3769 553 διαγεγραμ-

522 556 712 627 viginti
747 572 1017 611 annorum
1052 568 1278 627 epactas
1322 561 1549 630 praebet,
1595 567 1755 630 prout
1800 575 1948 633 a_nno
1990 560 2091 615 cuit

2216 562 2387 632 μένα·
2446 562 2587 616 κατὰ
2637 563 2730 616 τὸν
2773 563 3025 633 δεύτερον
3072 564 3254 633 στίχον
3302 566 3396 617 καὶ
3449 567 3642 624 κύκλον
3683 575 3773 641 τὰς

520 662 629 718 que
665 659 995 721 congruunt.
1040 648 1166 705 llaec
1194 650 1261 706 de
1289 651 1470 706 media
1500 660 1645 708 rota.

2211 654 2391 707 αὐτῶν
2419 654 2526 710 τῶν
2551 663 2637 725 κη’
2670 656 2807 710 ἐτῶν
2846 657 3111 721 ἐπακτὰς,
3143 657 3230 727 ἐφ’
3256 658 3487 714 ἑκάστου
3511 661 3664 729 ἔτους,
3683 669 3771 734 τὰς

499 736 510 750 ⁸
2213 747 2554 818 προσφόρους
2596 748 2875 818 ἀναλόγως
2917 751 3428 824 ἐπιγεγραμμένας.
3476 754 3656 811 Ταῦτα
3688 762 3774 813 καὶ

2211 838 2336 909 περὶ
2368 838 2461 892 τοῦ
2495 838 2660 910 μέσου
2689 840 2908 912 τροχοῦ.

2214 954 2311 1020 Τίς
2326 954 2371 985 ⁷⁸
2393 955 2431 1022 ἠ
2465 954 2583 1027 ἀπὸ
2611 959 2680 1011 ιϐ’
2706 956 2817 1024 τῆς
2849 958 3119 1027 σελήνης
3144 959 3339 1026 ἔτους,
3368 961 3506 1016 ἀλλ’
3531 965 3639 1019 οὐκ
3663 967 3773 1021 ἀπὸ

2402 1024 2637 1093 πρώτης
2657 1027 2727 1080 ἐν
2753 1027 2835 1094 τῷ
2862 1024 3145 1099 sam-opt,»
3172 1024 3582 1101 διαῄράμματι.

595 1119 680 1176 V1.
720 1120 835 1177 Cur
881 1132 1065 1178 autem
1121 1139 1233 1178 non
1299 1139 1331 1178 a
1371 1125 1549 1195 primo
1590 1124 1805 1179 initium
1868 1123 2091 1179 habeant

2279 1139 2369 1204 ς’.
2409 1137 2475 1190 Ἡ
2500 1138 2558 1192 δὲ
2589 1139 2739 1193 αἰτία
2769 1139 2891 1194 καθ’
2923 1141 2991 1213 ἡν
3037 1140 3137 1195 οὐκ
3175 1142 3284 1195 ἀπὸ
3314 1141 3534 1214 πρώτου
3560 1145 3703 1212 ἔτους
3740 1150 3771 1221 ή

518 1216 647 1275 anni
684 1216 906 1271 lunares
930 1217 996 1271 ad
1031 1217 1316 1274 sinistram
1342 1218 1617 1289 inscripti,
1655 1218 1750 1273 sed
1775 1234 1806 1271 a
1837 1233 1985 1272 nono
2009 1218 2091 1273 de-

2205 1228 2459 1301 ἐγγραφὴ
2488 1230 2598 1284 τῶν
2629 1232 2729 1302 τῆς
2758 1230 2991 1304 σελήνης
3018 1232 3156 1286 ἐτῶν
3180 1230 3240 1298 ἐξ
3272 1234 3565 1306 εὐωνύμων
3590 1216 3769 1308 ἐτάγη,

516 1305 681 1372 cinno,
728 1321 793 1361 ac
818 1306 1017 1364 deinde
1050 1309 1284 1379 primus,
1312 1310 1609 1373 secundus,
1644 1318 1700 1366 ct
1728 1310 1925 1381 reliqui
1978 1311 2091 1366 sub

2204 1322 2339 1376 ἀλλὰ
2372 1324 2481 1376 ἀπὸ
2516 1321 2603 1389 ιθ’,
2637 1325 2733 1378 καὶ
2769 1323 2945 1389 οὕτως
2972 1324 3213 1398 πρώτου,
3257 1328 3351 1382 καὶ
3388 1305 3658 1400 δευτέρου,
3687 1305 3772 1385 καὶ

512 1396 800 1467 jiciantur,
825 1416 993 1456 causa
1020 1409 1105 1456 est
1130 1402 1427 1471 ejusmodi.
1479 1402 1655 1473 Caput
1680 1403 2015 1473 jejuniorum
2047 1403 2091 1458 in

2201 1412 2310 1468 τῶν
2365 1412 2640 1485 καθεξῆς,
2689 1415 2828 1489 αὕτη
2876 1396 3044 1474 ἐστίν.
3092 1419 3160 1473 Ἦ
3206 1396 3569 1491 παρείσδασις
3608 1422 3663 1474 ἐν
3701 1421 3771 1492 τῷ

512 1492 817 1561 penultimo
851 1508 1062 1558 mense,
1094 1493 1202 1549 hoc
1249 1503 1337 1550 est
1364 1495 1659 1570 undecimo
1696 1496 1932 1552 labentis
1972 1498 2091 1551 anni

2203 1504 2544 1576 προτελεύτῳ
2578 1506 2728 1578 μηνὶ,
2751 1508 3031 1563 τουτέστιν
3056 1509 3331 1581 ἑνδεκάτῳ
3362 1509 3459 1564 τοῦ
3493 1511 3771 1575 ἐνεστῶτος

512 1588 778 1651 perpetuo
812 1583 1103 1654 contingit,
1134 1584 1214 1638 uti
1265 1582 1532 1640 Paschale
1587 1583 1790 1639 festum
1832 1584 1889 1639 in
1920 1585 2091 1655 primo

2200 1594 2410 1662 γίνεται
2434 1594 2590 1659 ἔτους
2629 1596 2748 1650 ἀεί·
2788 1598 3040 1671 καθάπερ
3069 1600 3165 1654 καὶ
3202 1602 3235 1672 ἡ
3274 1600 3580 1671 Πασχάλιος
3619 1603 3768 1673 ἑορτὴ

513 1675 887 1731 succedentis.
920 1674 1103 1741 Quare
1143 1691 1270 1731 cum
1309 1676 1450 1733 duos
1498 1692 1673 1733 annos
1706 1684 1981 1747 occupent
2010 1691 2091 1732 sa-

2201 1686 2259 1738 ἐν
2282 1684 2359 1757 τῷ
2386 1685 2586 1758 πρώτῳ
2618 1687 2713 1742 τοῦ
2737 1689 2963 1743 εἰσιέναι
2993 1689 3300 1761 μέλλοντος.
3337 1692 3556 1765 Ἐπειδὴ
3589 1688 3678 1747 οὖν
3704 1693 3769 1748 τὰ

523 933 635 991 Cur
658 936 724 991 ab
769 955 908 992 anno
938 938 1079 992 lume
1128 955 1242 999 mi,
1302 958 1405 996 non
1448 957 1479 993 a
1514 943 1686 1009 primo
1717 940 1913 997 tabella
1955 941 2085 995 sini-

1027 1021 1142 1064 stra
1166 1010 1328 1064 ducat
1357 1013 1590 1066 initium.

510 1768 943 1839 crijejuniorum
967 1770 1108 1834 dies,
1145 1769 1234 1825 vel
1268 1770 1453 1840 potius
1485 1785 1517 1824 a
1556 1769 1773 1825 duobus
1807 1770 1913 1840 ipsi
1945 1784 2098 1824 com-

510 1861 946 1930 prebendantur,
978 1861 1050 1914 ita
1089 1867 1148 1914 ut
1182 1860 1403 1915 initium
1430 1861 1650 1916 illorum
1687 1860 1758 1916 ab
1788 1875 1935 1916 anno
1970 1876 2099 1916 cur-

509 1958 665 2007 rente
688 1952 832 2007 lunae
862 1951 1131 2022 pendeat;
1164 1950 1292 2009 ﬁnis
1314 1958 1497 2008 autem
1531 1952 1601 2007 ab
1624 1966 1691 2007 eo
1723 1951 1817 2022 qui
1849 1951 2100 2024 proxime

509 2042 783 2113 sequitur,
814 2057 1041 2098 necesse
1058 2049 1220 2098 estut
1241 2042 1582 2113 jejuniorum
1613 2042 1832 2097 initium
1857 2057 1922 2098 ex
1951 2058 2099 2099 anno

507 2128 727 2185 decimo
758 2145 906 2186 nono
952 2132 1265 2200 metiamur,
1296 2131 1517 2203 quando
1578 2132 1820 2188 salutare
1879 2132 2097 2190 Pascha

506 2237 655 2278 anno
683 2223 828 2278 luna:
850 2224 1029 2294 primo
1057 2224 1389 2280 celebratur.
1427 2223 1519 2280 Sic
1542 2239 1610 2280 ex
1631 2239 1778 2279 anno
1816 2226 1993 2295 primo
2014 2227 2095 2297 je-

504 2314 790 2384 juniorum
825 2323 990 2386 caput
1022 2315 1303 2387 dirigitur,
1352 2316 1570 2386 quoties
1608 2316 1806 2373 festum
1834 2317 2098 2375 Resurre-

507 2405 710 2460 ctionis
751 2405 809 2459 in
846 2405 1149 2460 secundum
1182 2403 1408 2473 incidit;
1449 2413 1505 2462 et
1551 2421 1621 2462 ex
1653 2407 1920 2473 secundo,
1968 2424 2096 2464 cum

508 2496 563 2550 in
608 2496 832 2551 tertium
874 2496 1062 2561 cadit,
1122 2504 1178 2553 et
1218 2497 1288 2553 ab
1343 2498 1449 2553 hoc
1498 2514 1715 2563 rursus,
1770 2500 1992 2569 quando
2038 2502 2096 2557 in

506 2596 767 2659 quartum
800 2588 1034 2643 incurrit
1067 2607 1080 2643 :
1129 2597 1296 2659 atque
1335 2589 1409 2646 ita
1431 2606 1618 2662 porro.
1671 2591 1753 2646 Ad
1784 2592 1934 2649 hunc
1975 2607 2095 2648 mo-

506 2679 637 2733 dum
667 2694 727 2735 se
761 2679 923 2734 habet
959 2678 1233 2734 lunarium
1269 2679 1338 2736 ad
1376 2680 1659 2737 sinistram
1689 2695 1959 2738 annorum
1995 2681 2093 2740 de-

507 2771 758 2844 scriptio.

512 2972 669 3043 173
704 2971 934 3039 Quinam
962 2973 1069 3029 sint
1093 2973 1381 3041 embolimi,
1410 2985 1457 3030 et
1484 2991 1602 3046 quae
1627 2976 1841 3032 lunares
1863 2985 2083 3047 epactw.

2199 1774 2293 1828 δύο
2324 1776 2717 1849 μεσολαϐοῦσιν
2739 1778 2835 1849 ἐτη
2865 1781 2925 1833 αί
2960 1780 3113 1849 ἅγιαι
3137 1782 3248 1836 τῶν
3266 1783 3533 1855 νηστειῶν
3556 1783 3767 1856 ἡμέραι,

2205 1866 2405 1936 μᾶλλον
2451 1867 2510 1921 δὲ
2562 1869 2699 1941 πρὸς
2741 1870 2924 1924 αὐτῶν
2957 1867 3114 1927 αὗται
3153 1873 3644 1945 συλλαμϐάνονται·
3684 1876 3768 1928 καὶ

2199 1954 2268 2009 τὰ
2286 1956 2332 1988 ⁸⁸
2357 1957 2457 2028 μὲν
2479 1958 2580 2030 τὴν
2616 1959 2822 2017 οἰκείαν
2843 1960 3017 2034 ἀρχὴν
3047 1964 3354 2036 ήρτημέναι
3377 1964 3472 2019 τοῦ
3494 1966 3767 2030 ἐνεστῶτος

2199 2048 2298 2120 τῆς
2319 2049 2543 2123 σελήνης
2563 2052 2737 2119 ἔτους,
2763 2054 2905 2109 κατὰ
2924 2056 2982 2109 δὲ
3005 2056 3066 2110 τὸ
3084 2056 3238 2122 τέλος
3256 2054 3359 2112 αὖο
3368 2076 3415 2122 ις
3439 2058 3530 2112 τοῦ
3558 2058 3763 2113 είσιέναο

2202 2140 2487 2212 μέλλοντος
2506 2160 2520 2174 ·
2553 2145 2768 2218 ἀνάγκη
2794 2147 3013 2212 πάντως
3039 2150 3148 2202 ἀπὸ
3167 2150 3647 2204 ἐννεακαιδεκάτου
3675 2168 3766 2204 κα-

2198 2234 2497 2298 νονίζεσθαι
2543 2236 2699 2302 ἔτους
2745 2240 2844 2312 τὴν
2892 2239 3068 2313 ἀρχὴν
3113 2239 3221 2296 τῶν
3252 2241 3549 2314 νηστειῶν,
3586 2243 3669 2295 ὅτε
3711 2242 3766 2295 τὸ

2199 2328 2466 2399 σωτήριον
2511 2329 2705 2401 Πάσχα
2752 2332 2810 2384 ἐν
2844 2331 3046 2404 πρώτῳ
3077 2332 3177 2404 τῆς
3231 2334 3464 2405 σελήνης
3510 2332 3616 2386 ἔτει
3657 2333 3765 2385 ἐπι-

2195 2419 2451 2474 τελεῖται.
2481 2419 2638 2474 Οὕτω
2672 2422 2731 2475 δέ
2761 2423 2856 2475 καὶ
2883 2423 2996 2477 ἀπὸ
3041 2423 3257 2498 πρώτου
3286 2425 3389 2496 τὴν
3421 2423 3763 2496 παρείσϐασιν

2196 2509 2380 2575 πάλιν,
2412 2511 2563 2583 ὃτεὴ
2612 2512 2982 2584 ἀναστάσιμος
3026 2515 3189 2588 ἑορτὴ
3232 2516 3292 2570 ἐν
3327 2515 3370 2587 β·
3414 2515 3555 2585 γίνετ
3570 2530 3649 2567 ιι·
3679 2514 3762 2566 καὶ

2195 2603 2304 2657 ἀπὸ
2341 2603 2407 2673 β’,
2453 2604 2543 2657 ὅτε
2575 2605 2635 2658 ὲν
2676 2603 2753 2677 τῷ
2802 2606 2972 2679 τρίτῳ
2994 2622 3008 2637 ·
3045 2608 3142 2663 καὶ
3179 2608 3290 2685 ἀπὸ
3328 2608 3543 2673 τούτου,
3590 2607 3675 2660 ὅτε
3711 2605 3764 2657 ἐν
3866 2666 3873 2673 η

2192 2694 2470 2766 τετάρτῳ·
2521 2696 2617 2749 καὶ
2680 2695 2872 2762 ἁπλῶς
2931 2698 3094 2771 μέχρι
3138 2699 3349 2765 τέλους.
3399 2693 3567 2764 Οὗτος
3608 2692 3694 2751 οὖν
3736 2696 3764 2747 ὁ

2192 2787 2292 2858 τῆς
2319 2786 2624 2860 διαγραφῆς
2671 2787 2830 2858 λόγος
2855 2788 2965 2845 τῶν
3002 2790 3103 2863 τῆς
3141 2790 3377 2865 σελήνης
3399 2790 3458 2859 ἐξ
3486 2786 3763 2859 εὐωνύμων

2193 2877 2354 2934 ἐτῶν.

2198 2995 2364 3061 Τίνες
2423 2998 2479 3050 οἱ
2521 2994 2826 3067 ἐμϐόλιμοι
2840 3038 2855 3062 ,
2895 2997 3000 3137 θιΞὲ
3036 2998 3198 3065 τίνες
3249 3001 3311 3054 αἱ
3368 2998 3617 3056 exarata!
3662 2994 3762 3064 τῆς

2845 3084 2919 3122 σε
3004 3086 3139 3136 νης.

2845 3084 3139 3136 σελήνης.

581 3152 688 3208 VII.
741 3152 962 3224 Septem
1003 3170 1223 3212 menses
1285 3157 1646 3214 intercalares
1695 3173 1762 3213 ex
1818 3158 1886 3215 iis
1948 3174 2088 3231 quas

2262 3158 2337 3211 Z’.
2367 3159 2430 3211 Οἱ
2467 3157 2525 3212 δὲ
2554 3159 2696 3214 ἑπτὰ
2733 3158 3019 3233 ἐμϐόλιμοι
3055 3160 3223 3232 μῆνες
3246 3162 3312 3216 ἐκ
3341 3163 3454 3217 τῶν
3475 3159 3761 3233 λεγομένων

504 3255 727 3317 cpactas
749 3246 895 3302 lunae
926 3246 1184 3314 dicimus,
1207 3249 1542 3320 colliguntur
1570 3258 1694 3320 post
1722 3250 1860 3307 duos
1885 3265 2084 3319 annos,

505 3340 589 3395 vel
625 3350 757 3405 tres,
789 3340 1011 3410 quando
1038 3339 1107 3395 ad
1146 3341 1503 3397 tricenarium
1543 3341 1754 3397 dierum
1796 3358 2086 3399 numerum

505 3432 856 3501 perveniunt.
885 3430 1105 3501 Epactaa
1141 3448 1309 3503 porro
1346 3448 1411 3489 ex
1444 3432 1658 3489 delectu
1696 3434 1909 3491 lunaris
1958 3437 2087 3491 anni

506 3522 573 3575 ad
605 3523 841 3578 solarem
876 3524 1150 3580 oriuntur.
1200 3523 1337 3579 Nam
1382 3525 1580 3581 solaris
1630 3525 1824 3584 diebus
1861 3534 2090 3583 constat

505 3628 747 3683 cucurr;
796 3615 1009 3673 lunaris
1053 3630 1260 3671 cccuv.
1308 3615 1466 3673 Unde
1512 3619 1796 3688 proprium
1840 3633 2084 3675 mensem

504 3709 669 3764 habet
705 3708 920 3764 dierum
962 3725 1115 3774 xxn,
1168 3724 1234 3763 ac
1289 3709 1557 3765 semissis.
1602 3709 1673 3762 At
1722 3724 1900 3766 annus
1944 3710 2088 3766 lunae

504 3801 737 3872 quilibet
768 3815 878 3855 uno
908 3800 1092 3870 aliquo
1130 3800 1198 3855 dc
1229 3799 1652 3856 intercalaribus
1678 3801 1923 3871 septenis
1947 3817 2087 3872 prae-

505 3893 675 3957 ditus,
718 3890 980 3947 tredecim
1021 3891 1248 3946 omnino
1302 3906 1520 3948 menses
1568 3892 1773 3960 habet;
1823 3894 1961 3949 adeo
2024 3902 2085 3949 ut

507 3984 578 4040 ad
620 3984 904 4040 duodenos
953 3985 1177 4041 ultimus
1222 3985 1328 4040 iste
1368 4000 1468 4056 pro
1509 3999 1598 4049 eo,
1650 4000 1712 4041 ac
1748 3986 2084 4055 nominatur,

506 4074 852 4130 intercalaris
896 4075 1165 4143 accedat;
1215 4084 1506 4145 propterea
1559 4089 1671 4129 non
1725 4076 1907 4132 solum
1968 4077 2088 4135 dies

504 4170 725 4241 colligat
780 4184 1007 4237 cccuv,
1068 4170 1145 4224 uti
1197 4171 1383 4226 caeteri
1443 4171 1665 4227 lunares
1728 4171 1860 4225 anni
1918 4191 1933 4228 :
1990 4173 2088 4229 sed

502 4276 830 4327 cccuxxtv,
882 4262 1157 4318 tricenum
1200 4262 1412 4318 dierum
1465 4276 1654 4319 mense
1701 4262 1928 4335 insuper
1985 4265 2087 4321 ad-

503 4355 637 4412 dito.

506 4468 583 4526 De
624 4468 862 4525 Hebraeis
914 4469 1200 4533 mensibus,
1255 4469 1348 4539 qui
1397 4467 1466 4523 ad
1523 4471 1801 4525 sinistram
1865 4472 2083 4528 canonis

572 4551 778 4613 partem
804 4540 1061 4595 observati
1093 4530 1236 4613 sunt,
1260 4530 1309 4593 et
1329 4541 1563 4611 ipsorum
1584 4552 1751 4612 'quoto
1778 4542 1884 4608 die,
1906 4543 2087 4613 cujus-
2114 4530 2165 4591 Ι)

575 4611 722 4665 modi
755 4620 877 4666 sunt
909 4622 959 4665 et
991 4627 1155 4682 quare
1185 4612 1402 4665 diversi.

572 4720 712 4778 Ylll.
742 4721 882 4778 Hinc
925 4723 1091 4794 igitur
1136 4723 1471 4793 penultimus
1514 4724 1726 4781 lunaris
1764 4725 1915 4781 illius
1956 4724 2087 4779 anni

502 4816 713 4873 mensis
751 4831 861 4871 non
889 4815 1214 4870 undecimus
1242 4823 1348 4881 est,
1377 4817 1473 4872 sed
1501 4817 1881 4883 duodecimus,
1916 4832 1946 4871 a
1979 4833 2089 4889 quo

504 4914 825 4962 sanctorum
851 4906 1185 4977 jejuniorum
1222 4907 1505 4962 introitum
1543 4909 1669 4979 jure
1699 4909 1978 4973 metimur,
2013 4909 2085 4964 ob

503 5013 791 5054 excessum
829 4999 1035 5053 mensis
1074 4998 1257 5061 unius,
1298 4998 1390 5069 qui
1421 5000 1491 5054 ab
1536 4999 1829 5055 undecimo
1860 5000 2087 5056 illorum

503 5089 945 5146 observationem
997 5090 1251 5161 progredi
1304 5097 1470 5157 vetat,
1523 5101 1582 5145 ut
1632 5076 1701 5147 ne
1748 5092 1935 5162 plures
1989 5110 2093 5148 nu-

503 5197 680 5248 mero,
728 5197 890 5252 quam
944 5197 1133 5238 revera
1192 5182 1322 5246 sint,
1381 5182 1499 5237 dies
1540 5182 1649 5237 illis
1690 5181 2029 5251 imputentur
2074 5202 2088 5238 :

506 5271 651 5328 unde
686 5273 958 5328 calculum
1006 5272 1443 5329 subducentibus
1483 5288 1641 5329 error
1687 5272 1939 5345 obrepat.
1980 5274 2094 5329 Ca:-

505 5372 684 5421 terum
722 5366 779 5421 in
826 5373 1056 5437 utroque
1100 5382 1307 5433 mense,
1370 5365 1682 5430 undecimo,
1740 5367 1987 5439 inquam,
2028 5379 2085 5423 et

505 5456 854 5525 duodecimo,
884 5459 953 5514 ad
984 5459 1273 5515 sinistrum
1310 5460 1453 5515 latus
1484 5461 1714 5515 Canonis
1742 5475 1852 5514 non
1890 5461 2083 5517 eadem

505 5560 673 5621 quota
713 5552 832 5607 dies
861 5553 1157 5608 ascribitur
1186 5569 1217 5609 e
1258 5553 1479 5625 regione
1511 5554 1881 5608 Romanorum
1925 5570 2086 5609 men-

504 5638 649 5697 sium
688 5658 702 5694 :
748 5640 1210 5710 quemadmodum
1252 5642 1307 5695 in
1339 5642 1531 5697 dextra
1575 5653 1731 5712 parte
1769 5643 1863 5697 uni
1908 5643 2086 5700 mensi

578 5798 626 5833 ⁸⁸
652 5797 808 5854 Deest
837 5800 1007 5853 αἰτία.
1080 5801 1127 5833 ⁸⁸
1163 5800 1206 5869 f.
1238 5799 1398 5854 κατά.

2195 3250 2452 3304 ἐπακτῶν
2500 3252 2602 3323 τῆς
2654 3251 2884 3323 σελήνης
2915 3252 3260 3325 ἁθροίζονται
3313 3255 3458 3310 κατὰ
3498 3254 3688 3309 διετίαν
3727 3252 3758 3322 ἡ

2194 3341 2432 3412 τριετίαν
2479 3342 2713 3415 ἀριθμὸν
2752 3343 2796 3397 λ’
2850 3344 3075 3416 ἡμερῶν
3130 3345 3551 3418 ἐκπληροῦντες.
3602 3344 3666 3398 Δί
3710 3343 3760 3394 δὲ

2194 3433 2433 3486 ἐπακταὶ
2457 3433 2546 3486 διὰ
2582 3433 2683 3505 τὴν
2722 3432 2960 3503 ἔκλειψιν
3007 3433 3237 3488 δίδονται
3272 3435 3369 3488 τοῦ
3408 3436 3508 3507 τῆς
3552 3431 3760 3503 σελήνης

2194 3522 2349 3588 ἔτους
2376 3525 2511 3596 πρὸς
2540 3524 2603 3578 τὸ
2638 3525 2864 3597 ἡλιακὸν
2895 3524 3033 3591 ἔτος.
3075 3526 3295 3599 Ἐπειδὴ
3318 3528 3385 3582 τὸ
3426 3527 3525 3600 μὲν
3556 3523 3760 3597 ἡλιακὸν

2194 3614 2301 3679 τξε·
2341 3614 2676 3687 καθέστηκεν
2732 3617 2981 3690 ἡμερῶν,
3031 3618 3093 3672 τὸ
3116 3618 3174 3672 δὲ
3221 3620 3321 3690 τῆς
3381 3619 3606 3691 σελήνης
3642 3613 3756 3668 τνδι

2198 3705 2361 3761 Ὅθεν
2412 3706 2509 3760 καὶ
2557 3706 2649 3760 τὸν
2699 3708 2900 3761 οίκεῖον
2952 3707 3097 3779 μῆνα
3143 3706 3224 3761 κδ’
3267 3707 3498 3779 ἡμίσεος
3552 3700 3759 3775 ἡμερῶν
3843 3752 3851 3767 κ

2195 3799 2477 3871 κέκτηται.
2518 3800 2635 3854 Πᾶν
2662 3799 2721 3854 δέ
2754 3799 2984 3872 σελήνης
3017 3798 3165 3865 ἔτος,
3205 3798 3498 3871 δεχόμενον
3535 3797 3627 3851 ἕνα
3662 3790 3761 3845 τῶν

2196 3890 2510 3962 ἔμϐολίμων
2552 3890 2760 3963 μηνῶν,
2796 3890 3098 3963 δεκατριῶν
3128 3891 3336 3960 γίνεται
3368 3891 3605 3951 πάντως,
3635 3881 3761 3955 πρὸς

2194 3984 2314 4046 ταῖς
2380 3981 2701 4036 δυοκαίδεκα
2748 3982 2934 4037 τοῦτον
2984 3981 3325 4055 φερωνύμως
3379 3979 3762 4054 ἐμϐαλλόμενον

2196 4070 2344 4142 ἔχον·
2389 4070 2467 4134 ὡς
2500 4070 2849 4143 εὑρίσκεσθαι
2887 4070 3073 4126 λοιπὸν
3105 4071 3181 4145 μὴ
3224 4072 3386 4144 μόνον
3419 4071 3520 4126 τνδ¹
3554 4061 3761 4140 ἡμερῶν
3854 4080 3865 4097 ⁶

2195 4163 2337 4218 κατὰ
2364 4163 2433 4217 τὰ
2461 4163 2625 4218 λοιπὰ
2652 4164 2752 4234 τῆς
2778 4164 3005 4236 σελήνης
3041 4163 3158 4236 ἐτη,
3200 4163 3339 4219 ἀλλὰ
3363 4164 3483 4220 τπδ
3514 4164 3580 4234 τῇ
3609 4170 3762 4230 προσ·

2196 4261 2342 4317 θέσει
2377 4262 2471 4316 τοῦ
2504 4260 2801 4334 ἐμϐολίμου
2839 4261 3008 4335 μηνὸς
3035 4261 3080 4316 λ’
3118 4261 3359 4335 ἡμερῶν.

2195 4468 2337 4539 Περὶ
2373 4467 2494 4523 τῶν
2514 4467 2584 4534 ἐξ
2623 4469 2955 4540 εὐωνύμων·
2985 4468 3093 4525 τοῦ
3136 4468 3426 4540 κανοκὶου
3462 4455 3761 4540 τετηρημέ-

2256 4536 2381 4594 ὖων
2431 4539 2753 4608 Ἑϐραϊκῶν
2794 4536 3005 4610 ﬁmi-(iw
3023 4581 3040 4606 ,
3109 4541 3208 4595 καὶ
3260 4538 3373 4607 τῆς
3428 4536 3625 4594 αὐτῶν
3664 4545 3761 4585 πο·

2254 4612 2499 4678 σταίας·
2535 4613 2698 4677 τινες
2722 4610 2787 4665 τέ
2817 4613 2969 4678 εισι,
3001 4612 3099 4665 καὶ
3122 4611 3221 4665 διὰ
3255 4612 3314 4665 τι
3343 4610 3631 4680 διάφοροι.

2257 4726 2340 4779 Η’.
2388 4724 2671 4779 Ἐντεῦθεν
2691 4719 2785 4778 οὖν
2804 4724 2899 4778 καὶ
2918 4724 3334 4797 προτελευταῖον
3365 4725 3511 4796 μῆνα
3550 4718 3639 4773 τὸν
3664 4708 3759 4783 πρὸ

2186 4817 2284 4872 τοῦ
2308 4817 2515 4884 τέλους,
2537 4818 2599 4870 οὐ
2630 4815 2721 4869 τὸν
2750 4816 3052 4880 ἑνδέκατον,
3075 4816 3210 4870 ἀλλὰ
3237 4816 3330 4869 τὸν
3362 4808 3760 4868 δυοκαιδέκατον

2188 4909 2251 4963 τὸ
2279 4907 2489 4962 τοιοῦτο
2521 4907 2620 4978 τῆς
2658 4906 2888 4978 σελήνης
2910 4907 3173 4978 κέκτηται
3214 4906 3365 4970 ἔτος·
3402 4905 3463 4970 ἐξ
3488 4894 3550 4957 οὗ
3606 4910 3761 4970 προσ·

2187 5002 2432 5074 ηκόντως
2457 5002 2552 5056 καὶ
2584 5003 2617 5072 ή
2652 5000 3016 5072 παρείσδασις
3041 4998 3150 5052 τῶν
3176 4998 3348 5067 ἁγίων
3380 4991 3640 5068 νηστειῶν
3669 4999 3760 5040 κα-

2188 5094 2456 5159 νονίζεται
2506 5095 2572 5148 δι’
2607 5094 2775 5165 αὐτὴν
2818 5092 2914 5147 τοῦ
2964 5091 3131 5163 μηνὸς
3156 5090 3254 5162 τήν
3287 5086 3625 5168 περισσείαν,

2188 5187 2423 5241 λύουσαν
2455 5187 2553 5255 τὴν
2583 5186 2689 5239 ἀπὸ
2712 5185 2995 5239 ἑνδεκάτου
3032 5181 3287 5252 γενέσθαι
3335 5181 3502 5252 μηνὸς
3529 5167 3762 5246 παρατή·

2193 5296 2385 5353 ρησιν·
2425 5279 2500 5344 ὡς
2544 5280 2682 5351 μήτε
2719 5278 2935 5341 πλείους
2968 5276 3000 5347 ἢ
3036 5270 3111 5329 ὧν
3150 5274 3457 5345 ὑπάρχουσι
3498 5266 3636 5322 κατὰ
3680 5259 3760 5311 τὸν

2191 5369 2421 5442 ἀριθμὸν
2452 5368 2548 5432 τὰς
2581 5367 2758 5423 αὐτῶν
2798 5367 3011 5439 ἡμέρας
3053 5366 3409 5438 ψηςρίζεσθαι,
3436 5362 3545 5415 κάκ
3572 5353 3761 5442 τούτων

2192 5460 2507 5532 διαμαρτεῖν
2574 5462 2702 5523 τοὺς
2760 5458 3114 5531 ψηφίζοντας.
3175 5458 3484 5528 Τετήρηται
3540 5447 3596 5503 δὲ
3651 5437 3761 5497 καθ’

2193 5553 2452 5624 ἑκάτερον
2481 5553 2644 5623 μῆνα,
2677 5551 2770 5604 τὸν
2800 5550 3083 5604 ἑνδέκατον
3130 5549 3273 5617 λέγω
3325 5549 3415 5601 καὶ
3445 5546 3535 5598 τὸν
3562 5540 3763 5624 δυοκαι-

2193 5645 2417 5699 δέκατον
2468 5648 2525 5698 ἐν
2564 5645 2643 5717 τῷ
2691 5643 2959 5715 εὐωνύμῳ
3008 5642 3102 5697 τοῦ
3141 5642 3386 5695 κανονίου
3432 5639 3530 5707 οὔχ
3565 5636 3596 5704 ἡ
3636 5622 3761 5690 αὐτὴ
