4106 6440
403 341 548 399 1⁸2ξῦ

1212 338 1272 393 S.
1312 337 1562 392 MAXIMI
1604 333 1971 392 MARTYRIS
2008 332 2382 390 COMPUTUS
2417 332 2857 390 ECCLESIAST.

3510 340 3650 398 1225

401 464 634 518 ποσταῖα
654 462 795 515 κατὰ
814 459 912 530 τὴν
941 458 1048 511 τῶν
1081 458 1402 530 Ῥωμαϊκῶν
1422 460 1726 531 διαγραφὴν
1744 476 1756 488 ·
1792 457 1978 529 ὥσπερ

2085 470 2180 527 per
2228 470 2404 511 annos
2455 471 2648 511 omnes
2699 455 2963 512 decimam
3016 465 3268 527 quartam
3329 459 3647 516 attributam

400 555 481 608 ἐνὶ
501 552 634 626 μηνὶ
653 552 745 606 καὶ
760 551 895 615 ὅλοις
914 552 956 584 ⁸⁷
975 552 1087 614 τοῖς
1103 550 1276 604 ἐτεσιν
1287 551 1345 604 ὲν
1358 549 1435 621 τῷ
1456 549 1614 621 δεξιῷ
1627 548 1727 620 τὴν
1748 547 1807 602 ιδ’
1829 566 1981 622 σεση-

404 643 712 716 μειωμένην
733 642 949 715 ὁρῶμεν
972 642 1323 712 ὑπάρχουσαν
1350 657 1363 669 ·
1396 639 1510 694 ἀλλ’
1538 639 1672 711 άλλη
1697 640 1792 693 καὶ
1813 639 1975 711 άλλη.

398 728 522 787 Οἷον
546 733 626 795 είς
666 732 765 802 μὲν
792 732 883 786 τὸν
925 737 994 785 ια’
1022 733 1150 801 παρ’
1179 728 1449 801 Ἑϐραίοις
1481 728 1663 784 Σαϐἁτ
1686 728 1978 800 λεγόμενον

397 826 432 896 ἠ
450 823 644 879 τούτου
672 823 1107 892 ἑπτακαιδεκάτη
1127 839 1140 853 ⁸
1161 823 1217 875 ὲν
1233 822 1461 886 ἐκείνοις
1487 821 1668 893 μέντοι
1701 825 1813 886 τοῖς
1833 820 1977 875 ἔτεσι

398 917 511 979 τοῖς
542 916 641 969 οὐκ
686 915 868 987 ἔχουσι
892 915 985 968 τὸν
1023 913 1315 986 ὲμϐόλιμον
1336 931 1350 944 ·
1388 915 1469 977 είς
1499 914 1556 967 δὲ
1586 913 1679 968 τὸν
1705 913 1978 968 δυοκαιδέ-

398 1024 582 1073 κατον,
614 1008 784 1078 ’Ἄδαρ
824 1006 1382 1079 προσαγορευόμενον,
1428 1008 1461 1077 ἡ
1497 1006 1684 1060 τούτου
1706 1007 1975 1060 ὀκτωκαι-

394 1096 617 1168 δεκάτη,
635 1100 693 1151 ὲν
709 1097 917 1161 τούτοις
940 1096 1180 1168 δηλονότι
1204 1099 1315 1160 τοῖς
1337 1097 1428 1151 τὸν
1451 1097 1639 1169 ὲμϐὀλι
1646 1115 1744 1169 μον
1770 1097 1972 1168 έχουσι.

395 1186 508 1240 Καὶ
539 1186 696 1240 τοῦτό
716 1204 780 1255 γε
810 1187 952 1240 κατὰ
972 1185 1149 1254 λόγον.
1188 1185 1405 1257 Ἐπειδὴ
1427 1186 1535 1258 γὰρ
1557 1186 1639 1241 κθ¹
1667 1186 1760 1240 καὶ
1779 1187 1822 1239 λ’
1841 1189 1976 1258 ἠμε-

397 1277 508 1347 ρῶν
542 1281 669 1349 παρ’
699 1279 953 1351 ἑκάτερον
985 1278 1129 1350 μῆνα
1143 1277 1252 1332 τῶν
1278 1279 1603 1334 δυοκαίδεκα
1624 1280 1723 1351 τῆς
1744 1279 1974 1351 σελήνης

391 1368 718 1440 ψηφίζομεν,
748 1370 883 1441 πρὸς
912 1368 971 1423 τὸ
1014 1369 1088 1441 μὴ
1125 1373 1311 1442 τεμεῖν
1354 1371 1561 1443 ἡμέρας
1603 1371 1688 1425 διὰ
1733 1370 1828 1425 τοῦ
1869 1370 1974 1424 ἀνά

393 1461 474 1513 νϐ’
510 1460 734 1533 ἡμίσεος
784 1460 1006 1525 τούτους
1045 1460 1301 1533 ψηφίξειν
1352 1462 1661 1533 (συμϐαίνει
1688 1461 1796 1534 γὰρ
1827 1461 1970 1516 οὕτω

391 1553 491 1616 τάς
522 1570 581 1606 τε
621 1553 723 1607 τνδ’
752 1554 965 1626 ἡμέρας
1008 1554 1234 1618 ἐντελῶς
1282 1553 1631 1627 ἀριθμεῖσθαι
1676 1554 1820 1609 κατὰ
1861 1556 1969 1609 πᾶν

392 1645 510 1708 ἔτος
533 1647 632 1716 τῆς
666 1646 928 1718 σελήνης,
977 1645 1071 1698 καὶ
1106 1644 1377 1717 μηδεμιᾶς
1411 1644 1728 1715 συμϐαίνειν
1753 1645 1967 1715 ἡμέρας

386 1735 684 1807 διαίρεσιν·
724 1736 801 1800 ώς
840 1735 1086 1789 ἐντεῦθεν
1128 1736 1311 1790 λοιπὸν
1356 1735 1705 1806 εὑρίσκεσθαι
1745 1736 1969 1806 διὰ-τὴν

387 1806 639 1899 τοιαύτην
670 1829 734 1881 ἐκ
767 1826 980 1900 πρώτου
1017 1827 1182 1898 μηνὸς
1215 1827 1533 1882 ἀκολουθίαν
1564 1829 1658 1882 καὶ
1690 1827 1842 1891 τάξιν
1872 1827 1962 1880 τὸν
1999 1806 2043 1865 Β

390 1920 489 1991 μὲν
509 1926 577 1973 ια’
599 1919 819 1990 ἡμερῶν
839 1919 947 1983 κθ’;
972 1918 1063 1972 τὸν
1095 1918 1151 1973 δὲ
1179 1918 1591 1972 δυοκαιδέκατον
1616 1919 1659 1971 λ’
1690 1917 1957 1990 ἡμερῶν)·

388 2011 772 2084 προσηκόντως
797 2006 888 2064 οὖν
918 2012 975 2064 ὲν
1007 2010 1104 2081 μὲν
1136 2012 1249 2073 τοῖς
1276 2010 1375 2062 οὐκ
1403 2009 1585 2081 ἔχουσι
1621 2009 1712 2063 τὸν
1743 2008 1962 2079 ἐμϐόλι-

390 2120 491 2174 μον
521 2101 612 2156 τὸν
653 2109 718 2155 ια’
761 2102 856 2156 καὶ
902 2100 1000 2174 τὴν
1037 2101 1226 2156 τούτου
1274 2100 1336 2166 ιζ’
1371 2100 1780 2171 έκανονίσαμεν.
1830 2099 1961 2153 Ἀπὸ

385 2193 493 2266 γὰρ
529 2193 732 2263 ταύτης
773 2192 934 2266 μέχρι
967 2194 1067 2264 τῆς
1109 2192 1203 2245 τοῦ
1243 2191 1365 2246 καθ’
1412 2191 1697 2263 Ἐϐραίους
1741 2190 1959 2264 πρώτου

388 2286 554 2358 μηνὸς
582 2288 641 2339 ιδ’
667 2285 760 2339 τοῦ
789 2286 1012 2339 εἰσιέναι
1038 2286 1320 2357 μέλλοντος
1347 2284 1502 2349 ἔτους
1543 2283 1820 2356 ίσάριθμοι
1851 2284 1960 2337 τῶν

384 2377 554 2446 ἁγίων
582 2378 842 2449 νηστειῶν
868 2380 924 2432 ai
951 2378 1153 2450 ἡμέραι
1184 2377 1532 2448 τυγχάνουσι,
1569 2376 1816 2430 τουτέστι
1860 2374 1957 2440 νίζ’.

385 2468 655 2522 Τοσαῦται
685 2468 793 2540 γὰρ
834 2468 893 2523 αἱ
920 2468 1028 2521 τῶν
1054 2475 1103 2540 η’
1136 2468 1445 2540 ἑϐδομάδων
1478 2468 1759 2539 προδήλως
1785 2467 1918 2521 εἰσίν
1942 2484 1957 2497 ·

382 2555 494 2614 οἷον
520 2563 577 2614 αἰ
602 2560 881 2613 ὑπόλοιποι
917 2568 985 2629 ιγ’
1020 2559 1184 2614 αὑτοῦ
1218 2558 1312 2613 τοῦ
1336 2565 1404 2613 ια’
1435 2560 1604 2632 μηνός
1623 2575 1636 2590 ·
1663 2561 1820 2631 εἴπερ
1852 2559 1956 2625 κθ’,

382 2651 566 2715 καθὼς
590 2650 747 2722 ἔφην,
787 2646 940 2714 οὗτος
978 2650 1304 2721 ψηφίζεται·
1341 2652 1435 2704 καὶ
1467 2652 1522 2703 αί
1554 2650 1649 2703 τοῦ
1682 2650 1959 2705 δυοκαιόε-

384 2747 548 2801 κάτου
575 2746 651 2800 λ’·
684 2748 778 2802 καὶ
805 2749 863 2801 αἱ
893 2747 988 2801 τοῦ
1029 2746 1247 2818 πρώτου
1277 2747 1445 2818 μηνὸς
1473 2746 1535 2801 ιδ’
1541 2790 1555 2804 .
1578 2747 1748 2819 Δῆλον
1778 2748 1854 2812 δὲ,
1884 2748 1959 2812 ὡς

382 2847 474 2906 ιγ’,
499 2838 592 2892 καὶ
633 2837 699 2903 λ’,
733 2839 826 2893 καὶ
864 2839 945 2906 ιδ’,
980 2840 1191 2911 ἡμέρας
1216 2838 1293 2904 νζ¹
1324 2836 1587 2893 ποιοῦσιν.
1643 2840 1732 2893 Ἐν
1762 2838 1959 2911 δὲντοῖς

381 2931 562 3000 ἔχουσι
584 2929 674 2982 τὸν
699 2910 1007 3000 ἐμϐόλιμον
1026 2910 1172 2983 ἔτεσι
1198 2930 1290 2984 τὸν
1328 2929 1740 2983 δυοκαιδέκατον
1762 2910 1962 3001 ἐτηρή-

380 3039 585 3094 σαμεν,
622 3022 717 3075 καὶ
754 3022 853 3093 τὴν
884 3020 1047 3075 αὑτοῦ
1083 3020 1575 3092 ὀκτωκαιδεκάτην.
1625 3021 1720 3074 Ἐκ
1758 3019 1961 3089 ταύτης

378 3115 487 3187 γὰρ
531 3116 690 3187 μέχρι
746 3116 845 3185 τῆς
871 3114 964 3167 τοῦ
1016 3113 1231 3185 πρώτου
1275 3114 1442 3186 μηνὸς
1492 3113 1552 3166 ιδ’
1596 3114 1651 3167 αἱ
1689 3112 1765 3178 νζ⁹
1798 3112 1961 3165 πάλιν

376 3206 717 3279 ἀθροίζονται
740 3224 753 3237 ·
784 3201 893 3260 οἷον
923 3207 978 3259 αί
1011 3206 1176 3259 αὐτοῦ
1201 3205 1293 3288 τοῦ
1322 3207 1389 3277 ιβ’
1429 3205 1711 3261 ὑπόλοιποι
1743 3210 1832 3273 ιγ’,
1866 3204 1953 3258 διὰ

375 3300 436 3352 τὸ
470 3299 512 3351 λ’
554 3298 779 3371 ἡμερῶν
827 3296 1015 3351 τοῦτον
1059 3297 1428 3368 ψηφίζεσθαι·
1467 3299 1563 3351 καὶ
1599 3297 1693 3350 τοῦ
1739 3296 1955 3369 ἐμϐολί-

380 3407 503 3459 μου,
534 3390 701 3460 ήγουν
745 3389 1224 3461 τρισκαιδεκάτου,
1265 3388 1342 3441 λ’·
1399 3388 1666 3453 τοσαύτας
1697 3387 1807 3460 γὰρ
1847 3389 1953 3451 πᾶς

376 3482 669 3552 ἐμϐόλιμος
699 3481 988 3551 κέκτηται·
1033 3481 1127 3534 καὶ⁸
1170 3480 1346 3535 αἰτοῦ
1396 3479 1612 3551 πρώτου
1663 3478 1831 3551 μηνὸς
1869 3479 1949 3532 ιδ’.

375 3569 537 3624 Ὅθεν
579 3570 673 3623 ἐπὶ
725 3569 817 3623 τοῦ
849 3570 1178 3633 τελευταίου,
1221 3571 1387 3642 ἤγουν
1423 3569 1515 3623 τοῦ
1560 3569 1623 3623 ιθ¹
1654 3569 1828 3633 ἔτους,
1859 3571 1953 3623 καὶ

373 3664 471 3734 τὴν
499 3670 573 3728 ις’
591 3662 682 3716 τοῦ
710 3664 828 3716 κατ’
855 3663 1017 3717 αὐτὸν
1048 3670 1114 3716 ια’
1148 3663 1316 3733 μηνὸς
1341 3661 1808 3733 ὲπεσημηνάμεθα
1827 3678 1840 3691 ·
1864 3661 1952 3715 διὰ

372 3754 465 3807 τὸν
495 3754 903 3808 δυοκαιδέκατον
944 3753 1108 3806 αὐτοῦ
1144 3753 1287 3824 μῆνα
1319 3752 1399 3807 κθ¹
1432 3753 1591 3823 μόνον
1645 3751 1950 3823 ψηφίζομεν

373 3847 616 3918 ἡμερῶν,
661 3844 850 3919 ὥσπερ
883 3841 977 3899 οὖν
1022 3845 1221 3899 καύτὸν
1271 3844 1364 3898 τὸν
1399 3851 1502 3898 ια’·
1550 3845 1650 3915 τὴν
1677 3845 1735 3897 δὲ
1775 3844 1951 3900 αἰτίαν

374 3940 651 4011 προϊόντες
698 3938 1027 4011 δηλώσομεν.
1083 3936 1334 4007 Εύλόγως
1372 3933 1465 3992 οὖν
1502 3936 1592 3991 διὰ
1641 3937 1814 3991 ταῦτα
1860 3938 1951 3991 καὶ

372 4031 471 4101 τὴν
515 4029 844 4100 μετάστασιν
877 4031 998 4100 ἴσην
1037 4027 1405 4101 ὲπιτηροῢμεν
1455 4028 1546 4081 ἐπὶ
1595 4026 1799 4081 τούτων
1839 4026 1950 4080 τῶν

371 4118 750 4189 δεδηλωμένων
805 4117 1009 4189 μηνῶν,
1046 4117 1211 4188 ἤγουν
1254 4116 1364 4169 τῶν
1416 4115 1595 4169 αὐτῶν
1654 4114 1948 4181 ποσταίων,

372 4210 470 4278 τῆς
504 4207 919 4278 παρεισϐάσεως
949 4206 1128 4279 χάριν,
1158 4209 1217 4260 έν
1254 4205 1335 4277 τῷ
1372 4204 1637 4277 εὐωνύμῳ
1663 4203 1759 4281 τοῦ
1791 4222 1950 4258 κανο-

375 4301 511 4367 νίου,
547 4300 647 4371 τῆς
690 4300 783 4353 ἐπὶ
816 4299 919 4370 τῆς
954 4299 1013 4353 ιδ’
1039 4299 1134 4354 τοῦ
1160 4297 1377 4371 πρώτου
1433 4298 1599 4370 μηνὸς
1650 4298 1949 4370 γενομένης

372 4396 533 4464 ἡμῖν,
579 4395 637 4446 έν
673 4392 751 4464 τῷ
779 4392 937 4464 δεξιῷ
993 4392 1150 4465 μέρει
1197 4391 1290 4446 τοῦ
1333 4391 1498 4446 αὐτοῦ
1543 4391 1813 4455 κανονίου,
1844 4390 1947 4460 τῆς

2081 548 2394 615 cernimus;
2429 548 2522 604 sed
2552 548 2681 616 alia,
2709 556 2874 619 atque
2920 548 3047 603 alia.
3072 547 3234 604 Velut
3276 550 3329 605 in
3363 553 3649 609 undecimo

2078 654 2300 705 mense,
2352 654 2512 710 quem
2570 637 2778 694 Hebraei
2833 637 2999 693 Sabat
3047 641 3372 707 nominant,
3437 643 3647 697 decima

2079 732 2307 802 septima
2343 731 2461 787 dies
2487 732 2782 787 adnotatur
2822 732 2890 787 iis
2923 731 3082 788 annis
3105 733 3198 804 qui
3234 732 3528 787 embolimo
3555 748 3648 788 ca-

2075 833 2246 890 rent;
2304 825 2362 878 in
2418 823 2745 879 duodecimo
2794 839 2947 888 vero,
2999 824 3094 895 qui
3149 823 3219 879 ab
3271 824 3380 879 illis
3419 832 3650 879 vocatur

2074 915 2243 979 Adar,
2275 923 2469 971 octava
2502 915 2713 971 decima
2753 916 2809 971 in
2843 917 3007 973 annis
3045 916 3337 971 embolimo
3380 916 3643 986 praeditis.

2075 1006 2233 1074 Quod
2267 1007 2485 1079 quidem
2519 1008 2717 1064 rationi
2744 1017 3171 1063 consentaneum
3201 1017 3305 1064 est.
3337 1007 3475 1063 Cum
3499 1011 3647 1065 enim

2073 1100 2356 1155 duodenos
2407 1099 2551 1154 lunae
2596 1114 2813 1155 menses
2856 1098 3082 1154 alternis
3114 1098 3303 1170 viginti
3342 1114 3557 1164 novem,
3590 1106 3647 1155 et

2073 1192 2297 1263 triginta
2335 1190 2547 1246 dierum
2594 1199 2869 1261 putemus,
2901 1206 2969 1246 ne
3006 1191 3126 1247 dies
3172 1190 3363 1260 partiri
3409 1205 3639 1246 necesse

2074 1283 2166 1348 sit,
2196 1282 2240 1338 si
2267 1281 2454 1352 viginti
2508 1295 2701 1336 novem
2729 1296 2794 1335 ac
2832 1281 3115 1335 dimidium
3147 1280 3377 1351 singulis
3400 1280 3639 1351 impute-

2073 1390 2196 1429 mus
2235 1374 2338 1446 (sic
2372 1374 2518 1430 enim
2561 1373 2779 1439 accidit,
2815 1382 2873 1428 ut
2905 1374 2960 1428 i'n
2990 1373 3235 1461 quolibet
3275 1386 3419 1427 anno
3457 1373 3636 1427 lunari

2060 1473 2349 1545 trecentos
2389 1474 2444 1521 et
2498 1461 2895 1536 quinquaginta
2963 1471 3198 1535 quatuor
3267 1463 3385 1517 dies
3434 1463 3642 1533 integre

2071 1574 2444 1623 numeremus,
2485 1558 2606 1614 sine
2634 1558 2744 1612 ulla
2779 1557 2887 1611 diei
2913 1556 3182 1612 fractione
3208 1572 3222 1620 ;
3248 1571 3357 1626 quo
3392 1554 3452 1608 ﬁt
3483 1562 3543 1610 ut
3571 1570 3640 1610 ex

2072 1650 2324 1706 instituto
2376 1651 2646 1704 mensium
2713 1647 2903 1703 ordine
2961 1662 3027 1702 ac
3087 1647 3466 1710 successione,
3516 1652 3642 1717 post

2070 1724 2307 1813 primum
2335 1740 2593 1811 deinceps
2638 1740 2959 1795 undecimus
2997 1738 3114 1795 dies
3138 1738 3334 1793 habeat
3357 1752 3549 1793 novem
3586 1745 3643 1792 et

2070 1832 2295 1903 viginti,
2356 1831 2716 1886 duodecimus
2774 1845 2905 1885 vero
2960 1829 3205 1901 triginta)
3257 1846 3270 1882 :
3324 1842 3448 1883 cum
3501 1827 3638 1890 haec,

2068 1925 2310 1994 inquam,
2348 1923 2429 1977 sic
2468 1923 2725 1987 habeant,
2753 1922 2949 1977 merito
2980 1921 3039 1975 in
3087 1921 3248 1974 annis
3292 1919 3637 1988 simplicibus

2066 2015 2411 2070 undecimum
2463 2029 2729 2078 mensem,
2774 2012 3004 2083 ejusque
3032 2027 3143 2067 xvu
3185 2012 3327 2066 diem
3370 2010 3438 2065 ad
3467 2024 3637 2066 cano-

2066 2121 2191 2160 nem
2220 2104 2618 2159 adnotavimus.
2669 2103 2803 2158 Nam
2831 2105 2899 2158 ab
2937 2105 3038 2158 hoc
3060 2103 3150 2158 die
3187 2102 3361 2173 us’que
3388 2104 3456 2156 ad
3482 2102 3639 2156 deci-

2069 2211 2219 2251 mum
2258 2205 2512 2267 quartum
2541 2195 2701 2267 primi
2741 2195 2947 2251 mensis
2990 2194 3203 2249 Iudaici
3240 2195 3296 2249 in
3339 2209 3484 2249 anno
3512 2210 3640 2249 con-

2072 2289 2344 2360 sequenti,
2397 2289 2622 2344 totidem
2681 2296 2816 2358 quot
2864 2289 3072 2345 sanctis
3112 2288 3340 2358 jejuniis
3386 2288 3636 2344 attributi

2067 2389 2217 2445 sunt,
2264 2383 2608 2437 intercedunt
2646 2380 2764 2438 dies
2788 2421 2802 2447 ,
2834 2397 3028 2451 nempe
3060 2397 3191 2437 Lvn.
3229 2381 3334 2437 Tot
3372 2383 3519 2437 enim
3570 2396 3639 2437 ex

2067 2473 2500 2528 hebdomadibus
2544 2480 2671 2526 octo
2715 2472 2979 2528 conﬁunt.
3027 2471 3167 2527 Sunt
3205 2479 3383 2528 autem
3430 2472 3484 2526 hi
3518 2471 3639 2527 dies

2066 2580 2164 2619 xm
2205 2580 2270 2620 ex
2318 2563 2604 2620 undecimo
2655 2580 2844 2621 mense
2883 2564 3277 2636 residui;qui,
3324 2571 3386 2619 ut
3430 2566 3640 2620 dictum

2066 2663 2181 2719 est,
2237 2670 2430 2711 novem
2485 2662 2540 2711 et
2592 2655 2784 2726 viginti
2835 2657 3084 2727 colligit;
3143 2664 3259 2711 tum
3328 2656 3639 2713 duodecimi

2065 2747 2272 2801 mensis
2314 2762 2463 2813 xxx;
2507 2761 2572 2800 ac
2615 2747 2773 2816 primi
2824 2745 3078 2817 denique.
3127 2761 3245 2803 xlv.
3296 2746 3641 2815 Colliguntur

2065 2851 2132 2890 ex
2175 2851 2297 2901 xm,
2334 2844 2391 2890 et
2418 2852 2548 2903 xxx,
2579 2843 2635 2891 et
2662 2851 2775 2901 xlv,
2814 2838 3105 2907 perspicue
3148 2838 3265 2893 dies
3304 2853 3435 2892 Lvn.
3467 2837 3539 2891 At
3581 2839 3638 2893 in

2066 2928 2229 2984 annis
2271 2929 2628 2985 embolimaeis
2666 2929 3050 2984 duodecinmm
3096 2944 3368 2994 mensem,
3407 2929 3638 3000 ejusque

2066 3022 2209 3076 diem
2237 3029 2489 3075 octavum
2520 3020 2793 3076 decimum
2832 3020 3204 3076 adhibuimus.
3238 3020 3321 3074 Ab
3348 3021 3453 3076 hoc
3489 3021 3638 3076 enim

2067 3128 2240 3183 usque
2293 3112 2359 3167 ad
2406 3112 2678 3167 decimum
2724 3120 2981 3182 quartum
3043 3114 3253 3169 mensis
3303 3112 3482 3182 primi,
3521 3114 3638 3166 col—

2065 3205 2307 3275 liguntur
2356 3202 2518 3258 iidem
2557 3219 2668 3257 Lvn
2715 3203 2852 3268 dies,
2902 3202 3163 3258 nimirum
3208 3219 3273 3258 ex
3324 3202 3636 3259 «luodecimi

2063 3297 2268 3350 mensis
2314 3295 2552 3351 residuis
2596 3310 2715 3357 ιιιι,
2766 3294 3027 3364 quoniam
3078 3295 3171 3350 il-le
3226 3295 3452 3366 triginta
3512 3294 3637 3351 dies

2060 3387 2224 3441 habet
2267 3406 2281 3442 :
2332 3396 2388 3441 et
2421 3402 2489 3443 ex
2528 3387 2830 3451 embolimi,
2874 3387 2991 3442 sive
3039 3386 3183 3442 tertii
3220 3386 3440 3451 decimi,
3477 3403 3583 3440 xxx
3616 3424 3634 3451 ,

2058 3479 2286 3534 totidem
2325 3479 2470 3534 enim
2500 3479 2825 3534 embolimus
2853 3478 3035 3550 quivis
3063 3479 3293 3543 obtinet,
3319 3493 3383 3534 ac
3411 3477 3634 3533 demum

2058 3586 2128 3625 ex
2160 3572 2369 3626 mensis
2408 3570 2570 3640 primi
2603 3569 2797 3625 diebus
2840 3585 2955 3624 xlv.
2999 3568 3083 3624 0b
3122 3571 3265 3624 hanc
3297 3584 3524 3625 causam
3571 3569 3631 3624 in

2062 3677 2205 3717 anno
2248 3670 2547 3733 postremo,
2603 3662 2697 3732 qui
2740 3672 2826 3717 est
2872 3649 3117 3717 decimus
3160 3676 3375 3727 nonus,
3419 3661 3629 3717 mensis

2058 3756 2326 3812 undecimi
2350 3772 2440 3810 va
2474 3757 2618 3811 diem
2651 3755 3010 3826 ascripsimus
3034 3794 3048 3819 ,
3074 3755 3333 3826 quoniam
3360 3754 3628 3810 duodeci-

2057 3862 2208 3901 mum
2244 3848 2391 3903 illius
2432 3862 2677 3904 mensem
2723 3847 2956 3912 dierum,
3002 3863 3114 3903 non
3157 3847 3392 3919 amplius
3435 3862 3632 3903 novem

2058 3954 2123 3994 ac
2160 3938 2355 4010 viginti
2402 3938 2810 4001 constituimus,
2855 3946 2917 3991 ut
2965 3945 3020 3993 et
3064 3937 3436 4004 undecimum,
3470 3936 3634 4007 cujus

2056 4035 2137 4089 rei
2164 4033 2220 4087 in
2252 4031 2715 4103 consequentibus
2743 4031 2883 4086 ratio
2910 4030 3189 4087 reddetur.
3214 4030 3483 4098 Quocirca
3505 4031 3632 4100 jure

2057 4130 2113 4183 in
2152 4129 2220 4185 iis
2258 4142 2396 4199 quos
2426 4126 2540 4182 dixi
2570 4125 2855 4181 mensibus
2878 4163 2896 4189 ,
2940 4138 3005 4178 ac
3052 4124 3235 4195 quotis
3279 4137 3472 4179 eorum
3509 4121 3631 4176 die-

2055 4215 2182 4285 bus,
2208 4229 2431 4291 propter
2477 4220 2760 4274 introitum
2789 4216 3123 4287 jejuniorum
3141 4255 3157 4280 ,
3189 4213 3434 4270 eamdem
3460 4213 3629 4270 alter-

2056 4318 2335 4374 nationem
2385 4317 2441 4370 in
2493 4315 2720 4370 sinistro
2770 4312 2941 4367 latere
2986 4309 3215 4366 canonis
3250 4308 3628 4366 observamus.

2055 4426 2220 4482 quam
2259 4410 2316 4464 in
2351 4409 2546 4464 dextro
2587 4406 2656 4461 ad
2689 4403 2953 4458 decimam
2984 4407 3236 4471 quartam
3274 4397 3435 4468 primi
3476 4411 3631 4451 men-

372 4483 717 4547 ἀναστάσεως
744 4482 929 4536 ἕνεκεν
948 4499 961 4512 ·
989 4483 1098 4537 ἀπὸ
1118 4482 1220 4553 τῆς
1246 4480 1535 4554 Κυριακῆς
1550 4480 1940 4553 καὶδευτέρας,

2064 4480 2136 4563 sis
2166 4501 2507 4560 adhibemus,
2552 4504 2772 4566 propter
2806 4491 3006 4547 festum
3037 4485 3459 4544 resurrectionis
3484 4502 3500 4551 ;
3529 4483 3626 4538 ubi

372 4577 467 4631 καὶ
495 4575 602 4630 τῶν
630 4572 864 4645 καθεξῆς
886 4575 1105 4646 ἡμερῶν
1130 4576 1209 4637 εἰς
1238 4573 1336 4644 τὴν
1364 4571 1622 4626 ἐπιοῦσαν
1653 4573 1813 4641 ἁγίαν
1835 4574 1948 4625 Κυ-

375 4667 569 4738 ριακὴν
600 4665 1028 4738 μεταϐαίνοντες.
1046 4665 1231 4718 Ταῦτα
1258 4666 1352 4719 καὶ
1379 4665 1508 4737 περὶ
1533 4665 1739 4719 τούτων
1767 4665 1949 4720 είπόν-

371 4776 483 4823 τες,
505 4757 836 4812 ἐπανακτὼν
860 4758 991 4827 ἡμῖν
1019 4756 1110 4810 τὸν
1137 4756 1294 4826 λόγον
1316 4758 1396 4820 είς
1417 4755 1518 4828 τὴν
1536 4755 1644 4811 τῶν
1663 4756 1761 4827 τῆς
1787 4755 1947 4826 σελή-

372 4868 471 4921 νης
500 4830 636 4903 ἑτῶν
659 4848 1057 4919 ἁπακρίϐωσιν.

369 5071 513 5141 Περὶ
566 5070 897 5139 διαστολῆς
929 5071 1066 5142 Δτῶν·
1125 5070 1235 5142 τῆς
1291 5072 1563 5142 σελήνης
1611 5072 1794 5137 ἐτῶν,
1853 5074 1953 5127 καὶ

827 5140 1048 5211 ὁμάδος
1075 5141 1194 5196 τῶν
1235 5142 1493 5212 ἡμερῶν.

441 5232 519 5285 8'.
546 5232 698 5286 Εἰσὶν
717 5225 810 5286 οὖν
834 5232 902 5286 τὰ
927 5232 1025 5286 ὅλα
1046 5233 1142 5303 τῆς
1170 5233 1400 5304 σελήνης
1429 5233 1546 5303 ἔτη,
1572 5232 1756 5298 καθὼς
1792 5234 1950 5306 ἐρρέ-

373 5320 462 5392 θη,
498 5320 563 5374 ιθ⁹
583 5339 595 5351 ·
623 5321 671 5386 ζ’
702 5323 800 5393 μὲν
843 5321 914 5376 τὰ
940 5324 1066 5384 τοὺς
1095 5322 1414 5393 ἰσαρίθμους
1445 5322 1771 5394 ἐμϐολίμους
1797 5324 1951 5396 ἔχον·

371 5430 441 5467 τα
484 5414 681 5485 μῆνας,
728 5415 894 5486 ῆγουν
943 5414 1013 5469 τά
1066 5415 1176 5468 ἀπὸ
1224 5415 1341 5469 τπδ’
1387 5414 1645 5486 ἡμερῶν·
1702 5416 1768 5486 ιβ’
1796 5417 1854 5469 δὲ
1881 5415 1951 5469 τά

372 5504 640 5575 λεγόμενα
679 5505 866 5571 κοινὰ,
896 5505 1141 5561 τουτέστι
1172 5505 1242 5559 τὰ
1274 5507 1385 5560 ἀπὸ
1408 5505 1536 5559 τνδ¹.
1578 5507 1646 5560 ΛΞ
1677 5508 1734 5561 δὲ
1775 5508 1949 5562 πᾶσαι

374 5594 483 5648 τῶν
512 5595 690 5649 αὐτῶν
718 5595 782 5648 ιθ¹
808 5597 906 5668 τῆς
940 5595 1166 5668 σελήνης
1201 5595 1337 5650 ἐτῶν
1368 5594 1593 5667 ἡμέραι,
1624 5599 1691 5668 τῇ
1724 5614 1946 5667 συμπα-

463 5751 506 5782 ¹⁷
543 5751 581 5806 f.
613 5752 669 5803 ‘tv
697 5750 860 5815 ὅλαις.

658 5848 924 5906 Pn‘non.
973 5847 1087 5908 (in.
1136 5848 1315 5911 XIX.

2059 4614 2091 4652 a
2125 4594 2424 4656 Dorninica,
2461 4595 2517 4644 et
2553 4584 2794 4643 secunda
2831 4582 2988 4645 feria,
3012 4580 3335 4649 ceterisque
3363 4577 3625 4646 deinceps

2057 4690 2129 4746 ad
2157 4692 2403 4745 sanctam
2438 4678 2777 4735 Dominicam
2807 4680 3124 4745 sequentem
3154 4672 3448 4726 transitum
3480 4668 3624 4723 faci-

2057 4797 2203 4838 mus.
2228 4776 2335 4833 Sed
2371 4774 2441 4831 de
2466 4773 2536 4828 iis
2569 4771 2873 4834 hactenus;
2900 4780 3045 4820 nunc
3073 4763 3143 4819 ad
3176 4775 3446 4819 annorum
3469 4760 3630 4815 luna-

2056 4871 2197 4926 rium
2221 4865 2488 4921 rationem
2512 4857 2824 4916 accuratius
2844 4852 3222 4926 explicandam
3258 4849 3629 4909 convertenda

2052 4970 2137 5019 est
2164 4957 2361 5016 oratio.

2160 5068 2513 5137 Explicantur
2538 5064 2666 5118 anni
2692 5063 2926 5126 lunares,
2959 5070 3009 5115 et
3041 5076 3253 5115 summa
3287 5058 3512 5115 dierum.

2121 5229 2215 5285 1X.
2248 5231 2390 5286 Anni
2430 5231 2651 5287 lunares
2680 5230 3116 5295 universe,sunt.
3140 5222 3538 5286 novemdecim,
3569 5229 3629 5276 ut

2053 5321 2261 5378 dictum
2310 5331 2415 5380 est.
2449 5322 2695 5391 Quorum
2744 5329 2974 5391 septem,
3016 5319 3370 5376 intercalares
3409 5331 3630 5373 menses

2053 5414 2356 5486 accipiunt,
2406 5416 2681 5487 iidemque
2736 5413 2934 5471 diebus
2982 5417 3240 5469 constant
3285 5422 3625 5472 ccccx-x-xtv;

2055 5508 2346 5565 duodecim
2384 5524 2515 5566 vero
2547 5523 2868 5567 communes
2913 5506 3297 5577 appellantur,
3342 5500 3439 5571 qui
3484 5498 3634 5555 sciti—

2054 5607 2143 5655 cet
2194 5601 2312 5658 dies
2357 5602 2563 5657 habent
2606 5615 2812 5657 cccuv.
2856 5599 3028 5655 Porro
3078 5592 3240 5668 174
3278 5592 3399 5652 dies
3441 5607 3633 5650 omnes

3193 5841 3274 5902 39
