4106 6480
503 368 635 427 ΙΞΞἸ

1476 356 1566 413 ΔΙ)
1583 351 1886 444 ,ΕΠΒΕΒΠ
1909 350 2307 410 CHRONICON
2349 345 2715 406 APPENDIX.

3613 340 3745 396 1228

501 503 566 547 ex
609 502 703 544 xix
750 484 912 540 annis
959 480 1249 538 lunaribus
1293 479 1530 544 collecti,
1596 474 1858 532 adhibitis
1903 473 2071 528 nimi-

2194 469 2406 543 ›αλήψει
2446 467 2646 539 δηλαδὴ
2698 461 2807 516 τῶν
2855 458 3167 530 ὲμόολίμων
3217 453 3430 547 μηνῶν,
3473 453 3747 527 ἰσάριθμοι

464 612 485 645 ,ι
502 591 624 632 rum
671 573 1091 630 intercalaribus
1153 570 1453 634 mensibus,
1507 567 1717 624 dierum
1780 578 2068 620 numerum

475 653 808 740 fexzquant,
869 665 962 737 qui
1012 682 1081 721 ex
1136 681 1226 719 xu
1284 663 1444 718 annis
1495 661 1771 714 solaribus
1829 655 2070 721 exsistit,

482 745 738 829 {quorum
776 757 977 829 singuli
1004 771 1208 812 cccuv
1245 754 1438 810 diebus
1459 758 1734 808 constant.
1763 745 1900 805 Nam
1936 763 2072 819 pro-

502 859 688 918 pterea
729 857 934 920 septem
974 847 1253 904 embolimi
1297 860 1512 901 menses
1573 843 1735 899 annis
1785 841 2074 896 lunaribus

505 941 808 1004 accedunt,
867 945 927 994 ut
972 937 1029 992 bi
1077 951 1308 992 numero
1356 934 1568 991 dierum
1625 947 1751 987 cum
1800 931 2075 987 solaribus

506 1033 664 1093 annis
707 1033 859 1104 paria
895 1030 1137 1096 faciant;
1177 1043 1241 1084 ac
1269 1043 1380 1084 non
1422 1023 1590 1095 6,726
1628 1027 1777 1084 solos
1813 1025 1931 1080 dies
1975 1023 2077 1078 ha-

503 1127 688 1194 beant,
721 1122 816 1182 sed
841 1123 1028 1191 6,955.
1063 1122 1316 1180 Tatidem
1347 1121 1493 1176 enim
1512 1119 1888 1177 novemdecim
1909 1115 2074 1172 annis

508 1218 778 1275 solaribus
830 1217 1172 1289 imputantur
1216 1235 1231 1272 :
1273 1215 1410 1272 adeo
1443 1224 1508 1270 ut
1554 1230 1626 1270 ne
1676 1227 1820 1267 unus
1855 1207 2077 1280 quidem

511 1313 565 1368 in
593 1315 708 1364 toto
729 1307 1216 1364 decemnovennali
1247 1307 1400 1380 cyclo
1427 1307 1544 1362 dies
1574 1302 1864 1361 redundet.

513 1423 629 1490 Qua
661 1425 866 1480 ratione
898 1423 1194 1493 super/litus
1223 1423 1278 1477 in
1310 1421 1601 1477 embolimi:
1644 1417 1910 1474 mensibus
1942 1415 2078 1481 dies,

919 1504 969 1549 et
1000 1502 1156 1565 quoto
1188 1511 1328 1548 anno
1359 1495 1646 1548 eximatur.

574 1609 645 1664 Χ.
676 1607 812 1664 Nam
839 1607 1054 1663 tametsi
1081 1614 1288 1678 septem
1315 1607 1457 1660 luna:
1481 1619 1696 1660 menses
1724 1595 2080 1672 adjiciantur,

513 1701 614 1758 hoc
639 1708 726 1757 est
770 1713 870 1754 ccx
909 1697 1068 1762 dies;
1117 1697 1188 1754 ob
1230 1696 1574 1768 singulorum
1619 1694 1770 1749 illius
1808 1703 2081 1746 annorum

515 1793 582 1851 ab
625 1792 899 1850 solaribus
949 1788 1246 1856 defectum,
1313 1803 1436 1844 cum
1493 1784 1908 1866 undecim.isti
1959 1781 2078 1836 dies

513 1883 730 1942 nonnisi
760 1896 883 1937 calx
910 1880 1222 1942 conﬁciant,
1257 1876 1503 1934 decimus
1545 1891 1726 1932 nonus
1752 1889 1931 1928 annus
1971 1885 2083 1926 uno

515 1979 600 2036 die
641 1974 946 2040 mutiiatur,
987 1987 1054 2028 ac
1098 1986 1297 2027 cccun
1344 1975 1590 2032 constat,
1635 1975 1698 2021 ut
1743 1959 2083 2036 superﬂuum

513 2083 578 2126 ex
615 2065 926 2124 embolimis
977 2063 1260 2121 mensibus
1323 2067 1616 2117 consumat
1652 2058 1817 2114 diem.
1873 2055 2086 2125 Quippe

517 2173 689 2218 annus
717 2159 823 2215 iste
854 2171 886 2212 a
911 2171 968 2212 tv
993 2155 1083 2211 die
1118 2153 1322 2226 Aprilis
1356 2152 1626 2224 incipiens
1662 2150 1721 2204 in
1763 2163 1877 2203 χχιι
1907 2144 2086 2200 Martii

515 2252 736 2311 desinit.
781 2250 904 2318 Quo
970 2248 1030 2304 ﬂt
1072 2257 1134 2304 ut
1179 2258 1238 2304 et
1275 2260 1494 2302 menses
1539 2241 1819 2300 embolimi
1865 2239 2087 2310 plenum

514 2341 725 2399 dierum
766 2354 1057 2397 numerum
1092 2337 1384 2401 retineant,
1423 2339 1478 2390 et
1511 2333 1682 2390 totius
1725 2327 2090 2386 enneadecae-

518 2431 708 2488 teridis
741 2431 929 2502 cycius
973 2443 1045 2483 ne
1099 2441 1214 2482 uno
1257 2424 1482 2497 quidem
1529 2421 1618 2478 die
1659 2421 1870 2476 solares
1914 2431 2089 2473 annos

521 2518 894 2578 novemdecim
920 2515 1172 2574 excedat.

522 2807 674 2878 Quod
695 2807 856 2863 etiam
884 2806 967 2861 illi
993 2807 1083 2877 qui
1112 2805 1324 2878 lunares
1351 2819 1518 2878 annos
1540 2802 1814 2878 quinquies
1842 2809 1892 2857 et
1921 2801 2091 2878 sexies

591 2878 967 2962 multiplicant,
991 2870 1342 2962 ξευρενζιιιιιηι
1381 2873 1524 2929 diem
1552 2870 1818 2938 exin—tant,
1877 2872 1979 2926 etsi
2037 2870 2092 2925 id

591 2951 698 3005 alio
737 2947 793 3004 in
823 2964 961 3004 anno
983 2947 1213 3018 faciant.

588 3061 681 3118 XI.
711 3059 870 3118 Unde
897 3061 974 3117 illi
1025 3073 1245 3131 quoque
1293 3059 1388 3130 qui
1419 3074 1593 3114 annos
1625 3057 1772 3114 lunae
1800 3057 2095 3129 quinquies

2177 561 2534 632 τυγχάνουσιν
2561 556 2764 629 ἡμέραι
2798 555 2854 608 αἱ
2883 552 2992 605 τῶν
3011 551 3057 584 ⁵⁸
3092 547 3332 622 ἡλιακῶν
3358 545 3422 600 ιϐ’
3444 562 3458 576 ·
3507 547 3744 601 τουτέστι

2177 653 2284 707 τῶν
2309 653 2416 706 ἀπὸ
2438 650 2566 715 τξε’.
2591 647 2690 702 Διὰ
2710 646 2870 701 τοῦτο
2895 643 3004 716 γὰρ
3028 644 3077 697 οἱ
3103 639 3242 695 ἑπτὰ
3271 637 3555 710 ἐμϐόλιμοι
3585 639 3747 710 μῆνες

2177 743 2556 817 προστίθενται
2601 742 2714 803 τοῖς
2757 739 2858 808 τῆς
2917 735 3148 805 σελήνης
3202 731 3400 795 ἐτεσιν,
3447 730 3534 784 ἵνα
3586 729 3744 784 ταῦτα

2178 834 2319 890 κατὰ
2350 835 2442 888 τδν
2472 832 2703 906 ἀριθμὸν
2729 832 2836 883 τῶν
2866 825 3089 899 ἡμερῶν
3111 823 3413 886 ἀνελλιπῶς
3435 821 3578 892 ἔχειν
3603 822 3755 894 ποιή-

2180 944 2314 982 σωσι
2354 925 2491 998 πρὸς
2530 925 2600 978 τὰ
2635 922 2731 977 τοῦ
2773 920 2925 993 ἡλίου
2970 919 3064 990 ἐτη
3087 931 3102 948 ο
3149 917 3248 971 καὶ
3293 910 3432 968 εἶναι
3470 913 3544 986 μὴ
3597 913 3752 986 μόνον

2181 1019 2369 1090 ,ςψκξ
2399 1017 2640 1090 ἡμερῶν,
2685 1014 2822 1070 ἀλλὰ
2857 1012 3054 1080 ,ςξδλεκ
3103 1008 3373 1063 Τοσαῦται
3405 1007 3516 1080 γὰρ
3552 1009 3608 1062 αἱ
3649 1007 3758 1060 τῶν

2182 1111 2248 1164 ιϐ’
2299 1109 2543 1182 ἡλιακῶν
2587 1107 2724 1162 ὲτῶν
2767 1105 2972 1177 ἡμέραι
3019 1100 3406 1171 τυγχάνουσιν,
3465 1098 3586 1150 οὐδὲ
3633 1099 3754 1168 μιᾶς

2179 1202 2441 1276 περιττῆς
2478 1200 2647 1272 οὔσης
2674 1199 2891 1272 ἡμέρας
2915 1199 2976 1250 ὲν
2993 1193 3073 1266 τῷ
3096 1193 3282 1264 κύκλῳ
3303 1191 3405 1262 τῆς
3425 1190 3558 1262 ὅλης
3591 1192 3758 1244 ἐννεαο

2179 1294 2672 1367 καιδεκαετηρίδος.

2179 1409 2315 1478 Πῶς
2345 1406 2383 1478 ἡ
2405 1409 2474 1462 ἐν
2497 1407 2624 1473 τοῖς
2655 1405 2994 1478 ἐμϐολίμοις
3025 1401 3182 1478 μησί
3209 1405 3642 1478 «remugiatan
3653 1401 3757 1471 μία

2391 1478 2582 1550 ἡμέρα
2603 1472 3014 1546 ὑποτέμνεται,
3031 1472 3138 1526 καὶ
3157 1473 3227 1526 ἐν
3245 1473 3396 1535 ποίῳ
3413 1472 3552 1526 ἔτει.

2253 1595 2310 1648 Ῑ’.
2345 1591 2410 1647 Εἰ
2441 1592 2548 1666 γὰρ
2595 1593 2693 1646 καὶ
2726 1591 2770 1656 ζ’
2805 1591 2976 1662 μῆνας
3019 1587 3382 1660 ἐμϐάλλομεν,
3419 1585 3660 1641 τουτέστι
3694 1593 3758 1641 σι’

2181 1686 2418 1760 ἡμέρας,
2465 1686 2626 1757 αὐτῇ,
2677 1685 2778 1756 τῆς
2833 1682 2940 1736 τῶν
2971 1681 3104 1736 καθ’
3146 1680 3377 1735 ἕκαστον
3421 1679 3542 1745 ἔτος
3597 1679 3758 1750 αὐτῆς

2112 1828 2156 1884 Β
2183 1780 2343 1852 χάριν
2389 1779 2712 1849 συλλείψεως
2757 1777 2824 1843 ⁸⁸,
2859 1774 3050 1829 ἕνδεκα
3091 1773 3311 1845 ἡμερῶν
3349 1774 3432 1838 εἰς
3479 1773 3558 1827 σθ’
3602 1772 3760 1844 μόνας

2183 1869 2585 1944 ἁθροιζομένων
2606 1887 2619 1900 ·
2653 1867 2791 1922 ἀλλά
2810 1885 2874 1937 γε
2905 1867 2968 1922 τὸ
2999 1865 3308 1920 τελευταῖον
3339 1865 3482 1929 ἔτος,
3512 1865 3674 1936 ἡγουν
3701 1863 3760 1917 τὸ

2188 1963 2274 2030 ιϐ’,
2314 1961 2467 2034 παρὰ
2505 1961 2633 2033 μίαν
2683 1960 2900 2032 ἡμέραν
2941 1959 3032 2014 διὰ
3082 1957 3240 2012 τοῦτο
3280 1957 3596 2028 γεγένηται,
3653 1950 3762 2026 τνγ⁹

2186 2055 2452 2128 ὑπᾶρχον,
2493 2052 2581 2106 ἵνα
2624 2051 2874 2126 ύποτέμῃ
2915 2051 3014 2123 τὴν
3042 2053 3102 2106 ὲν
3134 2054 3248 2115 τοῖς
3279 2049 3602 2121 ὲμϐολίμοις
3635 2049 3762 2120 μησὶ

2186 2145 2610 2218 περιττεύουσαν
2639 2143 2768 2216 μίαν
2806 2144 3043 2216 ἡμέραν.
3083 2143 3349 2215 Ἀρχεται
3389 2141 3489 2212 μὲν
3521 2139 3629 2212 γὰρ
3661 2139 3762 2194 ἀπὺ

2185 2236 2286 2308 τῆς
2321 2233 2362 2288 δ’
2393 2233 2488 2288 τοῦ
2525 2233 2802 2307 Ἀπριλίου
2834 2234 3034 2306 μηνός·
3062 2235 3142 2296 εἰς
3161 2232 3217 2284 δὲ
3244 2231 3344 2304 τὴν
3379 2231 3463 2301 κβ¹
3493 2231 3586 2285 τοῦ
3611 2231 3759 2302 Μαρι

2185 2328 2304 2382 τίου
2353 2324 2698 2398 περαιοῦται.
2746 2324 2837 2390 Ἐξ
2877 2320 2938 2380 οὗ
2967 2325 3086 2396 (τῆς
3105 2324 3187 2394 τε)
3236 2323 3348 2378 τῶν
3382 2321 3687 2394 ἐμδολίμων
3727 2324 3760 2392 ἡ

2189 2418 2443 2491 ἀρτιότης
2495 2417 2574 2488 τῷ
2605 2415 2874 2488 ἰσαρίϐμῳ
2904 2416 3013 2470 τῶν
3043 2415 3268 2488 ἡμερῶν
3299 2413 3644 2479 διασώζεται·
3677 2414 3764 2468 καὶ

2189 2511 2220 2564 ὁ
2239 2509 2341 2579 τῆς
2371 2503 2498 2578 ὅλης
2543 2507 3176 2581 ἐννεακαιδεκαετηρίδος
3207 2505 3411 2568 κύκλος
3437 2505 3494 2558 ἐν
3527 2502 3644 2557 οὐδὲ
3675 2503 3764 2574 μιᾷ

2189 2601 2376 2673 ἡμέρᾳ
2427 2598 2738 2665 πλεονάζων
2783 2599 3096 2671 εὑρίσκεται
3145 2597 3285 2672 πρὸς
3343 2595 3630 2652 δεκαεννέα
3675 2593 3764 2647 τοῦ

2190 2692 2346 2765 ἡλίου
2370 2691 2466 2764 ἔτη
2487 2692 2550 2746 τὺ
2575 2687 2816 2747 σύνολον.

2196 2807 2327 2861 Ὅτι
2355 2805 2454 2860 καὶ
2486 2805 2612 2872 τοῖς
2626 2803 3046 2860 πενταπλοῦσι
3078 2803 3179 2857 καί
3209 2801 3552 2868 ἐξαπλοῦσι
3571 2801 3648 2872 τὰ,
3666 2797 3766 2865 τῆς

2263 2877 2534 3001 ἵελήνης
2553 2871 2657 2946 ἐτη
2695 2872 2735 2945 ἦ
2769 2876 3010 2945 περιττὴ
3034 2873 3454 2944 ὑποτέμνεται,
3477 2872 3590 2927 κᾶν
3613 2871 3767 2934 ἇλλφ

2301 2965 2408 3001 τει.

2301 2965 2408 3003 τει.

2265 3061 2372 3114 IA'.
2433 3059 2599 3114 Ὅθεν
2654 3060 2704 3114 οἱ
2750 3057 2849 3131 τὴν
2899 3056 3280 3112 πεντάπλωσιν
3334 3055 3435 3111 καὶ
3481 3055 3768 3122 ὲξάπλωσιν

521 3155 808 3225 seriesque
855 3153 1244 3223 multiplicant,
1285 3165 1411 3206 cum
1439 3148 1688 3206 eamdem
1719 3147 1863 3205 diem
1898 3156 1953 3204 et
1987 3147 2092 3219 ipsi

2196 3150 2506 3223 ποιούμενοι
2532 3149 2640 3205 τῶν
2661 3149 2762 3221 τῆς
2797 3149 3026 3222 σελήνης
3053 3149 3212 3216 ἐτῶν,
3240 3148 3334 3202 καὶ
3365 3146 3510 3201 οὕτω
3538 3146 3633 3217 τήν
3676 3141 3768 3196 αύ-

520 3250 856 3316 computent,
902 3243 1064 3298 iidem
1109 3249 1292 3298 tamen
1321 3239 1382 3296 in
1447 3255 1594 3295 anno
1629 3239 1725 3310 qui
1755 3253 1944 3295 eorum
1977 3238 2094 3292 cal-

521 3337 646 3394 culo
679 3334 1008 3392 undecimus
1035 3340 1143 3398 est,
1186 3347 1349 3404 quem
1386 3346 1491 3386 nos
1519 3339 1779 3402 quartum
1821 3329 2094 3384 decimum

521 3441 798 3502 putamus,
845 3425 1182 3498 superﬂuum
1213 3441 1279 3480 ex
1303 3423 1614 3481 embolimis
1643 3421 1927 3478 mensibus
1953 3420 2098 3476 diem

519 3521 866 3594 exemptilem
909 3519 1134 3576 habent.
1187 3517 1401 3573 Etenim
1438 3531 1635 3572 cccun
1675 3515 1939 3571 duntaxat
1980 3515 2098 3570 die-

523 3626 645 3667 rum
694 3609 1018 3667 undecimus
1068 3609 1160 3664 illo
1195 3608 1458 3665 statuitur
1499 3623 1700 3672 annus,
1741 3605 1901 3678 quia
1933 3605 2100 3660 trice-

523 3706 664 3762 simo
697 3704 874 3775 primo
903 3703 994 3758 die
1038 3699 1356 3758 Decembris
1396 3701 1600 3764 iniens,
1647 3698 1896 3769 ejusdem
1945 3712 2101 3753 men-

523 3797 603 3854 sis
651 3795 867 3850 decimo
923 3802 1118 3848 octavo
1181 3793 1526 3848 terminatur.
1583 3790 1642 3847 ιιι
1703 3797 1884 3846 autem
1932 3805 1999 3846 ex
2035 3803 2102 3844 eo

523 3891 763 3948 constat,
789 3881 938 3953 quod
977 3897 1156 3937 annus
1200 3881 1416 3936 illorum
1447 3879 1810 3936 duodecimus
1850 3889 2103 3950 quartam

523 3975 795 4032 decimam
841 3973 900 4030 in
931 3970 1208 4034 Kalendas
1251 3965 1499 4027 Januarii
1546 3971 1748 4027 habeat
1792 3986 1858 4026 ex
1905 3983 2099 4027 eorum

523 4067 740 4124 calculo
777 4086 791 4124 :
837 4065 982 4122 unde
1013 4079 1356 4136 consequens
1391 4069 1478 4119 est
1515 4063 1860 4120 neomeniam
1905 4061 1965 4117 in
2009 4076 2124 4117 xu»

525 4159 844 4216 Decembris
871 4157 1134 4216 incidere.

527 4270 650 4342 Qua
675 4269 744 4326 de
779 4287 946 4342 causa
968 4269 1184 4342 lunares
1213 4287 1378 4325 annos
1407 4268 1681 4342 quinquies
1709 4264 2104 4339 multiplicent;

595 4351 648 4399 et
683 4341 940 4412 quomodo
971 4343 1027 4394 in
1062 4341 1241 4396 eodem
1278 4339 1484 4395 calculo
1527 4339 1816 4412 aberrent;
1852 4349 1964 4391 tum
2009 4348 2105 4390 cur

601 4408 815 4469 annalis
843 4427 1023 4468 eorum
1059 4420 1334 4482 computus
1373 4427 1408 4466 a
1437 4417 1619 4466 nostra
1644 4408 1922 4472 discrepet.

593 4590 710 4646 Xll.
755 4591 1117 4662 Exemptilem
1175 4605 1344 4662 porro
1397 4587 1545 4645 diem
1601 4588 1772 4644 istum
1833 4586 1900 4642 ad
1954 4585 2105 4642 hunc

525 4685 749 4740 modum
788 4683 1069 4740 inculcare
1101 4681 1346 4738 student.
1395 4681 1532 4736 Cum
1577 4682 1726 4737 enim
1765 4683 2105 4736 tricenorum

526 4779 740 4832 dierum
773 4775 1021 4830 lunarem
1047 4775 1389 4830 constituant
1417 4788 1662 4830 mensem
1689 4813 1708 4838 ,
1743 4787 1808 4828 ac
1839 4787 1938 4844 pro
1969 4787 2108 4828 uno-

527 4882 748 4940 quoque
779 4867 868 4924 die
896 4867 1300 4939 sexagesimam
1327 4881 1492 4922 unam
1520 4867 1850 4936 particulam
1881 4871 2106 4920 sumant

509 4969 581 5016 .et
617 4959 898 5030 colligant,
934 4959 1110 5015 visum
1157 4966 1244 5015 est
1293 4958 1429 5030 ipsis
1475 4965 1530 5014 et
1581 4973 1681 5028 pro
1726 4956 1821 5012 illo
1859 4955 1968 5023 die,
2010 4956 2106 5028 qui

526 5049 821 5106 undecimo
875 5065 1098 5122 quoque
1148 5064 1294 5104 anno
1349 5050 1641 5115 minuitur,
1703 5049 1954 5121 quinque
2007 5064 2107 5120 per

527 5156 704 5196 annos
729 5141 975 5212 singulos
1001 5140 1370 5212 sexagesimas
1393 5139 1653 5205 conﬂare,
1669 5149 1753 5204 ut,
1779 5139 2107 5197 duodecimo

529 5229 749 5284 demum
797 5243 942 5284 anno
976 5230 1208 5285 collecto
1245 5244 1358 5283 uno
1393 5228 1502 5290 die,
1545 5228 1599 5281 in
1646 5226 1811 5298 hujus
1864 5227 2104 5297 primum

531 5317 678 5374 illius
709 5317 838 5372 anni
873 5324 1214 5389 postremum
1258 5317 1402 5372 diem
1449 5316 1764 5386 trajiciant;
1800 5331 1963 5386 quem
2015 5330 2108 5370 xix

533 5409 848 5467 Decembris
885 5425 1008 5466 esse
1038 5410 1152 5480 jam
1179 5409 1457 5478 diximus;
1489 5411 1583 5480 qui
1617 5411 1762 5466 idem
1789 5410 1953 5466 unius
1978 5408 2108 5464 anni

535 5503 660 5558 linis
695 5511 801 5567 est,
848 5514 902 5558 et
939 5503 1268 5574 principium
1318 5501 1549 5559 alterius
1589 5517 1656 5557 ex
1700 5503 1963 5558 ementita
2007 5501 2107 5555 ilia

531 5597 940 5665 computatione
971 5611 1036 5650 ac
1071 5595 1351 5662 methodo,
1383 5609 1493 5650 non
1529 5603 1715 5651 tamen
1747 5612 1814 5650 ex
1845 5596 1923 5650 rei
1961 5595 2108 5650 veri-

2199 3243 2299 3314 τῆς
2319 3242 2364 3274 ⁸⁸
2393 3241 2612 3313 ἡμέραν
2635 3241 2986 3312 ψηφίζοντες,
3017 3243 3075 3294 ὲν
3095 3240 3367 3309 ἑνδεκάτῳ
3389 3239 3628 3295 κάκεῖνοι
3649 3235 3767 3296 ἔτει,

2197 3335 2306 3388 τῶν
2324 3332 2502 3386 αὐτῶν
2535 3333 2580 3364 ⁸⁸
2609 3331 2994 3404 ψηφιζομένων
3023 3332 3192 3387 ἐτῶν
3220 3333 3359 3405 ὅπερ
3395 3345 3770 3402 τεσσαρεσκαι-

2197 3425 2423 3480 δέκατὸν
2448 3426 2594 3478 ἐστιν
2619 3425 2754 3496 ἡμῖν
2801 3425 3201 3497 ἀριθμούμενον
3224 3442 3238 3456 ·
3268 3425 3371 3494 τὴν
3410 3426 3470 3480 ὲν
3493 3427 3604 3486 τοῖς
3623 3417 3772 3492 ἐμϐο-

2199 3517 2378 3589 λίμοις
2393 3516 2820 3589 περιττεύουσαν
2853 3517 2982 3588 μίαν
3005 3516 3221 3588 ἡμέραν
3249 3514 3544 3570 λείπουσαν
3583 3513 3771 3581 κέκτη-

2199 3625 2292 3662 ται
2327 3609 2392 3662 ".
2420 3609 2476 3661 T'
2509 3607 2618 3680 γὰρ
2650 3614 2728 3677 νγ⁸
2763 3607 2989 3680 ἡμερῶν
3031 3609 3264 3680 ὑπάρχει
3293 3607 3355 3662 τὺ
3389 3607 3520 3662 αύτδ
3552 3604 3616 3659 ια’
3644 3603 3769 3664 ἔτος,

2201 3699 2504 3771 ἀρχόμενον
2551 3699 2652 3770 μὲν
2682 3699 2791 3754 ἀπὸ
2823 3699 2925 3771 τῆς
2951 3700 3238 3772 τριακάδος
3277 3699 3507 3772 πρώτης
3546 3696 3635 3750 τοῦ
3686 3697 3774 3748 As-

2201 3791 2468 3862 κεμόρίου
2502 3789 2690 3863 μηνὸς,
2721 3793 2800 3855 είς
2826 3791 2885 3844 δὲ
2906 3790 3004 3862 τὴν
3039 3798 3107 3863 ιη’
3133 3791 3228 3844 τοῦ
3258 3791 3428 3844 αὑτοῦ
3464 3786 3771 3856 καταλῆγον.

2203 3883 2316 3938 Καὶ
2341 3883 2499 3954 δῆλον
2539 3884 2608 3937 ὲκ
2635 3883 2730 3936 τοῦ
2760 3883 2824 3936 τὸ
2861 3883 3276 3937 δυοκαιδέκατον
3297 3883 3380 3946 είς
3421 3882 3522 3955 τὴν
3567 3875 3772 3951 πρώτην

2203 3976 2299 4031 τοῦ
2337 3975 2666 4048 Ἰανουαρίου
2695 3974 3293 4049 τεσσαρεσκαιδεκάτην
3331 3975 3499 4049 ἔχειν,
3526 3972 3664 4028 κατά
3683 3969 3772 4039 τὴν

2204 4064 2429 4122 ἐκείνων
2472 4065 2683 4138 ψῆφον·
2717 4065 2794 4132 ὡς
2825 4067 3092 4139 ὑπάρχειν
3138 4066 3304 4121 αὐτοῦ
3361 4068 3466 4140 τήν
3501 4059 3772 4135 νεομηνίαν

2207 4159 2350 4214 κατὰ
2374 4158 2473 4232 τὴν
2497 4157 2562 4213 ιϐ’
2585 4157 2680 4213 τοῦ
2714 4159 3052 4234 Δεκεμὸρίου
3092 4159 3282 4234 μηνός.

2212 4273 2383 4348 Τίνος
2425 4271 2603 4348 χᾴριν
2635 4275 3055 4348 πενταπλοῦοςι
3086 4275 3160 4328 τὰ
3195 4272 3308 4348 τῆς
3340 4266 3768 4348 σελήνης-ἕτψ

2279 4343 2380 4414 καί
2420 4343 2548 4414 πῶς
2579 4342 2857 4414 περὶντὴν
2893 4344 3088 4413 αὐτὴν
3130 4342 3514 4414 σφάλλονται
3555 4342 3768 4414 ψῆςξων

2280 4411 2506 4502 agnoui
2620 4407 2865 4502 πρὸςέτύ
2885 4407 3042 4502 παρ’
3059 4407 3206 4485 ἠμῒὶ·
3221 4407 3626 4486 ψηφιζόμενὸν
3649 4407 3774 4472 ἔτος

2132 4515 2182 4573 D
2278 4484 2345 4538 τὸ
2368 4485 2506 4554 παρ’
2533 4484 2740 4551 αὐτοῖς
2771 4484 3130 4540 διαλλάττει.

2282 4596 2382 4650 1Β’.
2431 4595 2834 4668 Διεσπουδάσθη
2867 4597 2926 4652 δὲ
2967 4597 3177 4663 τούτοις
3209 4598 3310 4669 τὴν
3357 4599 3460 4670 τῆς
3500 4589 3774 4658 λειπούσης

2215 4687 2566 4760 παρενθήκην
2630 4687 2962 4760 ποιήσασθαι
3015 4689 3158 4744 κατὰ
3213 4690 3362 4744 τόνδε
3409 4688 3504 4743 τὸν
3552 4685 3772 4756 τρόπον’

2227 4777 2444 4850 Ἐπειδὴ
2479 4777 2590 4850 γὰρ
2621 4780 2804 4843 αὐτοῖς
2841 4779 3128 4852 λ’ἡμερῶν
3158 4783 3188 4832 ὁ
3219 4781 3318 4850 τῆς
3358 4780 3584 4851 σελήνης
3623 4765 3779 4841 ψηφί·

2216 4869 2368 4935 ζεται
2401 4870 2532 4942 μὴν,
2574 4869 2662 4924 διὰ
2713 4869 2806 4924 τοῦ
2853 4870 2982 4942 μίαν
3023 4871 3322 4945 ἑξηκοστὴν
3368 4870 3512 4942 ὑπὲρ
3556 4864 3777 4930 ἑκάστης

2213 4962 2428 5033 ἡμέρας
2469 4960 2674 5015 τιθέναι
2725 4962 2820 5016 καὶ
2864 4963 3277 5036 συλλαμϐάνειν,
3327 4963 3472 5030 ἔδοξε
3526 4959 3620 5016 καὶ
3648 4953 3775 5021 ὑπὲρ

2212 5050 2440 5123 ταύτης,
2471 5050 2619 5120 λέγω
2667 5050 2731 5122 δὴ
2767 5052 2865 5122 τῆς
2903 5053 3044 5107 κατὰ
3091 5053 3152 5106 τὸ
3197 5053 3630 5108 ἑνδεκαιδέκατον
3669 5043 3774 5104 ἕως

2216 5139 2510 5210 λειπούσης
2555 5140 2791 5214 ἡμέρας,
2837 5149 2878 5194 ε’
2928 5144 3050 5198 καθ’
3096 5144 3327 5199 ἕκαστον
3373 5145 3491 5208 ἔτος
3540 5138 3776 5204 συνάγειν

2216 5229 2487 5302 ἑξηκοστά
2512 5248 2527 5263 ο
2567 5232 2644 5296 ὡς
2704 5234 2791 5300 ἂν,
2852 5235 2940 5289 διὰ
2981 5235 3073 5289 τοῦ
3121 5235 3532 5291 δυοκαιδεκάτου
3588 5226 3776 5292 ταύτην

2213 5321 2574 5394 ἀθροίζοντες,
2626 5325 2718 5377 ἐπὶ
2759 5324 2858 5396 τὴν
2901 5326 3093 5381 τούτου
3147 5327 3373 5401 πρώτην
3422 5327 3521 5398 τὴν
3581 5317 3776 5401 ἐκείνου

2211 5413 2524 5469 τελευταίαν
2579 5415 2894 5484 ἀγάγωσιν·
2951 5419 3074 5489 ἥτις
3119 5399 3266 5473 ἐστὶν
3400 5417 3644 5490 λεχθεῖσα
3691 5399 3775 5458 τοῦ

2211 5503 2548 5576 Δεκεμδρίου
2580 5504 2645 5558 ιϐ’
2669 5523 2681 5536 ’
2717 5507 2813 5560 καὶ
2837 5507 2954 5562 ἐστι
2987 5509 3088 5578 μὲν
3123 5511 3156 5580 ἡ
3193 5510 3333 5583 αύτὴ
3361 5509 3457 5565 τοῦ
3494 5507 3590 5579 μὲν
3619 5497 3774 5583 τέλοςτ

2210 5595 2306 5648 τοῦ
2335 5596 2394 5650 δὲ
2428 5597 2572 5670 ἁρχὴ
2603 5599 2744 5652 κατὰ
2775 5600 2930 5671 τήνδε
2971 5601 3071 5672 τήν
3099 5582 3480 5675 ἐπινοηθεῖσαν
3497 5597 3669 5670 ψῆφον
3693 5582 3777 5641 καὶ

612 5750 657 5780 ⁸⁸
681 5749 728 5818 f.
758 5749 993 5823 ἡμέραις
1034 5751 1162 5808 τῶν.
1208 5751 1282 5834 ’⁸³
1307 5751 1357 5824 f.
1391 5749 1697 5822 ἐλλείψεως.
1775 5752 1820 5784 ⁸⁸
1913 5743 2059 5807 οὗτοι
2089 5749 2187 5826 τήν
2207 5751 2398 5824 αύτήν.
2476 5753 2518 5788 ⁸³
2549 5752 2592 5824 f.
2621 5755 2824 5820 αὐτοῖς.
2897 5759 2942 5790 ⁶²
2973 5759 3018 5830 Ῑ.
3054 5760 3367 5832 κέκτηνται.
