4106 6406
383 405 522 460 {229

1215 401 1272 457 S.
1311 401 1555 460 MAXIM!
1588 403 1944 461 MARTYRIS
1980 399 2353 462 COMPUTUS
2390 398 2829 457 ECCLESLAST.

3487 404 3626 458 1330

386 521 627 595 μέθοδον,
649 521 711 576 οὐ
748 520 853 594 μὴν
891 519 1121 592 ἀληθείᾳ
1155 522 1252 574 καὶ
1286 519 1591 593 πράγματι.
1622 521 1748 586 Πῶς
1781 525 1949 595 γάρὴ

2054 528 2187 575 tate.
2221 517 2331 585 Qui
2378 517 2522 573 enim
2555 517 2678 572 dies
2708 531 2814 570 una
2848 514 3032 571 facere
3065 516 3226 580 duas,
3269 510 3364 572 a'ut
3391 517 3625 573 duorum

385 614 483 685 μία
509 613 609 678 τὰς
634 614 744 678 δύο,
777 615 811 685 ἢ
842 616 961 668 άντί
984 613 1092 669 τῶν
1127 613 1221 667 δύο
1244 615 1458 685 ποιήσει
1500 616 1618 667 ποτ’
1650 616 1751 679 άνς
1786 616 1954 670 Τοῦτο

381 707 490 776 γὰρ
518 704 651 775 πρὸς
673 705 733 758 τὸ
759 707 1034 776 ἀμήχανον
1050 706 1144 758 καὶ
1169 703 1372 775 ὴλίθιον
1398 707 1569 777 πάντη
1595 705 1952 779 καθέστηκεν.

393 797 672 851 Ἐντεῦθεν
702 792 796 851 οὖν
835 797 1073 868 καὶπερὶ
1112 797 1211 867 τὴν
1239 798 1336 867 τῆς
1375 797 1603 868 σελήνης
1632 798 1952 867 σφάλλονται

384 886 581 956 ψῆφον,
630 887 1027 958 ἀναιρουμένης
1060 887 1161 957 τῆς
1200 885 1461 957 ἀκριϐοῦς
1489 886 1845 958 καταλήψεως
1892 891 1963 941 ὲκ

384 976 482 1047 τῆς
543 977 651 1030 τῶν
690 984 730 1031 ε’
776 976 1083 1047 έξηκοστῶν
1130 976 1452 1040 άσυντελοῦς
1499 977 1836 1048 ἐπικλήσεως
1886 978 1951 1031 ⁸³.

396 1069 548 1123 Ἐπεὶ
574 1070 635 1122 τὸ
662 1070 759 1141 μὲν
784 1069 891 1123 ἀπὸ
914 1069 956 1122 λ’
986 1068 1114 1132 τοὺς
1138 1070 1338 1139 ταύτης
1371 1069 1543 1139 μῆνας
1573 1073 1765 1135 ποιεῖν,
1796 1071 1857 1123 τὸ
1909 1070 1956 1102 εδ

386 1161 637 1229 συνάγειν
666 1161 741 1223 ὼς
763 1160 898 1231 ἔφην
929 1161 1057 1231 μίαν
1082 1160 1376 1231 ἑξηκοστὴν
1397 1161 1535 1233 ὑπὲρ
1557 1162 1793 1232 ἑκάστης
1820 1162 1956 1232 ὴμέ-

385 1267 509 1324 ρας,
539 1252 641 1305 οὐκ
665 1249 776 1320 ἔχει
802 1250 1156 1321 πλεονασμὸν,
1182 1251 1305 1305 οὐδὲ
1334 1253 1599 1306 τοσούτων
1614 1254 1646 1320 ή
1655 1252 1835 1324 μερῶν
1862 1252 1956 1307 τὸν

385 1341 553 1411 αὐτῆς
599 1342 742 1411 μῆνα
783 1340 1143 1412 παρίστησιν·
1184 1342 1219 1412 ή
1258 1341 1367 1412 γὰρ
1399 1344 1478 1404 εἰς
1520 1341 1564 1393 λ’
1596 1341 1786 1406 πάλιν,
1836 1340 1954 1394 ἀλλ’

383 1431 507 1501 οὐχὶ
549 1431 629 1493 εἰς
658 1429 741 1485 κθ¹
781 1431 952 1501 ἥμισυ
984 1430 1095 1484 τῶν
1138 1430 1536 1503 ἀθροιζομένων
1586 1431 1863 1495 ἀνάλυσις,
1894 1432 1957 1486 τὸ

383 1521 680 1591 προστεθὲν
725 1518 812 1574 διὰ
855 1520 962 1573 τῶν
1007 1520 1319 1592 έξηκοστῶν
1345 1521 1712 1592 ἡμισημέριον
1765 1521 1958 1575 ὑποτέ-

386 1628 609 1683 μνουσα,
632 1611 849 1675 πλείους
871 1611 1010 1683 έχειν
1037 1612 1097 1665 οὐ
1127 1614 1445 1683 παραχωρεί
1463 1612 1572 1664 τῶν
1596 1611 1676 1664 κθ¹
1697 1611 1923 1682 ἡμίσεος
1938 1628 1953 1642 ·

382 1702 444 1756 τὸ
480 1703 539 1757 δὲ
574 1704 642 1758 τὰ
688 1711 729 1756 ε’
756 1703 897 1757 κατὰ
943 1705 1050 1757 πᾶν
1096 1702 1213 1766 ἔτος
1245 1703 1495 1771 συνάγειν
1536 1702 1822 1774 έξηκοστά,
1856 1704 1958 1775 τῆς

384 1795 526 1848 κατὰ
565 1797 628 1849 τὸ
659 1797 940 1850 ἑνδέκατον
982 1796 1386 1866 ὑποτμηθείσης
1423 1795 1581 1866 χάριν
1621 1795 1953 1868 ἀναπληρώ-

2059 614 2236 669 instar
2267 612 2467 667 habere
2506 608 2726 680 possit?
2756 606 2873 663 Hoc
2908 622 3038 663 sane
3072 623 3182 663 non
3216 610 3392 664 solum
3421 608 3629 679 impos~

2062 704 2222 760 sibile
2252 711 2359 767 est,
2399 702 2492 758 sed
2523 701 2691 757 etiam
2726 699 3006 756 stolidum.
3057 698 3194 754 Hinc
3229 699 3392 769 igitur
3418 699 3628 756 lunaris

2059 795 2279 851 illorum
2323 792 2565 848 calculus
2613 791 2865 855 aberrat,
2915 804 3077 859 quem
3131 789 3203 843 ob
3255 788 3626 858 imperfectam

2062 886 2303 955 quinque
2323 882 2785 953 sexagesimarum
2815 879 3188 934 accessionem
3223 888 3479 933 accurate
3501 893 3630 932 con-

2063 978 2218 1046 sequi
2247 983 2544 1045 nequeunt.
2566 970 2702 1026 Nam
2732 970 2878 1043 quod
2901 970 3218 1025 tricenarios
3243 971 3388 1025 lunae
3412 983 3629 1025 menses

2062 1067 2380 1131 instituunt,
2432 1074 2706 1136 quatenus
2751 1077 2850 1133 pro
2889 1061 3133 1132 quolibet
3179 1060 3269 1116 die
3312 1076 3501 1126 unam,
3547 1059 3631 1115 uti

2063 1158 2268 1212 dictum
2310 1166 2417 1221 est,
2454 1155 2847 1225 sexagesimam
2891 1153 3196 1222 colligunt;
3248 1151 3373 1205 ideo
3416 1149 3627 1205 nullam

2062 1249 2481 1306 redundantiam
2516 1246 2691 1311 aﬁ‘ert,
2711 1259 2887 1315 neque
2911 1244 3138 1300 totidem
3175 1242 3389 1298 dierum
3410 1257 3629 1297 menses

2064 1341 2211 1396 illius
2243 1340 2405 1394 eilicit
2429 1358 2458 1405 ;.
2486 1338 2746 1409 quoniam
2778 1337 2990 1392 dierum
3025 1349 3237 1390 summa
3266 1350 3363 1405 per
3390 1334 3630 1389 tricena-

2063 1434 2208 1489 rium
2248 1448 2537 1488 numerum
2573 1433 2769 1498 divisa,
2808 1430 3126 1487 dimidiatus
3160 1430 3250 1486 ille
3275 1430 3392 1485 dies
3415 1446 3446 1486 e
3470 1445 3632 1487 sexa-

2064 1525 2289 1597 gesimis
2317 1525 2611 1580 adveniens
2653 1524 2990 1589 exhauritur,
3031 1538 3209 1593 neque
3250 1525 3434 1594 plures
3463 1540 3628 1594 quam

2062 1632 2191 1671 nix
2227 1616 2457 1687 singulis
2502 1615 2782 1671 mensibus
2814 1616 3092 1686 relinquitt
3123 1617 3191 1670 At
3232 1630 3360 1670 vero
3385 1616 3630 1686 quolibet

2064 1721 2209 1761 anno
2255 1706 2594 1777 sexagesima
2654 1706 2910 1776 scrupula
2963 1707 3201 1776 quinque
3253 1705 3510 1777 colligere
3559 1705 3628 1759 ad

2063 1814 2188 1854 eum
2237 1798 2599 1868 supplendum
2639 1797 2805 1862 diem,
2848 1798 2942 1867 qui
2986 1798 3276 1853 undecimo
3315 1813 3458 1852 anno
3497 1812 3629 1868 sup-

385 1903 541 1951 σεως,
569 1887 887 1959 διαμαρτεῖν
920 1887 1134 1950 πάντως
1157 1890 1299 1939 ποιεί
1319 1889 1444 1950 τοὺς
1465 1888 1817 1959 ψηφίζοντας.
1841 1890 1953 1943 Καὶ

2056 1889 2334 1960 primitur,
2369 1888 2529 1959 plane
2558 1887 2628 1942 ad
2660 1888 2903 1943 rationes
2934 1888 3344 1943 conturbandas
3365 1888 3623 1958 pertinet.

381 1979 542 2050 δῆλον
574 1981 640 2033 ὲκ
671 1979 764 2033 τοῦ
802 1981 896 2033 καὶ
926 1979 1061 2051 μετὰ
1094 1978 1298 2049 ταύτην
1339 1979 1437 2051 τὴν
1477 1982 1605 2051 μίαν
1641 1982 1853 2053 ἡμέραν
1885 1983 1952 2036 ἐκ

381 2073 491 2125 τῶν
516 2071 817 2125 ὑπολοίπων
848 2071 891 2137 ζ’
935 2072 1033 2142 τῆς
1063 2072 1288 2144 σελήνης
1330 2073 1463 2125 ὲτῶν
1503 2074 1844 2145 συναγόμενα
1878 2074 1955 2128 λε’

384 2162 648 2233 ἑξηκοστὰ
705 2162 846 2217 κατὰ
885 2163 947 2216 τὸ
991 2163 1142 2226 τέλος
1194 2164 1291 2233 τῆς
1324 2164 1956 2237 ἐννεακαιδεκαετηρίδος

382 2254 459 2318 ὡς
482 2255 711 2326 περιττὰ
738 2254 1168 2326 διαρῤίπτεσθαι.
1210 2256 1323 2308 Πᾶν
1341 2255 1397 2308 δὲ
1422 2256 1563 2309 κατά
1585 2274 1639 2310 τι
1670 2257 1820 2328 παρὰ
1842 2256 1955 2309 τῶν

383 2345 727 2417 ψηφιζόντων
747 2346 989 2417 ἀνοήτως
1023 2346 1346 2417 ῥιπτόμενον
1369 2347 1468 2419 τήν
1495 2364 1553 2400 τε
1572 2346 1666 2400 τοῦ
1699 2348 1820 2401 ὅλου
1856 2347 1954 2401 κύ-

383 2436 514 2491 κλου
551 2437 692 2491 κατὰ
734 2437 896 2509 τήνδε
941 2437 1038 2508 τὴν
1081 2437 1298 2508 μέθοδον
1327 2439 1658 2493 άναστασίαν
1686 2440 1732 2472 ⁵⁸
1764 2439 1951 2511 δηλοῖ,

382 2529 477 2582 καὶ
499 2529 606 2582 τῶν
635 2530 771 2601 αὐτῇ
806 2531 1157 2600 κεχρημένων
1179 2531 1443 2603 διελέγχει
1484 2533 1546 2585 τὸ
1579 2532 1821 2604 σφάλμα.
1850 2533 1951 2586 Λό-

380 2633 476 2686 γος
527 2618 636 2689 γὰρ
674 2619 889 2681 αὐτοῖς,
933 2619 1009 2682 ὡς
1055 2614 1226 2685 εἶπον,
1257 2620 1376 2673 έστί
1420 2622 1745 2689 συναγαγεῖν
1783 2620 1951 2692 μόνην

378 2708 479 2780 τὴν
512 2709 638 2780 μίαν
665 2708 875 2781 ἐκείνην
895 2727 908 2740 ο
951 2710 1124 2774 οὐδεὶς
1156 2711 1213 2765 δὲ
1246 2711 1376 2782 περὶ
1404 2712 1686 2783 ἀκριϐείας
1715 2710 1775 2763 τὸ
1826 2711 1950 2765 σύν-

378 2799 520 2855 ολον.
562 2799 875 2854 Διαλλάττει
897 2800 953 2853 δὲ
983 2803 1078 2854 καὶ
1104 2800 1165 2855 τὸ
1199 2805 1330 2874 παρ’
1360 2804 1543 2867 αὐτοῖς
1577 2803 1949 2875 ψηφιζόμενον

380 2892 499 2956 ἔτος
534 2893 669 2964 πρὸς
711 2892 773 2945 τὸ
821 2893 949 2965 παρ’
985 2895 1114 2964 ήμῖν
1155 2894 1297 2948 κατὰ
1342 2895 1442 2964 τὴν
1498 2887 1953 2969 ὲκκλησὶαστικὴν

379 2982 674 3054 παράδοσιν
688 2982 1085 3054 ἀριθμούμενον
1100 3001 1112 3013 ⁸
1136 2984 1321 3054 ἐπειδὴ
1347 2976 1461 3047 τοῖς
1477 2983 1586 3037 άπὸ
1616 2985 1738 3037 Ἀδὰ
1745 3003 1784 3055 μ
1803 2985 1955 3040 ἔτεσι

383 3080 459 3141 ις’
499 3072 901 3144 προστιθέασιν.
950 3073 1109 3127 Ἀλλὰ
1138 3074 1310 3126 ταῦτα
1338 3073 1458 3127 κατ’
1488 3073 1786 3146 ἐπιδρομὴν
1820 3077 1949 3146 περὶ

379 3166 602 3221 ἐκείνων
634 3164 897 3231 εἰπόντες,
942 3167 1023 3229 είς
1069 3165 1130 3219 τὸ
1161 3166 1519 3237 προκείμενον
1541 3166 1945 3237 ἐπανέλθωμεν,

377 3259 476 3327 τήν
500 3256 681 3319 αἰτίαν
723 3255 1044 3328 τρανοῦντες
1085 3257 1184 3328 τῆς
1226 3256 1333 3311 τῶν
1366 3236 1692 3328 δὲμσολίμων
1727 3259 1787 3312 ὲν
1826 3236 1946 3322 τοῖς
1972 3236 2019 3300 c

375 3348 523 3403 ετεσι
558 3348 657 3420 τῆς
677 3347 903 3419 σελήνης
929 3348 1244 3422 προσθήκης
1280 3349 1486 3422 μηνῶν.

381 3542 497 3622 Τίς.
546 3542 644 3598 καί
676 3542 774 3622 διὰ
806 3544 865 3597 τι
879 3542 1011 3622 Δτῷν
1045 3546 1376 3622 ἐμϐολίμῳν
1401 3547 1610 3622 μηνῶν
1645 3551 1685 3619 ἡ
1709 3550 1779 3603 ἐν
1820 3551 1947 3618 τοῖς

446 3614 606 3686 ἔτεσι
629 3614 741 3686 τῇς
784 3614 1054 3686 σελήνης
1075 3614 1431 3686 προσθήκη.
1477 3618 1589 3673 Kal
1629 3614 1813 3675 ποθεν
1848 3614 1943 3676 ἀεὶ

444 3683 521 3757 τὸΔ
563 3683 797 3751 πρῶτον
839 3683 1105 3757 ἄρχεται,
1140 3683 1261 3741 ’καί
1318 3683 1436 3742 ποῦ
1483 3691 1548 3742 τὸ
1602 3692 1945 3746 τελευταῖον

442 3751 633 3827 λήγει.

443 3866 543 3921 Il".
573 3867 816 3939 Λέγομεν
856 3864 971 3935 οὖν,
1015 3870 1093 3935 ὡς
1123 3871 1211 3925 διὰ
1234 3871 1393 3925 τοῦτο
1424 3874 1606 3938 αὐτοῖς
1649 3874 1941 3947 ἐνεϐλήθη-

376 3974 496 4023 σαν,
536 3958 624 4013 ἵνα
660 3959 721 4026 ἐξ
763 3961 882 4024 ἑνὸς
915 3963 1008 4015 καὶ
1042 3962 1137 4016 τοῦ
1174 3964 1336 4017 αὑτοῦ
1375 3965 1541 4036 μηνὸς
1575 3966 1746 4020 ταῦτα
1777 3967 1944 4039 ψηφί-

375 4047 562 4111 ζεσθαι
585 4050 959 4117 κανονισθῶσι,
997 4052 1072 4125 μὴ
1097 4053 1331 4126 ἄλλωςῆ
1377 4056 1519 4110 οὕτω
1555 4059 1745 4113 παθεῖν
1784 4059 1944 4113 τοῦτο

373 4138 667 4210 δυνάμενα,
706 4140 794 4194 διὰ
825 4141 922 4212 τὴν
953 4144 1037 4211 ἐφ’
1084 4145 1314 4198 ἑκάστου
1355 4147 1462 4199 τῶν
1489 4147 1681 4203 ἕνδεκα
1712 4151 1943 4222 ὑστέρη-

377 4245 462 4282 σιν
492 4231 524 4301 ή
534 4230 735 4301 μερῶν,
762 4225 836 4284 ὧν
860 4232 921 4286 τὸ
940 4231 1165 4303 ἡλιακὸν
1193 4233 1331 4299 ἔτος,
1373 4236 1473 4288 οὐκ
1499 4237 1621 4307 ἕχον
1646 4239 1742 4309 τὴν
1773 4240 1943 4294 ἐλλει-

372 4320 487 4391 ψιν,
518 4322 577 4388 ἐξ
618 4321 734 4384 ἑνὸς
771 4323 864 4376 καὶ
894 4324 987 4377 τοῦ
1017 4324 1177 4378 αὑτοῦ
1212 4328 1379 4397 μηνὸς
1406 4329 1705 4401 ἀρχόμενον
1726 4332 1812 4386 ἀεὶ
1844 4351 1945 4387 κα-

374 4412 671 4476 νονίζεται·
717 4412 860 4481 λέγω
895 4415 959 4486 δὴ
998 4415 1092 4468 τοῦ
1127 4417 1343 4488 ἐαρινοῦ
1378 4420 1469 4471 καὶ
1515 4420 1612 4491 τὴν
1657 4422 1942 4495 ἰσημερίαν

374 4501 617 4572 ἔχοντοςο
667 4503 726 4567 ὃς
782 4507 898 4557 ἐστι
942 4507 1080 4560 κατὰ
1132 4508 1231 4579 μὲν
1283 4509 1583 4580 Ῥωμαίους
1647 4512 1939 4583 Ἀπρίλιος,

2058 1983 2235 2051 Atque
2266 1980 2370 2035 hoc
2414 1995 2480 2035 ex
2523 1994 2590 2034 eo
2625 1979 2989 2045 convincitur,
3021 1980 3188 2051 quod,
3233 1989 3360 2051 post
3402 1980 3627 2035 unicum

2059 2071 2214 2126 illum
2249 2071 2414 2135 diem,
2447 2070 2670 2141 triginta
2717 2072 2958 2143 quinque
2989 2075 3377 2143 sexagesimas,
3402 2088 3525 2143 quas
3553 2087 3621 2128 ex

2059 2163 2220 2219 annis
2268 2171 2477 2234 septem
2527 2163 2670 2217 lunae
2716 2163 2953 2218 residuis
3014 2163 3351 2228 conﬂantur,
3408 2163 3626 2219 evoluta

2058 2256 2278 2313 demum
2310 2255 2830 2330 enneadecaeteride
2875 2264 3136 2335 tanquam
3176 2256 3486 2329 superﬂuas
3530 2273 3627 2313 ex-

2058 2357 2328 2420 pungunt.
2373 2347 2651 2419 Quidquid
2698 2357 2883 2402 autem
2932 2363 3002 2403 ex
3054 2349 3237 2418 aliqua
3278 2358 3431 2419 parte
3478 2349 3626 2402 velut

2058 2455 2523 2512 supervacaneum
2554 2441 2612 2495 in
2642 2439 3006 2496 subducendo
3043 2441 3241 2496 s'tolide
3268 2440 3535 2510 rejicitur,
3569 2439 3625 2493 id

2057 2538 2111 2588 et
2135 2533 2274 2604 cycli
2307 2534 2476 2588 totius
2506 2532 2685 2589 labem
2718 2534 2822 2590 hac
2853 2535 2909 2588 in
2945 2534 3221 2598 methodo,
3242 2540 3297 2589 et
3315 2547 3504 2588 eorum
3528 2533 3625 2602 qui

2056 2630 2304 2688 utuntur,
2340 2637 2583 2678 errorem
2619 2624 2887 2693 coarguit.
2927 2622 3062 2677 Nam
3104 2622 3160 2677 id
3202 2637 3373 2677 unum
3410 2622 3598 2676 intucn

2055 2721 2171 2779 tur,
2204 2724 2265 2769 ut
2292 2714 2499 2770 dictum
2531 2722 2635 2780 est,
2668 2717 2846 2771 solum
2870 2726 2930 2770 ut
2953 2716 3103 2770 illum
3135 2715 3281 2770 diem
3314 2714 3621 2777 detrahant,

2056 2818 2219 2875 quam
2277 2804 2516 2874 idipsum
2564 2819 2698 2860 vero
2746 2816 2937 2860 exacte
2991 2803 3217 2869 faciant,
3271 2804 3428 2875 pensi
3486 2803 3626 2858 nihil

2056 2894 2279 2954 habent.
2314 2893 2456 2961 Quin
2487 2897 2650 2950 etiam
2680 2893 2894 2948 annalis
2942 2888 3163 2947 illorum
3218 2901 3509 2962 computus
3556 2894 3625 2947 ab

2055 3001 2121 3042 eo
2159 2987 2451 3057 discrepat.
2496 3001 2658 3057 quem
2689 3001 2792 3042 nos
2820 3002 2889 3041 ex
2933 2984 3225 3040 traditione
3254 2984 3627 3041 ecclesiastica

2055 3079 2377 3134 retinemus.
2408 3077 2619 3148 Quippe
2661 3078 2730 3133 ad
2766 3092 2942 3133 annos
2974 3076 3170 3132 Adami
3200 3076 3437 3132 sedecim
3483 3076 3625 3146 adji-

2054 3170 2229 3226 ciunt.
2264 3169 2465 3226 Verum
2507 3169 2625 3225 haac
2667 3168 2736 3224 de
2769 3169 2877 3223 illis
2909 3169 3068 3239 quasi
3101 3168 3279 3224 obiter
3309 3167 3622 3237 attigimus;

2047 3276 2195 3317 nunc
2238 3261 2308 3317 ad
2355 3261 2695 3333 propositum
2744 3260 3030 3315 redeamus
3057 3298 3074 3322 ,
3126 3272 3458 3327 causamque
3499 3259 3624 3312 red-

2045 3351 2278 3421 damus,
2330 3366 2430 3407 cur
2489 3350 2767 3407 embolimi
2835 3364 3054 3405 menses
3113 3349 3396 3405 lunaribus
3459 3349 3621 3403 annis

2045 3447 2385 3501 inserantur.

2048 3556 2207 3628 175
2235 3556 2493 3623 Quanam
2513 3556 2602 3628 sit,
2626 3564 2678 3611 et
2700 3571 2804 3626 qua
2822 3554 2884 3609 de
2903 3571 3071 3628 causa
3115 3555 3212 3628 ﬁgt
3236 3555 3291 3607 in
3311 3553 3623 3628 annisllmra

2114 3623 2371 3682 mensium
2406 3623 2805 3681 embolimofum
2844 3624 3090 3693 adjectio.
3118 3623 3121 3624 ⁷
3147 3624 3284 3678 Item
3333 3623 3478 3678 unde
3511 3641 3624 3690 pcr-

2112 3707 2266 3768 petuo
2327 3696 2529 3767 primus
2601 3712 2770 3750 annus
2829 3695 3007 3761 ineat,
3070 3703 3121 3748 et
3179 3694 3269 3748 ubi
3326 3706 3625 3760 postremus

2004 3819 2012 3825 .
2114 3768 2358 3839 desinat]

2116 3877 2254 3937 Xlll.
2279 3881 2371 3935 Sic
2404 3880 2568 3953 igitur
2602 3878 2914 3942 statuimus,
2948 3876 3020 3932 ob
3052 3891 3172 3932 eam
3202 3890 3425 3932 causam
3454 3874 3623 3932 inseri

2044 3988 2262 4029 menses
2283 3973 2428 4036 illos,
2452 3979 2510 4027 ut
2527 3971 2595 4026 ab
2609 3987 2719 4026 uno
2734 3970 3033 4040 eodemque
3043 3982 3228 4023 mense
3241 3975 3502 4038 perpetuo
3519 3970 3625 4021 cal-

2044 4066 2202 4120 culus
2229 4064 2490 4135 procedat
2520 4079 2535 4115 :
2571 4061 2718 4133 quod
2749 4061 2908 4116 aliter
2944 4061 2999 4115 in
3032 4059 3193 4114 annis
3223 4058 3346 4114 istis
3376 4059 3614 4113 obtineri

2043 4172 2156 4212 non
2188 4165 2389 4228 potest,
2419 4156 2681 4226 quoniam
2717 4152 2918 4224 singuli
2961 4150 3157 4206 diebus
3199 4150 3455 4204 undecim
3488 4142 3624 4205 deﬁ-

2046 4250 2240 4316 ciunt;
2284 4263 2395 4319 quo
2437 4248 2654 4303 defectu
2701 4260 2827 4300 cum
2875 4245 3073 4300 solaris
3114 4259 3296 4299 annus
3325 4251 3523 4304 lvacet,
3552 4258 3623 4296 ex

2045 4341 2236 4395 eodem
2294 4354 2509 4409 semper
2567 4338 2746 4402 initio,
2805 4336 3062 4391 nimirum
3118 4350 3291 4391 verno
3347 4345 3402 4389 et
3456 4334 3623 4404 aequi-

2045 4433 2267 4487 noctiali
2298 4446 2506 4496 mense,
2527 4429 2927 4501 proﬁciscitur;
2957 4442 3115 4497 quem
3143 4427 3361 4497 quidem
3384 4423 3619 4479 Romani

2044 4520 2285 4591 Aprilem
2331 4528 2548 4583 vocant,
2609 4518 2928 4574 Macedones
2978 4518 3330 4581 Xanthicum,
3375 4515 3615 4586 Egyptii

374 4595 516 4648 κατὰ
562 4596 621 4649 δὲ
663 4597 979 4662 Μακεδόνας
1018 4577 1298 4667 Ξανθικὸς,
1330 4577 1472 4654 κατὰ
1514 4602 1573 4654 δὲ
1615 4577 1943 4673 Atrei-ctione

2053 4577 2387 4674 Pharmuthi,
2419 4610 2629 4666 Hebraei
2671 4610 2842 4665 Nisan
2883 4630 2897 4664 :
2939 4610 3029 4665 cui
3072 4608 3273 4663 Arietis
3313 4607 3529 4676 signum
3564 4606 3618 4660 iu

373 4685 669 4759 ⁸ῐιιιρμουθὶ,
703 4688 844 4741 κατὰ
876 4689 934 4740 δὲ
985 4689 1264 4761 Ἐϐραίους
1302 4692 1475 4748 Νισάν
1499 4710 1513 4723 ·
1548 4695 1642 4747 καί
1675 4694 1815 4748 κατὰ
1851 4696 1942 4749 τὸν

374 4776 634 4840 ζωδιακὸν
661 4775 851 4849 [ἥλιον]
881 4777 910 4829 ὁ
951 4776 1238 4850 λεγόμενος
1278 4784 1429 4852 παρὰ
1469 4786 1580 4846 τοῖς
1617 4784 1722 4850 ἔξω
1751 4785 1939 4856 Κριός.

385 4868 601 4940 Ἐπειδὴ
631 4869 737 4940 γὰρ
771 4869 892 4922 καθ’
928 4870 1154 4924 ἕκαστον
1182 4872 1299 4936 ἔτος
1338 4876 1519 4938 αὐτοῖς
1556 4876 1588 4946 ή
1638 4875 1833 4947 σελήνη
1877 4879 1942 4947 τῇ

371 4959 480 5013 τῶν
499 4962 800 5032 εἰρημένων
824 4969 891 5016 ια’
914 4965 1135 5035 ήμερῶν
1155 4965 1385 5034 ἐλλείψει
1418 4967 1704 5031 τοσαύταις
1734 4969 1939 5021 ὑποκοι-

369 5050 717 5116 ταϐαίνουσα,
752 5052 849 5124 τὴν
897 5054 989 5124 ἀφ’
1019 5049 1088 5125 ἧς
1119 5055 1318 5127 ήρξατο
1362 5057 1596 5129 ἡμέραν,
1636 5060 1735 5130 οὐχ
1768 5061 1865 5114 ἕνα
1897 5059 1945 5090 ⁸⁸

372 5141 466 5194 καὶ
503 5142 592 5195 τὸν
620 5144 780 5196 αὐτὸν
826 5144 1083 5215 κέκτηται
1125 5147 1299 5218 ἀρχὴν
1334 5147 1376 5179 ⁸⁷
1413 5150 1576 5219 μῆνα,
1625 5151 1783 5221 δῆλον
1814 5153 1942 5207 ὄντα

371 5233 524 5302 παρά
563 5236 687 5299 τοὺς
717 5236 927 5301 ἄλλους,
958 5238 1094 5291 ἀλλὰ
1134 5239 1337 5301 πάντας
1363 5239 1577 5309 ἐπίσης,
1623 5244 1686 5295 ἐκ
1716 5242 1812 5295 τοῦ
1853 5245 1943 5298 διὰ

372 5325 588 5378 πάντων
628 5326 748 5380 καθ’
792 5329 980 5399 εἱρμὸν
1041 5330 1418 5395 ἀναποδίζεινο
1474 5332 1550 5396 ὡς
1592 5335 1937 5405 ἀσημείωτον

375 5415 621 5470 ἔντεῦθεν
648 5419 913 5491 ὑπάρχειν
927 5421 1112 5475 λοιπὸν
1141 5425 1240 5494 τὴν
1260 5424 1306 5455 ⁸⁸
1329 5424 1436 5476 τῶν
1460 5426 1626 5497 αὐτῆς
1649 5430 1937 5499 νεομηνίας

371 5506 526 5561 ἐτῶν.
585 5508 648 5563 Ἢ
667 5513 887 5582 τεχνικὴ
926 5513 1103 5583 ψῆφος
1143 5513 1282 5585 αὕτη
1318 5516 1413 5568 καὶ
1451 5517 1671 5587 μέθοδος
1715 5519 1936 5587 γέγονεν

369 5600 456 5654 ὕπ’
474 5601 641 5673 αὐτῆς
669 5603 809 5657 κατὰ
834 5604 931 5676 τὴν
949 5606 1056 5660 τῶν
1085 5607 1224 5660 ἑπτά
1244 5608 1551 5678 ὲμϐολίμων
1579 5610 1894 5683 προσθήκην
1919 5629 1931 5642 '

440 5755 485 5788 ⁸³
514 5755 553 5820 f.
587 5758 927 5823 ἑπικτίσεως.
1018 5760 1064 5794 ⁸⁵
1094 5761 1133 5817 f.
1168 5760 1265 5829 τῷ.

1343 5762 1388 5795 ⁸³
1415 5762 1454 5830 Ῑ.
1484 5762 1766 5820 άστασίαν.
1843 5766 1888 5798 ⁸⁸
1922 5766 1964 5833 Ι.
1997 5767 2057 5820 οὐ
2091 5768 2214 5823 καθ’
2242 5769 2358 5826 ἱνα.
2433 5770 2477 5803 "
2506 5769 2546 5839 ἶ.
2580 5767 2679 5839 τὴν
2705 5768 2797 5839 ἀρ.

2049 4703 2286 4759 Zodiaco
2338 4702 2651 4773 respondet.
2708 4700 2922 4757 Etenim
2978 4700 3234 4771 quoniam
3278 4699 3407 4752 luna
3458 4705 3620 4768 quot-

2050 4795 2211 4851 annis
2234 4793 2485 4848 undecim
2516 4792 2731 4855 diebus,
2755 4792 3088 4854 utdiximus,
3113 4789 3296 4859 asolis
3318 4804 3462 4842 anno
3489 4787 3621 4841 deli-

2051 4884 2224 4946 ciens,
2258 4882 2482 4937 totidem
2509 4897 2656 4944 eum,
2692 4881 2838 4935 unde
2865 4895 3158 4950 progressa
3196 4891 3299 4944 est,
3328 4878 3619 4932 antevertit

2046 4972 2188 5025 dicm
2219 4989 2233 5036 ;
2266 4970 2386 5025 ideo
2418 4985 2524 5024 non
2554 4978 2763 5025 certum
2799 4970 2962 5026 habet
2999 4985 3065 5025 ac
3093 4970 3258 5024 ﬁxum
3296 4970 3351 5023 in
3376 4983 3487 5022 uno
3514 4970 3617 5021 ali-

2045 5077 2175 5131 quo,
2203 5072 2257 5115 et
2285 5061 2425 5116 inter
2460 5071 2689 5116 caeteros
2723 5060 3019 5119 manifesto
3046 5077 3236 5117 mense
3264 5061 3619 5133 principium,

2046 5154 2140 5208 sed
2199 5154 2268 5208 ab
2315 5155 2572 5209 omnibus
2625 5154 2908 5223 aequaliter
2959 5154 3192 5224 incipit,
3248 5154 3391 5223 quod
3428 5168 3623 5209 omnes

2043 5247 2491 5315 retrogrediemlo
2541 5246 2859 5316 singillatim
2907 5254 3178 5317 peragret,
3230 5247 3366 5301 adeo
3408 5254 3469 5299 ut
3522 5245 3623 5299 oh-

2046 5352 2268 5392 scurum
2299 5336 2393 5401 sit,
2436 5352 2537 5393 nec
2569 5338 2677 5391 ulla
2706 5348 2858 5391 certa
2895 5344 3019 5390 nota
3050 5337 3333 5391 deﬁnitum
3371 5337 3616 5399 initium,

2044 5445 2076 5483 a
2110 5446 2221 5501 quo
2266 5433 2566 5487 neomeniaa
2606 5433 2752 5486 illius
2802 5433 3068 5485 oriantur.
3116 5429 3254 5484 Hinc
3286 5430 3620 5485 artiﬁcicsns

2043 5522 2147 5577 iste
2191 5530 2482 5592 computus
2535 5539 2599 5576 ac
2645 5522 2939 5578 methodus
2987 5521 3279 5576 adhibetur
3321 5523 3616 5589 ejusmodi,

2042 5613 2097 5667 in
2114 5629 2220 5685 qua
2241 5624 2445 5684 septem
2469 5614 2741 5669 adduntur
2757 5613 3032 5669 embolimi
3060 5629 3276 5667 menses
3299 5631 3313 5667 :
3332 5612 3412 5666 uti
3437 5628 3624 5683 quum-

2876 5768 2919 5801 ⁸⁸
2954 5768 2995 5839 ι’.
3031 5767 3129 5840 τὴν
3158 5768 3359 5841 ἀρχήν.
