4106 6410
404 414 544 475 1255

1220 410 1281 466 S.
1322 408 1579 465 MAXIM!
1613 407 1977 473 MARTYRIS
2013 409 2392 467 COMPUTUS
2426 408 2873 466 ECCLESIAST.

3528 408 3662 466 1251

414 536 517 592 Ἐκ
550 534 725 589 ποῖον
765 535 1095 603 Ῥωμαϊκὸν
1124 531 1292 604 μῆνα
1319 533 1466 604 τί,τύ
1506 531 1860 604 Πασχάλιον
1883 550 1989 588 κα·
2019 591 2022 600 Α

2096 532 2336 604 Quonam
2379 546 2442 584 ea:
2472 528 2707 604 Romano
2740 542 2917 604 mense
2942 525 3170 580 methodi
3212 524 3490 604 Paschalis
3521 527 3665 579 ordi-

472 605 774 667 νονίζουσι
793 645 808 669 ,
841 602 941 658 καὶ
982 602 1179 659 πάντα
1208 604 1282 657 τὰ
1315 602 1428 671 τῆς
1452 602 1725 669 σελήνης
1767 603 1896 671 ἐτη,
1933 606 1988 658 ot

469 677 960 741 πενταπλοῦντες
980 674 1168 730 ταῦτα
1196 673 1296 726 καὶ
1318 673 1746 740 ὲξαπλοῦντες·
1761 673 1862 728 καὶ
1884 674 1989 727 πό-

468 749 592 811 θεν,
614 747 713 800 καὶ
747 745 892 813 πῶς,
938 746 1038 800 καὶ
1068 745 1138 798 ἐν
1181 745 1374 810 ποίοις
1404 743 1568 813 ἔτεσι
1608 743 1985 813 πεντεκαιδε-

471 816 685 886 κάτην,
714 815 814 876 καὶ
855 815 926 880 ἐξ
958 813 1357 886 καὶ-δεκάτην
1380 812 1461 886 ,ιδ’
1500 812 1829 883 ψηφίζουσι
1879 813 1987 869 τοῦ

472 883 620 942 καθν
644 887 943 957 Ἑϐραίους
968 883 1201 955 πρώτου
1228 884 1441 954 μηνός.

473 1002 587 1071 IG'.
614 1001 740 1065 Τοῖς
762 999 820 1053 δὲ
855 995 1224 1054 πενταπλοῢσι
1248 995 1419 1050 ταῦτα
1449 994 1544 1050 καὶ
1576 992 1897 1061 ὲξαπλοῦσιν
1928 992 1989 1059 ἐξ

398 1091 561 1148 ἄλλου
605 1090 912 1163 Ῥωμαϊκοῦ
951 1089 1139 1163 μηνὸς,
1180 1088 1327 1157 λέγω
1372 1087 1437 1160 δὴ
1481 1086 1576 1141 τοῦ
1616 1084 1982 1159 Δεκεμϐρίουδ

400 1184 510 1237 ἀπὸ
531 1183 642 1256 γὰρ
660 1183 763 1254 τῆς
785 1182 977 1238 τούτου
1006 1181 1274 1253 τετάρτης
1308 1180 1621 1252 ποιούμενοι
1658 1180 1757 1252 τὴν
1788 1180 1984 1253 ἀρχὴν,

400 1274 497 1329 τοῦ
524 1275 624 1340 τὰς
643 1275 772 1340 ὅλας
801 1274 1094 1346 νεομηνίας
1131 1271 1261 1326 εἴσω
1290 1271 1481 1326 ἑαυτοῦ
1515 1271 1852 1344 κεκτημένου
1889 1288 1987 1344 μη-

401 1367 515 1433 νὸς.
539 1368 602 1422 τὸ
625 1367 776 1431 τέλος
805 1368 887 1430 εἰς
924 1367 1024 1440 τὴν
1055 1364 1150 1420 τοῦ
1192 1365 1520 1437 Ἰανουαρίου
1560 1364 1799 1420 τίθενται
1835 1363 1986 1436 πρώ-

403 1475 522 1529 την.
553 1456 652 1511 Κθ¹
683 1456 794 1529 γὰρ
829 1456 923 1510 ἀπ’
949 1455 1163 1527 ἐκείνης
1200 1455 1361 1527 μέχρι
1393 1454 1597 1527 ταύτης
1622 1455 1748 1509 εἰσί.
1788 1456 1986 1528 Διόπερ

402 1550 469 1602 ὲκ
488 1548 693 1620 ταύτης
717 1546 802 1619 δὴ,
831 1546 977 1618 φημί
999 1547 1100 1617 τῆς
1120 1545 1214 1600 τοῦ
1251 1546 1579 1618 Ἰανουαρίου
1597 1545 1840 1618 πρώτης,
1876 1549 1984 1603 πᾶν

404 1636 634 1709 σελήνης
664 1637 1037 1701 κανονίζοντες
1068 1636 1216 1700 ἔτος,
1255 1631 1371 1690 εἶτα
1403 1635 1490 1696 διά
1519 1635 1621 1707 τὴν
1656 1635 1749 1689 τοῦ
1793 1635 1986 1707 Πάσχα

401 1726 621 1798 ψῆφον,
665 1727 737 1780 τά
786 1725 894 1780 ἀπὸ
937 1724 1141 1797 ταύτης
1185 1725 1347 1797 μέχρι
1388 1723 1835 1795 συμπληρώσεως
1886 1722 1982 1778 τοῦ

402 1818 672 1891 Μαρτίου,
708 1819 818 1873 τῶν
851 1823 901 1886 t,’
929 1818 1171 1891 ἡμερῶν,
1213 1816 1474 1889 ἰσάριθμα
1515 1816 1834 1885 συνάγοντες
1861 1814 1985 1887 ἑξηι-

2162 602 2451 666 nationem,
2478 617 2542 653 ac
2572 599 2844 653 [altarium
2878 612 3141 651 annorum
3171 597 3497 666 putationem
3526 612 3666 665 repe-

2163 682 2319 735 tant,
2364 664 2455 742 qui
2492 671 2585 724 hos
2634 669 2939 742 quinquies,
2978 667 3247 742 seriesque
3288 664 3662 742 multiplicant.

2162 742 2232 796 Et
2256 736 2410 798 unde.
2445 757 2508 795 ac
2532 736 2815 811 quomodo,
2841 748 2895 811 et
2921 736 3107 809 quibus
3142 738 3195 790 in
3228 737 3382 791 annis
3404 737 3666 811 decimam

2159 814 2421 884 quintam,
2452 829 2515 884 ac
2537 806 2749 884 sextam
2782 806 3038 863 decimam
3070 815 3341 884 numerent
3362 822 3481 862 eam
3502 806 3662 873 diem,

2155 877 2273 954 qua:
2294 884 2350 937 in
2378 880 2608 936 Iudaico
2636 897 2808 935 mense
2836 894 3014 933 revera
3041 888 3119 933 est
3146 877 3349 932 decima
3379 886 3593 949 quarta.

2158 994 2301 1051 XVI.
2331 994 2433 1062 Qui
2458 1008 2633 1051 annos
2648 994 2791 1049 luna:
2814 992 3164 1063 perquinque
3195 1005 3261 1046 ac
3282 1005 3380 1046 sex
3402 989 3665 1060 multipli-

2087 1094 2236 1153 cant,
2261 1087 2330 1141 ab
2359 1087 2533 1142 altero
2566 1101 2754 1142 mense
2789 1082 3107 1140 methodum
3152 1082 3380 1150 ducunt,
3412 1081 3666 1138 videlicet

2088 1192 2118 1232 a
2160 1176 2467 1234 Decembri.
2537 1176 2698 1247 176
2748 1173 2885 1229 Nam
2935 1189 2967 1228 a
3020 1180 3218 1244 quarto
3261 1171 3426 1242 hujus
3474 1171 3665 1242 auspi—

2087 1275 2300 1334 cantes,
2328 1283 2571 1324 mensem
2605 1267 2783 1333 illum,
2809 1266 2906 1337 qui
2933 1264 3250 1320 neomenias
3286 1263 3346 1318 in
3380 1279 3442 1319 se
3470 1278 3667 1319 omnes

2086 1360 2492 1432 complectitur,
2529 1358 2788 1415 Kalendis
2832 1356 3111 1413 Januariis
3159 1355 3472 1411 terminant.
3527 1353 3666 1409 Sutt

2084 1452 2232 1508 enim
2277 1450 2347 1506 ab
2386 1450 2481 1505 illo
2514 1450 2579 1506 ad
2613 1450 2760 1506 hunc
2801 1464 2999 1505 novem
3032 1456 3086 1504 et
3114 1446 3305 1517 viginti
3349 1446 3485 1502 dies.
3518 1445 3668 1513 Quo-

2085 1545 2231 1601 circa
2268 1543 2446 1615 prima
2481 1542 2728 1599 Januarii
2767 1543 2887 1599 dies
2909 1541 3099 1612 regula
3125 1548 3210 1596 est
3249 1554 3517 1595 annorum
3547 1554 3668 1594 om-

2083 1633 2235 1689 nium
2298 1634 2490 1700 lunae;
2552 1632 2623 1688 ab
2679 1632 2868 1689 eadem
2916 1646 3048 1687 vero
3115 1637 3252 1700 quot
3290 1629 3358 1684 ad
3412 1630 3666 1685 ultimam

2085 1723 2265 1778 Martii
2306 1722 2425 1779 dies
2462 1730 2839 1788 numerantur,
2879 1722 2974 1793 qui
3020 1728 3151 1777 sunt
3179 1719 3502 1792 nonaginta,
3547 1721 3670 1777 toti-

2083 1816 2206 1872 dem
2236 1815 2308 1871 ob
2343 1813 2666 1871 Paschalem
2691 1821 3010 1885 computum
3035 1812 3378 1885 sexagesima
3408 1813 3669 1883 scrupula

405 1912 595 1977 κοστὰ,
630 1911 766 1984 μετὰ
810 1910 910 1982 τὴν
937 1911 1019 1973 εἰς
1051 1910 1095 1963 λ’
1138 1908 1294 1963 λύσιν
1324 1908 1532 1962 τούτων
1566 1907 1631 1979 δὴ
1677 1907 1787 1962 τῶν
1826 1906 1994 1980 τριῶν

2096 1907 2357 1979 colligunt
2402 1925 2416 1962 :
2450 1917 2565 1961 tum
2597 1905 2870 1962 divisione
2917 1905 3086 1970 facta,
3117 1911 3174 1961 et
3213 1904 3443 1961 tricenis
3472 1904 3668 1961 diebus

408 2003 614 2076 μηνῶν,
655 2000 1025 2075 ἡμισημέριον
1068 2002 1253 2066 αὐτοῖς
1314 2000 1817 2071 καταλιμπάνεται,
1870 2015 1991 2052 του-

404 2096 554 2151 τέστι
580 2095 623 2149 λ’
647 2096 932 2168 ἑξηκοστά.
954 2094 1172 2159 Τούτοις
1200 2088 1293 2148 οὖν
1323 2095 1437 2158 τοῖς
1460 2092 1504 2146 λ’
1532 2092 1841 2163 ὲξηκοστοίς
1863 2107 1988 2145 συν-

405 2169 764 2260 εμϐάλλοντες
804 2187 898 2241 καὶ
924 2186 994 2241 τὰ
1014 2189 1136 2241 κατ’
1186 2185 1305 2251 ἔτος
1330 2184 1560 2239 ἕκαστον
1579 2185 1644 2238 ὲκ
1663 2183 1773 2238 τῶν
1799 2189 1839 2236 ε’
1862 2182 1987 2255 ἑξη-

406 2279 616 2335 κοστῶν
666 2278 1009 2351 συναγόμενα
1058 2278 1257 2351 μόρια,
1313 2277 1410 2331 καὶ
1456 2274 1736 2340 ποιοῦντες
1778 2274 1992 2347 ἡμέραν

410 2372 538 2444 μίαν
557 2389 570 2403 ·
606 2372 767 2443 τυχὸν
792 2371 849 2425 δὲ
872 2372 968 2425 καὶ
991 2372 1150 2444 πρὸς,
1172 2372 1239 2426 ἄν
1262 2387 1387 2442 περ,
1419 2369 1495 2433 ὡς
1512 2368 1680 2432 εἰκὸς,
1702 2367 1799 2421 καὶ
1829 2367 1992 2440 μέχρι

404 2458 568 2513 τινῶν
608 2458 831 2533 ἡμερῶν
863 2458 961 2514 τοῦ
1002 2459 1282 2532 Ἀπριλίου
1311 2459 1411 2532 τὴν
1449 2458 1633 2530 ψῆφον
1674 2457 1987 2513 ἐκτείνωσι·

404 2548 494 2603 διὰ
529 2549 627 2622 τὴν
658 2550 753 2604 τοῦ
797 2551 990 2622 Πάσχα
1048 2549 1414 2623 παρέκϐασιν.
1469 2551 1705 2622 Ἀνάγκη
1748 2549 1857 2623 γὰρ
1898 2550 1992 2604 καὶ

404 2641 611 2696 τούτων
653 2642 1050 2714 συλλαμϐάνειν
1092 2643 1161 2696 τά
1193 2642 1481 2715 ὲξηκοστά.
1517 2642 1811 2714 Συμϐαίνει
1857 2642 1993 2698 πάν-

405 2749 516 2798 τως
565 2735 761 2799 αὐτοὺς
810 2737 878 2807 τῇ
919 2734 1021 2805 τῆς
1065 2734 1197 2806 μιᾶς
1234 2733 1450 2806 ἡμέρας
1494 2733 1529 2805 ἢ
1570 2733 1790 2789 καὶδύο
1820 2750 1992 2806 προσ-

406 2824 552 2899 θήκῃ
575 2827 642 2891 ⁷³,
669 2826 769 2897 τὴν
787 2824 882 2879 τοῦ
906 2825 1125 2899 πρώτου
1147 2825 1268 2881 καθ’
1304 2824 1586 2898 Ἐϐραίους
1610 2825 1776 2895 μηνὸς
1794 2825 1873 2890 ιδ’,
1897 2824 1992 2879 καὶ

411 2923 495 2981 ιε’,
535 2916 693 2988 ἢκαὶ
731 2924 826 2983 ις’.
860 2919 972 2972 Καὶ
1014 2925 1073 2971 ιε’
1114 2918 1234 2989 μὲν,
1281 2918 1342 2972 ὲν
1384 2917 1596 2981 τούτοις
1636 2918 1749 2981 τοῖς
1792 2917 1989 2985 έτεσιν,

406 3004 520 3063 οἷον
561 3009 640 3081 τῷ
684 3010 942 3082 πέμπτῳ,
984 3012 1079 3064 καὶ
1130 3011 1294 3082 ἕκτῳ,
1327 3012 1423 3065 καὶ
1453 3008 1520 3076 ζ’,
1556 3010 1651 3065 κα.)⁸
1684 3017 1755 3082 η’,
1787 3010 1884 3064 καὶ
1924 3009 1989 3078 θ’,

408 3102 504 3156 καὶ
549 3108 600 3160 ι’,
635 3101 731 3156 καὶ
759 3109 852 3165 ια’,
872 3104 968 3156 καὶ
1006 3103 1094 3166 ιϐ’,
1128 3103 1223 3156 καὶ
1272 3110 1363 3171 ιγ’,
1396 3103 1491 3156 καὶ
1520 3102 1603 3167 ιδ’,
1640 3102 1735 3155 καὶ
1781 3108 1862 3165 ιε’,
1896 3102 1992 3155 καὶ

410 3196 508 3257 ις’,
569 3191 617 3223 ⁷³
656 3192 751 3246 καὶ
781 3192 846 3246 ιθ¹
875 3210 888 3224 ·
935 3193 995 3259 ἓξ
1023 3193 1114 3247 καὶ
1149 3192 1381 3264 δεκάτην
1410 3193 1467 3247 δὲ
1498 3195 1557 3246 έν
1600 3192 1680 3264 τῷ
1723 3192 1992 3265 ἰσαρίθμῳ

2092 1999 2148 2055 in
2181 2016 2397 2057 nienses
2426 2000 2674 2073 singulos
2701 2000 3011 2072 imputatis,
3034 1999 3282 2071 reliquus
3305 2010 3390 2057 est
3413 1999 3669 2056 dimidia-

2089 2102 2181 2152 tus
2238 2096 2376 2164 dies,
2433 2110 2555 2167 qua:
2603 2105 2733 2151 sunt
2787 2095 3045 2166 scrupula
3098 2094 3343 2166 triginta.
3401 2092 3486 2149 Ad
3550 2093 3668 2151 haec

2092 2186 2285 2257 igitur
2327 2186 2585 2255 scrupula
2649 2194 2835 2257 partes
2897 2185 3022 2242 illas
3092 2186 3317 2256 insuper
3375 2183 3664 2254 adjiciunt,

2091 2294 2214 2350 quae
2273 2294 2341 2334 ex
2388 2278 2633 2350 quinque
2684 2277 3078 2349 sexagesimis,
3132 2276 3201 2332 de
3249 2276 3450 2347 quibus
3499 2291 3672 2346 supra

2091 2370 2465 2433 meminimus,
2510 2369 2808 2425 exsistunt.
2840 2369 2921 2423 lta
2958 2368 3079 2423 dies
3108 2368 3326 2438 integra
3358 2367 3667 2435 coniicitur,

2091 2477 2265 2532 eoque
2310 2460 2544 2533 amplius
2588 2461 2898 2529 interdum,
2942 2460 3014 2527 si,
3053 2459 3197 2532 quod
3251 2468 3337 2517 est
3375 2465 3668 2516 consenta-

2092 2570 2277 2619 neum,
2315 2553 2384 2609 ad
2428 2554 2547 2611 dies
2583 2554 2793 2624 aliquot
2835 2553 2904 2609 de
2944 2551 3148 2625 Aprilis
3191 2566 3380 2608 mense
3424 2550 3670 2607 calculus

2092 2645 2444 2719 provehatur,
2482 2654 2542 2701 ut
2582 2654 2696 2701 tum
2731 2646 2952 2712 accidit,
2988 2661 3114 2701 cum
3160 2643 3375 2702 Pascha
3408 2642 3671 2699 didundi-

2092 2746 2203 2793 tur.
2253 2734 2409 2792 Tunc
2447 2738 2593 2793 enim
2652 2738 2744 2792 illa
2792 2749 3012 2809 quoque
3052 2735 3396 2807 sexagesima
3441 2749 3673 2791 necesse

2091 2833 2179 2882 est
2223 2841 2525 2884 assumere.
2570 2825 2653 2882 Ita
2701 2827 2761 2884 ﬁt
2796 2835 2880 2894 ut,
2925 2841 3037 2885 uno
3085 2827 3328 2885 alterove
3375 2826 3669 2898 superfuso

2092 2919 2199 2985 die,
2213 2926 2465 2990 quartam
2487 2919 2754 2976 decimam
2772 2918 2983 2976 Iudaici
3005 2920 3213 2977 mensis
3237 2927 3555 2991 computent
3571 2933 3670 2985 xv,

2091 3010 2179 3067 vel
2206 3026 2318 3066 xvi.
2341 3010 2615 3068 Decimam
2645 3012 2895 3083 quintam
2922 3026 3087 3084 porro
3111 3011 3263 3069 bisin
3290 3012 3450 3067 annis
3480 3026 3671 3067 nume-

2093 3106 2239 3168 rant,
2256 3101 2470 3173 quinto,
2504 3110 2681 3169 sexto,
2707 3103 2963 3174 septimo,
2995 3110 3210 3168 octavo,
3232 3118 3401 3169 nono,
3432 3100 3670 3168 decimo,

2093 3190 2762 3259 undecimo,duodecimos
2780 3193 2992 3249 decimo
3010 3193 3193 3261 tertio,
3218 3192 3433 3249 decimo
3449 3202 3670 3264 quarto,

407 3247 540 3349 ἔτει,
569 3278 681 3338 οἷον
713 3284 792 3356 τῷ
822 3284 883 3351 ἐξ
927 3247 1022 3340 κάλ
1061 3284 1271 3358 δεκάτῳ
1289 3301 1306 3318 ο
1336 3247 1704 3357 ’συμφωνοῦσι
1737 3284 1795 3338 δὲ
1817 3247 1991 3356 Ιμόνον
2018 3267 2022 3297 ¹

2096 3280 2308 3339 decimo
2342 3281 2557 3355 quinto,
2589 3283 2801 3340 decimo
2818 3293 2994 3351 sexto,
3014 3298 3078 3341 ac
3098 3283 3312 3340 decimo
3331 3297 3497 3340 nono.
3532 3280 3670 3339 Sex-

408 3378 1009 3451 τεσσαρεσκαιδεκάτην
1050 3378 1145 3430 καὶ
1197 3377 1388 3442 αὐτοὶ,
1420 3377 1520 3449 τὴν
1551 3376 1595 3429 δ’
1635 3377 1728 3430 καὶ
1761 3383 1794 3431 ι’
1824 3374 1994 3448 ψηφί-

409 3464 595 3531 ζοντες
620 3469 676 3521 ἐν
701 3469 881 3539 μόνοις
917 3469 1127 3533 τούτοις
1150 3471 1262 3533 τοῖς
1310 3474 1351 3521 ε’
1388 3467 1555 3531 ἔτεσι,
1587 3467 1665 3539 τῷ
1702 3485 1763 3521 τε
1793 3466 1994 3539 πρώτῳ

415 3562 540 3632 παρ’
578 3561 761 3625 αὐτοῖς
802 3561 1004 3633 δηλαδὴ
1040 3558 1400 3633 ψηφιζομένῳ
1421 3600 1435 3625 ,
1474 3560 1722 3632 τετάρτῳ
1767 3560 1826 3614 δὲ
1865 3561 1993 3632 παρ’

409 3650 545 3721 ἡμῖν
577 3652 919 3722 τυγχάνοντι,
945 3651 1041 3705 καὶ
1066 3651 1145 3723 τῷ
1177 3651 1432 3722 δευτέρῳ,
1462 3650 1558 3705 καὶ
1583 3649 1663 3721 τῷ
1693 3657 1762 3720 γ,
1791 3649 1886 3704 καὶ⁵
1916 3648 1996 3720 τῷ

409 3742 474 3806 δ’,
504 3742 600 3795 καὶ
630 3749 717 3813 ιη’.
741 3741 959 3796 Τούτων
986 3739 1080 3795 οὖν
1120 3740 1293 3806 οὕτως
1331 3742 1583 3813 ἐχόντων,
1616 3738 1780 3811 ἡνίκα
1807 3741 1842 3813 ἡ
1880 3739 1997 3792 Κυ-

412 3831 611 3904 ριακῆς
647 3832 694 3863 ⁷⁵
740 3832 774 3903 ἡ
820 3831 863 3884 δ’
920 3833 1015 3886 καὶ
1054 3838 1085 3883 ι’
1130 3829 1223 3885 τοῦ
1280 3829 1497 3904 πρώτου
1550 3830 1671 3885 καθ’
1715 3829 1998 3902 Ἐϐραίους

413 3923 733 3993 συναντήσοι
761 3921 951 3993 μηνὸς,
993 3922 1130 3995 πρὸς
1167 3922 1415 3995 ἀνάγκης
1450 3921 1636 3977 λοιπὸν
1664 3921 1840 3980 εἰκάδι
1875 3921 1997 3975 δευ-

411 4013 549 4086 τέρᾳ
571 4012 666 4067 τοῦ
709 4013 963 4083 φέγγους,
994 4013 1088 4068 καὶ
1116 4014 1291 4069 εἰκάδι
1319 4012 1477 4086 τρίτῃ
1499 4012 1743 4082 γίνεσθαι
1765 4011 1828 4066 τὸ
1857 4010 2000 4066 κατὰ

414 4105 650 4178 Χριστὸν
684 4106 911 4178 Πάσχα·
958 4105 1171 4171 τούτοις
1220 4106 1545 4180 παραλόγως
1582 4105 1877 4177 ψηφίζεται
1911 4103 2001 4160 διὰ

414 4197 514 4269 τὴν
561 4199 863 4271 εἰρημένην
899 4200 1099 4256 αἰτίαν.
1138 4199 1326 4254 Ταῦτα
1363 4201 1459 4256 καὶ
1494 4201 1623 4272 περὶ
1654 4199 1748 4255 τοῦ
1784 4203 2001 4274 Πασχα-

412 4289 529 4344 λίου
558 4292 746 4364 μηνὸς,
783 4293 878 4347 καὶ
907 4292 1009 4364 τῆς
1040 4294 1169 4366 περὶ
1216 4295 1318 4366 τὴν
1348 4293 2000 4366 τεσσαρεσκαιδεκαταίαν

416 4382 626 4457 πλάνης
663 4384 773 4438 τῶν
801 4383 943 4445 οὕτω
969 4384 1314 4457 ψηφιζόντων
1354 4385 1595 4459 εἰρήσθω
1624 4385 1695 4440 τὰ
1722 4385 1839 4441 νῦν.

418 4494 558 4563 Περὶ
578 4491 699 4548 τῶν
732 4494 914 4565 Ἀδὰμ
942 4494 1112 4556 ἐτῶν,
1133 4497 1298 4549 πόσα
1324 4513 1388 4549 τε
1415 4494 1716 4565 τυγχάνει,
1747 4494 1845 4549 καί
1874 4493 2000 4561 πῶς

487 4563 562 4617 δι’
585 4563 786 4618 αὐτῶν
823 4565 931 4619 τοῦ
976 4583 1040 4619 τε
1076 4567 1256 4619 ἡλίου
1283 4567 1381 4619 καὶ
1420 4566 1712 4619 σελήνης.
1750 4566 1852 4619 καὶ
1892 4566 2000 4619 τοῦ

487 4566 562 4617 δι’
585 4566 786 4618 αὐτῶν
823 4566 931 4619 τοῦ
976 4583 1040 4619 τε
1076 4567 1256 4633 ἡλίου
1283 4567 1381 4620 καὶ
1420 4566 1712 4635 σελήνης,
1750 4566 1852 4620 καί
1892 4566 2000 4621 τοῦ

485 4634 798 4716 βισρξτου,
837 4636 904 4689 τὸ
922 4634 1321 4707 ἐνιστάμενον
1357 4636 1492 4703 ἔτος
1523 4637 1882 4705 εὑρίσκεται.

488 4750 589 4805 ΙΖ’.
622 4750 944 4818 Ἀναγκαῖον
995 4750 1052 4804 δὲ
1091 4750 1227 4822 πρὸς
1271 4750 1483 4815 τούτοις
1522 4750 1719 4805 εἰδέναι
1766 4749 1862 4804 καὶ
1909 4749 2003 4803 τὸν

418 4840 652 4912 ἀριθμὸν
693 4841 803 4895 τῶν
851 4842 959 4896 ἀπὸ
1002 4841 1173 4913 Ἀδὰμ
1207 4842 1364 4896 ἐτῶν.
1400 4844 1551 4897 Εἰσὶν
1581 4838 1675 4897 οὖν
1720 4842 1861 4896 κατά
1903 4841 2004 4914 τὴν

420 4930 879 5003 ὲκκλησιαστικὴν
912 4931 1092 5001 ψῆφόν
1135 4949 1195 4985 τε
1232 4932 1328 4986 καὶ⁹
1361 4932 1658 5005 παράδοσιν
1705 4930 1868 5003 μέχρι
1904 4930 2004 5002 τῆς

419 5022 723 5095 ἐνεστώσης
765 5022 823 5077 ιδ’
863 5021 1226 5086 ἱνδικτιῶνος,
1264 5021 1418 5087 ἔτους
1465 5023 1550 5076 λα’·
1584 5022 1686 5094 τῆς
1727 5021 2005 5093 βασιλείας

430 5112 751 5185 Ἡρακλείου
790 5113 884 5168 τοῦ
929 5112 1324 5168 εὐσεϐεστάτου
1361 5113 1518 5186 ἡμῶν
1560 5112 1858 5185 βασιλέως,
1905 5111 2001 5184 ἔτη

421 5204 616 5276 ,ςρλγ’.
678 5205 770 5277 Τῷ
802 5206 912 5276 γὰρ
943 5205 1116 5260 ταῢτα
1157 5205 1400 5278 μερίζειν
1425 5207 1521 5259 καὶ
1550 5205 1800 5259 ἀναλύειν
1837 5202 2003 5273 γινώο

422 5315 613 5353 σκεται
657 5298 752 5352 τοῦ
781 5316 841 5352 τε
884 5298 1061 5370 ἡλίου,
1093 5298 1189 5353 καὶ
1226 5297 1329 5369 τῆς
1358 5297 1610 5370 σελήνης,
1647 5299 1743 5353 καὶ
1793 5295 1889 5352 τοῦ
1922 5295 2002 5365 βι-

422 5391 610 5458 σέξτου
656 5391 719 5444 τὸ
748 5391 1101 5461 ἐνιστάμενον
1138 5389 1291 5454 ἔτος·
1337 5385 1447 5443 οἷον
1480 5389 1542 5442 τὸ
1592 5389 1689 5460 μὲν
1715 5388 1811 5442 τοῦ
1853 5387 2002 5461 ἡλίου
2048 5388 2053 5401 ’

420 5484 537 5548 ἔτος
569 5482 657 5536 διὰ
696 5481 791 5536 τοῦ
840 5485 921 5547 εἰς
963 5489 1046 5554 κη’
1099 5481 1375 5555 μερίζειν·
1425 5482 1662 5536 τοσαῦτα
1703 5483 1833 5555 γὰρ,
1882 5498 2007 5536 του-

419 5575 601 5629 τέστιν
637 5581 745 5646 κη’,
778 5573 848 5627 τὰ
889 5573 983 5627 τοῦ
1027 5574 1179 5644 ἡλίου
1218 5573 1314 5645 ἔτη
1347 5573 1651 5644 καθέστηκε
1672 5590 1690 5603 ι
1719 5574 1781 5627 τὸ
1817 5574 1874 5628 δὲ
1904 5574 2005 5639 τῆς

422 5666 653 5738 σελήνης
678 5667 797 5730 ἔτος
834 5666 924 5720 διὰ.
952 5666 1045 5719 τοῦ
1101 5668 1181 5730 εἰς
1223 5665 1288 5718 ιϐ’
1341 5664 1522 5720 πάλιν.
1571 5664 1788 5738 Ἐπειδὴ
1821 5664 1914 5719 καὶ
1937 5664 2006 5717 τὰ

509 5783 554 5814 τι
592 5782 695 5855 ιε,

420 5854 515 5909 καὶ
541 5859 636 5915 ις’.
670 5854 727 5887 ⁷⁷⁸
755 5854 795 5915 ι’.
828 5854 928 5917 τῆς
962 5855 1103 5917 Κυρ.

704 5827 714 5836 .
752 5783 957 5855 uidetur
1004 5782 1145 5835 κατὰ
1176 5784 1349 5850 ποῖον,
1384 5782 1462 5838 vel
1510 5784 1573 5837 ὲκ
1625 5781 1778 5836 ποίου
1830 5781 2146 5854 Ῥωμαϊκοῦ
2191 5782 2379 5855 μηνός.

2093 3384 2205 3430 tam
2263 3375 2530 3432 decimam
2584 3384 2768 3432 autem
2826 3379 2883 3431 in
2939 3392 3085 3431 anno
3116 3375 3332 3431 decimo
3372 3380 3549 3430 sexto.
3607 3371 3671 3428 In

2094 3475 2289 3538 quarta
2317 3464 2530 3521 decima
2555 3464 2800 3536 putanda.
2831 3464 3121 3520 nobiscum
3161 3463 3218 3518 in
3259 3463 3419 3518 annis
3454 3469 3675 3517 tantum

2095 3560 2337 3629 quinque
2376 3557 2747 3623 consentiunt,
2787 3555 3041 3611 videlicet
3087 3556 3145 3609 in
3192 3555 3371 3626 primo
3404 3554 3669 3625 ipsorum,

2098 3649 2190 3721 qui
2250 3648 2411 3706 nobis
2459 3659 2546 3706 est
2588 3659 2840 3720 quartus,
2897 3648 3164 3716 secundo,
3217 3647 3402 3712 tertio,
3451 3651 3673 3718 quarto,

2097 3741 2310 3799 decimo
2334 3748 2548 3798 octavo.
2573 3739 2674 3798 His
2701 3740 3122 3805 animadversis,
3151 3739 3367 3811 quoties
3397 3739 3454 3794 in
3488 3738 3675 3793 Domi-

2099 3831 2281 3888 nicam
2306 3839 2506 3904 quarta
2523 3832 2737 3887 decima
2766 3831 2928 3903 primi
2955 3830 3176 3887 Judaici
3219 3831 3425 3887 mensis
3459 3829 3676 3898 incidit,

2102 3938 2335 3981 necesse
2365 3931 2453 3981 est
2495 3939 2787 3996 perperam
2832 3922 2975 3994 apud
3010 3923 3137 3979 illos
3171 3922 3545 3978 Christianum
3570 3918 3678 3976 Pa-

2100 4015 2234 4073 scha
2281 4015 2351 4071 ad
2395 4015 2692 4073 secundam
2728 4022 2783 4072 et
2831 4015 3173 4081 vicesimam,
3226 4021 3322 4069 aut
3359 4014 3676 4070 vicesimam

2099 4105 2318 4162 tertiam
2355 4104 2501 4162 diem
2540 4105 2750 4162 lunaris
2799 4096 3031 4161 mensis'
3056 4104 3294 4170 extendi,
3352 4103 3512 4175 cujus
3551 4115 3679 4158 cau-

2101 4210 2218 4253 sam
2246 4205 2373 4253 ante
2394 4194 2753 4253 reddidimus.
2780 4194 3058 4253 Hactenus
3087 4194 3155 4251 de
3180 4193 3428 4251 Paschali
3464 4208 3674 4259 mense,

2100 4289 2280 4359 deque
2322 4302 2530 4356 errore,
2583 4303 2746 4359 quem
2791 4288 2850 4342 in
2903 4296 3114 4358 quartae
3141 4286 3371 4343 decima:
3397 4286 3684 4356 putatione

2103 4378 2461 4434 committunt
2482 4378 2577 4451 qui
2607 4380 2683 4434 ita
2712 4384 3048 4450 computant.

2107 4489 2184 4547 De
2237 4493 2395 4547 annis
2442 4490 2639 4548 Adami
2704 4501 2955 4561 quotnam
3002 4498 3273 4560 putentur,
3322 4498 3379 4545 et
3418 4486 3679 4561 quomodo

2174 4577 2266 4633 per
2296 4579 2384 4617 eos
2414 4562 2566 4628 solis,
2610 4558 2772 4628 (ante,
2802 4579 2864 4615 ac
2896 4558 3085 4616 bisekcti
3110 4575 3341 4629 prwsens
3383 4574 3555 4613 annus
3592 4558 3682 4613 iu-

2178 4633 2342 4688 veniri
2367 4642 2545 4705 queat.

2176 4742 2341 4798 XVll.
2367 4742 2637 4798 Praeterea
2663 4756 2889 4799 necesse
2916 4748 3000 4797 est
3027 4741 3171 4798 scire
3198 4755 3485 4797 numerum
3511 4755 3684 4795 anno-

2104 4852 2248 4903 rum,
2268 4836 2359 4908 qui
2376 4836 2445 4892 ab
2458 4836 2667 4891 Adamo
2686 4843 3025 4906 repetuntur.
3045 4832 3212 4905 igitur
3228 4848 3295 4888 ex
3308 4831 3685 4887 ecclesiastico

2107 4930 2340 4993 calculo,
2372 4944 2436 4983 ac
2455 4928 2752 4984 traditione
2777 4928 2845 4982 ad
2870 4935 3193 4999 prasentem
3219 4924 3488 4980 decimam
3516 4938 3682 4993 quar-

2110 5030 2222 5077 tam
2256 5021 2609 5078 indictionem
2638 5020 2769 5076 anni
2790 5036 2921 5075 xxxx
2952 5017 3164 5090 imperii
3188 5015 3425 5074 Heraclii
3452 5014 3684 5087 piissimi

2108 5114 2286 5170 nostri
2327 5114 2702 5185 imperatoris,
2745 5113 2877 5169 anni
2918 5121 3048 5168 sunt
3085 5128 3140 5166 vi
3177 5123 3446 5166 ucxxxni.
3473 5107 3686 5174 Quibus

2109 5205 2304 5262 divisis
2335 5221 2398 5262 ac
2435 5206 2718 5271 resolutis,
2755 5220 2999 5276 praesens
3030 5219 3209 5258 annus
3240 5202 3397 5266 solis,
3428 5200 3589 5267 lunae,
3621 5211 3685 5253 ac

2108 5297 2314 5354 bisexti
2357 5296 2632 5368 reperitur
2673 5298 2913 5353 :elenim
2946 5297 3079 5353 solis
3106 5310 3286 5369 annus
3326 5291 3682 5357 obtinebitur,

2110 5386 2157 5441 si
2194 5403 2464 5444 summam
2514 5402 2611 5458 per
2665 5403 2836 5443 xxvm
2889 5387 3126 5458 partiare
3187 5404 3201 5441 :
3257 5384 3482 5440 totidem
3539 5382 3684 5438 enim

2113 5490 2264 5545 sunt,
2294 5479 2554 5534 nimirum
2589 5495 2759 5535 xxvm
2801 5480 2940 5552 cycli
2970 5478 3166 5535 solaris
3186 5479 3316 5533 anni
3344 5497 3355 5532 :
3380 5491 3559 5532 annus
3583 5473 3684 5528 ha-

2112 5572 2332 5630 bebitur
2369 5572 2533 5636 lunae,
2584 5575 2630 5626 si
2672 5586 2771 5642 per
2807 5587 2900 5625 xix
2947 5569 3222 5626 diviseris.
3252 5567 3389 5623 Nam
3434 5564 3683 5627 tetidem,

2116 5665 2194 5720 uti
2225 5664 2433 5719 dictum
2459 5673 2564 5728 est,
2613 5663 2761 5720 illius
2794 5661 2927 5717 anni
2965 5670 3114 5717 sunt.
3146 5659 3240 5716 Sic
3270 5675 3450 5714 annus
3482 5657 3683 5714 bisexti

2482 5783 2526 5815 "
2554 5780 2709 5837 Deest
2749 5777 2981 5834 verbum.
3076 5777 3122 5811 ⁷³
3151 5775 3444 5835 Delendmu
3481 5774 3685 5830 videtur:
