4106 6428
492 424 629 481 ιεδσ

490 538 667 592 divisa
711 545 925 589 summa
958 543 1057 601 per
1097 533 1338 597 quatuor
1363 520 1608 578 exsistet.
1638 517 1721 574 Ad
1762 517 1909 601 hunc
1939 527 2060 568 mo-

490 631 623 685 dum
666 594 1172 680 annorum-Adsum
1215 615 1439 689 partitio
1473 594 1901 680 unumquodqué
1937 605 2058 659 illo-

491 736 615 778 rum
648 718 894 783 indicat;
928 714 1074 785 quod
1103 720 1314 765 tantum
1365 717 1469 773 est,
1518 709 1756 774 quantus
1800 707 1885 755 est
1927 696 2059 752 resi—

491 813 727 866 duorum
754 822 1021 863 annorum
1060 817 1343 857 numerus.
1380 797 1449 853 Ut
1481 796 1528 852 si
1559 811 1626 849 ex
1666 792 1763 847 illa’
1789 789 2059 846 divisione

491 919 592 971 per
622 916 817 964 xxvm,
851 898 934 952 vel
970 912 1085 959 xix,
1120 893 1205 948 vel
1243 908 1317 957 IV,
1346 887 1583 960 supersit
1614 898 1806 947 unum,
1847 880 2057 951 primus

492 970 615 1049 esse
643 994 857 1048 dicetur
886 989 1021 1044 solis
1055 999 1254 1049 annus,
1284 990 1379 1036 aut
1409 982 1571 1043 luna,
1602 977 1696 1030 vel
1729 973 1926 1029 bisexti
1960 970 2057 1023 tali

492 1085 809 1140 indictione.
853 1080 948 1135 Sin
991 1079 1100 1132 duo
1141 1084 1367 1138 restent,
1416 1068 1690 1127 secundus
1721 1066 1825 1121 erit
1855 1077 2056 1118 annus.

491 1174 567 1227 Ita
609 1173 829 1237 tertius,
876 1171 922 1226 si
964 1169 1110 1233 tria;
1142 1180 1206 1220 ac
1247 1164 1503 1231 deinceps
1546 1172 1721 1227 usque
1768 1154 1837 1209 ad
1883 1166 2057 1207 annos

491 1280 683 1327 xxvm,
724 1271 819 1316 aut
848 1275 964 1324 χιι,
1001 1264 1094 1312 aut
1121 1272 1195 1310 IV.
1223 1255 1316 1310 Sic
1346 1266 1624 1322 congruus
1667 1255 1723 1302 et
1782 1245 1960 1299 iniens
2000 1244 2057 1296 in

490 1353 725 1424 singulis
746 1367 925 1407 annus
948 1346 1377 1419 investigabitur.

493 1634 678 1689 Altera
726 1633 886 1697 ratio,
929 1647 1035 1701 qua
1096 1643 1266 1683 annus
1314 1625 1465 1690 solis,
1514 1622 1676 1686 (ante,
1733 1628 1825 1674 aut
1871 1617 2059 1673 bisexti

1114 1708 1443 1753 numeratur.

559 1812 747 1869 XVIII.
781 1812 968 1869 Potest
1002 1821 1056 1867 et
1098 1812 1203 1866 alio
1239 1808 1402 1865 modo
1432 1806 1578 1862 istud
1619 1804 1871 1860 inveniri.
1921 1800 2056 1857 Nam
2089 1848 2133 1909 Β

490 1907 539 1963 si
572 1908 695 1978 quis
726 1919 997 1963 summam
1028 1905 1177 1959 illam
1208 1915 1475 1957 annorum
1496 1898 1660 1963 6,!55
1680 1912 1776 1968 per
1797 1895 1901 1951 5'52
1920 1893 2056 1950 divi-

490 2000 604 2062 dat,
649 1998 870 2054 habebit
916 1998 1161 2067 integras
1191 1992 1449 2066 periodos
1491 1990 1743 2045 undecim
1786 2000 2051 2043 annorum

489 2089 615 2154 552,
642 2096 696 2143 et
727 2105 792 2143 ex
823 2087 1144 2144 duodecima
1176 2100 1351 2140 annos
1378 2083 1506 2138 28L
1534 2080 1647 2136 Hos
1671 2081 1719 2135 si
1762 2094 1858 2149 per
1883 2091 2054 2134 xxvm

490 2180 655 2235 simili
688 2180 903 2234 ratione
936 2177 1007 2233 ad
1042 2174 1463 2246 consequendos
1498 2186 1671 2226 annos
1705 2170 1839 2225 solis
1863 2166 2054 2222 distri-

491 2271 623 2325 buat
658 2288 672 2322 :
709 2269 794 2323 vel
830 2283 929 2338 per
975 2282 1090 2330 xix,
1143 2267 1214 2321 ob
1264 2265 1510 2319 lunarem
1558 2275 1759 2315 annum
1804 2257 1938 2312 :vel
1977 2271 2052 2321 iv,

490 2361 562 2416 οἰ
635 2361 947 2426 bisextum;
1004 2358 1196 2413 borum
1255 2354 1570 2426 singillatim
1627 2352 1894 2405 labentem
1955 2347 2056 2403 de-

492 2447 624 2519 poh
660 2448 787 2502 nlet
856 2461 1079 2502 annum.
1144 2445 1433 2514 Caeterum;
1477 2455 1737 2495 numerus
1791 2437 1894 2492 iste
1951 2436 2057 2491 552

491 2555 759 2593 annorum
807 2537 867 2592 ﬁt
917 2535 1100 2591 ductis
1155 2534 1210 2589 in
1274 2549 1335 2591 se
1391 2543 1581 2588 mutuo
1626 2532 1768 2585 lunae
1806 2543 1871 2583 ac
1921 2528 2056 2583 solis

491 2631 674 2685 anuis.
715 2627 850 2683 Nam
879 2629 996 2684 sive
1030 2642 1126 2682 xix
1161 2641 1334 2681 annos
1371 2640 1467 2695 per
1502 2638 1671 2677 xxvm
1703 2619 2051 2689 multiplices.

490 2723 607 2779 sive
636 2723 735 2777 hos
773 2736 870 2791 per
903 2721 1049 2780 illos,
1099 2732 1385 2773 numerum
1413 2715 1664 2771 eumdem
1698 2712 1899 2769 ellicies
1929 2711 2052 2767 552.

494 2813 586 2868 Sic
609 2813 775 2881 igitur
798 2811 1067 2881 patefacta
1095 2810 1329 2871 ratione.
1351 2823 1457 2879 qua
1484 2806 1539 2861 in
1562 2806 1721 2861 annis
1737 2805 1804 2860 ab
1824 2804 2055 2866 Adamo.

491 2908 585 2977 qui
625 2912 754 2961 sunt
792 2905 987 2969 6,I55;
1021 2911 1076 2959 et
1111 2904 1167 2958 in
1199 2902 1516 2958 duodecima
1545 2900 1792 2972 periodo,
1840 2897 1943 2953 hoc
1972 2907 2058 2953 est

493 2998 550 3051 in
597 2998 759 3052 annis
804 2997 924 3064 ejus
958 2995 1085 3059 281,
1122 2999 1431 3049 currentem
1472 3006 1674 3046 annum
1708 2991 1864 3055 solis,
1890 2990 2054 3054 lunae,

491 3103 559 3142 ac
632 3088 829 3142 bisexti
905 3098 1239 3157 cognoscere
1311 3098 1664 3154 possumus;
1736 3079 2058 3151 exponenda

493 3177 751 3247 deinceps
798 3175 1084 3232 methodus
1147 3182 1253 3240 est,
1309 3189 1408 3245 per
1453 3188 1641 3244 quam,
1695 3170 1845 3242 quod
1897 3178 2128 3260 caputc

493 3276 599 3333 est,
634 3268 889 3324 introitus
921 3266 1252 3337 jejuniorum
1285 3265 1429 3348 diem
1456 3279 1522 3321 ac
1547 3261 1965 3320 resurrectionis
2005 3262 2060 3316 in

492 3361 681 3417 eodem
716 3374 924 3415 canone
947 3357 1433 3429 deprehendemus.

494 3639 903 3695 Demonstratur
930 3655 1036 3709 qua
1066 3638 1270 3693 ratione
1302 3636 1509 3692 Pascha
1533 3637 1815 3707 quotannis
1844 3651 2061 3705 compu-

906 3708 1014 3763 tari
1037 3724 1103 3764 ea:
1125 3709 1219 3763 illo
1240 3723 1437 3763 canone
1462 3708 1648 3778 possit.

571 3880 711 3937 XIX.
742 3880 845 3937 Ubi
878 3897 975 3952 per
1003 3882 1176 3947 illam,
1211 3897 1374 3952 quam
1402 3897 1569 3954 supra
1600 3882 1837 3940 dilucide
1866 3898 2063 3954 propo-

496 3970 745 4037 suimus,
793 3971 1146 4043 computandi
1211 3971 1561 4038 methodum,
1606 3981 1714 4027 tam
1765 3974 2060 4030 instantem

495 4077 701 4116 annum
747 4062 891 4116 luna:
943 4061 1215 4132 repereris
1265 4061 1379 4133 (ut,
1409 4062 1641 4132 exempli
1675 4078 1878 4129 causa,
1910 4063 2062 4119 deci-

495 4168 646 4208 mum
703 4155 953 4224 quintum
1009 4153 1167 4224 1'77
1223 4153 1470 4223 proxime
1512 4151 1798 4210 futurum:
1845 4156 1935 4209 hic
1980 4162 2066 4211 est

494 4247 662 4311 enim,
693 4246 747 4300 in
779 4260 889 4315 quo
927 4245 1168 4300 salutare
1196 4243 1407 4299 Pascha
1448 4253 1740 4315 peragetur
1779 4246 1848 4301 ab
1883 4247 1948 4300 iis
1970 4247 2063 4316 qui

494 4335 766 4407 spirituali
812 4336 921 4390 ritu
963 4334 1102 4392 festa
1145 4335 1467 4406 celebrant),
1502 4350 1667 4405 quam
1707 4337 1841 4391 solis
1872 4335 2063 4392 simili-

495 4438 579 4483 ter
610 4434 952 4497 sequentem.
984 4434 1179 4498 utputa
1218 4427 1475 4498 primum,
1508 4442 1668 4497 quem
1700 4428 1943 4498 proxime
1972 4444 2067 4484 su-

1481 404 1573 459 AD
1609 398 1878 458 EUSEBII
1914 386 2309 451 CHRONICON
2350 376 2713 437 APPENDIX.

2089 516 2136 570 Α
2160 502 2365 568 ταύτης
2397 496 2654 559 τοσαῦτα,
2683 490 2863 551 καθὼς
2901 488 3056 559 ἔφην,
3080 482 3240 539 εἰσίν.
3273 479 3433 570 Οὕτω
3462 475 3646 570 Gestat
3677 475 3738 531 τδ

3601 363 3736 418 1236

2156 592 2251 648 τοῦ
2283 567 2530 662 βισέξτου
2552 586 2639 640 διὰ
2662 582 2755 638 τοῦ
2799 584 2880 644 εἰς
2916 574 3166 650 τετράδα.
3200 572 3299 627 Διὰ
3336 569 3454 641 γὰρ
3484 567 3588 638 τῆς
3615 568 3740 662 dva-

2157 660 2363 749 λὺσεως
2431 684 2540 737 τῶν
2585 679 2692 734 ἀπὸ
2753 675 2926 745 Ἀδὰμ
2966 671 3104 725 ἑτῶν
3153 666 3485 739 γινώσκεται
3533 660 3739 714 τούτων

2157 782 2386 835 ἕκαστον
2432 777 2607 829 ἐκεῖνο
2655 768 2839 840 σαφῶς
2887 765 3129 836 ὑπάρχον
3179 761 3243 814 τὺ
3294 756 3586 828 ἰσάριθμον
3630 753 3741 807 τῶν

2159 869 2613 939 ὑπολειπομένων
2654 863 2825 917 ὲτῶνο
2854 854 2986 922 οἷον,
3032 858 3083 909 εἰ
3124 855 3222 924 μὲν
3255 851 3313 906 ἓν
3355 849 3629 920 άπομένοι
3655 846 3741 939 διὰ

2156 963 2257 1033 τῆς
2292 963 2372 1025 εἰς
2416 938 2528 1029 κη’,
2581 955 2615 1026 ἢ
2657 953 2742 1017 ιϐ’,
2786 952 2819 1023 ἢ
2858 950 2938 1013 εἰς
2979 946 3211 1017 τετράδα
3258 940 3607 1002 ἀναλύσεως’
3659 938 3742 991 ὅτι

2158 1028 2374 1125 πρῶτόν
2405 1028 2522 1103 ἐστι
2561 1047 2623 1101 τὸ
2664 1043 3008 1112 ἐνιστάμενον
3047 1037 3144 1092 τοῦ
3182 1035 3355 1106 ἡλίου,
3378 1033 3414 1105 ἢ
3448 1030 3553 1101 τῆς
3587 1028 3743 1101 σελή-

2157 1123 2274 1216 νης,
2314 1144 2347 1214 ἢ
2400 1141 2496 1195 τοῦ
2538 1137 2781 1210 βισὲξτου
2824 1133 2965 1189 κατὰ
3026 1130 3183 1201 τήνδε
3248 1127 3346 1197 τὴν
3415 1123 3742 1216 ἐπινέμησιν

2157 1213 2274 1298 ἔτος
2296 1251 2308 1263 ·
2339 1213 2390 1285 εἰ
2423 1232 2479 1284 δὲ
2508 1230 2620 1293 δύο,
2648 1229 2729 1280 ὅτι
2757 1226 3008 1295 δεύτερον
3028 1237 3042 1250 ·
3071 1218 3212 1272 οὑτω
3230 1218 3287 1271 δὲ
3306 1218 3403 1270 καὶ
3430 1220 3504 1282 γ’,
3537 1213 3633 1265 ἐὰν
3658 1218 3704 1280 γ’
3724 1226 3738 1240 ⁸

2158 1325 2253 1378 καὶ
2284 1322 2518 1392 καθεξῆς
2548 1318 2707 1390 μέχρι
2733 1315 2839 1369 τῶν
2875 1311 3037 1384 κη’,ἢ
3065 1310 3148 1374 ιθ¹,
3179 1307 3342 1380 ἢτῶν
3369 1305 3414 1358 δ’
3441 1303 3602 1358 ἐτῶν.
3636 1302 3743 1356 Καὶ

2156 1413 2299 1468 οὓτω
2340 1413 2403 1466 τὸ
2449 1410 2754 1483 πρόσφορον
2809 1404 2904 1459 καὶ
2938 1399 3286 1471 ἐνιστάμενον
3344 1395 3469 1459 ἔτος
3511 1392 3742 1446 ἑκάστου

2157 1507 2361 1559 τούτων
2384 1500 2817 1572 διαγινώσκεται.

2156 1617 2292 1683 Πῶς
2326 1616 2528 1681 ἄλλως
2558 1613 2626 1667 τὸ
2657 1612 2792 1683 ἔτος
2812 1607 2923 1683 τοῦ
2940 1608 3160 1683 μήλίου,
3178 1601 3424 1683 καζὺτῆς
3449 1596 3740 1663 σελήνης,

2486 1668 2586 1738 καὶ
2638 1682 2744 1735 τοῦ
2769 1668 3073 1744 ’βισέξτου
3122 1668 3456 1744 ψηφίζεται.

2231 1792 2582 1851 mammas
2612 1790 2771 1844 πάλιν
2794 1785 2965 1840 ταῦτα
2988 1782 3245 1855 ψηφίζειν
3274 1781 3368 1835 καὶ
3397 1777 3525 1832 καθ’
3559 1777 3742 1847 ἕτερον

2160 1887 2376 1960 τρόπον.
2397 1888 2458 1939 Εἰ
2480 1885 2586 1953 γάρ
2604 1898 2686 1945 τις
2718 1880 2786 1933 τὰ
2806 1877 2943 1931 αὑτὰ
2979 1875 3149 1947 ,ςρλγ’
3165 1873 3257 1943 έτη
3280 1870 3497 1942 μερίσει
3521 1871 3601 1931 εἰς
3627 1867 3741 1960 φλβί

2158 1958 2275 2048 ἐτη,
2301 1976 2520 2047 εὑρήσει
2561 1977 2629 2025 ια’
2666 1970 2763 2041 μὲν
2774 1967 3067 2048 Δπεριόδους
3088 1964 3195 2018 ἀπὸ
3227 1962 3343 2033 (ρλβ’
3369 1960 3511 2015 ἑτῶν
3540 1958 3735 2013 τετελε-

2163 2043 2381 2137 σμένας,
2405 2043 2501 2135 τὴν
2517 2063 2575 2117 δὲ
2588 2043 3007 2128 δυοκαιδεκάτην
3028 2056 3252 2125 ἔχουσαν
3273 2054 3367 2124 ἔτη
3396 2058 3545 2106 σπα¹.
3561 2051 3739 2106 Ταῦτα

2160 2153 2341 2211 οὖντά
2364 2162 2493 2209 σπα¹
2533 2153 2672 2208 κατὰ
2698 2151 2788 2204 τὸν
2831 2150 3015 2220 ὅμοιον
3059 2146 3257 2218 τρόπον
3282 2148 3363 2208 εἰς
3402 2151 3489 2214 κη’
3529 2142 3618 2196 διὰ
3654 2140 3741 2195 τὸν

2158 2244 2331 2315 ἥλιον,
2367 2243 2400 2314 ἢ
2425 2244 2504 2305 εἰς
2540 2240 2604 2294 ιθ’
2634 2239 2721 2292 διὰ
2750 2237 2845 2310 τὴν
2870 2236 3123 2307 σελήνην,
3154 2236 3232 2297 εἰς
3264 2234 3510 2305 τέσσαρα
3536 2231 3622 2284 διὰ
3654 2231 3739 2284 τὸν

2163 2336 2399 2407 βίσεξτον
2430 2332 2776 2405 μεριζόμενα,
2806 2328 3008 2382 τούτων
3046 2327 3273 2380 ἑκάστου
3298 2326 3360 2378 τὸ
3394 2324 3739 2394 ἐνιστάμενον

2160 2430 2279 2493 ἔτος
2308 2429 2450 2481 ποιεῖ
2486 2426 2704 2487 πάντως
2729 2419 3111 2491 γινώσκεσθαι.
3141 2418 3222 2471 Τὰ
3251 2420 3307 2471 δὲ
3337 2418 3458 2491 (ρλβ’
3482 2417 3576 2487 ἐτη
3604 2414 3738 2469 κατὰ

2163 2518 2478 2590 συμπλοκὴν
2525 2517 2762 2585 γίνονται
2790 2511 2898 2566 τῶν
2942 2528 3003 2565 τε
3025 2512 3122 2581 τῆς
3161 2510 3387 2580 σελήνης
3429 2508 3568 2562 ἐτῶν
3609 2505 3739 2578 πρὸς

2160 2610 2230 2664 τὰ
2255 2610 2348 2663 τοῦ
2384 2609 2557 2681 ἡλίου,
2590 2605 2812 2660 καὶτῶν
2859 2603 3049 2657 τούτου
3076 2602 3210 2674 πρὸς
3245 2601 3316 2654 τὰ
3347 2599 3584 2669 ἐκείνης.
3620 2597 3737 2681 Εἴτε

2161 2702 2270 2771 γὰρ
2318 2701 2388 2754 τὰ
2424 2700 2489 2753 ιθ¹
2525 2702 2636 2762 τοῖς
2668 2704 2754 2768 κη’
2794 2695 3138 2755 συντεθῶσιν,
3169 2693 3279 2746 εἴτε
3322 2692 3392 2745 τὰ
3430 2700 3518 2764 κη’
3549 2694 3656 2753 τοῖς
3676 2674 3736 2742 ιϐ’

2163 2791 2541 2862 συμπλακῶσι,
2573 2789 2663 2842 τὸν
2690 2787 2921 2859 ἀριθμὸν
2954 2785 3062 2840 τῶν
3096 2784 3216 2854 (ρλβ’
3253 2782 3387 2835 ἐτῶν
3442 2777 3739 2851 ὲκπληροῦσ

2165 2899 2269 2937 σιν.
2318 2882 2501 2945 Οὖτως
2554 2876 2647 2933 οὖν
2681 2877 2979 2947 δειχθέντος
3025 2876 3115 2929 διά
3158 2893 3217 2928 τε
3263 2874 3372 2927 τῶν
3426 2873 3537 2926 ἀπὸ
3574 2869 3740 2940 Ἀδὰμ

2164 2973 2321 3037 ἑτῶν,
2346 2973 2510 3043 ἥγουν
2535 2971 2642 3023 τῶν
2674 2968 2847 3040 ,ςρλγ’
2878 2968 2965 3021 διά
2985 2984 3043 3020 τε
3072 2967 3171 3036 τῆς
3203 2963 3509 3033 ἐνεστώσης
3528 2963 3737 3015 δυοκαι-

2162 3064 2393 3135 δεκάτης
2445 3061 2717 3134 περιόδου,
2751 3060 2997 3114 τουτέστι
3044 3058 3153 3112 τῶν
3208 3065 3354 3121 σπα’,
3405 3056 3504 3109 τοῦ
3538 3054 3736 3127 τρόπου

2164 3153 2286 3208 καθ’
2314 3154 2373 3208 ὃν
2403 3155 2463 3207 τὸ
2485 3153 2835 3224 ἐνιστάμενον
2857 3151 2948 3204 τοῦ
2976 3168 3037 3204 τε
3068 3149 3222 3221 ἡλίου
3250 3149 3469 3217 καὶτῆς
3493 3146 3733 3216 σελήνης.

2162 3245 2256 3298 καὶ
2285 3244 2381 3298 τοῦ
2423 3244 2664 3315 βισέξτου
2688 3243 2808 3306 ἔτος
2849 3241 3207 3310 γινώσκεταιτ
3245 3240 3516 3312 προσήκει
3560 3235 3736 3290 λοιπὸν

2160 3334 2433 3400 ὑποδεῖξαι
2463 3335 2560 3405 τὴν
2592 3334 2827 3405 μέθοδον,
2850 3334 2907 3400 ἐξ
2931 3329 2998 3405 ἦς
3030 3333 3129 3403 τὴν
3159 3331 3507 3403 κυριωτάτην
3531 3328 3735 3399 ἡμέραν

2158 3426 2257 3496 τῆς
2283 3426 2692 3497 παρεισόάσεως
2730 3426 2824 3479 καὶ
2860 3427 2958 3497 τῆς
2983 3423 3331 3486 ἀναστάσεως
3370 3424 3438 3475 ἐκ
3466 3420 3618 3475 τοῦδε
3645 3415 3735 3471 τοῦ

2162 3518 2408 3571 κανονίου
2434 3517 2714 3587 συντόμως
2744 3515 3068 3569 καταλαϐεῖν
3102 3514 3170 3569 ⁷⁵.

2174 3629 2507 3696 Ἀπόδειξις
2549 3630 2657 3683 τοῦ
2704 3631 2949 3697 τρόπου,
3004 3628 3132 3681 καθ’
3166 3627 3238 3681 ὄν
3284 3643 3385 3697 nc,
3415 3625 3498 3697 τὸ
3531 3622 3736 3697 Πεισχο

2230 3703 2361 3754 καθ’
2392 3694 2652 3754 ἓκὰστον
2692 3694 2825 3755 ἕξοι·
2866 3698 3142 3768 ψηφίζειν
3180 3698 3250 3751 ἐκ
3293 3694 3472 3750 τοῦδε
3507 3694 3612 3748 τοῦ
3639 3706 3736 3745 κα-

2228 3770 2435 3824 νονίου
2462 3768 2808 3838 δυνήσεται.

2231 3879 2335 3936 ῙΘ’.
2377 3878 2778 3949 Εὑρισκομένου
2827 3877 3005 3932 τοίνυν
3045 3877 3134 3931 διὰ
3165 3876 3267 3947 τῇς
3303 3877 3569 3950 εὑκρινῶς
3602 3874 3735 3927 ἀνωο

2165 3972 2309 4044 τέρω
2349 3970 2607 4043 ρηθείσης
2641 3970 2822 4040 ψήφου
2861 3969 2956 4023 τοῦ
2990 3986 3048 4022 τε
3078 3969 3371 4032 ἐνεστῶτος
3395 3970 3497 4040 τῆς
3519 3967 3736 4037 σελήνης

2163 4062 2314 4127 ἔτους
2360 4061 2516 4134 (φέρε
2562 4062 2735 4114 εἰπεῖν
2774 4060 2849 4123 ὡς
2890 4060 2982 4113 ἐπὶ
3026 4058 3121 4113 τοῦ
3175 4060 3400 4112 εἰσιέναι
3460 4059 3735 4131 μέλλοντος

2164 4155 2642 4209 πεντεκαιδεκάτου
2665 4168 2678 4181 ⁸
2700 4151 2857 4206 τοῦτο
2877 4152 2985 4222 γὰρ
3025 4152 3257 4225 ὑπάρχει
3288 4152 3349 4205 τὸ
3389 4153 3448 4205 ὲν
3479 4145 3524 4220 ᾧ
3564 4147 3734 4223 μέλλει

2163 4246 2225 4300 τὸ
2256 4247 2521 4317 σωτήριον
2549 4244 2740 4315 Πάσχα
2764 4242 3035 4298 τελεῖσθαι
3055 4246 3168 4308 τοῖς
3203 4243 3589 4315 πνευματικῶς
3615 4241 3734 4311 ἑορ-

2163 4336 2472 4409 τάζουσιν)ο
2500 4331 2619 4390 εἶτα
2666 4335 2829 4390 πάλιν
2887 4335 2982 4389 καὶ
3037 4333 3129 4387 τοῦ
3182 4334 3406 4389 εἰσιέναι
3460 4333 3734 4406 μέλλοντος

2165 4430 2317 4495 ἔτους
2364 4431 2463 4502 τῆς
2514 4428 2740 4500 σελήνης
2777 4429 2825 4460 ⁷⁸
2870 4427 3294 4496 γινωσκομένου,
3344 4426 3590 4480 τουτέστι
3641 4418 3730 4476 τοῦ

494 4534 621 4575 mus
660 4520 959 4591 ingressuri
1010 4538 1024 4574 :
1067 4535 1249 4589 quaere
1294 4518 1349 4573 in
1399 4518 1590 4574 dextro
1636 4520 1862 4575 canonis
1897 4520 2063 4576 latere

2167 4521 2415 4595 πρώτου·
2443 4521 2601 4575 τοῦτο
2641 4519 2749 4589 γάρ
2796 4519 2912 4572 ἐστι
2960 4517 3021 4572 τὸ
3053 4518 3432 4591 εἰσερχόμενον
3452 4535 3466 4549 σ
3497 4518 3577 4571 δεῖ
3598 4510 3733 4568 κατὰ

495 4625 712 4665 versum
754 4609 808 4664 in
849 4624 958 4679 quo
990 4609 1133 4665 idem
1182 4610 1272 4664 ille
1320 4626 1499 4665 annus
1543 4610 1790 4665 decimus
1837 4610 2064 4681 quintus

495 4700 774 4770 ascriptus
834 4707 920 4757 est
969 4720 981 4754 :
1027 4714 1092 4755 ac
1134 4700 1179 4755 si
1225 4700 1367 4755 diem
1416 4701 1595 4770 ipsum
1645 4702 2067 4759 resurrectionis

495 4804 662 4861 nosse
692 4788 877 4852 libeat,
910 4788 1237 4859 quarendus
1276 4799 1361 4844 est
1398 4787 1681 4846 Romanus
1716 4792 1939 4855 mensis,
1970 4794 2064 4862 qui

495 4897 562 4936 ex
592 4881 823 4937 adverso
863 4880 1059 4936 decimi
1090 4881 1264 4950 quinti
1305 4882 1433 4936 anni
1472 4882 1681 4938 lunaris
1719 4884 1774 4939 in
1816 4885 2065 4955 proximo

495 4984 629 5028 rotae
659 4988 869 5028 canone
897 4973 1038 5028 situs
1058 4980 1143 5029 est
1176 4992 1188 5026 :
1216 4990 1374 5043 quem
1403 4973 1640 5043 Aprilem
1667 4990 1789 5030 esse
1807 4977 2061 5045 reperies.

496 5063 622 5120 Mox
685 5064 754 5118 ad
828 5064 1078 5120 eumdem
1147 5063 1513 5119 adhaerentem
1574 5065 1762 5131 diem,
1813 5068 2068 5123 videlicet

496 5157 772 5212 Kalendas
821 5157 1066 5228 colliges,
1118 5158 1377 5227 quoniam
1423 5155 1641 5228 quidem
1686 5159 1743 5213 in
1796 5158 2067 5215 Kalendas

499 5250 712 5320 Apriles
749 5250 881 5305 luna
918 5265 1011 5304 xlv
1050 5247 1261 5304 Judaici
1299 5246 1466 5303 Nisan
1503 5249 1705 5304 incidet
1752 5266 1895 5306 anno
1926 5252 2067 5307 lunae

499 5357 587 5394 xv.
621 5342 701 5397 Ad
745 5342 892 5396 hunc
937 5341 1171 5411 primum
1209 5339 1411 5410 Aprilis
1452 5340 1593 5394 diem
1634 5339 1893 5398 addenda:
1940 5352 2070 5399 sunt

497 5437 700 5496 epnctaa
735 5431 983 5501 proxime
1013 5430 1294 5500 sequentis
1330 5429 1459 5483 anni
1504 5430 1657 5492 solis,
1687 5447 1846 5501 quem
1882 5435 2066 5502 proxi-

501 5532 645 5571 mum
686 5534 811 5574 esse
864 5518 1106 5575 diximus
1152 5538 1166 5574 :
1211 5535 1288 5575 ea:
1315 5528 1442 5575 sunt
1476 5536 1572 5586 vn,
1606 5520 1673 5574 ad
1702 5522 1938 5592 primum
1976 5539 2069 5578 an-

503 5620 631 5659 num
660 5609 791 5663 solis
827 5610 1114 5664 adnotatze.
1147 5608 1225 5664 Ita
1268 5610 1460 5666 divisis
1487 5627 1586 5665 vui
1621 5627 1717 5682 per
1753 5629 1853 5679 vn,
1895 5614 2066 5671 relin-

577 5762 623 5797 "
653 5762 806 5817 Deest
834 5765 1194 5836 δυνησόμεθα.
1273 5768 1318 5801 ’θ
1352 5764 1474 5821 ΓΜ,
1505 5766 1677 5836 ἡλίου.

2167 4612 2320 4678 τάξιν
2344 4611 2548 4666 ἐπιδεῖν
2574 4614 2633 4665 ὲν
2661 4611 2739 4682 τῷ
2769 4609 2926 4682 δεξιῷ
2956 4610 3111 4681 μέρει
3143 4609 3239 4663 τοῦ
3281 4609 3527 4664 κανονίου
3552 4607 3613 4660 τὸ
3645 4620 3731 4659 σε·

2171 4710 2355 4773 λίδιον,
2380 4711 2437 4762 ὲν
2470 4701 2515 4776 ᾧ
2537 4706 2984 4777 καταγέγραπται
3006 4705 3067 4759 τὸ
3100 4702 3233 4759 αὑτὸ
3256 4699 3729 4756 πεντεκαιδέκατον

2166 4801 2304 4864 ἔτος.
2335 4800 2443 4854 Καὶ
2467 4802 2516 4853 εἰ
2551 4798 2650 4870 μὲν
2686 4798 2855 4869 αὐτὴν
2877 4797 2975 4868 τὴν
2997 4794 3362 4864 ἀναστάσιμον
3386 4792 3577 4864 ἑορτὴν
3604 4783 3730 4841 εἰδέα

2164 4911 2252 4947 ναι
2279 4893 2527 4963 θέλομεν,
2562 4891 2653 4945 τὸν
2677 4892 2795 4944 κατ’
2836 4890 2965 4944 εὑθὺ
2996 4887 3090 4942 τοῦ
3127 4885 3609 4940 πεντεκαιδεκάτου
3638 4877 3728 4948 τῆν

2170 4984 2400 5056 σελήνης
2431 4984 2681 5054 κείμενον
2728 4981 2882 5046 ἔτους
2939 4979 3245 5051 Ῥωμαϊκὸν
3280 4978 3428 5049 μῆνα
3470 4971 3729 5047 ζητοῦμεν

2169 5078 2228 5129 ὲν
2270 5076 2349 5147 τῷ
2389 5075 2739 5147 πλησιάζοντι
2784 5073 2862 5145 τῷ
2898 5072 3075 5146 τροχῷ
3098 5069 3329 5140 κανονίῳ
3353 5085 3367 5100 ο
3418 5069 3511 5122 καὶ
3550 5064 3729 5119 τοῦτον

2169 5165 2511 5236 εὑρίσκοντες
2545 5162 2815 5235 Ἀπρίλιον
2839 5164 2986 5226 ὄντα,
3016 5161 3113 5233 τὴν
3152 5158 3559 5231 παρακειμένην
3589 5147 3730 5220 αὑτῷ

2171 5252 2450 5318 ποσταίαν,
2472 5255 2637 5324 ἧγουν
2667 5254 2765 5326 τὴν
2784 5252 3005 5325 πρώτην
3028 5250 3337 5323 κρατοῦμεν
3356 5267 3369 5281 ·
3394 5247 3578 5318 ἐπειδὴ
3595 5238 3729 5299 κατὰ

2169 5343 2373 5413 ταύτην
2389 5344 2487 5414 τὴν
2516 5343 2738 5415 πρώτην
2763 5342 2856 5396 τοῦ
2897 5342 3170 5414 Ἀπριλίου
3197 5341 3363 5412 μηνὸς
3386 5343 3419 5410 ἡ
3442 5341 3505 5394 δι’
3527 5337 3726 5407 γίνεται

2168 5435 2262 5489 τοτε
2290 5436 2542 5505 φέγγους,
2577 5436 2741 5508 ἦγουν
2774 5434 2868 5487 τοῦ
2901 5434 3113 5506 πρώτου
3147 5432 3269 5486 καθ’
3311 5430 3592 5502 Ἐϐραίους
3632 5438 3725 5494 μηδ

2171 5526 2280 5593 νὸς,
2321 5526 2463 5595 λέγω
2498 5527 2564 5598 δὴ
2607 5527 2701 5581 τοῦ
2744 5526 2938 5580 Νισάν.
2972 5525 3128 5579 Κατὰ
3154 5524 3216 5577 τὸ
3254 5524 3388 5576 αὑτό
3421 5530 3483 5576 ει¹
3508 5522 3623 5583 ἔτος
3647 5511 3723 5568 ἀεὶ

2172 5618 2269 5690 τῆς
2316 5618 2544 5691 σελήνης
2580 5619 2673 5672 καὶ
2721 5617 3059 5688 ἐμϐάλλομεν
3094 5618 3230 5687 αὐτῇ
3281 5618 3347 5686 τῇ
3404 5613 3590 5686 πρώτῃ
3640 5601 3724 5658 τοῦ
