4106 6468
419 412 559 469 1257

1224 413 1284 472 S.
1322 413 1573 470 MAXlMl
1613 413 1977 471 MARTYRIS
2009 415 2390 475 COMPUTUS
2428 414 2866 473 E'CCLESIAST.

3518 417 3657 473 1238

431 525 708 599 Ἀπριλίου
729 526 827 590 τὰς
842 527 1082 591 ἔπακτὰς
1100 526 1194 582 τοῦ
1215 529 1440 584 εἰσιέναι
1455 530 1739 601 μέλλοντος
1768 532 1994 604 ἡλιακοῦ

2097 535 2289 605 quitur
2322 550 2365 600 ιι,
2395 549 2462 590 ex
2497 549 2607 602 qua
2649 532 2841 587 feriam
2873 534 3257 606 cognoscimus
3298 531 3666 588 Kalendarum

418 617 592 682 ἔτους,
624 617 788 688 ήγουν
823 618 916 671 τοῦ
956 619 1193 691 πρώτου,
1223 621 1314 675 τὸν
1347 621 1575 693 ἀριθμὸν
1601 622 1766 688 οὔσας
1794 624 1858 690 ζ’,
1897 625 1991 680 καὶ

415 712 476 762 ὲν
501 708 651 781 αὐτῷ
674 708 751 782 τῷ
780 709 980 781 πρώτῳ
1010 711 1118 763 ἔτει
1143 711 1237 765 τοῦ
1263 712 1412 783 ἡλίου
1437 715 1986 787 καταγεγραμμένας.

416 799 601 864 Οὕτως
641 797 735 854 οὗν
761 801 858 866 τὰς
890 809 939 872 η’
969 801 1264 874 μερίςομεν
1298 805 1379 867 εἰς
1413 802 1456 869 ζ’
1476 822 1490 836 ·
1523 806 1615 858 καὶ
1640 807 1704 859 ἐκ
1729 807 1828 876 τῆς
1856 806 1990 860 ὑπο-

418 892 824 962 λιμπανομένης
872 895 999 964 μιᾶς
1021 894 1235 964 ἡμέρας
1271 893 1608 966 γινώσκομεν
1634 897 1731 967 τὴν
1765 897 1993 968 ἑϐδομα-

418 981 588 1054 δικὴν,
622 983 699 1045 ob;
718 984 907 1054 πρώτη
940 984 1278 1056 καθέστηκεν
1303 986 1551 1058 ἡπρώτη
1585 986 1678 1040 τοῦ
1719 988 1995 1061 Ἀπριλίου

413 1072 603 1142 μηνὸς,
633 1073 910 1127 τουτέστιν
941 1075 1071 1143 άγία
1106 1077 1356 1151 Κυριακή
1379 1094 1393 1107 ·
1429 1079 1522 1134 καὶ
1548 1079 1612 1130 ἐκ
1652 1077 1856 1149 ταύτης
1884 1079 1996 1132 λοι-

391 1147 511 1242 ξιτδν
542 1168 622 1229 εἰς
668 1167 767 1237 τὴν
802 1167 1060 1221 ἐπιοῦσαν
1088 1147 1251 1237 ἁγίαν
1288 1147 1691 1241 ὑπερτιθέμεθα
1713 1147 1995 1242 Κυριακὴν

392 1213 511 1327 ἦτὴν
543 1213 642 1328 cii;
688 1213 1037 1322 ἀναστάσεως
1074 1213 1268 1330 ἑορτήν
1293 1277 1307 1293 ο
1341 1213 1462 1331 ﬁci;
1495 1213 1672 1333 ηΤτοῦ
1716 1213 1992 1331 Ἀτῐριλίέυ

414 1349 695 1421 προδήλως
725 1352 893 1406 ἐστίν.
942 1352 1160 1425 Ἐπειδὴ
1185 1354 1246 1407 τὸ
1281 1352 1566 1423 Ἐϐραῖκὸν
1605 1352 1818 1423 Πάσχα,
1851 1353 1993 1422 λέγω

411 1440 476 1511 δὴ
501 1440 598 1511 τήν
624 1441 665 1493 δ’
706 1443 799 1494 καὶ
820 1450 851 1494 ι’
880 1441 974 1496 τοῦ
1014 1442 1273 1512 φέγγους,
1300 1445 1467 1515 ’ήγουν
1489 1443 1583 1496 τοῦ
1630 1441 1847 1515 πρώτου
1871 1439 1991 1495 καθ’

424 1530 709 1602 Ἐϐραίους
766 1533 969 1605 μηνὸς,
1044 1534 1389 1607 ὑπερϐαίνειν
1452 1535 1715 1606 προσήκει
1774 1532 1991 1597 πάντως

410 1621 580 1691 ἡμᾶς,
616 1622 723 1676 εἴτε
756 1626 1042 1696 Κυριακῆς
1079 1624 1308 1695 φθάσει,
1342 1624 1479 1697 πρὸς
1503 1625 1602 1697 τὴν
1631 1624 1795 1695 ἄλλην
1827 1623 1989 1693 ἁγίαν

411 1712 699 1785 Κυριακὴν
734 1716 1178 1787 μεταϐαίνοντας,
1201 1718 1311 1772 εἴτε
1327 1719 1605 1789 δευτέρας,
1638 1718 1749 1771 εἴτε
1777 1719 1986 1789 τρίτης,

2096 625 2388 696 A-prili'um,
2418 641 2611 695 nempe
2642 623 2979 679 Dominicam
3008 642 3022 679 :
3052 639 3081 678 a
3122 640 3230 696 qua
3264 624 3318 678 in
3349 632 3665 694 sequentem

2098 717 2435 775 Dominicam
2523 718 2946 774 resurrectionis
3016 719 3259 773 solemne
3306 716 3665 779 diﬂ'unditur,

2097 821 2268 879 quam
2313 807 2661 863 manifestum
2702 818 2786 863 est
2824 817 3071 864 octavam
3108 808 3309 878 Aprilis
3350 823 3473 863 esse
3499 807 3665 862 diem.

2098 897 2211 955 Nos
2241 899 2384 955 enim
2419 898 2629 955 Pascha
2662 898 2995 967 Iudaeorum,
3026 900 3080 955 id
3111 907 3197 956 est
3226 917 3317 958 xiv
3345 902 3519 967 lunae,
3552 900 3668 955 sive

2100 987 2308 1041 mensis
2333 986 2549 1040 illorum
2580 987 2763 1057 primi,
2791 1003 3019 1045 necesse
3049 999 3131 1045 est
3152 991 3561 1052 transcendere.
3601 1005 3667 1045 ac

2101 1075 2149 1131 si
2183 1076 2239 1129 in
2268 1074 2610 1131 Dominicam
2664 1077 2932 1144 incurrat,
2975 1079 3200 1133 alteram
3240 1080 3294 1133 in
3324 1079 3665 1135 Dominieam

2100 1165 2389 1221 transitum
2438 1164 2641 1230 facere,
2685 1167 2800 1222 sive
2857 1168 2912 1220 in
2962 1166 3153 1222 feriam
3201 1170 3518 1235 secundam,
3569 1176 3666 1223 aut

2098 1257 2338 1320 tertiam,
2381 1256 2436 1311 in
2463 1257 2708 1312 eamdem
2738 1257 3013 1313 tranferre
3042 1257 3399 1314 Dominicam.
3432 1259 3588 1327 Quod
3616 1261 3666 1316 si

2100 1347 2340 1405 Sabbato
2373 1365 2464 1403 xiv
2504 1351 2807 1422 contingat,
2848 1352 3110 1422 postridie
3146 1350 3356 1407 Pascha
3390 1353 3502 1418 ﬁet,
3534 1353 3662 1407 luna

2092 1458 2184 1509 xv,
2228 1443 2686 1513 quemadmodum
2737 1458 2862 1498 cum
2919 1459 2948 1499 a
2999 1443 3558 1515 Dominica‘ﬂalteram
3604 1446 3663 1500 in

2091 1532 2430 1589 Dominicam
2474 1534 2813 1601 diﬂ'unditur,
2840 1536 2966 1590 luna
2993 1552 3087 1591 xxi
3137 1536 3358 1591 accidit.
3400 1535 3559 1598 Nam,
3604 1545 3664 1590 ut

2086 1625 2203 1697 jam
2250 1625 2512 1691 diximus,
2565 1642 2674 1681 non
2725 1627 2869 1681 ultra
2911 1637 3165 1698 septenos
3204 1628 3322 1682 dies
3357 1642 3388 1681 a
3433 1623 3663 1682 Iudaico

2095 1716 2364 1774 Paschate
2390 1717 2451 1773 [it
2478 1719 2787 1786 translatio,
2819 1720 2923 1774 hoc
2944 1729 3029 1775 est
3052 1735 3083 1774 a
3112 1735 3203 1775 xiv
3230 1719 3378 1774 luna.

410 1812 493 1875 el;
525 1811 625 1883 τὴν
654 1811 822 1885 αὐτὴν
850 1813 1050 1884 ὁμοίως
1080 1816 1384 1887 Κυριακήν.
1423 1816 1487 1869 Εἰ
1519 1816 1577 1869 δὲ
1605 1815 1888 1886 Σαϐϐάτῳ,
1918 1816 1986 1886 τῇ
2026 1814 2305 1887 ἐπαύριον,
2338 1813 2881 1878 πεντεκαιδεκαταίας
2905 1813 3070 1884 οΰσης
3101 1813 3164 1867 τδ
3221 1812 3519 1886 τηνικαῦτα
3563 1810 3660 1882 δη-

409 1906 542 1980 λαδὴ
580 1910 678 1980 τῆς
722 1909 973 1982 σελήνης.
1002 1912 1211 1983 Ὥσπερ
1255 1906 1347 1965 οὖν
1376 1911 1613 1982 ὁπηνίκα
1639 1910 1802 1965 πάλιν
1840 1909 1949 1963 ἀπὸ
1984 1910 2272 1981 Κυριακῆς
2305 1910 2385 1972 είς
2413 1909 2511 1981 τὴν
2531 1908 2792 1963 ἐπιοῦσαν
2817 1909 2978 1978 ἁγίαν
3023 1908 3307 1981 Κυριακὴν
3363 1905 3660 1979 ποιούμεθα

310 1994 317 1997 “
406 2000 508 2069 τήν
542 2001 852 2072 ὑπέρθεσιν,
884 2003 1075 2057 εἰκάδα
1106 2003 1329 2075 πρώτην
1363 2004 1613 2076 ἐχούσης.
1649 2005 1738 2068 Ὡς
1758 2003 1868 2074 γὰρ
1890 2004 1992 2075 ἤδη
2026 2003 2294 2068 λέλεκται,
2338 2003 2502 2074 μέχρι
2538 2003 2696 2074 μόνον
2720 2003 2764 2068 ζ’
2789 2002 3017 2075 ἡμερῶν
3043 2000 3339 2073 ποιούμεθα
3390 1999 3488 2071 τὴν
3551 2000 3662 2054 ἀπὸ

405 2089 502 2143 τοῦ
553 2090 842 2163 Ἐϐραῖκοῢ
876 2094 1066 2166 Πάσχα
1116 2095 1443 2167 μετάϐασιν·
1476 2098 1646 2168 ἧγουν
1693 2096 1793 2165 τῆς
1825 2095 1868 2148 δ’
1919 2094 2015 2148 xci.
2055 2100 2096 2148 t'-
2141 2093 2236 2149 τοῦ
2287 2093 2554 2165 φέγγους·
2599 2094 2908 2167 περαιτέρω
2942 2092 3001 2147 δὲ
3037 2092 3304 2165 οὐδαμῶς.
3339 2091 3448 2146 Καὶ
3490 2088 3659 2145 ταῦτα

407 2184 510 2254 μὲν
541 2186 664 2256 περὶ
700 2185 792 2238 τοῦ
825 2186 1039 2257 Πάσχα.

405 2300 548 2370 Περὶ
590 2301 704 2371 τῆς
742 2309 775 2357 ι’
817 2303 923 2357 τοῦ
960 2304 1211 2373 ἑϐδόμου

929 2376 1458 2444 καταλαμϐάνεται.

473 2486 560 2540 K'.
595 2487 659 2540 Εἰ
694 2486 751 2540 δὲ
771 2488 870 2558 τὴν
902 2494 930 2541 ι’
952 2486 1046 2540 τοῦ
1078 2486 1197 2541 καθ’
1238 2487 1518 2559 Ἐϐραίους
1550 2487 1777 2558 ἑϐδόμου
1813 2486 1979 2557 μηνὸς

403 2576 605 2646 γνῶναι
632 2576 881 2648 θελήσειέ·
919 2596 1025 2642 τις.
1069 2579 1127 2633 ἐν
1164 2576 1244 2649 τῷ
1268 2577 1590 2650 δεξιωτέρῳ,
1613 2577 1860 2631 τουτέστι
1900 2573 1979 2645 τῷ

404 2669 546 2741 μετὰ
569 2670 630 2723 τὸ
653 2671 845 2742 Πάσχα
866 2670 1328 2743 διαγεγραμμένῳ
1346 2670 1597 2740 κανονίῳ,
1630 2670 1719 2724 τὸν
1748 2666 1981 2740 πλησιάο

401 2761 564 2826 ζοντα
593 2762 673 2834 τῷ
704 2762 853 2834 αὐτῷ
871 2764 970 2835 τῆς
1003 2763 1233 2835 σελήνης
1271 2768 1312 2816 ε’
1334 2764 1428 2818 καὶ
1460 2770 1492 2817 ι’
1525 2762 1636 2816 ἔτει
1675 2760 1978 2833 Ῥωμαϊκὸν

405 2853 555 2925 μῆνα
583 2854 854 2908 σκοπείτω
888 2855 1053 2925 (λέγω
1083 2855 1141 2908 δὲ
1166 2856 1256 2910 τὸν
1283 2853 1675 2928 Σεπτέμϐριον)
1695 2870 1708 2884 ⁸
1745 2854 1839 2907 καὶ
1880 2853 1979 2924 τὴν

399 2943 814 3017 παρακειμένην
841 2946 1006 3000 αὐτοῦ
1037 2948 1302 3001 ποσταίαν
1331 2946 1550 3018 κρατῶν
1590 2953 1675 3000 κα¹
1703 2946 1978 3017 ὑπάρχου-

400 3047 523 3096 σαν,
544 3032 812 3101 γνώσεται
844 3035 963 3106 μὲν,
990 3035 1067 3100 ώς
1094 3039 1214 3090 κατ’
1240 3037 1409 3109 αὑτήν
1440 3039 1586 3090 ἔστιν
1618 3036 1724 3100 ἀεὶ,
1753 3036 1894 3089 κατὰ
1917 3034 1979 3088 τὸ

398 3121 536 3176 αὐτὸ
595 3130 658 3176 ειν
704 3125 802 3196 τῆς
861 3126 1088 3198 σελήνης
1144 3127 1283 3192 ἔτος,
1336 3130 1370 3200 ὴ
1417 3134 1448 3181 ι’
1491 3127 1586 3182 τοῦ
1644 3126 1808 3181 αὑτοῦ
1856 3125 1978 3181 καθ’

412 3212 692 3286 Ἐϐραίους
719 3216 903 3287 μηνός.
928 3219 991 3271 Εἰ
1014 3218 1071 3271 δὲ
1092 3219 1185 3272 καὶ
1204 3219 1303 3289 τήν
1322 3219 1676 3290 ἐϐδομαδικὴν
1694 3218 1976 3291 βουληθείη

400 3305 599 3377 μαθεῖν
632 3308 866 3380 ἡμέραν,
900 3312 965 3382 τῇ
997 3312 1133 3383 αὐτῇ
1160 3312 1254 3366 τοῦ
1288 3311 1660 3384 Σεπτεμϐρίου
1694 3313 1860 3384 μηνὸς
1884 3330 1981 3373 πο-

403 3397 587 3469 σταία,
622 3397 765 3468 λέγω
800 3399 857 3453 δὲ
882 3402 950 3472 τῇ
986 3401 1162 3455 εἰκάδι
1202 3406 1415 3477 πρώτῃ,
1443 3402 1541 3467 τάς
1569 3403 1978 3475 παρακειμένας

1254 2304 1466 2391 μηνὸς,
1515 2303 1641 2370 πῶς
1676 2303 1776 2358 καὶ
1825 2301 1974 2369 αὕτη

2084 2295 2163 2353 De
2190 2294 2636 2368 septimixmensis
2676 2291 2846 2391 die},
2866 2293 3132 2391 'qtiomodo
3169 2296 3330 2351 etiam
3358 2297 3476 2370 ipsa
3515 2315 3658 2369 repe-

2660 2390 2666 2397 -
2773 2366 2972 2423 riatur.

2150 2476 2271 2532 XX.
2308 2477 2370 2532 Si
2410 2469 2640 2548 septimi
2678 2476 2885 2533 mensis
2928 2473 3145 2534 Iudaici
3190 2476 3459 2535 decimum
3515 2478 3657 2538 diem

2080 2584 2247 2626 nosse
2271 2572 2489 2626 studeat
2530 2570 2750 2640 aliquis,
2782 2567 2839 2623 in
2875 2567 3183 2627 dexteriore
3216 2572 3445 2629 canonis
3484 2582 3658 2646 parte,

2080 2681 2202 2737 quae
2252 2662 2540 2719 Paschatis
2587 2662 2841 2719 versibus
2883 2665 3132 2733 proxima
3180 2673 3303 2731 est,
3348 2666 3660 2737 inquiratur

2080 2756 2289 2812 mensis
2316 2753 2600 2811 Romanus
2629 2768 2774 2810 anno
2797 2755 2940 2811 lunae
2968 2756 3161 2826 quinto
3193 2756 3405 2813 decimo
3431 2773 3662 2830 respon-g

2079 2847 2214 2904 dens
2249 2847 2320 2908 (is
2349 2856 2435 2903 est
2484 2844 2850 2916 September),
2886 2862 2995 2902 una
3028 2863 3152 2904 cum
3186 2856 3354 2918 quota
3394 2849 3503 2917 die,
3538 2867 3661 2922 qua

2078 2946 2162 2995 est
2206 2955 2300 2994 xxt
2343 2938 2599 2995 :noverit
2645 2954 2775 3010 ergo
2817 2946 3083 3010 perpetuo
3129 2956 3275 2996 anno
3318 2941 3462 3005 lunae
3491 2960 3561 2999 xv
3600 2944 3658 3001 in

2078 3030 2325 3089 eamdem
2355 3030 2497 3087 diem
2522 3030 2764 3087 incidere
2789 3030 3058 3087 decimam
3088 3032 3232 3089 diem
3261 3033 3475 3091 Judaici
3504 3052 3659 3091 men-

2080 3126 2179 3181 sis.
2210 3122 2365 3189 Quod
2402 3122 2449 3177 si
2485 3121 2674 3177 feriam
2705 3129 2967 3193 praeterea
3000 3124 3270 3195 requirit,
3306 3125 3374 3181 ad
3416 3143 3510 3182 xxi
3554 3126 3659 3183 Se-

2079 3213 2343 3286 ptembris
2382 3212 2661 3284 regulares
2709 3212 3001 3280 addantur,
3050 3214 3142 3284 qui
3176 3215 3355 3271 serico
3401 3216 3469 3271 ad
3500 3217 3657 3272 illum

2078 3306 2223 3363 diem
2271 3304 2649 3370 ascribuntur,
2700 3320 2809 3359 una
2851 3317 2976 3360 cum
3016 3306 3227 3376 epactis
3268 3308 3397 3363 anni
3436 3309 3653 3374 solaris,

2079 3412 2201 3469 qua}
2226 3406 2358 3455 sunt
2402 3405 2635 3469 septem.
2670 3395 2949 3453 Summam
2995 3398 3206 3454 dierum
3250 3417 3421 3457 xxxiv
3450 3401 3658 3457 dividat

398 3487 510 3540 ἀπὸ
545 3487 773 3559 σηρικοῦ
816 3489 1122 3561 προσθετάς
1161 3492 1376 3563 ἡμέρας
1404 3491 1672 3556 ἐπιϐάλοι,
1709 3491 1847 3562 μετὰ
1887 3492 1981 3546 καὶ

2084 3507 2177 3564 per
2206 3506 2307 3557 vn,
2344 3490 2726 3561 relinquentur
2754 3507 2830 3556 Vl,
2863 3506 2985 3561 quae
3016 3491 3262 3546 indicant
3299 3493 3491 3549 feriam
3531 3507 3656 3548 esse

396 3577 509 3631 τῶν
533 3579 786 3634 ὲπακτῶν
808 3580 901 3634 τοῦ
929 3582 1223 3647 ἐνεστῶτος
1256 3583 1405 3656 ἡλίου
1434 3584 1587 3649 ἔτους
1606 3602 1621 3617 ο
1650 3578 1760 3639 οἷον
1785 3585 1861 3649 ώς
1887 3586 1979 3639 ἐπὶ

2084 3597 2157 3647 v1,
2203 3582 2319 3638 sive
2355 3580 2720 3636 Parasceven.
2766 3578 2967 3635 Eadem
3014 3581 3303 3638 methodus
3347 3582 3656 3638 adhibenda

391 3667 492 3722 τοῦ
514 3668 732 3744 πρώτου
760 3669 913 3736 ἔτους
936 3672 1035 3737 τὰς
1058 3672 1103 3738 ζ’
1127 3649 1336 3745 ἡμέρας
1355 3691 1370 3707 ο
1401 3675 1497 3730 καὶ
1517 3676 1660 3730 οὕτω
1698 3674 1798 3740 τὰς
1830 3675 1976 3743 ὅλας,

2084 3673 2244 3728 annis
2275 3672 2560 3739 omnibus,
2613 3687 2736 3742 qua:
2779 3672 2836 3726 in
2882 3672 3067 3728 dextra
3101 3684 3257 3746 parte
3298 3676 3524 3731 canonis
3559 3689 3655 3730 oc—

391 3761 566 3831 ἦγουν
595 3762 694 3826 τάς
730 3763 824 3830 λδν,
858 3769 938 3830 εἰς
972 3767 1070 3832 τὰς
1101 3767 1143 3832 ζ’
1180 3770 1413 3842 μερίσει,
1453 3769 1549 3823 καὶ
1592 3771 1658 3823 ὲκ
1707 3770 1815 3823 τῶν
1842 3770 1976 3822 ὑπο-

2084 3771 2314 3818 currunt
2347 3781 2363 3819 :
2396 3763 2512 3819 sive
2541 3764 2665 3833 quis
2689 3777 2782 3817 xiv
2805 3763 2969 3833 primi
3007 3764 3215 3821 mensis
3247 3762 3458 3820 Iudaici
3490 3779 3655 3821 nosse

396 3852 812 3926 λιμπανομένων
860 3857 919 3923 ἐξ
963 3859 1248 3933 ἰσάριθμον
1293 3861 1499 3916 εἵσεται
1549 3863 1767 3922 πάντως
1809 3857 1974 3916 οὖσαν

2084 3858 2252 3922 velit,
2287 3858 2404 3912 sive
2432 3873 2465 3911 x
2510 3856 2718 3913 mensis
2767 3856 3004 3928 septimi.
3039 3857 3192 3914 Hanc
3231 3873 3396 3929 porro
3438 3858 3655 3929 septimi

388 3945 495 4016 ’τὴν
526 3945 902 4021 ἔϐδομαδικὴν,
937 3952 1182 4006 τουτέστι
1216 3954 1594 4026 Παρασκευήν.
1621 3954 1780 4008 Κατὰ
1802 3951 1975 4006 ταῦτα

2084 3948 2288 4005 mensis
2320 3964 2357 4003 x
2385 3947 2531 4003 diem
2565 3963 2675 4002 non
2708 3954 2843 4012 tam,
2874 3949 3018 4018 quod
3063 3950 3120 4004 in
3149 3966 3212 4005 ea
3253 3951 3498 4007 solemne
3526 3965 3654 4021 per-

390 4034 453 4092 δὲ
482 4041 744 4111 χρήσεταί
782 4060 866 4107 τις
910 4045 1004 4099 καὶ
1033 4046 1117 4115 ἐφ’
1155 4047 1371 4119 ἑκάστῳ
1412 4047 1521 4102 ἔτει
1547 4047 1654 4103 τῶν
1681 4049 1747 4103 ἔκ
1782 4046 1971 4112 δεξιῶν

2084 4053 2308 4110 agamus
2347 4038 2518 4093 ullum
2554 4037 2703 4110 (non
2732 4038 2873 4093 enim
2922 4039 3032 4093 ullo
3062 4039 3226 4096 modo
3271 4040 3573 4098 celebratur
3622 4056 3656 4097 a

393 4132 745 4201 τεταγμένων
795 4134 889 4188 τοῦ
935 4138 1212 4191 κανονίου·
1262 4138 1585 4210 βουλόμενος
1626 4138 1819 4210 μαθεῖν
1861 4139 1972 4192 εἴτε

2084 4130 2279 4202 nobis),
2308 4145 2472 4201 quam
2514 4137 2574 4186 ut
2604 4145 2793 4186 eorum
2829 4130 3011 4187 studio
3050 4131 3511 4200 satisfaceremus,
3559 4135 3653 4205 qui

393 4220 492 4293 τῂν
520 4223 563 4276 δ’
591 4226 686 4279 καὶ
720 4232 752 4280 ι’
784 4228 881 4281 τοῦ
919 4228 1039 4282 καθ’
1084 4228 1368 4301 Ἑϐραίους
1393 4229 1611 4302 πρώτου
1648 4230 1833 4301 μηνὸς,
1865 4229 1973 4282 εἴτε

2084 4225 2215 4281 nihil
2276 4225 2531 4296 ignorare
2580 4225 2808 4291 volunt,
2856 4225 3270 4281 describendam
3318 4228 3649 4299 putavimus.

391 4313 491 4384 τὴν
522 4313 616 4368 τοῦ
648 4315 873 4393 ἑϐδόμου
907 4318 1160 4390 δεκάτην,
1190 4321 1377 4392 ἥντινα
1409 4329 1439 4374 ι’
1466 4320 1560 4376 τοῦ
1593 4321 1819 4391 ἑϐδόμου
1863 4338 1970 4391 μη-

2084 4315 2360 4372 Hactenus
2385 4315 2451 4371 de
2479 4314 2672 4370 dextra
2704 4314 2932 4370 canonis
2956 4323 3132 4385 parte.

391 4404 480 4471 νὸς
504 4407 565 4459 οὐ
588 4406 809 4479 τελετῆς
832 4409 1028 4479 μᾶλλον
1054 4413 1134 4476 εἰς
1157 4413 1323 4484 αὐτὴν
1348 4413 1643 4486 γινομένης
1666 4416 1799 4486 ἡμῖν
1827 4413 1969 4485 (οὐδὲ
2003 4408 2114 4481 γὰρ
2146 4407 2380 4461 τελεῖται
2433 4407 2495 4460 τὸ
2542 4405 2779 4476 σύνολον)
2828 4406 3219 4478 διεγράψαμεν,
3276 4406 3310 4479 ἢ
3343 4406 3450 4462 τῶν
3501 4406 3653 4464 οὐδέν

387 4496 603 4563 ἀγνοεῖν
628 4496 887 4553 θελόντων
915 4501 1074 4573 χάριν
1103 4504 1480 4576 φιλομαθείας.
1503 4506 1689 4561 Ταῦτα
1717 4506 1813 4560 καὶ
1838 4504 1968 4576 περὶ
2003 4501 2114 4556 τῶν
2138 4502 2204 4554 ὲκ
2224 4498 2412 4567 δεξιῶν
2438 4496 2533 4552 τοῦ
2562 4497 2808 4554 κανονίου
2837 4497 3123 4570 κειμένων.

389 4612 547 4694 Περὶ
575 4613 689 4683 τῆς
711 4614 868 4694 ’τώγ’
901 4618 1084 4687 ἁγίων
1138 4622 1443 4694 νησζτειῶκ
1491 4622 1964 4694 παρεισϐάσεως,
1996 4622 2007 4680 1

2084 4617 2148 4674 De
2175 4617 2398 4672 introitu
2431 4624 2735 4694 sanctorum
2748 4613 3095 4694 jejuniorum,
3123 4629 3228 4694 qua
3259 4613 3463 4681 ratione
3493 4623 3650 4686 φιοι-

462 4685 589 4750 πῶς
628 4685 728 4738 καὶ
762 4685 987 4755 ταύτην
1012 4691 1161 4746 κατὰ
1198 4685 1322 4748 πᾶν
1341 4693 1478 4761 ἔτος
1502 4685 1895 4765 far-(bonam.

458 4794 591 4851 ΚΜ.
627 4799 691 4852 Et
736 4799 793 4853 δὲ
827 4803 921 4855 καὶ
967 4802 1066 4873 τὴν
1109 4806 1469 4877 παρείσϐασιν
1512 4807 1616 4861 τῶν
1657 4808 1828 4877 ἁγίων
1871 4827 1969 4881 νη·

389 4888 580 4943 στειῶν
601 4890 799 4945 εἰδέναι
825 4892 1073 4964 θελήσειέ
1098 4913 1202 4960 τις,
1227 4901 1291 4953 ὲκ
1319 4899 1418 4970 τῆς
1446 4899 1506 4965 ἐξ
1529 4901 1825 4972 εὐωνύμων
1852 4901 1971 4955 δια-

385 4979 606 5050 γραφῆς
630 4979 691 5032 τὸ
719 4982 860 5035 κατὰ
890 4982 1180 5056 διάμετρον
1204 4987 1296 5040 τοῦ
1323 4995 1387 5040 ειν
1414 4989 1513 5059 τῆς
1541 4990 1771 5062 σελήνης
1793 4989 1967 5053 ἔτους,

381 5068 478 5122 τοῦ
505 5069 655 5134 ὄντος
672 5071 737 5125 ὲκ
755 5072 943 5138 δεξιῶν
961 5116 975 5141 ,
997 5070 1259 5149 σκοπήσει
1277 5079 1344 5132 δι’
1369 5081 1652 5152 ἀκριϐείας
1675 5081 1735 5147 εξ
1752 5083 1968 5153 ἀριστε-

350 5226 356 5235 .
383 5158 495 5229 ρῶν
521 5159 583 5213 τὸ
615 5160 790 5234 δι’τῆς
805 5165 1034 5236 σελήνης
1055 5165 1173 5230 ἔτος
1211 5169 1703 5243 διαγεγραμμένον.
1726 5174 1967 5243 Εἴπομεν

380 5246 511 5319 γὰρ,
530 5249 606 5312 ὡς
625 5249 767 5303 τέλει
784 5253 829 5283 ’³⁷
851 5253 945 5306 τοῦ
968 5254 1259 5321 ἐνεστῶτος
1278 5257 1431 5320 ἔτους
1452 5259 1483 5328 ή
1505 5259 1864 5330 παρείσϐασις
1886 5274 1969 5311 τε-

377 5337 549 5392 λεῖται
580 5340 686 5394 τῶν
716 5343 884 5410 ἁγίων
929 5346 1212 5415 νηστειῶν.
1250 5348 1533 5419 Εύρίσκων
1561 5344 1654 5402 οὖν
1685 5350 1745 5403 τὸ
1769 5350 1902 5404 αὐτὸ
1924 5349 1967 5403 δ’

376 5428 473 5481 καὶ
502 5427 658 5497 ι’-τῆς
684 5431 913 5503 σελήνης
944 5433 1083 5498 ἔτος,
1112 5436 1205 5490 τὸν
1227 5437 1631 5508 παρακείμενον
1664 5438 1966 5511 Ῥωμαϊκὸν

380 5519 524 5589 μῆνα
555 5524 841 5594 σκοπήσει,
866 5527 1110 5581 τουτέστι
1138 5527 1229 5581 τὸν
1255 5529 1639 5602 Φεϐρουάριον,
1664 5532 1758 5585 καὶ
1772 5533 1960 5586 τούτου

375 5607 474 5679 τὴν
514 5613 780 5668 ποσταίαν
816 5614 1108 5687 λαμϐάνων
1150 5619 1376 5692 πλησίον
1406 5622 1570 5676 αὐτοῦ
1601 5622 1956 5695 τεταγμένην,

446 5769 491 5801 ⁷⁷
521 5769 559 5823 1⁸.
592 5772 648 5823 ὲν
680 5770 839 5827 τέλει.

2518 4685 2672 4739 armis
2695 4682 3084 4755 investigandas
3114 4682 3213 4761 sit.)

2146 4797 2287 4854 XXI.
2327 4796 2432 4864 Qui
2461 4803 2777 4854 sanctorum
2797 4796 3131 4867 jejuniomm
3155 4797 3437 4854 introitum
3461 4800 3652 4870 explo-

2072 4906 2202 4947 rare
2243 4889 2510 4955 voluerit,
2543 4888 3072 4959 quairatsinistram
3111 4890 3340 4945 canonis
3369 4890 3649 4952 tabellam,

2076 4983 2135 5037 in
2163 4995 2338 5052 eaque
2376 4995 2445 5036 ex
2475 4981 2707 5036 adverso
2733 4980 2945 5038 lunaris
2964 4982 3093 5037 anni
3121 4997 3211 5051 xv,
3236 4982 3332 5054 qui
3362 4982 3418 5038 in
3458 4983 3649 5038 dextra

2074 5082 2229 5144 parte
2265 5082 2518 5144 repertus
2551 5080 2655 5139 est,
2695 5081 2951 5128 accurate
2990 5072 3220 5145 vestiget
3259 5088 3463 5129 annum
3506 5074 3651 5129 lunae

2073 5185 2185 5224 xiv.
2208 5166 2329 5223 Jam
2353 5169 2499 5223 enim
2521 5168 2909 5225 admonuimus
2932 5169 2987 5222 in
3011 5167 3174 5224 tinem
3203 5170 3488 5239 praesentis
3516 5168 3649 5223 anni

2074 5265 2395 5315 sanctorum
2423 5257 2758 5329 jejunierum
2807 5258 3096 5314 introitum
3145 5260 3378 5328 cadere;
3426 5260 3649 5316 invento

2074 5365 2219 5406 anno
2249 5366 2344 5404 xlv
2383 5350 2546 5411 lunae,
2588 5348 2926 5419 adiacentem
2964 5350 3014 5405 ei
3060 5349 3367 5405 Romanum
3403 5364 3646 5407 mensem

2078 5441 2357 5503 observet,
2388 5454 2585 5509 nempe
2615 5437 2974 5495 Februarium
2999 5455 3015 5492 :
3053 5439 3213 5510 cujus
3243 5448 3470 5511 quotum
3501 5440 3645 5496 diem

2075 5532 2370 5600 ascriptum
2418 5538 2590 5595 notet,
2630 5545 2704 5585 iv.
2750 5528 2832 5585 Ad
2873 5529 3023 5586 hunc
3066 5532 3348 5603 regulares
3401 5531 3564 5587 addat
3594 5548 3647 5587 tv

2069 5622 2249 5679 serico
2292 5621 2528 5693 scriptos
2577 5637 2703 5681 cum
2743 5622 3086 5695 insequentis
3129 5625 3259 5688 anni
3305 5623 3469 5698 primi
3513 5623 3649 5681 solis
