4106 6418
481 395 504 447 1
516 394 624 451 239

1496 401 1592 456 AD‘
1624 401 1896 462 EUSEBII
1927 402 2325 460 CHRONICON
2368 405 2729 464 APPE'SDIX.

3594 411 3730 468 £240

475 513 688 580 epactis
723 531 822 593 vn.
855 515 1136 571 Summam
1165 516 1291 574 inde
1317 519 1605 577 conﬂatam
1631 539 1702 578 xv
1733 525 1786 580 in
1821 540 1896 578 vn
1922 540 2032 594 par

2153 525 2322 595 ἡγουν
2354 527 2450 598 τὴν
2493 528 2557 592 δ’,
2589 530 2683 582 καὶ
2709 530 2991 600 ἐμϐάλλων
3021 531 3155 602 αὐτῇ
3199 529 3297 594 τὰς
3325 531 3732 603 παρακειμένας

477 603 680 671 tiatur;
715 604 928 676 reliqua
955 607 1072 662 dies
1102 623 1118 662 ι
1159 611 1400 666 ostendit
1414 611 1658 682 'primam
1695 629 1818 670 esse
1859 615 2052 670 feriam

475 693 856 762 hebdomadis,
888 696 994 752 hoc
1029 708 1113 754 est
1147 698 1486 757 Dominicam
1513 745 1529 769 ,
1576 719 1698 776 quae
1734 715 1818 760 est
1854 715 2052 776 quarta

475 785 682 839 mensis
721 783 1024 854 Februarii,
1054 802 1082 840 a
1122 804 1230 858 qua
1269 790 1323 845 in
1355 805 1670 862 sequentem
1715 794 2050 851 Dominieam

474 873 804 942 diﬂ'undens,
837 878 891 932 in
923 878 1023 934 hac
1048 879 1186 951 ipsa,
1212 897 1333 952 qua:
1361 884 1479 940 dies
1513 893 1598 943 est
1629 887 1917 942 undecima
1949 885 2054 944 Fe-

472 965 702 1036 bruarii,
747 969 1134 1029 celebrandum
1178 979 1414 1048 reperiet
1448 979 1553 1036 hoc
1595 997 1742 1037 anno
1787 983 1928 1038 luna:
1957 999 2051 1036 xw

473 1059 715 1116 ineuntis
741 1060 940 1132 jejunii
971 1064 1169 1121 festum
1212 1067 1377 1126 diem.
1422 1069 1634 1127 Etenim
1666 1089 1788 1144 par,
1829 1075 2051 1131 eadem-

470 1167 577 1220 que
606 1155 889 1211 translatio
916 1159 972 1212 in
998 1157 1228 1215 introitu
1251 1160 1446 1232 jejunii
1491 1164 1546 1218 in
1577 1165 1803 1222 sinistro
1836 1181 2051 1222 canone

471 1246 735 1300 servanda
763 1257 869 1314 est,
897 1266 1060 1322 quam
1087 1253 1142 1308 in
1162 1252 1378 1322 dextro,
1400 1257 1468 1313 ad
1493 1267 1746 1330 quartam
1779 1259 2048 1314 decimam

469 1337 629 1406 primi
677 1338 894 1397 Iudaici
936 1345 1143 1403 mensis
1176 1348 1532 1415 adhibemus,
1569 1358 1631 1405 ut
1669 1366 1699 1406 a
1739 1350 2044 1418 Dominica,

468 1427 606 1482 feria
638 1433 901 1499 secunda,
936 1445 990 1490 et
1030 1438 1212 1506 tertia,
1257 1440 1504 1512 adeoque
1551 1441 1812 1508 Sabbato,
1857 1443 1926 1499 ad
1959 1459 2047 1500 se-

469 1531 726 1594 quentem
738 1525 1076 1584 Dominicam
1095 1533 1385 1590 transitum
1407 1533 1790 1591 faciamus.Sic
1806 1535 1976 1608 igitur
1990 1537 2045 1592 in

469 1615 578 1671 alio
595 1618 790 1688 quovis
814 1634 960 1676 anno
975 1621 1118 1678 lunae
1131 1626 1497 1696 computanda
1512 1634 1596 1683 est
1615 1627 1777 1699 178
1789 1627 2046 1686 introitus

467 1706 608 1774 dies,
643 1715 723 1776 ut,
747 1711 892 1780 quod
931 1713 1129 1769 iterum
1159 1717 1466 1787 explicandi
1509 1733 1678 1774 causa
1719 1718 2042 1790 referemus,

467 1797 702 1868 primum
745 1818 925 1860 annus
960 1805 1266 1864 habeatur:
1317 1817 1431 1864 tum
1481 1807 1765 1868 Romanus
1810 1813 2040 1878 mensis,

2154 620 2265 674 ἀπὸ
2296 621 2522 692 σηρικού
2559 622 2860 694 προσθετὰς
2889 623 2933 676 δ’
2963 623 3195 695 ἡμέρας,
3229 624 3323 678 καὶ
3353 621 3450 687 τὰς
3489 623 3584 678 τοῦ
3619 627 3732 678 εἰσ-

2157 714 2293 769 ιέναι
2333 714 2614 786 μέλλοντος
2646 716 2868 787 ἡλιακοῦ
2893 715 3076 780 ἔτους’
3114 717 3257 788 φημὶ
3298 717 3355 770 δὲ
3381 717 3477 772 τοῦ
3512 716 3730 788 πρώτου

2152 804 2250 868 τὰς
2284 804 2330 869 ξ’
2372 803 2610 877 ἡμέρας,
2660 806 2825 876 ἡγουν
2867 805 3146 869 ἐπακτάςο
3178 806 3435 860 ἀναλύσει
3475 807 3572 870 τὰς
3603 806 3731 871 ὅλας

2151 893 2195 947 ε’
2228 895 2319 948 καὶ
2347 894 2379 948 ι’
2402 895 2492 948 τὸν
2516 894 2747 968 ἀριθμὸν
2775 893 2942 959 οὑσας
2975 897 3055 960 εἰς
3090 895 3182 948 τὸν
3212 894 3279 960 ζ’.
3311 898 3436 950 Κὰκ
3463 897 3565 968 τῆς
3590 899 3729 952 ἀπο-

2154 989 2422 1061 μενούσης
2444 991 2572 1060 μιᾶς
2594 989 2807 1060 ἡμέρας
2833 988 3054 1062 πρώτην
3092 990 3296 1045 είσεται
3325 991 3421 1064 τὴν
3452 992 3553 1063 τῆς
3581 993 3732 1048 ἐϐδο-

2152 1078 2320 1148 μὰδος
2366 1079 2578 1152 ἡμέραν
2617 1080 2996 1151 ὑπάρχουσαν·
3039 1081 3205 1152 ἡγουν
3236 1083 3396 1151 ἁγίαν
3421 1083 3730 1154 Κυριακὴν,

2149 1171 2249 1242 τὴν
2281 1171 2564 1242 λεχθεῖσαν
2588 1172 2682 1226 τοῦ
2710 1173 3077 1244 Φεϐρουαρίου
3107 1174 3275 1244 μηνὸς
3305 1175 3588 1248 τετάρτην.
3639 1175 3732 1240 Ἐξ

2149 1251 2219 1329 ἧς
2260 1257 2353 1311 ἐπὶ
2401 1258 2500 1328 τὴν
2545 1249 2710 1332 ἄλλην
2756 1260 3179 1333 ὑπερτιθέμενος
3225 1263 3386 1332 ἁγίαν
3415 1263 3729 1336 Κυριακὴν,

2150 1349 2268 1402 κατ’
2301 1349 2515 1420 ἐκείνην
2553 1349 2842 1424 ἑνδεκάτην
2868 1351 2963 1405 τοῦ
2992 1352 3160 1406 αὐτοῦ
3202 1353 3566 1426 Φεϐρουαρίου
3593 1370 3728 1421 τυγ-

2150 1441 2440 1511 χάνουσαν,
2463 1441 2687 1513 εὑρήσει
2711 1441 3040 1514 τελουμένην
3061 1443 3280 1506 πάντως
3305 1445 3447 1498 κατὰ
3466 1444 3524 1497 τὸ
3554 1444 3730 1515 παρὸν

2147 1532 2189 1587 δ’
2212 1534 2306 1587 καὶ
2338 1533 2370 1584 ι’
2393 1535 2494 1606 τῆς
2526 1535 2754 1606 σελήνης
2777 1535 2895 1598 ἔτος
2922 1535 3021 1607 τὴν
3049 1535 3465 1608 ἀποκρεὼσιμον
3499 1537 3722 1608 ἑορτήν·

2150 1627 2418 1698 προσήκει
2449 1625 2558 1697 γὰρ
2590 1626 2689 1698 τὴν
2721 1628 2843 1696 ῖσην
2891 1627 3218 1698 μετάστασιν
3263 1631 3450 1700 τηρεῖν
3496 1628 3590 1681 καὶ
3631 1627 3729 1680 ἐπὶ

2147 1719 2246 1790 τῆς
2289 1718 2702 1790 παρεισϐάσεως
2742 1719 2802 1771 ὲν
2829 1717 2907 1788 τῷ
2946 1719 3212 1790 εὐωνύμῳ
3253 1719 3503 1790 κανονίῳ,
3533 1718 3630 1790 τῆς
3666 1719 3727 1773 ὲν

2146 1809 2226 1882 τῷ
2255 1810 2416 1881 δεξιῷ
2442 1809 2735 1881 γινομένης
2759 1811 2911 1880 ἡμῖν,
2946 1809 3085 1864 κατᾶ
3108 1810 3204 1881 τὴν
3229 1809 3272 1863 δ’
3295 1811 3389 1864 καὶ
3422 1808 3453 1862 ι’
3481 1809 3575 1862 τοῦ
3601 1809 3728 1864 καθ’

463 1887 694 1961 ejusque
720 1890 860 1958 dies,
891 1894 958 1950 ad
988 1910 1150 1966 quem
1181 1898 1461 1969 regulares
1493 1899 1726 1955 addendi
1761 1910 1914 1967 sunt,
1941 1902 2032 1973 qui

2155 1902 2439 1975 Ἐϐραίους
2471 1901 2685 1974 πρώτου
2717 1901 2902 1974 μηνὸς,
2929 1901 2992 1954 ἐκ
3015 1918 3075 1954 τε
3104 1901 3408 1973 Κυριακῆς,
3431 1901 3526 1955 καὶ
3551 1901 3728 1955 δευτέ-

462 1980 639 2036 serico
670 1981 740 2036 ad
778 1998 904 2038 eum
953 1985 1097 2042 diem
1143 1989 1496 2044 ascribuntur
1528 2009 1540 2044 :
1575 1998 1852 2061 postremo
1899 2007 2040 2064 pra:-

460 2071 635 2127 sentis
664 2072 793 2130 anni
823 2074 959 2131 solis
1003 2084 1212 2146 epactze
1256 2079 1535 2150 capiendae
1563 2089 1713 2136 sunt.
1749 2079 1859 2138 Has
1892 2083 2040 2139 cnim

461 2177 558 2231 per
586 2179 755 2218 unum
791 2173 846 2220 et
871 2167 1123 2224 eumdem
1155 2169 1290 2226 solis
1319 2187 1546 2236 annum,
1581 2179 1772 2242 utpnta
1801 2190 2043 2245 praesen-

461 2263 590 2318 tem,
629 2253 686 2309 in
722 2257 980 2312 omnibus
1010 2260 1240 2316 canonis
1286 2261 1450 2318 istius
1493 2264 1777 2319 mensibus
1811 2265 2040 2322 adhibe-

458 2360 626 2400 mus:
673 2347 755 2402 sic
797 2356 859 2402 ut
900 2349 1096 2405 horum
1143 2353 1328 2422 quotis
1371 2353 1568 2410 diebus
1607 2357 1892 2421 accedant,
1931 2373 2038 2412 una

457 2450 581 2490 cum
612 2440 960 2510 regularibus
987 2442 1156 2498 rubro
1191 2446 1412 2502 notatis.
1457 2447 1684 2503 Summa
1716 2451 1916 2508 deinde
1943 2467 2040 2524 per

457 2533 666 2596 septem
700 2527 897 2596 divisa,
931 2533 1076 2603 quod
1127 2534 1396 2606 reliquum
1427 2539 1548 2604 erit,
1591 2538 1783 2596 feriam
1828 2542 2038 2600 hebdo-

455 2618 631 2675 madis
655 2619 845 2678 dabit:
880 2637 910 2677 a
943 2639 1052 2694 qua
1074 2625 1292 2682 demum
1327 2629 1396 2684 ad
1433 2629 1809 2703 insequentem
1845 2633 2034 2691 Domi-

454 2708 635 2763 nicam
672 2711 1051 2770 transibimus.

2149 2011 2268 2067 ρας,
2296 1995 2388 2048 καὶ
2424 1993 2635 2065 τρίτης,
2678 1993 2774 2046 καὶ
2806 1992 2991 2057 ἁπλῶς
3025 1992 3300 2046 Σαϐϐάτου
3334 1992 3427 2046 ἐπὶ
3459 1992 3558 2064 τὴν
3595 1990 3725 2064 ἑξῆς

2146 2086 2306 2156 ἁγίαν
2333 2085 2617 2158 Κυριακὴν
2666 2083 3106 2156 μεταϐαίνοντας.
3149 2084 3335 2148 Οὐτως
3378 2079 3471 2138 οὖν
3505 2085 3597 2138 καὶ
3629 2086 3726 2138 ἐπὶ

2148 2177 2347 2242 παντὸς
2389 2176 2549 2232 ἄλλου
2601 2177 2829 2248 σελήνης
2879 2175 3032 2240 ἔτους
3071 2175 3170 2248 τὴν
3209 2175 3570 2247 παρείσϐασιν
3604 2174 3724 2230 δέον

2147 2268 2434 2341 ψηφίζειν·
2463 2261 2593 2334 οἷον,
2637 2266 2703 2319 ἶν’
2743 2266 3016 2337 ὲπιτόμως
3059 2268 3154 2321 καὶ
3199 2263 3355 2330 αὖθις
3392 2267 3720 2338 σαιεηνισθῇ,

2145 2361 2206 2416 τὸ
2231 2361 2348 2423 ἔτος
2390 2360 2608 2432 τηρεῖν·
2641 2353 2759 2411 εἶτα
2785 2356 2876 2410 τὸν
2923 2357 3226 2428 Ῥωμαϊκὸν
3272 2358 3436 2428 μῆνα,
3468 2357 3562 2408 καὶ
3596 2355 3722 2408 τού-

2144 2467 2237 2504 του
2271 2449 2371 2520 τὴν
2400 2446 2662 2501 ποσταίαν
2689 2464 2704 2477 -
2735 2446 2831 2499 καὶ
2861 2445 3150 2516 ἐμϐάλλειν
3191 2446 3328 2518 αὐτῇ
3360 2445 3459 2508 τὰς
3484 2445 3592 2498 ἀπὸ
3622 2461 3722 2516 ση-

2149 2540 2300 2613 ρικοῦ
2347 2537 2755 2610 παρακειμένας
2791 2536 3092 2607 προσθετάς
3119 2554 3132 2567 ·
3186 2537 3280 2590 καὶ
3330 2535 3436 2608 μὴν
3486 2535 3582 2589 καὶ
3618 2537 3720 2601 τὰς

2141 2633 2382 2697 suam;
2408 2631 2504 2686 τοῦ
2533 2629 2824 2693 ἐνεστῶτος
2848 2627 3074 2700 ἡλιακοῦ
3107 2628 3277 2692 ἔτους.
3305 2629 3437 2693 Ταῖς
3469 2629 3578 2700 γὰρ
3617 2627 3719 2682 αὑ-

2147 2729 2270 2790 ταῖς
2292 2726 2553 2786 ὲπακταῖς
2570 2721 2686 2786 ἑνὸς
2716 2722 2810 2774 καὶ
2835 2721 2929 2774 τοῦ
2962 2720 3126 2774 αὑτοῦ
3157 2720 3382 2793 ἡλιακοῦ
3411 2720 3585 2786 ἔτους,
3607 2715 3721 2774 οἷον

454 2801 550 2854 τοῦ
588 2802 904 2872 ἐνεστῶτος,
941 2808 1029 2878 ἐφ’
1073 2809 1210 2863 ὅλων
1257 2812 1365 2868 τῶν
1417 2816 1474 2867 ἐν
1521 2815 1656 2887 τῷδε
1691 2818 1770 2891 τῷ
1816 2823 2048 2894 κανονίῳ
2078 2820 2426 2894 τεταγμένων
2458 2817 2757 2890 κεχρῆσθαι
2790 2817 3055 2888 προσήκει
3089 2815 3329 2915 ,μηνῶν,
3381 2817 3504 2915 ταῖς
3538 2813 3720 2915 αὐτῶν

455 2901 740 2966 ποσταίαις
761 2903 967 2970 ταύτας
991 2906 1355 2978 ἐμϐάλλοντας
1383 2911 1520 2982 μετὰ
1543 2912 1652 2967 τῶν
1673 2915 1780 2970 ἀπὸ
1804 2917 2032 2989 σηρικοῢ
2056 2917 2368 2991 προσθετῶν
2393 2935 2408 2948 ·
2439 2915 2536 2968 καὶ⁹
2561 2913 2704 2967 οὑτω
2734 2909 2977 2984 μερίζειν
3001 2913 3081 2977 είς
3109 2910 3198 2966 τὸν
3239 2910 3305 2975 ζ’,
3342 2911 3436 2964 καὶ
3490 2913 3555 2964 ἐκ
3608 2905 3718 2963 τῶν

453 2993 839 3064 ἀπομενουσῶν
883 2995 982 3067 τὴν
1021 2997 1380 3073 ὲϐδομαδικὴν
1427 3004 1640 3078 ἡμέραν
1700 3007 2025 3077 γινώσκειν·
2053 3011 2120 3065 ὲκ
2147 3011 2352 3082 ταύτης
2379 3008 2436 3062 δὲ
2463 3005 2650 3060 λοιπὸν
2692 3003 3038 3074 μεταϐαίνειν
3075 3003 3169 3058 ἐπὶ
3224 3005 3323 3073 τὴν
3368 3003 3496 3074 ἑξῆς
3555 3001 3719 3070 ἁγίαν

453 3087 754 3162 ιὶυριακὴν.

454 3241 596 3307 Quid
618 3242 674 3298 in
696 3245 916 3302 sinistro
935 3253 1534 3350 canone‘qbservandum
1559 3259 1627 3312 sit
1653 3260 1706 3312 in
1726 3277 2032 3333 unoquoque

2138 3257 2302 3346 Τίςτῖι
2347 3254 2710 3350 ὀξείῧοέῗῖἶῖ
2718 3253 3600 3350 μῖἳῖέῗθῗᾎῗαξξᾞῗὲξῗ
3637 3259 3720 3326 τῷ

1137 3323 1356 3381 biuxto.

521 3443 686 3503 XXII.
718 3447 834 3506 Hoc
857 3468 1024 3508 unum
1063 3454 1334 3516 duntaxat
1362 3457 1418 3513 in
1451 3459 1682 3517 sinistro
1709 3476 1919 3520 canone
1945 3469 2020 3519 te-

449 3538 689 3604 nendum
717 3531 824 3608 est,
851 3553 911 3598 ut
933 3546 1148 3616 quoties
1180 3547 1428 3606 bisextus
1468 3550 1720 3620 incurrit,
1749 3554 2030 3624 regulares

444 3628 668 3698 rubros,
715 3633 810 3703 qui
855 3634 922 3690 ad
965 3637 1238 3692 mensium
1271 3638 1390 3696 dies
1435 3641 1680 3697 adnotati
1719 3651 1884 3710 sunt,
1917 3661 2029 3702 uno

448 3721 784 3779 minuamus.
814 3724 889 3781 Ut
919 3727 966 3782 si
997 3729 1266 3800 regularis
1302 3731 1375 3786 sit
1406 3747 1446 3798 ι,
1475 3733 1608 3788 nihil
1649 3735 1900 3805 addatur,
1931 3738 2028 3795 sed

449 3811 566 3866 sola
625 3809 856 3870 Romani
923 3819 1128 3875 mensis
1181 3831 1347 3892 quota
1405 3821 1498 3880 die
1561 3828 1840 3892 contenti,
1899 3845 2024 3884 cum

447 3903 656 3971 epactis
706 3907 860 3974 solis,
915 3924 1184 3966 summam
1232 3913 1288 3966 in
1335 3929 1409 3968 vn
1452 3917 1776 3986 partiamur.
1829 3917 1926 3974 Sin
1974 3937 2028 3976 tv

448 4001 578 4049 sunt
609 3999 888 4067 regulares
916 4001 1204 4068 rubricati,
1235 4020 1294 4062 ιιι
1320 4007 1696 4064 tantummodo
1723 4019 2020 4080 ponantur,

445 4104 558 4144 non
586 4104 660 4142 tv.
694 4088 848 4156 Quod
873 4107 938 4148 eo
971 4093 1046 4159 ιιι,
1091 4105 1152 4150 ιιι
1191 4111 1260 4152 ex
1307 4099 1429 4168 ipso
1465 4092 1680 4156 bisexto
1709 4102 2026 4172 redundans

444 4181 562 4236 dies
589 4181 879 4248 eximatur,
908 4200 978 4240 ne
1002 4185 1074 4240 sit
1099 4202 1162 4242 ea
1195 4187 1398 4254 fraudi,
1427 4189 1556 4244 dum
1591 4189 1782 4248 feriam
1815 4195 2024 4252 hebdo-

443 4273 712 4328 madicam
748 4275 802 4330 in
831 4276 1048 4335 duobus
1105 4279 1369 4338 Romanis
1411 4285 1718 4350 mensibus,
1761 4286 2026 4344 Januario

441 4372 497 4420 ct
538 4363 858 4436 Februario,
897 4371 1215 4440 quau-imus.
1267 4373 1380 4430 Hoc
1415 4377 1560 4431 enim
1611 4378 1896 4437 desinente
1943 4381 2026 4438 bi-

439 4458 650 4512 sextilis
690 4464 916 4529 putatur
955 4461 1107 4530 dies;
1155 4473 1315 4520 antea
1343 4483 1474 4522 vero
1517 4484 1628 4524 non
1670 4470 1819 4526 item.
1858 4475 1936 4528 Ac
1975 4473 2021 4528 si

439 4547 567 4616 quis
599 4548 654 4602 in
679 4549 904 4606 sinistro
935 4551 1028 4607 illo
1049 4568 1257 4610 canone
1298 4569 1554 4615 accurate
1584 4560 1774 4624 feriam
1797 4562 2024 4620 investi-

2239 3324 2522 3396 εὐωνύμῳ
2546 3324 2650 3380 τοῦ
2675 3325 2958 3379 morior)
2983 3325 3133 3379 κατὰ
3154 3324 3280 3379 πᾶν
3292 3326 3606 3392 βίσεξτον.

2203 3462 2332 3516 KB'.
2377 3461 2585 3514 Ἐκεῖνο
2622 3459 2680 3512 δὲ
2709 3459 2870 3530 μόνον
2913 3460 2976 3513 ὲν
3013 3457 3092 3529 τῷ
3133 3459 3398 3532 εὐωνύμῳ
3447 3463 3717 3534 προσήκει

2132 3555 2320 3625 τηρεῖν
2371 3552 2636 3622 κανονίῳ·
2695 3551 2784 3615 ἶν’,
2836 3553 2926 3606 ὅτε
2981 3550 3224 3622 βίσεξτον
3258 3552 3572 3626 συμφθάσῃ,
3616 3553 3717 3620 τὰς

2132 3645 2544 3716 παρακειμένας
2572 3647 2638 3717 τῇ
2672 3644 2906 3716 ποσταία
2927 3643 3034 3699 τῶν
3066 3645 3252 3716 μηνῶν
3280 3645 3584 3718 προώετὰς
3608 3648 3716 3701 ἀπὸ

2136 3735 2364 3809 σηρικοῦ
2397 3736 2610 3808 ἡμέρας
2637 3737 2950 3806 ποιήσωμεν
2974 3733 3127 3806 παρὰ
3151 3735 3251 3806 τὴν
3281 3735 3410 3806 μίαν
3432 3736 3715 3791 ἐπὀαὑτοῦ

2131 3823 2503 3897 ψηφιζομένου
2533 3825 2704 3889 ἔτους.
2739 3819 2862 3879 Οἷον
2898 3826 2947 3878 εί
2988 3825 3086 3896 μὲν
3129 3825 3229 3896 μία
3275 3825 3424 3879 ἐστὶν
3469 3827 3503 3897 ἡ
3545 3842 3717 3898 προσ-

2133 3916 2286 3987 θετὴ,
2321 3919 2402 3980 εἰς
2444 3916 2506 3970 τὸ
2555 3915 2678 3986 μηδ’
2721 3915 2858 3979 ὅλως
2896 3913 3108 3985 βάλλειν
3138 3915 3308 3987 αὑτήν
3331 3933 3345 3946 ’
3381 3915 3518 3970 ἀλλὰ
3546 3917 3716 3988 μόνην

2130 4007 2231 4078 τὴν
2258 4007 2520 4060 ποσταίαν
2551 4005 2646 4060 τοῦ
2685 4005 2994 4077 Ῥωμαῖκοῦ
3022 4003 3188 4077 μηνὸς
3219 4005 3435 4071 καὶτὰς
3467 4008 3716 4073 ὲπακτὰς

2130 4098 2227 4153 τοῦ
2255 4098 2428 4170 ἡλίου,
2457 4100 2550 4152 καὶ
2575 4099 2748 4162 οὑτως
2779 4097 3022 4169 μερίζειν
3053 4099 3133 4161 είς
3165 4098 3256 4152 τὸν
3290 4097 3333 4162 ζ’
3355 4116 3368 4130 ’
3396 4101 3445 4152 εἰ
3472 4099 3527 4151 δὲ
3557 4099 3599 4152 δ’
3630 4101 3711 4153 εί-

2134 4189 2220 4242 σὶν
2252 4191 2310 4243 αἱ
2339 4189 2448 4243 ἀπὸ
2475 4188 2702 4260 σηρικοῦ
2733 4188 3050 4260 προσθεταὶ,
3085 4190 3234 4259 τρεῖς
3261 4187 3382 4241 ἀντὶ
3404 4189 3445 4241 δ’
3471 4187 3709 4259 βάλλειν,

2132 4280 2268 4335 ἀλλὰ
2308 4279 2574 4352 μηδαμῶς
2599 4279 2698 4344 τὰς
2724 4279 2788 4333 δ’.
2817 4279 3028 4332 Γίνεται
3051 4279 3110 4334 δὲ
3137 4278 3295 4332 τοῦτο
3325 4279 3393 4332 δι’
3425 4280 3711 4352 ὑφαίρεσιν

2129 4373 2228 4444 τῆς
2260 4370 2320 4438 ἐξ
2348 4370 2512 4426 αὑτοῦ
2537 4370 2632 4425 τοῦ
2663 4369 2908 4441 βισέξτου
2938 4370 3396 4444 περιττευομένης
3425 4373 3555 4442 μιᾶς
3583 4372 3712 4443 ἡμέ.

2135 4481 2251 4536 ρας,
2283 4464 2359 4528 ὼς
2408 4462 2475 4517 ἂν
2524 4463 2599 4534 μὴ
2643 4462 2710 4517 δι’
2741 4461 2912 4531 αὐτῆς
2959 4461 3248 4533 σφαλῶμεν
3292 4464 3420 4535 περὶ
3462 4465 3562 4535 τὴν
3608 4463 3710 4535 τῆς

2131 4554 2491 4626 ἑϐδομαδικῆς
2521 4553 2731 4629 ἡμέρας
2769 4552 3046 4624 ἐξεύρεσιν
3080 4555 3138 4608 ὲν
3183 4557 3295 4619 τοῖς
3321 4553 3441 4608 δυσὶ
3481 4557 3711 4628 Ῥωμαῖ-

439 4645 546 4708 get,
572 4641 788 4710 quoties
815 4657 994 4700 annus
1022 4643 1288 4702 biscxt-ilis
1315 4663 1423 4704 non
1452 4651 1578 4714 erit,
1603 4651 1794 4715 eadem
1827 4667 2018 4708 occur-

2137 4649 2246 4712 κοῖς
2296 4646 2452 4718 μησὶ,
2497 4645 2676 4718 τῷ’τε
2722 4645 3034 4717 Ἰανουαρίῳ
3081 4646 3172 4700 καὶ⁵
3208 4644 3288 4716 τῷ
3335 4646 3705 4719 Φεϐρουαρίῳ.

437 4739 520 4785 ret
549 4729 683 4786 feria
705 4732 762 4787 in
790 4749 1023 4799 canone,
1051 4737 1144 4806 qui
1181 4737 1463 4794 introitum
1491 4741 1710 4798 exhibet
1736 4757 1767 4797 a
1800 4744 2026 4802 sinistro

435 4822 624 4886 latere,
659 4831 714 4878 et
745 4824 802 4878 in
846 4839 933 4889 eo,
969 4827 1063 4896 qui
1099 4825 1309 4883 Pascha
1347 4830 1610 4888 continet.
1647 4830 1784 4886 Nam
1815 4835 2026 4890 utrobi-

434 4929 542 4983 que
589 4913 950 4980 Dominicam,
994 4919 1081 4973 vel
1131 4920 1426 4976 secundam
1484 4921 1699 4989 feriam,
1744 4933 1839 4979 aut
1887 4927 2024 4983 alias

432 5005 691 5078 deinceps
719 4995 1062 5066 habebimus.
1087 5010 1158 5065 At
1179 5012 1233 5066 in
1257 5028 1402 5068 anno
1427 5013 1664 5069 bisextili
1698 5033 1805 5071 non
1831 5018 2020 5074 eadem

432 5098 680 5162 exsistet,
713 5099 808 5156 sed
839 5116 948 5154 una
991 5102 1226 5172 amplius
1269 5119 1432 5174 quam
1473 5105 1528 5159 in
1571 5106 1815 5162 sinistro.
1867 5105 1933 5164 Ut
1974 5108 2021 5164 si

435 5188 770 5243 Dominicam
794 5189 1016 5246 sinister
1045 5190 1271 5258 oderat,
1302 5194 1359 5248 in
1387 5192 1578 5249 dextro
1605 5194 1796 5251 feriam
1825 5214 2022 5253 secun-

433 5278 559 5332 dam
590 5296 968 5352 assequemur.
1011 5282 1067 5340 Si
1103 5285 1344 5340 secunda
1379 5285 1492 5340 illic
1523 5285 1761 5353 incidat,
1797 5288 1887 5344 hic
1917 5299 2021 5345 ter-

432 5371 563 5425 tiam
592 5373 952 5431 oﬂ'endemus.
987 5376 1079 5430 Sic
1101 5378 1192 5433 ubi
1221 5376 1518 5433 Sabbatum
1546 5380 1604 5436 in
1643 5381 1866 5438 sinistro
1897 5398 2022 5452 pro-

433 5462 623 5526 dierit,
661 5464 717 5518 in
743 5465 938 5522 dextro
964 5465 1248 5522 Dominica
1272 5469 1572 5540 continget.
1603 5469 1741 5526 Nam
1773 5473 2020 5528 accessio

435 5553 700 5610 bisextilis
733 5557 839 5612 diei
897 5560 1046 5623 facit,
1088 5569 1150 5614 ut
1198 5561 1422 5617 sinister
1468 5576 1578 5616 uno
1617 5562 1707 5618 die
1747 5563 2014 5618 minorem

436 5647 692 5714 praebeat.
758 5649 924 5718 Igitur
981 5653 1420 5722 quandocumque
1475 5662 1698 5726 propter
1740 5655 2013 5710 bisextum

433 5736 701 5803 Januarii,
731 5742 816 5794 vel
838 5741 1120 5798 Februarii
1149 5745 1266 5799 dies
1289 5745 1341 5799 in
1368 5744 1663 5800 Sabbatum
1695 5745 1926 5802 incurrit
1957 5745 2012 5800 in

437 5843 647 5884 canone
676 5831 922 5901 sinistro;
956 5831 1135 5888 Martii
1163 5851 1290 5892 vero
1317 5837 1398 5892 vel
1431 5836 1634 5904 Aprilis
1667 5839 1724 5894 in
1759 5837 2006 5895 Domini-

2129 4736 2286 4792 Μετὰ
2319 4735 2426 4809 γὰρ
2456 4735 2556 4807 τὴν
2599 4735 2790 4790 τούτου
2824 4737 3122 4805 περαίωσιν
3157 4735 3219 4789 τὸ
3251 4734 3494 4806 βίσεξτον
3535 4737 3707 4810 ψηφί-

2129 4828 2306 4894 ζεται,
2337 4829 2454 4884 ἀλλ’
2485 4828 2735 4900 οὐδαμῶς
2773 4829 2882 4900 πρὸ
2907 4829 3130 4902 ταύτης.
3157 4829 3348 4883 Ἔσται
3377 4829 3434 4882 δὲ
3463 4832 3576 4892 τοῖς
3606 4831 3708 4903 τὴν

2128 4921 2492 4993 ὲϐδομαδικὴν
2525 4919 2770 4992 ἀκριϐῶς
2805 4923 2870 4974 ὲκ
2905 4920 3059 4975 τοῦδε
3091 4919 3186 4974 τοῦ
3217 4921 3465 4974 κανονίου
3498 4921 3708 4993 διερευ-

2125 5012 2290 5066 νῶσιν
2317 5014 2551 5084 ἡμέραν,
2595 5014 2684 5066 ὅτε
2733 5012 2830 5084 μὲν
2868 5013 2966 5066 οὐκ
2994 5012 3110 5066 ἐστι
3141 5011 3402 5082 βίσεξτον,
3443 5015 3573 5084 μιᾶς
3613 5015 3708 5068 καὶ

2123 5103 2225 5174 τῆς
2257 5104 2428 5175 αὐτῆς
2471 5103 2796 5174 κατάληψις,
2838 5103 2896 5156 ἐν
2940 5121 2999 5158 τε
3044 5103 3121 5174 τῷ
3163 5103 3261 5172 τῆς
3293 5104 3704 5175 παρεισϐάσεως

2127 5196 2378 5266 κανονίῳ,
2408 5195 2550 5265 λέγω
2575 5196 2632 5249 δὲ
2660 5195 2737 5267 τῷ
2769 5196 2826 5262 ἐξ
2859 5196 3152 5266 εὐωνύμων
3196 5195 3452 5266 κειμένῳ,
3498 5196 3593 5248 καὶ
3627 5196 3706 5267 τῷ

2118 5287 2212 5340 τοῦ
2241 5287 2716 5358 Πάσχα,τουτέστι
2746 5287 3031 5358 Κυριακῆς
3057 5287 3152 5340 καὶ
3177 5285 3484 5358 Κυριακῆς,
3507 5287 3541 5356 ἢ
3581 5285 3705 5338 δευ-

2123 5377 2289 5449 τέρας
2320 5379 2414 5431 xui
2445 5378 2722 5450 δευτέρας,
2755 5377 2848 5431 καὶ
2877 5377 2970 5430 ἐπὶ
2995 5377 3102 5431 τῶν
3129 5376 3303 5432 ἄλλων
3330 5376 3533 5447 ὁμοίως
3561 5378 3702 5449 ἡμε-

2127 5470 2234 5540 ρῶν
2254 5488 2266 5500 ·
2297 5470 2386 5522 ὅτε
2418 5470 2475 5523 δὲ
2509 5469 2750 5540 βίσεξτόν
2790 5471 2958 5531 ἔστιν,
2995 5471 3056 5522 οὐ
3084 5469 3182 5541 τῆς
3223 5467 3395 5538 αὐτῆς
3423 5469 3517 5522 καὶ
3547 5469 3700 5539 μιᾶς,

2123 5562 2258 5616 ἀλλὰ
2279 5563 2378 5632 τῆς
2402 5562 2540 5632 μετὰ
2564 5563 2662 5633 τὴν
2688 5563 2818 5633 μίαν
2838 5564 2896 5616 ὲν
2917 5561 2994 5632 τῷ
3014 5560 3280 5631 εὐωνύμῳ
3300 5559 3696 5632 ψηφιζομένης.

2122 5649 2245 5707 Οἷον
2275 5655 2564 5726 Κυριακῆς
2595 5657 2654 5708 ὲν
2685 5656 2761 5726 τῷ
2781 5653 3071 5724 εὐωνύμῳ,
3117 5653 3248 5725 φέρε
3283 5656 3485 5706 εἰπεῖν’
3521 5653 3580 5706 ὲν
3620 5651 3699 5722 τῷ

2118 5744 2276 5815 δεξιῷ
2300 5745 2526 5816 δευτέρα
2555 5746 2770 5806 πάντως
2799 5745 3131 5817 εὑρίσκεται.
3160 5745 3427 5816 Δευτέρας
3452 5743 3510 5797 δὲ
3536 5741 3698 5796 πάλιν

2118 5837 2254 5906 ἐκεῖ,
2288 5836 2444 5906 τρίτη
2477 5837 2753 5907 προδήλως
2800 5835 3050 5892 ἱειταῦθα.
3087 5837 3238 5892 Οὐτω
3268 5835 3322 5890 δὲ
3361 5835 3455 5890 καὶ
3487 5833 3698 5891 Σάϐϐα-ν
