4106 6438
434 413 567 470 13H

1252 412 1309 467 S.
1350 410 1600 465 MAXIMI
1642 408 2004 465 MARTYRIS
2040 408 2421 468 COMPUTIIS
2458 413 2898 470 ECCLESIAST.

3543 420 3681 477 me

431 550 519 584 τόν
557 530 653 584 ἐὰν
685 529 1002 604 συμφθάσῃ,
1039 530 1294 602 Κυριακὴ
1332 529 1613 602 προδήλως
1651 531 1709 583 ἐν
1732 529 1809 600 τῷ
1846 528 2038 599 δεξιῷ.

2120 546 2225 587 :am
2259 532 2314 587 in
2345 534 2535 588 dextro
2558 550 2799 603 canone;
2832 536 2921 590 hic
2939 551 3011 590 vn
3044 535 3343 606 transgredi
3367 536 3481 593 dies
3515 554 3682 608 opor-

432 622 659 693 κανονξῳ
692 622 1003 694 ψηφίζεται.
1040 623 1103 675 Ἡ
1135 621 1243 694 γάρ
1270 622 1552 695 προσθήκη
1580 623 1677 693 τῆς
1703 622 1794 674 τοῦ
1828 622 2006 692 βισέξ-

432 733 523 768 του
557 714 791 785 ἡμέρας,
828 713 926 786 τὴν
951 715 1048 783 τῆς
1087 715 1216 785 μιᾶς
1251 713 1514 766 ὑπόϐασιν
1542 715 1599 766 έν
1636 713 1715 783 τῷ
1744 711 2006 782 εὐωνύμῳ

434 810 593 859 ποιεῖ.
646 808 736 858 Δεῖ
780 803 873 860 οὖν
925 806 1159 877 ὁπηνίκα
1215 804 1305 858 διὰ
1349 804 1409 857 τὸ
1460 804 1699 875 βίσεξτον
1747 803 2007 874 Σαϐϐάτῳ

435 899 735 950 πίπτουσαν
779 898 981 967 ἴδοιμεν
1008 898 1108 967 τήν
1151 913 1210 949 τε
1241 894 1335 948 τοῦ
1374 895 1728 962 Ῡιανουαρίου,
1769 895 1865 948 καὶ
1906 896 2006 947 Φε-

433 990 722 1062 ϐρουαρίου
759 990 925 1061 μηνὸς
966 988 1249 1052 ποσταίαν,
1292 990 1349 1041 ὲν
1393 987 1541 1058 αύτῴ
1577 986 1654 1058 τῷ
1698 985 1999 1057 εὐωνύμῳ·

435 1083 716 1153 Ιὶυριακῆς
737 1081 794 1134 δὲ
834 1082 933 1152 τὴν
973 1079 1067 1133 τοῦ
1108 1079 1354 1152 Μαρτίου
1383 1079 1477 1133 καὶ
1519 1077 1795 1150 Ἀπριλίου
1837 1077 2004 1148 μηνὸς

434 1176 492 1225 ὲν
519 1173 595 1244 τῷ
626 1171 782 1243 δεξιῷ
820 1158 1048 1242 κανονίῲ
1068 1188 1082 1202 ·
1127 1174 1184 1224 ὲν
1210 1170 1383 1242 τούτῳ
1412 1172 1512 1242 μὲν
1538 1170 1638 1234 τάς
1666 1168 1711 1233 ζ’
1741 1168 2002 1239 μεταϐαί-

434 1282 544 1319 νειν
569 1266 807 1338 ἡμέρας·
840 1265 916 1329 ὡς
938 1265 1044 1318 ἀπὸ
1065 1264 1321 1336 δευτέρας
1353 1265 1435 1326 είς
1463 1261 1747 1333 Κυριακὴν
1768 1259 2001 1331 φερομέ-

2115 630 2210 685 tet,
2263 625 2517 678 nimirum
2564 640 2593 678 a
2640 627 2880 681 secunda
2911 626 3043 682 feria
3079 627 3134 681 in
3164 625 3539 694 Dominicam;
3573 629 3682 682 illic

2112 728 2230 778 vm,
2270 729 2300 768 a
2348 713 2629 769 Dominica
2677 716 2732 769 in
2772 717 2997 770 alteram
3042 715 3398 771 Dominicam.
3440 714 3511 770 Ut
3563 728 3686 785 post

2113 811 2238 859 octo
2284 803 2401 861 dies
2444 806 2702 862 introitus
2736 805 2931 861 festum
2964 814 3154 862 exacta
3187 807 3400 861 ratione
3443 805 3687 861 Domini--

2111 910 2232 949 eam
2258 897 2510 967 attingat.
2544 896 2656 951 Hoc
2689 897 2833 952 enim
2863 896 3024 952 modo
3053 898 3218 953 distat
3265 897 3477 953 sinistri
3520 911 3686 952 cano-

2111 986 2200 1042 nis
2216 988 2502 1043 translatio
2527 988 2594 1043 ab
2622 988 2710 1042 illa
2731 988 2907 1043 dextri
2945 1008 2958 1043 :
2991 989 3134 1059 quod
3164 989 3314 1060 prior
3342 988 3409 1042 ad
3434 996 3683 1043 octavum

2110 1091 2285 1146 usque
2330 1076 2471 1132 diem
2515 1087 2736 1147 propter
2778 1077 3084 1133 bisextilem
3135 1079 3281 1133 diem
3322 1077 3681 1133 extenditur:

2110 1167 2283 1222 dextri
2311 1184 2440 1224 vero
2470 1171 2697 1225 canonis
2739 1185 2808 1225 vn
2844 1186 2952 1225 non
2976 1170 3209 1235 excedit,
3241 1169 3334 1226 sed
3361 1184 3428 1225 eo
3456 1182 3686 1224 numero

2110 1258 2598 1316 circumscribitur.
2650 1260 2776 1317 Haec
2822 1262 2890 1318 de
2939 1262 3192 1317 cautione
3232 1260 3500 1316 bisextilis
3533 1259 3681 1313 anni.

435 1374 587 1420 νους’
615 1359 673 1408 ὲν
720 1356 913 1427 ἐκείνῳ
938 1356 995 1409 δὲ
1034 1355 1135 1419 τὰς
1174 1363 1224 1426 η’
1268 1353 1623 1426 μεθίστασθαι
1662 1352 1899 1415 πάντως,
1937 1350 2013 1414 ὡς
2048 1350 2156 1403 άπὸ
2188 1351 2469 1424 Κυριακῆς
2489 1354 2568 1417 είς
2595 1354 2877 1426 Κυριακὴν
2904 1354 3232 1426 ἀγομένους’
3270 1353 3356 1407 ἵνα
3396 1351 3535 1424 μετὰ
3586 1349 3686 1414 τάς

436 1457 485 1521 η’
508 1449 841 1521 διακριϐωθῃ
876 1450 995 1503 κατ’
1024 1450 1237 1521 ἐκείνην
1262 1449 1361 1521 τὴν
1399 1447 1683 1519 Κυριακὴν
1725 1443 2016 1515 ὁριζομένη
2056 1444 2282 1508 δεόντως
2304 1447 2337 1515 ἡ
2360 1446 2456 1516 τῆς
2482 1448 2893 1519 παρεισϐάσεως
2920 1449 3100 1521 ἑορτή.
3124 1446 3283 1501 Κατὰ
3340 1445 3528 1500 τοῦτον
3574 1444 3686 1515 γὰρ

434 1543 525 1598 τὸν
552 1545 750 1615 τρόπον
789 1546 822 1614 ἡ
854 1545 910 1596 ἐν
941 1541 1020 1613 τῷ
1052 1540 1313 1612 εὐωνύμῳ
1360 1538 1648 1611 μετάθεσις
1697 1533 2064 1608 παραλλάττει
2098 1537 2234 1605 πρὸς
2289 1536 2388 1606 τὴν
2448 1539 2507 1589 ἐν
2544 1538 2622 1609 τῷ
2670 1537 2829 1609 δεξιῷ
2867 1538 3156 1611 γινομένην
3198 1537 3524 1609 μετάστασιν
3556 1552 3570 1566 ·
3602 1536 3685 1589 ὅτι

436 1637 530 1688 καὶ
559 1636 748 1706 μέχρις
773 1634 963 1705 ὀγδόης
993 1633 1202 1703 ἡμέρας
1228 1632 1525 1685 ἐκτείνεται
1555 1630 1643 1683 διά
1666 1628 1725 1682 τὲ
1755 1625 2015 1699 βίσεξτον,
2067 1627 2171 1696 τῆς
2220 1629 2278 1681 ὲν
2324 1628 2402 1699 τῷ
2449 1630 2607 1701 δεξιῷ
2642 1631 2908 1702 μηδαμῶς
2933 1632 3033 1696 τὰς
3085 1629 3129 1695 ζ’
3161 1630 3529 1702 διερχομένης,
3570 1629 3684 1682 ἁλλ’

436 1727 542 1793 Ero;
588 1727 767 1781 αὐτῶν
803 1728 899 1781 καὶ
936 1728 1093 1796 μόνον
1127 1723 1467 1797 ὁριζομένης.
1519 1721 1704 1776 Ταῦτα
1740 1721 1836 1775 καὶ
1882 1719 2013 1792 περὶ
2036 1720 2137 1791 τῆς
2167 1720 2310 1775 κατὰ
2335 1722 2396 1776 τὸ
2423 1723 2666 1794 βίσεξτον
2687 1724 3008 1797 ὀφειλούσης
3066 1725 3316 1794 γενέσθαι
3376 1721 3687 1796 παρατηρή-

399 1870 412 1881 .
440 1838 597 1884 σεως.

438 1934 574 2003 Περὶ
603 1931 723 2003 τῶν
748 1927 1021 2003 ἐπακτῷως
1057 1927 1165 2003 τοᾷ
1206 1927 1384 2003 ἡλίου
1408 1944 1422 1958 ο
1470 1926 1630 1991 τινες
1672 1918 1846 2003 αὗται
1872 1939 2013 1991 ’τυτ-

2200 1918 2275 1972 De
2307 1923 2504 1989 epactis
2531 1922 2691 1990 solis;
2718 1941 2834 1998 qua:
2864 1929 2991 1992 sint,
3020 1939 3068 1983 et
3100 1930 3214 2000 quis
3242 1946 3425 1984 earum
3456 1947 3601 1987 usus.

541 2002 819 2073 χάνουσι,
853 2000 949 2053 καὶ
984 1998 1082 2052 διὰ
1108 1997 1165 2050 τί
1191 1994 1431 2063 ταύταις
1455 1994 1904 2065 προσχρώμεθα.

506 2097 633 2149 Kl".
681 2094 766 2156 Ὦς
804 2091 870 2145 ἂν
912 2091 969 2144 δὲ
1001 2089 1133 2160 μηδὲ
1175 2090 1204 2141 ὁ
1237 2088 1365 2159 περὶ
1394 2087 1503 2140 τῶν
1542 2085 1637 2140 τοῦ
1676 2085 1827 2157 ἡλίου
1856 2083 2012 2150 λόγος

438 2190 568 2258 ἡμῖν
603 2184 957 2250 ἁνεξέταστος
1001 2179 1309 2251 ἀπομεὶνοι,
1337 2179 1567 2249 λέγομεν
1596 2175 1840 2239 ὲπακτὰς
1872 2169 2011 2227 εἶναι

438 2281 545 2334 τῶν
577 2277 670 2331 τοῦ
702 2276 853 2347 ἡλίου
899 2272 1037 2326 ἐτῶν
1064 2271 1163 2335 τὰς
1195 2272 1303 2325 ἀπὸ
1342 2271 1443 2341 τῆς
1476 2267 1836 2340 ὲϐδομαδικῆς
1871 2265 2010 2337 ἡμιέ-

441 2388 561 2445 ρας,
590 2369 649 2433 ἐξ
676 2364 744 2440 ἦς
778 2367 839 2419 τὸ
874 2365 1097 2437 ἡλιακὸν
1139 2364 1257 2427 ἔτος
1290 2362 1616 2432 άπάρχεται,
1650 2359 1791 2414 κατὰ
1820 2360 2016 2413 ἀναπο-

438 2461 627 2531 δισμὸν
668 2456 960 2518 λειπούσας
1011 2456 1069 2507 ὲν
1114 2456 1180 2525 τῇ
1228 2453 1366 2523 αὐτῇ
1410 2450 1664 2522 ἑϐδομάδι
1711 2449 1872 2521 μέχρι
1914 2448 2013 2518 τῆς

441 2552 683 2624 πρώτης,
712 2551 875 2621 ἡγουν
890 2548 988 2617 τῆς
1014 2546 1177 2616 ἁγίας
1201 2543 1513 2615 Κυριακῆς’
1542 2536 1652 2595 οἷον
1688 2541 1819 2613 φέρε
1841 2541 2014 2592 εἰπεῖν

438 2646 514 2708 ὠς
542 2644 634 2696 ἐπὶ
659 2641 753 2695 τοῦ
794 2638 1087 2700 ἐνεστῶτος
1117 2643 1201 2709 κη’
1232 2635 1405 2700 ἔτους.
1457 2633 1695 2706 Ἤρξατο
1734 2631 1843 2702 γὰρ
1875 2631 2014 2686 κατὰ

439 2736 538 2806 τὴν
558 2732 781 2805 πρώτην
800 2729 894 2784 τοῦ
926 2728 1200 2799 Ἀπριλίου
1229 2726 1419 2798 μηνὸς,
1440 2725 1548 2780 ἀπὸ
1573 2724 1826 2794 ἑϐδόμης,
1848 2723 2015 2794 ἤγουν

442 2825 720 2880 Σαϐϐάτω
760 2816 990 2895 ἡμέρας.
1027 2820 1139 2883 Τὰς
1175 2815 1267 2871 οὖν
1308 2816 1616 2880 διελθούσας
1656 2816 1869 2887 ἡμέρας
1913 2813 2015 2882 τῆς

442 2918 611 2988 αὐτῆς
635 2913 923 2985 ἑϐδομάδος
960 2912 1064 2975 ἓως
1090 2912 1190 2980 τῆς
1220 2909 1502 2981 Κυριακῆς
1545 2905 1788 2968 ὲπακτὰς
1816 2904 2014 2974 κέκτη-

441 3026 563 3063 ται·
610 3008 853 3061 τουτέστι
882 3004 980 3075 τὴν
1028 3000 1407 3071 Παρασκευὴν,
1438 2999 1538 3070 τὴν
1582 3004 1644 3063 ε’,
1676 2997 1774 3069 τὴν
1805 2997 1876 3066 δ’,
1917 2996 2015 3067 τὴν

444 3108 515 3169 γ’,
533 3100 630 3171 τὴν
659 3099 724 3170 β’,
753 3097 848 3152 καὶ¹
874 3095 1042 3165 αὐτὴν
1070 3095 1168 3164 τὴν
1197 3092 1358 3161 ἁγίαν
1380 3090 1694 3163 Κυριακήν·
1726 3088 1803 3152 ὡς
1832 3086 2016 3141 ὲντεῦ.

444 3194 535 3248 θεν
564 3192 624 3258 ἒξ
654 3192 917 3263 ὑπάρχειν
949 3186 1049 3250 τὰς
1087 3183 1256 3239 αὑτοῦ
1296 3180 1392 3237 τοῦ
1428 3189 1512 3254 κη’
1556 3180 1706 3245 έτους
1746 3177 2008 3242 ὲπακτάς.

2181 2072 2369 2131 XXIII.
2406 2078 2585 2149 Atque
2612 2091 2672 2135 ut
2697 2097 2766 2137 ne
2794 2083 2925 2137 solis
2957 2083 3176 2153 quidem
3217 2092 3422 2154 epactae
3458 2101 3488 2139 a
3528 2085 3688 2141 nobis

2111 2163 2459 2234 inexplorata:
2473 2169 2866 2241 relinquantur,
2885 2182 3103 2243 epactas
3122 2189 3388 2229 annorum
3404 2176 3534 2230 solis
3556 2174 3688 2230 defi-
3787 2157 3793 2163 ’

2113 2256 2293 2312 nimus
2314 2259 2561 2316 residuas
2588 2262 2942 2319 hebdomadis
2963 2264 3127 2320 ferias
3147 2276 3269 2336 post
3288 2282 3427 2331 eam,
3455 2282 3575 2338 qua:
3596 2282 3687 2321 sn-

2112 2345 2277 2400 larem
2301 2362 2501 2404 annum
2525 2353 2865 2423 auspicatur;
2890 2370 3010 2424 quae
3030 2367 3175 2411 retro
3198 2358 3252 2412 in
3273 2359 3460 2413 eadem
3486 2357 3688 2412 hebdo-

2114 2436 2272 2490 mada
2288 2438 2353 2492 ad
2372 2440 2620 2509 primam,
2642 2443 2756 2499 sive
2771 2442 3106 2500 Dominicam
3124 2462 3296 2517 usque
3312 2457 3685 2503 numerantur.

2113 2523 2432 2596 Exemplum
2464 2547 2478 2583 :
2515 2528 2615 2586 Hic
2641 2546 2819 2588 annus
2848 2534 2941 2604 qui
2966 2543 3051 2591 est
3080 2537 3212 2592 solis
3241 2552 3434 2603 xxvm,
3465 2536 3628 2608 coepit
3656 2551 3688 2589 a

2116 2616 2344 2677 Kalend.
2395 2621 2569 2692 April.
2622 2622 2758 2681 feria
2815 2642 2923 2692 vn,
2975 2630 3090 2685 sive
3140 2629 3399 2686 Sabbato.
3456 2628 3691 2687 Proinde

2114 2722 2336 2781 epactas
2382 2714 2546 2771 habet
2590 2720 2895 2786 praeteritos
2944 2734 3131 2777 omnes
3170 2721 3309 2786 dies,
3359 2721 3454 2793 qui
3499 2721 3687 2777 eadem

2116 2801 2454 2861 hebdomade
2478 2805 2544 2861 ad
2570 2805 2905 2864 Dominicam
2932 2811 3225 2881 pertinent,
3255 2812 3359 2867 hoc
3388 2819 3470 2867 est
3498 2812 3687 2867 feriam

2114 2908 2171 2957 v,
2214 2909 2289 2959 ιν,
2325 2910 2410 2958 m,
2447 2912 2508 2963 ιι,
2535 2903 2591 2951 et
2629 2897 2988 2955 Dominicam.
3028 2901 3209 2968 Quare
3240 2918 3295 2957 vi
3331 2911 3535 2973 epactze
3563 2913 3691 2958 sunt

2117 2985 2246 3039 anni
2286 3002 2475 3043 xxvm.
2518 2989 2653 3044 Cum
2694 3007 2826 3062 ergo
2859 3007 3092 3063 sequens
3125 3011 3324 3059 annus,
3359 2995 3451 3066 qui
3481 2995 3691 3065 primus

2115 3078 2219 3132 erit
2265 3079 2420 3145 solis,
2458 3096 2490 3135 a
2542 3081 2677 3137 feria
2732 3086 2925 3154 prima,
2973 3086 3087 3142 sive
3114 3086 3395 3142 Dominica
3421 3087 3585 3149 ineat,
3611 3102 3689 3141 vn

2116 3168 2279 3225 habet
2303 3182 2545 3241 epactas,
2577 3190 2697 3244 quae
2721 3175 2788 3231 ab
2819 3174 3057 3231 Sabbato
3082 3192 3256 3247 usque
3283 3178 3349 3233 ad
3382 3177 3691 3248 praeceden-

447 3249 908 3352 "005v'emt6-li‘rb
940 3249 1166 3332 εἰσιέναι
1202 3274 1413 3347 μέλλον,
1450 3249 1591 3344 φημὶ
1613 3272 1670 3326 δὲ
1695 3271 1756 3324 τὸ
1778 3269 2011 3340 πρῶτον,

2122 3270 2228 3317 tem
2267 3264 2604 3321 Dominicam
2641 3276 3019 3324 numerantur.
3058 3268 3135 3324 Ita
3174 3268 3447 3326 secundus
3488 3285 3687 3340 annus,

446 3377 554 3431 ἀπὸ
595 3373 817 3448 πρώτης
845 3372 1095 3442 ἄρχεται,
1125 3367 1402 3421 τουτέστιν
1442 3364 1603 3434 ἁγίας
1631 3362 1935 3434 Κυριακῆς,
1973 3359 2017 3423 ζ’

445 3468 679 3539 ἡμέρας,
707 3466 872 3537 ἡγουν
896 3463 994 3526 τάς
1025 3460 1132 3521 άπὸ
1150 3457 1430 3513 Σαϐϐάτου
1466 3457 1626 3528 μέχρι
1657 3457 1754 3526 τῆς
1780 3450 2019 3506 διελθού-

449 3578 548 3630 σης
566 3559 729 3628 ἁγίας
749 3555 1032 3626 Κυριακῆς
1053 3549 1458 3624 ἀριθμουμένας
1476 3546 1715 3610 ὲπακτὰς
1736 3545 2018 3616 κέκτηται.

460 3650 691 3721 Ὁμοίως
746 3648 805 3702 δὲ
851 3647 947 3700 καὶ
995 3644 1055 3698 τὺ
1088 3642 1337 3714 δεύτερον
1380 3640 1518 3704 ἔτος,
1562 3639 1752 3709 ὅτιπερ
1798 3636 1862 3689 ὲκ
1919 3634 2020 3705 τῆς

449 3743 591 3798 κατὰ
620 3742 718 3813 τὴν
746 3737 1015 3809 ἑϐδομάδα
1046 3736 1305 3807 δευτέρας
1337 3732 1548 3805 ἡμέρας
1574 3731 1816 3802 ἄρχεται,
1854 3727 2023 3800 μόνην

424 3836 546 3910 ,τὴν
572 3835 723 3907 μίαν,
746 3832 991 3887 τουτέστι
1020 3830 1118 3900 τὴν
1146 3828 1305 3897 ἁγίαν
1336 3822 1641 3897 Κυριακὴν,
1674 3819 1916 3891 ὲπακτὴν
1940 3817 2024 3872 κέ-

449 3943 677 4000 κτηταιο
722 3926 799 3989 ὡς
840 3925 939 3979 οὐκ
982 3921 1149 3991 ἁλλην
1193 3918 1404 3991 ἡμέραν
1439 3917 1473 3987 ἢ
1513 3915 1679 3988 μόνην
1717 3912 1885 3984 αὐτὴν
1923 3911 2022 3983 τὴν

450 4020 733 4092 Κυριακὴν
760 4015 901 4071 κατὰ
930 4015 1031 4086 τὴν
1057 4012 1226 4083 αὐτὴν
1264 4008 1531 4081 ἑϐδομάδα
1562 4005 2023 4079 προηγησαμένην

449 4113 591 4184 ἔχον.
623 4110 838 4173 Ταύτας
860 4108 917 4161 δὲ
951 4106 1051 4170 τὰς
1084 4103 1299 4177 ἡμέρας
1326 4098 1621 4173 τηροῦμεν,
1652 4098 1718 4152 ἶν’
1744 4095 2025 4168 ὲϐδομαδι-

452 4203 583 4270 κῶς,
629 4202 908 4256 τουτέστιν
933 4198 1044 4253 άπὸ
1081 4196 1254 4268 ἀρχῆς
1292 4191 1609 4263 ἑϐδομάδος.
1655 4190 1763 4243 πᾶν
1803 4186 2024 4260 ἡλιακὸν

451 4297 569 4360 ἔτος
610 4293 996 4363 κανονίσωμεν,
1031 4290 1109 4352 εἰς
1131 4285 1347 4357 εὕρεσιν
1368 4283 1468 4353 τῆς
1498 4279 1857 4352 έϐδομαδικῆς
1887 4277 2024 4350 ἡμέ-

455 4404 553 4459 ρας
571 4403 585 4415 ·
611 4383 846 4455 ὁπηνίκα
867 4380 1069 4451 ταύτην
1093 4378 1184 4433 καὶ
1210 4378 1287 4440 είς
1312 4373 1543 4427 ἑκάστου
1573 4369 1739 4443 μηνὸς
1764 4367 2023 4459 ποσταίαν

454 4458 803 4549 βουληθῶμεν
847 4472 1056 4545 μαθεῖν.
1110 4470 1173 4522 Εἰ
1209 4466 1283 4538 μὴ
1326 4463 1434 4536 γὰρ
1479 4461 1651 4524 οὕτως
1692 4460 1869 4521 τοῦτο.
1915 4458 2024 4512 ἀπὸ

452 4573 550 4643 τῆς
575 4568 716 4623 κατὰ
747 4566 844 4639 τὴν
877 4562 1145 4634 ἑϐδομάδα
1168 4559 1390 4631 πρώτης
1420 4556 1650 4629 ἡμέρας,
1676 4554 1841 4626 ἡγουν
1864 4550 2025 4620 ἁγίας
2054 4578 2100 4635 D

454 4663 757 4737 Κυριακῆς,
806 4661 912 4713 πᾶν
954 4657 1175 4729 ἡλιακὸν
1209 4654 1327 4717 ἔτος
1375 4648 1696 4720 κανονισθῇ,
1746 4646 2025 4737 ἀμήχανον

452 4732 555 4829 τὴν
590 4751 949 4824 ἐϐδομαδικὴν
986 4747 1198 4820 ἡμέραν
1245 4746 1301 4797 ὲν
1350 4741 1657 4829 οἰῳδὴποτε
1678 4732 2030 4829 καταλαμϐά-

454 4824 566 4904 νεϋιν
614 4845 744 4919 μηνὶ
779 4844 906 4904 τοὺς
941 4837 1197 4911 ψηφίζειν
1235 4835 1536 4897 ἐθέλοντας.
1588 4824 1729 4919 υἷονῗ
1761 4828 1813 4881 τι
1850 4826 2025 4919 λέγῶ;

455 4941 517 4995 τὺ
550 4915 745 5009 παρδν,
772 4934 846 4997 ὡς
878 4931 1034 5001 ἔφην,
1055 4934 1139 5000 κη’
1172 4926 1310 4991 ἔτος,
1352 4922 1612 4993 Σαϐϐάτῳ
1634 4917 1914 5009 λαϐὸντὴν
1938 4915 2031 5009 dp-

465 5030 587 5102 χὴν,
621 5008 670 5082 εί
721 5026 795 5098 μὴ
846 5022 943 5087 τὰς
984 5021 1090 5093 πρὸ
1134 5017 1228 5073 τοῦ
1279 5014 1556 5070 Σαϐϐάτου
1606 5010 1665 5079 ἓξ
1710 5008 2027 5102 ἡμέρας

688 5094 793 5169 τοῦ⁷
810 5110 1087 5182 Ἀπριλίου
1112 5106 1278 5180 μηνὸς
1302 5102 1652 5174 ἐπεϐάλομεν,
1682 5099 1781 5192 οὐκ
1803 5096 1868 5192 ἂν

458 5187 654 5265 ϐάτον-ὴ
672 5203 838 5261 οὖσαν
879 5202 1047 5273 αὐτὴν
1100 5190 1750 5268 ἐγινώσκομενηἘπειδὴ
1792 5188 1903 5260 γὰρ
1951 5187 2029 5251 εἱς

458 5298 815 5375 Παρασκευὴν
852 5298 951 5367 τὴν
979 5289 1269 5362 κατάληξιν
1298 5286 1422 5357 ἔσχε
1452 5285 1514 5337 τὸ
1540 5281 1744 5375 διελθὸν
1783 5278 2027 5375 κζ’-ἔτος,

457 5397 511 5448 αἱ
542 5369 815 5464 ίσάριθμοι
851 5387 951 5456 τῆς
998 5379 1358 5454 Παρασκευῆς
1400 5375 1603 5447 ἡμέραι
1646 5372 1893 5426 λεκτικαὶ
1932 5369 2030 5464 μεν

456 5483 665 5538 ἐκείνου
703 5478 1082 5550 τυγχάνουσιν,
1118 5474 1197 5536 εἰς
1242 5470 1409 5540 αὐτὴν
1442 5467 1861 5539 περαιωθέντος,
1904 5463 2029 5517 τούσ-

455 5593 551 5630 του
599 5574 657 5627 δὲ
711 5570 966 5632 ὲπακταὶ,
1017 5567 1105 5619 διὰ
1152 5564 1213 5618 τὸ
1247 5562 1547 5631 ἐπάγεσθαι
1593 5561 1658 5631 τῇ
1694 5556 1886 5629 πρώτῃ
1934 5555 2028 5608 τοῦ

470 5663 744 5736 ’Λπριλίου
782 5662 876 5716 καὶ
911 5660 1081 5729 ταύτῃ
1119 5655 1493 5726 διασημαίνειν
1534 5652 1634 5724 τὴν
1675 5648 2029 5720 ὲϐδομαδικὴν

457 5757 696 5827 ἡμέραν,
735 5754 829 5821 ἀφ’
861 5746 930 5822 ἦς
975 5749 1037 5801 τὺ
1061 5746 1191 5801 αὐτὸ
1228 5752 1315 5816 κη’
1358 5745 1475 5807 ἔτος
1507 5742 1806 5813 ἀπήρξ-ατο.
1844 5737 2029 5801 Οὕτως

459 5849 567 5921 γάρ
596 5849 631 5919 ἦ
654 5864 712 5901 τε
736 5843 875 5900 κατὰ
897 5843 992 5913 τὴν
1023 5839 1374 5911 ἑϐδομαδικὴν
1410 5836 1674 5908 ἁρμονίαν
1706 5832 2027 5905 φυλάττεται

2122 3355 2379 3425 quoniam
2411 3371 2443 3410 a
2473 3355 2610 3412 feria
2641 3359 2878 3415 secunda
2905 3360 3297 3416 hebdomadica
3329 3360 3540 3431 incipit,
3568 3378 3692 3434 epa-

2121 3456 2239 3504 ctas
2280 3448 2442 3505 habet
2485 3466 2526 3514 ι,
2577 3450 2682 3507 hoc
2726 3460 2811 3507 est
2853 3463 3096 3507 sanctam
3147 3452 3512 3522 Dominicam,
3562 3470 3687 3510 cum

2120 3541 2325 3621 nullam
2352 3543 2601 3609 alteram,
2636 3552 2833 3613 prater
2861 3543 3221 3610 Dominicam,
3271 3545 3328 3600 in
3373 3529 3560 3601 eadem
3590 3545 3687 3601 hev

2121 3632 2393 3687 bdomada
2416 3632 2821 3689 antecedentem
2853 3635 3064 3690 habeat.
3102 3636 3365 3692 Caeterum
3396 3636 3495 3692 has
3542 3636 3693 3707 ipsas

2123 3723 2240 3779 dies
2286 3725 2605 3790 retinemus,
2656 3733 2717 3781 ut
2763 3725 3177 3792 hebdomadice,
3216 3727 3271 3784 id
3305 3736 3390 3784 est
3424 3728 3492 3782 ab
3534 3728 3691 3781 initio

2124 3814 2478 3873 hebdomadis
2524 3832 2729 3872 annum
2783 3831 2998 3872 omnem
3057 3817 3188 3873 solis
3240 3817 3577 3883 ordinemus,
3623 3817 3691 3871 ad

2123 3904 2554 3975 investigandam
2598 3905 2811 3972 feriam,
2851 3904 3287 3977 quandocunque
3317 3921 3438 3960 eam
3473 3904 3531 3959 in
3561 3919 3695 3975 qua-

2125 3995 2255 4050 libet
2291 3996 2378 4051 die
2421 3997 2626 4053 mensis
2669 3997 2914 4052 obtinere
2951 3997 3222 4053 volumus.
3261 3995 3398 4050 Nam
3441 3995 3549 4051 nisi
3591 3996 3694 4051 hoc

2124 4087 2308 4153 modo,
2358 4102 2391 4143 a
2441 4090 2618 4161 prima
2675 4088 2765 4145 die
2813 4088 3191 4155 hebdomadis,
3237 4104 3334 4144 seu
3388 4087 3692 4152 Dominica,

2123 4192 2300 4233 annus
2328 4178 2557 4249 quilibet
2588 4179 2720 4235 solis
2761 4178 3003 4249 regulam
3032 4180 3235 4249 capiat,
3274 4192 3379 4232 non
3413 4183 3593 4247 potest
3624 4176 3694 4230 ab

2125 4268 2212 4335 iis,
2257 4267 2350 4339 qui
2393 4271 2634 4326 calculos
2675 4269 2977 4326 subducere
3007 4270 3299 4333 voluerint,
3339 4267 3694 4323 hebdomadis

2124 4356 2239 4413 dies
2273 4358 2327 4412 in
2361 4358 2470 4413 ullo
2500 4373 2685 4414 mense
2712 4358 3061 4429 deprehendi.
3104 4356 3207 4423 Sit,
3241 4357 3472 4427 exempli
3505 4371 3692 4422 causa,

2122 4465 2365 4520 praesens
2386 4466 2564 4505 annus
2577 4451 2730 4514 solis,
2757 4457 2814 4505 ut
2830 4459 2953 4505 ante
2968 4449 3127 4520 179
3148 4449 3351 4505 dictum
3378 4456 3481 4512 est,
3501 4463 3694 4513 xxvm,
3806 4456 3813 4462 ‘

2126 4541 2221 4612 qui
2261 4555 2290 4594 a
2344 4540 2582 4596 Sabbato
2613 4547 2826 4609 emptus
2858 4545 2962 4595 est.
3002 4540 3168 4609 Igitur
3196 4538 3301 4594 nisi
3332 4537 3400 4592 ad
3426 4536 3697 4593 Kalendas

2126 4631 2338 4703 Apriles
2377 4646 2471 4687 sex
2506 4640 2631 4686 ante
2669 4630 2967 4685 Sabbatum
2996 4629 3112 4685 dies
3141 4627 3555 4693 addidissemus,
3597 4643 3692 4683 ne-

2126 4738 2400 4794 quaquam
2455 4723 2577 4779 illas
2624 4722 2679 4775 in
2734 4720 3030 4776 Sabbatum
3078 4719 3339 4775 incidisse
3384 4734 3694 4776 nossemus.

2127 4815 2263 4869 Cum
2310 4815 2454 4870 enim
2486 4813 2799 4884 praecedens
2829 4827 3026 4876 annus,
3067 4811 3158 4881 qui
3193 4817 3311 4866 erat
3351 4812 3482 4867 solis
3521 4828 3694 4876 xxvu,

2131 4907 2185 4960 in
2212 4904 2551 4961 Parasceven
2582 4903 2826 4967 desierit,
2855 4904 2983 4957 huic
3021 4904 3244 4974 aequalis
3270 4902 3479 4958 dierum
3505 4919 3697 4959 nume-

2129 5015 2247 5061 rus,
2294 5000 2386 5070 qui
2435 5015 2636 5054 annum
2674 4998 2825 5053 illum
2857 4997 3185 5061 terminavit,
3214 4996 3371 5066 cujus
3401 4994 3698 5051 Parasreve

2129 5092 2373 5146 clausula
2402 5090 2525 5154 luit,
2549 5090 2832 5161 praesentis
2866 5088 2991 5143 anni
3031 5098 3157 5142 sunt
3179 5094 3400 5157 epactae,
3430 5080 3586 5156 quasi
3613 5085 3698 5139 ad-

2130 5185 2339 5240 dititias
2368 5184 2521 5240 dicas
2542 5223 2556 5248 ,
2591 5183 2737 5253 quod
2776 5180 3032 5236 Kalendis
3059 5180 3261 5251 Aprilis
3287 5179 3574 5239 addantur,
3606 5192 3699 5231 eo-

2129 5292 2235 5347 que
2259 5275 2419 5329 modo
2446 5274 2635 5330 feriam
2667 5274 2925 5338 indicent,
2954 5288 2984 5326 a
3010 5287 3117 5341 qua
3146 5287 3322 5327 annus
3353 5269 3494 5324 idem
3526 5283 3591 5323 xx
3604 5282 3697 5349 vni

2129 5382 2359 5424 exorsus
2389 5373 2495 5422 est.
2526 5364 2602 5418 Ita
2631 5364 2831 5435 quippe
2869 5363 2923 5417 in
2967 5360 3356 5419 hebdomadica
3391 5359 3532 5415 serie
3571 5373 3697 5428 per-

2129 5460 2368 5530 petuitas
2396 5455 2645 5528 quaedam
2687 5455 3054 5512 successionis
3084 5461 3318 5517 tenetur,
3360 5458 3413 5507 et
3449 5450 3575 5504 anni
3608 5464 3697 5503 so-

2131 5552 2275 5608 lares
2309 5552 2377 5605 ab
2411 5549 2765 5605 hebdomadis
2795 5549 2973 5614 initio,
3002 5548 3105 5603 hoc
3130 5552 3215 5602 est
3241 5544 3541 5603 Dominica,
3575 5549 3694 5595 tan‘

2130 5656 2293 5712 quam
2331 5641 2520 5711 regula
2552 5640 2851 5710 pendentes
2882 5654 3078 5694 cursus
3115 5652 3244 5693 suos
3273 5636 3551 5692 insistunt.
3582 5631 3692 5687 Un-

2130 5735 2197 5790 de
2237 5734 2614 5804 cujuscunque
2655 5731 2858 5786 mensis
2885 5732 3004 5786 dies
3032 5730 3348 5803 congruenti
3381 5727 3527 5785 feriae
3560 5727 3698 5783 citra

2132 5825 2327 5883 calculi
2356 5839 2596 5882 errorem
2633 5831 2809 5895 potest
2842 5823 3082 5879 attribui.
