4106 6432
425 354 563 411 1243

1422 352 1522 406 AD
1551 348 1821 407 EUSEBII
1859 348 2258 410 CHRONICON
2289 346 2654 408 APPENDIX.

3547 340 3685 406 ιειι

425 477 639 536 πάντως
680 471 950 541 συνέχεια,
996 470 1091 524 καὶ
1115 472 1148 540 ἡ
1187 468 1296 523 τῶν
1327 471 1566 543 ἡλιακῶν
1609 470 1747 523 ἑτῶν
1788 469 1865 532 ὡς
1902 468 2012 522 ἀπὸ
2062 470 2240 541 ἀρχῆς
2300 466 2614 537 ἑϐδομάδος,
2648 466 2816 536 ἡγουν
2863 464 3086 534 πρώτης
3130 462 3363 534 ἡμέρας.
3413 459 3689 524 κανονίζι-

423 586 509 621 ται
561 568 796 638 κίνησις.
842 564 932 630 Ἐξ
997 560 1171 636 οὗπερ
1216 565 1336 618 οὐδὲ
1387 564 1485 635 μία
1517 568 1632 628 τοῖς
1688 563 1946 634 ψηφίζειν
2007 562 2251 617 ἐθέλουσι
2298 562 2510 632 γίνεται
2562 558 2739 629 πλάνη
2799 557 2935 628 πρὸς
2963 555 3060 625 τὴν
3102 558 3161 610 ὲν
3205 554 3503 625 οἱῳδὴποτε
3554 558 3686 627 μηνὶ

423 658 683 711 ποσταίαν
712 658 809 727 τῆς
846 654 1203 725 ἐϐδομαδικῆς
1242 654 1454 725 ἡμέρας
1496 653 1823 724 κατάληψιν.

424 779 546 846 Qua
589 777 793 831 ratione
821 774 956 843 feria
993 790 1296 843 quocunque
1338 774 1423 829 die
1461 775 1659 829 mensis
1691 766 1999 842 investigari

2117 725 2238 834 {16);-
2268 765 2385 834 τὴν
2417 761 2815 846 ἐϐδομαδικῂν
2846 759 3076 846 ἡμέραν
3102 762 3188 846 είς
3200 759 3476 841 ηέκάστου
3491 766 3690 833 μηνὸς

1114 854 1307 913 potest.

492 957 684 1014 XXIV.
712 957 907 1012 Eadem
925 956 1122 1026 quippe
1140 954 1431 1010 methodus
1451 961 1535 1009 est
1552 952 1890 1023 inquirendae
1911 968 2008 1005 cu-

430 1066 730 1120 guscunque
748 1049 854 1103 diei
881 1048 1084 1103 mensis
1102 1046 1270 1110 ferire,
1291 1061 1456 1117 quam
1473 1047 1540 1101 ad
1564 1046 1832 1102 Kalendas
1848 1047 2011 1116 Apri-

430 1160 503 1200 res
553 1141 931 1197 adhibuimus.
973 1138 1244 1193 Nimirum
1298 1151 1358 1194 ut
1409 1139 1647 1195 labentis
1700 1139 1829 1194 anni
1875 1138 2008 1194 solis

430 1242 642 1303 epactas
663 1232 987 1301 adjiciamus
1010 1231 1076 1285 ad
1106 1230 1320 1285 dierum
1362 1246 1675 1295 numerum,
1712 1230 1805 1301 qui
1837 1245 1866 1284 a
1897 1229 2009 1284 Ka-

428 1325 602 1380 lendis
642 1323 850 1394 Aprilis
919 1322 988 1377 ad
1029 1339 1178 1387 cum,
1233 1324 1325 1393 qui
1380 1322 1665 1392 quaeritur,
1712 1322 2012 1392 cujuslibet

429 1420 631 1473 mensis
657 1416 802 1472 diem
839 1415 1119 1471 [luxerunt
1155 1434 1168 1470 :
1202 1426 1314 1470 tum
1350 1416 1635 1470 collectam
1663 1430 1731 1469 ex
1755 1414 2013 1469 omnibus

431 1524 697 1565 summam
737 1524 834 1580 per
858 1524 933 1563 vn
977 1508 1304 1579 partiamur.
1352 1506 1508 1573 Quod
1551 1507 1699 1562 enim
1739 1507 2010 1577 reliquum

431 1609 512 1658 est
546 1600 739 1655 feriam
781 1599 1232 1655 hebdomadicam
1257 1599 1506 1669 ejusdem
1549 1598 1764 1654 numeri
1801 1598 2013 1669 praebe-

432 1690 528 1744 bit.
569 1689 759 1744 Potest
791 1695 845 1743 et
901 1688 1009 1743 alio
1059 1687 1222 1742 modo
1268 1688 1522 1757 reperiri.
1575 1687 1807 1757 Epactas
1862 1688 2010 1743 solas

433 1795 557 1834 cum
595 1778 791 1835 diebus
836 1778 1110 1833 mensium
1153 1792 1319 1848 supra
1352 1794 1525 1832 xxvm
1558 1777 1676 1833 dies
1714 1793 2011 1833 excurren-

433 1873 599 1938 tibus,
640 1872 709 1927 ad
738 1879 1096 1942 quotcunque
1144 1887 1366 1927 menses
1397 1885 1705 1941 propagare
1732 1870 2009 1925 calculum

434 1966 643 2027 libebit,
675 1965 1026 2035 componito,
1078 1963 1228 2017 velut
1268 1963 1506 2033 sumptis
1555 1979 1625 2018 ex
1679 1960 1851 2032 Aprili
1886 1979 1948 2025 ιι,
1978 1978 2012 2018 e

433 2055 574 2113 Maio
597 2073 678 2123 ιιι,
728 2064 782 2111 ει
808 2056 887 2113 sic
915 2054 1173 2125 deinceps
1203 2055 1270 2109 ad
1304 2053 1648 2125 propositum
1667 2069 1841 2124 usque
1857 2070 2012 2109 men-

2527 834 2749 885 ποσταί
2752 849 2828 885 αν
2859 831 3031 886 ἐστὶν
3057 831 3275 900 εὑρεῖν.

2181 946 2307 1003 KA'.
2362 946 2454 1017 Τῷ
2500 944 2650 1017 αὑτῷ
2690 944 2800 1017 γὰρ
2838 946 3024 1017 τρόπῳ
3076 947 3173 1000 καὶ
3206 947 3288 1011 είς
3325 946 3422 1019 τὴν
3455 948 3687 1002 ἑκάστου

2110 1041 2278 1112 μηνὸς
2316 1040 2580 1092 ποσταίαν
2624 1036 2924 1109 κεχρῆσθαι
2958 1039 3225 1110 προσήκει
3265 1038 3363 1111 τὴν
3401 1040 3689 1110 ἐϐδομαδι-

2109 1133 2214 1204 κὴν
2257 1131 2612 1203 ἐρευνῶντας,
2665 1124 2816 1201 ᾧπερ
2861 1130 3175 1203 κεχρήμεθα
3216 1135 3310 1186 καὶ
3354 1134 3431 1195 εἰς
3462 1133 3560 1202 τὴν
3592 1131 3688 1187 τοῦ

2122 1221 2399 1293 ’Δπριλίου
2430 1220 2673 1292 πρώτην.
2703 1215 2828 1273 υἷον
2859 1221 2958 1283 τὰς
2986 1220 3228 1285 ὲπακτὰς
3266 1221 3576 1275 ἐπιϐάλλειν
3595 1220 3690 1276 τοῦ

2110 1311 2404 1374 ἐνεστῶτος
2435 1308 2659 1382 ἡλιακοῦ
2691 1309 2843 1372 ἔτους
2866 1312 2987 1374 ταῖς
3019 1311 3112 1363 ἀπ’
3146 1311 3315 1380 αὐτῆς
3342 1313 3440 1383 τῆς
3467 1309 3693 1383 πρώτης

2107 1403 2204 1457 τοῦ
2244 1402 2541 1476 ’Δπριλίου,
2578 1402 2738 1472 μέχρι
2769 1402 2953 1472 τῆς-ὲν
2997 1402 3292 1473 οίῳδὴποτε
3333 1403 3466 1474 μηνὶ
3498 1403 3696 1474 ζητου-

2114 1493 2283 1565 μένης
2310 1495 2439 1564 ἡμῖν
2471 1493 2734 1556 ποσταίας
2754 1509 2767 1521 ·
2796 1491 2890 1545 καὶ
2918 1492 3015 1555 τὰς
3038 1492 3165 1554 ὅλας
3197 1494 3276 1555 είς
3298 1496 3389 1545 τὸν
3422 1492 3562 1546 ἑπτὰ
3592 1510 3698 1563 με-

2112 1585 2306 1660 ρίζειν,
2343 1586 2439 1639 καὶ
2456 1587 2521 1639 ὲκ
2548 1585 2656 1639 τῶν
2684 1585 3075 1655 ἀπομενουσῶν
3106 1585 3395 1656 ἰσάριθμον
3414 1581 3579 1639 οὖσαν
3607 1602 3697 1654 γιο

2110 1678 2392 1750 νῶσκομεν
2433 1677 2531 1749 τὴν
2558 1678 2657 1749 τῆς
2687 1677 2978 1746 ἑϐδομάδος
3023 1676 3256 1748 ἡμέραν.
3298 1676 3566 1735 Ἦπάλιν
3599 1678 3696 1730 καὶ

2109 1772 2231 1825 κατ’
2253 1770 2411 1825 ἄλλον
2436 1769 2658 1841 τρόπον,
2686 1770 2857 1832 αὑτάς
2885 1785 2942 1820 τε
2982 1767 3079 1830 τὰς
3112 1767 3355 1830 ὲπακτὰς
3384 1767 3571 1838 μόνας,
3599 1769 3698 1823 καὶ

2109 1863 2211 1927 τὰς
2277 1862 2414 1934 μετὰ
2465 1861 2567 1925 τὰς
2598 1859 2685 1933 κη’
2713 1860 2823 1915 τῶν
2874 1861 3058 1931 μηνῶν
3115 1860 3395 1932 περιττὰς,
3443 1858 3555 1913 οἷον
3598 1859 3694 1914 τοῦ

2123 1948 2401 2022 Ἀπριλίου
2439 1950 2540 2014 τὰς
2570 1947 2684 2013 δύο,
2745 1951 2839 2003 καὶ
2878 1950 3055 2004 Μαΐου
3087 1948 3184 2014 τὰς
3218 1946 3286 2018 γ’,
3312 1952 3405 2003 καὶ
3430 1951 3537 2006 τῶν
3567 1951 3699 2004 καθ-

2111 2041 2238 2113 εξῆς
2270 2042 2489 2113 ὁμοίως,
2514 2041 2672 2112 ἄχρις
2709 2035 2768 2095 οὗ
2798 2042 2891 2094 ἐὰν
2924 2041 3165 2111 θέλωμεν
3205 2039 3460 2111 ψηφίζειν
3493 2041 3692 2112 μηνός·

432 2166 571 2216 sem,
597 2150 759 2218 cujus
784 2149 907 2204 dies
930 2164 1127 2204 omnes
1158 2148 1222 2203 ad
1264 2163 1411 2204 eum.
1440 2163 1551 2217 quo
1584 2148 1655 2202 de
1685 2149 2006 2218 quaerimus,

2117 2130 2228 2186 εἶτα
2258 2132 2357 2203 τὴν
2389 2132 2727 2203 ζητουμένην
2754 2134 2885 2202 ἡμῖν
2916 2132 2973 2183 ὲν
2998 2131 3148 2201 αὑτῷ
3172 2131 3434 2184 ποσταίαν
3459 2131 3707 2195 ἐκείναις

432 2242 777 2312 adjicientes,
811 2255 1080 2295 summam
1110 2255 1207 2310 per
1240 2255 1314 2293 vu
1345 2239 1679 2303 dividimus;
1710 2240 1854 2309 quod
1885 2240 2012 2294 reli-

430 2350 602 2404 quum
634 2342 753 2396 est,
808 2332 903 2387 dat
946 2331 1137 2388 feriam
1174 2331 1484 2401 quaesitam.
1535 2330 1619 2387 Ob
1657 2331 1800 2386 bane
1849 2331 2016 2402 igitur

431 2439 659 2481 causam
693 2424 822 2477 anui
854 2423 986 2478 solis
1014 2429 1242 2493 epactas
1277 2422 1480 2477 habere
1508 2422 1799 2489 dicuntur;
1825 2435 1880 2479 ct
1903 2439 2018 2480 eas-

429 2518 555 2572 dem
589 2531 713 2581 nos,
755 2516 835 2570 uti
873 2525 1301 2572 consentaneum
1340 2523 1447 2581 est,
1481 2516 1827 2571 adhibemus.

587 2707 819 2775 Quinam
845 2706 975 2762 solis
1008 2709 1136 2762 anni
1158 2718 1351 2777 εραεια·
1366 2725 1549 2763 carere
1580 2707 1851 2761 dicantur.

487 2818 653 2875 XXV.
669 2819 745 2873 Ex
759 2835 867 2891 quo
884 2820 1011 2873 anni
1026 2835 1239 2885 omnes,
1259 2820 1351 2889 qui
1371 2834 1399 2873 a
1424 2818 1703 2874 Dominica
1728 2819 2017 2889 incipiunt,

432 2913 581 2967 velut
603 2910 835 2980 primus,
860 2910 1150 2980 septimus,
1184 2910 1840 2975 duodecimus,‘decimus
1866 2920 2019 2967 octa-

429 3018 536 3059 vus
561 3042 576 3067 ,
621 3002 743 3058 sine
770 3002 980 3073 epactis
1004 3017 1125 3058 esse
1145 3002 1442 3066 dicuntur,
1477 3004 1623 3073 quod
1655 3003 1861 3057 nullam
1879 3018 2019 3073 prat-

433 3094 716 3150 cedentem
757 3093 899 3148 diem
947 3094 1206 3149 habeant.
1265 3091 1402 3147 Nam
1458 3094 1611 3164 prior
1661 3109 1785 3149 esse
1842 3094 2018 3164 prima

435 3186 589 3240 nuila
627 3192 830 3255 potest.
862 3184 1078 3240 Etenim
1118 3200 1230 3240 non
1271 3176 1358 3241 sic
1392 3194 1617 3257 epaetas
1650 3185 1902 3241 obtinere
1928 3199 2018 3241 so-

434 3274 507 3331 lis
544 3290 745 3343 annus,
777 3275 1054 3346 quomodo
1082 3276 1247 3339 lunae,
1279 3275 1505 3330 dicitur.
1533 3275 1748 3346 Quippe
1785 3275 1921 3329 nihil
1940 3275 2018 3329 illi

437 3368 591 3423 deest
639 3366 707 3421 ad
751 3368 1048 3439 explendos
1092 3382 1297 3423 cccsxv
1336 3367 1475 3428 dies.
1511 3369 1590 3422 uti
1625 3367 1756 3421 luna
1780 3366 2018 3423 undenis

2115 2225 2500 2296 ἐμϐάλλοντες,
2525 2226 2605 2288 είς
2636 2224 2726 2279 τὸν
2754 2221 2799 2288 ζ’
2828 2224 2991 2279 πάλιν
3016 2221 3310 2295 μερίζομεν
3330 2240 3342 2253 ·
3379 2224 3475 2277 καὶ
3500 2225 3563 2276 ὲκ
3588 2221 3699 2276 τῶν

2114 2319 2503 2389 ἁπομενουσῶν
2548 2319 2648 2391 τὴν
2701 2316 3059 2389 ἐϐδομαδικὴν
3103 2316 3320 2381 πάντως
3347 2316 3696 2388 εὑρίσκομεν.

2113 2410 2330 2482 Ταύτης
2347 2405 2441 2464 οὗν
2461 2410 2646 2464 ἕνεκεν
2664 2411 2767 2481 τῆς
2792 2409 2971 2473 αἰτίας
2999 2410 3241 2473 ὲπακτάς
3270 2409 3413 2480 ἔχειν
3449 2408 3699 2477 λέγονται

2113 2501 2185 2554 τὰ
2218 2500 2313 2554 τοῦ
2342 2500 2498 2571 ἡλίου
2533 2500 2651 2571 ἔτη,
2688 2501 2783 2554 καὶ
2814 2498 2904 2553 διὰ
2928 2498 3133 2569 ταύτην
3165 2500 3356 2563 αὑταῖς
3398 2498 3707 2570 προσηκόν-

2115 2610 2224 2656 τως
2253 2591 2589 2664 κεχρήμεθα.

2115 2706 2266 2761 Ποῖα
2318 2704 2439 2761 τῶν
2490 2706 2597 2761 τοῦ
2631 2706 2810 2774 ἡλίου
2844 2704 2994 2760 ἐτῶν
3028 2705 3339 2761 ἀνέπακτα
3392 2703 3697 2777 τυγχάνει.

2188 2817 2316 2874 ΚΕ’.
2337 2819 2498 2874 Ὅθεν
2526 2820 2595 2875 τὰ
2628 2819 2735 2874 ἀπὸ
2751 2821 3036 2892 Κυριακῆς
3062 2821 3339 2893 ἀρχόμενα
3367 2820 3485 2892 ἔτη,
3510 2817 3621 2875 οἷον
3640 2823 3704 2877 τὸ

2118 2913 2353 2987 πρῶτον,
2393 2912 2454 2967 τὸ
2496 2912 2742 2983 ἕϐδομον,
2768 2912 2830 2966 τδ
2868 2912 3302 2977 δυοκαιδέκατον,
3334 2913 3396 2966 τὸ
3418 2911 3508 2984 ιη’,
3535 2912 3704 2968 ἀνέπ-

2117 3023 2260 3060 ακτα
2280 3005 2528 3076 λέγομεν,
2548 3004 2638 3058 διὰ
2655 3005 2716 3057 τὸ
2741 3004 2873 3075 μηδὲ
2896 3005 3023 3076 μίαν
3045 3005 3258 3077 ἡμέραν
3281 3005 3703 3077 προηγουμένην

2119 3098 2282 3169 ἔχειν.
2324 3098 2438 3151 Οὺκ
2485 3098 2601 3150 ἔστι
2633 3096 2740 3168 γὰρ
2781 3096 2888 3168 πρὸ
2913 3097 3012 3168 τῆς
3039 3094 3260 3167 πρώτης
3293 3096 3460 3166 ἄλλην
3491 3097 3699 3167 εὑρεῖν.

2131 3190 2283 3243 Ἐπεὶ
2323 3188 2567 3252 ὲπακτὰς
2590 3189 2651 3242 τὸ
2682 3187 2911 3259 ἡλιακὸν
2934 3187 3052 3251 ἔτος
3075 3187 3217 3241 κατὰ
3244 3188 3306 3241 τὸ
3332 3187 3433 3259 τῆς
3466 3187 3707 3259 σελήνης

2118 3279 2237 3345 ἔτος
2287 3281 2348 3333 οὺ
2396 3280 2680 3350 κέκτηται.
2718 3278 2854 3333 Οὐδὲ
2877 3277 2988 3349 γὰρ
3016 3278 3277 3349 ὑστεροῦν
3299 3277 3534 3351 ὑπάρχει
3563 3276 3704 3350 πρὸς

2119 3373 2218 3436 τὰς
2238 3369 2365 3439 τξέ,
2397 3371 2647 3443 καθάπερ
2682 3373 2861 3424 ἐκεῖνο
2885 3370 2984 3433 τὰς
3014 3367 3080 3423 ια’
3099 3387 3114 3400 ο
3142 3370 3210 3422 δι’
3242 3369 3310 3433 ἃς
3339 3369 3436 3424 καλ⁵
3460 3370 3560 3441 τὴν
3594 3368 3711 3425 τῶν

437 3458 655 3527 deficit;
684 3459 915 3529 ideoque
934 3468 1142 3530 septem
1160 3458 1584 3514 intercalari‘bus
1614 3458 1895 3514 mensibus
1921 3472 2014 3512 au-

2122 3462 2261 3517 ὲπτὰ
2287 3462 2596 3535 ὲμϐολίμων
2632 3462 2845 3533 δέχεται
2873 3461 3192 3533 προσθήκην
3231 3462 3416 3534 μηνῶν
3440 3464 3470 3516 ὁ
3494 3462 3593 3533 τῆς
3615 3464 3704 3516 ὲν-

434 3562 594 3625 getur
618 3552 1129 3610 decemnovennalis
1158 3555 1379 3627 cyclus;
1425 3554 1521 3611 sed
1552 3553 1624 3608 ob
1653 3553 1708 3608 id
1739 3567 1930 3618 unum,
1956 3558 2017 3605 ut

435 3644 494 3698 in
536 3643 817 3699 mensibus
862 3644 1150 3700 duodecim
1199 3644 1393 3700 feriam
1442 3649 2018 3714 assequamur;prout

439 3736 511 3791 ab
537 3734 763 3791 exordio
810 3735 1073 3789 solarium
1112 3750 1382 3789 annorum
1434 3733 1816 3790 hebdomadici
1867 3734 2018 3789 orbis

436 3827 686 3882 revoluta
715 3826 888 3880 series
913 3840 944 3878 a
974 3825 1276 3895 majoribus
1297 3835 1522 3897 accepta
1540 3827 1802 3897 postulat.
1821 3824 2019 3880 Hacte-

440 3932 546 3972 nus
576 3917 644 3972 de
675 3916 949 3973 solaribus
972 3916 1200 3987 epactis.

439 4032 520 4088 De
554 4030 817 4086 addititiis
859 4032 966 4087 sive
1013 4033 1346 4103 regularibus
1391 4047 1409 4087 :
1447 4031 1584 4087 unde
1636 4033 1888 4103 originem
1925 4033 2021 4088 ha-

1146 4104 1323 4158 beant.

515 4213 701 4269 XXVI.
738 4212 1037 4286 Regulares
1064 4214 1181 4270 dies
1220 4216 1391 4270 rubro
1432 4214 1617 4270 colore
1659 4213 1852 4277 notati,
1883 4228 2019 4284 quos

439 4306 807 4363 Romanorum
827 4307 1094 4362 mensium
1113 4308 1293 4377 quotis
1308 4307 1499 4362 diebus
1515 4322 1638 4361 cum
1655 4306 1860 4376 epactis
1876 4306 2021 4361 sola-

441 4397 596 4451 ribus
622 4395 899 4451 addendos
923 4411 1045 4451 esse
1081 4393 1426 4451 decrevimus
1446 4436 1462 4461 ,
1487 4404 1544 4451 ut
1571 4411 1798 4452 summae
1818 4410 1914 4465 per
1945 4411 2017 4450 νιι

442 4490 664 4561 partitio
692 4489 877 4556 ﬁeret,
897 4489 1039 4544 hanc
1073 4490 1277 4545 habent
1304 4490 1598 4544 rationem.
1633 4486 1769 4543 Cum
1804 4487 2018 4543 duobus

441 4582 618 4638 modis
648 4578 1113 4637 ~hebdomadicam
1150 4581 1364 4645 feriam,
1396 4590 1455 4635 ut
1490 4581 1695 4635 dictum
1723 4588 1826 4646 est,
1866 4594 2018 4635 com-

440 4685 727 4747 putemus;
762 4676 941 4745 primo
970 4675 1220 4731 collectis
1250 4675 1445 4730 diebus
1476 4675 1735 4729 omnibus
1765 4688 1795 4727 a
1819 4672 2018 4727 Kalen-

442 4767 527 4822 dis
573 4766 775 4834 Aprilis
823 4782 996 4834 usque
1044 4765 1114 4819 ad
1155 4766 1491 4835 pr0positam
1524 4765 1710 4829 diem;
1749 4762 2015 4828 secundo,

442 4858 576 4913 solis
617 4872 783 4928 supra
814 4872 988 4912 xxvm
1023 4854 1316 4927 superﬂuis
1354 4855 1582 4910 retentis
1616 4874 1631 4909 :
1662 4855 1729 4909 de
1762 4855 1848 4909 bis
1879 4853 2016 4924 ipsis

441 4950 754 5019 superiluis,
782 4964 902 5019 qum
933 4948 1000 5002 ad
1035 4947 1373 5018 Septembris
1401 4946 1584 5006 ﬁnem.
1614 4962 1712 5000 xm
1737 4945 2012 5010 conliunt;

441 5043 509 5098 ad
558 5040 849 5097 Octobrem
880 5055 1009 5095 vero
1034 5057 1123 5099 xv.
1150 5047 1382 5109 septem,
1424 5037 1605 5110 quoad
1643 5038 1791 5101 licet,
1833 5038 2014 5092 detra-

440 5134 624 5189 himus
658 5149 670 5184 :
706 5132 843 5186 ﬁunt
863 5148 929 5185 ex
963 5146 1060 5187 xm
1096 5130 1317 5201 quidem
1354 5130 1586 5199 reliquis
1619 5144 1712 5183 sex
1737 5170 1751 5191 ,
1784 5143 1921 5198 quas
1947 5128 2013 5181 ad

444 5224 814 5295 Septembrem
867 5221 1173 5277 rubricatas
1220 5221 1610 5290 apposuimus:
1648 5220 1715 5273 de
1766 5236 1834 5273 xv
1884 5236 2015 5276 vero

439 5318 692 5372 deductis
748 5316 1105 5370 hebdomadis
1140 5314 1376 5374 duabus,
1411 5314 1513 5367 hoc
1544 5321 1627 5367 est
1677 5312 1870 5367 diebus
1895 5328 2009 5378 xlv,

441 5409 717 5462 residuam
755 5424 919 5462 unam
964 5407 1129 5460 rubro
1163 5405 1345 5460 colore
1378 5406 1444 5460 ad
1480 5403 1769 5459 Octobrem
1817 5404 2012 5474 appin-

444 5502 643 5554 ximus.
670 5499 805 5553 Nam
841 5500 957 5554 sive
977 5514 1076 5552 xm
1105 5497 1243 5562 dies,
1273 5504 1367 5551 aut
1400 5515 1472 5552 xv
1510 5497 1865 5559 retineamus,
1901 5495 2015 5550 sive

444 5605 535 5643 sex
563 5591 731 5650 solas.
765 5595 847 5644 vel
879 5603 1046 5644 unam
1075 5588 1142 5642 ad
1173 5587 1391 5644 eosdem
1423 5587 1563 5643 duos
1599 5601 1813 5643 menses
1842 5578 2014 5657 appli-

513 5747 558 5781 ⁷⁸
588 5746 712 5804 Leu.
744 5744 841 5807 τὰς
876 5750 949 5808 ς’.

2118 3554 2691 3625 νεακαιδεκαετηρίδος
2706 3552 2923 3616 κύκλος·
2954 3552 3093 3607 ἀλλὰ
3111 3555 3268 3623 μόνον
3294 3553 3389 3607 τοῦ
3420 3554 3519 3623 τὴν
3549 3554 3704 3608 ἑϐδο-

2123 3646 2353 3719 μαδικὴν
2375 3646 2434 3698 ὲν
2450 3647 2563 3709 τοῖς
2578 3644 2901 3698 δυοκαίδεκα
2926 3644 3088 3714 μησὶν
3112 3642 3326 3715 ἡμέραν
3345 3643 3701 3713 ψηφίζεσθαι,

2116 3738 2263 3793 κατὰ
2292 3739 2393 3810 τὴν
2409 3740 2465 3790 ὲν
2504 3738 2644 3809 ἀρχῇ
2665 3735 2774 3791 τῶν
2793 3736 3032 3808 ἡλιακῶν
3059 3734 3196 3790 ὲτῶν
3216 3735 3315 3806 τῆς
3344 3736 3704 3807 ὲϐδομαδικῆς

2119 3828 2387 3901 ἁρμονίας
2417 3826 2700 3897 συνέχειάν
2743 3843 2802 3879 τε
2843 3827 2938 3880 καὶ
2963 3829 3364 3900 παρατήρησιν.
3388 3827 3576 3881 Ταῦτα
3608 3829 3704 3884 καὶ

2118 3937 2189 3974 πε
2199 3920 2251 3991 pl.
2282 3919 2391 3974 τῶν
2416 3917 2671 3972 ὲπακτῶν
2701 3916 2794 3971 τοῦ
2827 3917 2998 3989 ἡλίου.

2116 4036 2260 4106 Περὶ
2307 4035 2427 4091 τῶν
2472 4032 2848 4105 προσθετῶν’
2878 4034 3040 4106 τινες
3060 4050 3145 4099 τε,
3181 4032 3279 4087 καὶ
3317 4032 3504 4089 πόθεν
3527 4033 3704 4089 αὐταὶ

2698 4103 3134 4174 τυγχάνουσιν.

2190 4213 2337 4283 KG’.
2366 4216 2437 4268 Αἱ
2463 4214 2521 4268 δὲ
2551 4213 3085 4287 προσθεταὶὴμέραι,
3114 4214 3313 4278 αἵτινες
3340 4215 3447 4268 ἀπὸ
3474 4215 3701 4287 σηρικοῦ

2119 4307 2505 4380 γεγραμμέναι
2557 4308 2714 4371 εἰσὶν,
2757 4305 2823 4369 ἃς
2876 4307 2970 4359 καὶ
3025 4305 3412 4377 συνεμϐάλλειν
3445 4310 3569 4371 ταῖς
3601 4308 3702 4360 έπ-

2119 4402 2311 4464 ακταῖς
2340 4398 2433 4453 τοῦ
2462 4397 2689 4471 ἡλιακοῦ
2717 4397 2869 4462 ἔτους
2899 4397 3199 4469 εἰρήκαμεν
3223 4400 3288 4469 τῇ
3319 4399 3553 4470 ποσταία
3591 4397 3705 4451 τῶν

2131 4490 2456 4563 Ῥωμαϊκῶν
2504 4490 2710 4561 μηνῶν,
2735 4490 2830 4543 καὶ
2865 4487 3039 4553 οὕτως
3088 4488 3353 4543 ποιεῖσθαι
3381 4490 3472 4543 τὸν
3498 4491 3578 4553 είς
3608 4488 3705 4543 τὸν

2121 4584 2164 4650 ζ’
2212 4584 2501 4657 μερισμὸν,
2536 4578 2727 4636 τοῦτον
2781 4581 2964 4653 ἔχουσι
3007 4581 3099 4635 τδν
3142 4581 3317 4651 λόγον.
3349 4580 3705 4652 Διττῶςτῆς

2120 4675 2479 4747 ἑϐδομαδικῆς
2510 4674 2743 4746 ἡμέρας,
2769 4673 2844 4735 ὡς
2864 4672 3098 4744 ἐδείχθη,
3129 4672 3534 4744 ψηφιζομένης·
3560 4673 3704 4727 κατά

2121 4787 2179 4825 τε
2214 4768 2313 4839 τὴν
2333 4768 2441 4820 τῶν
2467 4766 2606 4820 ὅλων
2627 4764 2873 4836 ἄθροισιν
2895 4764 3118 4835 ἡμερῶν
3134 4780 3149 4796 ·
3171 4758 3281 4818 οἷον
3302 4765 3409 4818 ἀπὸ
3434 4766 3534 4836 τῆς
3557 4763 3703 4835 πρῶ»

2118 4878 2220 4933 της
2243 4858 2337 4913 τοῦ
2378 4856 2655 4930 Ἀπριλίου
2697 4855 2888 4927 μέχρις
2914 4854 3083 4925 αὐτῆς
3117 4855 3216 4926 τῆς
3239 4854 3333 4907 τοῦ
3365 4854 3702 4926 ζητουμένου

2121 4950 2288 5023 μηνὸς
2319 4947 2601 5009 ποσταίας,
2643 4945 2784 4999 κατά
2809 4962 2869 4998 τε
2900 4943 3000 5014 τὴν
3033 4943 3142 4998 τῶν
3179 4944 3316 5015 μετὰ
3351 4943 3451 5008 τὰς
3478 4950 3566 5016 κη’
3598 4961 3699 4998 πε-

2119 5041 2314 5114 ριττῶν
2340 5038 2562 5111 ἡμερῶν
2593 5037 2948 5110 διακράτησιν
2964 5055 2977 5068 ·
3003 5036 3207 5099 ταύτας
3236 5034 3300 5107 δὴ
3324 5034 3422 5100 τὰς
3439 5035 3702 5107 περιττὰς

2121 5132 2284 5203 μέχρι
2327 5131 2424 5202 μὲν
2454 5127 2830 5199 Σεπτεμϐρίου
2860 5125 3028 5199 μηνὸς
3060 5132 3126 5196 ιγ’
3155 5125 3568 5197 εὑρισκομὲνας,
3601 5125 3701 5195 μὲ-

2118 5241 2210 5295 χρι
2233 5222 2291 5275 δὲ
2334 5222 2663 5294 ὐκτωϐρίου
2689 5227 2769 5285 ιε’,
2789 5220 2899 5283 τῶν
2927 5226 2996 5289 ιγ’
3018 5218 3312 5288 ἀφελόντας
3330 5217 3429 5281 τὰς
3453 5215 3497 5281 ζ’
3517 5216 3703 5280 ⁷⁸,τὰς

2118 5313 2215 5367 καὶ
2258 5313 2316 5365 ὲν
2346 5311 2425 5383 τῷ
2474 5312 2829 5383 Σεπτεμϐρίῳ
2873 5311 2960 5365 διὰ
3015 5309 3242 5381 σηρικοῦ
3299 5306 3697 5378 κατετάξαμεν.

2133 5403 2429 5475 Ὠσπεροῦν
2470 5404 2564 5457 καλ⁸
2596 5405 2703 5457 τῶν
2736 5409 2794 5456 ιε’
2826 5402 2925 5465 τὰς
2950 5402 3043 5455 δύο
3064 5400 3341 5463 τελοῦντες
3374 5399 3694 5470 ἑϐδομάδας,

2122 5496 2287 5566 ἡγουν
2314 5497 2414 5560 τὰς
2444 5495 2501 5549 ιδ’
2538 5496 2767 5568 ἡμέρας,
2796 5494 2892 5566 τὴν
2919 5492 3047 5566 μίαν
3075 5493 3183 5547 ἀπδ
3214 5490 3441 5563 σηρικοῦ
3475 5490 3697 5559 διεγρά-

2121 5583 2303 5656 ψαμεν
2336 5585 2393 5638 ὲν
2416 5584 2493 5655 τῷ
2539 5583 2851 5655 Ὀκτωϐρίῳ
2871 5600 2883 5613 ·
2909 5584 3103 5637 ταυτὸν
3132 5583 3238 5655 γάρ
3265 5584 3380 5635 ἐστι
3408 5580 3506 5643 τάς
3534 5596 3595 5633 τι
3625 5581 3702 5647 tr
