  <div class='ocr_page' id='page_1' title='image "/cluster/home/n/w/nwhite01/storage/ocr_20150623/19:no.1/coo.31924054872993/644.png"; bbox 0 0 4106 6434; ppageno 0'>
   <div class='ocr_carea' id='block_1_1' title="bbox 364 404 506 459">
    <p class='ocr_par' dir='ltr' id='par_1_1' title="bbox 364 404 506 459">
     <span class='ocr_line' id='line_1_1' title="bbox 364 404 506 459; baseline 0.007 -1"><span class='ocrx_word' id='word_1_1' title='bbox 364 404 506 459; x_wconf 63' lang='grc'><strong>1245</strong></span> 
     </span>
    </p>
   </div>
   <div class='ocr_carea' id='block_1_2' title="bbox 1173 396 2841 458">
    <p class='ocr_par' dir='ltr' id='par_1_2' title="bbox 1173 396 2841 458">
     <span class='ocr_line' id='line_1_2' title="bbox 1173 396 2841 458; baseline -0.005 0"><span class='ocrx_word' id='word_1_2' title='bbox 1173 403 1232 458; x_wconf 84' lang='lat' dir='ltr'><strong>S.</strong></span> <span class='ocrx_word' id='word_1_3' title='bbox 1278 400 1531 457; x_wconf 75' lang='lat' dir='ltr'><strong>MAXIM!</strong></span> <span class='ocrx_word' id='word_1_4' title='bbox 1570 398 1931 454; x_wconf 77' lang='lat' dir='ltr'><strong>MARTYRIS</strong></span> <span class='ocrx_word' id='word_1_5' title='bbox 1970 396 2359 456; x_wconf 76' lang='lat' dir='ltr'><strong>COMPU&#39;I‘US</strong></span> <span class='ocrx_word' id='word_1_6' title='bbox 2398 396 2841 454; x_wconf 73' lang='lat' dir='ltr'><strong>ECCLESIAST.</strong></span> 
     </span>
    </p>
   </div>
   <div class='ocr_carea' id='block_1_3' title="bbox 3484 400 3623 455">
    <p class='ocr_par' dir='ltr' id='par_1_3' title="bbox 3484 400 3623 455">
     <span class='ocr_line' id='line_1_3' title="bbox 3484 400 3623 455; baseline 0.022 -2"><span class='ocrx_word' id='word_1_7' title='bbox 3484 400 3623 455; x_wconf 66' lang='lat'><strong>1216</strong></span> 
     </span>
    </p>
   </div>
   <div class='ocr_carea' id='block_1_4' title="bbox 369 514 1970 594">
    <p class='ocr_par' dir='ltr' id='par_1_4' title="bbox 369 519 1947 594">
     <span class='ocr_line' id='line_1_4' title="bbox 369 519 1947 594; baseline -0.001 -21"><span class='ocrx_word' id='word_1_8' title='bbox 369 524 458 575; x_wconf 74' lang='grc' dir='ltr'><strong>καὶ</strong></span> <span class='ocrx_word' id='word_1_9' title='bbox 485 521 585 586; x_wconf 75' lang='grc' dir='ltr'><strong>τὰς</strong></span> <span class='ocrx_word' id='word_1_10' title='bbox 624 529 683 576; x_wconf 88' lang='grc' dir='ltr'>ιε’</span> <span class='ocrx_word' id='word_1_11' title='bbox 709 523 966 594; x_wconf 83' lang='grc' dir='ltr'>τηρῆσαι,</span> <span class='ocrx_word' id='word_1_12' title='bbox 998 522 1107 576; x_wconf 55' lang='grc' dir='ltr'><strong>καῖ</strong></span> <span class='ocrx_word' id='word_1_13' title='bbox 1124 521 1293 593; x_wconf 87' lang='grc' dir='ltr'>μόνας</span> <span class='ocrx_word' id='word_1_14' title='bbox 1329 519 1431 584; x_wconf 79' lang='grc' dir='ltr'><strong>τὰς</strong></span> <span class='ocrx_word' id='word_1_15' title='bbox 1474 525 1530 584; x_wconf 83' lang='grc' dir='ltr'>ς’</span> <span class='ocrx_word' id='word_1_16' title='bbox 1552 520 1649 573; x_wconf 70' lang='grc' dir='ltr'><strong>καὶ</strong></span> <span class='ocrx_word' id='word_1_17' title='bbox 1672 519 1770 590; x_wconf 81' lang='grc' dir='ltr'><strong>τὴν</strong></span> <span class='ocrx_word' id='word_1_18' title='bbox 1795 525 1865 580; x_wconf 83' lang='grc' dir='ltr'>α’.</span> <span class='ocrx_word' id='word_1_19' title='bbox 1889 520 1947 572; x_wconf 84' lang='grc' dir='ltr'><strong>ἐν</strong></span> 
     </span>
    </p>
   </div>
   <div class='ocr_carea' id='block_1_5' title="bbox 2053 514 3624 594">
    <p class='ocr_par' dir='ltr' id='par_1_5' title="bbox 2053 514 3624 587">
     <span class='ocr_line' id='line_1_5' title="bbox 2053 514 3624 587; baseline -0.001 -16"><span class='ocrx_word' id='word_1_20' title='bbox 2053 532 2267 580; x_wconf 89' lang='lat' dir='ltr'><strong>cemus.</strong></span> <span class='ocrx_word' id='word_1_21' title='bbox 2295 516 2430 571; x_wconf 84' lang='lat' dir='ltr'><strong>nihil</strong></span> <span class='ocrx_word' id='word_1_22' title='bbox 2459 517 2527 571; x_wconf 89' lang='lat' dir='ltr'><strong>ad</strong></span> <span class='ocrx_word' id='word_1_23' title='bbox 2564 516 2750 571; x_wconf 82' lang='lat' dir='ltr'><strong>feriam</strong></span> <span class='ocrx_word' id='word_1_24' title='bbox 2786 515 3147 587; x_wconf 73' lang='lat' dir='ltr'><strong>indagandum</strong></span> <span class='ocrx_word' id='word_1_25' title='bbox 3185 514 3379 580; x_wconf 76' lang='lat' dir='ltr'><strong>refert,</strong></span> <span class='ocrx_word' id='word_1_26' title='bbox 3405 516 3624 586; x_wconf 83' lang='lat' dir='ltr'><strong>quando</strong></span> 
     </span>
    </p>
   </div>
   <div class='ocr_carea' id='block_1_6' title="bbox 372 609 1945 686">
    <p class='ocr_par' dir='ltr' id='par_1_6' title="bbox 372 609 1945 686">
     <span class='ocr_line' id='line_1_6' title="bbox 372 609 1945 686; baseline -0.003 -18"><span class='ocrx_word' id='word_1_27' title='bbox 372 619 477 678; x_wconf 83' lang='grc' dir='ltr'><strong>τοίς</strong></span> <span class='ocrx_word' id='word_1_28' title='bbox 504 616 684 676; x_wconf 83' lang='grc' dir='ltr'>αὐτοῖς</span> <span class='ocrx_word' id='word_1_29' title='bbox 712 615 804 668; x_wconf 80' lang='grc' dir='ltr'><strong>δύο</strong></span> <span class='ocrx_word' id='word_1_30' title='bbox 823 614 1120 679; x_wconf 83' lang='grc' dir='ltr'><strong>κατατάξαι</strong></span> <span class='ocrx_word' id='word_1_31' title='bbox 1145 614 1280 686; x_wconf 54' lang='grc' dir='ltr'><strong>μησὶ⁸</strong></span> <span class='ocrx_word' id='word_1_32' title='bbox 1301 613 1404 683; x_wconf 84' lang='grc' dir='ltr'>τῆς</span> <span class='ocrx_word' id='word_1_33' title='bbox 1425 611 1784 682; x_wconf 80' lang='grc' dir='ltr'>ἐϐδομαδικῆς</span> <span class='ocrx_word' id='word_1_34' title='bbox 1810 609 1945 682; x_wconf 88' lang='grc' dir='ltr'>ἡμέ-</span> 
     </span>
    </p>
   </div>
   <div class='ocr_carea' id='block_1_7' title="bbox 367 704 1947 781">
    <p class='ocr_par' dir='ltr' id='par_1_7' title="bbox 367 704 1947 781">
     <span class='ocr_line' id='line_1_7' title="bbox 367 704 1947 781; baseline -0.003 -19"><span class='ocrx_word' id='word_1_35' title='bbox 367 725 468 781; x_wconf 85' lang='grc' dir='ltr'><strong>ρας</strong></span> <span class='ocrx_word' id='word_1_36' title='bbox 496 708 655 780; x_wconf 82' lang='grc' dir='ltr'>χάριν</span> <span class='ocrx_word' id='word_1_37' title='bbox 683 708 986 781; x_wconf 78' lang='grc' dir='ltr'>εὕρ-ήσεως·</span> <span class='ocrx_word' id='word_1_38' title='bbox 1016 707 1157 761; x_wconf 86' lang='grc' dir='ltr'>κατὰ</span> <span class='ocrx_word' id='word_1_39' title='bbox 1180 708 1281 779; x_wconf 87' lang='grc' dir='ltr'>τὴν</span> <span class='ocrx_word' id='word_1_40' title='bbox 1310 705 1739 777; x_wconf 77' lang='grc' dir='ltr'>συμπαράληψιν</span> <span class='ocrx_word' id='word_1_41' title='bbox 1762 704 1947 775; x_wconf 91' lang='grc' dir='ltr'>δηλον-</span> 
     </span>
    </p>
   </div>
   <div class='ocr_carea' id='block_1_8' title="bbox 369 798 1946 871">
    <p class='ocr_par' dir='ltr' id='par_1_8' title="bbox 369 798 1946 871">
     <span class='ocr_line' id='line_1_8' title="bbox 369 798 1946 871; baseline -0.004 -14"><span class='ocrx_word' id='word_1_42' title='bbox 369 803 447 857; x_wconf 66' lang='grc' dir='ltr'><strong>ότι</strong></span> <span class='ocrx_word' id='word_1_43' title='bbox 473 802 582 855; x_wconf 90' lang='grc' dir='ltr'><strong>τῶν</strong></span> <span class='ocrx_word' id='word_1_44' title='bbox 598 802 850 856; x_wconf 84' lang='grc' dir='ltr'>ἐπακτῶν</span> <span class='ocrx_word' id='word_1_45' title='bbox 870 801 965 854; x_wconf 80' lang='grc' dir='ltr'><strong>τοῦ</strong></span> <span class='ocrx_word' id='word_1_46' title='bbox 992 800 1288 863; x_wconf 73' lang='grc' dir='ltr'><strong>ἐνεστῶτος</strong></span> <span class='ocrx_word' id='word_1_47' title='bbox 1307 798 1537 871; x_wconf 83' lang='grc' dir='ltr'><strong>ἡλιακοῦ</strong></span> <span class='ocrx_word' id='word_1_48' title='bbox 1559 798 1735 861; x_wconf 81' lang='grc' dir='ltr'>ἔτους,</span> <span class='ocrx_word' id='word_1_49' title='bbox 1764 800 1946 851; x_wconf 81' lang='grc' dir='ltr'>ὁποῖον</span> 
     </span>
    </p>
   </div>
   <div class='ocr_carea' id='block_1_9' title="bbox 366 890 1943 967">
    <p class='ocr_par' dir='ltr' id='par_1_9' title="bbox 366 890 1943 967">
     <span class='ocr_line' id='line_1_9' title="bbox 366 890 1943 967; baseline -0.004 -18"><span class='ocrx_word' id='word_1_50' title='bbox 366 894 408 949; x_wconf 73' lang='lat'><strong>3’</strong></span> <span class='ocrx_word' id='word_1_51' title='bbox 438 894 506 949; x_wconf 83' lang='grc' dir='ltr'>ἂν</span> <span class='ocrx_word' id='word_1_52' title='bbox 531 895 613 965; x_wconf 79' lang='grc' dir='ltr'>εἴη</span> <span class='ocrx_word' id='word_1_53' title='bbox 641 895 702 948; x_wconf 86' lang='grc' dir='ltr'><strong>τὸ</strong></span> <span class='ocrx_word' id='word_1_54' title='bbox 731 893 1122 967; x_wconf 77' lang='grc' dir='ltr'>ψηφιζόμενον,</span> <span class='ocrx_word' id='word_1_55' title='bbox 1148 895 1259 947; x_wconf 82' lang='grc' dir='ltr'>εἴτε</span> <span class='ocrx_word' id='word_1_56' title='bbox 1284 892 1502 964; x_wconf 84' lang='grc' dir='ltr'>πρῶτον</span> <span class='ocrx_word' id='word_1_57' title='bbox 1532 891 1641 945; x_wconf 88' lang='grc' dir='ltr'>εἴτε</span> <span class='ocrx_word' id='word_1_58' title='bbox 1672 890 1943 962; x_wconf 82' lang='grc' dir='ltr'>δεύτερον,</span> 
     </span>
    </p>
   </div>
   <div class='ocr_carea' id='block_1_10' title="bbox 366 982 1947 1060">
    <p class='ocr_par' dir='ltr' id='par_1_10' title="bbox 366 982 1947 1060">
     <span class='ocr_line' id='line_1_10' title="bbox 366 982 1947 1060; baseline -0.003 -20"><span class='ocrx_word' id='word_1_59' title='bbox 366 988 559 1060; x_wconf 79' lang='grc' dir='ltr'><strong>μέχρις</strong></span> <span class='ocrx_word' id='word_1_60' title='bbox 612 986 800 1051; x_wconf 84' lang='grc' dir='ltr'>ἁπλῶς</span> <span class='ocrx_word' id='word_1_61' title='bbox 844 987 937 1041; x_wconf 78' lang='grc' dir='ltr'>τοῦ</span> <span class='ocrx_word' id='word_1_62' title='bbox 977 993 1062 1058; x_wconf 85' lang='grc' dir='ltr'>κη’</span> <span class='ocrx_word' id='word_1_63' title='bbox 1083 985 1258 1050; x_wconf 81' lang='grc' dir='ltr'>ἔτους.</span> <span class='ocrx_word' id='word_1_64' title='bbox 1302 986 1360 1038; x_wconf 88' lang='lat'><strong>&#39;0</strong></span> <span class='ocrx_word' id='word_1_65' title='bbox 1396 985 1454 1039; x_wconf 80' lang='grc' dir='ltr'><strong>δέ</strong></span> <span class='ocrx_word' id='word_1_66' title='bbox 1503 984 1664 1048; x_wconf 84' lang='grc' dir='ltr'>αὐτὸς</span> <span class='ocrx_word' id='word_1_67' title='bbox 1691 985 1784 1036; x_wconf 81' lang='grc' dir='ltr'><strong>καὶ</strong></span> <span class='ocrx_word' id='word_1_68' title='bbox 1817 982 1947 1053; x_wconf 75' lang='grc' dir='ltr'>περὶ</span> 
     </span>
    </p>
   </div>
   <div class='ocr_carea' id='block_1_11' title="bbox 370 1072 1947 1149">
    <p class='ocr_par' dir='ltr' id='par_1_11' title="bbox 370 1072 1947 1149">
     <span class='ocr_line' id='line_1_11' title="bbox 370 1072 1947 1149; baseline -0.003 -20"><span class='ocrx_word' id='word_1_69' title='bbox 370 1076 471 1130; x_wconf 77' lang='grc' dir='ltr'><strong>τῶν</strong></span> <span class='ocrx_word' id='word_1_70' title='bbox 514 1078 578 1140; x_wconf 84' lang='grc' dir='ltr'>δ’,</span> <span class='ocrx_word' id='word_1_71' title='bbox 633 1079 752 1135; x_wconf 73' lang='grc' dir='ltr'>καὶ,</span> <span class='ocrx_word' id='word_1_72' title='bbox 779 1078 907 1149; x_wconf 76' lang='grc' dir='ltr'>μιᾶς</span> <span class='ocrx_word' id='word_1_73' title='bbox 948 1076 1056 1130; x_wconf 86' lang='grc' dir='ltr'>ἀπὸ</span> <span class='ocrx_word' id='word_1_74' title='bbox 1105 1076 1331 1148; x_wconf 81' lang='grc' dir='ltr'>σηρικοΰ</span> <span class='ocrx_word' id='word_1_75' title='bbox 1379 1073 1694 1147; x_wconf 84' lang='grc' dir='ltr'>προσθετῶν</span> <span class='ocrx_word' id='word_1_76' title='bbox 1725 1072 1947 1145; x_wconf 87' lang='grc' dir='ltr'>ἡμερῶν</span> 
     </span>
    </p>
   </div>
   <div class='ocr_carea' id='block_1_12' title="bbox 367 1165 1949 1240">
    <p class='ocr_par' dir='ltr' id='par_1_12' title="bbox 367 1165 1949 1240">
     <span class='ocr_line' id='line_1_12' title="bbox 367 1165 1949 1240; baseline -0.003 -19"><span class='ocrx_word' id='word_1_77' title='bbox 367 1169 518 1238; x_wconf 78' lang='grc' dir='ltr'>λόγος</span> <span class='ocrx_word' id='word_1_78' title='bbox 560 1170 707 1223; x_wconf 78' lang='grc' dir='ltr'>ἐστὶν</span> <span class='ocrx_word' id='word_1_79' title='bbox 735 1169 792 1223; x_wconf 81' lang='grc' dir='ltr'>ἐν</span> <span class='ocrx_word' id='word_1_80' title='bbox 818 1187 877 1224; x_wconf 90' lang='grc' dir='ltr'><strong>τε</strong></span> <span class='ocrx_word' id='word_1_81' title='bbox 916 1168 1168 1240; x_wconf 78' lang='grc' dir='ltr'><strong>Μαρτίῳ,</strong></span> <span class='ocrx_word' id='word_1_82' title='bbox 1209 1168 1303 1221; x_wconf 75' lang='grc' dir='ltr'><strong>καὶ</strong></span> <span class='ocrx_word' id='word_1_83' title='bbox 1328 1166 1680 1239; x_wconf 75' lang='grc' dir='ltr'>Φεϐρουαρίῳ</span> <span class='ocrx_word' id='word_1_84' title='bbox 1708 1165 1801 1218; x_wconf 64' lang='grc' dir='ltr'><strong>καλ⁷</strong></span> <span class='ocrx_word' id='word_1_85' title='bbox 1844 1165 1949 1217; x_wconf 83' lang='grc' dir='ltr'><strong>Ἰα-</strong></span> 
     </span>
    </p>
   </div>
   <div class='ocr_carea' id='block_1_13' title="bbox 366 1257 1948 1332">
    <p class='ocr_par' dir='ltr' id='par_1_13' title="bbox 366 1257 1948 1332">
     <span class='ocr_line' id='line_1_13' title="bbox 366 1257 1948 1332; baseline -0.001 -20"><span class='ocrx_word' id='word_1_86' title='bbox 366 1262 600 1332; x_wconf 64' lang='grc' dir='ltr'>νουαρὶῳ</span> <span class='ocrx_word' id='word_1_87' title='bbox 664 1262 1193 1332; x_wconf 70' lang='grc' dir='ltr'>κατατεταγμένωψ</span> <span class='ocrx_word' id='word_1_88' title='bbox 1248 1262 1298 1314; x_wconf 75' lang='grc' dir='ltr'><strong>εἰ</strong></span> <span class='ocrx_word' id='word_1_89' title='bbox 1351 1261 1446 1313; x_wconf 82' lang='grc' dir='ltr'><strong>καὶ</strong></span> <span class='ocrx_word' id='word_1_90' title='bbox 1490 1259 1580 1312; x_wconf 79' lang='grc' dir='ltr'>διὰ</span> <span class='ocrx_word' id='word_1_91' title='bbox 1627 1257 1948 1329; x_wconf 77' lang='grc' dir='ltr'><strong>προσθήκης</strong></span> 
     </span>
    </p>
   </div>
   <div class='ocr_carea' id='block_1_14' title="bbox 368 1348 1948 1427">
    <p class='ocr_par' dir='ltr' id='par_1_14' title="bbox 368 1348 1948 1427">
     <span class='ocr_line' id='line_1_14' title="bbox 368 1348 1948 1427; baseline -0.003 -19"><span class='ocrx_word' id='word_1_92' title='bbox 368 1354 588 1426; x_wconf 81' lang='grc' dir='ltr'>ἡμερῶν</span> <span class='ocrx_word' id='word_1_93' title='bbox 643 1357 674 1407; x_wconf 86' lang='grc' dir='ltr'>ὁ</span> <span class='ocrx_word' id='word_1_94' title='bbox 731 1354 1099 1427; x_wconf 81' lang='grc' dir='ltr'>ἐκδηματικὸς</span> <span class='ocrx_word' id='word_1_95' title='bbox 1115 1354 1161 1386; x_wconf 87' lang='grc'><strong>⁷⁹</strong></span> <span class='ocrx_word' id='word_1_96' title='bbox 1214 1353 1395 1407; x_wconf 81' lang='grc' dir='ltr'>αὐτῶν</span> <span class='ocrx_word' id='word_1_97' title='bbox 1448 1352 1605 1421; x_wconf 85' lang='grc' dir='ltr'>λόγος</span> <span class='ocrx_word' id='word_1_98' title='bbox 1635 1353 1729 1405; x_wconf 74' lang='grc' dir='ltr'>καὶ</span> <span class='ocrx_word' id='word_1_99' title='bbox 1768 1348 1948 1405; x_wconf 87' lang='grc' dir='ltr'>κανὼν</span> 
     </span>
    </p>
   </div>
   <div class='ocr_carea' id='block_1_15' title="bbox 360 1443 1949 1519">
    <p class='ocr_par' dir='ltr' id='par_1_15' title="bbox 360 1443 1949 1519">
     <span class='ocr_line' id='line_1_15' title="bbox 360 1443 1949 1519; baseline -0.004 -18"><span class='ocrx_word' id='word_1_100' title='bbox 360 1448 553 1516; x_wconf 90' lang='grc' dir='ltr'>γέγονε</span> <span class='ocrx_word' id='word_1_101' title='bbox 587 1449 845 1512; x_wconf 76' lang='grc' dir='ltr'><strong>ἐναντίως</strong></span> <span class='ocrx_word' id='word_1_102' title='bbox 889 1451 1004 1512; x_wconf 85' lang='grc' dir='ltr'>τοῖς</span> <span class='ocrx_word' id='word_1_103' title='bbox 1043 1446 1101 1511; x_wconf 85' lang='grc' dir='ltr'><strong>ἐξ</strong></span> <span class='ocrx_word' id='word_1_104' title='bbox 1127 1446 1471 1519; x_wconf 82' lang='grc' dir='ltr'><strong>ἀφαιρέσεως</strong></span> <span class='ocrx_word' id='word_1_105' title='bbox 1515 1443 1949 1515; x_wconf 82' lang='grc' dir='ltr'>κανονιζομένοις</span> 
     </span>
    </p>
   </div>
   <div class='ocr_carea' id='block_1_16' title="bbox 366 1534 1990 1611">
    <p class='ocr_par' dir='ltr' id='par_1_16' title="bbox 366 1534 1990 1611">
     <span class='ocr_line' id='line_1_16' title="bbox 366 1534 1990 1611; baseline -0.004 -19"><span class='ocrx_word' id='word_1_106' title='bbox 366 1540 531 1610; x_wconf 85' lang='grc' dir='ltr'>μησίν</span> <span class='ocrx_word' id='word_1_107' title='bbox 551 1556 565 1569; x_wconf 85' lang='grc'><strong>·</strong></span> <span class='ocrx_word' id='word_1_108' title='bbox 596 1536 707 1593; x_wconf 76' lang='grc' dir='ltr'>οἷον</span> <span class='ocrx_word' id='word_1_109' title='bbox 738 1540 815 1611; x_wconf 85' lang='grc' dir='ltr'>τῷ</span> <span class='ocrx_word' id='word_1_110' title='bbox 845 1539 1205 1611; x_wconf 75' lang='grc' dir='ltr'>Σεπτεμϐρίῳ</span> <span class='ocrx_word' id='word_1_111' title='bbox 1235 1539 1328 1593; x_wconf 79' lang='grc' dir='ltr'>καὶ</span> <span class='ocrx_word' id='word_1_112' title='bbox 1371 1536 1687 1608; x_wconf 80' lang='grc' dir='ltr'>Ὀκτωϐρὶῳ</span> <span class='ocrx_word' id='word_1_113' title='bbox 1708 1554 1720 1568; x_wconf 88' lang='grc'>·</span> <span class='ocrx_word' id='word_1_114' title='bbox 1758 1534 1948 1589; x_wconf 83' lang='grc' dir='ltr'>καθότι</span> <span class='ocrx_word' id='word_1_115' title='bbox 1980 1584 1990 1596; x_wconf 86' lang='grc'><strong>,</strong></span> 
     </span>
    </p>
   </div>
   <div class='ocr_carea' id='block_1_17' title="bbox 359 1626 1950 1701">
    <p class='ocr_par' dir='ltr' id='par_1_17' title="bbox 359 1626 1950 1701">
     <span class='ocr_line' id='line_1_17' title="bbox 359 1626 1950 1701; baseline -0.003 -19"><span class='ocrx_word' id='word_1_116' title='bbox 359 1628 456 1682; x_wconf 82' lang='grc' dir='ltr'><strong>τοῦ</strong></span> <span class='ocrx_word' id='word_1_117' title='bbox 509 1628 753 1694; x_wconf 76' lang='grc' dir='ltr'><strong>ἐλθόντος</strong></span> <span class='ocrx_word' id='word_1_118' title='bbox 805 1630 1030 1701; x_wconf 79' lang='grc' dir='ltr'>ἡλιακοῦ</span> <span class='ocrx_word' id='word_1_119' title='bbox 1077 1630 1227 1694; x_wconf 82' lang='grc' dir='ltr'>ἔτους</span> <span class='ocrx_word' id='word_1_120' title='bbox 1277 1631 1473 1683; x_wconf 88' lang='grc' dir='ltr'>ἐκεῖνοι</span> <span class='ocrx_word' id='word_1_121' title='bbox 1512 1627 1815 1697; x_wconf 76' lang='grc' dir='ltr'><strong>λογίζονται</strong></span> <span class='ocrx_word' id='word_1_122' title='bbox 1857 1626 1950 1678; x_wconf 77' lang='grc' dir='ltr'>καὶ</span> 
     </span>
    </p>
   </div>
   <div class='ocr_carea' id='block_1_18' title="bbox 362 1718 1950 1793">
    <p class='ocr_par' dir='ltr' id='par_1_18' title="bbox 362 1718 1950 1793">
     <span class='ocr_line' id='line_1_18' title="bbox 362 1718 1950 1793; baseline -0.002 -20"><span class='ocrx_word' id='word_1_123' title='bbox 362 1721 520 1775; x_wconf 77' lang='grc' dir='ltr'>εἰσίν.</span> <span class='ocrx_word' id='word_1_124' title='bbox 554 1723 629 1776; x_wconf 78' lang='grc' dir='ltr'><strong>Οὐ</strong></span> <span class='ocrx_word' id='word_1_125' title='bbox 650 1721 760 1793; x_wconf 83' lang='grc' dir='ltr'><strong>γάρ</strong></span> <span class='ocrx_word' id='word_1_126' title='bbox 792 1722 967 1786; x_wconf 81' lang='grc' dir='ltr'>ἄλλως</span> <span class='ocrx_word' id='word_1_127' title='bbox 995 1721 1028 1793; x_wconf 81' lang='grc' dir='ltr'>ἢ</span> <span class='ocrx_word' id='word_1_128' title='bbox 1066 1721 1237 1785; x_wconf 75' lang='grc' dir='ltr'>οὕτως</span> <span class='ocrx_word' id='word_1_129' title='bbox 1275 1719 1498 1790; x_wconf 76' lang='grc' dir='ltr'>ἔμελλον</span> <span class='ocrx_word' id='word_1_130' title='bbox 1546 1718 1612 1773; x_wconf 83' lang='grc' dir='ltr'><strong>ἂν</strong></span> <span class='ocrx_word' id='word_1_131' title='bbox 1640 1719 1704 1771; x_wconf 89' lang='grc' dir='ltr'><strong>ἐκ</strong></span> <span class='ocrx_word' id='word_1_132' title='bbox 1734 1718 1829 1772; x_wconf 82' lang='grc' dir='ltr'><strong>τοῦ</strong></span> <span class='ocrx_word' id='word_1_133' title='bbox 1863 1719 1950 1770; x_wconf 86' lang='grc' dir='ltr'>ἐν-</span> 
     </span>
    </p>
   </div>
   <div class='ocr_carea' id='block_1_19' title="bbox 363 1807 1949 1883">
    <p class='ocr_par' dir='ltr' id='par_1_19' title="bbox 363 1807 1949 1883">
     <span class='ocr_line' id='line_1_19' title="bbox 363 1807 1949 1883; baseline -0.002 -20"><span class='ocrx_word' id='word_1_134' title='bbox 363 1812 617 1875; x_wconf 82' lang='grc' dir='ltr'>εστῶτος,</span> <span class='ocrx_word' id='word_1_135' title='bbox 642 1812 808 1883; x_wconf 81' lang='grc' dir='ltr'>ἡγουν</span> <span class='ocrx_word' id='word_1_136' title='bbox 834 1812 943 1866; x_wconf 89' lang='grc' dir='ltr'><strong>τῶν</strong></span> <span class='ocrx_word' id='word_1_137' title='bbox 978 1812 1142 1865; x_wconf 78' lang='grc' dir='ltr'>αὑτοῦ</span> <span class='ocrx_word' id='word_1_138' title='bbox 1179 1810 1436 1864; x_wconf 84' lang='grc' dir='ltr'>ἐπακτῶν</span> <span class='ocrx_word' id='word_1_139' title='bbox 1473 1807 1823 1880; x_wconf 78' lang='grc' dir='ltr'><strong>ψηφίζεσθαι,</strong></span> <span class='ocrx_word' id='word_1_140' title='bbox 1853 1808 1949 1860; x_wconf 74' lang='grc' dir='ltr'><strong>καὶ</strong></span> 
     </span>
    </p>
   </div>
   <div class='ocr_carea' id='block_1_20' title="bbox 362 1899 1944 1975">
    <p class='ocr_par' dir='ltr' id='par_1_20' title="bbox 362 1899 1944 1975">
     <span class='ocr_line' id='line_1_20' title="bbox 362 1899 1944 1975; baseline -0.002 -21"><span class='ocrx_word' id='word_1_141' title='bbox 362 1903 462 1975; x_wconf 84' lang='grc' dir='ltr'><strong>τὴν</strong></span> <span class='ocrx_word' id='word_1_142' title='bbox 505 1902 864 1974; x_wconf 81' lang='grc' dir='ltr'>ἑϐδομαδικὴν</span> <span class='ocrx_word' id='word_1_143' title='bbox 911 1903 1126 1975; x_wconf 90' lang='grc' dir='ltr'>ἡμέραν</span> <span class='ocrx_word' id='word_1_144' title='bbox 1152 1900 1318 1973; x_wconf 83' lang='grc' dir='ltr'><strong>δήλην</strong></span> <span class='ocrx_word' id='word_1_145' title='bbox 1361 1899 1602 1953; x_wconf 78' lang='grc' dir='ltr'>ἐθέλουσι</span> <span class='ocrx_word' id='word_1_146' title='bbox 1651 1900 1944 1971; x_wconf 81' lang='grc' dir='ltr'>παριστᾷν.</span> 
     </span>
    </p>
   </div>
   <div class='ocr_carea' id='block_1_21' title="bbox 358 1990 1941 2066">
    <p class='ocr_par' dir='ltr' id='par_1_21' title="bbox 358 1990 1941 2066">
     <span class='ocr_line' id='line_1_21' title="bbox 358 1990 1941 2066; baseline -0.004 -17"><span class='ocrx_word' id='word_1_147' title='bbox 358 1994 647 2049; x_wconf 84' lang='grc' dir='ltr'>Λυσιτελεί</span> <span class='ocrx_word' id='word_1_148' title='bbox 671 1996 780 2066; x_wconf 85' lang='grc' dir='ltr'>γὰρ</span> <span class='ocrx_word' id='word_1_149' title='bbox 809 1995 1026 2058; x_wconf 89' lang='grc' dir='ltr'>πάντως</span> <span class='ocrx_word' id='word_1_150' title='bbox 1058 1996 1138 2058; x_wconf 87' lang='grc' dir='ltr'><strong>είς</strong></span> <span class='ocrx_word' id='word_1_151' title='bbox 1167 1994 1228 2047; x_wconf 83' lang='grc' dir='ltr'>τὸ</span> <span class='ocrx_word' id='word_1_152' title='bbox 1258 1992 1357 2064; x_wconf 84' lang='grc' dir='ltr'>τὴν</span> <span class='ocrx_word' id='word_1_153' title='bbox 1388 1992 1678 2063; x_wconf 84' lang='grc' dir='ltr'>μετάθεσιν</span> <span class='ocrx_word' id='word_1_154' title='bbox 1700 1990 1808 2044; x_wconf 83' lang='grc' dir='ltr'><strong>άπὸ</strong></span> <span class='ocrx_word' id='word_1_155' title='bbox 1822 1992 1941 2043; x_wconf 81' lang='grc' dir='ltr'><strong>Κυ-</strong></span> 
     </span>
    </p>
   </div>
   <div class='ocr_carea' id='block_1_22' title="bbox 366 2082 1950 2160">
    <p class='ocr_par' dir='ltr' id='par_1_22' title="bbox 366 2082 1950 2160">
     <span class='ocr_line' id='line_1_22' title="bbox 366 2082 1950 2160; baseline -0.004 -19"><span class='ocrx_word' id='word_1_156' title='bbox 366 2087 582 2159; x_wconf 84' lang='grc' dir='ltr'>ριακῆς,</span> <span class='ocrx_word' id='word_1_157' title='bbox 613 2089 706 2141; x_wconf 78' lang='grc' dir='ltr'><strong>καὶ</strong></span> <span class='ocrx_word' id='word_1_158' title='bbox 737 2088 804 2158; x_wconf 85' lang='grc' dir='ltr'><strong>β’,</strong></span> <span class='ocrx_word' id='word_1_159' title='bbox 835 2088 930 2141; x_wconf 79' lang='grc' dir='ltr'><strong>καὶ</strong></span> <span class='ocrx_word' id='word_1_160' title='bbox 960 2088 1170 2160; x_wconf 81' lang='grc' dir='ltr'>τρίτης,</span> <span class='ocrx_word' id='word_1_161' title='bbox 1201 2087 1296 2140; x_wconf 77' lang='grc' dir='ltr'><strong>καὶ</strong></span> <span class='ocrx_word' id='word_1_162' title='bbox 1327 2084 1438 2138; x_wconf 89' lang='grc' dir='ltr'><strong>τῶν</strong></span> <span class='ocrx_word' id='word_1_163' title='bbox 1466 2083 1704 2154; x_wconf 79' lang='grc' dir='ltr'>καθεξῆς</span> <span class='ocrx_word' id='word_1_164' title='bbox 1739 2086 1819 2147; x_wconf 89' lang='grc' dir='ltr'>εἰς</span> <span class='ocrx_word' id='word_1_165' title='bbox 1850 2082 1950 2154; x_wconf 77' lang='grc' dir='ltr'>τὴν</span> 
     </span>
    </p>
   </div>
   <div class='ocr_carea' id='block_1_23' title="bbox 364 2174 1953 2252">
    <p class='ocr_par' dir='ltr' id='par_1_23' title="bbox 364 2174 1953 2252">
     <span class='ocr_line' id='line_1_23' title="bbox 364 2174 1953 2252; baseline -0.002 -21"><span class='ocrx_word' id='word_1_166' title='bbox 364 2178 531 2250; x_wconf 80' lang='grc' dir='ltr'>ἄλλην</span> <span class='ocrx_word' id='word_1_167' title='bbox 575 2179 737 2249; x_wconf 87' lang='grc' dir='ltr'>ἁγίαν</span> <span class='ocrx_word' id='word_1_168' title='bbox 775 2180 1065 2252; x_wconf 84' lang='grc' dir='ltr'>Κυριακὴν</span> <span class='ocrx_word' id='word_1_169' title='bbox 1112 2176 1444 2249; x_wconf 83' lang='grc' dir='ltr'>ποιήσασθαι</span> <span class='ocrx_word' id='word_1_170' title='bbox 1477 2178 1535 2230; x_wconf 82' lang='grc' dir='ltr'><strong>ἐν</strong></span> <span class='ocrx_word' id='word_1_171' title='bbox 1562 2176 1640 2246; x_wconf 83' lang='grc' dir='ltr'>τῷ</span> <span class='ocrx_word' id='word_1_172' title='bbox 1666 2174 1825 2246; x_wconf 81' lang='grc' dir='ltr'>δεξιῷ</span> <span class='ocrx_word' id='word_1_173' title='bbox 1857 2174 1953 2229; x_wconf 81' lang='grc' dir='ltr'>καὶ</span> 
     </span>
    </p>
   </div>
   <div class='ocr_carea' id='block_1_24' title="bbox 363 2266 1955 2345">
    <p class='ocr_par' dir='ltr' id='par_1_24' title="bbox 363 2266 1955 2345">
     <span class='ocr_line' id='line_1_24' title="bbox 363 2266 1955 2345; baseline -0.003 -21"><span class='ocrx_word' id='word_1_174' title='bbox 363 2271 628 2344; x_wconf 78' lang='grc' dir='ltr'>εὐωνύμῳ</span> <span class='ocrx_word' id='word_1_175' title='bbox 658 2273 916 2345; x_wconf 80' lang='grc' dir='ltr'>κανονίῳ·</span> <span class='ocrx_word' id='word_1_176' title='bbox 953 2272 1015 2326; x_wconf 82' lang='grc' dir='ltr'><strong>τὸ</strong></span> <span class='ocrx_word' id='word_1_177' title='bbox 1051 2272 1169 2341; x_wconf 85' lang='grc' dir='ltr'>μὲν,</span> <span class='ocrx_word' id='word_1_178' title='bbox 1206 2271 1283 2334; x_wconf 86' lang='grc' dir='ltr'>ὡς</span> <span class='ocrx_word' id='word_1_179' title='bbox 1310 2270 1526 2342; x_wconf 84' lang='grc' dir='ltr'>εἴρηται</span> <span class='ocrx_word' id='word_1_180' title='bbox 1555 2268 1645 2323; x_wconf 83' lang='grc' dir='ltr'>διὰ</span> <span class='ocrx_word' id='word_1_181' title='bbox 1676 2268 1775 2340; x_wconf 85' lang='grc' dir='ltr'>τὴν</span> <span class='ocrx_word' id='word_1_182' title='bbox 1839 2266 1955 2320; x_wconf 81' lang='grc' dir='ltr'>εἴσ-</span> 
     </span>
    </p>
   </div>
   <div class='ocr_carea' id='block_1_25' title="bbox 371 2360 1947 2437">
    <p class='ocr_par' dir='ltr' id='par_1_25' title="bbox 371 2360 1947 2437">
     <span class='ocr_line' id='line_1_25' title="bbox 371 2360 1947 2437; baseline -0.003 -20"><span class='ocrx_word' id='word_1_183' title='bbox 371 2363 491 2418; x_wconf 85' lang='grc' dir='ltr'>οδον</span> <span class='ocrx_word' id='word_1_184' title='bbox 522 2365 631 2418; x_wconf 89' lang='grc' dir='ltr'><strong>τῶν</strong></span> <span class='ocrx_word' id='word_1_185' title='bbox 667 2366 838 2434; x_wconf 84' lang='grc' dir='ltr'>ἁγίων</span> <span class='ocrx_word' id='word_1_186' title='bbox 870 2364 1156 2437; x_wconf 82' lang='grc' dir='ltr'>νηστειῶν,</span> <span class='ocrx_word' id='word_1_187' title='bbox 1191 2365 1357 2436; x_wconf 81' lang='grc' dir='ltr'>ήγουν</span> <span class='ocrx_word' id='word_1_188' title='bbox 1389 2362 1486 2435; x_wconf 84' lang='grc' dir='ltr'>τὴν</span> <span class='ocrx_word' id='word_1_189' title='bbox 1529 2360 1947 2434; x_wconf 80' lang='grc' dir='ltr'>ἀποκρεώσιμον</span> 
     </span>
    </p>
   </div>
   <div class='ocr_carea' id='block_1_26' title="bbox 362 2452 1950 2528">
    <p class='ocr_par' dir='ltr' id='par_1_26' title="bbox 362 2452 1950 2528">
     <span class='ocr_line' id='line_1_26' title="bbox 362 2452 1950 2528; baseline -0.001 -20"><span class='ocrx_word' id='word_1_190' title='bbox 362 2457 577 2527; x_wconf 77' lang='grc' dir='ltr'>ἑορτὴν,</span> <span class='ocrx_word' id='word_1_191' title='bbox 617 2457 678 2509; x_wconf 85' lang='grc' dir='ltr'><strong>τὸ</strong></span> <span class='ocrx_word' id='word_1_192' title='bbox 706 2457 782 2522; x_wconf 82' lang='grc' dir='ltr'>δὲ,</span> <span class='ocrx_word' id='word_1_193' title='bbox 812 2457 901 2510; x_wconf 84' lang='grc' dir='ltr'>διὰ</span> <span class='ocrx_word' id='word_1_194' title='bbox 945 2457 1008 2509; x_wconf 88' lang='grc' dir='ltr'>τὸ</span> <span class='ocrx_word' id='word_1_195' title='bbox 1047 2457 1316 2528; x_wconf 89' lang='grc' dir='ltr'>σωτήριον</span> <span class='ocrx_word' id='word_1_196' title='bbox 1358 2456 1574 2525; x_wconf 83' lang='grc' dir='ltr'>Πάσχα.</span> <span class='ocrx_word' id='word_1_197' title='bbox 1619 2452 1807 2507; x_wconf 79' lang='grc' dir='ltr'>Ταῦτα</span> <span class='ocrx_word' id='word_1_198' title='bbox 1854 2454 1950 2507; x_wconf 77' lang='grc' dir='ltr'>καὶ</span> 
     </span>
    </p>
   </div>
   <div class='ocr_carea' id='block_1_27' title="bbox 2050 608 3625 679">
    <p class='ocr_par' dir='ltr' id='par_1_27' title="bbox 2050 608 3625 679">
     <span class='ocr_line' id='line_1_27' title="bbox 2050 608 3625 679; baseline -0.001 -17"><span class='ocrx_word' id='word_1_199' title='bbox 2050 609 2336 679; x_wconf 64' lang='grc' dir='ltr'>ρηεεειιιὶε</span> <span class='ocrx_word' id='word_1_200' title='bbox 2367 610 2495 662; x_wconf 91' lang='lat' dir='ltr'><strong>anni</strong></span> <span class='ocrx_word' id='word_1_201' title='bbox 2513 608 2647 663; x_wconf 91' lang='lat' dir='ltr'><strong>solis</strong></span> <span class='ocrx_word' id='word_1_202' title='bbox 2671 614 2874 677; x_wconf 55' lang='lat' dir='ltr'><strong>epactas</strong></span> <span class='ocrx_word' id='word_1_203' title='bbox 2895 608 3059 663; x_wconf 88' lang='lat' dir='ltr'><strong>simul</strong></span> <span class='ocrx_word' id='word_1_204' title='bbox 3087 617 3474 663; x_wconf 84' lang='lat' dir='ltr'><strong>assumuntur:</strong></span> <span class='ocrx_word' id='word_1_205' title='bbox 3502 609 3625 678; x_wconf 88' lang='lat' dir='ltr'><strong>qui-</strong></span> 
     </span>
    </p>
   </div>
   <div class='ocr_carea' id='block_1_28' title="bbox 2053 702 3626 773">
    <p class='ocr_par' dir='ltr' id='par_1_28' title="bbox 2053 702 3626 773">
     <span class='ocr_line' id='line_1_28' title="bbox 2053 702 3626 773; baseline 0.002 -18"><span class='ocrx_word' id='word_1_206' title='bbox 2053 717 2271 771; x_wconf 87' lang='lat' dir='ltr'><strong>cunque</strong></span> <span class='ocrx_word' id='word_1_207' title='bbox 2291 702 2508 756; x_wconf 87' lang='lat' dir='ltr'><strong>demum</strong></span> <span class='ocrx_word' id='word_1_208' title='bbox 2535 708 2883 771; x_wconf 82' lang='lat' dir='ltr'><strong>computetur</strong></span> <span class='ocrx_word' id='word_1_209' title='bbox 2909 718 3108 765; x_wconf 87' lang='lat' dir='ltr'><strong>annus,</strong></span> <span class='ocrx_word' id='word_1_210' title='bbox 3143 702 3375 773; x_wconf 84' lang='lat' dir='ltr'><strong>primus,</strong></span> <span class='ocrx_word' id='word_1_211' title='bbox 3418 708 3509 755; x_wconf 90' lang='lat' dir='ltr'><strong>aut</strong></span> <span class='ocrx_word' id='word_1_212' title='bbox 3538 717 3626 758; x_wconf 87' lang='lat' dir='ltr'><strong>sc-</strong></span> 
     </span>
    </p>
   </div>
   <div class='ocr_carea' id='block_1_29' title="bbox 2051 792 3627 862">
    <p class='ocr_par' dir='ltr' id='par_1_29' title="bbox 2051 792 3627 862">
     <span class='ocr_line' id='line_1_29' title="bbox 2051 792 3627 862; baseline 0 -13"><span class='ocrx_word' id='word_1_213' title='bbox 2051 794 2289 860; x_wconf 88' lang='lat' dir='ltr'><strong>cundus,</strong></span> <span class='ocrx_word' id='word_1_214' title='bbox 2324 808 2501 862; x_wconf 88' lang='lat' dir='ltr'><strong>usque</strong></span> <span class='ocrx_word' id='word_1_215' title='bbox 2541 793 2610 847; x_wconf 92' lang='lat' dir='ltr'><strong>ad</strong></span> <span class='ocrx_word' id='word_1_216' title='bbox 2648 809 2842 847; x_wconf 79' lang='lat' dir='ltr'><strong>xxvni.</strong></span> <span class='ocrx_word' id='word_1_217' title='bbox 2892 792 3098 848; x_wconf 89' lang='lat' dir='ltr'><strong>Eadem</strong></span> <span class='ocrx_word' id='word_1_218' title='bbox 3136 794 3278 848; x_wconf 80' lang='lat' dir='ltr'><strong>ratio</strong></span> <span class='ocrx_word' id='word_1_219' title='bbox 3306 801 3482 854; x_wconf 82' lang='lat' dir='ltr'><strong>estiv,</strong></span> <span class='ocrx_word' id='word_1_220' title='bbox 3518 801 3573 848; x_wconf 83' lang='lat' dir='ltr'><strong>et</strong></span> <span class='ocrx_word' id='word_1_221' title='bbox 3607 809 3627 849; x_wconf 88' lang='grc' dir='ltr'><strong>ι</strong></span> 
     </span>
    </p>
   </div>
   <div class='ocr_carea' id='block_1_30' title="bbox 2050 883 3628 957">
    <p class='ocr_par' dir='ltr' id='par_1_30' title="bbox 2050 883 3628 957">
     <span class='ocr_line' id='line_1_30' title="bbox 2050 883 3628 957; baseline -0.001 -16"><span class='ocrx_word' id='word_1_222' title='bbox 2050 888 2457 943; x_wconf 87' lang='lat' dir='ltr'><strong>rubricatorum</strong></span> <span class='ocrx_word' id='word_1_223' title='bbox 2512 888 2871 957; x_wconf 82' lang='lat' dir='ltr'><strong>regularium,</strong></span> <span class='ocrx_word' id='word_1_224' title='bbox 2917 901 3056 955; x_wconf 85' lang='lat' dir='ltr'><strong>quos</strong></span> <span class='ocrx_word' id='word_1_225' title='bbox 3101 886 3168 939; x_wconf 88' lang='lat' dir='ltr'><strong>ad</strong></span> <span class='ocrx_word' id='word_1_226' title='bbox 3216 885 3492 950; x_wconf 80' lang='lat' dir='ltr'><strong>Martium,</strong></span> <span class='ocrx_word' id='word_1_227' title='bbox 3521 883 3628 939; x_wconf 82' lang='lat' dir='ltr'><strong>Fe-</strong></span> 
     </span>
    </p>
   </div>
   <div class='ocr_carea' id='block_1_31' title="bbox 2051 977 3630 1048">
    <p class='ocr_par' dir='ltr' id='par_1_31' title="bbox 2051 977 3630 1048">
     <span class='ocr_line' id='line_1_31' title="bbox 2051 977 3630 1048; baseline -0.003 -12"><span class='ocrx_word' id='word_1_228' title='bbox 2051 981 2335 1036; x_wconf 88' lang='lat' dir='ltr'><strong>bruarium</strong></span> <span class='ocrx_word' id='word_1_229' title='bbox 2363 989 2418 1035; x_wconf 92' lang='lat' dir='ltr'><strong>et</strong></span> <span class='ocrx_word' id='word_1_230' title='bbox 2455 978 2771 1034; x_wconf 73' lang='lat' dir='ltr'><strong>Ianuarium</strong></span> <span class='ocrx_word' id='word_1_231' title='bbox 2813 978 3170 1048; x_wconf 82' lang='lat' dir='ltr'><strong>ascripsimus</strong></span> <span class='ocrx_word' id='word_1_232' title='bbox 3207 997 3219 1032; x_wconf 90' lang='lat'>:</span> <span class='ocrx_word' id='word_1_233' title='bbox 3251 978 3352 1032; x_wconf 89' lang='lat' dir='ltr'><strong>etsi</strong></span> <span class='ocrx_word' id='word_1_234' title='bbox 3382 992 3479 1047; x_wconf 90' lang='lat' dir='ltr'><strong>per</strong></span> <span class='ocrx_word' id='word_1_235' title='bbox 3510 977 3630 1032; x_wconf 78' lang='lat' dir='ltr'><strong>die-</strong></span> 
     </span>
    </p>
   </div>
   <div class='ocr_carea' id='block_1_32' title="bbox 2053 1069 3629 1139">
    <p class='ocr_par' dir='ltr' id='par_1_32' title="bbox 2053 1069 3629 1139">
     <span class='ocr_line' id='line_1_32' title="bbox 2053 1069 3629 1139; baseline -0.002 -13"><span class='ocrx_word' id='word_1_236' title='bbox 2053 1087 2176 1126; x_wconf 91' lang='lat' dir='ltr'><strong>rum</strong></span> <span class='ocrx_word' id='word_1_237' title='bbox 2199 1072 2529 1127; x_wconf 88' lang='lat' dir='ltr'><strong>additionem</strong></span> <span class='ocrx_word' id='word_1_238' title='bbox 2562 1069 2954 1126; x_wconf 83' lang='lat' dir='ltr'><strong>hebdomadica</strong></span> <span class='ocrx_word' id='word_1_239' title='bbox 2986 1070 3228 1139; x_wconf 89' lang='lat' dir='ltr'><strong>ipsorum</strong></span> <span class='ocrx_word' id='word_1_240' title='bbox 3266 1070 3407 1122; x_wconf 84' lang='lat' dir='ltr'><strong>ratio</strong></span> <span class='ocrx_word' id='word_1_241' title='bbox 3455 1078 3509 1122; x_wconf 86' lang='lat' dir='ltr'><strong>et</strong></span> <span class='ocrx_word' id='word_1_242' title='bbox 3540 1084 3629 1123; x_wconf 88' lang='lat' dir='ltr'><strong>re-</strong></span> 
     </span>
    </p>
   </div>
   <div class='ocr_carea' id='block_1_33' title="bbox 2049 1161 3627 1236">
    <p class='ocr_par' dir='ltr' id='par_1_33' title="bbox 2049 1161 3627 1236">
     <span class='ocr_line' id='line_1_33' title="bbox 2049 1161 3627 1236; baseline -0.002 -17"><span class='ocrx_word' id='word_1_243' title='bbox 2049 1166 2176 1236; x_wconf 80' lang='lat' dir='ltr'><strong>gula</strong></span> <span class='ocrx_word' id='word_1_244' title='bbox 2201 1173 2437 1228; x_wconf 84' lang='lat' dir='ltr'><strong>constat,</strong></span> <span class='ocrx_word' id='word_1_245' title='bbox 2472 1170 2663 1219; x_wconf 88' lang='lat' dir='ltr'><strong>contra</strong></span> <span class='ocrx_word' id='word_1_246' title='bbox 2691 1178 2854 1233; x_wconf 86' lang='lat' dir='ltr'><strong>quam</strong></span> <span class='ocrx_word' id='word_1_247' title='bbox 2891 1163 3071 1217; x_wconf 79' lang='lat' dir='ltr'><strong>evenit</strong></span> <span class='ocrx_word' id='word_1_248' title='bbox 3100 1162 3168 1216; x_wconf 89' lang='lat' dir='ltr'><strong>iis</strong></span> <span class='ocrx_word' id='word_1_249' title='bbox 3197 1162 3497 1221; x_wconf 84' lang='lat' dir='ltr'><strong>mensibus,</strong></span> <span class='ocrx_word' id='word_1_250' title='bbox 3531 1161 3627 1231; x_wconf 88' lang='lat' dir='ltr'><strong>qui</strong></span> 
     </span>
    </p>
   </div>
   <div class='ocr_carea' id='block_1_34' title="bbox 2051 1250 3629 1323">
    <p class='ocr_par' dir='ltr' id='par_1_34' title="bbox 2051 1250 3629 1323">
     <span class='ocr_line' id='line_1_34' title="bbox 2051 1250 3629 1323; baseline -0.004 -12"><span class='ocrx_word' id='word_1_251' title='bbox 2051 1258 2443 1312; x_wconf 86' lang='lat' dir='ltr'><strong>detractionem</strong></span> <span class='ocrx_word' id='word_1_252' title='bbox 2474 1256 2770 1311; x_wconf 84' lang='lat' dir='ltr'><strong>admittunt</strong></span> <span class='ocrx_word' id='word_1_253' title='bbox 2794 1274 2809 1323; x_wconf 93' lang='lat'><strong>;</strong></span> <span class='ocrx_word' id='word_1_254' title='bbox 2838 1255 3000 1310; x_wconf 83' lang='lat' dir='ltr'><strong>veluti</strong></span> <span class='ocrx_word' id='word_1_255' title='bbox 3036 1252 3365 1323; x_wconf 85' lang='lat' dir='ltr'><strong>Septembri.</strong></span> <span class='ocrx_word' id='word_1_256' title='bbox 3393 1260 3448 1307; x_wconf 92' lang='lat' dir='ltr'><strong>et</strong></span> <span class='ocrx_word' id='word_1_257' title='bbox 3467 1250 3629 1307; x_wconf 88' lang='lat' dir='ltr'><strong>Octo-</strong></span> 
     </span>
    </p>
   </div>
   <div class='ocr_carea' id='block_1_35' title="bbox 2050 1341 3627 1417">
    <p class='ocr_par' dir='ltr' id='par_1_35' title="bbox 2050 1341 3627 1417">
     <span class='ocr_line' id='line_1_35' title="bbox 2050 1341 3627 1417; baseline -0.004 -13"><span class='ocrx_word' id='word_1_258' title='bbox 2050 1350 2132 1404; x_wconf 86' lang='lat' dir='ltr'><strong>bri</strong></span> <span class='ocrx_word' id='word_1_259' title='bbox 2157 1367 2173 1414; x_wconf 86' lang='lat'><strong>;</strong></span> <span class='ocrx_word' id='word_1_260' title='bbox 2200 1349 2457 1417; x_wconf 87' lang='lat' dir='ltr'><strong>quoniam</strong></span> <span class='ocrx_word' id='word_1_261' title='bbox 2492 1348 2739 1417; x_wconf 87' lang='lat' dir='ltr'><strong>sequenti</strong></span> <span class='ocrx_word' id='word_1_262' title='bbox 2762 1362 2908 1401; x_wconf 84' lang='lat' dir='ltr'><strong>anno</strong></span> <span class='ocrx_word' id='word_1_263' title='bbox 2939 1346 3074 1401; x_wconf 84' lang='lat' dir='ltr'><strong>solis</strong></span> <span class='ocrx_word' id='word_1_264' title='bbox 3100 1345 3444 1407; x_wconf 86' lang='lat' dir='ltr'><strong>tribuuntur,</strong></span> <span class='ocrx_word' id='word_1_265' title='bbox 3474 1350 3528 1398; x_wconf 90' lang='lat' dir='ltr'><strong>et</strong></span> <span class='ocrx_word' id='word_1_266' title='bbox 3556 1341 3627 1397; x_wconf 89' lang='lat' dir='ltr'><strong>ad</strong></span> 
     </span>
    </p>
   </div>
   <div class='ocr_carea' id='block_1_36' title="bbox 2049 1434 3624 1505">
    <p class='ocr_par' dir='ltr' id='par_1_36' title="bbox 2049 1434 3624 1505">
     <span class='ocr_line' id='line_1_36' title="bbox 2049 1434 3624 1505; baseline -0.002 -14"><span class='ocrx_word' id='word_1_267' title='bbox 2049 1451 2174 1491; x_wconf 88' lang='lat' dir='ltr'><strong>eum</strong></span> <span class='ocrx_word' id='word_1_268' title='bbox 2200 1437 2494 1505; x_wconf 85' lang='lat' dir='ltr'><strong>pertinent.</strong></span> <span class='ocrx_word' id='word_1_269' title='bbox 2526 1435 2683 1489; x_wconf 84' lang='lat' dir='ltr'><strong>Haud</strong></span> <span class='ocrx_word' id='word_1_270' title='bbox 2711 1436 2856 1491; x_wconf 84' lang='lat' dir='ltr'><strong>enim</strong></span> <span class='ocrx_word' id='word_1_271' title='bbox 2887 1435 3048 1489; x_wconf 83' lang='lat' dir='ltr'><strong>aliter</strong></span> <span class='ocrx_word' id='word_1_272' title='bbox 3076 1449 3141 1488; x_wconf 77' lang='lat' dir='ltr'><strong>er</strong></span> <span class='ocrx_word' id='word_1_273' title='bbox 3173 1434 3427 1504; x_wconf 69' lang='lat' dir='ltr'><strong>praesenti</strong></span> <span class='ocrx_word' id='word_1_274' title='bbox 3457 1448 3624 1498; x_wconf 89' lang='lat' dir='ltr'><strong>anno,</strong></span> 
     </span>
    </p>
   </div>
   <div class='ocr_carea' id='block_1_37' title="bbox 2049 1525 3626 1596">
    <p class='ocr_par' dir='ltr' id='par_1_37' title="bbox 2049 1525 3626 1596">
     <span class='ocr_line' id='line_1_37' title="bbox 2049 1525 3626 1596; baseline -0.001 -16"><span class='ocrx_word' id='word_1_275' title='bbox 2049 1532 2105 1580; x_wconf 91' lang='lat' dir='ltr'><strong>et</strong></span> <span class='ocrx_word' id='word_1_276' title='bbox 2134 1526 2255 1596; x_wconf 87' lang='lat' dir='ltr'><strong>ejus</strong></span> <span class='ocrx_word' id='word_1_277' title='bbox 2298 1526 2505 1595; x_wconf 86' lang='lat' dir='ltr'><strong>epactis</strong></span> <span class='ocrx_word' id='word_1_278' title='bbox 2555 1526 2799 1581; x_wconf 86' lang='lat' dir='ltr'><strong>calculus</strong></span> <span class='ocrx_word' id='word_1_279' title='bbox 2827 1526 2954 1579; x_wconf 89' lang='lat' dir='ltr'><strong>iniri</strong></span> <span class='ocrx_word' id='word_1_280' title='bbox 2991 1525 3195 1595; x_wconf 64' lang='lat' dir='ltr'><strong>potuit,</strong></span> <span class='ocrx_word' id='word_1_281' title='bbox 3232 1537 3291 1579; x_wconf 91' lang='lat' dir='ltr'><strong>ut</strong></span> <span class='ocrx_word' id='word_1_282' title='bbox 3325 1525 3626 1581; x_wconf 87' lang='lat' dir='ltr'><strong>hebdoma-</strong></span> 
     </span>
    </p>
   </div>
   <div class='ocr_carea' id='block_1_38' title="bbox 2050 1620 3626 1693">
    <p class='ocr_par' dir='ltr' id='par_1_38' title="bbox 2050 1620 3626 1693">
     <span class='ocr_line' id='line_1_38' title="bbox 2050 1620 3626 1693; baseline 0.001 -17"><span class='ocrx_word' id='word_1_283' title='bbox 2050 1620 2229 1676; x_wconf 85' lang='lat' dir='ltr'><strong>dicam</strong></span> <span class='ocrx_word' id='word_1_284' title='bbox 2260 1621 2450 1677; x_wconf 81' lang='lat' dir='ltr'><strong>feriam</strong></span> <span class='ocrx_word' id='word_1_285' title='bbox 2483 1622 2887 1691; x_wconf 83' lang='lat' dir='ltr'><strong>inquirentibus</strong></span> <span class='ocrx_word' id='word_1_286' title='bbox 2909 1622 3208 1678; x_wconf 83' lang='lat' dir='ltr'><strong>exhiberet.</strong></span> <span class='ocrx_word' id='word_1_287' title='bbox 3238 1622 3450 1693; x_wconf 84' lang='lat' dir='ltr'><strong>Quippe</strong></span> <span class='ocrx_word' id='word_1_288' title='bbox 3467 1638 3626 1692; x_wconf 90' lang='lat' dir='ltr'><strong>pror-</strong></span> 
     </span>
    </p>
   </div>
   <div class='ocr_carea' id='block_1_39' title="bbox 2052 1713 3627 1785">
    <p class='ocr_par' dir='ltr' id='par_1_39' title="bbox 2052 1713 3627 1785">
     <span class='ocr_line' id='line_1_39' title="bbox 2052 1713 3627 1785; baseline -0.001 -16"><span class='ocrx_word' id='word_1_289' title='bbox 2052 1728 2148 1769; x_wconf 88' lang='lat' dir='ltr'><strong>sus</strong></span> <span class='ocrx_word' id='word_1_290' title='bbox 2189 1714 2255 1769; x_wconf 92' lang='lat' dir='ltr'><strong>ad</strong></span> <span class='ocrx_word' id='word_1_291' title='bbox 2287 1714 2342 1768; x_wconf 89' lang='lat' dir='ltr'><strong>id</strong></span> <span class='ocrx_word' id='word_1_292' title='bbox 2368 1715 2605 1784; x_wconf 77' lang='lat' dir='ltr'><strong>expedit,</strong></span> <span class='ocrx_word' id='word_1_293' title='bbox 2637 1723 2697 1768; x_wconf 88' lang='lat' dir='ltr'><strong>ut</strong></span> <span class='ocrx_word' id='word_1_294' title='bbox 2722 1715 3007 1770; x_wconf 87' lang='lat' dir='ltr'><strong>translatio</strong></span> <span class='ocrx_word' id='word_1_295' title='bbox 3039 1714 3153 1767; x_wconf 82' lang='lat' dir='ltr'><strong>ﬁeri</strong></span> <span class='ocrx_word' id='word_1_296' title='bbox 3179 1717 3350 1785; x_wconf 90' lang='lat' dir='ltr'><strong>possit</strong></span> <span class='ocrx_word' id='word_1_297' title='bbox 3377 1729 3407 1767; x_wconf 91' lang='lat' dir='ltr'><strong>a</strong></span> <span class='ocrx_word' id='word_1_298' title='bbox 3438 1713 3627 1769; x_wconf 85' lang='lat' dir='ltr'><strong>Domi-</strong></span> 
     </span>
    </p>
   </div>
   <div class='ocr_carea' id='block_1_40' title="bbox 2052 1806 3629 1878">
    <p class='ocr_par' dir='ltr' id='par_1_40' title="bbox 2052 1806 3629 1878">
     <span class='ocr_line' id='line_1_40' title="bbox 2052 1806 3629 1878; baseline 0.001 -17"><span class='ocrx_word' id='word_1_299' title='bbox 2052 1807 2198 1871; x_wconf 89' lang='lat' dir='ltr'><strong>nica,</strong></span> <span class='ocrx_word' id='word_1_300' title='bbox 2232 1814 2286 1862; x_wconf 89' lang='lat' dir='ltr'><strong>et</strong></span> <span class='ocrx_word' id='word_1_301' title='bbox 2317 1808 2559 1862; x_wconf 85' lang='lat' dir='ltr'><strong>secunda</strong></span> <span class='ocrx_word' id='word_1_302' title='bbox 2596 1808 2854 1874; x_wconf 83' lang='lat' dir='ltr'><strong>tertiave,</strong></span> <span class='ocrx_word' id='word_1_303' title='bbox 2888 1823 2953 1862; x_wconf 90' lang='lat' dir='ltr'><strong>ac</strong></span> <span class='ocrx_word' id='word_1_304' title='bbox 2979 1809 3139 1878; x_wconf 77' lang='lat'><strong>180</strong></span> <span class='ocrx_word' id='word_1_305' title='bbox 3168 1809 3524 1878; x_wconf 88' lang='lat' dir='ltr'><strong>sequentibus</strong></span> <span class='ocrx_word' id='word_1_306' title='bbox 3554 1806 3629 1863; x_wconf 64' lang='lat' dir='ltr'><strong>res</strong></span> 
     </span>
    </p>
   </div>
   <div class='ocr_carea' id='block_1_41' title="bbox 2050 1898 3626 1965">
    <p class='ocr_par' dir='ltr' id='par_1_41' title="bbox 2050 1898 3626 1965">
     <span class='ocr_line' id='line_1_41' title="bbox 2050 1898 3626 1965; baseline 0.001 -11"><span class='ocrx_word' id='word_1_307' title='bbox 2050 1900 2150 1956; x_wconf 85' lang='lat' dir='ltr'><strong>riis</strong></span> <span class='ocrx_word' id='word_1_308' title='bbox 2195 1905 2251 1954; x_wconf 83' lang='lat' dir='ltr'><strong>in</strong></span> <span class='ocrx_word' id='word_1_309' title='bbox 2281 1901 2508 1954; x_wconf 86' lang='lat' dir='ltr'><strong>alteram</strong></span> <span class='ocrx_word' id='word_1_310' title='bbox 2562 1898 2925 1965; x_wconf 87' lang='lat' dir='ltr'><strong>Dominicam,</strong></span> <span class='ocrx_word' id='word_1_311' title='bbox 2971 1903 3027 1954; x_wconf 91' lang='lat' dir='ltr'><strong>in</strong></span> <span class='ocrx_word' id='word_1_312' title='bbox 3069 1901 3261 1955; x_wconf 83' lang='lat' dir='ltr'><strong>dextro</strong></span> <span class='ocrx_word' id='word_1_313' title='bbox 3308 1915 3372 1954; x_wconf 89' lang='lat' dir='ltr'><strong>ac</strong></span> <span class='ocrx_word' id='word_1_314' title='bbox 3401 1900 3626 1956; x_wconf 89' lang='lat' dir='ltr'><strong>sinistro</strong></span> 
     </span>
    </p>
   </div>
   <div class='ocr_carea' id='block_1_42' title="bbox 2051 1991 3626 2064">
    <p class='ocr_par' dir='ltr' id='par_1_42' title="bbox 2051 1991 3626 2064">
     <span class='ocr_line' id='line_1_42' title="bbox 2051 1991 3626 2064; baseline 0.001 -18"><span class='ocrx_word' id='word_1_315' title='bbox 2051 1994 2308 2047; x_wconf 88' lang='lat' dir='ltr'><strong>canonio.</strong></span> <span class='ocrx_word' id='word_1_316' title='bbox 2341 1991 2585 2058; x_wconf 84' lang='lat' dir='ltr'><strong>Quorum</strong></span> <span class='ocrx_word' id='word_1_317' title='bbox 2610 1993 2838 2047; x_wconf 90' lang='lat' dir='ltr'><strong>alterum</strong></span> <span class='ocrx_word' id='word_1_318' title='bbox 2868 1993 2935 2047; x_wconf 89' lang='lat' dir='ltr'><strong>ad</strong></span> <span class='ocrx_word' id='word_1_319' title='bbox 2975 1993 3281 2064; x_wconf 81' lang='lat' dir='ltr'><strong>ingressum</strong></span> <span class='ocrx_word' id='word_1_320' title='bbox 3310 2000 3626 2049; x_wconf 87' lang='lat' dir='ltr'><strong>sanctorum</strong></span> 
     </span>
    </p>
   </div>
   <div class='ocr_carea' id='block_1_43' title="bbox 2050 2084 3628 2158">
    <p class='ocr_par' dir='ltr' id='par_1_43' title="bbox 2050 2084 3628 2158">
     <span class='ocr_line' id='line_1_43' title="bbox 2050 2084 3628 2158; baseline -0.001 -16"><span class='ocrx_word' id='word_1_321' title='bbox 2050 2087 2382 2158; x_wconf 85' lang='lat' dir='ltr'><strong>jejuniorum</strong></span> <span class='ocrx_word' id='word_1_322' title='bbox 2404 2128 2420 2153; x_wconf 87' lang='lat'><strong>,</strong></span> <span class='ocrx_word' id='word_1_323' title='bbox 2458 2086 2573 2141; x_wconf 88' lang='lat' dir='ltr'><strong>sive</strong></span> <span class='ocrx_word' id='word_1_324' title='bbox 2610 2084 2966 2157; x_wconf 82' lang='lat' dir='ltr'><strong>Carnisprivii</strong></span> <span class='ocrx_word' id='word_1_325' title='bbox 3012 2087 3212 2143; x_wconf 87' lang='lat' dir='ltr'><strong>festum</strong></span> <span class='ocrx_word' id='word_1_326' title='bbox 3250 2105 3266 2142; x_wconf 88' lang='lat'><strong>:</strong></span> <span class='ocrx_word' id='word_1_327' title='bbox 3300 2087 3530 2142; x_wconf 87' lang='lat' dir='ltr'><strong>alterum</strong></span> <span class='ocrx_word' id='word_1_328' title='bbox 3556 2085 3628 2140; x_wconf 93' lang='lat' dir='ltr'><strong>ad</strong></span> 
     </span>
    </p>
   </div>
   <div class='ocr_carea' id='block_1_44' title="bbox 2054 2175 3629 2234">
    <p class='ocr_par' dir='ltr' id='par_1_44' title="bbox 2054 2175 3629 2234">
     <span class='ocr_line' id='line_1_44' title="bbox 2054 2175 3629 2234; baseline 0.001 -3"><span class='ocrx_word' id='word_1_329' title='bbox 2054 2177 2296 2232; x_wconf 89' lang='lat' dir='ltr'><strong>salutare</strong></span> <span class='ocrx_word' id='word_1_330' title='bbox 2320 2175 2533 2231; x_wconf 88' lang='lat' dir='ltr'><strong>Pascha</strong></span> <span class='ocrx_word' id='word_1_331' title='bbox 2554 2176 2811 2233; x_wconf 79' lang='lat' dir='ltr'><strong>refertur.</strong></span> <span class='ocrx_word' id='word_1_332' title='bbox 2837 2177 3113 2233; x_wconf 85' lang='lat' dir='ltr'><strong>Hactenus</strong></span> <span class='ocrx_word' id='word_1_333' title='bbox 3134 2178 3201 2234; x_wconf 91' lang='lat' dir='ltr'><strong>de</strong></span> <span class='ocrx_word' id='word_1_334' title='bbox 3223 2179 3517 2234; x_wconf 90' lang='lat' dir='ltr'><strong>rubricatis</strong></span> <span class='ocrx_word' id='word_1_335' title='bbox 3540 2193 3629 2233; x_wconf 86' lang='lat' dir='ltr'><strong>re-</strong></span> 
     </span>
    </p>
   </div>
   <div class='ocr_carea' id='block_1_45' title="bbox 2060 2268 3630 2340">
    <p class='ocr_par' dir='ltr' id='par_1_45' title="bbox 2060 2268 3630 2340">
     <span class='ocr_line' id='line_1_45' title="bbox 2060 2268 3630 2340; baseline 0.003 -18"><span class='ocrx_word' id='word_1_336' title='bbox 2060 2268 2365 2338; x_wconf 75' lang='lat' dir='ltr'><strong>gularibus,</strong></span> <span class='ocrx_word' id='word_1_337' title='bbox 2400 2276 2461 2321; x_wconf 88' lang='lat' dir='ltr'><strong>ut</strong></span> <span class='ocrx_word' id='word_1_338' title='bbox 2483 2269 2759 2333; x_wconf 83' lang='lat' dir='ltr'><strong>omnibus,</strong></span> <span class='ocrx_word' id='word_1_339' title='bbox 2792 2284 2917 2340; x_wconf 75' lang='lat' dir='ltr'><strong>qua:</strong></span> <span class='ocrx_word' id='word_1_340' title='bbox 2971 2285 3182 2327; x_wconf 88' lang='lat' dir='ltr'><strong>canone</strong></span> <span class='ocrx_word' id='word_1_341' title='bbox 3209 2271 3316 2327; x_wconf 90' lang='lat' dir='ltr'><strong>isto</strong></span> <span class='ocrx_word' id='word_1_342' title='bbox 3336 2271 3630 2326; x_wconf 90' lang='lat' dir='ltr'><strong>continen-</strong></span> 
     </span>
    </p>
   </div>
   <div class='ocr_carea' id='block_1_46' title="bbox 2055 2360 3630 2429">
    <p class='ocr_par' dir='ltr' id='par_1_46' title="bbox 2055 2360 3630 2429">
     <span class='ocr_line' id='line_1_46' title="bbox 2055 2360 3630 2429; baseline 0.003 -16"><span class='ocrx_word' id='word_1_343' title='bbox 2055 2369 2146 2413; x_wconf 89' lang='lat' dir='ltr'><strong>tur</strong></span> <span class='ocrx_word' id='word_1_344' title='bbox 2194 2360 2482 2429; x_wconf 81' lang='lat' dir='ltr'><strong>expositis,</strong></span> <span class='ocrx_word' id='word_1_345' title='bbox 2512 2375 2706 2415; x_wconf 89' lang='lat' dir='ltr'><strong>eorum</strong></span> <span class='ocrx_word' id='word_1_346' title='bbox 2734 2360 2808 2417; x_wconf 83' lang='lat' dir='ltr'><strong>sit</strong></span> <span class='ocrx_word' id='word_1_347' title='bbox 2847 2361 3113 2418; x_wconf 87' lang='lat' dir='ltr'><strong>studiosis</strong></span> <span class='ocrx_word' id='word_1_348' title='bbox 3151 2363 3448 2419; x_wconf 87' lang='lat' dir='ltr'><strong>lectoribus</strong></span> <span class='ocrx_word' id='word_1_349' title='bbox 3476 2377 3630 2419; x_wconf 86' lang='lat' dir='ltr'><strong>com-</strong></span> 
     </span>
    </p>
   </div>
   <div class='ocr_carea' id='block_1_47' title="bbox 2056 2451 2584 2522">
    <p class='ocr_par' dir='ltr' id='par_1_47' title="bbox 2056 2451 2584 2522">
     <span class='ocr_line' id='line_1_47' title="bbox 2056 2451 2584 2522; baseline 0.006 -17"><span class='ocrx_word' id='word_1_350' title='bbox 2056 2451 2352 2522; x_wconf 84' lang='lat' dir='ltr'><strong>prehensio</strong></span> <span class='ocrx_word' id='word_1_351' title='bbox 2385 2452 2584 2508; x_wconf 80' lang='lat' dir='ltr'><strong>facilis.</strong></span> 
     </span>
    </p>
   </div>
   <div class='ocr_carea' id='block_1_48' title="bbox 362 2546 3631 2624">
    <p class='ocr_par' dir='ltr' id='par_1_48' title="bbox 362 2546 3631 2624">
     <span class='ocr_line' id='line_1_48' title="bbox 362 2546 3631 2624; baseline 0.001 -23"><span class='ocrx_word' id='word_1_352' title='bbox 362 2548 490 2619; x_wconf 78' lang='grc' dir='ltr'>περὶ</span> <span class='ocrx_word' id='word_1_353' title='bbox 511 2547 620 2601; x_wconf 92' lang='grc' dir='ltr'><strong>τῶν</strong></span> <span class='ocrx_word' id='word_1_354' title='bbox 649 2549 757 2602; x_wconf 83' lang='grc' dir='ltr'>ἀπὸ</span> <span class='ocrx_word' id='word_1_355' title='bbox 787 2548 1012 2620; x_wconf 80' lang='grc' dir='ltr'>σηρικοῦ</span> <span class='ocrx_word' id='word_1_356' title='bbox 1040 2548 1354 2619; x_wconf 86' lang='grc' dir='ltr'>προσθετῶν</span> <span class='ocrx_word' id='word_1_357' title='bbox 1384 2547 1630 2619; x_wconf 83' lang='grc' dir='ltr'>ἡμερῶν,</span> <span class='ocrx_word' id='word_1_358' title='bbox 1663 2548 1740 2611; x_wconf 85' lang='grc' dir='ltr'><strong>ὡς</strong></span> <span class='ocrx_word' id='word_1_359' title='bbox 1771 2547 1838 2601; x_wconf 86' lang='grc' dir='ltr'><strong>ἂν</strong></span> <span class='ocrx_word' id='word_1_360' title='bbox 1860 2546 1951 2601; x_wconf 81' lang='grc' dir='ltr'>διὰ</span> <span class='ocrx_word' id='word_1_361' title='bbox 1981 2547 2200 2601; x_wconf 91' lang='grc' dir='ltr'>πάντων</span> <span class='ocrx_word' id='word_1_362' title='bbox 2222 2546 2322 2616; x_wconf 83' lang='grc' dir='ltr'>τῆς</span> <span class='ocrx_word' id='word_1_363' title='bbox 2358 2546 2500 2601; x_wconf 84' lang='grc' dir='ltr'>κατὰ</span> <span class='ocrx_word' id='word_1_364' title='bbox 2526 2547 2648 2600; x_wconf 84' lang='grc' dir='ltr'>τόδε</span> <span class='ocrx_word' id='word_1_365' title='bbox 2668 2547 2732 2600; x_wconf 82' lang='grc' dir='ltr'><strong>τὸ</strong></span> <span class='ocrx_word' id='word_1_366' title='bbox 2779 2548 3025 2604; x_wconf 86' lang='grc' dir='ltr'>κανόνιον</span> <span class='ocrx_word' id='word_1_367' title='bbox 3070 2548 3383 2624; x_wconf 72' lang='grc' dir='ltr'>ἐξηγήσεως</span> <span class='ocrx_word' id='word_1_368' title='bbox 3420 2566 3631 2621; x_wconf 86' lang='grc' dir='ltr'>τρανω-</span> 
     </span>
    </p>
   </div>
   <div class='ocr_carea' id='block_1_49' title="bbox 364 2639 2695 2713">
    <p class='ocr_par' dir='ltr' id='par_1_49' title="bbox 364 2639 2695 2713">
     <span class='ocr_line' id='line_1_49' title="bbox 364 2639 2695 2713; baseline 0 -19"><span class='ocrx_word' id='word_1_369' title='bbox 364 2641 549 2712; x_wconf 78' lang='grc' dir='ltr'>θείσης</span> <span class='ocrx_word' id='word_1_370' title='bbox 593 2644 628 2713; x_wconf 92' lang='grc' dir='ltr'><strong>ή</strong></span> <span class='ocrx_word' id='word_1_371' title='bbox 683 2642 791 2695; x_wconf 88' lang='grc' dir='ltr'><strong>τῶν</strong></span> <span class='ocrx_word' id='word_1_372' title='bbox 829 2643 887 2696; x_wconf 90' lang='grc' dir='ltr'><strong>ἐν</strong></span> <span class='ocrx_word' id='word_1_373' title='bbox 917 2641 1068 2713; x_wconf 86' lang='grc' dir='ltr'>αὐτῷ</span> <span class='ocrx_word' id='word_1_374' title='bbox 1111 2642 1379 2713; x_wconf 75' lang='grc' dir='ltr'>κειμένων</span> <span class='ocrx_word' id='word_1_375' title='bbox 1436 2641 1737 2713; x_wconf 83' lang='grc' dir='ltr'>κατάληψις</span> <span class='ocrx_word' id='word_1_376' title='bbox 1789 2640 1946 2712; x_wconf 78' lang='grc' dir='ltr'>ῥᾳδία</span> <span class='ocrx_word' id='word_1_377' title='bbox 1976 2640 2201 2712; x_wconf 87' lang='grc' dir='ltr'>γένηται</span> <span class='ocrx_word' id='word_1_378' title='bbox 2226 2641 2343 2704; x_wconf 74' lang='grc' dir='ltr'>τοῖς</span> <span class='ocrx_word' id='word_1_379' title='bbox 2368 2639 2695 2709; x_wconf 78' lang='grc' dir='ltr'>φιλοπόνοις.</span> 
     </span>
    </p>
   </div>
   <div class='ocr_carea' id='block_1_50' title="bbox 433 2755 1879 2829">
    <p class='ocr_par' dir='ltr' id='par_1_50' title="bbox 433 2755 1879 2829">
     <span class='ocr_line' id='line_1_50' title="bbox 433 2755 1879 2829; baseline -0.001 -16"><span class='ocrx_word' id='word_1_380' title='bbox 433 2758 574 2827; x_wconf 75' lang='grc' dir='ltr'>Περὶ</span> <span class='ocrx_word' id='word_1_381' title='bbox 605 2757 725 2811; x_wconf 76' lang='grc' dir='ltr'>τῶν</span> <span class='ocrx_word' id='word_1_382' title='bbox 749 2756 1026 2813; x_wconf 71' lang='grc' dir='ltr'>ἐπακτῶν</span> <span class='ocrx_word' id='word_1_383' title='bbox 1068 2758 1177 2826; x_wconf 83' lang='grc' dir='ltr'>τῆς</span> <span class='ocrx_word' id='word_1_384' title='bbox 1210 2759 1500 2829; x_wconf 77' lang='grc' dir='ltr'>σελήνης,</span> <span class='ocrx_word' id='word_1_385' title='bbox 1538 2758 1664 2825; x_wconf 85' lang='grc' dir='ltr'><strong>πῶς</strong></span> <span class='ocrx_word' id='word_1_386' title='bbox 1703 2755 1879 2816; x_wconf 83' lang='grc' dir='ltr'>αὗται</span> 
     </span>
    </p>
   </div>
   <div class='ocr_carea' id='block_1_51' title="bbox 968 2829 1348 2900">
    <p class='ocr_par' dir='ltr' id='par_1_51' title="bbox 968 2829 1348 2900">
     <span class='ocr_line' id='line_1_51' title="bbox 968 2829 1348 2900; baseline 0.003 -16"><span class='ocrx_word' id='word_1_387' title='bbox 968 2829 1348 2900; x_wconf 64' lang='grc' dir='ltr'>ψηφίζονται.</span> 
     </span>
    </p>
   </div>
   <div class='ocr_carea' id='block_1_52' title="bbox 436 2940 1950 3016">
    <p class='ocr_par' dir='ltr' id='par_1_52' title="bbox 436 2940 1950 3016">
     <span class='ocr_line' id='line_1_52' title="bbox 436 2940 1950 3016; baseline 0.003 -24"><span class='ocrx_word' id='word_1_388' title='bbox 436 2940 563 2995; x_wconf 81' lang='grc' dir='ltr'><strong>ΚΖ’.</strong></span> <span class='ocrx_word' id='word_1_389' title='bbox 584 2940 804 2993; x_wconf 86' lang='grc' dir='ltr'>Τούτων</span> <span class='ocrx_word' id='word_1_390' title='bbox 824 2940 883 2995; x_wconf 80' lang='grc' dir='ltr'>δὲ</span> <span class='ocrx_word' id='word_1_391' title='bbox 905 2941 1077 3006; x_wconf 77' lang='grc' dir='ltr'>οὕτως</span> <span class='ocrx_word' id='word_1_392' title='bbox 1098 2946 1220 3016; x_wconf 87' lang='grc' dir='ltr'>είρη</span> <span class='ocrx_word' id='word_1_393' title='bbox 1230 2943 1424 3014; x_wconf 87' lang='grc' dir='ltr'>μένων,</span> <span class='ocrx_word' id='word_1_394' title='bbox 1438 2942 1520 2996; x_wconf 85' lang='grc' dir='ltr'><strong>δεῖ</strong></span> <span class='ocrx_word' id='word_1_395' title='bbox 1532 2942 1659 3014; x_wconf 75' lang='grc' dir='ltr'>περὶ</span> <span class='ocrx_word' id='word_1_396' title='bbox 1671 2941 1780 2996; x_wconf 88' lang='grc' dir='ltr'><strong>τῶν</strong></span> <span class='ocrx_word' id='word_1_397' title='bbox 1801 2944 1858 2995; x_wconf 82' lang='grc' dir='ltr'><strong>ἐν</strong></span> <span class='ocrx_word' id='word_1_398' title='bbox 1871 2941 1950 3013; x_wconf 85' lang='grc' dir='ltr'>τῷ</span> 
     </span>
    </p>
   </div>
   <div class='ocr_carea' id='block_1_53' title="bbox 365 3031 1950 3105">
    <p class='ocr_par' dir='ltr' id='par_1_53' title="bbox 365 3031 1950 3105">
     <span class='ocr_line' id='line_1_53' title="bbox 365 3031 1950 3105; baseline 0.003 -22"><span class='ocrx_word' id='word_1_399' title='bbox 365 3031 632 3103; x_wconf 79' lang='grc' dir='ltr'>εὐωνύμῳ</span> <span class='ocrx_word' id='word_1_400' title='bbox 661 3033 893 3103; x_wconf 84' lang='grc' dir='ltr'>κανονίῳ</span> <span class='ocrx_word' id='word_1_401' title='bbox 918 3034 1268 3105; x_wconf 77' lang='grc' dir='ltr'>τεταγμένων</span> <span class='ocrx_word' id='word_1_402' title='bbox 1294 3034 1545 3088; x_wconf 85' lang='grc' dir='ltr'>ἐπακτῶν</span> <span class='ocrx_word' id='word_1_403' title='bbox 1584 3035 1682 3105; x_wconf 86' lang='grc' dir='ltr'><strong>τῆς</strong></span> <span class='ocrx_word' id='word_1_404' title='bbox 1722 3033 1950 3105; x_wconf 85' lang='grc' dir='ltr'>σελήνης</span> 
     </span>
    </p>
   </div>
   <div class='ocr_carea' id='block_1_54' title="bbox 2157 2760 3515 2833">
    <p class='ocr_par' dir='ltr' id='par_1_54' title="bbox 2157 2760 3515 2833">
     <span class='ocr_line' id='line_1_54' title="bbox 2157 2760 3515 2833; baseline 0.003 -19"><span class='ocrx_word' id='word_1_405' title='bbox 2157 2760 2237 2815; x_wconf 87' lang='lat' dir='ltr'><strong>De</strong></span> <span class='ocrx_word' id='word_1_406' title='bbox 2261 2761 2458 2830; x_wconf 77' lang='lat' dir='ltr'><strong>epactis</strong></span> <span class='ocrx_word' id='word_1_407' title='bbox 2482 2760 2643 2825; x_wconf 76' lang='lat' dir='ltr'><strong>lunw,</strong></span> <span class='ocrx_word' id='word_1_408' title='bbox 2669 2761 3107 2833; x_wconf 86' lang='lat' dir='ltr'><strong>quemadmodum</strong></span> <span class='ocrx_word' id='word_1_409' title='bbox 3131 2773 3515 2833; x_wconf 80' lang='lat' dir='ltr'><strong>computentur.</strong></span> 
     </span>
    </p>
   </div>
   <div class='ocr_carea' id='block_1_55' title="bbox 2120 2943 3631 3021">
    <p class='ocr_par' dir='ltr' id='par_1_55' title="bbox 2120 2943 3631 3021">
     <span class='ocr_line' id='line_1_55' title="bbox 2120 2943 3631 3021; baseline 0.005 -23"><span class='ocrx_word' id='word_1_410' title='bbox 2120 2943 2336 3000; x_wconf 72' lang='lat' dir='ltr'><strong>XXVII.</strong></span> <span class='ocrx_word' id='word_1_411' title='bbox 2369 2943 2469 3001; x_wconf 86' lang='lat' dir='ltr'><strong>His</strong></span> <span class='ocrx_word' id='word_1_412' title='bbox 2509 2946 2939 3015; x_wconf 84' lang='lat' dir='ltr'><strong>animadversis,</strong></span> <span class='ocrx_word' id='word_1_413' title='bbox 2966 2948 3034 3005; x_wconf 92' lang='lat' dir='ltr'><strong>de</strong></span> <span class='ocrx_word' id='word_1_414' title='bbox 3077 2951 3284 3019; x_wconf 89' lang='lat' dir='ltr'><strong>epactis</strong></span> <span class='ocrx_word' id='word_1_415' title='bbox 3312 2950 3477 3015; x_wconf 67' lang='lat' dir='ltr'><strong>lunai,</strong></span> <span class='ocrx_word' id='word_1_416' title='bbox 3507 2965 3631 3021; x_wconf 70' lang='lat' dir='ltr'><strong>qua</strong></span> 
     </span>
    </p>
   </div>
   <div class='ocr_carea' id='block_1_56' title="bbox 2050 3038 3628 3106">
    <p class='ocr_par' dir='ltr' id='par_1_56' title="bbox 2050 3038 3628 3106">
     <span class='ocr_line' id='line_1_56' title="bbox 2050 3038 3628 3106; baseline 0.004 -13"><span class='ocrx_word' id='word_1_417' title='bbox 2050 3038 2110 3093; x_wconf 90' lang='lat' dir='ltr'><strong>in</strong></span> <span class='ocrx_word' id='word_1_418' title='bbox 2141 3039 2370 3095; x_wconf 91' lang='lat' dir='ltr'><strong>sinistro</strong></span> <span class='ocrx_word' id='word_1_419' title='bbox 2408 3054 2619 3095; x_wconf 87' lang='lat' dir='ltr'><strong>canone</strong></span> <span class='ocrx_word' id='word_1_420' title='bbox 2647 3050 2797 3106; x_wconf 88' lang='lat' dir='ltr'><strong>sunt,</strong></span> <span class='ocrx_word' id='word_1_421' title='bbox 2833 3057 3016 3098; x_wconf 88' lang='lat' dir='ltr'><strong>sermo</strong></span> <span class='ocrx_word' id='word_1_422' title='bbox 3046 3043 3628 3099; x_wconf 86' lang='lat' dir='ltr'><strong>rursusinstituendus</strong></span> 
     </span>
    </p>
   </div>
   <div class='ocr_carea' id='block_1_57' title="bbox 364 3119 1970 3207">
    <p class='ocr_par' dir='ltr' id='par_1_57' title="bbox 364 3119 1949 3198">
     <span class='ocr_line' id='line_1_57' title="bbox 364 3119 1949 3198; baseline 0 -20"><span class='ocrx_word' id='word_1_423' title='bbox 364 3123 461 3178; x_wconf 77' lang='grc' dir='ltr'>καὶ</span> <span class='ocrx_word' id='word_1_424' title='bbox 487 3119 642 3187; x_wconf 84' lang='grc' dir='ltr'>αὖθις</span> <span class='ocrx_word' id='word_1_425' title='bbox 668 3124 1050 3191; x_wconf 78' lang='grc' dir='ltr'>ἐπαναλαϐεῖν,</span> <span class='ocrx_word' id='word_1_426' title='bbox 1084 3128 1178 3180; x_wconf 80' lang='grc' dir='ltr'><strong>καὶ</strong></span> <span class='ocrx_word' id='word_1_427' title='bbox 1209 3126 1382 3193; x_wconf 79' lang='grc' dir='ltr'>δεῖξαι</span> <span class='ocrx_word' id='word_1_428' title='bbox 1416 3126 1534 3190; x_wconf 87' lang='grc' dir='ltr'><strong>πῶς</strong></span> <span class='ocrx_word' id='word_1_429' title='bbox 1571 3119 1734 3180; x_wconf 70' lang='grc' dir='ltr'>αὗται</span> <span class='ocrx_word' id='word_1_430' title='bbox 1765 3126 1949 3198; x_wconf 79' lang='grc' dir='ltr'>ψηφί-</span> 
     </span>
    </p>
   </div>
   <div class='ocr_carea' id='block_1_58' title="bbox 2053 3119 3629 3207">
    <p class='ocr_par' dir='ltr' id='par_1_58' title="bbox 2053 3131 3629 3207">
     <span class='ocr_line' id='line_1_58' title="bbox 2053 3131 3629 3207; baseline 0.004 -22"><span class='ocrx_word' id='word_1_431' title='bbox 2053 3137 2161 3196; x_wconf 89' lang='lat' dir='ltr'><strong>est,</strong></span> <span class='ocrx_word' id='word_1_432' title='bbox 2197 3146 2260 3185; x_wconf 89' lang='lat' dir='ltr'><strong>ac</strong></span> <span class='ocrx_word' id='word_1_433' title='bbox 2288 3131 2777 3188; x_wconf 83' lang='lat' dir='ltr'><strong>demonstrandum</strong></span> <span class='ocrx_word' id='word_1_434' title='bbox 2798 3133 3072 3204; x_wconf 89' lang='lat' dir='ltr'><strong>quomodo</strong></span> <span class='ocrx_word' id='word_1_435' title='bbox 3091 3136 3392 3205; x_wconf 88' lang='lat' dir='ltr'><strong>computari</strong></span> <span class='ocrx_word' id='word_1_436' title='bbox 3414 3142 3468 3191; x_wconf 88' lang='lat' dir='ltr'><strong>et</strong></span> <span class='ocrx_word' id='word_1_437' title='bbox 3493 3135 3629 3207; x_wconf 65' lang='lat' dir='ltr'><strong>ipsa:</strong></span> 
     </span>
    </p>
   </div>
   <div class='ocr_carea' id='block_1_59' title="bbox 362 3216 1951 3289">
    <p class='ocr_par' dir='ltr' id='par_1_59' title="bbox 362 3216 1951 3289">
     <span class='ocr_line' id='line_1_59' title="bbox 362 3216 1951 3289; baseline 0 -20"><span class='ocrx_word' id='word_1_438' title='bbox 362 3216 569 3280; x_wconf 79' lang='grc' dir='ltr'>ζονται.</span> <span class='ocrx_word' id='word_1_439' title='bbox 604 3216 725 3288; x_wconf 85' lang='grc' dir='ltr'><strong>Χρὴ</strong></span> <span class='ocrx_word' id='word_1_440' title='bbox 755 3217 935 3271; x_wconf 85' lang='grc' dir='ltr'>τοίνυν</span> <span class='ocrx_word' id='word_1_441' title='bbox 964 3217 1027 3270; x_wconf 85' lang='grc' dir='ltr'>τὸ</span> <span class='ocrx_word' id='word_1_442' title='bbox 1053 3219 1405 3289; x_wconf 83' lang='grc' dir='ltr'>ἐνιστάμενον</span> <span class='ocrx_word' id='word_1_443' title='bbox 1438 3218 1538 3288; x_wconf 80' lang='grc' dir='ltr'>τῆς</span> <span class='ocrx_word' id='word_1_444' title='bbox 1570 3218 1800 3288; x_wconf 85' lang='grc' dir='ltr'>σελήνης</span> <span class='ocrx_word' id='word_1_445' title='bbox 1831 3216 1951 3282; x_wconf 77' lang='grc' dir='ltr'>ἔτος</span> 
     </span>
    </p>
   </div>
   <div class='ocr_carea' id='block_1_60' title="bbox 365 3305 1949 3382">
    <p class='ocr_par' dir='ltr' id='par_1_60' title="bbox 365 3305 1949 3382">
     <span class='ocr_line' id='line_1_60' title="bbox 365 3305 1949 3382; baseline 0.003 -22"><span class='ocrx_word' id='word_1_446' title='bbox 365 3308 853 3364; x_wconf 76' lang='grc' dir='ltr'>ένδεκαπλασιάσαι</span> <span class='ocrx_word' id='word_1_447' title='bbox 872 3328 885 3341; x_wconf 73' lang='grc' dir='ltr'><strong>ο</strong></span> <span class='ocrx_word' id='word_1_448' title='bbox 931 3305 1044 3365; x_wconf 75' lang='grc' dir='ltr'>οἷον</span> <span class='ocrx_word' id='word_1_449' title='bbox 1070 3311 1146 3375; x_wconf 87' lang='grc' dir='ltr'>ὡς</span> <span class='ocrx_word' id='word_1_450' title='bbox 1175 3313 1269 3364; x_wconf 75' lang='grc' dir='ltr'><strong>ἐπὶ</strong></span> <span class='ocrx_word' id='word_1_451' title='bbox 1298 3310 1393 3365; x_wconf 80' lang='grc' dir='ltr'>τοῦ</span> <span class='ocrx_word' id='word_1_452' title='bbox 1425 3311 1691 3382; x_wconf 87' lang='grc' dir='ltr'>παρόντος</span> <span class='ocrx_word' id='word_1_453' title='bbox 1717 3312 1760 3365; x_wconf 83' lang='grc' dir='ltr'>δ’</span> <span class='ocrx_word' id='word_1_454' title='bbox 1786 3311 1879 3364; x_wconf 77' lang='grc' dir='ltr'>καὶ</span> <span class='ocrx_word' id='word_1_455' title='bbox 1920 3318 1949 3365; x_wconf 87' lang='grc' dir='ltr'>ι’</span> 
     </span>
    </p>
   </div>
   <div class='ocr_carea' id='block_1_61' title="bbox 365 3402 1954 3476">
    <p class='ocr_par' dir='ltr' id='par_1_61' title="bbox 365 3402 1954 3476">
     <span class='ocr_line' id='line_1_61' title="bbox 365 3402 1954 3476; baseline 0.001 -20"><span class='ocrx_word' id='word_1_456' title='bbox 365 3402 461 3456; x_wconf 81' lang='grc' dir='ltr'><strong>καὶ</strong></span> <span class='ocrx_word' id='word_1_457' title='bbox 494 3402 594 3467; x_wconf 84' lang='grc' dir='ltr'>τὰς</span> <span class='ocrx_word' id='word_1_458' title='bbox 627 3405 691 3457; x_wconf 84' lang='grc' dir='ltr'><strong>ἐκ</strong></span> <span class='ocrx_word' id='word_1_459' title='bbox 715 3402 811 3456; x_wconf 83' lang='grc' dir='ltr'>τοῦ</span> <span class='ocrx_word' id='word_1_460' title='bbox 842 3403 1326 3475; x_wconf 86' lang='grc' dir='ltr'>πολυπλασιασμοῦ</span> <span class='ocrx_word' id='word_1_461' title='bbox 1349 3404 1717 3475; x_wconf 82' lang='grc' dir='ltr'>συναγομένας</span> <span class='ocrx_word' id='word_1_462' title='bbox 1740 3404 1954 3476; x_wconf 85' lang='grc' dir='ltr'>ἡμέρας</span> 
     </span>
    </p>
   </div>
   <div class='ocr_carea' id='block_1_62' title="bbox 370 3494 1953 3568">
    <p class='ocr_par' dir='ltr' id='par_1_62' title="bbox 370 3494 1953 3568">
     <span class='ocr_line' id='line_1_62' title="bbox 370 3494 1953 3568; baseline 0.001 -21"><span class='ocrx_word' id='word_1_463' title='bbox 370 3494 476 3564; x_wconf 83' lang='grc' dir='ltr'>ρνδ⁹</span> <span class='ocrx_word' id='word_1_464' title='bbox 527 3495 749 3565; x_wconf 84' lang='grc' dir='ltr'>ποιῆσαι</span> <span class='ocrx_word' id='word_1_465' title='bbox 782 3496 934 3568; x_wconf 85' lang='grc' dir='ltr'>παρὰ</span> <span class='ocrx_word' id='word_1_466' title='bbox 964 3494 1060 3550; x_wconf 78' lang='grc' dir='ltr'>δύο</span> <span class='ocrx_word' id='word_1_467' title='bbox 1093 3496 1328 3567; x_wconf 86' lang='grc' dir='ltr'>ἡμέρας,</span> <span class='ocrx_word' id='word_1_468' title='bbox 1357 3496 1448 3549; x_wconf 80' lang='grc' dir='ltr'>διὰ</span> <span class='ocrx_word' id='word_1_469' title='bbox 1478 3495 1541 3549; x_wconf 83' lang='grc' dir='ltr'><strong>τὸ</strong></span> <span class='ocrx_word' id='word_1_470' title='bbox 1594 3496 1810 3566; x_wconf 84' lang='grc' dir='ltr'>πρῶτον</span> <span class='ocrx_word' id='word_1_471' title='bbox 1854 3496 1953 3566; x_wconf 78' lang='grc' dir='ltr'>τῆς</span> 
     </span>
    </p>
   </div>
   <div class='ocr_carea' id='block_1_63' title="bbox 367 3584 1954 3658">
    <p class='ocr_par' dir='ltr' id='par_1_63' title="bbox 367 3584 1954 3658">
     <span class='ocr_line' id='line_1_63' title="bbox 367 3584 1954 3658; baseline 0.002 -21"><span class='ocrx_word' id='word_1_472' title='bbox 367 3584 598 3657; x_wconf 88' lang='grc' dir='ltr'>σελήνης</span> <span class='ocrx_word' id='word_1_473' title='bbox 637 3586 757 3651; x_wconf 81' lang='grc' dir='ltr'>ἔτος</span> <span class='ocrx_word' id='word_1_474' title='bbox 795 3589 840 3641; x_wconf 86' lang='grc' dir='ltr'>θ’</span> <span class='ocrx_word' id='word_1_475' title='bbox 869 3588 1030 3658; x_wconf 91' lang='grc' dir='ltr'>μόνον</span> <span class='ocrx_word' id='word_1_476' title='bbox 1062 3588 1305 3651; x_wconf 81' lang='grc' dir='ltr'>ἐπακτὰς</span> <span class='ocrx_word' id='word_1_477' title='bbox 1329 3587 1475 3658; x_wconf 82' lang='grc' dir='ltr'>ἐχειν</span> <span class='ocrx_word' id='word_1_478' title='bbox 1496 3605 1511 3618; x_wconf 91' lang='grc'><strong>·</strong></span> <span class='ocrx_word' id='word_1_479' title='bbox 1548 3588 1643 3641; x_wconf 75' lang='grc' dir='ltr'>καὶ</span> <span class='ocrx_word' id='word_1_480' title='bbox 1670 3587 1842 3650; x_wconf 77' lang='grc' dir='ltr'>οὕτως</span> <span class='ocrx_word' id='word_1_481' title='bbox 1872 3589 1954 3651; x_wconf 85' lang='grc' dir='ltr'><strong>είς</strong></span> 
     </span>
    </p>
   </div>
   <div class='ocr_carea' id='block_1_64' title="bbox 363 3676 1949 3753">
    <p class='ocr_par' dir='ltr' id='par_1_64' title="bbox 363 3676 1949 3753">
     <span class='ocr_line' id='line_1_64' title="bbox 363 3676 1949 3753; baseline 0.003 -23"><span class='ocrx_word' id='word_1_482' title='bbox 363 3678 457 3730; x_wconf 83' lang='grc' dir='ltr'><strong>τὸν</strong></span> <span class='ocrx_word' id='word_1_483' title='bbox 489 3676 553 3742; x_wconf 85' lang='grc' dir='ltr'>λ’,</span> <span class='ocrx_word' id='word_1_484' title='bbox 584 3677 670 3732; x_wconf 76' lang='grc' dir='ltr'>διὰ</span> <span class='ocrx_word' id='word_1_485' title='bbox 700 3680 828 3742; x_wconf 88' lang='grc' dir='ltr'>τοὺς</span> <span class='ocrx_word' id='word_1_486' title='bbox 871 3680 1203 3750; x_wconf 79' lang='grc' dir='ltr'>ἐμσολίμους</span> <span class='ocrx_word' id='word_1_487' title='bbox 1249 3683 1424 3751; x_wconf 84' lang='grc' dir='ltr'>μῆνας</span> <span class='ocrx_word' id='word_1_488' title='bbox 1468 3680 1671 3745; x_wconf 83' lang='grc' dir='ltr'>ταύτας</span> <span class='ocrx_word' id='word_1_489' title='bbox 1710 3680 1949 3753; x_wconf 85' lang='grc' dir='ltr'>μερίσαι.</span> 
     </span>
    </p>
   </div>
   <div class='ocr_carea' id='block_1_65' title="bbox 366 3770 1953 3844">
    <p class='ocr_par' dir='ltr' id='par_1_65' title="bbox 366 3770 1953 3844">
     <span class='ocr_line' id='line_1_65' title="bbox 366 3770 1953 3844; baseline 0.003 -21"><span class='ocrx_word' id='word_1_490' title='bbox 366 3770 525 3840; x_wconf 80' lang='grc' dir='ltr'>Λέγω</span> <span class='ocrx_word' id='word_1_491' title='bbox 570 3770 629 3825; x_wconf 88' lang='grc' dir='ltr'>δὲ</span> <span class='ocrx_word' id='word_1_492' title='bbox 668 3771 769 3836; x_wconf 82' lang='grc' dir='ltr'>τὰς</span> <span class='ocrx_word' id='word_1_493' title='bbox 819 3771 929 3841; x_wconf 80' lang='grc' dir='ltr'><strong>ρνὸ¹</strong></span> <span class='ocrx_word' id='word_1_494' title='bbox 958 3773 1180 3836; x_wconf 73' lang='grc' dir='ltr'>καὶτὰς</span> <span class='ocrx_word' id='word_1_495' title='bbox 1206 3773 1661 3844; x_wconf 82' lang='grc' dir='ltr'>ὑπολειπομένας,</span> <span class='ocrx_word' id='word_1_496' title='bbox 1706 3774 1953 3827; x_wconf 84' lang='grc' dir='ltr'>τουτέστι</span> 
     </span>
    </p>
   </div>
   <div class='ocr_carea' id='block_1_66' title="bbox 362 3862 1954 3937">
    <p class='ocr_par' dir='ltr' id='par_1_66' title="bbox 362 3862 1954 3937">
     <span class='ocr_line' id='line_1_66' title="bbox 362 3862 1954 3937; baseline 0.002 -21"><span class='ocrx_word' id='word_1_497' title='bbox 362 3862 464 3926; x_wconf 76' lang='grc' dir='ltr'>τὰς</span> <span class='ocrx_word' id='word_1_498' title='bbox 508 3862 602 3916; x_wconf 75' lang='grc' dir='ltr'>δύο</span> <span class='ocrx_word' id='word_1_499' title='bbox 635 3865 871 3936; x_wconf 83' lang='grc' dir='ltr'>ἡμέρας,</span> <span class='ocrx_word' id='word_1_500' title='bbox 897 3864 1140 3928; x_wconf 76' lang='grc' dir='ltr'>ἐπακτὰς</span> <span class='ocrx_word' id='word_1_501' title='bbox 1170 3865 1315 3936; x_wconf 62' lang='grc' dir='ltr'>ἐχειν</span> <span class='ocrx_word' id='word_1_502' title='bbox 1355 3866 1417 3918; x_wconf 85' lang='grc' dir='ltr'>τὸ</span> <span class='ocrx_word' id='word_1_503' title='bbox 1439 3866 1539 3937; x_wconf 83' lang='grc' dir='ltr'><strong>τῆς</strong></span> <span class='ocrx_word' id='word_1_504' title='bbox 1580 3867 1811 3937; x_wconf 87' lang='grc' dir='ltr'>σελήνης</span> <span class='ocrx_word' id='word_1_505' title='bbox 1836 3866 1954 3930; x_wconf 74' lang='grc' dir='ltr'>ἔτος</span> 
     </span>
    </p>
   </div>
   <div class='ocr_carea' id='block_1_67' title="bbox 362 3952 1954 4027">
    <p class='ocr_par' dir='ltr' id='par_1_67' title="bbox 362 3952 1954 4027">
     <span class='ocr_line' id='line_1_67' title="bbox 362 3952 1954 4027; baseline 0.004 -23"><span class='ocrx_word' id='word_1_506' title='bbox 362 3952 723 4023; x_wconf 82' lang='grc' dir='ltr'>γινώσκεται·</span> <span class='ocrx_word' id='word_1_507' title='bbox 758 3953 824 4018; x_wconf 81' lang='grc' dir='ltr'><strong>ἃς</strong></span> <span class='ocrx_word' id='word_1_508' title='bbox 875 3957 971 4007; x_wconf 56' lang='grc' dir='ltr'><strong>καὶ¹</strong></span> <span class='ocrx_word' id='word_1_509' title='bbox 1021 3955 1507 4027; x_wconf 87' lang='grc' dir='ltr'>διαγεγραμμένας</span> <span class='ocrx_word' id='word_1_510' title='bbox 1550 3955 1664 4027; x_wconf 80' lang='grc' dir='ltr'>ἔχει</span> <span class='ocrx_word' id='word_1_511' title='bbox 1715 3956 1776 4009; x_wconf 82' lang='grc' dir='ltr'>τὸ</span> <span class='ocrx_word' id='word_1_512' title='bbox 1823 3957 1954 4010; x_wconf 84' lang='grc' dir='ltr'>αὐτὸ</span> 
     </span>
    </p>
   </div>
   <div class='ocr_carea' id='block_1_68' title="bbox 363 4039 1953 4116">
    <p class='ocr_par' dir='ltr' id='par_1_68' title="bbox 363 4039 1953 4116">
     <span class='ocr_line' id='line_1_68' title="bbox 363 4039 1953 4116; baseline 0.004 -23"><span class='ocrx_word' id='word_1_513' title='bbox 363 4039 408 4094; x_wconf 84' lang='grc' dir='ltr'>δ’</span> <span class='ocrx_word' id='word_1_514' title='bbox 441 4041 533 4094; x_wconf 76' lang='grc' dir='ltr'>καὶ</span> <span class='ocrx_word' id='word_1_515' title='bbox 563 4048 592 4093; x_wconf 93' lang='grc' dir='ltr'>ι’</span> <span class='ocrx_word' id='word_1_516' title='bbox 620 4040 738 4105; x_wconf 83' lang='grc' dir='ltr'>έτος</span> <span class='ocrx_word' id='word_1_517' title='bbox 777 4043 836 4095; x_wconf 82' lang='grc' dir='ltr'><strong>ἐν</strong></span> <span class='ocrx_word' id='word_1_518' title='bbox 868 4043 1005 4114; x_wconf 82' lang='grc' dir='ltr'>τῷδε</span> <span class='ocrx_word' id='word_1_519' title='bbox 1034 4043 1111 4113; x_wconf 88' lang='grc' dir='ltr'>τῷ</span> <span class='ocrx_word' id='word_1_520' title='bbox 1136 4046 1392 4116; x_wconf 86' lang='grc' dir='ltr'>κανονίῳ.</span> <span class='ocrx_word' id='word_1_521' title='bbox 1413 4044 1602 4110; x_wconf 79' lang='grc' dir='ltr'>οὕτως</span> <span class='ocrx_word' id='word_1_522' title='bbox 1626 4041 1718 4100; x_wconf 80' lang='grc' dir='ltr'><strong>οὖν</strong></span> <span class='ocrx_word' id='word_1_523' title='bbox 1742 4047 1837 4100; x_wconf 79' lang='grc' dir='ltr'>καὶ</span> <span class='ocrx_word' id='word_1_524' title='bbox 1866 4048 1953 4100; x_wconf 84' lang='grc' dir='ltr'>ἐπ’</span> 
     </span>
    </p>
   </div>
   <div class='ocr_carea' id='block_1_69' title="bbox 365 4131 1957 4209">
    <p class='ocr_par' dir='ltr' id='par_1_69' title="bbox 365 4131 1957 4209">
     <span class='ocr_line' id='line_1_69' title="bbox 365 4131 1957 4209; baseline 0.005 -24"><span class='ocrx_word' id='word_1_525' title='bbox 365 4131 527 4185; x_wconf 80' lang='grc' dir='ltr'>ἄλλου</span> <span class='ocrx_word' id='word_1_526' title='bbox 586 4134 786 4196; x_wconf 79' lang='grc' dir='ltr'>παντὸς</span> <span class='ocrx_word' id='word_1_527' title='bbox 833 4133 986 4198; x_wconf 73' lang='grc' dir='ltr'>ἔτους</span> <span class='ocrx_word' id='word_1_528' title='bbox 1042 4136 1274 4206; x_wconf 89' lang='grc' dir='ltr'>σελήνης</span> <span class='ocrx_word' id='word_1_529' title='bbox 1331 4138 1596 4209; x_wconf 81' lang='grc' dir='ltr'>προσήκει</span> <span class='ocrx_word' id='word_1_530' title='bbox 1632 4141 1825 4191; x_wconf 80' lang='grc' dir='ltr'>ποιεῖν.</span> <span class='ocrx_word' id='word_1_531' title='bbox 1852 4133 1957 4193; x_wconf 78' lang='grc' dir='ltr'><strong>Αὖ-</strong></span> 
     </span>
    </p>
   </div>
   <div class='ocr_carea' id='block_1_70' title="bbox 365 4224 1956 4301">
    <p class='ocr_par' dir='ltr' id='par_1_70' title="bbox 365 4224 1956 4301">
     <span class='ocr_line' id='line_1_70' title="bbox 365 4224 1956 4301; baseline 0.006 -25"><span class='ocrx_word' id='word_1_532' title='bbox 365 4241 456 4278; x_wconf 82' lang='grc' dir='ltr'><strong>ται</strong></span> <span class='ocrx_word' id='word_1_533' title='bbox 504 4224 562 4278; x_wconf 77' lang='grc' dir='ltr'>δὲ</span> <span class='ocrx_word' id='word_1_534' title='bbox 609 4225 848 4280; x_wconf 73' lang='grc' dir='ltr'>ἐπακταὶ</span> <span class='ocrx_word' id='word_1_535' title='bbox 875 4228 1082 4299; x_wconf 89' lang='grc' dir='ltr'>ἡμέραι</span> <span class='ocrx_word' id='word_1_536' title='bbox 1116 4229 1494 4300; x_wconf 80' lang='grc' dir='ltr'>τυγχάνουσιν,</span> <span class='ocrx_word' id='word_1_537' title='bbox 1522 4229 1588 4293; x_wconf 77' lang='grc' dir='ltr'><strong>ἃς</strong></span> <span class='ocrx_word' id='word_1_538' title='bbox 1613 4230 1673 4283; x_wconf 83' lang='grc' dir='ltr'><strong>τὸ</strong></span> <span class='ocrx_word' id='word_1_539' title='bbox 1714 4230 1833 4294; x_wconf 76' lang='grc' dir='ltr'>ἔτος</span> <span class='ocrx_word' id='word_1_540' title='bbox 1856 4231 1956 4301; x_wconf 87' lang='grc' dir='ltr'>τῆς</span> 
     </span>
    </p>
   </div>
   <div class='ocr_carea' id='block_1_71' title="bbox 367 4317 1954 4396">
    <p class='ocr_par' dir='ltr' id='par_1_71' title="bbox 367 4317 1954 4396">
     <span class='ocr_line' id='line_1_71' title="bbox 367 4317 1954 4396; baseline 0.006 -27"><span class='ocrx_word' id='word_1_541' title='bbox 367 4317 595 4389; x_wconf 78' lang='grc' dir='ltr'>σελήνης</span> <span class='ocrx_word' id='word_1_542' title='bbox 625 4317 804 4390; x_wconf 81' lang='grc' dir='ltr'>πάντη</span> <span class='ocrx_word' id='word_1_543' title='bbox 836 4336 895 4372; x_wconf 90' lang='grc' dir='ltr'><strong>τε</strong></span> <span class='ocrx_word' id='word_1_544' title='bbox 925 4322 1020 4373; x_wconf 79' lang='grc' dir='ltr'><strong>καὶ</strong></span> <span class='ocrx_word' id='word_1_545' title='bbox 1052 4321 1270 4385; x_wconf 88' lang='grc' dir='ltr'>πάντως</span> <span class='ocrx_word' id='word_1_546' title='bbox 1301 4321 1422 4393; x_wconf 76' lang='grc' dir='ltr'>ἕχον</span> <span class='ocrx_word' id='word_1_547' title='bbox 1458 4324 1772 4396; x_wconf 83' lang='grc' dir='ltr'>εὑρίσκεται</span> <span class='ocrx_word' id='word_1_548' title='bbox 1813 4324 1954 4378; x_wconf 84' lang='grc' dir='ltr'>κατὰ</span> 
     </span>
    </p>
   </div>
   <div class='ocr_carea' id='block_1_72' title="bbox 364 4407 1952 4489">
    <p class='ocr_par' dir='ltr' id='par_1_72' title="bbox 364 4407 1952 4489">
     <span class='ocr_line' id='line_1_72' title="bbox 364 4407 1952 4489; baseline 0.006 -29"><span class='ocrx_word' id='word_1_549' title='bbox 364 4407 464 4479; x_wconf 88' lang='grc' dir='ltr'><strong>τὴν</strong></span> <span class='ocrx_word' id='word_1_550' title='bbox 508 4409 776 4481; x_wconf 88' lang='grc' dir='ltr'>τριακάδα</span> <span class='ocrx_word' id='word_1_551' title='bbox 821 4410 1046 4484; x_wconf 84' lang='grc' dir='ltr'>πρώτην</span> <span class='ocrx_word' id='word_1_552' title='bbox 1080 4411 1174 4465; x_wconf 80' lang='grc' dir='ltr'><strong>τοῦ</strong></span> <span class='ocrx_word' id='word_1_553' title='bbox 1207 4414 1456 4485; x_wconf 86' lang='grc' dir='ltr'>Μαρτίου</span> <span class='ocrx_word' id='word_1_554' title='bbox 1500 4416 1688 4487; x_wconf 84' lang='grc' dir='ltr'>μηνός.</span> <span class='ocrx_word' id='word_1_555' title='bbox 1734 4416 1952 4489; x_wconf 84' lang='grc' dir='ltr'>Ἐπειδὴ</span> 
     </span>
    </p>
   </div>
   <div class='ocr_carea' id='block_1_73' title="bbox 2054 3218 3628 3295">
    <p class='ocr_par' dir='ltr' id='par_1_73' title="bbox 2054 3218 3628 3295">
     <span class='ocr_line' id='line_1_73' title="bbox 2054 3218 3628 3295; baseline 0.006 -23"><span class='ocrx_word' id='word_1_556' title='bbox 2054 3218 2307 3275; x_wconf 89' lang='lat' dir='ltr'><strong>debeant.</strong></span> <span class='ocrx_word' id='word_1_557' title='bbox 2347 3220 2516 3291; x_wconf 81' lang='lat' dir='ltr'><strong>Igitur</strong></span> <span class='ocrx_word' id='word_1_558' title='bbox 2547 3231 2858 3279; x_wconf 88' lang='lat' dir='ltr'><strong>currentem</strong></span> <span class='ocrx_word' id='word_1_559' title='bbox 2905 3239 3109 3279; x_wconf 87' lang='lat' dir='ltr'><strong>annum</strong></span> <span class='ocrx_word' id='word_1_560' title='bbox 3139 3225 3281 3279; x_wconf 74' lang='lat' dir='ltr'><strong>luna:</strong></span> <span class='ocrx_word' id='word_1_561' title='bbox 3312 3240 3412 3295; x_wconf 90' lang='lat' dir='ltr'><strong>per</strong></span> <span class='ocrx_word' id='word_1_562' title='bbox 3455 3226 3628 3282; x_wconf 84' lang='lat' dir='ltr'><strong>unde-</strong></span> 
     </span>
    </p>
   </div>
   <div class='ocr_carea' id='block_1_74' title="bbox 2053 3311 3625 3387">
    <p class='ocr_par' dir='ltr' id='par_1_74' title="bbox 2053 3311 3625 3387">
     <span class='ocr_line' id='line_1_74' title="bbox 2053 3311 3625 3387; baseline 0.005 -23"><span class='ocrx_word' id='word_1_563' title='bbox 2053 3311 2159 3364; x_wconf 92' lang='lat' dir='ltr'><strong>cim</strong></span> <span class='ocrx_word' id='word_1_564' title='bbox 2188 3312 2552 3383; x_wconf 87' lang='lat' dir='ltr'><strong>multiplicare</strong></span> <span class='ocrx_word' id='word_1_565' title='bbox 2589 3322 2806 3384; x_wconf 87' lang='lat' dir='ltr'><strong>oportet</strong></span> <span class='ocrx_word' id='word_1_566' title='bbox 2837 3332 2850 3366; x_wconf 89' lang='lat'><strong><em>:</em></strong></span> <span class='ocrx_word' id='word_1_567' title='bbox 2876 3323 2937 3368; x_wconf 84' lang='lat' dir='ltr'><strong>ut</strong></span> <span class='ocrx_word' id='word_1_568' title='bbox 2969 3317 3202 3387; x_wconf 81' lang='lat' dir='ltr'><strong>exempli</strong></span> <span class='ocrx_word' id='word_1_569' title='bbox 3243 3331 3431 3384; x_wconf 90' lang='lat' dir='ltr'><strong>causa,</strong></span> <span class='ocrx_word' id='word_1_570' title='bbox 3455 3316 3625 3385; x_wconf 83' lang='lat' dir='ltr'><strong>hunc,</strong></span> 
     </span>
    </p>
   </div>
   <div class='ocr_carea' id='block_1_75' title="bbox 2054 3404 3625 3476">
    <p class='ocr_par' dir='ltr' id='par_1_75' title="bbox 2054 3404 3625 3476">
     <span class='ocr_line' id='line_1_75' title="bbox 2054 3404 3625 3476; baseline 0.004 -18"><span class='ocrx_word' id='word_1_571' title='bbox 2054 3406 2149 3475; x_wconf 83' lang='lat' dir='ltr'><strong>qui</strong></span> <span class='ocrx_word' id='word_1_572' title='bbox 2172 3404 2355 3476; x_wconf 75' lang='lat' dir='ltr'><strong>agitur</strong></span> <span class='ocrx_word' id='word_1_573' title='bbox 2381 3406 2547 3461; x_wconf 88' lang='lat' dir='ltr'><strong>modo</strong></span> <span class='ocrx_word' id='word_1_574' title='bbox 2572 3423 2686 3461; x_wconf 77' lang='lat' dir='ltr'><strong>xw.</strong></span> <span class='ocrx_word' id='word_1_575' title='bbox 2716 3405 2997 3463; x_wconf 86' lang='lat' dir='ltr'><strong>Summam</strong></span> <span class='ocrx_word' id='word_1_576' title='bbox 3031 3407 3157 3463; x_wconf 90' lang='lat' dir='ltr'><strong>inde</strong></span> <span class='ocrx_word' id='word_1_577' title='bbox 3188 3409 3473 3465; x_wconf 88' lang='lat' dir='ltr'><strong>collectam</strong></span> <span class='ocrx_word' id='word_1_578' title='bbox 3503 3409 3625 3465; x_wconf 85' lang='lat' dir='ltr'><strong>die-</strong></span> 
     </span>
    </p>
   </div>
   <div class='ocr_carea' id='block_1_76' title="bbox 2051 3495 3628 3570">
    <p class='ocr_par' dir='ltr' id='par_1_76' title="bbox 2051 3495 3628 3570">
     <span class='ocr_line' id='line_1_76' title="bbox 2051 3495 3628 3570; baseline 0.004 -21"><span class='ocrx_word' id='word_1_579' title='bbox 2051 3509 2174 3549; x_wconf 91' lang='lat' dir='ltr'><strong>rum</strong></span> <span class='ocrx_word' id='word_1_580' title='bbox 2225 3495 2636 3561; x_wconf 43' lang='lat' dir='ltr'><strong>cmvﬁduobus</strong></span> <span class='ocrx_word' id='word_1_581' title='bbox 2677 3496 2926 3553; x_wconf 90' lang='lat' dir='ltr'><strong>minuere</strong></span> <span class='ocrx_word' id='word_1_582' title='bbox 2963 3514 2976 3549; x_wconf 92' lang='lat'><strong>:</strong></span> <span class='ocrx_word' id='word_1_583' title='bbox 3014 3497 3160 3569; x_wconf 80' lang='lat' dir='ltr'><strong>quod</strong></span> <span class='ocrx_word' id='word_1_584' title='bbox 3193 3501 3403 3570; x_wconf 89' lang='lat' dir='ltr'><strong>primus</strong></span> <span class='ocrx_word' id='word_1_585' title='bbox 3449 3514 3628 3557; x_wconf 87' lang='lat' dir='ltr'><strong>annus</strong></span> 
     </span>
    </p>
   </div>
   <div class='ocr_carea' id='block_1_77' title="bbox 2059 3587 3629 3660">
    <p class='ocr_par' dir='ltr' id='par_1_77' title="bbox 2059 3587 3629 3660">
     <span class='ocr_line' id='line_1_77' title="bbox 2059 3587 3629 3660; baseline 0.005 -20"><span class='ocrx_word' id='word_1_586' title='bbox 2059 3587 2202 3642; x_wconf 77' lang='lat' dir='ltr'><strong>luna:</strong></span> <span class='ocrx_word' id='word_1_587' title='bbox 2234 3603 2290 3643; x_wconf 81' lang='lat' dir='ltr'><strong>ix</strong></span> <span class='ocrx_word' id='word_1_588' title='bbox 2313 3588 2691 3643; x_wconf 90' lang='lat' dir='ltr'><strong>tantummodo</strong></span> <span class='ocrx_word' id='word_1_589' title='bbox 2720 3596 2942 3660; x_wconf 87' lang='lat' dir='ltr'><strong>epactas</strong></span> <span class='ocrx_word' id='word_1_590' title='bbox 2971 3589 3187 3645; x_wconf 87' lang='lat' dir='ltr'><strong>habeat.</strong></span> <span class='ocrx_word' id='word_1_591' title='bbox 3221 3589 3415 3647; x_wconf 89' lang='lat' dir='ltr'><strong>Postea</strong></span> <span class='ocrx_word' id='word_1_592' title='bbox 3437 3592 3492 3646; x_wconf 91' lang='lat' dir='ltr'><strong>in</strong></span> <span class='ocrx_word' id='word_1_593' title='bbox 3518 3609 3629 3648; x_wconf 79' lang='lat' dir='ltr'><strong>xxx</strong></span> 
     </span>
    </p>
   </div>
   <div class='ocr_carea' id='block_1_78' title="bbox 2054 3681 3625 3752">
    <p class='ocr_par' dir='ltr' id='par_1_78' title="bbox 2054 3681 3625 3752">
     <span class='ocr_line' id='line_1_78' title="bbox 2054 3681 3625 3752; baseline 0.003 -18"><span class='ocrx_word' id='word_1_594' title='bbox 2054 3681 2248 3752; x_wconf 86' lang='lat' dir='ltr'><strong>partiri</strong></span> <span class='ocrx_word' id='word_1_595' title='bbox 2289 3694 2397 3735; x_wconf 83' lang='lat' dir='ltr'><strong>cm</strong></span> <span class='ocrx_word' id='word_1_596' title='bbox 2442 3681 2568 3736; x_wconf 89' lang='lat' dir='ltr'><strong>illos</strong></span> <span class='ocrx_word' id='word_1_597' title='bbox 2615 3681 2734 3737; x_wconf 88' lang='lat' dir='ltr'><strong>dies</strong></span> <span class='ocrx_word' id='word_1_598' title='bbox 2766 3690 2990 3752; x_wconf 88' lang='lat' dir='ltr'><strong>propter</strong></span> <span class='ocrx_word' id='word_1_599' title='bbox 3021 3681 3345 3737; x_wconf 89' lang='lat' dir='ltr'><strong>embolimos</strong></span> <span class='ocrx_word' id='word_1_600' title='bbox 3387 3698 3625 3740; x_wconf 84' lang='lat' dir='ltr'><strong>menses.</strong></span> 
     </span>
    </p>
   </div>
   <div class='ocr_carea' id='block_1_79' title="bbox 2054 3769 3625 3840">
    <p class='ocr_par' dir='ltr' id='par_1_79' title="bbox 2054 3769 3625 3840">
     <span class='ocr_line' id='line_1_79' title="bbox 2054 3769 3625 3840; baseline -0.002 -16"><span class='ocrx_word' id='word_1_601' title='bbox 2054 3769 2347 3840; x_wconf 80' lang='lat' dir='ltr'><strong>Reliquum</strong></span> <span class='ocrx_word' id='word_1_602' title='bbox 2375 3777 2461 3825; x_wconf 83' lang='lat' dir='ltr'><strong>est</strong></span> <span class='ocrx_word' id='word_1_603' title='bbox 2491 3769 2742 3835; x_wconf 88' lang='lat' dir='ltr'><strong>biduum,</strong></span> <span class='ocrx_word' id='word_1_604' title='bbox 2769 3785 2891 3840; x_wconf 69' lang='lat' dir='ltr'><strong>qua:</strong></span> <span class='ocrx_word' id='word_1_605' title='bbox 2910 3769 3039 3823; x_wconf 84' lang='lat' dir='ltr'><strong>anni</strong></span> <span class='ocrx_word' id='word_1_606' title='bbox 3062 3769 3222 3824; x_wconf 90' lang='lat' dir='ltr'><strong>istius</strong></span> <span class='ocrx_word' id='word_1_607' title='bbox 3243 3776 3448 3839; x_wconf 78' lang='lat' dir='ltr'><strong>epacta:</strong></span> <span class='ocrx_word' id='word_1_608' title='bbox 3473 3776 3625 3833; x_wconf 86' lang='lat' dir='ltr'><strong>sunt,</strong></span> 
     </span>
    </p>
   </div>
   <div class='ocr_carea' id='block_1_80' title="bbox 2053 3860 3625 3931">
    <p class='ocr_par' dir='ltr' id='par_1_80' title="bbox 2053 3860 3625 3931">
     <span class='ocr_line' id='line_1_80' title="bbox 2053 3860 3625 3931; baseline -0.001 -13"><span class='ocrx_word' id='word_1_609' title='bbox 2053 3872 2111 3919; x_wconf 88' lang='lat' dir='ltr'><strong>et</strong></span> <span class='ocrx_word' id='word_1_610' title='bbox 2132 3862 2199 3917; x_wconf 92' lang='lat' dir='ltr'><strong>ad</strong></span> <span class='ocrx_word' id='word_1_611' title='bbox 2227 3863 2476 3916; x_wconf 89' lang='lat' dir='ltr'><strong>eumdem</strong></span> <span class='ocrx_word' id='word_1_612' title='bbox 2495 3877 2699 3916; x_wconf 91' lang='lat' dir='ltr'><strong>annum</strong></span> <span class='ocrx_word' id='word_1_613' title='bbox 2721 3861 2865 3916; x_wconf 69' lang='lat' dir='ltr'><strong>luna:</strong></span> <span class='ocrx_word' id='word_1_614' title='bbox 2884 3877 2979 3916; x_wconf 84' lang='lat' dir='ltr'><strong>xw</strong></span> <span class='ocrx_word' id='word_1_615' title='bbox 3006 3860 3062 3914; x_wconf 89' lang='lat' dir='ltr'><strong>in</strong></span> <span class='ocrx_word' id='word_1_616' title='bbox 3078 3875 3289 3916; x_wconf 87' lang='lat' dir='ltr'><strong>canone</strong></span> <span class='ocrx_word' id='word_1_617' title='bbox 3317 3860 3625 3931; x_wconf 57' lang='lat' dir='ltr'><strong>descripta}.</strong></span> 
     </span>
    </p>
   </div>
   <div class='ocr_carea' id='block_1_81' title="bbox 2054 3952 3633 4011">
    <p class='ocr_par' dir='ltr' id='par_1_81' title="bbox 2054 3952 3633 4011">
     <span class='ocr_line' id='line_1_81' title="bbox 2054 3952 3633 4011; baseline -0.001 -2"><span class='ocrx_word' id='word_1_618' title='bbox 2054 3955 2198 4011; x_wconf 89' lang='lat' dir='ltr'><strong>Idem</strong></span> <span class='ocrx_word' id='word_1_619' title='bbox 2232 3957 2286 4009; x_wconf 92' lang='lat' dir='ltr'><strong>in</strong></span> <span class='ocrx_word' id='word_1_620' title='bbox 2311 3955 2526 4011; x_wconf 83' lang='lat' dir='ltr'><strong>caeteris</strong></span> <span class='ocrx_word' id='word_1_621' title='bbox 2561 3954 2818 4009; x_wconf 90' lang='lat' dir='ltr'><strong>omnibus</strong></span> <span class='ocrx_word' id='word_1_622' title='bbox 2847 3954 3008 4009; x_wconf 88' lang='lat' dir='ltr'><strong>annis</strong></span> <span class='ocrx_word' id='word_1_623' title='bbox 3037 3954 3180 4008; x_wconf 62' lang='lat' dir='ltr'><strong>lunae</strong></span> <span class='ocrx_word' id='word_1_624' title='bbox 3212 3952 3393 4009; x_wconf 80' lang='lat' dir='ltr'><strong>facere</strong></span> <span class='ocrx_word' id='word_1_625' title='bbox 3433 3968 3633 4009; x_wconf 86' lang='lat' dir='ltr'><strong>conve-</strong></span> 
     </span>
    </p>
   </div>
   <div class='ocr_carea' id='block_1_82' title="bbox 2055 4044 3632 4117">
    <p class='ocr_par' dir='ltr' id='par_1_82' title="bbox 2055 4044 3632 4117">
     <span class='ocr_line' id='line_1_82' title="bbox 2055 4044 3632 4117; baseline -0.003 -13"><span class='ocrx_word' id='word_1_626' title='bbox 2055 4050 2159 4106; x_wconf 89' lang='lat' dir='ltr'><strong>nit.</strong></span> <span class='ocrx_word' id='word_1_627' title='bbox 2190 4047 2365 4103; x_wconf 90' lang='lat' dir='ltr'><strong>Porro</strong></span> <span class='ocrx_word' id='word_1_628' title='bbox 2395 4052 2604 4117; x_wconf 67' lang='lat' dir='ltr'><strong>epactm</strong></span> <span class='ocrx_word' id='word_1_629' title='bbox 2624 4045 2742 4100; x_wconf 71' lang='lat' dir='ltr'><strong>ista:</strong></span> <span class='ocrx_word' id='word_1_630' title='bbox 2762 4044 2878 4100; x_wconf 90' lang='lat' dir='ltr'><strong>dies</strong></span> <span class='ocrx_word' id='word_1_631' title='bbox 2908 4052 3057 4108; x_wconf 84' lang='lat' dir='ltr'><strong>sunt,</strong></span> <span class='ocrx_word' id='word_1_632' title='bbox 3085 4060 3225 4116; x_wconf 89' lang='lat' dir='ltr'><strong>quos</strong></span> <span class='ocrx_word' id='word_1_633' title='bbox 3253 4060 3457 4099; x_wconf 90' lang='lat' dir='ltr'><strong>annum</strong></span> <span class='ocrx_word' id='word_1_634' title='bbox 3488 4045 3632 4102; x_wconf 72' lang='lat' dir='ltr'><strong>lunae</strong></span> 
     </span>
    </p>
   </div>
   <div class='ocr_carea' id='block_1_83' title="bbox 2055 4135 3625 4213">
    <p class='ocr_par' dir='ltr' id='par_1_83' title="bbox 2055 4135 3625 4213">
     <span class='ocr_line' id='line_1_83' title="bbox 2055 4135 3625 4213; baseline -0.003 -18"><span class='ocrx_word' id='word_1_635' title='bbox 2055 4154 2288 4213; x_wconf 88' lang='lat' dir='ltr'><strong>prorsus</strong></span> <span class='ocrx_word' id='word_1_636' title='bbox 2337 4138 2541 4193; x_wconf 88' lang='lat' dir='ltr'><strong>habere</strong></span> <span class='ocrx_word' id='word_1_637' title='bbox 2593 4136 2983 4207; x_wconf 79' lang='lat' dir='ltr'><strong>cognoscimus</strong></span> <span class='ocrx_word' id='word_1_638' title='bbox 3010 4136 3065 4191; x_wconf 91' lang='lat' dir='ltr'><strong>in</strong></span> <span class='ocrx_word' id='word_1_639' title='bbox 3110 4137 3199 4191; x_wconf 89' lang='lat' dir='ltr'><strong>die</strong></span> <span class='ocrx_word' id='word_1_640' title='bbox 3246 4135 3427 4191; x_wconf 83' lang='lat' dir='ltr'><strong>Martii</strong></span> <span class='ocrx_word' id='word_1_641' title='bbox 3473 4150 3625 4192; x_wconf 73' lang='lat' dir='ltr'><strong>xxxi.</strong></span> 
     </span>
    </p>
   </div>
   <div class='ocr_carea' id='block_1_84' title="bbox 2057 4227 3629 4302">
    <p class='ocr_par' dir='ltr' id='par_1_84' title="bbox 2057 4227 3629 4302">
     <span class='ocr_line' id='line_1_84' title="bbox 2057 4227 3629 4302; baseline -0.004 -14"><span class='ocrx_word' id='word_1_642' title='bbox 2057 4233 2209 4299; x_wconf 85' lang='lat' dir='ltr'><strong>Quos</strong></span> <span class='ocrx_word' id='word_1_643' title='bbox 2239 4230 2459 4302; x_wconf 83' lang='lat' dir='ltr'><strong>quidem</strong></span> <span class='ocrx_word' id='word_1_644' title='bbox 2489 4229 2633 4285; x_wconf 89' lang='lat' dir='ltr'><strong>scire</strong></span> <span class='ocrx_word' id='word_1_645' title='bbox 2670 4228 2921 4293; x_wconf 90' lang='lat' dir='ltr'><strong>interest,</strong></span> <span class='ocrx_word' id='word_1_646' title='bbox 2954 4236 3015 4283; x_wconf 88' lang='lat' dir='ltr'><strong>ut</strong></span> <span class='ocrx_word' id='word_1_647' title='bbox 3051 4236 3275 4299; x_wconf 86' lang='lat' dir='ltr'><strong>quotum</strong></span> <span class='ocrx_word' id='word_1_648' title='bbox 3312 4229 3454 4283; x_wconf 62' lang='lat' dir='ltr'><strong>lunae</strong></span> <span class='ocrx_word' id='word_1_649' title='bbox 3482 4227 3629 4300; x_wconf 75' lang='lat' dir='ltr'><strong>diem</strong></span> 
     </span>
    </p>
   </div>
   <div class='ocr_carea' id='block_1_85' title="bbox 2059 4318 3631 4395">
    <p class='ocr_par' dir='ltr' id='par_1_85' title="bbox 2059 4318 3631 4395">
     <span class='ocr_line' id='line_1_85' title="bbox 2059 4318 3631 4395; baseline -0.003 -16"><span class='ocrx_word' id='word_1_650' title='bbox 2059 4325 2116 4379; x_wconf 89' lang='lat' dir='ltr'><strong>in</strong></span> <span class='ocrx_word' id='word_1_651' title='bbox 2146 4324 2394 4395; x_wconf 85' lang='lat' dir='ltr'><strong>quolibet</strong></span> <span class='ocrx_word' id='word_1_652' title='bbox 2410 4321 2682 4377; x_wconf 89' lang='lat' dir='ltr'><strong>mensium</strong></span> <span class='ocrx_word' id='word_1_653' title='bbox 2707 4321 2999 4377; x_wconf 90' lang='lat' dir='ltr'><strong>duodecim</strong></span> <span class='ocrx_word' id='word_1_654' title='bbox 3034 4327 3374 4391; x_wconf 88' lang='lat' dir='ltr'><strong>computare,</strong></span> <span class='ocrx_word' id='word_1_655' title='bbox 3397 4325 3452 4375; x_wconf 81' lang='lat' dir='ltr'><strong>et</strong></span> <span class='ocrx_word' id='word_1_656' title='bbox 3479 4318 3631 4374; x_wconf 85' lang='lat' dir='ltr'><strong>inve-</strong></span> 
     </span>
    </p>
   </div>
   <div class='ocr_carea' id='block_1_86' title="bbox 2060 4415 2580 4487">
    <p class='ocr_par' dir='ltr' id='par_1_86' title="bbox 2060 4415 2580 4487">
     <span class='ocr_line' id='line_1_86' title="bbox 2060 4415 2580 4487; baseline -0.006 -16"><span class='ocrx_word' id='word_1_657' title='bbox 2060 4417 2264 4487; x_wconf 80' lang='lat' dir='ltr'><strong>stigare</strong></span> <span class='ocrx_word' id='word_1_658' title='bbox 2284 4415 2580 4486; x_wconf 82' lang='lat' dir='ltr'><strong>possimus.</strong></span> 
     </span>
    </p>
   </div>
   <div class='ocr_carea' id='block_1_87' title="bbox 363 4498 3630 4579">
    <p class='ocr_par' dir='ltr' id='par_1_87' title="bbox 363 4498 3630 4579">
     <span class='ocr_line' id='line_1_87' title="bbox 363 4498 3630 4579; baseline 0.002 -29"><span class='ocrx_word' id='word_1_659' title='bbox 363 4498 568 4564; x_wconf 82' lang='grc' dir='ltr'>ταύτας</span> <span class='ocrx_word' id='word_1_660' title='bbox 604 4500 692 4555; x_wconf 82' lang='grc' dir='ltr'><strong>ἀεὶ</strong></span> <span class='ocrx_word' id='word_1_661' title='bbox 715 4501 834 4556; x_wconf 87' lang='grc' dir='ltr'>δέον</span> <span class='ocrx_word' id='word_1_662' title='bbox 889 4503 1037 4556; x_wconf 77' lang='grc' dir='ltr'>ἐστὶν</span> <span class='ocrx_word' id='word_1_663' title='bbox 1085 4503 1283 4559; x_wconf 85' lang='grc' dir='ltr'>εἰδέναι</span> <span class='ocrx_word' id='word_1_664' title='bbox 1345 4507 1509 4560; x_wconf 87' lang='grc' dir='ltr'>πόσαι</span> <span class='ocrx_word' id='word_1_665' title='bbox 1555 4507 1885 4578; x_wconf 85' lang='grc' dir='ltr'>τυγχάνουσι</span> <span class='ocrx_word' id='word_1_666' title='bbox 1927 4526 1941 4540; x_wconf 88' lang='grc'><strong>·</strong></span> <span class='ocrx_word' id='word_1_667' title='bbox 1974 4506 2310 4563; x_wconf 84' lang='grc' dir='ltr'>λυσιτελοῦσι</span> <span class='ocrx_word' id='word_1_668' title='bbox 2356 4507 2464 4579; x_wconf 82' lang='grc' dir='ltr'><strong>γάρ</strong></span> <span class='ocrx_word' id='word_1_669' title='bbox 2512 4508 2594 4571; x_wconf 83' lang='grc' dir='ltr'>εἰς</span> <span class='ocrx_word' id='word_1_670' title='bbox 2642 4506 2701 4560; x_wconf 84' lang='grc' dir='ltr'><strong>τὸ</strong></span> <span class='ocrx_word' id='word_1_671' title='bbox 2741 4506 2841 4579; x_wconf 78' lang='grc' dir='ltr'><strong>τὴν</strong></span> <span class='ocrx_word' id='word_1_672' title='bbox 2882 4506 3145 4560; x_wconf 86' lang='grc' dir='ltr'>ποσταίαν</span> <span class='ocrx_word' id='word_1_673' title='bbox 3182 4503 3286 4576; x_wconf 82' lang='grc' dir='ltr'>τῆς</span> <span class='ocrx_word' id='word_1_674' title='bbox 3310 4503 3540 4576; x_wconf 88' lang='grc' dir='ltr'>σελήνης</span> <span class='ocrx_word' id='word_1_675' title='bbox 3571 4503 3630 4557; x_wconf 74' lang='grc' dir='ltr'><strong>ἐν</strong></span> 
     </span>
    </p>
   </div>
   <div class='ocr_carea' id='block_1_88' title="bbox 363 4588 2176 4672">
    <p class='ocr_par' dir='ltr' id='par_1_88' title="bbox 363 4588 2176 4672">
     <span class='ocr_line' id='line_1_88' title="bbox 363 4588 2176 4672; baseline 0.007 -31"><span class='ocrx_word' id='word_1_676' title='bbox 363 4588 580 4665; x_wconf 71' lang='grc' dir='ltr'>ἑκάστῳ</span> <span class='ocrx_word' id='word_1_677' title='bbox 606 4592 715 4647; x_wconf 89' lang='grc' dir='ltr'><strong>τῶν</strong></span> <span class='ocrx_word' id='word_1_678' title='bbox 751 4592 1074 4648; x_wconf 84' lang='grc' dir='ltr'>δυοκαίδεκα</span> <span class='ocrx_word' id='word_1_679' title='bbox 1099 4595 1284 4668; x_wconf 87' lang='grc' dir='ltr'>μηνῶν</span> <span class='ocrx_word' id='word_1_680' title='bbox 1309 4596 1646 4668; x_wconf 74' lang='grc' dir='ltr'>ψηφίζεσθαι</span> <span class='ocrx_word' id='word_1_681' title='bbox 1678 4599 1774 4653; x_wconf 80' lang='grc' dir='ltr'><strong>καὶ</strong></span> <span class='ocrx_word' id='word_1_682' title='bbox 1801 4599 2176 4672; x_wconf 77' lang='grc' dir='ltr'>εὑρίσκεσθαι.</span> 
     </span>
    </p>
   </div>
   <div class='ocr_carea' id='block_1_89' title="bbox 436 4704 1970 4807">
    <p class='ocr_par' dir='ltr' id='par_1_89' title="bbox 436 4708 1885 4807">
     <span class='ocr_line' id='line_1_89' title="bbox 436 4708 1885 4807; baseline 0.006 -43"><span class='ocrx_word' id='word_1_683' title='bbox 436 4708 570 4807; x_wconf 80' lang='grc' dir='ltr'>Πῶς</span> <span class='ocrx_word' id='word_1_684' title='bbox 597 4710 668 4765; x_wconf 81' lang='grc' dir='ltr'><strong>ἐν</strong></span> <span class='ocrx_word' id='word_1_685' title='bbox 695 4711 930 4776; x_wconf 80' lang='grc' dir='ltr'>ἑκάστῳ</span> <span class='ocrx_word' id='word_1_686' title='bbox 962 4712 1256 4807; x_wconf 29' lang='grc' dir='ltr'>,μηνὶ-,τῆς</span> <span class='ocrx_word' id='word_1_687' title='bbox 1284 4714 1556 4785; x_wconf 69' lang='grc' dir='ltr'>σελήνης</span> <span class='ocrx_word' id='word_1_688' title='bbox 1583 4718 1885 4772; x_wconf 79' lang='grc' dir='ltr'>ποσταίαν</span> 
     </span>
    </p>
   </div>
   <div class='ocr_carea' id='block_1_90' title="bbox 2053 4704 3594 4807">
    <p class='ocr_par' dir='ltr' id='par_1_90' title="bbox 2096 4704 3594 4798">
     <span class='ocr_line' id='line_1_90' title="bbox 2096 4704 3594 4798; baseline -0.004 -24"><span class='ocrx_word' id='word_1_689' title='bbox 2096 4717 2370 4788; x_wconf 80' lang='lat' dir='ltr'><strong>Quomodo</strong></span> <span class='ocrx_word' id='word_1_690' title='bbox 2401 4718 2456 4772; x_wconf 80' lang='lat' dir='ltr'><strong>in</strong></span> <span class='ocrx_word' id='word_1_691' title='bbox 2485 4733 2794 4789; x_wconf 82' lang='lat' dir='ltr'><strong>unoquoque</strong></span> <span class='ocrx_word' id='word_1_692' title='bbox 2825 4733 2999 4798; x_wconf 71' lang='lat' dir='ltr'><strong>mense</strong></span> <span class='ocrx_word' id='word_1_693' title='bbox 3038 4717 3178 4771; x_wconf 69' lang='lat' dir='ltr'><strong>lunia</strong></span> <span class='ocrx_word' id='word_1_694' title='bbox 3199 4704 3416 4786; x_wconf 82' lang='lat' dir='ltr'><strong>quotam</strong></span> <span class='ocrx_word' id='word_1_695' title='bbox 3455 4713 3594 4769; x_wconf 77' lang='lat' dir='ltr'><strong>diem</strong></span> 
     </span>
    </p>
   </div>
   <div class='ocr_carea' id='block_1_91' title="bbox 968 4784 1350 4854">
    <p class='ocr_par' dir='ltr' id='par_1_91' title="bbox 968 4784 1350 4854">
     <span class='ocr_line' id='line_1_91' title="bbox 968 4784 1350 4854; baseline 0.013 -18"><span class='ocrx_word' id='word_1_696' title='bbox 968 4784 1350 4854; x_wconf 77' lang='grc' dir='ltr'>εὑρίσκομεν.</span> 
     </span>
    </p>
   </div>
   <div class='ocr_carea' id='block_1_92' title="bbox 433 4892 1949 4975">
    <p class='ocr_par' dir='ltr' id='par_1_92' title="bbox 433 4892 1949 4975">
     <span class='ocr_line' id='line_1_92' title="bbox 433 4892 1949 4975; baseline 0.011 -25"><span class='ocrx_word' id='word_1_697' title='bbox 433 4897 567 4951; x_wconf 78' lang='lat' dir='ltr'><strong>KH&#39;.</strong></span> <span class='ocrx_word' id='word_1_698' title='bbox 589 4892 714 4950; x_wconf 72' lang='grc' dir='ltr'>ϐίον</span> <span class='ocrx_word' id='word_1_699' title='bbox 737 4897 838 4961; x_wconf 81' lang='grc' dir='ltr'>τὰς</span> <span class='ocrx_word' id='word_1_700' title='bbox 868 4896 975 4951; x_wconf 84' lang='grc' dir='ltr'><strong>ἀπὺ</strong></span> <span class='ocrx_word' id='word_1_701' title='bbox 994 4898 1094 4969; x_wconf 85' lang='grc' dir='ltr'>τῆς</span> <span class='ocrx_word' id='word_1_702' title='bbox 1124 4899 1639 4972; x_wconf 83' lang='grc' dir='ltr'>πρώτηςἈπριλίου</span> <span class='ocrx_word' id='word_1_703' title='bbox 1669 4901 1830 4975; x_wconf 82' lang='grc' dir='ltr'>μέχρι</span> <span class='ocrx_word' id='word_1_704' title='bbox 1848 4903 1949 4974; x_wconf 83' lang='grc' dir='ltr'>τῆς</span> 
     </span>
    </p>
   </div>
   <div class='ocr_carea' id='block_1_93' title="bbox 367 4989 1949 5064">
    <p class='ocr_par' dir='ltr' id='par_1_93' title="bbox 367 4989 1949 5064">
     <span class='ocr_line' id='line_1_93' title="bbox 367 4989 1949 5064; baseline 0.003 -20"><span class='ocrx_word' id='word_1_705' title='bbox 367 4989 710 5062; x_wconf 80' lang='grc' dir='ltr'>ζητουμένης</span> <span class='ocrx_word' id='word_1_706' title='bbox 752 4992 811 5043; x_wconf 86' lang='grc' dir='ltr'><strong>ἐν</strong></span> <span class='ocrx_word' id='word_1_707' title='bbox 849 4990 1145 5062; x_wconf 80' lang='grc' dir='ltr'>οἱῳδήποτε</span> <span class='ocrx_word' id='word_1_708' title='bbox 1191 4992 1322 5062; x_wconf 80' lang='grc' dir='ltr'>μηνὶ</span> <span class='ocrx_word' id='word_1_709' title='bbox 1365 4992 1657 5064; x_wconf 82' lang='grc' dir='ltr'>Ῥωμαῖκῷ</span> <span class='ocrx_word' id='word_1_710' title='bbox 1683 4994 1949 5060; x_wconf 86' lang='grc' dir='ltr'>ποσταίας</span> 
     </span>
    </p>
   </div>
   <div class='ocr_carea' id='block_1_94' title="bbox 363 5081 1950 5158">
    <p class='ocr_par' dir='ltr' id='par_1_94' title="bbox 363 5081 1950 5158">
     <span class='ocr_line' id='line_1_94' title="bbox 363 5081 1950 5158; baseline 0 -19"><span class='ocrx_word' id='word_1_711' title='bbox 363 5082 582 5155; x_wconf 80' lang='grc' dir='ltr'>ἡμέρας</span> <span class='ocrx_word' id='word_1_712' title='bbox 632 5081 975 5153; x_wconf 80' lang='grc' dir='ltr'>ἀθροίζομεν.</span> <span class='ocrx_word' id='word_1_713' title='bbox 1010 5083 1121 5136; x_wconf 76' lang='grc' dir='ltr'><strong>Καὶ</strong></span> <span class='ocrx_word' id='word_1_714' title='bbox 1173 5083 1379 5148; x_wconf 84' lang='grc' dir='ltr'>ταύτας</span> <span class='ocrx_word' id='word_1_715' title='bbox 1429 5085 1793 5158; x_wconf 76' lang='grc' dir='ltr'>ἐπιϐάλλομεν</span> <span class='ocrx_word' id='word_1_716' title='bbox 1847 5085 1950 5151; x_wconf 82' lang='grc' dir='ltr'><strong>τὰς</strong></span> 
     </span>
    </p>
   </div>
   <div class='ocr_carea' id='block_1_95' title="bbox 365 5173 1949 5247">
    <p class='ocr_par' dir='ltr' id='par_1_95' title="bbox 365 5173 1949 5247">
     <span class='ocr_line' id='line_1_95' title="bbox 365 5173 1949 5247; baseline 0.003 -21"><span class='ocrx_word' id='word_1_717' title='bbox 365 5174 661 5245; x_wconf 77' lang='grc' dir='ltr'>εἰρημένας</span> <span class='ocrx_word' id='word_1_718' title='bbox 691 5173 793 5243; x_wconf 84' lang='grc' dir='ltr'><strong>τῆς</strong></span> <span class='ocrx_word' id='word_1_719' title='bbox 820 5173 1048 5245; x_wconf 88' lang='grc' dir='ltr'>σελήνης</span> <span class='ocrx_word' id='word_1_720' title='bbox 1095 5175 1358 5238; x_wconf 85' lang='grc' dir='ltr'>ἐπακτάς·</span> <span class='ocrx_word' id='word_1_721' title='bbox 1390 5174 1458 5239; x_wconf 77' lang='grc' dir='ltr'><strong>ἃς</strong></span> <span class='ocrx_word' id='word_1_722' title='bbox 1509 5176 1736 5247; x_wconf 75' lang='grc' dir='ltr'>ἔχουσα,</span> <span class='ocrx_word' id='word_1_723' title='bbox 1768 5176 1949 5241; x_wconf 82' lang='grc' dir='ltr'>καθὼς</span> 
     </span>
    </p>
   </div>
   <div class='ocr_carea' id='block_1_96' title="bbox 366 5265 1948 5343">
    <p class='ocr_par' dir='ltr' id='par_1_96' title="bbox 366 5265 1948 5343">
     <span class='ocr_line' id='line_1_96' title="bbox 366 5265 1948 5343; baseline 0.003 -24"><span class='ocrx_word' id='word_1_724' title='bbox 366 5265 524 5338; x_wconf 71' lang='grc' dir='ltr'>ἔφην,</span> <span class='ocrx_word' id='word_1_725' title='bbox 547 5266 861 5339; x_wconf 85' lang='grc' dir='ltr'>εὑρίσκεται</span> <span class='ocrx_word' id='word_1_726' title='bbox 888 5267 1029 5321; x_wconf 85' lang='grc' dir='ltr'>κατὰ</span> <span class='ocrx_word' id='word_1_727' title='bbox 1054 5265 1152 5338; x_wconf 83' lang='grc' dir='ltr'><strong>τὴν</strong></span> <span class='ocrx_word' id='word_1_728' title='bbox 1179 5268 1476 5340; x_wconf 81' lang='grc' dir='ltr'>εἰρημένην</span> <span class='ocrx_word' id='word_1_729' title='bbox 1503 5270 1769 5341; x_wconf 84' lang='grc' dir='ltr'>τριακάδα</span> <span class='ocrx_word' id='word_1_730' title='bbox 1799 5270 1948 5343; x_wconf 86' lang='grc' dir='ltr'>πρώ-</span> 
     </span>
    </p>
   </div>
   <div class='ocr_carea' id='block_1_97' title="bbox 365 5356 1949 5431">
    <p class='ocr_par' dir='ltr' id='par_1_97' title="bbox 365 5356 1949 5431">
     <span class='ocr_line' id='line_1_97' title="bbox 365 5356 1949 5431; baseline 0.003 -22"><span class='ocrx_word' id='word_1_731' title='bbox 365 5373 465 5428; x_wconf 89' lang='grc' dir='ltr'><strong>την</strong></span> <span class='ocrx_word' id='word_1_732' title='bbox 501 5356 597 5410; x_wconf 81' lang='grc' dir='ltr'>τοῢ</span> <span class='ocrx_word' id='word_1_733' title='bbox 646 5357 895 5427; x_wconf 86' lang='grc' dir='ltr'>Μαρτίου</span> <span class='ocrx_word' id='word_1_734' title='bbox 937 5356 1123 5427; x_wconf 86' lang='grc' dir='ltr'>μηνός.</span> <span class='ocrx_word' id='word_1_735' title='bbox 1167 5357 1279 5410; x_wconf 81' lang='lat' dir='ltr'><strong>Kal</strong></span> <span class='ocrx_word' id='word_1_736' title='bbox 1311 5360 1391 5422; x_wconf 82' lang='grc' dir='ltr'><strong>είς</strong></span> <span class='ocrx_word' id='word_1_737' title='bbox 1417 5358 1516 5422; x_wconf 87' lang='grc' dir='ltr'>τὰς</span> <span class='ocrx_word' id='word_1_738' title='bbox 1541 5359 1625 5412; x_wconf 84' lang='grc' dir='ltr'>κθ¹</span> <span class='ocrx_word' id='word_1_739' title='bbox 1650 5361 1820 5431; x_wconf 80' lang='grc' dir='ltr'>ἥμισυ</span> <span class='ocrx_word' id='word_1_740' title='bbox 1849 5360 1949 5423; x_wconf 85' lang='grc' dir='ltr'><strong>τὰς</strong></span> 
     </span>
    </p>
   </div>
   <div class='ocr_carea' id='block_1_98' title="bbox 365 5446 1947 5522">
    <p class='ocr_par' dir='ltr' id='par_1_98' title="bbox 365 5446 1947 5522">
     <span class='ocr_line' id='line_1_98' title="bbox 365 5446 1947 5522; baseline 0.001 -21"><span class='ocrx_word' id='word_1_741' title='bbox 365 5446 495 5512; x_wconf 79' lang='grc' dir='ltr'>ὅλας</span> <span class='ocrx_word' id='word_1_742' title='bbox 532 5448 860 5521; x_wconf 80' lang='grc' dir='ltr'>μερίζομεν·</span> <span class='ocrx_word' id='word_1_743' title='bbox 895 5449 991 5501; x_wconf 75' lang='grc' dir='ltr'>καὶ</span> <span class='ocrx_word' id='word_1_744' title='bbox 1030 5448 1131 5512; x_wconf 86' lang='grc' dir='ltr'><strong>τάς</strong></span> <span class='ocrx_word' id='word_1_745' title='bbox 1175 5449 1553 5519; x_wconf 86' lang='grc' dir='ltr'>άπομενούσας</span> <span class='ocrx_word' id='word_1_746' title='bbox 1586 5450 1813 5521; x_wconf 72' lang='grc' dir='ltr'>ἔχουσαν</span> <span class='ocrx_word' id='word_1_747' title='bbox 1846 5451 1947 5522; x_wconf 85' lang='grc' dir='ltr'>τὴν</span> 
     </span>
    </p>
   </div>
   <div class='ocr_carea' id='block_1_99' title="bbox 369 5539 1945 5614">
    <p class='ocr_par' dir='ltr' id='par_1_99' title="bbox 369 5539 1945 5614">
     <span class='ocr_line' id='line_1_99' title="bbox 369 5539 1945 5614; baseline 0.003 -22"><span class='ocrx_word' id='word_1_748' title='bbox 369 5539 601 5610; x_wconf 85' lang='grc' dir='ltr'>σελήνην</span> <span class='ocrx_word' id='word_1_749' title='bbox 649 5541 1009 5612; x_wconf 86' lang='grc' dir='ltr'>γινώσκομεν.</span> <span class='ocrx_word' id='word_1_750' title='bbox 1044 5542 1230 5597; x_wconf 78' lang='grc' dir='ltr'>Ταῦτα</span> <span class='ocrx_word' id='word_1_751' title='bbox 1275 5543 1371 5597; x_wconf 71' lang='grc' dir='ltr'><strong>καὶ</strong></span> <span class='ocrx_word' id='word_1_752' title='bbox 1402 5543 1533 5614; x_wconf 73' lang='grc' dir='ltr'>περὶ</span> <span class='ocrx_word' id='word_1_753' title='bbox 1568 5543 1668 5614; x_wconf 85' lang='grc' dir='ltr'>τῆς</span> <span class='ocrx_word' id='word_1_754' title='bbox 1708 5543 1816 5598; x_wconf 88' lang='grc' dir='ltr'><strong>τῶν</strong></span> <span class='ocrx_word' id='word_1_755' title='bbox 1848 5545 1945 5597; x_wconf 81' lang='grc' dir='ltr'><strong>ὲπ-</strong></span> 
     </span>
    </p>
   </div>
   <div class='ocr_carea' id='block_1_100' title="bbox 370 5630 1728 5707">
    <p class='ocr_par' dir='ltr' id='par_1_100' title="bbox 370 5630 1728 5707">
     <span class='ocr_line' id='line_1_100' title="bbox 370 5630 1728 5707; baseline 0.004 -24"><span class='ocrx_word' id='word_1_756' title='bbox 370 5631 552 5684; x_wconf 79' lang='grc' dir='ltr'>ακτῶν</span> <span class='ocrx_word' id='word_1_757' title='bbox 587 5630 686 5701; x_wconf 82' lang='grc' dir='ltr'>τῆς</span> <span class='ocrx_word' id='word_1_758' title='bbox 718 5632 949 5704; x_wconf 84' lang='grc' dir='ltr'>σελήνης</span> <span class='ocrx_word' id='word_1_759' title='bbox 983 5634 1204 5705; x_wconf 86' lang='grc' dir='ltr'>μεθόδου</span> <span class='ocrx_word' id='word_1_760' title='bbox 1232 5652 1291 5688; x_wconf 83' lang='grc' dir='ltr'><strong>τε</strong></span> <span class='ocrx_word' id='word_1_761' title='bbox 1321 5636 1413 5690; x_wconf 78' lang='grc' dir='ltr'>καὶ</span> <span class='ocrx_word' id='word_1_762' title='bbox 1442 5634 1728 5707; x_wconf 84' lang='grc' dir='ltr'>εὑρέσεως.</span> 
     </span>
    </p>
   </div>
   <div class='ocr_carea' id='block_1_101' title="bbox 465 5788 979 5858">
    <p class='ocr_par' dir='ltr' id='par_1_101' title="bbox 465 5788 979 5858">
     <span class='ocr_line' id='line_1_101' title="bbox 465 5788 979 5858; baseline 0.006 -17"><span class='ocrx_word' id='word_1_763' title='bbox 465 5789 510 5822; x_wconf 68' lang='lat'><strong>&#39;9</strong></span> <span class='ocrx_word' id='word_1_764' title='bbox 539 5790 577 5855; x_wconf 80' lang='lat'><strong>[.</strong></span> <span class='ocrx_word' id='word_1_765' title='bbox 606 5788 979 5858; x_wconf 73' lang='grc' dir='ltr'>ἑϐδομαδικὸς.</span> 
     </span>
    </p>
   </div>
   <div class='ocr_carea' id='block_1_102' title="bbox 2687 4790 2997 4858">
    <p class='ocr_par' dir='ltr' id='par_1_102' title="bbox 2687 4790 2997 4858">
     <span class='ocr_line' id='line_1_102' title="bbox 2687 4790 2997 4858; baseline -0.003 -17"><span class='ocrx_word' id='word_1_766' title='bbox 2687 4790 2997 4858; x_wconf 77' lang='lat' dir='ltr'><strong>reperimus.</strong></span> 
     </span>
    </p>
   </div>
   <div class='ocr_carea' id='block_1_103' title="bbox 2058 4882 3631 4970">
    <p class='ocr_par' dir='ltr' id='par_1_103' title="bbox 2058 4882 3631 4970">
     <span class='ocr_line' id='line_1_103' title="bbox 2058 4882 3631 4970; baseline -0.003 -12"><span class='ocrx_word' id='word_1_767' title='bbox 2058 4882 2105 4905; x_wconf 63' lang='lat'><strong>‘“</strong></span> <span class='ocrx_word' id='word_1_768' title='bbox 2128 4901 2369 4958; x_wconf 80' lang='lat' dir='ltr'><strong>xxvm.</strong></span> <span class='ocrx_word' id='word_1_769' title='bbox 2403 4899 2530 4957; x_wconf 86' lang='lat' dir='ltr'><strong>Dies</strong></span> <span class='ocrx_word' id='word_1_770' title='bbox 2575 4915 2788 4964; x_wconf 88' lang='lat' dir='ltr'><strong>omnes,</strong></span> <span class='ocrx_word' id='word_1_771' title='bbox 2824 4899 2918 4967; x_wconf 90' lang='lat' dir='ltr'><strong>qui</strong></span> <span class='ocrx_word' id='word_1_772' title='bbox 2955 4913 2987 4953; x_wconf 89' lang='lat' dir='ltr'><strong>a</strong></span> <span class='ocrx_word' id='word_1_773' title='bbox 3033 4898 3294 4956; x_wconf 80' lang='lat' dir='ltr'><strong>Kalendis</strong></span> <span class='ocrx_word' id='word_1_774' title='bbox 3327 4897 3528 4970; x_wconf 83' lang='lat' dir='ltr'><strong>Aprilis</strong></span> <span class='ocrx_word' id='word_1_775' title='bbox 3559 4897 3631 4954; x_wconf 88' lang='lat' dir='ltr'><strong>ad</strong></span> 
     </span>
    </p>
   </div>
   <div class='ocr_carea' id='block_1_104' title="bbox 2055 4990 3632 5064">
    <p class='ocr_par' dir='ltr' id='par_1_104' title="bbox 2055 4990 3632 5064">
     <span class='ocr_line' id='line_1_104' title="bbox 2055 4990 3632 5064; baseline -0.006 -13"><span class='ocrx_word' id='word_1_776' title='bbox 2055 4994 2207 5052; x_wconf 87' lang='lat' dir='ltr'><strong>diem</strong></span> <span class='ocrx_word' id='word_1_777' title='bbox 2240 4996 2448 5049; x_wconf 89' lang='lat' dir='ltr'><strong>mensis</strong></span> <span class='ocrx_word' id='word_1_778' title='bbox 2478 4992 2776 5064; x_wconf 85' lang='lat' dir='ltr'><strong>cujuslibet</strong></span> <span class='ocrx_word' id='word_1_779' title='bbox 2811 4990 3046 5047; x_wconf 84' lang='lat' dir='ltr'><strong>Romani</strong></span> <span class='ocrx_word' id='word_1_780' title='bbox 3088 4990 3384 5056; x_wconf 78' lang='lat' dir='ltr'><strong>ﬂuxerunt,</strong></span> <span class='ocrx_word' id='word_1_781' title='bbox 3418 4991 3632 5061; x_wconf 80' lang='lat' dir='ltr'><strong>colligi-</strong></span> 
     </span>
    </p>
   </div>
   <div class='ocr_carea' id='block_1_105' title="bbox 2056 5083 3628 5158">
    <p class='ocr_par' dir='ltr' id='par_1_105' title="bbox 2056 5083 3628 5158">
     <span class='ocr_line' id='line_1_105' title="bbox 2056 5083 3628 5158; baseline -0.004 -16"><span class='ocrx_word' id='word_1_782' title='bbox 2056 5102 2212 5143; x_wconf 88' lang='lat' dir='ltr'><strong>mus.</strong></span> <span class='ocrx_word' id='word_1_783' title='bbox 2242 5085 2340 5142; x_wconf 84' lang='lat' dir='ltr'><strong>His</strong></span> <span class='ocrx_word' id='word_1_784' title='bbox 2374 5095 2597 5158; x_wconf 89' lang='lat' dir='ltr'><strong>epactas</strong></span> <span class='ocrx_word' id='word_1_785' title='bbox 2620 5086 2782 5153; x_wconf 66' lang='lat' dir='ltr'><strong>lunae,</strong></span> <span class='ocrx_word' id='word_1_786' title='bbox 2813 5084 2882 5140; x_wconf 90' lang='lat' dir='ltr'><strong>de</strong></span> <span class='ocrx_word' id='word_1_787' title='bbox 2909 5085 3112 5155; x_wconf 89' lang='lat' dir='ltr'><strong>quibus</strong></span> <span class='ocrx_word' id='word_1_788' title='bbox 3133 5084 3338 5139; x_wconf 89' lang='lat' dir='ltr'><strong>dictum</strong></span> <span class='ocrx_word' id='word_1_789' title='bbox 3363 5091 3472 5147; x_wconf 87' lang='lat' dir='ltr'><strong>est,</strong></span> <span class='ocrx_word' id='word_1_790' title='bbox 3491 5083 3628 5151; x_wconf 82' lang='lat' dir='ltr'><strong>adji-</strong></span> 
     </span>
    </p>
   </div>
   <div class='ocr_carea' id='block_1_106' title="bbox 2054 5176 3625 5256">
    <p class='ocr_par' dir='ltr' id='par_1_106' title="bbox 2054 5176 3625 5256">
     <span class='ocr_line' id='line_1_106' title="bbox 2054 5176 3625 5256; baseline -0.003 -21"><span class='ocrx_word' id='word_1_791' title='bbox 2054 5182 2258 5245; x_wconf 92' lang='lat' dir='ltr'><strong>cimus,</strong></span> <span class='ocrx_word' id='word_1_792' title='bbox 2311 5195 2675 5256; x_wconf 87' lang='lat' dir='ltr'><strong>quascunque</strong></span> <span class='ocrx_word' id='word_1_793' title='bbox 2703 5178 2792 5249; x_wconf 71' lang='lat' dir='ltr'><strong>die</strong></span> <span class='ocrx_word' id='word_1_794' title='bbox 2835 5177 3017 5232; x_wconf 83' lang='lat' dir='ltr'><strong>Martii</strong></span> <span class='ocrx_word' id='word_1_795' title='bbox 3051 5193 3181 5232; x_wconf 81' lang='lat' dir='ltr'><strong>xxxi</strong></span> <span class='ocrx_word' id='word_1_796' title='bbox 3215 5178 3404 5233; x_wconf 86' lang='lat' dir='ltr'><strong>sortita</strong></span> <span class='ocrx_word' id='word_1_797' title='bbox 3441 5176 3625 5233; x_wconf 83' lang='lat' dir='ltr'><strong>fuerit.</strong></span> 
     </span>
    </p>
   </div>
   <div class='ocr_carea' id='block_1_107' title="bbox 2057 5270 3632 5343">
    <p class='ocr_par' dir='ltr' id='par_1_107' title="bbox 2057 5270 3632 5343">
     <span class='ocr_line' id='line_1_107' title="bbox 2057 5270 3632 5343; baseline -0.004 -17"><span class='ocrx_word' id='word_1_798' title='bbox 2057 5270 2341 5327; x_wconf 87' lang='lat' dir='ltr'><strong>Summam</strong></span> <span class='ocrx_word' id='word_1_799' title='bbox 2362 5289 2458 5343; x_wconf 84' lang='lat' dir='ltr'><strong>per</strong></span> <span class='ocrx_word' id='word_1_800' title='bbox 2474 5289 2605 5327; x_wconf 74' lang='lat' dir='ltr'><strong>iith</strong></span> <span class='ocrx_word' id='word_1_801' title='bbox 2634 5271 2740 5343; x_wconf 74' lang='lat'><strong>1/2</strong></span> <span class='ocrx_word' id='word_1_802' title='bbox 2763 5272 3033 5342; x_wconf 89' lang='lat' dir='ltr'><strong>partimur</strong></span> <span class='ocrx_word' id='word_1_803' title='bbox 3052 5288 3067 5339; x_wconf 90' lang='lat'><strong>;</strong></span> <span class='ocrx_word' id='word_1_804' title='bbox 3084 5271 3353 5341; x_wconf 87' lang='lat' dir='ltr'><strong>reliquum</strong></span> <span class='ocrx_word' id='word_1_805' title='bbox 3383 5277 3468 5327; x_wconf 86' lang='lat' dir='ltr'><strong>est</strong></span> <span class='ocrx_word' id='word_1_806' title='bbox 3497 5278 3632 5324; x_wconf 61' lang='lat' dir='ltr'><strong>atlas</strong></span> 
     </span>
    </p>
   </div>
   <div class='ocr_carea' id='block_1_108' title="bbox 2056 5361 3635 5436">
    <p class='ocr_par' dir='ltr' id='par_1_108' title="bbox 2056 5361 3635 5436">
     <span class='ocr_line' id='line_1_108' title="bbox 2056 5361 3635 5436; baseline -0.001 -17"><span class='ocrx_word' id='word_1_807' title='bbox 2056 5364 2223 5419; x_wconf 65' lang='lat' dir='ltr'><strong>lunae.</strong></span> <span class='ocrx_word' id='word_1_808' title='bbox 2262 5362 2391 5419; x_wconf 83' lang='lat' dir='ltr'><strong>Haec</strong></span> <span class='ocrx_word' id='word_1_809' title='bbox 2419 5363 2487 5419; x_wconf 72' lang='lat' dir='ltr'><strong>de.</strong></span> <span class='ocrx_word' id='word_1_810' title='bbox 2520 5364 2668 5421; x_wconf 74' lang='lat' dir='ltr'><strong>luna:</strong></span> <span class='ocrx_word' id='word_1_811' title='bbox 2695 5371 3012 5436; x_wconf 83' lang='lat' dir='ltr'><strong>epactarum</strong></span> <span class='ocrx_word' id='word_1_812' title='bbox 3050 5361 3325 5431; x_wconf 86' lang='lat' dir='ltr'><strong>methodo,</strong></span> <span class='ocrx_word' id='word_1_813' title='bbox 3356 5371 3410 5418; x_wconf 89' lang='lat' dir='ltr'><strong>et</strong></span> <span class='ocrx_word' id='word_1_814' title='bbox 3441 5362 3635 5418; x_wconf 75' lang='lat' dir='ltr'><strong>inven—</strong></span> 
     </span>
    </p>
   </div>
   <div class='ocr_carea' id='block_1_109' title="bbox 2052 5457 2548 5514">
    <p class='ocr_par' dir='ltr' id='par_1_109' title="bbox 2052 5457 2548 5514">
     <span class='ocr_line' id='line_1_109' title="bbox 2052 5457 2548 5514; baseline 0 -2"><span class='ocrx_word' id='word_1_815' title='bbox 2052 5457 2203 5513; x_wconf 89' lang='lat' dir='ltr'><strong>tione</strong></span> <span class='ocrx_word' id='word_1_816' title='bbox 2240 5457 2386 5513; x_wconf 80' lang='lat' dir='ltr'><strong>dicta</strong></span> <span class='ocrx_word' id='word_1_817' title='bbox 2416 5457 2548 5514; x_wconf 85' lang='lat' dir='ltr'><strong>sint.</strong></span> 
     </span>
    </p>
   </div>
  </div>
