4106 6428
493 383 626 438 ΙΞΗ

563 497 636 548 lie
663 501 861 564 epactts
890 491 1042 554 solis,
1068 487 1330 560 quomodo
1362 499 1407 544 et
1443 491 1571 558 ipsa:
1601 496 1986 557 computentur.

565 676 756 732 XXIX.
789 674 1141 745 Explicandze
1163 683 1290 728 sunt
1317 673 1576 741 deinceps
1597 679 1801 742 epactaa
1831 671 2060 734 solares,

491 785 557 824 ac
589 765 1048 837 quemadmodum
1085 765 1417 834 investigare
1443 779 1536 818 eas
1574 769 1844 831 oporteat.
1877 763 2064 830 itaque

495 859 774 932 proposito
809 871 954 910 anno
984 856 1116 910 solis
1164 855 1428 924 quolibet,
1469 863 1529 908 ut
1565 853 1666 906 hoc
1703 853 1823 921 ipso
1850 867 2064 908 xxviii:

493 953 735 1015 totidem,
771 963 880 1004 una
929 948 1145 1018 dempta
1167 985 1182 1010 ,
1232 945 1754 1000 numerandae'sunt
1791 943 1932 1007 dies,
1961 943 2066 998 hoc

489 1055 575 1101 est
601 1057 772 1097 xxvn.
795 1041 1138 1107 Quadrantes
1179 1045 1382 1102 autem,
1431 1038 1585 1092 nullo
1631 1037 1900 1096 detracto.
1932 1043 2066 1106 quot

493 1148 719 1191 summa:
743 1133 843 1186 toti
865 1137 1201 1201 competunt,
1223 1127 1569 1192 assumendi;
1591 1134 1722 1196 puta
1737 1141 1908 1180 xxvm
1932 1141 2067 1196 qua--

489 1229 774 1286 dril'ariam
793 1227 1008 1294 divisis,
1039 1229 1176 1280 liunt
1199 1226 1386 1296 utique
1407 1225 1525 1281 dies
1549 1241 1623 1278 vn
1649 1225 1881 1294 ;quibus
1913 1223 2064 1278 addi-

487 1323 580 1383 tis,
615 1334 886 1376 summam
947 1335 1112 1374 xxxw
1137 1319 1348 1374 dierum
1383 1333 1478 1385 per
1507 1333 1582 1370 vu
1622 1317 1805 1372 divide
1845 1323 2067 1386 propter

491 1412 883 1468 hebdomadas.
915 1411 1235 1474 Residuum,
1257 1411 1357 1465 hoc
1378 1417 1464 1464 est
1485 1425 1538 1463 v1
1559 1409 1700 1472 dies,
1729 1423 1829 1479 pro
1859 1408 2065 1478 epactis

487 1507 761 1560 obtinebit
791 1505 880 1558 hic
907 1519 1084 1559 annus
1108 1519 1464 1576 “vultuquas
1486 1503 1554 1558 ad
1583 1503 1835 1558 eumdem
1861 1517 2064 1556 annum

491 1600 778 1670 posuimus
811 1598 866 1652 in
899 1612 1109 1652 canone
1142 1615 1154 1650 :
1186 1605 1248 1652 ut
1301 1596 1370 1651 ad
1405 1607 1639 1650 caeteros
1691 1609 1815 1664 quae
1865 1594 2066 1664 cuique

491 1689 895 1758 competebant.
925 1687 1068 1742 Idem
1103 1687 1189 1741 fac
1221 1688 1276 1741 in
1304 1687 1412 1740 alio
1441 1685 1636 1757 quovis
1669 1699 1835 1750 anno,
1863 1691 1922 1739 ut
1944 1684 2064 1755 ejus

492 1787 714 1850 epactas
735 1795 1050 1850 assequare.

530 1983 804 2049 Quomodo
839 1983 1089 2054 aequales,
1125 1993 1216 2036 aut
1237 1983 1540 2054 excedente:
1567 1985 1787 2038 invicem
1815 1995 2029 2054 epactas

957 2053 1181 2108 habeant
1203 2053 1329 2107 anni
1361 2053 1584 2109 salares.

563 2168 733 2224 XXX.
759 2171 950 2225 Annus
982 2172 1162 2224 onmis
1189 2169 1390 2225 solaris
1421 2169 1562 2224 diem
1591 2185 1716 2224 cum
1763 2173 2066 2242 quadrante

495 2279 596 2333 pro
623 2263 830 2334 epactis
863 2262 1144 2331 relinquit.
1173 2263 1306 2330 Quae
1337 2263 1468 2317 nihil
1493 2263 1639 2316 aliud
1672 2273 1804 2319 sunt
1839 2265 2066 2318 omnino

498 2361 693 2424 praeter
717 2353 862 2408 diem
895 2353 1046 2407 illum
1081 2369 1206 2408 cum
1238 2353 1678 2424 quadrante,qui
1707 2360 1830 2424 post
1861 2353 2060 2408 hebdo—

497 2445 690 2501 madas
735 2459 812 2499 ut
860 2445 1104 2515 integras
1141 2439 1216 2499 de
1250 2457 1454 2499 cccuv
1492 2445 1593 2515 1/4
1633 2452 1926 2515 superest:
1967 2445 2065 2500 sed

497 2535 660 2602 duos,
689 2537 777 2592 vel
809 2543 944 2602 tres,
994 2535 1080 2590 vel
1130 2543 1390 2606 quatuor,
1430 2545 1484 2591 et
1533 2536 1600 2591 ad
1641 2543 1848 2606 septem
1892 2553 2066 2606 usque

501 2627 703 2682 habere
727 2627 952 2694 dicitur,
992 2627 1138 2697 quod
1175 2626 1320 2683 diem
1353 2629 1506 2682 illum
1535 2637 1590 2684 et
1615 2629 1719 2700 l/2
1755 2629 1824 2684 ad
1855 2645 1914 2685 se
1941 2647 2066 2686 mu-

501 2727 595 2774 tuo
615 2719 1016 2785 transmittant,
1051 2729 1106 2776 et
1137 2727 1464 2791 augeantur.
1503 2719 1640 2775 Nam
1685 2721 1754 2776 ad
1797 2723 2066 2794 integram

501 2807 919 2873 hebdomadam,
961 2819 1325 2881 septenosque
1361 2811 1478 2866 dies
1505 2811 1700 2867 ordine
1724 2815 1782 2866 ﬁt
1813 2828 2068 2883 progres-

501 2901 604 2956 sio.
656 2898 809 2956 Unde
835 2917 1031 2957 rursus
1077 2901 1146 2956 ad
1179 2901 1398 2956 initium
1435 2901 1667 2957 reditur.
1699 2901 1834 2956 Cum
1883 2911 2067 2958 autem

503 2991 774 3049 bisextilis
803 3007 984 3048 annus
1005 3001 1114 3058 est,
1147 3001 1311 3064 atque
1332 3009 1400 3049 ex
1422 2993 1768 3066 quadriennii
1795 2996 2068 3065 quadran-

499 3085 648 3141 tibus
690 3085 812 3142 dies
854 3101 965 3140 una
995 3086 1294 3156 colligitur,
1322 3103 1384 3142 ea
1429 3086 1756 3154 accedente,
1789 3089 2066 3158 sequentis

1510 375 1600 428 AD
1637 373 1907 430 EUSEBII
1943 373 2339 431 CHRONICON
2378 377 2742 436 APPENDIX.

3599 385 3738 444 19.43

2088 493 2136 548 Α
2163 491 2302 558 Περὶ
2357 491 2476 545 τῶν
2515 493 2788 549 ἐπακτῶν
2827 497 2932 552 τοῦ
2988 495 3190 564 ἡλίου,
3237 497 3366 565 πῶς
3415 499 3512 553 καί
3565 498 3741 556 αὗται

2761 566 3137 636 ψηφίζονται.

2233 671 2361 724 KO'.
2397 673 2488 724 Δεῖ
2501 673 2554 726 δὲ
2567 675 2660 728 καὶ
2673 675 2918 746 περὶτῶν
2935 676 3172 747 ἡλιακῶν
3187 679 3442 732 ὲπακτῶν
3453 683 3738 754 γνωρίσαι,

2163 759 2282 825 πῶς
2297 763 2392 816 καὶ
2402 764 2602 828 ταύτας
2619 767 2734 820 ἐστὶ
2749 769 3094 822 καταλαὸεῖν.
3113 772 3156 822 Χ
3169 771 3233 841 ρὴ
3247 771 3424 824 τοίνυν
3435 772 3512 843 τῷ
3527 776 3744 829 ἐνιστα-

2169 855 2314 925 μένῳ
2361 856 2573 928 ἡλιακῷ
2615 857 2743 924 έτει,
2775 860 2905 930 φέρε
2935 863 3106 915 εἰπεῖν
3133 862 3208 924 ὼς
3237 863 3328 916 ἐπὶ
3353 863 3446 916 τοῦ
3476 867 3742 938 παρόντος

2165 953 2250 1018 κη’
2297 947 2471 1013 ἔτους,
2521 951 2840 1021 ἰσαρίθμους
2891 952 3038 1024 αύτῷ
3077 959 3300 1024 κρατεῖν
3333 957 3546 1028 ἡμέρας
3591 961 3744 1033 παρὰ

2169 1039 2300 1109 μίαν
2338 1040 2505 1110 μόνην
2533 1042 2768 1114 ἡμέραν,
2803 1045 3083 1098 τουτέστιν
3107 1046 3188 1111 κζ’
3211 1047 3446 1118 ἡμέρας,
3479 1050 3746 1121 ίσάριθμα

2165 1131 2223 1182 δὲ
2255 1131 2490 1202 τέταρτα
2549 1134 2678 1205 παρ’
2707 1135 2828 1188 οὐδὲ
2875 1135 2934 1189 ἓν
2978 1137 3236 1210 τέταρτον
3267 1135 3420 1203 αὖθις
3453 1157 3748 1213 συμπαρα-

2165 1221 2479 1294 λαμϐάνειν·
2520 1227 2796 1281 τουτέστιν
2825 1237 2932 1299 κη’,
2957 1229 3049 1294 δδν,
3079 1229 3220 1302 ἆπερ
3251 1229 3493 1284 ποιοῦσιν
3530 1233 3745 1304 ἡμέρας

2166 1315 2449 1386 προδήλως
2493 1317 2663 1372 ἑπτά·
2698 1321 2792 1372 καὶ
2823 1319 2996 1382 οὕτως
3023 1321 3124 1384 τὰς
3150 1323 3298 1387 ὅλας,
3326 1323 3492 1394 ἡγουν
3530 1323 3628 1386 τὰς
3669 1323 3745 1377 λδ¹

2169 1406 2412 1476 μερίζειν
2445 1410 2524 1470 είς
2547 1407 2645 1480 τὴν
2673 1409 2716 1474 ζ’
2759 1409 2848 1464 διὰ
2871 1411 2970 1475 τὰς
2990 1411 3308 1483 ἑϐδομάδας.
3337 1415 3446 1467 Καὶ
3475 1413 3574 1478 τὰς
3607 1415 3744 1467 ὑπο-

2165 1495 2402 1561 λοίπους,
2434 1501 2678 1553 τουτέστι
2699 1501 2799 1564 τὰς
2827 1510 2878 1567 ς’
2906 1504 3140 1574 ἡμέρας,
3163 1505 3407 1569 ὲπακτὰς
3431 1505 3553 1576 ἕχον
3579 1505 3746 1575 γινώ-

2167 1603 2356 1640 σκεται
2397 1589 2458 1642 τὺ
2503 1590 2634 1644 αὐτὸ
2673 1598 2758 1662 κη’
2789 1592 2936 1656 έτος·
2965 1593 3030 1657 ἃς
3053 1597 3110 1647 ὲν
3143 1595 3292 1667 αύτῷ
3325 1597 3418 1650 καὶ
3445 1596 3744 1668 διεγράψα-

2169 1697 2267 1751 μεν
2313 1681 2372 1734 ὲν
2411 1681 2544 1758 τῷδε
2585 1683 2664 1754 τῷ
2695 1685 2944 1757 κανονίῳ,
2969 1686 3112 1740 καθὰ
3145 1689 3372 1752 καὶτοῖς
3408 1689 3614 1754 λοιποῖς
3645 1691 3746 1755 τὰς

2169 1775 2533 1846 προσφόρους.
2571 1777 2758 1841 Οὕτως
2791 1773 2882 1831 οὖν
2931 1779 3025 1832 καὶ
3060 1781 3145 1830 ἐπ’
3185 1779 3345 1834 ἄλλου
3391 1783 3590 1845 παντός
3629 1785 3746 1836 ἐστι

2167 1870 2342 1920 ποιεῖν
2365 1871 2445 1932 είς
2474 1868 2692 1941 εὕρεσιν
2723 1869 2834 1924 τῶν
2862 1871 3027 1924 αὑτοῦ
3049 1873 3324 1926 ἐπακτῶν.

2163 1978 2298 2046 Πῶς
2347 1981 2446 2034 καὶ
2493 1981 2653 2047 ἴσας,
2689 1983 2786 2036 καὶ
2834 1983 3112 2051 περιττὰς
3165 1983 3454 2050 ἀλλήλων
3482 1985 3751 2050 smne;-

2541 2051 2754 2122 ἔχουσι
2785 2055 2856 2108 τὰ
2883 2054 2989 2108 τοῦ
3029 2055 3210 2122 ἡλίου
3241 2055 3366 2121 ἐτη.

2237 2165 2312 2217 A'.
2346 2163 2613 2218 ’Έκαστον
2651 2166 2752 2236 μὲν
2794 2167 2903 2237 γὰρ
2933 2167 3051 2232 ἔτος
3083 2167 3232 2239 ἡλίου
3265 2167 3393 2240 μίαν
3423 2168 3748 2237 τέταρτον⁵⁰

2165 2255 2429 2328 κέκτηται
2455 2259 2718 2330 ὲπακτὴν,
2749 2260 2848 2312 οὐκ
2881 2259 3046 2330 ἄλλην
3069 2257 3234 2314 οὖσαν
3256 2261 3315 2314 τὸ
3351 2261 3568 2314 σύνολον
3593 2261 3625 2332 ἢ
3651 2261 3752 2330 τὴν

2167 2347 2306 2418 μετὰ
2336 2349 2436 2412 τὰς
2479 2350 2560 2420 νβ’
2597 2351 2898 2422 ἑϐδομάδας
2927 2352 3348 2424 περιττεύουσαν
3383 2355 3446 2405 ἐκ
3477 2351 3585 2406 τῶν
3618 2351 3750 2417 τξέ,

2161 2435 2204 2490 δ’
2229 2438 2482 2510 ἡμερῶψ
2521 2439 2614 2494 δύο
2640 2441 2716 2508 δὲ,
2755 2444 2850 2496 καὶ
2881 2449 2950 2512 γ’,
2988 2443 3083 2496 καὶ
3113 2443 3176 2505 δ’,
3199 2443 3292 2496 καὶ
3328 2443 3519 2516 μέχρις
3561 2443 3752 2506 ἁπλῶς

2163 2527 2273 2582 τῶν
2303 2529 2346 2593 ζ’
2373 2529 2590 2599 λέγεται
2639 2531 2783 2604 ἔχειν
2821 2533 2911 2588 διὰ
2937 2535 3036 2606 τὴν
3071 2535 3129 2601 ὲξ
3161 2535 3403 2607 ἀλλήλων
3435 2537 3516 2598 είς
3546 2535 3756 2606 ἄλληλα

2165 2619 2458 2692 γινομένην
2479 2622 2682 2693 ταύτης
2713 2623 2770 2676 δὲ
2796 2623 2897 2694 τῆς
2927 2627 3056 2696 μιᾶς
3084 2623 3342 2696 τέταρτον
3369 2626 3760 2697 παραπομπήν-

2164 2733 2226 2769 τε
2259 2717 2352 2770 καὶ
2383 2715 2630 2788 αῦξησιν.
2663 2719 2808 2782 Ἕως
2839 2719 2948 2791 γὰρ
2981 2721 3079 2790 τῆς
3103 2721 3468 2791 ἑϐδομαδικῆς
3495 2721 3754 2791 συμπλη-

2174 2806 2411 2878 ρώσεως,
2439 2809 2606 2879 ἡγουν
2635 2811 2740 2863 τῶν
2781 2811 2826 2875 ζ’
2868 2811 3112 2882 ἡμερῶν,
3147 2813 3268 2866 καθ’
3307 2812 3498 2884 εἱρμὸν
3537 2813 3596 2864 ἐν
3637 2815 3756 2876 τοις

2167 2899 2341 2953 ἐτεσιν
2371 2900 2709 2972 αὐξανομένη
2733 2903 2892 2956 πάλιν
2915 2904 3240 2976 ἀπάρχεται.
3265 2904 3468 2958 Καθὸτι
3493 2905 3550 2958 δὲ
3580 2901 3756 2974 βίσεξ-

2167 2993 2256 3046 τόν
2303 2995 2455 3057 ἐστι,
2487 2995 2579 3048 καὶ
2633 2997 2698 3047 ὲκ
2737 2995 2848 3049 τῶν
2899 2997 3176 3066 τετάρτων
3205 2997 3304 3068 τῆς
3331 2997 3755 3066 τετραετηρίδος

2167 3087 2518 3159 ἀθροισθεῖσα
2567 3089 2662 3159 μία
2707 3089 2910 3161 ἡμέρα,
2963 3089 3085 3142 κατ’
3141 3089 3490 3159 ὲπίκλησιν⁸¹
3545 3089 3756 3158 ταύτης

501 3173 894 3228 incrementum
923 3175 1053 3228 anni
1093 3191 1204 3230 uno
1235 3175 1324 3230 die
1353 3175 1414 3230 tit
1438 3177 1640 3246 majus.
1671 3175 1807 3232 Nam
1837 3195 1937 3249 pro
1959 3195 2068 3234 uno

2173 3180 2399 3251 περιττή
2439 3197 2557 3244 πως
2585 3181 2618 3252 ἡ
2649 3179 2758 3234 τῶν
2791 3181 3046 3235 ὲπακτῶν
3067 3179 3162 3234 τοῦ
3193 3181 3570 3252 διαδεχομένου
3599 3179 3756 3244 ἔτους

501 3263 726 3318 biduum
752 3264 952 3335 accipit
984 3283 998 3320 :
1033 3265 1178 3335 quod
1217 3267 1272 3320 in
1303 3281 1451 3320 anno
1491 3267 1612 3338 ipso
1652 3283 1818 3323 χχι-ιιι
1848 3285 2071 3326 cernere

2170 3270 2472 3342 ἐπαύξησις
2501 3271 2736 3340 γίνεται,
2764 3273 2856 3326 δύο
2889 3273 3102 3345 ἡμέρας
3142 3273 3264 3326 ἀντὶ
3307 3275 3434 3344 μιᾶς
3469 3271 3760 3344 προσλαμ-

501 3356 646 3412 licet.
663 3354 874 3428 Quippe
897 3357 1226 3413 antecedens
1243 3357 1420 3428 ipsum
1445 3373 1646 3427 annus,
1677 3361 1780 3416 hoc
1794 3369 1878 3416 est
1899 3378 2068 3423 nvn.

2172 3363 2458 3428 ϐάνοντος·
2491 3363 2566 3428 ὡς
2591 3365 2740 3420 ἔστιν
2783 3365 2912 3420 ἰδεῖν
2947 3366 3034 3418 ἐπ’
3061 3364 3227 3420 αὑτοῦ
3257 3365 3352 3418 τοῦ
3387 3363 3752 3438 προκειμένου

508 3455 748 3520 quatuor
769 3449 1036 3504 duntaxat
1067 3451 1268 3518 habet;
1305 3459 1362 3506 at
1403 3451 1496 3506 ille
1521 3461 1744 3524 propter
1769 3453 1874 3508 diei
1907 3456 2071 3510 unius

2171 3464 2278 3525 κη’.
2314 3456 2598 3528 Τέσσαρας
2635 3457 2746 3529 γὰρ
2773 3457 2988 3528 ἔχοντος
3015 3457 3110 3510 τοῦ
3149 3457 3256 3528 πρὸ
3288 3457 3474 3520 αὑτοῦ,
3505 3456 3756 3510 τουτέστι

502 3541 874 3596 accessionem
899 3557 996 3596 sex
1032 3542 1134 3598 sibi
1163 3542 1424 3598 vindicat.
1449 3543 1605 3600 Unde
1639 3561 1814 3616 neque
1843 3547 1896 3600 in
1919 3561 2071 3601 eam-

2170 3546 2265 3600 τοῦ
2289 3546 2390 3612 κζ’,
2417 3547 2476 3614 ἓξ
2503 3547 2662 3602 τοῦτο
2689 3549 2776 3604 διὰ
2804 3549 2902 3620 τὴν
2925 3549 3111 3604 ἐκτῶν
3138 3549 3411 3621 τετάρτων
3451 3549 3756 3621 ἀθροισθεῖ-

501 3633 624 3688 dem
665 3631 856 3688 feriam
887 3648 1070 3690 annus
1113 3635 1208 3690 ille
1239 3651 1389 3690 xxvu
1421 3635 1620 3700 desiit,
1659 3653 1690 3692 a
1717 3653 1826 3708 qua
1855 3639 2071 3693 initium

2175 3655 2272 3692 σαν
2297 3639 2512 3712 ἡμέραν
2535 3642 2820 3712 ἐκτήσατο.
2853 3642 3013 3698 Ὅθεν
3042 3642 3162 3695 οὐδὲ
3187 3644 3266 3706 εἰς
3295 3643 3394 3713 τὴν
3421 3641 3590 3712 αὐτὴν
3613 3641 3756 3712 ἡμέ-

503 3723 714 3780 habuit.
739 3721 875 3778 Nam
903 3724 950 3779 si
977 3725 1095 3782 dies
1119 3733 1334 3780 tantum
1359 3727 1580 3784 haberet
1599 3743 1820 3794 cccuv,
1840 3731 1894 3784 in
1923 3745 2076 3786 eam-

505 3815 628 3872 dem
659 3815 954 3884 desineret,
987 3833 1018 3872 a
1047 3833 1156 3888 qua
1199 3828 1444 3892 coeperat
1478 3841 1490 3876 :
1526 3823 1676 3876 velut
1721 3837 1752 3878 a
1795 3823 2074 3879 Dominica

505 3908 563 3962 in
595 3905 958 3974 Dominicam,
1015 3920 1110 3967 aut
1145 3927 1178 3966 a
1202 3913 1442 3968 secunda
1489 3913 1625 3970 feria
1669 3917 1722 3969 in
1753 3916 2072 3972 secundam.

507 3997 617 4056 Sed
654 4002 911 4072 quoniam
931 4003 1124 4060 diebus
1153 4011 1632 4072 constatcccum,
1665 4007 1785 4063 ideo
1809 4009 1862 4062 in
1895 4019 2076 4080 poste-

507 4093 705 4148 riorem
740 4107 824 4158 ea,
865 4093 1012 4150 unde
1057 4095 1246 4165 erepit,
1277 4094 1474 4150 feriam
1529 4095 1748 4152 desinit.
1781 4095 1894 4152 [loc
1921 4105 2006 4153 est
2045 4112 2075 4151 a

511 4183 790 4240 Dominica
819 4185 876 4240 in
915 4184 1109 4240 feriam
1161 4187 1479 4254 secundam,
1507 4189 1592 4244 vel
1625 4189 1694 4244 ab
1738 4188 1840 4244 hac
1869 4189 1924 4244 in
1970 4199 2078 4244 tero

507 4277 668 4344 tiam,
704 4285 758 4332 et
803 4278 878 4333 ita
912 4279 1190 4351 deinceps.
1237 4279 1318 4336 Ob
1369 4283 1512 4336 hanc
1569 4297 1791 4337 causam
1831 4283 2078 4339 tenendae

507 4377 636 4424 sunt
660 4371 790 4425 solis
811 4379 1039 4441 epactm,
1063 4381 1117 4428 et
1151 4373 1274 4440 hoc,
1306 4389 1417 4444 quo
1441 4374 1646 4429 dictum
1669 4382 1776 4442 est,
1809 4377 1970 4432 modo
1985 4394 2080 4448 puo

507 4461 702 4516 tandte.
743 4459 1034 4528 Nimirum,
1065 4471 1126 4519 ut
1174 4465 1355 4518 denuo
1395 4476 1709 4536 repetamus
1751 4467 1915 4531 idem,
1951 4471 2079 4524 toti-

507 4555 630 4609 dem
660 4553 799 4617 dies,
831 4563 1034 4624 quotus
1073 4565 1394 4611 numeratur
1433 4573 1610 4614 annus
1643 4559 1874 4629 quilibet
1907 4561 2076 4628 solis,

509 4661 616 4700 una
647 4647 828 4701 minus
846 4647 1190 4702 assumenda:
1217 4657 1378 4717 sunt;
1407 4649 1602 4705 deinde
1631 4651 1785 4722 181
1805 4653 2081 4723 quadran-

506 4745 592 4794 tes
625 4739 838 4808 integro
863 4756 1090 4795 numero
1130 4741 1250 4796 sine
1302 4739 1646 4798 detractione
1689 4753 2074 4816 congruentes.

509 4831 844 4902 Summaper
866 4847 938 4884 vn
975 4831 1266 4887 dividenda
1305 4852 1317 4888 :
1359 4833 1504 4904 quod
1546 4837 1816 4906 reliquum
1843 4845 1950 4904 est,
1982 4838 2082 4894 da-

507 4921 588 4978 bit
614 4933 834 4992 epactas
881 4925 1008 4978 anni
1047 4923 1196 4979 illius
1226 4941 1387 4996 quem
1416 4929 1734 4998 quaerimus.
1761 4927 1933 4985 Porro
1974 4947 2079 4988 nu-

508 5031 720 5071 merum
753 5013 962 5070 dierum
995 5017 1154 5072 annis
1209 5033 1394 5088 parem
1435 5035 1544 5074 una
1573 5019 1662 5077 die
1719 5021 2075 5078 minuendum

509 5107 896 5178 praecepimus,
929 5109 1188 5179 quoniam
1220 5109 1431 5181 primus
1471 5127 1648 5168 annus
1682 5115 1864 5170 nullas
1914 5117 2080 5170 habet

511 5199 778 5268 inscriptas
799 5207 1042 5270 epactas,
1093 5201 1239 5269 quod
1275 5217 1304 5255 a
1337 5203 1510 5271 prima
1541 5203 1678 5258 feria
1725 5206 1826 5260 hoc
1855 5213 1940 5261 est
1969 5206 2080 5263 Do-

507 5289 708 5345 minica
749 5289 1056 5346 definiatur.
1109 5291 1390 5362 Siquidem
1440 5311 1620 5352 annus
1661 5299 1838 5352 omnis
1882 5313 1912 5351 a
1971 5297 2080 5354 1)οο

507 5383 710 5438 minica
735 5383 1026 5454 incipiens,
1063 5395 1121 5440 ut
1163 5401 1328 5456 supra
1371 5387 1577 5442 dictum
1607 5399 1710 5452 est,
1741 5391 1946 5444 nullam
1981 5405 2080 5460 pe-

509 5475 657 5531 nitus
696 5487 940 5546 epactam
969 5477 1166 5542 habet,
1204 5480 1310 5533 nisi
1334 5480 1380 5534 si
1423 5497 1546 5550 qua:
1574 5491 1700 5535 sunt
1749 5481 2077 5551 fragmenta,

507 5569 654 5622 velut
693 5571 971 5640 quadrans
995 5613 1010 5634 ,
1045 5581 1138 5626 aut
1185 5573 1508 5640 dimidium,
1547 5583 1642 5628 aut
1681 5577 1892 5630 dimidii
1943 5591 2078 5646 qua-

509 5659 696 5726 drans,
732 5679 850 5733 quae
869 5663 936 5717 ad
967 5665 1414 5720 hebdomadicam
1437 5667 1625 5722 feriam
1645 5667 2076 5738 investigandum

577 5817 623 5848 ⁸⁸
660 5817 725 5872 Id
757 5831 830 5874 est
867 5821 884 5872 Ι
935 5821 1054 5878 Νι.
1131 5823 1172 5855 ⁸¹
1206 5822 1246 5881 f.
1279 5821 1579 5882 ἐπίκτησιν.

2175 3745 2296 3799 Pavo
2327 3729 2386 3796 ἐξ
2421 3725 2489 3802 ἦς
2537 3730 2840 3802 ἀπήρξατο,
2885 3733 2980 3786 καὶ
3025 3729 3290 3802 κατέληξε
3331 3732 3394 3786 τὸ
3436 3730 3624 3802 λεχθὲν
3669 3731 3754 3795 κζ’

2173 3818 2312 3882 ἔτος.
2369 3821 2584 3892 Ἐπειδὴ
2613 3821 2702 3875 διὰ
2751 3824 2847 3894 μὲν
2891 3823 3000 3876 τῶν
3024 3823 3129 3889 τξε¹
3157 3825 3237 3890 είς
3267 3823 3365 3896 τὴν
3397 3821 3457 3888 ἐξ
3482 3819 3551 3896 ἦς
3575 3825 3758 3896 ἀπήρ-

2177 3908 2304 3974 ξατο
2333 3911 2629 3983 καταλήγει
2655 3915 2872 3978 πάντως
2890 3931 2904 3946 ⁸
2943 3911 3052 3968 οἷον
3083 3915 3190 3968 ἀπὸ
3221 3915 3510 3986 Κυριακῆς
3531 3919 3614 3980 είς
3639 3916 3757 3970 Κυ-

2177 3999 2401 4070 ριακὴν,
2433 3999 2466 4072 ἢ
2496 4001 2752 4074 δευτέρας
2779 4005 2858 4068 είς
2878 4005 3161 4074 δευτέραν.
3194 4003 3292 4056 Διὰ
3313 4003 3370 4058 δὲ
3390 4004 3500 4058 τῶν
3523 4005 3644 4069 τξς¹
3671 4005 3758 4068 είς

2175 4089 2274 4161 τὴν
2328 4091 2466 4162 μετὰ
2503 4092 2598 4164 τὴν
2645 4093 2738 4163 ἀφ’
2776 4089 2844 4166 ἦς
2879 4095 3092 4165 ἡμέραν
3131 4095 3442 4166 ἁπὴρξατο’
3471 4095 3757 4149 τουτέστιν

2177 4183 2286 4237 ἀπὸ
2315 4185 2598 4258 Κυριακῆς
2614 4189 2692 4252 είς
2717 4187 3049 4260 δευτέραν,ἢ
3077 4188 3186 4242 ἀπὸ
3209 4189 3412 4258 ταύτης
3432 4189 3511 4252 είς
3539 4187 3756 4260 τρίτηνι

2179 4275 2273 4330 καὶ
2319 4274 2445 4347 ἑξῆς
2490 4277 2709 4348 ὁμοίως.
2739 4277 2840 4331 Διὰ
2883 4277 3057 4332 ταῦτά
3088 4295 3169 4332 τοι
3212 4279 3478 4350 προσήκει
3507 4277 3760 4332 ποιεῖσθαι

2177 4365 2271 4419 τοῦ
2329 4367 2480 4438 ἡλίου
2536 4369 2789 4423 ὲπακτῶν
2843 4369 2942 4440 τὴν
2992 4371 3398 4442 παρατήρησιν,
3429 4371 3523 4424 καὶ
3549 4369 3758 4433 ταύτας

2179 4457 2434 4530 ψηφίζειν
2455 4461 2594 4514 κατὰ
2613 4461 2705 4514 τὸν
2721 4459 3106 4532 ἀποδειχθέντα
3135 4461 3332 4533 τρόπον
3347 4477 3362 4492 ·
3395 4456 3527 4526 οἷον,
3547 4461 3634 4514 ἵνα
3659 4461 3760 4514 καὶ

2183 4551 2344 4605 πάλιν
2378 4553 2642 4624 εἴπωμεν,
2673 4553 2772 4616 τὰς
2794 4553 3106 4625 ἰσαρίθμους
3140 4552 3302 4606 αὐτοῦ
3333 4551 3427 4606 τοῦ
3469 4551 3762 4622 ἐνισταμέ-

2179 4663 2270 4699 νου
2315 4645 2542 4718 ἡλιακοῦ
2586 4645 2758 4710 ἔτους.
2803 4641 2914 4700 οἷον
2959 4645 3002 4699 δ’
3035 4645 3102 4700 ἂν
3139 4646 3224 4716 εἴη
3261 4645 3325 4699 τὸ
3363 4643 3758 4716 ψηφιζόμενον,

2181 4739 2479 4812 λαμϐάνειν
2511 4738 2724 4810 ἡμέρας
2756 4737 2906 4810 παρὰ
2942 4739 3109 4809 μόνην
3148 4737 3275 4808 μίαν
3302 4739 3538 4810 ἡμέραν.
3569 4737 3662 4792 καὶ
3689 4737 3762 4791 τὰ

2185 4833 2448 4906 ἰσάριθμα
2465 4833 2702 4902 τέταρτα
2722 4833 2848 4904 παρ’
2875 4831 2996 4885 οὐδὲ
3021 4831 3078 4884 ἓν
3105 4831 3385 4902 τέταρτον,
3399 4832 3493 4884 κον.)⁸
3515 4829 3766 4902 μερίζειν

2180 4927 2258 4990 είς
2285 4925 2374 4980 τὸν
2405 4923 2450 4990 ς’
2469 4940 2482 4954 ·
2515 4922 2729 4988 καὶτὰς
2748 4922 3072 4986 ὑπολοίπους
3097 4921 3338 4986 ὲπακτὰς
3359 4921 3480 4993 ἔχον
3509 4923 3764 4994 εὑρίσκε-

2179 5033 2269 5068 ται
2293 5015 2510 5077 πάντως
2531 5013 2662 5067 αὐτὸ
2684 5013 2746 5066 τὸ
2771 5015 2848 5077 είς
2875 5013 2974 5084 τὴν
3002 5012 3227 5084 ζήτησιν
3259 5015 3391 5082 ἡμῖν
3415 5012 3760 5083 παρακείμε-

2179 5126 2270 5164 νον
2303 5109 2440 5172 ἔτος.
2467 5107 2578 5171 Τὰς
2615 5105 2932 5178 ἰσαρίθμους
2956 5105 3014 5159 δὲ
3045 5105 3139 5158 τοῦ
3173 5105 3324 5168 ἔτους
3363 5105 3574 5176 ἡμέρας
3609 5105 3763 5174 παρὰ

2185 5201 2312 5274 μίαν
2341 5201 2556 5272 ἡμέραν
2583 5201 2757 5254 ποιεῖν
2788 5199 3035 5270 εἴπομεν,
3065 5197 3253 5268 ἐπειδὴ
3282 5197 3344 5250 τὸ
3383 5197 3597 5268 πρῶτον
3639 5197 3763 5260 ἔτος

2181 5295 2442 5364 τέταρτον
2478 5297 2558 5358 είς
2590 5291 2890 5364 ὲπακτὴν⁸²
2917 5291 3037 5361 ἕχον
3067 5290 3542 5362 καταγέγραπται,
3583 5287 3672 5342 διὰ
3699 5291 3763 5340 τὸ

2181 5385 2292 5439 ἀπὸ
2325 5385 2546 5458 πρώτης
2568 5426 2582 5450 ,
2613 5385 2778 5456 ἡγουν
2818 5384 2978 5452 ἁγίας
3005 5381 3288 5453 Κυριακῆς
3321 5381 3452 5435 αὐτὸ
3479 5379 3762 5444 κανονίζε-

2183 5477 2327 5530 σθαι.
2367 5479 2484 5531 Πᾶν
2529 5477 2637 5547 γὰρ
2691 5475 2808 5539 ἔτος
2836 5475 2944 5529 ἀπὸ
2981 5475 3264 5545 Κυριακῆς
3310 5475 3634 5544 ἀρχόμενον,
3682 5471 3764 5532 ὡς

2180 5569 2436 5642 ἀνωτέρω
2485 5569 2756 5633 λέλεκται,
2805 5567 2926 5620 οὐδὲ
2977 5568 3106 5638 μίαν
3154 5567 3398 5638 ἐπακτὴν
3429 5567 3492 5620 τὸ
3539 5565 3762 5618 σύνολον

2183 5663 2469 5734 κέκτηται,
2505 5660 2642 5731 πλὴν
2685 5661 2816 5722 ἴσως
2869 5659 3251 5732 ποστημορίων
3285 5658 3466 5726 τινῶν,
3505 5653 3618 5711 οἷον
3665 5673 3762 5708 τε·

1675 5825 1716 5856 "
1757 5823 1793 5880 f.
1832 5823 2083 5884 οὐδεμίαν
2125 5825 2286 5877 επακ.
