4106 6480
421 396 558 454 ίὲιιθ

1208 399 1264 454 S.
1307 399 1559 454 MAXIMI
1599 397 1965 454 MARTYRIS
2000 399 2868 460 COMPUTUS‘ECCLESIAST.

3550 406 3685 463 1250

388 554 391 559 ι
422 514 645 586 τάρτου·
679 516 712 589 ἢ
749 515 995 587 ἡμίσεος,
1028 516 1062 588 ἢ
1095 518 1319 595 ἡμίσεος
1346 519 1628 591 τετάρτου·
1663 518 1806 591 άπερ
1838 519 1997 573 οὐδα-

2101 521 2236 574 nihil
2254 520 2414 590 plane
2430 518 2744 584 conferunt,
2763 521 2939 576 donec
2952 527 3075 593 post
3099 521 3276 575 annos
3292 518 3687 590 quatuorjdiem

423 605 540 674 μῶς
567 606 908 661 συντελοῦσιν
944 611 1025 673 είς
1062 608 1421 681 ἐϐδομαδικῆς
1451 611 1666 682 ἡμέρας
1704 610 2001 684 ἐξεύρεσιν,

421 696 523 761 to);
545 697 612 751 ἂν
633 698 720 752 διὰ
743 699 842 770 τῆς
860 703 1272 773 τετραετηρίδος
1289 701 1504 774 ἡμέραν
1527 702 1663 773 μίαν,
1680 704 1999 774 ποιήσωσιν.

423 805 555 872 Πῶς
580 807 781 876 ἄλλως
799 810 905 877 τάς
924 829 990 865 τε
1013 810 1120 865 τοῦ
1145 812 1325 879 ἡλίου
1347 811 1577 880 καὶτῆς
1597 812 1863 880 σελήνης
1885 813 2007 866 ἐπι-

680 881 938 951 τηρῆσαι
969 882 1232 935 δυνατόν
1255 882 1427 936 ἐστιν
1449 883 1734 949 ἐπακτάς.

490 968 615 1024 AA’.
644 973 755 1026 Καὶ
777 973 863 1027 ἵνα
887 976 1167 1046 συντόμως
1197 975 1337 1029 είπω
1366 976 1496 1047 περί
1515 992 1575 1028 τε
1598 975 1706 1029 τῶν
1730 973 1825 1029 τοῦ
1849 974 2001 1046 ἡλίου

421 1063 512 1116 καὶ
551 1065 650 1136 τῆς
697 1066 927 1140 σελήνης
972 1069 1243 1136 ἐπακτῶν,
1277 1071 1373 1125 καὶ
1417 1070 1517 1141 τῆς
1566 1068 1771 1122 τούτων
1812 1067 2003 1140 ῥᾳδίας

421 1157 802 1228 καταλήψεως,
844 1162 877 1231 ἡ
918 1161 1017 1231 μὲν
1075 1161 1295 1234 σελήνη,
1340 1163 1505 1233 ἤγουν
1562 1161 1622 1214 rb
1656 1160 1775 1214 κατ’
1832 1160 2004 1231 αὐτὴν

421 1247 770 1320 ἐνιστάμενον
795 1251 936 1317 ἔτος,
951 1253 1221 1317 τοσαύτας
1246 1254 1489 1319 ἐπακτὰς
1514 1255 1628 1326 ἔχει
1655 1253 1872 1315 πάντως
1891 1253 2000 1317 ἀεὶ,

421 1338 551 1403 ὅσας
579 1340 794 1414 ἡμέρας
835 1343 1147 1415 εὑρίσκεται
1177 1345 1489 1417 κεκτημένη
1526 1344 1668 1399 κατὰ
1706 1343 1807 1415 τὴν
1847 1358 2005 1412 τρια-

423 1431 561 1484 κάδα
590 1434 813 1505 πρώτην
837 1436 931 1489 τοῦ
949 1437 1195 1510 Μαρτίου
1225 1441 1391 1511 μηνός
1406 1455 1419 1465 ’
1438 1437 1536 1491 bbe
1558 1437 1729 1507 ἥλιος,
1746 1435 1913 1507 ἡγουν
1938 1433 2000 1486 rb

421 1522 772 1595 ἐνιστάμενον
794 1527 957 1581 αὐτοῦ
978 1529 1119 1593 ἔτος,
1149 1529 1469 1601 ἰσαρίθμους
1495 1528 1756 1597 κέκτηται
1783 1524 1999 1588 πάντως

421 1612 507 1665 ἀεὶ
548 1613 646 1678 τὰς
686 1616 893 1680 οἰκείας
936 1618 1183 1680 ἐπακτὰς
1213 1621 1277 1690 τῇ
1321 1617 1646 1689 ἐϐδομαδικῇ
1679 1616 1888 1688 ἡμέρᾳ,
1919 1614 2002 1678 εἰς

422 1703 487 1775 ἣν
515 1708 858 1778 καταντῆσαν
884 1710 946 1763 τὸ
977 1711 1085 1783 πρὸ
1125 1711 1290 1765 αὐτοῦ
1336 1712 1455 1775 ἔτος
1494 1708 1809 1781 ἐπεραιώθη
1858 1706 2002 1762 κατὰ

2108 628 2278 667 unum
2300 624 2705 668 consumment.

2108 814 2565 881 Quemadmodum
2600 815 2728 869 solis
2761 816 2982 940 cilium:
3010 825 3221 885 epactas
3270 816 3428 871 aliter
3459 818 3689 872 invenire

2833 897 2988 940 tceal.

2833 897 2988 941 tceal.

2176 975 2368 1031 XXXI.
2403 976 2473 1033 Ut
2510 977 2579 1033 de
2612 977 2747 1033 solis
2773 965 2989 1048 epactis
3015 984 3069 1033 et
3094 978 3255 1042 lunai,
3283 978 3461 1049 deque
3491 979 3685 1033 harun:

2104 1065 2250 1121 facili
2302 1068 2620 1125 inventione
2653 1070 2831 1125 dicam
2870 1070 3147 1138 breviter;
3185 1073 3334 1142 quod
3382 1072 3451 1126 ad
3498 1072 3687 1125 lunam

2104 1160 2334 1225 attinet,
2389 1162 2554 1231 hujus
2608 1179 2787 1219 annus
2846 1164 3074 1234 quilibet
3132 1164 3293 1218 datus
3346 1173 3423 1217 tot
3471 1178 3688 1235 semper

2103 1261 2326 1323 epactas
2359 1254 2560 1323 habet,
2616 1262 2751 1325 quot
2781 1256 2993 1310 dierum
3024 1263 3159 1311 aetas
3193 1256 3339 1310 illius
3370 1265 3454 1311 est
3504 1254 3683 1308 Martii

2103 1344 2193 1400 die
2222 1360 2374 1400 χιιι.
2406 1345 2500 1402 Sol
2532 1355 2738 1415 autem,
2767 1349 2882 1405 sive
2925 1364 3106 1404 annus
3136 1349 3258 1417 ejus
3290 1363 3544 1405 currens.
3579 1357 3686 1401 tot—

2100 1435 2244 1491 idem
2265 1437 2452 1507 utique
2479 1437 2641 1492 habet
2665 1446 2908 1509 epactas,
2943 1445 3113 1509 quota
3146 1437 3279 1491 feria
3306 1443 3412 1500 est,
3437 1438 3491 1490 in
3520 1449 3686 1505 quam

2100 1527 2434 1584 antecedens
2489 1545 2669 1584 annus
2723 1529 2887 1585 desiit
2926 1529 3102 1600 pridie
3154 1527 3385 1583 Kalend.
3440 1527 3682 1598 Apriles.

2104 1616 2230 1674 Haec
2277 1619 2348 1676 de
2397 1621 2608 1692 epactis
2668 1622 2843 1689 solis,
2891 1629 2946 1678 et
2979 1616 3170 1677 earum
3228 1620 3484 1678 methodo
3537 1618 3685 1674 dicta

2099 1710 2395 1768 sulliciant.

422 1798 520 1872 τὴν
550 1800 828 1872 λεχθεῖσαν
866 1803 1135 1875 τριακάδα
1170 1803 1392 1876 πρώτην
1434 1803 1528 1857 τοῦ
1567 1802 1732 1857 αὐτοῦ
1752 1801 2000 1873 Μαρτίου
2033 1804 2220 1875 μηνός.
2250 1805 2436 1860 Ταῦτα
2481 1808 2578 1862 καὶ
2613 1807 2741 1880 περὶ
2776 1807 3030 1862 ἐπακτῶν
3077 1806 3226 1879 ἡλίου
3268 1807 3365 1861 καὶ
3414 1806 3515 1877 τῆς
3557 1804 3682 1859 τού-

421 1912 527 1978 των
549 1894 837 1967 εὑρέσεως.

420 2012 558 2104 περὶ
577 2011 1083 2104 τέῆμςβξετῖείοῖάρκα
1103 2016 1208 2104 "ei?
1225 2016 1499 2104 Σωτῆρος
1514 2013 2009 2104 γεννήσεωςυῖιξῦ

2110 2012 2190 2068 De
2234 2014 2512 2096 nativitate
2546 2013 2747 2097 Christi
2781 2013 3065 2070 secundum
3112 2031 3324 2071 carnem
3341 2055 3386 2104 ,μ
3407 2017 3568 2104 deque
3594 2017 3685 2070 ba'

491 2100 552 2136 τε
577 2083 1020 2158 βαπτίσματος,
1064 2087 1163 2141 καὶ
1185 2089 1292 2141 τοῦ
1307 2083 1568 2158 adeone,
1591 2083 1742 2155 ποίῳ
1764 2087 2005 2158 γεγόνα-

486 2168 592 2227 σιν
623 2155 802 2227 ἡλίου
833 2155 941 2227 ’καὶ
972 2159 1244 2226 σελήνης
1295 2157 1435 2225 ἔτει,
1482 2159 1582 2213 καὶ
1627 2155 1781 2226 ποία
1811 2155 2003 2227 ἡμέρᾳ

488 2221 594 2291 τῆς
627 2224 972 2294 ἑϐδομάδος.

488 2315 611 2368 AB'.
634 2315 853 2371 Τούτων
877 2318 1050 2383 οὕτως
1071 2320 1399 2391 εἰρημένων,
1423 2319 1534 2374 τῶν
1556 2317 2002 2388 ἀναγκαιοτάτων

419 2408 564 2461 ἐστὶν
590 2410 1032 2482 ἐπισημήνασθαι
1075 2415 1170 2468 κα)⁸
1201 2413 1263 2467 rb
1291 2414 1390 2485 τῆς
1424 2410 1815 2484 κοσμογενείας
1861 2411 2000 2475 ἔτος,

419 2502 477 2554 ἐν
508 2494 553 2570 ᾧ
577 2503 677 2573 τὴν
703 2504 1073 2576 ὑπερκόσμιον
1101 2507 1160 2558 ἐν
1192 2505 1383 2577 κόσμῳ
1406 2505 1701 2577 πεποίηται
1727 2504 2002 2576 σάρκωσιν

417 2594 484 2646 ἐκ
514 2594 614 2664 τῆς
653 2595 818 2664 ἁγίας
845 2595 1109 2650 Θεοτόκου
1139 2598 1235 2651 καὶ
1266 2598 1357 2652 ἀεὶ
1407 2598 1688 2669 Παρθένου
1727 2596 1946 2669 Μαρίας
1972 2597 2001 2650 ὁ

422 2685 625 2759 Κύριος
649 2688 808 2760 ἡμῶν
840 2689 936 2743 καλ⁴
977 2690 1107 2755 Θεὸς
1152 2689 1359 2762 Ἰησοῦς
1393 2692 1648 2765 Χριστός.
1682 2689 1789 2745 Ἶ1ν
1815 2687 1907 2746 οὖν
1941 2690 2000 2743 τὸ

417 2776 718 2847 τηνικαῦτα
746 2779 879 2850 ,εφα’
910 2779 1049 2846 ἔτος,
1083 2782 1226 2836 κατὰ
1246 2784 1343 2856 τὴν
1380 2784 1439 2837 ἐν
1465 2783 1669 2848 δέλτοις
1687 2784 1855 2855 ἱεροῖς
1877 2784 2003 2837 ἀνα-

418 2867 655 2939 γραφὴν,
696 2869 806 2922 τῶν
852 2870 960 2924 ἀπὸ
1009 2871 1181 2944 Ἀδὰμ
1226 2872 1645 2945 ἀριθμουμένων
1692 2873 1847 2927 ἐτῶν.
1911 2873 1999 2927 Ἐν

417 2958 592 3029 τούτῳ
624 2959 732 3029 γὰρ
760 2960 790 3014 ὅ
815 2978 875 3014 τε
908 2961 1307 3034 εὐαγγελισμὸς
1340 2964 1532 3033 γέγονε
1567 2964 1668 3035 τῆς
1693 2962 1996 3035 Παρθένου,

418 3050 511 3104 καὶ
547 3053 582 3123 ἡ
612 3050 670 3119 ἐξ
698 3053 869 3125 αὐτῆς
899 3053 1064 3107 αὐτοῦ
1092 3053 1328 3127 άφθορος
1359 3057 1454 3109 καὶ
1484 3056 1793 3124 πανάγαθος
1816 3056 2000 3127 γέννη-

418 3159 522 3206 σις.
560 3144 719 3207 Ἔτος
750 3140 893 3216 δὲῆν
925 3144 1076 3217 ἡλίου
1105 3146 1167 3200 rb
1190 3144 1280 3216 ιγ’,
1315 3146 1543 3219 σελήνης
1571 3147 1633 3200 rb
1660 3154 1711 3213 ι’,
1739 3148 1923 3220 ἡμέρα
1941 3148 2000 3201 δὲ

417 3234 517 3305 τῆς
546 3234 837 3307 ἑϐδομάδος
866 3236 957 3290 τοῦ
992 3237 1090 3309 μὲν
1118 3239 1516 3311 εύαγγελισμοῦ
1551 3237 1595 3310 β’
1614 3256 1627 3270 ·
1652 3239 1753 3310 τῆς
1783 3239 1840 3293 δὲ
1871 3257 1999 3309 γεν-

417 3326 711 3439 νήσεωςοδκ
734 3326 888 3381 Οὕτω
911 3328 968 3381 δὲ
997 3329 1172 3382 καὶτὸ
1199 3329 1500 3402 πάμφωτον
1524 3330 1689 3383 αὐτοῦ
1721 3330 1814 3439 καὶ
1836 3331 2002 3402 ὑπέρ-
2024 3381 2067 3439 C

417 3434 594 3487 φωτον
633 3416 916 3490 βάπτισμα
952 3419 1030 3491 τῷ
1058 3421 1186 3491 ,εφλ’
1214 3420 1457 3490 γέγονεν.
1493 3422 1652 3485 Ἔτος
1678 3421 1735 3475 δὲ
1756 3417 1824 3494 ἦν
1844 3421 1996 3494 ἡλίου

420 3510 519 3580 μὲν
552 3509 631 3573 ιδ’,
663 3511 893 3583 σελήνης
926 3511 984 3565 δὲ
1012 3512 1074 3565 rb
1090 3514 1371 3585 α’,·ήμέρα
1400 3514 1457 3566 δὲ
1481 3514 1581 3585 τῆς
1610 3513 1904 3585 ἑϐδομάδος
1923 3513 1993 3583 γ’.

417 3600 586 3656 Πάλιν
609 3601 666 3655 δέ
695 3602 757 3655 rb
782 3603 1048 3675 σωτήριον
1076 3603 1242 3658 αὐτοῦ
1274 3604 1465 3668 πάθος,
1502 3605 1669 3676 ῆγουν
1694 3606 1727 3677 ἡ
1752 3604 1997 3678 σταύρω-

418 3710 523 3757 σις,
548 3693 658 3748 τῶν
684 3694 732 3726 ³³
759 3695 938 3764 ,εφλδ¹.
972 3696 1133 3760 Ἔτος
1157 3695 1215 3748 δέ
1244 3691 1312 3768 ἦν
1343 3695 1495 3769 ἡλίου
1523 3697 1620 3767 μὲν
1650 3703 1742 3768 ιη’,
1767 3696 1998 3769 σελήνης

415 3784 471 3837 δὲ
504 3792 567 3849 ε’,
608 3786 791 3859 ἡμέρα
825 3786 882 3839 δὲ
909 3786 1192 3858 προδήλως
1222 3788 1553 3860 Παρασκευή
1576 3805 1590 3820 ο
1633 3788 1709 3852 ὡς
1748 3787 1888 3841 εἶναι
1928 3787 1998 3842 τὰ

414 3876 524 3930 ἀπὸ
547 3878 648 3949 τῆς
674 3879 1138 3952 ἐνανθρωπήσεως
1162 3880 1326 3934 αὐτοῦ
1356 3881 1518 3954 μέχρι
1540 3881 1642 3953 τῆς
1674 3880 1768 3935 νῦν
1789 3883 1998 3935 ἐνιστα-

419 3965 585 4035 μένης
642 3966 993 4038 ίνδικτιῶνος,
1049 3969 1201 4034 ἔτους
1252 3969 1334 4024 λα’
1364 3970 1466 4039 τῆς
1503 3970 1775 4042 βασιλείας
1824 3973 1995 4037 Ἦρα-

416 4055 597 4109 κλείου
628 4056 721 4110 τοῦ
758 4061 1152 4116 εὐσεϐεστάτου
1196 4064 1229 4134 ἡ
1239 4062 1355 4134 μῶν
1387 4062 1669 4134 βασιλέως,
1712 4064 1805 4135 ἔτη
1857 4065 1993 4136 χλγ’.

416 4148 499 4200 Τὰ
515 4147 571 4201 δέ
592 4149 700 4202 ἀπὸ
720 4151 816 4204 τοῦ
837 4154 1104 4225 σωτηρίου
1134 4152 1508 4227 βαπτίσματος
1527 4157 1621 4210 καὶ
1649 4155 1742 4210 τοῦ
1766 4156 1994 4223 πάθους,

414 4237 551 4311 δῆλα
588 4240 751 4297 πάλιν
788 4244 854 4298 ἐκ
889 4244 1094 4301 τούτων
1131 4245 1490 4319 καθέστηκεν,
1518 4249 1595 4314 ὡς
1622 4248 1692 4304 τὰ
1734 4248 1836 4321 μέν
1858 4252 1996 4304 εἰσιν

415 4331 511 4404 κδ’,
542 4331 613 4387 τὰ
639 4333 697 4387 δέ
726 4342 830 4407 χα’.
1228 4342 1235 4345 ’

415 4446 519 4501 Διὰ
540 4447 599 4501 τί
644 4447 905 4528 διαφόρῳ
944 4451 1026 4528 τῷ
1071 4454 1181 4528 τῆς
1228 4455 1595 4528 ὶνδικτιῶτος
1631 4456 1750 4511 ἔτει
1788 4457 1856 4512 τὸ
1883 4456 1995 4528 τῆς

487 4518 827 4597 γεῖνήοίεωςέ
866 4523 973 4597 τοῦ
996 4518 1237 4597 ίΚυρίου
1275 4518 1640 4597 κανοινίζετῖαι
1679 4528 1815 4595 ἔτος
1833 4545 1848 4560 ·
1893 4518 1993 4583 καῖ

488 4590 613 4655 πῶς
636 4592 675 4659 ἡ
703 4590 1024 4659 ίνδικτιὼν,
1055 4590 1154 4649 καὶ
1181 4596 1368 4652 πόθεν
1387 4596 1722 4667 ψηφίζεται.

484 4680 606 4736 ΛΡ.
643 4682 756 4753 Ἐφ’
791 4684 1021 4738 ἑκάστου
1063 4686 1122 4739 δὲ
1158 4688 1363 4743 τούτων
1404 4688 1503 4761 τὴν
1553 4690 1897 4762 ἐπινέμησιν,
1925 4691 1993 4764 ἡν

417 4768 724 4824 ίνδικτιῶνα
764 4773 815 4825 οἱ
878 4772 1142 4845 Ῥωμαῖοι
1187 4778 1688 4851 προσαγορεύουσι,
1738 4780 1993 4854 διάφορον

412 4854 578 4914 οὖσαν
605 4860 929 4935 εὑρίσκομεν
944 4881 958 4894 ·
988 4865 1064 4929 ὡς
1083 4867 1367 4938 διαφώνως
1388 4869 1594 4944 ταύτης
1616 4869 1994 4945 ψηφιζομένης

413 4949 478 5004 ἐκ
513 4968 573 5005 τε
597 4952 706 5007 τῶν
736 4954 844 5008 άπὸ
886 4955 1058 5029 Ἀδὰμ
1105 4958 1245 5015 ἐτῶν
1268 4962 1363 5016 καὶ
1401 4961 1509 5017 τῶν
1547 4965 1641 5035 ἀφ’
1676 4958 1737 5018 οὗ
1769 4965 1993 5036 γέγονεν

412 5042 573 5116 αὕτη.
615 5043 812 5114 Γέγονε
844 5046 902 5101 δέ
941 5048 1086 5103 κατὰ
1120 5052 1249 5115 τοὺς
1292 5054 1842 5127 ίστοριογραφοῦντας
1883 5057 1992 5111 ἀπὸ

411 5134 720 5204 Αὐγούστου
746 5138 1041 5211 Καίσαρος,
1071 5140 1149 5212 τῷ
1177 5141 1413 5216 δευτέρῳ
1441 5144 1552 5199 ἔτει
1583 5146 1684 5217 τῆς
1716 5146 1992 5217 βασιλείας

410 5227 597 5284 αὐτοῦ.
634 5227 770 5283 Τότε
792 5230 850 5284 δὲ
875 5226 944 5303 ἦν
979 5232 1081 5304 τῆς
1112 5236 1500 5307 κοσμογενείας
1530 5237 1592 5291 τὸ
1621 5238 1741 5304 ,ευε
1761 5255 1776 5269 ·
1821 5238 1986 5312 ἅπερ,

410 5321 491 5383 εἰς
522 5319 612 5373 τὸν
647 5326 709 5374 ιε’
739 5323 998 5395 λυόμενα,
1037 5325 1101 5380 rb
1150 5326 1300 5391 τέλος
1334 5328 1435 5399 τῆς
1488 5328 1815 5395 ίνδικτιῶνος
1853 5349 1994 5404 παρ-

413 5407 645 5482 ίστησιν,
664 5412 832 5485 ἡγουν
854 5416 988 5471 αὐτὸ
1012 5424 1070 5471 ιε’
1087 5417 1236 5482 ἔτος·
1264 5421 1322 5472 ἐν
1340 5412 1385 5488 ᾧ
1401 5418 1603 5492 ταύτης
1627 5422 1834 5487 ἐκεῖνος
1849 5422 1991 5477 κατὰ

409 5499 470 5551 rb
499 5500 656 5568 δόξαν
701 5502 927 5576 θέμενος
952 5508 1051 5581 τὴν
1080 5508 1274 5581 ἀρχὴν,
1328 5509 1546 5582 πρῶτον
1581 5511 1644 5565 rb
1684 5510 1992 5568 τελευταῖον

409 5593 730 5665 πεποίηκεν.
775 5596 863 5661 Ὦς
901 5599 1148 5655 ἐντεῦθεν
1180 5601 1239 5655 ἓν
1285 5600 1403 5668 ἔτος
1446 5603 1766 5676 προτρέχειν
1804 5603 1992 5659 λοιπὸν

408 5687 507 5757 τήν
551 5687 660 5741 ἀπὸ
700 5689 956 5765 δευτέρου
1008 5695 1164 5760 ἔτους
1206 5696 1307 5768 τῆς
1354 5696 1630 5768 βασιλείας
1678 5698 1989 5769 Αὐγούστου

500 5801 545 5833 ⁸³
567 5801 607 5869 Ῑ.
641 5799 743 5871 τῷ.

2180 2085 2447 2153 ptismate,
2476 2095 2527 2139 et
2582 2086 2828 2153 passione
2853 2126 2868 2151 ,
2915 2098 3074 2155 quoto
3111 2104 3249 2141 anno
3283 2087 3412 2142 solis
3447 2085 3510 2141 ae
3539 2093 3681 2142 tum:

2174 2156 2506 2226 contigerint,
2526 2163 2576 2209 et
2608 2171 2839 2225 quanam
2869 2154 3211 2211 hebdomadis
3240 2158 3346 2211 die.

2173 2309 2390 2366 XXXII.
2450 2310 2547 2368 His
2601 2312 2679 2366 ita
2729 2312 3068 2378 constitutis,
3104 2315 3160 2369 in
3199 2315 3392 2386 primis
3425 2331 3683 2373 necessa-

2103 2403 2244 2456 rium
2274 2410 2359 2459 est
2396 2419 2599 2457 annum
2636 2403 2788 2460 orbis
2819 2405 3024 2460 conditi
3069 2414 3314 2461 notatum
3356 2407 3592 2472 habere.
3626 2408 3683 2462 in

2102 2514 2212 2568 quo
2242 2495 2406 2553 Jesus
2438 2497 2694 2554 Christus
2722 2496 2903 2564 Deus,
2931 2514 2996 2553 ac
3029 2497 3294 2556 Dominus
3319 2508 3507 2557 noster
3534 2500 3682 2575 illam

2100 2591 2307 2644 mundo
2351 2589 2731 2645 sublimiorem
2772 2590 3208 2647 incarnationem
3261 2608 3291 2647 e
3331 2601 3524 2647 sancta
3558 2591 3681 2647 Dei-

2099 2699 2255 2755 para,
2289 2698 2615 2754 semperque
2649 2681 2877 2755 Virgine
2906 2683 3074 2739 Maria
3104 2684 3346 2757 suscepit
3375 2685 3431 2739 in
3454 2686 3679 2741 mundo.

2101 2776 2230 2832 Erat
2259 2785 2389 2832 tunc
2428 2778 2596 2849 igitur
2635 2793 2815 2835 annus
2865 2778 3053 2833 mundi
3087 2778 3224 2834 5501
3253 2822 3268 2846 ,
3318 2786 3379 2833 ut
3404 2795 3471 2836 ex
3505 2780 3682 2836 sacris

2099 2871 2295 2927 litteris
2329 2879 2581 2936 constat,
2623 2886 2923 2941 earumque
2967 2872 3375 2942 computatione
3410 2886 3678 2929 annorum

2097 2959 2168 3011 ab
2196 2956 2424 3012 Adamo.
2452 2956 2568 3012 Hoc
2601 2958 2752 3013 enim
2786 2973 2933 3013 anno
2975 2960 3322 3014 annuntiatio
3352 2959 3562 3031 Virgini
3600 2960 3682 3015 fa-

2100 3057 2186 3104 cta
2212 3058 2316 3112 est,
2350 3058 2405 3103 et
2430 3049 2750 3120 incorrupta
2782 3049 3287 3120 benignissimaque
3318 3050 3386 3106 de
3423 3051 3543 3118 ipsa
3580 3065 3681 3106 na-

2100 3142 2284 3196 tivitas
2315 3141 2536 3198 accidit.
2579 3142 2775 3197 Annus
2804 3152 2925 3198 erat
2960 3143 3093 3199 solis
3127 3159 3250 3207 xm,
3280 3144 3424 3199 luna:
3449 3160 3579 3199 vero
3619 3161 3677 3213 x,

2099 3233 2218 3289 dies
2248 3232 2601 3289 hebdomadaa
2632 3241 2876 3304 tempore
2914 3235 3270 3307 evangelismi
3312 3233 3448 3290 feria
3480 3251 3542 3298 ιι,
3573 3250 3678 3290 na-

2100 3325 2330 3382 tivitatis
2364 3342 2438 3381 ιν.
2495 3326 2587 3383 Sic
2643 3325 3169 3396 splendidissimus,
3227 3327 3340 3381 imo
3386 3327 3680 3397 splendore

2100 3416 2278 3488 major
2300 3417 2448 3471 omni
2479 3418 2785 3489 baptismus
2812 3417 3058 3489 ejusdem
3086 3418 3313 3489 contigit
3342 3433 3488 3472 anno
3511 3417 3676 3484 5550,

2101 3524 2247 3565 anno
2289 3511 2423 3568 solis
2451 3527 2578 3576 xlv,
2620 3513 2763 3568 lunae
2792 3529 2831 3581 ι,
2860 3511 2996 3568 feria
3031 3529 3114 3568 Ill.
3161 3511 3375 3568 Rursus
3419 3512 3681 3571 salutaris

2101 3603 2250 3659 illius
2268 3605 2475 3676 passio,
2494 3604 2609 3661 sive
2636 3605 2956 3666 crucilixio,
2984 3619 3141 3659 anno.
3163 3605 3336 3671 5554,
3366 3619 3511 3659 anno
3542 3604 3681 3661 solis

2098 3708 2256 3762 mn,
2297 3694 2440 3749 lunae
2488 3711 2544 3761 ν,
2593 3694 2713 3766 ipso
2765 3695 2955 3765 utique
3004 3692 3339 3749 Parasceves
3373 3693 3483 3750 die.
3517 3692 3680 3749 Colli-

2098 3786 2304 3849 guntur
2338 3779 2408 3835 ab
2434 3780 2815 3835 incarnatione
2846 3779 3020 3850 ipsius
3052 3795 3225 3850 usque
3258 3779 3325 3833 ad
3353 3790 3679 3861 praesentem

2100 3870 2455 3925 iudictionem
2490 3871 2621 3925 anni
2678 3885 2809 3925 χιιι
2867 3870 3086 3941 imperii
3144 3869 3382 3926 lleraclii
3438 3870 3679 3941 piissimi

2100 3965 2277 4019 nostri
2313 3965 2680 4033 imperatoris,
2704 3963 2838 4019 anni
2874 3964 3001 4018 655.
3047 3962 3092 4016 A
3141 3962 3371 4018 salutari
3410 3977 3540 4018 vero
3579 3961 3681 4017 ba-

2099 4057 2323 4128 ptismo,
2350 4064 2403 4113 et
2428 4056 2685 4128 passione
2704 4062 2839 4126 quot
2875 4056 3007 4110 anni
3045 4054 3185 4126 lapsi
3226 4056 3339 4110 sint
3360 4069 3427 4110 ex
3459 4055 3527 4109 iis
3556 4068 3676 4107 ma-

2100 4149 2361 4204 nifestum
2395 4155 2480 4204 est
2507 4147 2799 4213 omnibus,
2842 4147 3101 4202 nimirum
3133 4146 3204 4200 ab
3236 4145 3332 4200 illo
3359 4159 3535 4201 annos
3574 4142 3680 4198 ﬂu—

2099 4241 2249 4297 xisse
2282 4239 2410 4308 604,
2442 4240 2511 4297 ab
2541 4239 2645 4296 hac
2664 4239 2789 4294 601.

2100 4443 2211 4500 Cur
2241 4443 2449 4497 diverso
2480 4438 2785 4495 indictionis
2839 4454 2980 4492 anno
3025 4437 3328 4511 nativitatis
3381 4434 3676 4511 Dominicm

2169 4524 2387 4568 notatur
2443 4528 2645 4576 annus,
2701 4517 2752 4563 et
2809 4509 3068 4580 quomodo
3118 4508 3336 4562 indictio
3368 4545 3383 4572 ,
3435 4515 3487 4560 et
3536 4507 3677 4560 unde

2437 4672 2493 4728 ln
2528 4673 2615 4729 bis
2637 4671 2868 4743 singulis
2897 4669 3116 4725 diversa
3138 4667 3412 4738 reperitur
3443 4666 3679 4722 indictio

2097 4769 2199 4843 (sic
2226 4769 2372 4824 enim
2401 4782 2433 4822 a
2478 4764 2745 4821 Romanis
2789 4761 3063 4833 vocatur),
3110 4766 3371 4830 tanquam
3420 4774 3529 4815 non
3561 4773 3677 4813 uno

2093 4862 2260 4919 modo
2288 4870 2605 4917 numeretur
2635 4858 2704 4913 ab
2732 4856 2893 4913 annis
2936 4854 3126 4909 Adami
3151 4894 3164 4916 ,
3213 4860 3268 4909 et
3298 4867 3366 4907 ex
3400 4867 3513 4923 quo
3559 4852 3675 4923 pri-

2095 4971 2245 5012 mum
2277 4953 2528 5009 instituta
2565 4956 2670 5006 est.
2719 4947 2852 5005 Orta
2899 4954 2984 5004 est
3010 4957 3190 5001 autem
3222 4985 3237 5010 ,
3303 4953 3366 4999 ut
3422 4944 3673 5000 historici

2094 5047 2492 5121 prodiderunt,
2547 5056 2693 5097 anno
2733 5042 2911 5113 primo
2955 5039 3188 5109 Augusti
3226 5036 3497 5100 Caesaris,
3549 5035 3675 5105 ejus

2092 5141 2309 5211 imperii
2353 5136 2626 5199 secundo,
2660 5135 2754 5206 qui
2796 5133 2897 5188 fuit
2938 5146 3118 5187 annus
3169 5130 3359 5185 mundi
3392 5128 3552 5183 5460.
3602 5128 3670 5183 ili

2093 5250 2192 5305 per
2223 5233 2290 5287 15
2327 5230 2512 5294 divisi,
2539 5229 2788 5283 ultimum
2849 5224 3165 5279 indictionis
3209 5237 3448 5287 annum,
3500 5221 3553 5275 id
3587 5230 3675 5276 est

2093 5342 2297 5383 annum
2328 5324 2580 5396 quintum
2607 5319 2881 5376 decimum
2916 5317 3178 5374 exhibent
3207 5334 3222 5371 :
3271 5316 3326 5369 in
3371 5330 3480 5385 quo
3507 5314 3673 5383 hujus

2093 5416 2311 5472 initium
2343 5415 2433 5468 ille
2467 5418 2715 5468 statuens
2749 5408 3001 5463 ultimum
3045 5421 3169 5461 esse
3210 5405 3444 5476 primum
3476 5404 3669 5458 voluit.
3700 5416 3710 5427 ·

2094 5509 2172 5564 ita
2211 5508 2271 5563 ﬁt
2294 5513 2356 5562 ut
2384 5518 2495 5560 uno
2519 5518 2665 5557 anno
2690 5505 2994 5571 praecurrat
3013 5496 3261 5561 indictio,
3286 5511 3409 5566 qua:
3437 5493 3505 5548 ab
3527 5507 3672 5547 anno

2096 5600 2328 5672 Augusti
2374 5595 2617 5654 secundo
2664 5598 3007 5653 numeratur,
3051 5603 3198 5650 eam.
3240 5602 3363 5659 quae
3407 5586 3479 5641 ab
3519 5585 3672 5639 orbis

2097 5692 2322 5750 exordio
2350 5687 2591 5752 ducitur,
2622 5682 2842 5755 quando
2875 5681 3006 5736 anui
3050 5678 3244 5734 Adami
3287 5693 3382 5750 per
3429 5694 3497 5733 xv
3531 5675 3672 5732 divi.
