4106 6472
450 384 582 442 1251

1467 373 1565 428 ,ΔΒ
1605 370 1874 430 EUSEBII
1909 372 2310 434 CHRONICON
2343 366 2716 426 APPENDIX.

3572 361 3718 418 19.32!

443 500 669 556 duntur.
697 493 937 551 Proinde
984 491 1090 548 fuit
1119 489 1350 546 indictio
1382 505 1436 543 χι
1484 487 1788 544 secundum
1834 489 2020 543 calcu-
2049 537 2059 563 Δ

2124 483 2498 558 ψηφιζομένην
2545 477 2867 543 ίνδικτιῶνα,
2915 479 3014 550 τῆς
3059 479 3168 533 ἀπὸ
3220 478 3450 543 κτίσεως
3499 477 3706 550 κόσμου

445 591 557 645 lum
589 588 758 644 istum
787 627 802 651 ,
847 601 991 641 anno
1023 599 1134 655 quo
1164 581 1462 637 secundum
1511 593 1739 635 carnem
1774 576 2028 633 Salvator

443 689 529 738 est
557 688 717 736 ortus
745 698 758 733 :
800 687 858 733 at
883 695 948 732 ex
983 677 1074 732 illo
1105 675 1321 729 calculo
1365 672 1469 726 fuit
1497 688 1598 733 xu.
1626 671 1886 741 quoniam
1917 685 2029 724 uno

444 771 740 828 antevertit
770 783 932 823 anno.
966 767 1058 822 Sic
1088 763 1500 821 sacratissimus
1541 762 1849 832 baptismus
1887 759 2030 814 indi-

444 863 682 916 ctionem
728 860 888 914 habet
926 877 960 914 χ
992 869 1046 913 et
1096 873 1192 920 χι..
1232 865 1288 910 et
1331 853 1590 910 salutaris
1642 852 1826 922 passio
1857 869 1948 907 xw
1975 861 2030 907 et

445 969 537 1007 xv.
571 952 786 1022 Quippe
824 965 971 1004 anno
1019 948 1250 1020 Augusti
1300 963 1432 1002 χιιιι
1484 945 1660 1000 nostri
1712 945 1917 1006 instar,
1966 951 2028 999 ut

446 1045 628 1111 homo,
662 1055 822 1098 natus
859 1043 904 1097 is
933 1049 1038 1106 est,
1065 1041 1158 1110 qui
1193 1049 1319 1093 ante
1358 1041 1557 1094 saecula
1589 1046 1848 1106 tanquam
1883 1035 2028 1092 Deus

445 1151 510 1190 ex
535 1134 696 1188 Patre
731 1142 896 1188 natus
927 1133 1126 1186 fuerat.
1158 1129 1396 1184 Proinde
1438 1129 1482 1183 si
1522 1143 1630 1182 χιιι
1661 1143 1760 1197 per
1792 1143 1859 1180 xv
1889 1127 2030 1181 divi-

441 1229 550 1292 dis,
577 1243 756 1282 annus
807 1225 1047 1297 prodibit
1089 1223 1408 1278 indictionis
1439 1239 1512 1276 χιι
1547 1237 1731 1291 :quo,
1780 1228 1840 1274 ut
1881 1220 2027 1275 dixi-

442 1336 588 1382 mus.
611 1321 816 1376 Christi
845 1319 1045 1373 natalis
1076 1317 1290 1381 incidit,
1317 1314 1783 1387 quemadmodum
1825 1329 2028 1370 rursus

441 1415 577 1472 560-1
615 1430 711 1484 per
753 1429 824 1468 xv
867 1411 1044 1466 divisa
1089 1409 1224 1464 dant
1257 1425 1333 1463 χι.
1360 1407 1545 1463 Potest
1571 1416 1752 1462 autem
1794 1415 2028 1476 utroque

441 1505 797 1576 computandi
848 1503 1013 1557 modo
1060 1516 1304 1572 praesens
1355 1499 1672 1554 indictionis
1725 1513 1904 1553 annus
1933 1512 2029 1552 ea-

441 1599 565 1654 dem
601 1597 813 1652 ratione
843 1592 1202 1664 deprehendi.
1235 1592 1307 1649 Ut
1349 1591 1396 1644 si
1445 1605 1624 1645 annos
1658 1589 1854 1644 Adami
1901 1605 2028 1660 pro.

441 1699 563 1762 pter
600 1705 721 1743 eam
772 1703 1028 1755 causam,
1093 1701 1257 1756 quam
1308 1683 1591 1748 diximus,
1626 1696 1737 1735 uno
1793 1683 2027 1751 amplius

441 1792 756 1838 numeratos
794 1779 934 1834 613i»
962 1819 978 1842 ,
1033 1793 1130 1849 per
1177 1776 1245 1832 15
1297 1775 1510 1830 dividas
1537 1814 1552 1838 ,
1583 1782 1676 1827 aut
1708 1773 1754 1830 si
1785 1787 1960 1828 annos
1995 1787 2027 1828 a

2128 575 2526 648 ψηφιζομένης,
2562 571 2706 627 κατὰ
2724 571 2822 643 τὴν
2850 570 2960 624 τῶν
2985 571 3093 624 ἀπὸ
3135 569 3298 642 ’Δδὰρ
3333 570 3473 624 ὲτῶν
3501 571 3580 634 είς
3613 573 3708 626 τὸν

2132 675 2192 723 ιε’
2220 667 2518 738 γενομένην
2566 663 2842 718 ἀνάλυσιν.
2870 661 3030 716 Ὅθεν
3057 661 3198 716 κατὰ
3243 661 3447 734 ταύτην
3487 663 3584 733 μὲν
3613 663 3716 735 τὴν

2129 761 2309 832 ψῆφον
2342 759 2460 824 ἔτος
2500 757 2831 820 ίνδικτιῶνος
2867 763 2936 810 ια’
2960 751 3048 826 ἦν,
3092 759 3150 809 ὲν
3251 757 3472 824 γέγονεν
3505 757 3539 826 ἡ
3571 757 3718 810 κατά

2132 854 2311 925 σάρκα
2360 851 2454 905 τοῦ
2493 851 2745 922 Σωτῆρος
2780 850 3063 918 γέννησις⁸
3104 849 3222 902 κατ’
3267 847 3481 918 ἐκείνην
3524 847 3582 900 δὲ
3623 847 3711 918 ιβ’.

2127 944 2218 998 διὰ
2241 945 2302 998 τὸ
2330 943 2388 998 ἓν
2425 942 2828 1015 προλαμϐάνειν
2861 941 3000 1004 ἔτος.
3035 941 3190 995 Οὕτω
3223 942 3280 995 δὲ
3315 942 3410 996 καὶ
3432 942 3493 994 τὸ
3528 941 3718 994 πανίε-

2133 1053 2224 1108 ρον
2252 1036 2532 1108 βάπτισμα
2563 1042 2593 1088 ι’
2623 1036 2716 1090 καὶ
2749 1041 2838 1098 ια’,
2885 1035 2982 1088 καὶ
3019 1035 3086 1088 τὸ
3129 1036 3396 1106 σωτήριον
3441 1034 3611 1098 πάθος
3651 1041 3715 1086 to!

2129 1131 2223 1183 καὶ
2255 1135 2336 1183 ιε’.
2369 1129 2458 1200 Τῷ
2503 1130 2612 1200 γὰρ
2660 1135 2750 1199 μγ’
2787 1129 2884 1198 τῆς
2931 1126 3210 1197 βασιλείας
3251 1125 3563 1196 Αὐγούστου
3613 1126 3716 1198 τὴν

2129 1221 2252 1276 καθ’
2283 1224 2430 1293 ἡμᾶς
2463 1223 2540 1285 ὡς
2580 1221 2866 1293 ἄνθρωπος
2913 1221 3205 1293 πεποίηται
3255 1222 3508 1292 γέννησιν
3544 1223 3574 1275 ὁ
3607 1219 3717 1290 πρὸ

2127 1315 2235 1369 τῶν
2263 1315 2476 1370 αἰώνων
2525 1318 2591 1370 ἐκ
2634 1316 2848 1388 Πατρὸς
2879 1315 3160 1386 γεννηθεὶς
3189 1315 3266 1380 ὡς
3306 1315 3460 1380 Θεός.
3491 1316 3573 1370 Τὰ
3616 1311 3715 1370 οὖν

2133 1407 2220 1478 μβ⁹
2245 1407 2576 1480 μεριζόμενα
2604 1409 2756 1480 παρά
2783 1407 2874 1461 τδν
2895 1413 2978 1472 ιε’,
3017 1405 3082 1476 ιβ’
3114 1410 3213 1478 τῆς
3247 1407 3577 1471 ίνδικτιῶνος
3600 1405 3714 1461 ἔτει

2128 1499 2474 1570 γεγενῆσθαι,
2528 1499 2708 1564 καθὼς
2738 1499 2896 1570 ἔφην,
2947 1501 3185 1573 παριστᾷ
3221 1499 3315 1554 τοῦ
3364 1500 3571 1572 Κυρίου
3610 1501 3712 1571 τὴν

2127 1592 2412 1664 γέννησιν⁹
2446 1591 2636 1665 ὥσπερ
2663 1588 2756 1648 οὖν
2790 1595 2883 1648 καὶ
2907 1595 2966 1647 ὲν
3000 1599 3068 1647 ια’
3101 1592 3263 1647 πάλιν
3300 1591 3370 1645 τὰ
3397 1597 3532 1660 ,εφα¹
3559 1609 3714 1664 μερι-

2128 1684 2331 1756 ζόμενα
2363 1688 2443 1749 είς
2485 1686 2578 1740 τὸν
2618 1687 2780 1741 αὑτὸν
2830 1687 3079 1760 ἀριθμόν.
3111 1687 3268 1739 Ἐστι
3309 1685 3367 1738 δὲ
3409 1685 3495 1739 διὰ
3528 1687 3714 1756 άμφου

2127 1774 2300 1846 τὲρων
2324 1775 2432 1828 τῶν
2465 1774 2662 1847 ψήφων
2701 1775 2796 1829 καὶ
2817 1775 2880 1829 τὸ
2907 1774 3002 1831 νῦν
3047 1774 3394 1844 ἐνιστάμενον
3440 1772 3538 1842 τῆς
3585 1773 3710 1826 ινδιο

443 1873 688 1931 secundo
722 1871 1068 1942 imperatoris
1095 1869 1328 1938 Augusti
1357 1865 1462 1921 674
1489 1880 1586 1934 per
1619 1864 1870 1919 eumdem
1897 1879 2026 1934 par-
2055 1920 2059 1928 η

2127 1865 2352 1930 κτιῶνος
2369 1866 2488 1930 ἔτος
2504 1866 2645 1920 κατὰ
2675 1867 2766 1921 τὸν
2785 1868 2970 1939 ὅμοιον
2993 1866 3192 1937 τρόπον
3221 1865 3401 1934 εὑρεῖν
3420 1880 3432 1892 ’
3464 1859 3575 1918 οἷον
3597 1865 3714 1928 τοῖς

440 1964 582 2020 tiare
635 1963 795 2033 182
850 1976 1185 2016 numerum:
1220 1957 1516 2027 utrobique
1546 1954 1834 2026 praesentis
1893 1953 2022 2008 anni

2131 1958 2229 2030 μὲν
2255 1959 2364 2012 ἀπὸ
2404 1958 2576 2028 Ἀδὰμ
2602 1958 2690 2012 διὰ
2715 1959 2813 2030 τὴν
2841 1958 3139 2032 εἰρημένην
3167 1957 3344 2011 αἰτίαν
3369 1955 3510 2010 κατὰ
3540 1957 3714 2028 πρόσ-

442 2055 701 2112 conficies
729 2053 1081 2108 iudiclionem
1111 2067 1220 2106 xiv.
1265 2048 1469 2103 Eadem
1502 2049 1557 2102 in
1602 2045 1764 2100 annis
1793 2045 2024 2116 reliquis

2129 2049 2278 2103 θεσιν
2300 2050 2417 2115 ἐνὸς
2446 2051 2602 2115 ἔτους
2624 2051 2938 2122 γενομένοις
2960 2051 3148 2123 ,ςρλδ’.
3181 2050 3278 2104 καὶ
3303 2052 3384 2113 εἰς
3403 2049 3492 2103 τὸν
3515 2055 3575 2101 ιε’
3597 2047 3717 2100 λυοο

440 2146 732 2201 methodus
761 2142 1068 2198 adhibenda
1091 2183 1106 2210 ,
1143 2151 1201 2196 ut
1242 2138 1544 2210 cuiuslibet
1575 2135 1894 2192 indictionis
1919 2152 2026 2190 nu-

2134 2140 2344 2210 μένοις·
2388 2143 2501 2204 τοῖς
2529 2141 2586 2193 δὲ
2634 2139 2742 2193 ἀπὸ
2768 2139 2811 2210 β’
2851 2139 3002 2204 ἔτους
3046 2140 3148 2210 τῆς
3187 2139 3463 2210 βασιλείας
3499 2137 3715 2207 Αὐγού-

445 2252 659 2293 merum
686 2235 964 2290 obtincas.

2135 2247 2260 2283 στου
2295 2230 2476 2300 μόνοις
2512 2226 2632 2284 οὖσι
2680 2231 2772 2283 τὸν
2803 2228 3031 2301 ἀριθμὸν
3057 2228 3183 2300 χοᾶ,
3213 2227 3305 2282 καὶ
3325 2229 3407 2290 είς
3435 2225 3528 2281 τὸν
3551 2225 3716 2280 αὐτὸν

442 2327 674 2400 ἀριθμὸν
717 2325 1098 2398 μεριζομένοις
1121 2341 1135 2355 ·
1174 2323 1234 2390 ἐξ
1254 2321 1532 2394 ἑκατέρων
1560 2319 1668 2393 γὰρ
1693 2321 1754 2375 ιδ’
1793 2321 2119 2390 γινώσκεται
2151 2324 2212 2378 τὸ
2236 2325 2329 2379 νῦν
2382 2324 2776 2398 ἐνιστάμενον..
2801 2324 2972 2378 Τοῦτο
3027 2323 3083 2378 δὲ
3117 2325 3211 2379 καὶ
3254 2322 3340 2377 ἐπ’
3364 2323 3526 2378 ἄλλου
3574 2339 3713 2377 παν-

441 2425 533 2488 τὸς
570 2425 742 2476 ποιεῖν
771 2423 1037 2493 προσήκει
1070 2419 1198 2483 τοὺς
1227 2418 1318 2472 τὸν
1351 2417 1582 2472 ἑκάστου
1618 2419 1717 2488 τῆς
1754 2417 2082 2482 ίνδικτιῶνος
2112 2419 2266 2485 ἔτους
2291 2420 2601 2475 διασκοπεῖν
2628 2421 2908 2485 ἐθέλοντας
2934 2421 3184 2493 ἀριθμόν.

441 2539 522 2595 De
549 2555 796 2610 responso
829 2537 955 2592 dato
976 2535 1279 2619 Zachariae,
1309 2546 1359 2592 et
1383 2535 1610 2593 Joannis
1642 2554 1706 2593 ac
1728 2538 2027 2594 Saluatoris

2125 2543 2267 2612 Περὶ
2304 2545 2410 2619 τοι]
2449 2544 2597 2619 κατζι
2629 2543 2748 2619 ’ζόας
2777 2543 3094 2619 Ζαχαρίᾳζ
3125 2538 3564 2619 χρηματισμοῦ,
3611 2537 3713 2592 καὶ

1143 2611 1320 2662 annis.
1394 2656 1398 2663 .
2208 2611 2215 2612 ί
2331 2613 2452 2668 τῶν
2480 2614 2587 2669 τοῦ
2629 2613 2899 2668 Ἰωάννου
2925 2613 3022 2666 καὶ
3047 2612 3320 2681 Σωτῆρος
3343 2611 3516 2666 ἐτῶν.

508 2697 752 2754 XXXIV.
808 2698 884 2754 De
927 2700 1153 2755 oraculo
1198 2714 1458 2770 quoque,
1499 2699 1645 2770 quod
1691 2698 1760 2756 de
1811 2699 2024 2758 Joanne

2197 2707 2318 2760 ΛΔ¹.
2352 2707 2624 2778 Προσὴκει
2652 2706 2710 2760 δὲ
2751 2707 2845 2760 καὶ
2887 2705 2979 2759 τὸν
3006 2704 3133 2776 περὶ
3180 2703 3428 2758 Ἰωάννου
3469 2701 3564 2756 τοῦ
3605 2701 3713 2754 Βα-

439 2791 687 2862 Baptista
715 2790 922 2845 editum
961 2798 1045 2846 est
1091 2789 1394 2856 Zachariae,
1423 2790 1585 2860 cujus
1616 2800 1742 2851 ante
1775 2795 2024 2848 memini-

2127 2796 2353 2850 πτιστοῠ
2404 2797 2695 2868 γενόμενον
2755 2795 3142 2868 χρηματισμὸν
3193 2793 3270 2864 τῷ
3317 2792 3591 2866 Ζαχαρία,
3647 2788 3713 2850 οὗ

440 2895 566 2936 ιιιιιε
591 2923 606 2946 ,
640 2895 791 2934 nunc
826 2888 885 2934 ut
915 2880 1050 2934 ordo
1079 2881 1352 2950 postulat,
1389 2883 1702 2938 accuratius
1745 2883 1852 2938 dici
1889 2899 2025 2939 con-

2129 2887 2364 2961 πρόσθεν
2396 2887 2770 2958 ἐμνήσθημεν,
2798 2887 2855 2938 ὲν
2883 2883 3034 2952 τάξει
3055 2885 3124 2938 δι’
3153 2883 3437 2957 ἀκριϐείας
3468 2885 3714 2956 ὑπομνη-

439 2973 608 3039 venit,
635 2982 802 3044 quoto
849 2987 994 3026 anno
1033 2973 1165 3028 solis
1195 2988 1259 3027 ac
1287 2975 1430 3028 lunae
1475 2976 1788 3047 contigerit.
1848 2975 1926 3031 Ac
1975 2977 2024 3032 si

2133 2979 2375 3051 ματίσαι,
2411 2978 2553 3032 κατὰ
2581 2983 2732 3032 ποῖον
2758 2973 2911 3041 οὗτος
2934 2977 3085 3049 ἡλίου
3121 2977 3215 3030 καὶ
3241 2975 3468 3046 σελήνης
3488 2975 3714 3044 γέγονεν

439 3065 566 3136 quis
617 3064 898 3120 attendere
957 3066 1126 3128 velit,
1167 3065 1328 3120 facile
1378 3066 1676 3139 intelliget,
1727 3076 2024 3140 utrumque

2128 3069 2265 3134 ἔτος.
2289 3071 2396 3124 Καὶ
2429 3073 2540 3134 τοῖς
2567 3071 2664 3141 μὲν
2689 3069 3043 3123 ὲπιστατοῦσι
3078 3068 3237 3140 δῆλον
3265 3067 3422 3121 τοῦτο
3442 3067 3713 3138 καθέστη-

438 3172 563 3212 eum
605 3172 752 3225 esse,
782 3157 875 3228 qui
905 3157 1109 3214 Christi
1138 3161 1372 3214 natalem
1421 3161 1666 3232 proxime
1701 3163 2017 3218 antecessit.
2053 3225 2059 3234 Α

2127 3179 2245 3227 κεν,
2279 3160 2354 3224 ὡς
2393 3160 2653 3232 ἑκάτερον
2683 3159 2743 3214 τὸ
2784 3160 2890 3234 πρὸ
2923 3160 3021 3232 τῆς
3053 3159 3147 3213 τοῦ
3190 3159 3442 3231 Σωτῆρος
3473 3158 3709 3230 ὑπάρχει

437 3245 628 3318 Itaque
653 3247 786 3304 solis
823 3265 921 3313 χιι,
956 3249 1099 3304 luna:
1127 3266 1181 3304 Ix
1211 3249 1346 3316 fuit,
1381 3253 1586 3307 mensis
1623 3250 1888 3311 Romanis
1921 3254 2020 3311 Se-
2051 3245 2059 3268 ¹

2126 3253 2462 3323 γεννήσεωςο
2504 3246 2614 3306 οἷον
2647 3251 2800 3323 ἡλίου
2832 3252 2932 3324 μὲν
2966 3251 3028 3305 τὸ
3063 3249 3154 3323 ιβ’,
3187 3249 3415 3324 σελήνης
3448 3249 3506 3303 δὲ
3546 3249 3610 3302 τὸ
3639 3249 3708 3313 θ’,

437 3339 703 3410 ptember,
737 3339 965 3411 ejusque
998 3342 1116 3399 dies
1148 3358 1318 3408 χχνιι,
1347 3342 1481 3398 feria
1517 3360 1568 3398 ν.
1596 3343 1732 3400 Nam
1758 3346 1903 3416 quod
1953 3349 2020 3404 ad

2130 3342 2238 3414 μὴν
2281 3341 2337 3394 δὲ
2381 3340 2520 3396 κατὰ
2567 3341 2871 3413 Ῥωμαίους
2913 3339 3284 3413 Σεπτέμϐριος
3327 3335 3416 3410 ἦν,
3447 3337 3710 3402 εἰκάδας

435 3431 673 3486 natalem
693 3431 920 3488 Joannis
959 3436 1172 3500 attinet,
1203 3436 1422 3492 eosdem
1460 3437 1548 3492 hic
1579 3454 1752 3494 annos
1796 3440 1930 3496 solis
1965 3448 2020 3496 et

2126 3433 2288 3506 ἔχων,
2311 3433 2502 3506 ἡμέρα
2523 3433 2624 3504 τῆς
2652 3433 2942 3506 ἑϐδομάδος
2967 3439 3028 3486 ε’.
3055 3433 3130 3486 Τὸ
3157 3433 3264 3504 γὰρ
3291 3432 3391 3502 τῆς
3415 3430 3582 3484 αὐτοῦ
3611 3427 3710 3486 tot“.

436 3521 600 3584 lunae,
630 3539 768 3594 quos
804 3522 1106 3582 Salvatoris
1145 3527 1424 3591 nativitas,
1460 3528 1676 3584 habuit.
1720 3527 1827 3586 Sed
1871 3547 2022 3586 men-

2138 3527 2384 3582 Ἰωάννου
2413 3528 2722 3598 γεννήσεως
2745 3527 2806 3580 τὸ
2829 3523 2962 3580 αὐτὸ
2984 3523 3052 3598 ἦν
3080 3525 3229 3596 ἡλίου
3259 3542 3318 3578 τε
3355 3525 3450 3578 καὶ
3481 3524 3710 3596 σελήνης

437 3614 517 3669 sis
545 3613 797 3671 diversus
831 3615 971 3682 fuit,
1030 3618 1283 3674 videlicet
1315 3617 1514 3675 Junius
1538 3661 1553 3684 ,
1607 3622 1838 3692 ejusque
1886 3639 2016 3679 χχιν

2124 3617 2259 3684 ἔτος,
2289 3621 2346 3672 ὲν
2369 3611 2414 3687 ᾧ
2435 3619 2654 3688 γέγονεν
2683 3620 2718 3690 ἡ
2743 3617 2836 3672 τοῦ
2864 3619 3115 3690 Σωτῆρος
3139 3617 3418 3688 γέννησις’
3448 3618 3528 3680 εἰς
3547 3615 3576 3669 ὃ
3599 3617 3710 3688 μὴν

435 3705 578 3769 dies.
613 3705 746 3762 feria
791 3722 854 3762 ιι.
905 3709 1108 3780 Annus;
1139 3726 1246 3780 quo
1278 3713 1600 3783 martyrium
1631 3714 1788 3776 obiit,
1827 3729 1890 3769 ac
1921 3713 2018 3771 de-

435 3797 671 3852 collatus
696 3805 801 3864 est,
827 3800 961 3855 solis
990 3816 1172 3856 annus
1210 3800 1312 3856 luit
1348 3819 1484 3868 xvu,
1527 3805 1670 3860 lunae
1707 3820 1780 3867 ιν,
1808 3807 2016 3861 mensis

434 3887 750 3958 Augustus,
785 3890 1014 3962 ejusque
1043 3893 1160 3948 dies
1199 3911 1352 3960 χχιχ,
1385 3893 1519 3950 feria
1549 3911 1634 3950 ιιι.
1671 3895 2018 3968 Colliguntur

435 3982 566 4036 anni
593 3980 797 4038 Christi
822 3983 878 4037 in
899 3998 1064 4040 carne
1088 4001 1298 4051 χχχιιι,
1335 3988 1453 4044 dies
1495 4004 1738 4056 ιχχχιχς
1784 3987 2016 4046 Joannis

434 4084 568 4126 vero
601 4069 858 4142 Baptistae
885 4075 1012 4128 anni
1049 4091 1253 4142 χχχιιι,
1300 4077 1418 4134 dies
1478 4093 1652 4134 vau.
1701 4078 1912 4136 Desunt
1945 4079 2016 4135 ad

434 4163 735 4233 explendos
759 4161 1056 4220 Salvatoris
1088 4165 1206 4224 dies
1237 4183 1376 4224 xm.

2122 3711 2404 3783 προδήλως
2451 3711 2658 3782 ἕτερος,
2702 3711 2920 3775 Ἰούνιος
2967 3710 3066 3776 ὢν,
3113 3711 3208 3764 καὶ
3248 3709 3438 3764 εἰκάδα
3471 3708 3513 3762 δ’
3541 3707 3706 3779 ἔχων.

2119 3803 2302 3875 ἡμέρα
2325 3802 2381 3856 δὲ
2413 3803 2512 3873 τῆς
2543 3803 2832 3875 ἑϐδομάδος
2853 3803 2918 3875 β’.
2941 3802 3111 3858 Πάλιν
3135 3802 3193 3856 δὲ
3217 3801 3278 3856 τὺ
3304 3801 3404 3873 τῆς
3425 3800 3588 3855 αὑτοῦ
3619 3817 3714 3854 τε·

2119 3893 2407 3960 λειώσεως,
2439 3895 2606 3966 ἡγουν
2637 3895 2937 3968 ἀποτομῆς,
2969 3896 3120 3968 ἡλίου
3145 3895 3242 3966 μὲν
3270 3893 3331 3947 τὸ
3358 3892 3446 3960 Ct’,
3476 3893 3711 3964 σελήνης

2121 3985 2180 4040 δὲ
2214 3986 2275 4040 τὸ
2304 3987 2378 4040 δ”
2415 3987 2520 4058 μὴν
2567 3986 2624 4040 δὲ
2657 3986 2989 4056 Αὔγουστος,
3030 3986 3222 4042 εἰκάδα
3262 3987 3306 4040 θ’
3335 3986 3494 4058 ἔχων,
3522 3983 3714 4056 ἡμέρα.

2123 4077 2224 4146 τῆς
2247 4075 2540 4146 ἑϐδομάδος
2567 4083 2638 4146 γ’.
2679 4077 2767 4142 Ὧς
2817 4074 2956 4132 εἶναι
2981 4077 3049 4132 τὰ
3088 4079 3186 4150 μὲν
3229 4077 3370 4131 κατὰ
3399 4077 3578 4146 σάρκα
3609 4072 3706 4128 τοῦ

2121 4169 2373 4240 Σωτῆρος
2423 4168 2518 4240 ἐτη
2564 4169 2667 4237 λγ’,
2701 4170 2914 4242 ἡμέρας
2957 4170 3078 4224 πθ’·
3120 4169 3189 4223 τὰ
3229 4169 3286 4222 δὲ
3319 4167 3566 4222 Ἰωάννου
3607 4165 3712 4223 τοῦ

433 4253 742 4310 Βαπτιστοῦ
772 4255 868 4331 ἔτη
896 4257 997 4328 λγθ,
1035 4261 1248 4332 ἡμέρας
1275 4261 1376 4330 εξ,
1415 4263 1672 4328 ἐλάττους
1709 4264 1792 4336 κβ’
1825 4264 2186 4336 τυγχάνουσαι
2213 4264 2350 4336 πρὸς
2376 4263 2476 4328 τὰς
2507 4263 2602 4318 τοῦ
2633 4265 2884 4336 Σωτῆρος
2920 4264 3156 4339 ἡμέρας.

505 4350 548 4404 Τ
554 4367 588 4406 ιι
620 4367 771 4420 vero,
800 4368 831 4408 a
861 4351 972 4410 Deo
991 4358 1371 4414 conservande
1400 4360 1640 4426 domine,
1667 4361 1864 4415 horum
1895 4376 2014 4415 om-
2045 4367 2090 4420 D

433 4443 586 4498 nium
618 4445 944 4515 compendio
984 4448 1082 4502 tibi
1123 4449 1381 4504 traditam
1416 4451 1624 4526 habens
1681 4452 1967 4507 scientiam
1990 4492 2006 4518 ,

431 4535 816 4607 religiosorum
841 4531 1145 4596 Saivatoris
1172 4541 1348 4597 nostri
1376 4541 1641 4597 festorum
1686 4543 2008 4600 solemnita-

431 4632 519 4682 tcs
565 4627 832 4684 observa:
867 4637 928 4684 ut
974 4642 1235 4702 perpetua
1285 4640 1340 4688 te
1383 4648 1508 4689 cum
1539 4635 1748 4704 angelis
1777 4634 1831 4688 in
1870 4634 2012 4689 ccelo

430 4721 654 4786 chorea,
678 4727 733 4777 et
760 4723 1095 4780 celebritatis
1123 4725 1382 4796 excipiat,
1417 4725 1677 4796 precibus
1727 4735 1783 4782 et
1838 4725 2014 4780 inter-

430 4812 776 4868 cessionibus
808 4813 1218 4884 gloriosissimas
1259 4827 1314 4872 et
1359 4802 1734 4874 immaculata!
1775 4817 2015 4872 dominae

2201 4359 2340 4412 Ἀλλ’
2367 4358 2528 4430 ἔχων,
2559 4359 2893 4430 θεοφύλακτε
2925 4359 3179 4424 δέσποτα,
3201 4359 3406 4412 τούτων
3427 4357 3715 4426 ὲπιτόμως

2116 4448 2524 4520 ὑποδειχθείσαν
2570 4449 2670 4521 τὴν
2714 4451 2939 4521 εἴδησιν,
2987 4451 3214 4521 ἀντέχου
3262 4449 3360 4520 τῆς
3380 4449 3490 4502 τῶν
3543 4447 3711 4520 ἱερῶν

2117 4541 2210 4595 τοῦ
2236 4541 2485 4611 Σωτῆρος
2529 4542 2689 4612 ἡμῶν
2736 4542 2970 4597 τελετῶν
3011 4545 3162 4616 ἱερᾶς
3192 4543 3552 4615 πανηγύρεως
3572 4560 3586 4574 ’
3615 4543 3713 4598 ἵνα

2115 4632 2243 4705 ὲξῆς
2270 4633 2562 4706 άδιαδόχως
2593 4651 2652 4687 σε
2677 4635 3057 4708 διαδεχομένην
3085 4637 3184 4708 τὴν
3213 4638 3272 4690 ἐν
3312 4637 3560 4708 οὐρανοῖς
3583 4639 3702 4707 μετ’

2114 4725 2362 4794 ἀγγέλων
2395 4741 2455 4778 τε
2496 4727 2855 4798 χοροστασίαν
2885 4729 2981 4782 καὶ
3025 4731 3355 4801 πανήγυριν,
3387 4729 3575 4799 εὐχαῖς
3607 4727 3711 4784 καὶ

2116 4817 2436 4890 πρεσϐείαις
2473 4820 2573 4890 τῆς
2618 4821 2940 4888 πανενδόξου
2970 4823 3065 4876 καὶ
3109 4823 3380 4894 ἀχράντου
3415 4821 3711 4891 δεσποίνης

429 4910 633 4956 nostrae
675 4916 741 4958 ac
781 4901 1060 4974 Deiparae,
1103 4920 1428 4978 semperque
1463 4905 1711 4978 Virginis
1741 4906 1926 4962 Mariae
1957 4914 2012 4961 et

2124 4907 2274 4979 ἡμῶν
2307 4908 2569 4962 Θεοτὸκου
2601 4910 2694 4962 καὶ
2722 4910 2808 4962 ἀεὶ
2834 4909 3115 4982 Παρθένου
3149 4910 3386 4982 Μαρίας,
3420 4908 3514 4964 καὶ
3563 4907 3711 4961 πάν-

427 4992 674 5048 omnium
708 5003 1044 5050 sanctorum.
1072 4995 1276 5054 Amen.

2124 5015 2222 5053 των
2259 4999 2369 5052 τῶν
2402 5000 2592 5068 ἁγίων.
2641 5000 2837 5072 Ἀμήν.

1327 5211 1445 5323 s.
1535 5213 2084 5327 MAXIMI.
2149 5212 2800 5328 COMPUTI
2908 5369 2914 5376 .

1592 5411 1884 5522 P'ARS
1955 5431 2540 5524 SECUNDA.

792 5637 1111 5708 Explicatur
1149 5646 1408 5702 secundus
1447 5664 1641 5703 canon.

2365 5650 2681 5724 Ἐξήγησις
2703 5655 2810 5709 τοῦ
2840 5655 3122 5726 δευτέρου
3151 5656 3458 5711 κανονίου.

493 5723 886 5798 183LCum,
919 5739 978 5785 ut
999 5733 1134 5790 ordo
1163 5737 1496 5806 postulabat.
1527 5740 1582 5794 in
1606 5739 1880 5810 superiori
1903 5756 2000 5796 ex-

2179 5745 2258 5798 A'.
2305 5723 2522 5818 Ἐπειδὴ
2565 5723 3032 5819 προεστειλάμεθα
3087 5749 3227 5802 κατὰ
3265 5748 3417 5813 τάξιν
3466 5750 3548 5811 είς
3595 5745 3697 5816 τὴν

417 5819 690 5890 positione
709 5820 1042 5879 declaratum
1071 5825 1254 5894 fuerit,
1283 5829 1484 5900 quibus
1501 5839 1554 5887 et
1569 5839 1701 5902 quot
1727 5831 1785 5888 in
1808 5833 1992 5902 annis,

2124 5833 2208 5908 ἢδη
2240 5837 2538 5909 γενομένην
2565 5838 2826 5912 ἐξήγησιν
2857 5843 2913 5894 ἐν
2944 5841 3052 5894 τίσι
3089 5843 3179 5895 καὶ
3218 5844 3404 5905 πόσοις
3431 5839 3574 5894 (tam
3593 5837 3696 5907 τῆς
