  <div class='ocr_page' id='page_1' title='image "/cluster/home/n/w/nwhite01/storage/ocr_20150623/19:no.1/coo.31924054872993/649.png"; bbox 0 0 4106 6426; ppageno 0'>
   <div class='ocr_carea' id='block_1_1' title="bbox 482 330 3742 391">
    <p class='ocr_par' dir='ltr' id='par_1_1' title="bbox 482 330 3742 391">
     <span class='ocr_line' id='line_1_1' title="bbox 482 330 3742 391; baseline -0.001 -1"><span class='ocrx_word' id='word_1_1' title='bbox 482 335 614 390; x_wconf 64' lang='lat'><strong>12.35</strong></span> <span class='ocrx_word' id='word_1_2' title='bbox 1498 333 1584 388; x_wconf 80' lang='lat' dir='ltr'><strong>AD</strong></span> <span class='ocrx_word' id='word_1_3' title='bbox 1623 333 1895 391; x_wconf 82' lang='lat' dir='ltr'><strong>EUSEBII</strong></span> <span class='ocrx_word' id='word_1_4' title='bbox 1935 330 2332 388; x_wconf 77' lang='lat' dir='ltr'><strong>CHRONICON</strong></span> <span class='ocrx_word' id='word_1_5' title='bbox 2373 332 2734 388; x_wconf 77' lang='lat' dir='ltr'><strong>APPENDIX.</strong></span> <span class='ocrx_word' id='word_1_6' title='bbox 3601 331 3742 388; x_wconf 68' lang='grc'>1256</span> 
     </span>
    </p>
   </div>
   <div class='ocr_carea' id='block_1_2' title="bbox 663 441 3527 502">
    <p class='ocr_par' dir='ltr' id='par_1_2' title="bbox 663 441 3527 502">
     <span class='ocr_line' id='line_1_2' title="bbox 663 441 3527 502; baseline -0.002 -2"><span class='ocrx_word' id='word_1_7' title='bbox 663 452 708 501; x_wconf 76' lang='grc' dir='ltr'><strong>Λ</strong></span> <span class='ocrx_word' id='word_1_8' title='bbox 963 451 1004 502; x_wconf 80' lang='grc' dir='ltr'>Β</span> <span class='ocrx_word' id='word_1_9' title='bbox 1235 449 1276 500; x_wconf 84' lang='grc' dir='ltr'><strong>Γ</strong></span> <span class='ocrx_word' id='word_1_10' title='bbox 1519 451 1558 500; x_wconf 88' lang='grc' dir='ltr'><strong>Δ</strong></span> <span class='ocrx_word' id='word_1_11' title='bbox 1801 447 1840 500; x_wconf 85' lang='grc' dir='ltr'>Ε</span> <span class='ocrx_word' id='word_1_12' title='bbox 2113 459 2120 466; x_wconf 85' lang='lat'><strong>‘</strong></span> <span class='ocrx_word' id='word_1_13' title='bbox 2335 447 2376 498; x_wconf 87' lang='lat' dir='ltr'><strong><em>E</em></strong></span> <span class='ocrx_word' id='word_1_14' title='bbox 2625 449 2664 498; x_wconf 90' lang='grc' dir='ltr'><strong>Δ</strong></span> <span class='ocrx_word' id='word_1_15' title='bbox 2905 444 2944 496; x_wconf 89' lang='grc' dir='ltr'><strong>Γ</strong></span> <span class='ocrx_word' id='word_1_16' title='bbox 3187 443 3228 496; x_wconf 90' lang='grc' dir='ltr'><strong>Β</strong></span> <span class='ocrx_word' id='word_1_17' title='bbox 3487 441 3527 492; x_wconf 80' lang='grc' dir='ltr'><strong>Α</strong></span> 
     </span>
    </p>
   </div>
   <div class='ocr_carea' id='block_1_3' title="bbox 596 531 3596 610">
    <p class='ocr_par' dir='ltr' id='par_1_3' title="bbox 596 531 3596 610">
     <span class='ocr_line' id='line_1_3' title="bbox 596 531 3596 610; baseline -0.002 -20"><span class='ocrx_word' id='word_1_18' title='bbox 596 539 788 607; x_wconf 76' lang='grc' dir='ltr'><strong>Ῥμϐό-</strong></span> <span class='ocrx_word' id='word_1_19' title='bbox 1163 540 1329 610; x_wconf 81' lang='grc' dir='ltr'>Σελή-</span> <span class='ocrx_word' id='word_1_20' title='bbox 1469 540 1606 592; x_wconf 84' lang='grc' dir='ltr'>Ἐπα</span> <span class='ocrx_word' id='word_1_21' title='bbox 1719 540 1914 610; x_wconf 75' lang='grc' dir='ltr'>Περιτ·</span> <span class='ocrx_word' id='word_1_22' title='bbox 2267 537 2442 609; x_wconf 89' lang='grc' dir='ltr'>Προσ-</span> <span class='ocrx_word' id='word_1_23' title='bbox 2587 539 2697 594; x_wconf 87' lang='grc' dir='ltr'><strong>Πο-</strong></span> <span class='ocrx_word' id='word_1_24' title='bbox 2808 535 2994 606; x_wconf 80' lang='grc' dir='ltr'>Μῆνες</span> <span class='ocrx_word' id='word_1_25' title='bbox 3116 535 3282 588; x_wconf 84' lang='grc' dir='ltr'><strong>Ἐπα-</strong></span> <span class='ocrx_word' id='word_1_26' title='bbox 3431 531 3596 603; x_wconf 83' lang='grc' dir='ltr'>Σελὴ-</span> 
     </span>
    </p>
   </div>
   <div class='ocr_carea' id='block_1_4' title="bbox 597 626 3638 702">
    <p class='ocr_par' dir='ltr' id='par_1_4' title="bbox 597 626 3638 702">
     <span class='ocr_line' id='line_1_4' title="bbox 597 626 3638 702; baseline -0 -20"><span class='ocrx_word' id='word_1_27' title='bbox 597 631 766 694; x_wconf 68' lang='grc' dir='ltr'>λιμοι.</span> <span class='ocrx_word' id='word_1_28' title='bbox 1135 649 1228 702; x_wconf 85' lang='grc' dir='ltr'><strong>νης</strong></span> <span class='ocrx_word' id='word_1_29' title='bbox 1263 632 1382 702; x_wconf 76' lang='grc' dir='ltr'>ἐτη.</span> <span class='ocrx_word' id='word_1_30' title='bbox 1459 630 1606 682; x_wconf 80' lang='grc' dir='ltr'>κταῐ.</span> <span class='ocrx_word' id='word_1_31' title='bbox 1752 629 1871 684; x_wconf 82' lang='grc' dir='ltr'>ταί.</span> <span class='ocrx_word' id='word_1_32' title='bbox 2264 629 2436 685; x_wconf 81' lang='grc' dir='ltr'>θεταί.</span> <span class='ocrx_word' id='word_1_33' title='bbox 2527 633 2732 684; x_wconf 88' lang='grc' dir='ltr'>σταίαι.</span> <span class='ocrx_word' id='word_1_34' title='bbox 2821 630 2954 682; x_wconf 89' lang='grc' dir='ltr'><strong>Ῥω-</strong></span> <span class='ocrx_word' id='word_1_35' title='bbox 3133 626 3284 684; x_wconf 81' lang='grc' dir='ltr'><strong>κταί.</strong></span> <span class='ocrx_word' id='word_1_36' title='bbox 3396 643 3494 698; x_wconf 86' lang='grc' dir='ltr'><strong>νης</strong></span> <span class='ocrx_word' id='word_1_37' title='bbox 3520 627 3638 698; x_wconf 76' lang='grc' dir='ltr'>ἐτη.</span> 
     </span>
    </p>
   </div>
   <div class='ocr_carea' id='block_1_5' title="bbox 2801 718 2996 788">
    <p class='ocr_par' dir='ltr' id='par_1_5' title="bbox 2801 718 2996 788">
     <span class='ocr_line' id='line_1_5' title="bbox 2801 718 2996 788; baseline 0.01 -16"><span class='ocrx_word' id='word_1_38' title='bbox 2801 718 2996 788; x_wconf 83' lang='grc' dir='ltr'><strong>μαίων.</strong></span> 
     </span>
    </p>
   </div>
   <div class='ocr_carea' id='block_1_6' title="bbox 949 829 2058 900">
    <p class='ocr_par' dir='ltr' id='par_1_6' title="bbox 949 830 1864 884">
     <span class='ocr_line' id='line_1_6' title="bbox 949 830 1864 884; baseline -0.003 0"><span class='ocrx_word' id='word_1_39' title='bbox 949 835 988 884; x_wconf 92' lang='grc' dir='ltr'>Δ</span> <span class='ocrx_word' id='word_1_40' title='bbox 1237 833 1283 882; x_wconf 77' lang='grc' dir='ltr'><strong>Α</strong></span> <span class='ocrx_word' id='word_1_41' title='bbox 1513 832 1579 882; x_wconf 87' lang='lat' dir='ltr'><strong>lB</strong></span> <span class='ocrx_word' id='word_1_42' title='bbox 1791 830 1864 882; x_wconf 79' lang='lat' dir='ltr'><strong>1A.</strong></span> 
     </span>
    </p>
   </div>
   <div class='ocr_carea' id='block_1_7' title="bbox 2155 829 3532 900">
    <p class='ocr_par' dir='ltr' id='par_1_7' title="bbox 2617 829 3532 900">
     <span class='ocr_line' id='line_1_7' title="bbox 2617 829 3532 900; baseline 0 -18"><span class='ocrx_word' id='word_1_43' title='bbox 2617 829 2661 882; x_wconf 79' lang='grc' dir='ltr'>Β</span> <span class='ocrx_word' id='word_1_44' title='bbox 2824 829 3036 900; x_wconf 83' lang='grc' dir='ltr'>’Δπρίλ.</span> <span class='ocrx_word' id='word_1_45' title='bbox 3204 829 3269 882; x_wconf 84' lang='lat' dir='ltr'>1B</span> <span class='ocrx_word' id='word_1_46' title='bbox 3493 829 3532 882; x_wconf 78' lang='grc' dir='ltr'><strong>Δ</strong></span> 
     </span>
    </p>
   </div>
   <div class='ocr_carea' id='block_1_8' title="bbox 955 921 3532 994">
    <p class='ocr_par' dir='ltr' id='par_1_8' title="bbox 955 921 3532 994">
     <span class='ocr_line' id='line_1_8' title="bbox 955 921 3532 994; baseline -0.001 -18"><span class='ocrx_word' id='word_1_47' title='bbox 955 924 996 976; x_wconf 84' lang='grc' dir='ltr'><strong>Ε</strong></span> <span class='ocrx_word' id='word_1_48' title='bbox 1245 923 1288 974; x_wconf 86' lang='grc' dir='ltr'><strong>Β</strong></span> <span class='ocrx_word' id='word_1_49' title='bbox 1500 923 1594 976; x_wconf 83' lang='grc' dir='ltr'><strong>ΚΓ</strong></span> <span class='ocrx_word' id='word_1_50' title='bbox 1791 923 1854 974; x_wconf 83' lang='grc' dir='ltr'><strong>ΙΔ</strong></span> <span class='ocrx_word' id='word_1_51' title='bbox 2327 923 2370 977; x_wconf 94' lang='grc' dir='ltr'><strong>Δ</strong></span> <span class='ocrx_word' id='word_1_52' title='bbox 2595 924 2691 976; x_wconf 83' lang='grc' dir='ltr'><strong>ΚΒ</strong></span> <span class='ocrx_word' id='word_1_53' title='bbox 2821 923 3005 994; x_wconf 86' lang='grc' dir='ltr'>Μάρτ.</span> <span class='ocrx_word' id='word_1_54' title='bbox 3191 921 3284 974; x_wconf 81' lang='grc' dir='ltr'><strong>ΚΓ</strong></span> <span class='ocrx_word' id='word_1_55' title='bbox 3491 922 3532 974; x_wconf 85' lang='lat' dir='ltr'><strong>E</strong></span> 
     </span>
    </p>
   </div>
   <div class='ocr_carea' id='block_1_9' title="bbox 575 1009 2058 1081">
    <p class='ocr_par' dir='ltr' id='par_1_9' title="bbox 575 1009 1858 1080">
     <span class='ocr_line' id='line_1_9' title="bbox 575 1009 1858 1080; baseline 0.002 -18"><span class='ocrx_word' id='word_1_56' title='bbox 575 1009 790 1080; x_wconf 73' lang='grc' dir='ltr'><strong>Ἐμϐόλ.</strong></span> <span class='ocrx_word' id='word_1_57' title='bbox 939 1013 996 1078; x_wconf 76' lang='lat' dir='ltr'><strong>q</strong></span> <span class='ocrx_word' id='word_1_58' title='bbox 1243 1011 1286 1062; x_wconf 84' lang='grc' dir='ltr'><strong>Γ</strong></span> <span class='ocrx_word' id='word_1_59' title='bbox 1521 1014 1560 1062; x_wconf 79' lang='grc' dir='ltr'><strong>Δ</strong></span> <span class='ocrx_word' id='word_1_60' title='bbox 1792 1013 1858 1064; x_wconf 79' lang='grc' dir='ltr'>ιΔ</span> 
     </span>
    </p>
   </div>
   <div class='ocr_carea' id='block_1_10' title="bbox 2155 1009 3538 1081">
    <p class='ocr_par' dir='ltr' id='par_1_10' title="bbox 2614 1011 3538 1081">
     <span class='ocr_line' id='line_1_10' title="bbox 2614 1011 3538 1081; baseline -0.005 -16"><span class='ocrx_word' id='word_1_61' title='bbox 2614 1013 2636 1065; x_wconf 90' lang='grc' dir='ltr'><strong>Ι</strong></span> <span class='ocrx_word' id='word_1_62' title='bbox 2829 1011 3038 1081; x_wconf 80' lang='grc' dir='ltr'><strong>Ἀπρίλ.</strong></span> <span class='ocrx_word' id='word_1_63' title='bbox 3205 1013 3243 1061; x_wconf 92' lang='grc' dir='ltr'>Δ</span> <span class='ocrx_word' id='word_1_64' title='bbox 3481 1012 3538 1078; x_wconf 74' lang='grc' dir='ltr'>ς</span> 
     </span>
    </p>
   </div>
   <div class='ocr_carea' id='block_1_11' title="bbox 945 1101 2058 1174">
    <p class='ocr_par' dir='ltr' id='par_1_11' title="bbox 945 1101 1852 1153">
     <span class='ocr_line' id='line_1_11' title="bbox 945 1101 1852 1153; baseline 0 -1"><span class='ocrx_word' id='word_1_65' title='bbox 945 1101 982 1152; x_wconf 88' lang='grc' dir='ltr'><strong>Ζ</strong></span> <span class='ocrx_word' id='word_1_66' title='bbox 1238 1101 1280 1153; x_wconf 95' lang='grc' dir='ltr'><strong>Δ</strong></span> <span class='ocrx_word' id='word_1_67' title='bbox 1513 1101 1577 1152; x_wconf 83' lang='lat' dir='ltr'><strong>lE</strong></span> <span class='ocrx_word' id='word_1_68' title='bbox 1787 1103 1852 1152; x_wconf 79' lang='grc' dir='ltr'>ιΔ</span> 
     </span>
    </p>
   </div>
   <div class='ocr_carea' id='block_1_12' title="bbox 2155 1101 3536 1174">
    <p class='ocr_par' dir='ltr' id='par_1_12' title="bbox 2321 1103 3536 1174">
     <span class='ocr_line' id='line_1_12' title="bbox 2321 1103 3536 1174; baseline 0 -16"><span class='ocrx_word' id='word_1_69' title='bbox 2321 1103 2368 1158; x_wconf 94' lang='grc' dir='ltr'><strong>Δ</strong></span> <span class='ocrx_word' id='word_1_70' title='bbox 2602 1106 2649 1159; x_wconf 86' lang='grc' dir='ltr'><strong>Λ</strong></span> <span class='ocrx_word' id='word_1_71' title='bbox 2825 1104 3006 1174; x_wconf 86' lang='grc' dir='ltr'>Μάρτ.</span> <span class='ocrx_word' id='word_1_72' title='bbox 3207 1103 3272 1154; x_wconf 89' lang='lat' dir='ltr'><strong>lE</strong></span> <span class='ocrx_word' id='word_1_73' title='bbox 3496 1105 3536 1158; x_wconf 94' lang='grc' dir='ltr'>Ζ</span> 
     </span>
    </p>
   </div>
   <div class='ocr_carea' id='block_1_13' title="bbox 576 1191 2058 1266">
    <p class='ocr_par' dir='ltr' id='par_1_13' title="bbox 576 1191 1862 1262">
     <span class='ocr_line' id='line_1_13' title="bbox 576 1191 1862 1262; baseline 0.002 -20"><span class='ocrx_word' id='word_1_74' title='bbox 576 1191 786 1262; x_wconf 54' lang='lat' dir='ltr'><strong>mea.</strong></span> <span class='ocrx_word' id='word_1_75' title='bbox 939 1191 988 1244; x_wconf 92' lang='lat'><strong>11</strong></span> <span class='ocrx_word' id='word_1_76' title='bbox 1227 1191 1269 1244; x_wconf 78' lang='grc' dir='ltr'><strong>Ε</strong></span> <span class='ocrx_word' id='word_1_77' title='bbox 1488 1193 1599 1258; x_wconf 77' lang='lat' dir='ltr'><strong>Kc:</strong></span> <span class='ocrx_word' id='word_1_78' title='bbox 1797 1193 1862 1244; x_wconf 84' lang='lat' dir='ltr'><strong>1E</strong></span> 
     </span>
    </p>
   </div>
   <div class='ocr_carea' id='block_1_14' title="bbox 2155 1191 3538 1266">
    <p class='ocr_par' dir='ltr' id='par_1_14' title="bbox 2587 1195 3538 1266">
     <span class='ocr_line' id='line_1_14' title="bbox 2587 1195 3538 1266; baseline -0.001 -16"><span class='ocrx_word' id='word_1_79' title='bbox 2587 1197 2660 1250; x_wconf 85' lang='lat'><strong>111</strong></span> <span class='ocrx_word' id='word_1_80' title='bbox 2833 1195 3040 1266; x_wconf 79' lang='grc' dir='ltr'>Ἀπρίλ.</span> <span class='ocrx_word' id='word_1_81' title='bbox 3187 1195 3296 1262; x_wconf 72' lang='lat' dir='ltr'><strong>Kc.-</strong></span> <span class='ocrx_word' id='word_1_82' title='bbox 3491 1197 3538 1249; x_wconf 86' lang='grc' dir='ltr'><strong>ιι</strong></span> 
     </span>
    </p>
   </div>
   <div class='ocr_carea' id='block_1_15' title="bbox 940 1273 2058 1357">
    <p class='ocr_par' dir='ltr' id='par_1_15' title="bbox 940 1283 1861 1352">
     <span class='ocr_line' id='line_1_15' title="bbox 940 1283 1861 1352; baseline 0 -16"><span class='ocrx_word' id='word_1_83' title='bbox 940 1283 984 1336; x_wconf 80' lang='grc' dir='ltr'>θ</span> <span class='ocrx_word' id='word_1_84' title='bbox 1231 1285 1290 1352; x_wconf 82' lang='lat' dir='ltr'><strong>q</strong></span> <span class='ocrx_word' id='word_1_85' title='bbox 1529 1285 1570 1336; x_wconf 91' lang='lat' dir='ltr'><strong>z</strong></span> <span class='ocrx_word' id='word_1_86' title='bbox 1795 1283 1861 1336; x_wconf 84' lang='lat' dir='ltr'>1E</span> 
     </span>
    </p>
   </div>
   <div class='ocr_carea' id='block_1_16' title="bbox 2155 1273 3536 1357">
    <p class='ocr_par' dir='ltr' id='par_1_16' title="bbox 2611 1273 3536 1357">
     <span class='ocr_line' id='line_1_16' title="bbox 2611 1273 3536 1357; baseline -0.003 -17"><span class='ocrx_word' id='word_1_87' title='bbox 2611 1289 2646 1340; x_wconf 95' lang='lat' dir='ltr'><strong>z</strong></span> <span class='ocrx_word' id='word_1_88' title='bbox 2839 1273 3056 1357; x_wconf 81' lang='grc' dir='ltr'>Ἀπρίλ.</span> <span class='ocrx_word' id='word_1_89' title='bbox 3219 1287 3256 1337; x_wconf 83' lang='grc' dir='ltr'><strong>Ζ</strong></span> <span class='ocrx_word' id='word_1_90' title='bbox 3493 1285 3536 1338; x_wconf 81' lang='grc' dir='ltr'>θ</span> 
     </span>
    </p>
   </div>
   <div class='ocr_carea' id='block_1_17' title="bbox 947 1373 3526 1446">
    <p class='ocr_par' dir='ltr' id='par_1_17' title="bbox 947 1373 3526 1446">
     <span class='ocr_line' id='line_1_17' title="bbox 947 1373 3526 1446; baseline 0 -18"><span class='ocrx_word' id='word_1_91' title='bbox 947 1376 967 1428; x_wconf 81' lang='grc' dir='ltr'><strong>Ι</strong></span> <span class='ocrx_word' id='word_1_92' title='bbox 1227 1375 1268 1428; x_wconf 90' lang='grc' dir='ltr'><strong>Ζ</strong></span> <span class='ocrx_word' id='word_1_93' title='bbox 1501 1376 1576 1428; x_wconf 82' lang='grc' dir='ltr'><strong>ΙΗ</strong></span> <span class='ocrx_word' id='word_1_94' title='bbox 1791 1373 1858 1428; x_wconf 86' lang='grc' dir='ltr'><strong>ΙΕ</strong></span> <span class='ocrx_word' id='word_1_95' title='bbox 2323 1381 2365 1435; x_wconf 94' lang='grc' dir='ltr'><strong>Δ</strong></span> <span class='ocrx_word' id='word_1_96' title='bbox 2580 1379 2669 1432; x_wconf 80' lang='grc' dir='ltr'><strong>ΚΖ</strong></span> <span class='ocrx_word' id='word_1_97' title='bbox 2837 1377 3020 1446; x_wconf 80' lang='grc' dir='ltr'>Μάρτ.</span> <span class='ocrx_word' id='word_1_98' title='bbox 3202 1377 3274 1428; x_wconf 73' lang='lat' dir='ltr'><strong>lli</strong></span> <span class='ocrx_word' id='word_1_99' title='bbox 3507 1378 3526 1429; x_wconf 93' lang='grc' dir='ltr'><strong>ι</strong></span> 
     </span>
    </p>
   </div>
   <div class='ocr_carea' id='block_1_18' title="bbox 578 1463 3548 1539">
    <p class='ocr_par' dir='ltr' id='par_1_18' title="bbox 578 1463 3548 1539">
     <span class='ocr_line' id='line_1_18' title="bbox 578 1463 3548 1539; baseline 0 -19"><span class='ocrx_word' id='word_1_100' title='bbox 578 1465 792 1537; x_wconf 74' lang='grc' dir='ltr'><strong>Ἐμὸόλ.</strong></span> <span class='ocrx_word' id='word_1_101' title='bbox 937 1467 1006 1520; x_wconf 71' lang='grc' dir='ltr'><strong>ΙᾹ</strong></span> <span class='ocrx_word' id='word_1_102' title='bbox 1223 1465 1272 1520; x_wconf 80' lang='grc' dir='ltr'><strong><em>Η</em></strong></span> <span class='ocrx_word' id='word_1_103' title='bbox 1488 1465 1583 1518; x_wconf 79' lang='grc' dir='ltr'>ΚΘ</span> <span class='ocrx_word' id='word_1_104' title='bbox 1787 1463 1856 1518; x_wconf 79' lang='grc' dir='ltr'><strong>ΙΕ</strong></span> <span class='ocrx_word' id='word_1_105' title='bbox 2599 1471 2664 1522; x_wconf 83' lang='grc' dir='ltr'><strong>ΙΕ</strong></span> <span class='ocrx_word' id='word_1_106' title='bbox 2839 1468 3050 1539; x_wconf 79' lang='grc' dir='ltr'>Ἀπρίλ.</span> <span class='ocrx_word' id='word_1_107' title='bbox 3185 1467 3278 1520; x_wconf 84' lang='grc' dir='ltr'><strong>ΚΘ</strong></span> <span class='ocrx_word' id='word_1_108' title='bbox 3479 1470 3548 1520; x_wconf 73' lang='grc' dir='ltr'><strong>ΙᾹ</strong></span> 
     </span>
    </p>
   </div>
   <div class='ocr_carea' id='block_1_19' title="bbox 931 1559 3552 1632">
    <p class='ocr_par' dir='ltr' id='par_1_19' title="bbox 931 1559 3552 1632">
     <span class='ocr_line' id='line_1_19' title="bbox 931 1559 3552 1632; baseline -0.001 -19"><span class='ocrx_word' id='word_1_109' title='bbox 931 1561 996 1613; x_wconf 80' lang='grc' dir='ltr'>ιΒ</span> <span class='ocrx_word' id='word_1_110' title='bbox 1215 1561 1260 1613; x_wconf 79' lang='grc' dir='ltr'>θ</span> <span class='ocrx_word' id='word_1_111' title='bbox 1513 1563 1534 1612; x_wconf 96' lang='grc' dir='ltr'><strong>ι</strong></span> <span class='ocrx_word' id='word_1_112' title='bbox 1783 1559 1850 1612; x_wconf 84' lang='lat' dir='ltr'>1E</span> <span class='ocrx_word' id='word_1_113' title='bbox 2605 1571 2644 1614; x_wconf 71' lang='grc' dir='ltr'>Δ</span> <span class='ocrx_word' id='word_1_114' title='bbox 2835 1561 3048 1632; x_wconf 79' lang='grc' dir='ltr'><strong>’Δπρίλ.</strong></span> <span class='ocrx_word' id='word_1_115' title='bbox 3223 1561 3242 1612; x_wconf 94' lang='grc' dir='ltr'><strong>ι</strong></span> <span class='ocrx_word' id='word_1_116' title='bbox 3490 1560 3552 1612; x_wconf 91' lang='lat' dir='ltr'><strong>lB</strong></span> 
     </span>
    </p>
   </div>
   <div class='ocr_carea' id='block_1_20' title="bbox 933 1650 2058 1726">
    <p class='ocr_par' dir='ltr' id='par_1_20' title="bbox 933 1650 1856 1704">
     <span class='ocr_line' id='line_1_20' title="bbox 933 1650 1856 1704; baseline -0.002 0"><span class='ocrx_word' id='word_1_117' title='bbox 933 1651 1000 1704; x_wconf 81' lang='lat' dir='ltr'><strong>ll‘</strong></span> <span class='ocrx_word' id='word_1_118' title='bbox 1241 1651 1260 1702; x_wconf 86' lang='lat' dir='ltr'><strong>l</strong></span> <span class='ocrx_word' id='word_1_119' title='bbox 1475 1652 1573 1702; x_wconf 81' lang='grc' dir='ltr'><strong>ΚΑ</strong></span> <span class='ocrx_word' id='word_1_120' title='bbox 1791 1650 1856 1702; x_wconf 86' lang='grc' dir='ltr'><strong>ΙΕ</strong></span> 
     </span>
    </p>
   </div>
   <div class='ocr_carea' id='block_1_21' title="bbox 2155 1650 3550 1726">
    <p class='ocr_par' dir='ltr' id='par_1_21' title="bbox 2323 1651 3550 1726">
     <span class='ocr_line' id='line_1_21' title="bbox 2323 1651 3550 1726; baseline -0.003 -18"><span class='ocrx_word' id='word_1_121' title='bbox 2323 1659 2362 1708; x_wconf 77' lang='grc' dir='ltr'>Δ</span> <span class='ocrx_word' id='word_1_122' title='bbox 2574 1657 2670 1708; x_wconf 80' lang='grc' dir='ltr'><strong>ΚΑ</strong></span> <span class='ocrx_word' id='word_1_123' title='bbox 2838 1654 3020 1726; x_wconf 78' lang='grc' dir='ltr'>Μάρτ.</span> <span class='ocrx_word' id='word_1_124' title='bbox 3181 1655 3278 1708; x_wconf 66' lang='grc' dir='ltr'><strong>ιςΑ</strong></span> <span class='ocrx_word' id='word_1_125' title='bbox 3487 1651 3550 1704; x_wconf 79' lang='lat'>11‘</span> 
     </span>
    </p>
   </div>
   <div class='ocr_carea' id='block_1_22' title="bbox 577 1728 3550 1814">
    <p class='ocr_par' dir='ltr' id='par_1_22' title="bbox 577 1728 3550 1814">
     <span class='ocr_line' id='line_1_22' title="bbox 577 1728 3550 1814; baseline 0 -19"><span class='ocrx_word' id='word_1_126' title='bbox 577 1742 790 1814; x_wconf 77' lang='grc' dir='ltr'>Ἐμϐόλ.</span> <span class='ocrx_word' id='word_1_127' title='bbox 927 1745 990 1796; x_wconf 63' lang='grc' dir='ltr'>ιι</span> <span class='ocrx_word' id='word_1_128' title='bbox 1203 1745 1272 1796; x_wconf 77' lang='grc' dir='ltr'>ιΑ</span> <span class='ocrx_word' id='word_1_129' title='bbox 1505 1742 1546 1793; x_wconf 83' lang='grc' dir='ltr'>Β</span> <span class='ocrx_word' id='word_1_130' title='bbox 1789 1741 1854 1794; x_wconf 74' lang='grc' dir='ltr'>ιε</span> <span class='ocrx_word' id='word_1_131' title='bbox 2603 1745 2667 1796; x_wconf 76' lang='grc' dir='ltr'><strong>ιιι</strong></span> <span class='ocrx_word' id='word_1_132' title='bbox 2846 1728 3062 1814; x_wconf 79' lang='grc' dir='ltr'>Ἀπρίλ.</span> <span class='ocrx_word' id='word_1_133' title='bbox 3208 1745 3249 1795; x_wconf 89' lang='lat' dir='ltr'><strong>B</strong></span> <span class='ocrx_word' id='word_1_134' title='bbox 3491 1745 3550 1795; x_wconf 73' lang='grc' dir='ltr'>ιΔ</span> 
     </span>
    </p>
   </div>
   <div class='ocr_carea' id='block_1_23' title="bbox 929 1833 2058 1906">
    <p class='ocr_par' dir='ltr' id='par_1_23' title="bbox 929 1833 1854 1888">
     <span class='ocr_line' id='line_1_23' title="bbox 929 1833 1854 1888; baseline -0.002 0"><span class='ocrx_word' id='word_1_135' title='bbox 929 1837 993 1888; x_wconf 82' lang='grc' dir='ltr'><strong>ΙΕ</strong></span> <span class='ocrx_word' id='word_1_136' title='bbox 1193 1835 1262 1886; x_wconf 86' lang='lat' dir='ltr'><strong>1B</strong></span> <span class='ocrx_word' id='word_1_137' title='bbox 1489 1835 1554 1887; x_wconf 82' lang='lat' dir='ltr'><strong>IA</strong></span> <span class='ocrx_word' id='word_1_138' title='bbox 1785 1833 1854 1887; x_wconf 76' lang='lat' dir='ltr'><strong>1E</strong></span> 
     </span>
    </p>
   </div>
   <div class='ocr_carea' id='block_1_24' title="bbox 2155 1833 3552 1906">
    <p class='ocr_par' dir='ltr' id='par_1_24' title="bbox 2617 1835 3552 1906">
     <span class='ocr_line' id='line_1_24' title="bbox 2617 1835 3552 1906; baseline -0.001 -16"><span class='ocrx_word' id='word_1_139' title='bbox 2617 1839 2664 1890; x_wconf 85' lang='lat' dir='ltr'><strong>A</strong></span> <span class='ocrx_word' id='word_1_140' title='bbox 2846 1835 3060 1906; x_wconf 70' lang='grc' dir='ltr'>Ἀπριλ.</span> <span class='ocrx_word' id='word_1_141' title='bbox 3197 1837 3262 1888; x_wconf 80' lang='lat'>11‘</span> <span class='ocrx_word' id='word_1_142' title='bbox 3487 1835 3552 1889; x_wconf 86' lang='lat' dir='ltr'>1E</span> 
     </span>
    </p>
   </div>
   <div class='ocr_carea' id='block_1_25' title="bbox 927 1927 2058 2002">
    <p class='ocr_par' dir='ltr' id='par_1_25' title="bbox 927 1927 1852 1996">
     <span class='ocr_line' id='line_1_25' title="bbox 927 1927 1852 1996; baseline -0.001 -15"><span class='ocrx_word' id='word_1_143' title='bbox 927 1931 1008 1996; x_wconf 67' lang='grc' dir='ltr'>ις</span> <span class='ocrx_word' id='word_1_144' title='bbox 1191 1929 1257 1980; x_wconf 86' lang='lat' dir='ltr'><strong>1r</strong></span> <span class='ocrx_word' id='word_1_145' title='bbox 1471 1928 1569 1982; x_wconf 80' lang='grc' dir='ltr'><strong>ΚΕ</strong></span> <span class='ocrx_word' id='word_1_146' title='bbox 1783 1927 1852 1980; x_wconf 81' lang='lat' dir='ltr'>1E</span> 
     </span>
    </p>
   </div>
   <div class='ocr_carea' id='block_1_26' title="bbox 2155 1927 3554 2002">
    <p class='ocr_par' dir='ltr' id='par_1_26' title="bbox 2333 1931 3554 2002">
     <span class='ocr_line' id='line_1_26' title="bbox 2333 1931 3554 2002; baseline -0.005 -15"><span class='ocrx_word' id='word_1_147' title='bbox 2333 1933 2376 1987; x_wconf 83' lang='lat' dir='ltr'><strong>A</strong></span> <span class='ocrx_word' id='word_1_148' title='bbox 2587 1931 2684 1984; x_wconf 82' lang='lat' dir='ltr'><strong>KA</strong></span> <span class='ocrx_word' id='word_1_149' title='bbox 2831 1931 3012 2002; x_wconf 78' lang='grc' dir='ltr'>Μάρτ.</span> <span class='ocrx_word' id='word_1_150' title='bbox 3179 1931 3269 1982; x_wconf 80' lang='grc' dir='ltr'><strong>ΚΔ</strong></span> <span class='ocrx_word' id='word_1_151' title='bbox 3471 1931 3554 1998; x_wconf 73' lang='lat' dir='ltr'><strong>1r;</strong></span> 
     </span>
    </p>
   </div>
   <div class='ocr_carea' id='block_1_27' title="bbox 571 2019 3552 2094">
    <p class='ocr_par' dir='ltr' id='par_1_27' title="bbox 571 2019 3552 2094">
     <span class='ocr_line' id='line_1_27' title="bbox 571 2019 3552 2094; baseline 0 -20"><span class='ocrx_word' id='word_1_152' title='bbox 571 2019 784 2092; x_wconf 80' lang='grc' dir='ltr'><strong>Ἐμϐόλ.</strong></span> <span class='ocrx_word' id='word_1_153' title='bbox 918 2022 982 2074; x_wconf 85' lang='lat' dir='ltr'>1z</span> <span class='ocrx_word' id='word_1_154' title='bbox 1182 2021 1246 2072; x_wconf 81' lang='lat' dir='ltr'><strong>IA</strong></span> <span class='ocrx_word' id='word_1_155' title='bbox 1481 2021 1542 2087; x_wconf 73' lang='grc' dir='ltr'>ς</span> <span class='ocrx_word' id='word_1_156' title='bbox 1786 2019 1854 2074; x_wconf 72' lang='grc' dir='ltr'><strong>ιιι</strong></span> <span class='ocrx_word' id='word_1_157' title='bbox 2609 2025 2650 2078; x_wconf 81' lang='grc' dir='ltr'><strong>Ε</strong></span> <span class='ocrx_word' id='word_1_158' title='bbox 2829 2021 3041 2094; x_wconf 81' lang='grc' dir='ltr'>Ἀπρίλ.</span> <span class='ocrx_word' id='word_1_159' title='bbox 3199 2023 3239 2074; x_wconf 80' lang='grc' dir='ltr'><strong>Ε</strong></span> <span class='ocrx_word' id='word_1_160' title='bbox 3489 2024 3552 2075; x_wconf 91' lang='lat' dir='ltr'>1z</span> 
     </span>
    </p>
   </div>
   <div class='ocr_carea' id='block_1_28' title="bbox 923 2112 2058 2183">
    <p class='ocr_par' dir='ltr' id='par_1_28' title="bbox 923 2112 1850 2166">
     <span class='ocr_line' id='line_1_28' title="bbox 923 2112 1850 2166; baseline -0.001 0"><span class='ocrx_word' id='word_1_161' title='bbox 923 2114 996 2166; x_wconf 82' lang='lat' dir='ltr'><strong>1H</strong></span> <span class='ocrx_word' id='word_1_162' title='bbox 1187 2112 1256 2166; x_wconf 80' lang='lat' dir='ltr'><strong>IE</strong></span> <span class='ocrx_word' id='word_1_163' title='bbox 1489 2113 1554 2164; x_wconf 91' lang='lat' dir='ltr'><strong>lZ</strong></span> <span class='ocrx_word' id='word_1_164' title='bbox 1781 2112 1850 2166; x_wconf 87' lang='lat' dir='ltr'><strong>1E</strong></span> 
     </span>
    </p>
   </div>
   <div class='ocr_carea' id='block_1_29' title="bbox 2155 2112 3566 2183">
    <p class='ocr_par' dir='ltr' id='par_1_29' title="bbox 2329 2112 3566 2183">
     <span class='ocr_line' id='line_1_29' title="bbox 2329 2112 3566 2183; baseline -0.004 -13"><span class='ocrx_word' id='word_1_165' title='bbox 2329 2117 2372 2170; x_wconf 93' lang='grc' dir='ltr'><strong>Δ</strong></span> <span class='ocrx_word' id='word_1_166' title='bbox 2581 2113 2677 2167; x_wconf 81' lang='grc' dir='ltr'><strong>ΚΘ</strong></span> <span class='ocrx_word' id='word_1_167' title='bbox 2823 2113 3006 2183; x_wconf 85' lang='grc' dir='ltr'>Μάρτ.</span> <span class='ocrx_word' id='word_1_168' title='bbox 3189 2113 3272 2180; x_wconf 70' lang='grc' dir='ltr'>ις</span> <span class='ocrx_word' id='word_1_169' title='bbox 3495 2112 3566 2166; x_wconf 85' lang='lat' dir='ltr'><strong>1H</strong></span> 
     </span>
    </p>
   </div>
   <div class='ocr_carea' id='block_1_30' title="bbox 569 2200 2058 2275">
    <p class='ocr_par' dir='ltr' id='par_1_30' title="bbox 569 2200 1850 2275">
     <span class='ocr_line' id='line_1_30' title="bbox 569 2200 1850 2275; baseline -0.001 -20"><span class='ocrx_word' id='word_1_170' title='bbox 569 2203 784 2275; x_wconf 78' lang='grc' dir='ltr'><strong>Ἐμϐόλ.</strong></span> <span class='ocrx_word' id='word_1_171' title='bbox 923 2203 990 2256; x_wconf 79' lang='grc' dir='ltr'>ιθ</span> <span class='ocrx_word' id='word_1_172' title='bbox 1180 2205 1264 2272; x_wconf 75' lang='grc' dir='ltr'><strong>ις</strong></span> <span class='ocrx_word' id='word_1_173' title='bbox 1454 2203 1556 2256; x_wconf 83' lang='lat' dir='ltr'>K11</span> <span class='ocrx_word' id='word_1_174' title='bbox 1767 2200 1850 2270; x_wconf 73' lang='lat' dir='ltr'><strong>1c,-</strong></span> 
     </span>
    </p>
   </div>
   <div class='ocr_carea' id='block_1_31' title="bbox 2155 2200 3554 2275">
    <p class='ocr_par' dir='ltr' id='par_1_31' title="bbox 2599 2202 3554 2272">
     <span class='ocr_line' id='line_1_31' title="bbox 2599 2202 3554 2272; baseline -0.002 -15"><span class='ocrx_word' id='word_1_175' title='bbox 2599 2205 2660 2258; x_wconf 89' lang='lat' dir='ltr'><strong>lZ</strong></span> <span class='ocrx_word' id='word_1_176' title='bbox 2831 2202 3042 2272; x_wconf 79' lang='grc' dir='ltr'>Ἀπρίλ.</span> <span class='ocrx_word' id='word_1_177' title='bbox 3197 2203 3256 2254; x_wconf 87' lang='lat' dir='ltr'>1z</span> <span class='ocrx_word' id='word_1_178' title='bbox 3491 2203 3554 2255; x_wconf 83' lang='lat' dir='ltr'><strong>I8</strong></span> 
     </span>
    </p>
   </div>
   <div class='ocr_carea' id='block_1_32' title="bbox 937 2295 2058 2368">
    <p class='ocr_par' dir='ltr' id='par_1_32' title="bbox 937 2295 1852 2350">
     <span class='ocr_line' id='line_1_32' title="bbox 937 2295 1852 2350; baseline 0 -2"><span class='ocrx_word' id='word_1_179' title='bbox 937 2295 983 2348; x_wconf 79' lang='grc' dir='ltr'><strong>Α</strong></span> <span class='ocrx_word' id='word_1_180' title='bbox 1181 2296 1246 2350; x_wconf 87' lang='lat' dir='ltr'><strong>IZ</strong></span> <span class='ocrx_word' id='word_1_181' title='bbox 1485 2295 1528 2348; x_wconf 90' lang='grc' dir='ltr'>Θ</span> <span class='ocrx_word' id='word_1_182' title='bbox 1783 2295 1852 2348; x_wconf 83' lang='grc' dir='ltr'><strong>ΙΕ</strong></span> 
     </span>
    </p>
   </div>
   <div class='ocr_carea' id='block_1_33' title="bbox 2155 2295 3550 2368">
    <p class='ocr_par' dir='ltr' id='par_1_33' title="bbox 2585 2296 3550 2368">
     <span class='ocr_line' id='line_1_33' title="bbox 2585 2296 3550 2368; baseline 0 -18"><span class='ocrx_word' id='word_1_183' title='bbox 2585 2300 2642 2365; x_wconf 76' lang='lat' dir='ltr'><strong>q</strong></span> <span class='ocrx_word' id='word_1_184' title='bbox 2840 2296 3054 2368; x_wconf 69' lang='lat' dir='ltr'><strong>&#39;Anpo.</strong></span> <span class='ocrx_word' id='word_1_185' title='bbox 3212 2297 3256 2348; x_wconf 81' lang='grc' dir='ltr'>θ</span> <span class='ocrx_word' id='word_1_186' title='bbox 3503 2299 3550 2350; x_wconf 78' lang='grc' dir='ltr'>Α</span> 
     </span>
    </p>
   </div>
   <div class='ocr_carea' id='block_1_34' title="bbox 939 2388 3556 2458">
    <p class='ocr_par' dir='ltr' id='par_1_34' title="bbox 939 2388 3556 2458">
     <span class='ocr_line' id='line_1_34' title="bbox 939 2388 3556 2458; baseline -0 -18"><span class='ocrx_word' id='word_1_187' title='bbox 939 2389 982 2440; x_wconf 90' lang='lat' dir='ltr'><strong>B</strong></span> <span class='ocrx_word' id='word_1_188' title='bbox 1189 2390 1266 2442; x_wconf 85' lang='grc' dir='ltr'><strong>ιιι</strong></span> <span class='ocrx_word' id='word_1_189' title='bbox 1495 2390 1545 2441; x_wconf 73' lang='grc' dir='ltr'><strong>ι(</strong></span> <span class='ocrx_word' id='word_1_190' title='bbox 1783 2389 1846 2440; x_wconf 75' lang='grc' dir='ltr'>ιΔ</span> <span class='ocrx_word' id='word_1_191' title='bbox 2321 2395 2360 2445; x_wconf 76' lang='grc' dir='ltr'><strong>Δ</strong></span> <span class='ocrx_word' id='word_1_192' title='bbox 2571 2391 2683 2456; x_wconf 77' lang='lat' dir='ltr'><strong>Kc;</strong></span> <span class='ocrx_word' id='word_1_193' title='bbox 2819 2388 3002 2458; x_wconf 78' lang='grc' dir='ltr'>Μαρτ.</span> <span class='ocrx_word' id='word_1_194' title='bbox 3207 2389 3258 2440; x_wconf 71' lang='grc' dir='ltr'>ι(</span> <span class='ocrx_word' id='word_1_195' title='bbox 3514 2389 3556 2440; x_wconf 75' lang='grc' dir='ltr'><strong>Β</strong></span> 
     </span>
    </p>
   </div>
   <div class='ocr_carea' id='block_1_35' title="bbox 573 2479 3549 2553">
    <p class='ocr_par' dir='ltr' id='par_1_35' title="bbox 573 2479 3549 2553">
     <span class='ocr_line' id='line_1_35' title="bbox 573 2479 3549 2553; baseline -0 -20"><span class='ocrx_word' id='word_1_196' title='bbox 573 2479 788 2550; x_wconf 72' lang='grc' dir='ltr'>Ἐμϐόλ.</span> <span class='ocrx_word' id='word_1_197' title='bbox 936 2481 978 2532; x_wconf 80' lang='grc' dir='ltr'><strong>Γ</strong></span> <span class='ocrx_word' id='word_1_198' title='bbox 1191 2481 1260 2534; x_wconf 81' lang='grc' dir='ltr'>ιθ</span> <span class='ocrx_word' id='word_1_199' title='bbox 1495 2483 1540 2536; x_wconf 73' lang='grc' dir='ltr'><strong>Α</strong></span> <span class='ocrx_word' id='word_1_200' title='bbox 1781 2481 1846 2534; x_wconf 69' lang='grc' dir='ltr'><strong>ιιι</strong></span> <span class='ocrx_word' id='word_1_201' title='bbox 2591 2483 2656 2536; x_wconf 83' lang='grc' dir='ltr'>ιΓ</span> <span class='ocrx_word' id='word_1_202' title='bbox 2833 2481 3043 2553; x_wconf 75' lang='grc' dir='ltr'><strong>Ἀπρξιλ.</strong></span> <span class='ocrx_word' id='word_1_203' title='bbox 3215 2481 3262 2533; x_wconf 75' lang='grc' dir='ltr'>Α</span> <span class='ocrx_word' id='word_1_204' title='bbox 3509 2481 3549 2532; x_wconf 86' lang='lat' dir='ltr'><strong>r</strong></span> 
     </span>
    </p>
   </div>
   <div class='ocr_carea' id='block_1_36' title="bbox 547 2637 2132 2714">
    <p class='ocr_par' dir='ltr' id='par_1_36' title="bbox 547 2637 2132 2714">
     <span class='ocr_line' id='line_1_36' title="bbox 547 2637 2132 2714; baseline 0.003 -20"><span class='ocrx_word' id='word_1_205' title='bbox 547 2637 705 2710; x_wconf 68' lang='grc'><strong>184</strong></span> <span class='ocrx_word' id='word_1_206' title='bbox 733 2639 828 2694; x_wconf 86' lang='lat' dir='ltr'><strong>Est</strong></span> <span class='ocrx_word' id='word_1_207' title='bbox 875 2638 1040 2708; x_wconf 80' lang='lat' dir='ltr'><strong>igitur</strong></span> <span class='ocrx_word' id='word_1_208' title='bbox 1066 2638 1338 2710; x_wconf 86' lang='lat' dir='ltr'><strong>ejusmodi</strong></span> <span class='ocrx_word' id='word_1_209' title='bbox 1381 2641 1581 2695; x_wconf 67' lang='lat' dir='ltr'><strong>tabulae</strong></span> <span class='ocrx_word' id='word_1_210' title='bbox 1640 2643 1960 2714; x_wconf 77' lang='lat' dir='ltr'><strong>descriptio.</strong></span> <span class='ocrx_word' id='word_1_211' title='bbox 1999 2645 2056 2699; x_wconf 92' lang='lat' dir='ltr'><strong>In</strong></span> <span class='ocrx_word' id='word_1_212' title='bbox 2089 2655 2132 2712; x_wconf 72' lang='grc' dir='ltr'><strong>Α</strong></span> 
     </span>
    </p>
   </div>
   <div class='ocr_carea' id='block_1_37' title="bbox 469 2730 2056 2804">
    <p class='ocr_par' dir='ltr' id='par_1_37' title="bbox 469 2730 2056 2804">
     <span class='ocr_line' id='line_1_37' title="bbox 469 2730 2056 2804; baseline 0.004 -22"><span class='ocrx_word' id='word_1_213' title='bbox 469 2731 648 2784; x_wconf 84' lang='lat' dir='ltr'><strong>medio</strong></span> <span class='ocrx_word' id='word_1_214' title='bbox 665 2737 770 2782; x_wconf 78' lang='lat' dir='ltr'><strong>Sita</strong></span> <span class='ocrx_word' id='word_1_215' title='bbox 793 2736 878 2784; x_wconf 85' lang='lat' dir='ltr'><strong>est</strong></span> <span class='ocrx_word' id='word_1_216' title='bbox 903 2730 1094 2800; x_wconf 75' lang='lat' dir='ltr'><strong>ingens</strong></span> <span class='ocrx_word' id='word_1_217' title='bbox 1111 2739 1250 2790; x_wconf 83' lang='lat' dir='ltr'><strong>rota.</strong></span> <span class='ocrx_word' id='word_1_218' title='bbox 1278 2732 1536 2802; x_wconf 82' lang='lat' dir='ltr'><strong>utrinque</strong></span> <span class='ocrx_word' id='word_1_219' title='bbox 1567 2733 1799 2804; x_wconf 77' lang='lat' dir='ltr'><strong>singulis</strong></span> <span class='ocrx_word' id='word_1_220' title='bbox 1829 2737 2056 2790; x_wconf 83' lang='lat' dir='ltr'><strong>canoni—</strong></span> 
     </span>
    </p>
   </div>
   <div class='ocr_carea' id='block_1_38' title="bbox 473 2823 2058 2900">
    <p class='ocr_par' dir='ltr' id='par_1_38' title="bbox 473 2823 2058 2900">
     <span class='ocr_line' id='line_1_38' title="bbox 473 2823 2058 2900; baseline 0.006 -24"><span class='ocrx_word' id='word_1_221' title='bbox 473 2823 574 2876; x_wconf 76' lang='lat' dir='ltr'><strong>lius</strong></span> <span class='ocrx_word' id='word_1_222' title='bbox 599 2825 818 2892; x_wconf 83' lang='lat' dir='ltr'><strong>stipata.</strong></span> <span class='ocrx_word' id='word_1_223' title='bbox 849 2823 908 2876; x_wconf 88' lang='lat' dir='ltr'><strong>In</strong></span> <span class='ocrx_word' id='word_1_224' title='bbox 938 2833 1057 2878; x_wconf 86' lang='lat' dir='ltr'><strong>rota</strong></span> <span class='ocrx_word' id='word_1_225' title='bbox 1083 2839 1234 2878; x_wconf 70' lang='lat' dir='ltr'><strong>zonae</strong></span> <span class='ocrx_word' id='word_1_226' title='bbox 1252 2826 1502 2890; x_wconf 77' lang='lat' dir='ltr'><strong>sunt,vel</strong></span> <span class='ocrx_word' id='word_1_227' title='bbox 1517 2827 1709 2882; x_wconf 89' lang='lat' dir='ltr'><strong>circuli</strong></span> <span class='ocrx_word' id='word_1_228' title='bbox 1743 2843 1819 2894; x_wconf 84' lang='lat' dir='ltr'><strong>1x,</strong></span> <span class='ocrx_word' id='word_1_229' title='bbox 1837 2831 1930 2900; x_wconf 89' lang='lat' dir='ltr'><strong>qui</strong></span> <span class='ocrx_word' id='word_1_230' title='bbox 1953 2830 2058 2885; x_wconf 88' lang='lat' dir='ltr'><strong>hoc</strong></span> 
     </span>
    </p>
   </div>
   <div class='ocr_carea' id='block_1_39' title="bbox 469 2914 2056 2989">
    <p class='ocr_par' dir='ltr' id='par_1_39' title="bbox 469 2914 2056 2989">
     <span class='ocr_line' id='line_1_39' title="bbox 469 2914 2056 2989; baseline 0.004 -21"><span class='ocrx_word' id='word_1_231' title='bbox 469 2914 632 2968; x_wconf 86' lang='lat' dir='ltr'><strong>modo</strong></span> <span class='ocrx_word' id='word_1_232' title='bbox 663 2931 722 2970; x_wconf 86' lang='lat' dir='ltr'><strong>se</strong></span> <span class='ocrx_word' id='word_1_233' title='bbox 759 2915 981 2970; x_wconf 88' lang='lat' dir='ltr'><strong>habent.</strong></span> <span class='ocrx_word' id='word_1_234' title='bbox 1012 2915 1230 2971; x_wconf 86' lang='lat' dir='ltr'><strong>Primus</strong></span> <span class='ocrx_word' id='word_1_235' title='bbox 1261 2917 1530 2986; x_wconf 87' lang='lat' dir='ltr'><strong>circulus,</strong></span> <span class='ocrx_word' id='word_1_236' title='bbox 1559 2919 1652 2989; x_wconf 90' lang='lat' dir='ltr'><strong>qui</strong></span> <span class='ocrx_word' id='word_1_237' title='bbox 1683 2924 1922 2976; x_wconf 85' lang='lat' dir='ltr'><strong>extimus</strong></span> <span class='ocrx_word' id='word_1_238' title='bbox 1948 2929 2056 2988; x_wconf 89' lang='lat' dir='ltr'><strong>est,</strong></span> 
     </span>
    </p>
   </div>
   <div class='ocr_carea' id='block_1_40' title="bbox 467 3008 2058 3082">
    <p class='ocr_par' dir='ltr' id='par_1_40' title="bbox 467 3008 2058 3082">
     <span class='ocr_line' id='line_1_40' title="bbox 467 3008 2058 3082; baseline 0.007 -25"><span class='ocrx_word' id='word_1_239' title='bbox 467 3021 642 3061; x_wconf 86' lang='lat' dir='ltr'><strong>annos</strong></span> <span class='ocrx_word' id='word_1_240' title='bbox 675 3023 846 3060; x_wconf 82' lang='lat' dir='ltr'><strong>xxvm</strong></span> <span class='ocrx_word' id='word_1_241' title='bbox 883 3008 1016 3062; x_wconf 91' lang='lat' dir='ltr'><strong>solis</strong></span> <span class='ocrx_word' id='word_1_242' title='bbox 1044 3010 1288 3072; x_wconf 81' lang='lat' dir='ltr'><strong>exhibet,</strong></span> <span class='ocrx_word' id='word_1_243' title='bbox 1327 3009 1482 3064; x_wconf 90' lang='lat' dir='ltr'><strong>initio</strong></span> <span class='ocrx_word' id='word_1_244' title='bbox 1517 3026 1628 3064; x_wconf 87' lang='lat' dir='ltr'><strong>non</strong></span> <span class='ocrx_word' id='word_1_245' title='bbox 1667 3027 1698 3066; x_wconf 90' lang='lat' dir='ltr'><strong>a</strong></span> <span class='ocrx_word' id='word_1_246' title='bbox 1738 3015 1916 3082; x_wconf 87' lang='lat' dir='ltr'><strong>primo</strong></span> <span class='ocrx_word' id='word_1_247' title='bbox 1951 3015 2058 3068; x_wconf 89' lang='lat' dir='ltr'><strong>du-</strong></span> 
     </span>
    </p>
   </div>
   <div class='ocr_carea' id='block_1_41' title="bbox 467 3097 2058 3172">
    <p class='ocr_par' dir='ltr' id='par_1_41' title="bbox 467 3097 2058 3172">
     <span class='ocr_line' id='line_1_41' title="bbox 467 3097 2058 3172; baseline 0.004 -21"><span class='ocrx_word' id='word_1_248' title='bbox 467 3109 577 3162; x_wconf 86' lang='lat' dir='ltr'><strong>cto,</strong></span> <span class='ocrx_word' id='word_1_249' title='bbox 630 3097 726 3152; x_wconf 83' lang='lat' dir='ltr'><strong>sed</strong></span> <span class='ocrx_word' id='word_1_250' title='bbox 772 3113 802 3151; x_wconf 90' lang='lat' dir='ltr'><strong>a</strong></span> <span class='ocrx_word' id='word_1_251' title='bbox 853 3115 972 3162; x_wconf 85' lang='lat' dir='ltr'>x111,</span> <span class='ocrx_word' id='word_1_252' title='bbox 1003 3115 1116 3162; x_wconf 87' lang='lat' dir='ltr'><strong>x1v,</strong></span> <span class='ocrx_word' id='word_1_253' title='bbox 1141 3107 1194 3154; x_wconf 90' lang='lat' dir='ltr'><strong>et</strong></span> <span class='ocrx_word' id='word_1_254' title='bbox 1223 3101 1298 3155; x_wconf 83' lang='lat' dir='ltr'><strong>ita</strong></span> <span class='ocrx_word' id='word_1_255' title='bbox 1327 3101 1618 3172; x_wconf 85' lang='lat' dir='ltr'><strong>deinceps;</strong></span> <span class='ocrx_word' id='word_1_256' title='bbox 1651 3105 1928 3160; x_wconf 88' lang='lat' dir='ltr'><strong>secundus</strong></span> <span class='ocrx_word' id='word_1_257' title='bbox 1957 3119 2058 3158; x_wconf 84' lang='lat' dir='ltr'><strong>au-</strong></span> 
     </span>
    </p>
   </div>
   <div class='ocr_carea' id='block_1_42' title="bbox 465 3191 2062 3266">
    <p class='ocr_par' dir='ltr' id='par_1_42' title="bbox 465 3191 2062 3266">
     <span class='ocr_line' id='line_1_42' title="bbox 465 3191 2062 3266; baseline 0.004 -22"><span class='ocrx_word' id='word_1_258' title='bbox 465 3207 663 3245; x_wconf 87' lang='lat' dir='ltr'><strong>norum</strong></span> <span class='ocrx_word' id='word_1_259' title='bbox 693 3200 948 3261; x_wconf 90' lang='lat' dir='ltr'><strong>epactas;</strong></span> <span class='ocrx_word' id='word_1_260' title='bbox 997 3194 1192 3250; x_wconf 85' lang='lat' dir='ltr'><strong>tertius</strong></span> <span class='ocrx_word' id='word_1_261' title='bbox 1223 3191 1428 3250; x_wconf 83' lang='lat' dir='ltr'><strong>Juliani</strong></span> <span class='ocrx_word' id='word_1_262' title='bbox 1457 3196 1806 3266; x_wconf 82' lang='lat' dir='ltr'><strong>quadriennii</strong></span> <span class='ocrx_word' id='word_1_263' title='bbox 1831 3197 2062 3253; x_wconf 87' lang='lat' dir='ltr'><strong>bisexti—</strong></span> 
     </span>
    </p>
   </div>
   <div class='ocr_carea' id='block_1_43' title="bbox 469 3285 2060 3356">
    <p class='ocr_par' dir='ltr' id='par_1_43' title="bbox 469 3285 2060 3356">
     <span class='ocr_line' id='line_1_43' title="bbox 469 3285 2060 3356; baseline 0.004 -18"><span class='ocrx_word' id='word_1_264' title='bbox 469 3285 582 3346; x_wconf 86' lang='lat' dir='ltr'><strong>les;</strong></span> <span class='ocrx_word' id='word_1_265' title='bbox 615 3294 847 3356; x_wconf 88' lang='lat' dir='ltr'><strong>quartus</strong></span> <span class='ocrx_word' id='word_1_266' title='bbox 878 3301 1056 3342; x_wconf 84' lang='lat' dir='ltr'><strong>annos</strong></span> <span class='ocrx_word' id='word_1_267' title='bbox 1089 3287 1224 3342; x_wconf 88' lang='lat' dir='ltr'><strong>solis</strong></span> <span class='ocrx_word' id='word_1_268' title='bbox 1253 3303 1428 3342; x_wconf 83' lang='lat' dir='ltr'><strong>xxvm</strong></span> <span class='ocrx_word' id='word_1_269' title='bbox 1463 3291 1661 3344; x_wconf 82' lang='lat' dir='ltr'><strong>iterum</strong></span> <span class='ocrx_word' id='word_1_270' title='bbox 1705 3289 1998 3346; x_wconf 79' lang='lat' dir='ltr'><strong>inchoatas</strong></span> <span class='ocrx_word' id='word_1_271' title='bbox 2028 3305 2060 3344; x_wconf 88' lang='lat' dir='ltr'><strong>a</strong></span> 
     </span>
    </p>
   </div>
   <div class='ocr_carea' id='block_1_44' title="bbox 468 3376 2062 3450">
    <p class='ocr_par' dir='ltr' id='par_1_44' title="bbox 468 3376 2062 3450">
     <span class='ocr_line' id='line_1_44' title="bbox 468 3376 2062 3450; baseline 0.005 -19"><span class='ocrx_word' id='word_1_272' title='bbox 468 3379 664 3446; x_wconf 91' lang='lat' dir='ltr'><strong>primo.</strong></span> <span class='ocrx_word' id='word_1_273' title='bbox 717 3376 799 3434; x_wconf 87' lang='lat' dir='ltr'><strong>Ob</strong></span> <span class='ocrx_word' id='word_1_274' title='bbox 828 3377 880 3432; x_wconf 88' lang='lat' dir='ltr'><strong>id</strong></span> <span class='ocrx_word' id='word_1_275' title='bbox 929 3394 1060 3434; x_wconf 87' lang='lat' dir='ltr'><strong>vero</strong></span> <span class='ocrx_word' id='word_1_276' title='bbox 1107 3379 1163 3434; x_wconf 90' lang='lat' dir='ltr'><strong>in</strong></span> <span class='ocrx_word' id='word_1_277' title='bbox 1211 3381 1388 3450; x_wconf 86' lang='lat' dir='ltr'><strong>primo</strong></span> <span class='ocrx_word' id='word_1_278' title='bbox 1435 3382 1644 3436; x_wconf 88' lang='lat' dir='ltr'><strong>circulo</strong></span> <span class='ocrx_word' id='word_1_279' title='bbox 1671 3397 1701 3435; x_wconf 90' lang='lat' dir='ltr'><strong>a</strong></span> <span class='ocrx_word' id='word_1_280' title='bbox 1731 3399 1852 3448; x_wconf 86' lang='lat' dir='ltr'>x111,</span> <span class='ocrx_word' id='word_1_281' title='bbox 1881 3385 1938 3438; x_wconf 90' lang='lat' dir='ltr'><strong>in</strong></span> <span class='ocrx_word' id='word_1_282' title='bbox 1973 3397 2062 3438; x_wconf 85' lang='lat' dir='ltr'><strong>se-</strong></span> 
     </span>
    </p>
   </div>
   <div class='ocr_carea' id='block_1_45' title="bbox 437 3469 2062 3544">
    <p class='ocr_par' dir='ltr' id='par_1_45' title="bbox 437 3469 2062 3544">
     <span class='ocr_line' id='line_1_45' title="bbox 437 3469 2062 3544; baseline 0.004 -22"><span class='ocrx_word' id='word_1_283' title='bbox 437 3469 649 3524; x_wconf 75' lang='lat' dir='ltr'><strong>‘eundo</strong></span> <span class='ocrx_word' id='word_1_284' title='bbox 681 3485 710 3524; x_wconf 91' lang='lat' dir='ltr'><strong>a</strong></span> <span class='ocrx_word' id='word_1_285' title='bbox 759 3473 937 3542; x_wconf 85' lang='lat' dir='ltr'><strong>primo</strong></span> <span class='ocrx_word' id='word_1_286' title='bbox 969 3473 1098 3524; x_wconf 86' lang='lat' dir='ltr'><strong>anni</strong></span> <span class='ocrx_word' id='word_1_287' title='bbox 1130 3488 1303 3526; x_wconf 80' lang='lat' dir='ltr'><strong>xxvm</strong></span> <span class='ocrx_word' id='word_1_288' title='bbox 1356 3473 1490 3528; x_wconf 83' lang='lat' dir='ltr'><strong>solis</strong></span> <span class='ocrx_word' id='word_1_289' title='bbox 1521 3474 1814 3544; x_wconf 91' lang='lat' dir='ltr'><strong>incipiunt,</strong></span> <span class='ocrx_word' id='word_1_290' title='bbox 1851 3483 1912 3530; x_wconf 91' lang='lat' dir='ltr'><strong>ut</strong></span> <span class='ocrx_word' id='word_1_291' title='bbox 1943 3485 2062 3530; x_wconf 80' lang='lat' dir='ltr'><strong>stu-</strong></span> 
     </span>
    </p>
   </div>
   <div class='ocr_carea' id='block_1_46' title="bbox 465 3561 2062 3638">
    <p class='ocr_par' dir='ltr' id='par_1_46' title="bbox 465 3561 2062 3638">
     <span class='ocr_line' id='line_1_46' title="bbox 465 3561 2062 3638; baseline 0.003 -23"><span class='ocrx_word' id='word_1_292' title='bbox 465 3563 654 3620; x_wconf 75' lang='lat' dir='ltr'><strong>diosus</strong></span> <span class='ocrx_word' id='word_1_293' title='bbox 685 3563 856 3616; x_wconf 83' lang='lat' dir='ltr'><strong>lector</strong></span> <span class='ocrx_word' id='word_1_294' title='bbox 887 3561 1107 3618; x_wconf 76' lang='lat' dir='ltr'><strong>facilius</strong></span> <span class='ocrx_word' id='word_1_295' title='bbox 1139 3565 1496 3636; x_wconf 78' lang='lat' dir='ltr'><strong>intelligeret,</strong></span> <span class='ocrx_word' id='word_1_296' title='bbox 1529 3581 1690 3636; x_wconf 86' lang='lat' dir='ltr'><strong>quem</strong></span> <span class='ocrx_word' id='word_1_297' title='bbox 1723 3566 1800 3620; x_wconf 91' lang='lat' dir='ltr'><strong>illi</strong></span> <span class='ocrx_word' id='word_1_298' title='bbox 1835 3581 2062 3638; x_wconf 89' lang='lat' dir='ltr'><strong>compu-</strong></span> 
     </span>
    </p>
   </div>
   <div class='ocr_carea' id='block_1_47' title="bbox 467 3651 2060 3725">
    <p class='ocr_par' dir='ltr' id='par_1_47' title="bbox 467 3651 2060 3725">
     <span class='ocr_line' id='line_1_47' title="bbox 467 3651 2060 3725; baseline 0.004 -22"><span class='ocrx_word' id='word_1_299' title='bbox 467 3657 586 3704; x_wconf 78' lang='lat' dir='ltr'><strong>tant</strong></span> <span class='ocrx_word' id='word_1_300' title='bbox 633 3651 869 3720; x_wconf 89' lang='lat' dir='ltr'><strong>primum</strong></span> <span class='ocrx_word' id='word_1_301' title='bbox 917 3653 1051 3708; x_wconf 91' lang='lat' dir='ltr'><strong>solis</strong></span> <span class='ocrx_word' id='word_1_302' title='bbox 1102 3669 1329 3718; x_wconf 88' lang='lat' dir='ltr'><strong>annum,</strong></span> <span class='ocrx_word' id='word_1_303' title='bbox 1367 3655 1512 3725; x_wconf 88' lang='lat' dir='ltr'><strong>apud</strong></span> <span class='ocrx_word' id='word_1_304' title='bbox 1561 3671 1665 3710; x_wconf 90' lang='lat' dir='ltr'><strong>nos</strong></span> <span class='ocrx_word' id='word_1_305' title='bbox 1703 3671 1828 3710; x_wconf 86' lang='lat' dir='ltr'><strong>esse</strong></span> <span class='ocrx_word' id='word_1_306' title='bbox 1856 3671 1979 3724; x_wconf 85' lang='lat' dir='ltr'>x111,</span> <span class='ocrx_word' id='word_1_307' title='bbox 2005 3663 2060 3712; x_wconf 92' lang='lat' dir='ltr'><strong>et</strong></span> 
     </span>
    </p>
   </div>
   <div class='ocr_carea' id='block_1_48' title="bbox 467 3743 2060 3815">
    <p class='ocr_par' dir='ltr' id='par_1_48' title="bbox 467 3743 2060 3815">
     <span class='ocr_line' id='line_1_48' title="bbox 467 3743 2060 3815; baseline 0.005 -19"><span class='ocrx_word' id='word_1_308' title='bbox 467 3743 770 3796; x_wconf 84' lang='lat' dir='ltr'><strong>secundum</strong></span> <span class='ocrx_word' id='word_1_309' title='bbox 811 3759 935 3808; x_wconf 89' lang='lat' dir='ltr'><strong>x1v,</strong></span> <span class='ocrx_word' id='word_1_310' title='bbox 982 3754 1038 3798; x_wconf 90' lang='lat' dir='ltr'><strong>et</strong></span> <span class='ocrx_word' id='word_1_311' title='bbox 1071 3745 1146 3798; x_wconf 88' lang='lat' dir='ltr'><strong>ita</strong></span> <span class='ocrx_word' id='word_1_312' title='bbox 1179 3761 1367 3815; x_wconf 87' lang='lat' dir='ltr'><strong>porro,</strong></span> <span class='ocrx_word' id='word_1_313' title='bbox 1413 3746 1604 3800; x_wconf 84' lang='lat' dir='ltr'><strong>eadem</strong></span> <span class='ocrx_word' id='word_1_314' title='bbox 1637 3747 1864 3802; x_wconf 92' lang='lat' dir='ltr'><strong>omnino</strong></span> <span class='ocrx_word' id='word_1_315' title='bbox 1891 3749 2060 3804; x_wconf 88' lang='lat' dir='ltr'><strong>ratio-</strong></span> 
     </span>
    </p>
   </div>
   <div class='ocr_carea' id='block_1_49' title="bbox 467 3835 2058 3910">
    <p class='ocr_par' dir='ltr' id='par_1_49' title="bbox 467 3835 2058 3910">
     <span class='ocr_line' id='line_1_49' title="bbox 467 3835 2058 3910; baseline 0.003 -22"><span class='ocrx_word' id='word_1_316' title='bbox 467 3849 565 3901; x_wconf 78' lang='lat' dir='ltr'><strong>ne;</strong></span> <span class='ocrx_word' id='word_1_317' title='bbox 617 3835 674 3888; x_wconf 89' lang='lat' dir='ltr'><strong>in</strong></span> <span class='ocrx_word' id='word_1_318' title='bbox 721 3836 995 3906; x_wconf 87' lang='lat' dir='ltr'><strong>superiori</strong></span> <span class='ocrx_word' id='word_1_319' title='bbox 1039 3851 1170 3892; x_wconf 89' lang='lat' dir='ltr'><strong>vero</strong></span> <span class='ocrx_word' id='word_1_320' title='bbox 1219 3845 1374 3908; x_wconf 89' lang='lat' dir='ltr'><strong>parte</strong></span> <span class='ocrx_word' id='word_1_321' title='bbox 1421 3853 1595 3894; x_wconf 88' lang='lat' dir='ltr'><strong>annos</strong></span> <span class='ocrx_word' id='word_1_322' title='bbox 1625 3840 1930 3909; x_wconf 86' lang='lat' dir='ltr'><strong>posuimus.</strong></span> <span class='ocrx_word' id='word_1_323' title='bbox 1965 3839 2058 3910; x_wconf 90' lang='lat' dir='ltr'><strong>qui</strong></span> 
     </span>
    </p>
   </div>
   <div class='ocr_carea' id='block_1_50' title="bbox 467 3927 2055 3987">
    <p class='ocr_par' dir='ltr' id='par_1_50' title="bbox 467 3927 2055 3987">
     <span class='ocr_line' id='line_1_50' title="bbox 467 3927 2055 3987; baseline 0.004 -7"><span class='ocrx_word' id='word_1_324' title='bbox 467 3942 657 3981; x_wconf 82' lang='lat' dir='ltr'><strong>revera</strong></span> <span class='ocrx_word' id='word_1_325' title='bbox 699 3943 765 3982; x_wconf 88' lang='lat' dir='ltr'><strong>ex</strong></span> <span class='ocrx_word' id='word_1_326' title='bbox 815 3927 1110 3983; x_wconf 87' lang='lat' dir='ltr'><strong>traditione</strong></span> <span class='ocrx_word' id='word_1_327' title='bbox 1141 3930 1518 3985; x_wconf 83' lang='lat' dir='ltr'><strong>ecclesiastica</strong></span> <span class='ocrx_word' id='word_1_328' title='bbox 1553 3932 1627 3984; x_wconf 87' lang='lat' dir='ltr'><strong>ita</strong></span> <span class='ocrx_word' id='word_1_329' title='bbox 1673 3939 2055 3987; x_wconf 87' lang='lat' dir='ltr'><strong>numerantur.</strong></span> 
     </span>
    </p>
   </div>
   <div class='ocr_carea' id='block_1_51' title="bbox 2239 2637 3746 2712">
    <p class='ocr_par' dir='ltr' id='par_1_51' title="bbox 2239 2637 3746 2712">
     <span class='ocr_line' id='line_1_51' title="bbox 2239 2637 3746 2712; baseline -0.001 -16"><span class='ocrx_word' id='word_1_330' title='bbox 2239 2644 2424 2696; x_wconf 83' lang='grc' dir='ltr'>Ἔστιν</span> <span class='ocrx_word' id='word_1_331' title='bbox 2455 2637 2546 2695; x_wconf 74' lang='grc' dir='ltr'><strong>οὖν</strong></span> <span class='ocrx_word' id='word_1_332' title='bbox 2572 2642 2605 2712; x_wconf 90' lang='grc' dir='ltr'><strong>ἡ</strong></span> <span class='ocrx_word' id='word_1_333' title='bbox 2635 2639 2728 2693; x_wconf 79' lang='grc' dir='ltr'>τοῦ</span> <span class='ocrx_word' id='word_1_334' title='bbox 2752 2640 2998 2694; x_wconf 82' lang='grc' dir='ltr'>κανονίου</span> <span class='ocrx_word' id='word_1_335' title='bbox 3022 2638 3298 2711; x_wconf 75' lang='grc' dir='ltr'><strong>διαγραφή</strong></span> <span class='ocrx_word' id='word_1_336' title='bbox 3325 2637 3567 2710; x_wconf 83' lang='grc' dir='ltr'><strong>τοιαύτη.</strong></span> <span class='ocrx_word' id='word_1_337' title='bbox 3589 2641 3746 2694; x_wconf 67' lang='grc' dir='ltr'>Κατὰ</span> 
     </span>
    </p>
   </div>
   <div class='ocr_carea' id='block_1_52' title="bbox 2159 2733 3746 2808">
    <p class='ocr_par' dir='ltr' id='par_1_52' title="bbox 2159 2733 3746 2808">
     <span class='ocr_line' id='line_1_52' title="bbox 2159 2733 3746 2808; baseline -0.003 -18"><span class='ocrx_word' id='word_1_338' title='bbox 2159 2737 2222 2791; x_wconf 87' lang='grc' dir='ltr'><strong>τὸ</strong></span> <span class='ocrx_word' id='word_1_339' title='bbox 2267 2736 2429 2808; x_wconf 76' lang='grc' dir='ltr'>μέσον</span> <span class='ocrx_word' id='word_1_340' title='bbox 2463 2733 2628 2788; x_wconf 75' lang='grc' dir='ltr'>αὑτοῦ</span> <span class='ocrx_word' id='word_1_341' title='bbox 2667 2733 2861 2804; x_wconf 77' lang='grc' dir='ltr'>τροχὸν</span> <span class='ocrx_word' id='word_1_342' title='bbox 2901 2733 3014 2804; x_wconf 76' lang='grc' dir='ltr'>ἔχει</span> <span class='ocrx_word' id='word_1_343' title='bbox 3051 2733 3256 2803; x_wconf 74' lang='grc' dir='ltr'>μέγανο</span> <span class='ocrx_word' id='word_1_344' title='bbox 3305 2733 3640 2804; x_wconf 79' lang='grc' dir='ltr'>ἑκατέρωθεν</span> <span class='ocrx_word' id='word_1_345' title='bbox 3689 2733 3746 2786; x_wconf 72' lang='grc' dir='ltr'><strong>δὲ</strong></span> 
     </span>
    </p>
   </div>
   <div class='ocr_carea' id='block_1_53' title="bbox 2159 2823 3745 2896">
    <p class='ocr_par' dir='ltr' id='par_1_53' title="bbox 2159 2823 3745 2896">
     <span class='ocr_line' id='line_1_53' title="bbox 2159 2823 3745 2896; baseline -0.004 -14"><span class='ocrx_word' id='word_1_346' title='bbox 2159 2827 2252 2882; x_wconf 83' lang='grc' dir='ltr'><strong>δύο</strong></span> <span class='ocrx_word' id='word_1_347' title='bbox 2285 2828 2527 2882; x_wconf 86' lang='grc' dir='ltr'>κανόνια.</span> <span class='ocrx_word' id='word_1_348' title='bbox 2561 2826 2670 2879; x_wconf 70' lang='grc' dir='ltr'><strong>Καὶ</strong></span> <span class='ocrx_word' id='word_1_349' title='bbox 2695 2828 2722 2879; x_wconf 87' lang='grc' dir='ltr'>ὁ</span> <span class='ocrx_word' id='word_1_350' title='bbox 2760 2826 2858 2896; x_wconf 81' lang='grc' dir='ltr'>μὲν</span> <span class='ocrx_word' id='word_1_351' title='bbox 2882 2825 3074 2896; x_wconf 76' lang='grc' dir='ltr'>τροχὸς</span> <span class='ocrx_word' id='word_1_352' title='bbox 3092 2825 3355 2895; x_wconf 82' lang='grc' dir='ltr'>κέκτηται</span> <span class='ocrx_word' id='word_1_353' title='bbox 3371 2823 3542 2890; x_wconf 81' lang='grc' dir='ltr'><strong>ζώνας</strong></span> <span class='ocrx_word' id='word_1_354' title='bbox 3567 2825 3745 2886; x_wconf 83' lang='grc' dir='ltr'>ὲννέα,</span> 
     </span>
    </p>
   </div>
   <div class='ocr_carea' id='block_1_54' title="bbox 2159 2915 3747 2988">
    <p class='ocr_par' dir='ltr' id='par_1_54' title="bbox 2159 2915 3747 2988">
     <span class='ocr_line' id='line_1_54' title="bbox 2159 2915 3747 2988; baseline -0.004 -14"><span class='ocrx_word' id='word_1_355' title='bbox 2159 2919 2406 2974; x_wconf 79' lang='grc' dir='ltr'><strong>τουτέστι</strong></span> <span class='ocrx_word' id='word_1_356' title='bbox 2461 2918 2726 2982; x_wconf 77' lang='grc' dir='ltr'>κύκλουςο</span> <span class='ocrx_word' id='word_1_357' title='bbox 2777 2919 2824 2970; x_wconf 89' lang='grc' dir='ltr'>οἱ</span> <span class='ocrx_word' id='word_1_358' title='bbox 2873 2917 2930 2970; x_wconf 85' lang='grc' dir='ltr'>δὲ</span> <span class='ocrx_word' id='word_1_359' title='bbox 2983 2915 3173 2970; x_wconf 87' lang='grc' dir='ltr'>κύκλοι</span> <span class='ocrx_word' id='word_1_360' title='bbox 3209 2915 3382 2970; x_wconf 79' lang='grc' dir='ltr'>ταῦτα</span> <span class='ocrx_word' id='word_1_361' title='bbox 3408 2916 3530 2970; x_wconf 80' lang='grc' dir='ltr'>καθ’</span> <span class='ocrx_word' id='word_1_362' title='bbox 3555 2917 3747 2988; x_wconf 74' lang='grc' dir='ltr'>εἱρμὸν</span> 
     </span>
    </p>
   </div>
   <div class='ocr_carea' id='block_1_55' title="bbox 2161 3005 3746 3084">
    <p class='ocr_par' dir='ltr' id='par_1_55' title="bbox 2161 3005 3746 3084">
     <span class='ocr_line' id='line_1_55' title="bbox 2161 3005 3746 3084; baseline -0.001 -20"><span class='ocrx_word' id='word_1_363' title='bbox 2161 3011 2530 3084; x_wconf 79' lang='grc' dir='ltr'>περιέχουσιν.</span> <span class='ocrx_word' id='word_1_364' title='bbox 2571 3005 2696 3064; x_wconf 75' lang='grc' dir='ltr'>Οἷον</span> <span class='ocrx_word' id='word_1_365' title='bbox 2735 3012 2764 3062; x_wconf 87' lang='grc' dir='ltr'>ὁ</span> <span class='ocrx_word' id='word_1_366' title='bbox 2797 3009 2895 3080; x_wconf 81' lang='grc' dir='ltr'>μὲν</span> <span class='ocrx_word' id='word_1_367' title='bbox 2934 3009 3171 3081; x_wconf 83' lang='grc' dir='ltr'>πρῶτος,</span> <span class='ocrx_word' id='word_1_368' title='bbox 3205 3009 3374 3078; x_wconf 77' lang='grc' dir='ltr'>ἣγουν</span> <span class='ocrx_word' id='word_1_369' title='bbox 3402 3011 3430 3061; x_wconf 86' lang='grc' dir='ltr'>ὁ</span> <span class='ocrx_word' id='word_1_370' title='bbox 3461 3009 3746 3081; x_wconf 79' lang='grc' dir='ltr'>ἐξώτερος,</span> 
     </span>
    </p>
   </div>
   <div class='ocr_carea' id='block_1_56' title="bbox 2159 3101 3750 3174">
    <p class='ocr_par' dir='ltr' id='par_1_56' title="bbox 2159 3101 3750 3174">
     <span class='ocr_line' id='line_1_56' title="bbox 2159 3101 3750 3174; baseline 0.014 -34"><span class='ocrx_word' id='word_1_371' title='bbox 2159 3105 2229 3159; x_wconf 76' lang='grc' dir='ltr'><strong>τά</strong></span> <span class='ocrx_word' id='word_1_372' title='bbox 2271 3102 2358 3174; x_wconf 81' lang='grc' dir='ltr'>κη’</span> <span class='ocrx_word' id='word_1_373' title='bbox 2386 3103 2481 3158; x_wconf 81' lang='grc' dir='ltr'><strong>τοῦ</strong></span> <span class='ocrx_word' id='word_1_374' title='bbox 2511 3103 2664 3174; x_wconf 81' lang='grc' dir='ltr'>ἡλίου</span> <span class='ocrx_word' id='word_1_375' title='bbox 2698 3102 2817 3172; x_wconf 74' lang='grc' dir='ltr'>ἐτη,</span> <span class='ocrx_word' id='word_1_376' title='bbox 2850 3103 2952 3155; x_wconf 70' lang='grc' dir='ltr'><strong>οὐκ</strong></span> <span class='ocrx_word' id='word_1_377' title='bbox 2987 3103 3095 3154; x_wconf 75' lang='grc' dir='ltr'><strong>ἀπὸ</strong></span> <span class='ocrx_word' id='word_1_378' title='bbox 3123 3101 3340 3174; x_wconf 84' lang='grc' dir='ltr'>πρώτου</span> <span class='ocrx_word' id='word_1_379' title='bbox 3371 3101 3524 3166; x_wconf 73' lang='grc' dir='ltr'>ἔτους</span> <span class='ocrx_word' id='word_1_380' title='bbox 3555 3103 3750 3174; x_wconf 73' lang='grc' dir='ltr'>ἔχοντα</span> 
     </span>
    </p>
   </div>
   <div class='ocr_carea' id='block_1_57' title="bbox 2159 3193 3750 3270">
    <p class='ocr_par' dir='ltr' id='par_1_57' title="bbox 2159 3193 3750 3270">
     <span class='ocr_line' id='line_1_57' title="bbox 2159 3193 3750 3270; baseline -0.002 -20"><span class='ocrx_word' id='word_1_381' title='bbox 2159 3197 2260 3270; x_wconf 82' lang='grc' dir='ltr'>τὴν</span> <span class='ocrx_word' id='word_1_382' title='bbox 2287 3197 2480 3268; x_wconf 82' lang='grc' dir='ltr'>ἀρχὴν,</span> <span class='ocrx_word' id='word_1_383' title='bbox 2512 3195 2649 3248; x_wconf 82' lang='grc' dir='ltr'>ἀλλὰ</span> <span class='ocrx_word' id='word_1_384' title='bbox 2672 3193 3146 3266; x_wconf 75' lang='grc' dir='ltr'><strong>τρισκαιδεκάτου,</strong></span> <span class='ocrx_word' id='word_1_385' title='bbox 3172 3197 3266 3248; x_wconf 72' lang='grc' dir='ltr'><strong>καὶ</strong></span> <span class='ocrx_word' id='word_1_386' title='bbox 3287 3195 3750 3268; x_wconf 86' lang='grc' dir='ltr'>τεσσαρεσκαιδε-</span> 
     </span>
    </p>
   </div>
   <div class='ocr_carea' id='block_1_58' title="bbox 2162 3285 3750 3360">
    <p class='ocr_par' dir='ltr' id='par_1_58' title="bbox 2162 3285 3750 3360">
     <span class='ocr_line' id='line_1_58' title="bbox 2162 3285 3750 3360; baseline -0.003 -15"><span class='ocrx_word' id='word_1_387' title='bbox 2162 3291 2352 3352; x_wconf 78' lang='grc' dir='ltr'>κὰτου,</span> <span class='ocrx_word' id='word_1_388' title='bbox 2409 3291 2504 3342; x_wconf 80' lang='grc' dir='ltr'><strong>καὶ</strong></span> <span class='ocrx_word' id='word_1_389' title='bbox 2549 3288 2656 3342; x_wconf 83' lang='grc' dir='ltr'><strong>τῶν</strong></span> <span class='ocrx_word' id='word_1_390' title='bbox 2699 3287 2963 3360; x_wconf 50' lang='grc' dir='ltr'>καθεξῆς</span> <span class='ocrx_word' id='word_1_391' title='bbox 2995 3290 3024 3342; x_wconf 82' lang='grc' dir='ltr'>ὁ</span> <span class='ocrx_word' id='word_1_392' title='bbox 3063 3285 3107 3358; x_wconf 79' lang='grc' dir='ltr'><strong>β’</strong></span> <span class='ocrx_word' id='word_1_393' title='bbox 3137 3287 3237 3351; x_wconf 83' lang='grc' dir='ltr'>τὰς</span> <span class='ocrx_word' id='word_1_394' title='bbox 3277 3287 3385 3340; x_wconf 84' lang='grc' dir='ltr'><strong>τῶν</strong></span> <span class='ocrx_word' id='word_1_395' title='bbox 3435 3287 3575 3340; x_wconf 80' lang='grc' dir='ltr'>ἐτῶν</span> <span class='ocrx_word' id='word_1_396' title='bbox 3615 3289 3750 3340; x_wconf 78' lang='grc' dir='ltr'><strong>ἑπα-</strong></span> 
     </span>
    </p>
   </div>
   <div class='ocr_carea' id='block_1_59' title="bbox 2161 3378 3749 3451">
    <p class='ocr_par' dir='ltr' id='par_1_59' title="bbox 2161 3378 3749 3451">
     <span class='ocr_line' id='line_1_59' title="bbox 2161 3378 3749 3451; baseline -0.002 -17"><span class='ocrx_word' id='word_1_397' title='bbox 2161 3383 2295 3446; x_wconf 78' lang='grc' dir='ltr'>κτὰς</span> <span class='ocrx_word' id='word_1_398' title='bbox 2315 3399 2327 3412; x_wconf 88' lang='grc'><strong>·</strong></span> <span class='ocrx_word' id='word_1_399' title='bbox 2362 3384 2391 3434; x_wconf 89' lang='grc' dir='ltr'>ὁ</span> <span class='ocrx_word' id='word_1_400' title='bbox 2417 3387 2465 3450; x_wconf 90' lang='grc' dir='ltr'>γ’</span> <span class='ocrx_word' id='word_1_401' title='bbox 2489 3381 2556 3434; x_wconf 75' lang='grc' dir='ltr'>τὰ</span> <span class='ocrx_word' id='word_1_402' title='bbox 2581 3379 2721 3434; x_wconf 84' lang='grc' dir='ltr'>κατὰ</span> <span class='ocrx_word' id='word_1_403' title='bbox 2748 3380 2848 3451; x_wconf 83' lang='grc' dir='ltr'>τὴν</span> <span class='ocrx_word' id='word_1_404' title='bbox 2871 3379 3262 3451; x_wconf 78' lang='grc' dir='ltr'>τετραετηρίδα</span> <span class='ocrx_word' id='word_1_405' title='bbox 3285 3378 3530 3450; x_wconf 78' lang='grc' dir='ltr'>βίσεξτα·</span> <span class='ocrx_word' id='word_1_406' title='bbox 3555 3380 3586 3432; x_wconf 82' lang='grc' dir='ltr'><strong>ὁ</strong></span> <span class='ocrx_word' id='word_1_407' title='bbox 3611 3379 3654 3431; x_wconf 84' lang='grc' dir='ltr'><strong>δ’</strong></span> <span class='ocrx_word' id='word_1_408' title='bbox 3681 3378 3749 3432; x_wconf 71' lang='grc' dir='ltr'>τὰ</span> 
     </span>
    </p>
   </div>
   <div class='ocr_carea' id='block_1_60' title="bbox 2162 3469 3750 3546">
    <p class='ocr_par' dir='ltr' id='par_1_60' title="bbox 2162 3469 3750 3546">
     <span class='ocr_line' id='line_1_60' title="bbox 2162 3469 3750 3546; baseline -0.003 -20"><span class='ocrx_word' id='word_1_409' title='bbox 2162 3481 2247 3546; x_wconf 85' lang='grc' dir='ltr'>κη’</span> <span class='ocrx_word' id='word_1_410' title='bbox 2299 3473 2394 3526; x_wconf 74' lang='grc' dir='ltr'>τοῦ</span> <span class='ocrx_word' id='word_1_411' title='bbox 2450 3473 2604 3544; x_wconf 82' lang='grc' dir='ltr'>ἡλίου</span> <span class='ocrx_word' id='word_1_412' title='bbox 2655 3471 2750 3542; x_wconf 74' lang='grc' dir='ltr'>ἔτη</span> <span class='ocrx_word' id='word_1_413' title='bbox 2781 3471 2964 3536; x_wconf 81' lang='grc' dir='ltr'>πάλιν,</span> <span class='ocrx_word' id='word_1_414' title='bbox 2997 3471 3106 3526; x_wconf 76' lang='grc' dir='ltr'>ἀπὸ</span> <span class='ocrx_word' id='word_1_415' title='bbox 3136 3470 3352 3544; x_wconf 79' lang='grc' dir='ltr'>πρώτου</span> <span class='ocrx_word' id='word_1_416' title='bbox 3377 3469 3532 3535; x_wconf 86' lang='grc' dir='ltr'>ἔτους</span> <span class='ocrx_word' id='word_1_417' title='bbox 3557 3469 3750 3540; x_wconf 73' lang='grc' dir='ltr'>ἔχοντα</span> 
     </span>
    </p>
   </div>
   <div class='ocr_carea' id='block_1_61' title="bbox 2163 3559 3752 3634">
    <p class='ocr_par' dir='ltr' id='par_1_61' title="bbox 2163 3559 3752 3634">
     <span class='ocr_line' id='line_1_61' title="bbox 2163 3559 3752 3634; baseline -0.003 -18"><span class='ocrx_word' id='word_1_418' title='bbox 2163 3563 2262 3634; x_wconf 83' lang='grc' dir='ltr'><strong>τὴν</strong></span> <span class='ocrx_word' id='word_1_419' title='bbox 2295 3563 2492 3634; x_wconf 77' lang='grc' dir='ltr'>ἀρχὴν.</span> <span class='ocrx_word' id='word_1_420' title='bbox 2511 3561 2612 3614; x_wconf 78' lang='grc' dir='ltr'><strong>Διὰ</strong></span> <span class='ocrx_word' id='word_1_421' title='bbox 2641 3561 2800 3614; x_wconf 83' lang='grc' dir='ltr'>τοῦτο</span> <span class='ocrx_word' id='word_1_422' title='bbox 2821 3561 2878 3614; x_wconf 84' lang='grc' dir='ltr'><strong>δὲ</strong></span> <span class='ocrx_word' id='word_1_423' title='bbox 2908 3561 3047 3616; x_wconf 74' lang='grc' dir='ltr'>κατὰ</span> <span class='ocrx_word' id='word_1_424' title='bbox 3074 3562 3172 3632; x_wconf 81' lang='grc' dir='ltr'><strong>μὲν</strong></span> <span class='ocrx_word' id='word_1_425' title='bbox 3197 3560 3288 3614; x_wconf 80' lang='grc' dir='ltr'><strong>τὸν</strong></span> <span class='ocrx_word' id='word_1_426' title='bbox 3313 3561 3530 3632; x_wconf 82' lang='grc' dir='ltr'>πρῶτον</span> <span class='ocrx_word' id='word_1_427' title='bbox 3550 3559 3752 3614; x_wconf 84' lang='grc' dir='ltr'><strong>κύκλον</strong></span> 
     </span>
    </p>
   </div>
   <div class='ocr_carea' id='block_1_62' title="bbox 2161 3651 3750 3726">
    <p class='ocr_par' dir='ltr' id='par_1_62' title="bbox 2161 3651 3750 3726">
     <span class='ocr_line' id='line_1_62' title="bbox 2161 3651 3750 3726; baseline -0.003 -16"><span class='ocrx_word' id='word_1_428' title='bbox 2161 3657 2270 3710; x_wconf 84' lang='grc' dir='ltr'><strong>ἀπὸ</strong></span> <span class='ocrx_word' id='word_1_429' title='bbox 2299 3656 2348 3726; x_wconf 88' lang='grc' dir='ltr'>γ’</span> <span class='ocrx_word' id='word_1_430' title='bbox 2383 3657 2477 3710; x_wconf 74' lang='grc' dir='ltr'>καὶ</span> <span class='ocrx_word' id='word_1_431' title='bbox 2511 3663 2563 3720; x_wconf 89' lang='grc' dir='ltr'>ι’,</span> <span class='ocrx_word' id='word_1_432' title='bbox 2601 3655 2744 3709; x_wconf 84' lang='grc' dir='ltr'>κατὰ</span> <span class='ocrx_word' id='word_1_433' title='bbox 2775 3655 2866 3708; x_wconf 81' lang='grc' dir='ltr'><strong>τὸν</strong></span> <span class='ocrx_word' id='word_1_434' title='bbox 2899 3655 2938 3707; x_wconf 84' lang='grc' dir='ltr'><strong>δ’</strong></span> <span class='ocrx_word' id='word_1_435' title='bbox 2969 3656 3024 3708; x_wconf 81' lang='grc' dir='ltr'><strong>δὲ</strong></span> <span class='ocrx_word' id='word_1_436' title='bbox 3058 3655 3165 3708; x_wconf 73' lang='grc' dir='ltr'>ἀπὸ</span> <span class='ocrx_word' id='word_1_437' title='bbox 3185 3654 3404 3726; x_wconf 78' lang='grc' dir='ltr'>πρώτου</span> <span class='ocrx_word' id='word_1_438' title='bbox 3439 3653 3510 3708; x_wconf 73' lang='grc' dir='ltr'>τὰ</span> <span class='ocrx_word' id='word_1_439' title='bbox 3539 3651 3624 3724; x_wconf 88' lang='grc' dir='ltr'>κη’</span> <span class='ocrx_word' id='word_1_440' title='bbox 3655 3653 3750 3706; x_wconf 81' lang='grc' dir='ltr'>τοῦ</span> 
     </span>
    </p>
   </div>
   <div class='ocr_carea' id='block_1_63' title="bbox 2159 3745 3750 3820">
    <p class='ocr_par' dir='ltr' id='par_1_63' title="bbox 2159 3745 3750 3820">
     <span class='ocr_line' id='line_1_63' title="bbox 2159 3745 3750 3820; baseline -0.005 -18"><span class='ocrx_word' id='word_1_441' title='bbox 2159 3751 2314 3820; x_wconf 78' lang='grc' dir='ltr'>ἡλίου</span> <span class='ocrx_word' id='word_1_442' title='bbox 2340 3749 2718 3820; x_wconf 87' lang='grc' dir='ltr'>κατετὰγησαν</span> <span class='ocrx_word' id='word_1_443' title='bbox 2745 3747 2860 3818; x_wconf 82' lang='grc' dir='ltr'>ἔτη,</span> <span class='ocrx_word' id='word_1_444' title='bbox 2881 3747 2969 3800; x_wconf 87' lang='grc' dir='ltr'><strong>ἴνα</strong></span> <span class='ocrx_word' id='word_1_445' title='bbox 2993 3747 3362 3818; x_wconf 80' lang='grc' dir='ltr'>εὐσημείωτον</span> <span class='ocrx_word' id='word_1_446' title='bbox 3383 3745 3610 3816; x_wconf 87' lang='grc' dir='ltr'>γένηται</span> <span class='ocrx_word' id='word_1_447' title='bbox 3637 3747 3750 3807; x_wconf 83' lang='grc' dir='ltr'>τοῖς</span> 
     </span>
    </p>
   </div>
   <div class='ocr_carea' id='block_1_64' title="bbox 2163 3835 3747 3912">
    <p class='ocr_par' dir='ltr' id='par_1_64' title="bbox 2163 3835 3747 3912">
     <span class='ocr_line' id='line_1_64' title="bbox 2163 3835 3747 3912; baseline -0.004 -18"><span class='ocrx_word' id='word_1_448' title='bbox 2163 3841 2541 3912; x_wconf 82' lang='grc' dir='ltr'>φιλομαθέσιν,</span> <span class='ocrx_word' id='word_1_449' title='bbox 2569 3839 2644 3904; x_wconf 78' lang='grc' dir='ltr'>ὡς</span> <span class='ocrx_word' id='word_1_450' title='bbox 2673 3840 2733 3892; x_wconf 79' lang='grc' dir='ltr'><strong>τὸ</strong></span> <span class='ocrx_word' id='word_1_451' title='bbox 2763 3841 2890 3912; x_wconf 87' lang='grc' dir='ltr'>παρ’</span> <span class='ocrx_word' id='word_1_452' title='bbox 2920 3839 3149 3902; x_wconf 83' lang='grc' dir='ltr'>ἐκείνοις</span> <span class='ocrx_word' id='word_1_453' title='bbox 3181 3837 3550 3910; x_wconf 74' lang='grc' dir='ltr'>ψηφιζόμενον</span> <span class='ocrx_word' id='word_1_454' title='bbox 3577 3835 3625 3889; x_wconf 85' lang='grc' dir='ltr'>α’</span> <span class='ocrx_word' id='word_1_455' title='bbox 3653 3835 3747 3889; x_wconf 76' lang='grc' dir='ltr'><strong>τοῦ</strong></span> 
     </span>
    </p>
   </div>
   <div class='ocr_carea' id='block_1_65' title="bbox 2164 3925 3748 4004">
    <p class='ocr_par' dir='ltr' id='par_1_65' title="bbox 2164 3925 3748 4004">
     <span class='ocr_line' id='line_1_65' title="bbox 2164 3925 3748 4004; baseline -0.004 -19"><span class='ocrx_word' id='word_1_456' title='bbox 2164 3933 2314 4004; x_wconf 76' lang='grc' dir='ltr'>ἡλίου</span> <span class='ocrx_word' id='word_1_457' title='bbox 2347 3933 2467 3994; x_wconf 79' lang='grc' dir='ltr'>ἔτος</span> <span class='ocrx_word' id='word_1_458' title='bbox 2492 3934 2622 4002; x_wconf 84' lang='grc' dir='ltr'>παρ’</span> <span class='ocrx_word' id='word_1_459' title='bbox 2651 3933 2784 4002; x_wconf 81' lang='grc' dir='ltr'>ἡμῖν</span> <span class='ocrx_word' id='word_1_460' title='bbox 2832 3933 2952 3985; x_wconf 78' lang='grc' dir='ltr'>ἐστι</span> <span class='ocrx_word' id='word_1_461' title='bbox 2974 3929 3022 3999; x_wconf 60' lang='grc' dir='ltr'><em>Υ</em></span> <span class='ocrx_word' id='word_1_462' title='bbox 3052 3931 3148 3985; x_wconf 63' lang='grc' dir='ltr'><strong>καὶ</strong></span> <span class='ocrx_word' id='word_1_463' title='bbox 3185 3929 3236 3996; x_wconf 84' lang='grc' dir='ltr'>ι’,</span> <span class='ocrx_word' id='word_1_464' title='bbox 3267 3931 3362 3984; x_wconf 78' lang='grc' dir='ltr'><strong>καὶ</strong></span> <span class='ocrx_word' id='word_1_465' title='bbox 3401 3930 3463 3982; x_wconf 81' lang='grc' dir='ltr'><strong>τὸ</strong></span> <span class='ocrx_word' id='word_1_466' title='bbox 3492 3927 3559 4000; x_wconf 83' lang='grc' dir='ltr'><strong>β’,</strong></span> <span class='ocrx_word' id='word_1_467' title='bbox 3586 3927 3628 3978; x_wconf 87' lang='grc' dir='ltr'><strong>δ’</strong></span> <span class='ocrx_word' id='word_1_468' title='bbox 3653 3925 3748 3980; x_wconf 77' lang='grc' dir='ltr'>καὶ</span> 
     </span>
    </p>
   </div>
   <div class='ocr_carea' id='block_1_66' title="bbox 469 4001 2058 4096">
    <p class='ocr_par' dir='ltr' id='par_1_66' title="bbox 469 4017 2058 4088">
     <span class='ocr_line' id='line_1_66' title="bbox 469 4017 2058 4088; baseline 0.004 -18"><span class='ocrx_word' id='word_1_469' title='bbox 469 4017 594 4072; x_wconf 64' lang='lat' dir='ltr'><strong>llmc</strong></span> <span class='ocrx_word' id='word_1_470' title='bbox 629 4027 759 4072; x_wconf 90' lang='lat' dir='ltr'><strong>sunt</strong></span> <span class='ocrx_word' id='word_1_471' title='bbox 797 4021 852 4072; x_wconf 87' lang='lat' dir='ltr'><strong>in</strong></span> <span class='ocrx_word' id='word_1_472' title='bbox 890 4029 1130 4088; x_wconf 89' lang='lat' dir='ltr'><strong>quatuor</strong></span> <span class='ocrx_word' id='word_1_473' title='bbox 1159 4027 1296 4076; x_wconf 68' lang='lat' dir='ltr'><strong>rotae</strong></span> <span class='ocrx_word' id='word_1_474' title='bbox 1321 4022 1582 4088; x_wconf 85' lang='lat' dir='ltr'><strong>circulis;</strong></span> <span class='ocrx_word' id='word_1_475' title='bbox 1620 4030 1674 4075; x_wconf 87' lang='lat' dir='ltr'><strong>at</strong></span> <span class='ocrx_word' id='word_1_476' title='bbox 1705 4023 1994 4079; x_wconf 91' lang='lat' dir='ltr'><strong>interiores</strong></span> <span class='ocrx_word' id='word_1_477' title='bbox 2023 4039 2058 4076; x_wconf 91' lang='lat' dir='ltr'><strong>v</strong></span> 
     </span>
    </p>
   </div>
   <div class='ocr_carea' id='block_1_67' title="bbox 2155 4001 3748 4096">
    <p class='ocr_par' dir='ltr' id='par_1_67' title="bbox 2163 4001 3748 4096">
     <span class='ocr_line' id='line_1_67' title="bbox 2163 4001 3748 4096; baseline -0.005 -19"><span class='ocrx_word' id='word_1_478' title='bbox 2163 4001 2217 4088; x_wconf 62' lang='lat'><strong>1.&quot;,</strong></span> <span class='ocrx_word' id='word_1_479' title='bbox 2235 4025 2330 4078; x_wconf 70' lang='grc' dir='ltr'>καὶ</span> <span class='ocrx_word' id='word_1_480' title='bbox 2353 4023 2424 4077; x_wconf 81' lang='grc' dir='ltr'><strong>τὰ</strong></span> <span class='ocrx_word' id='word_1_481' title='bbox 2447 4001 2610 4078; x_wconf 71' lang='grc' dir='ltr'>λοιπᾶ</span> <span class='ocrx_word' id='word_1_482' title='bbox 2638 4001 2779 4078; x_wconf 77' lang='grc' dir='ltr'>κατὰ</span> <span class='ocrx_word' id='word_1_483' title='bbox 2811 4023 2902 4078; x_wconf 83' lang='grc' dir='ltr'><strong>τὸν</strong></span> <span class='ocrx_word' id='word_1_484' title='bbox 2933 4023 3116 4096; x_wconf 85' lang='grc' dir='ltr'>ὅμοιον</span> <span class='ocrx_word' id='word_1_485' title='bbox 3148 4023 3310 4092; x_wconf 83' lang='grc' dir='ltr'>τῆσδε</span> <span class='ocrx_word' id='word_1_486' title='bbox 3337 4023 3434 4088; x_wconf 87' lang='grc' dir='ltr'>τῆς</span> <span class='ocrx_word' id='word_1_487' title='bbox 3464 4017 3748 4088; x_wconf 82' lang='grc' dir='ltr'>διαστολῆς</span> 
     </span>
    </p>
   </div>
   <div class='ocr_carea' id='block_1_68' title="bbox 465 4113 2058 4187">
    <p class='ocr_par' dir='ltr' id='par_1_68' title="bbox 465 4113 2058 4187">
     <span class='ocr_line' id='line_1_68' title="bbox 465 4113 2058 4187; baseline 0.003 -21"><span class='ocrx_word' id='word_1_488' title='bbox 465 4113 660 4168; x_wconf 80' lang='lat' dir='ltr'><strong>circuli</strong></span> <span class='ocrx_word' id='word_1_489' title='bbox 691 4129 866 4170; x_wconf 89' lang='lat' dir='ltr'><strong>annos</strong></span> <span class='ocrx_word' id='word_1_490' title='bbox 900 4116 1041 4170; x_wconf 75' lang='lat' dir='ltr'><strong>luna:</strong></span> <span class='ocrx_word' id='word_1_491' title='bbox 1078 4115 1362 4170; x_wconf 91' lang='lat' dir='ltr'><strong>continent</strong></span> <span class='ocrx_word' id='word_1_492' title='bbox 1390 4125 1515 4171; x_wconf 89' lang='lat' dir='ltr'><strong>octo</strong></span> <span class='ocrx_word' id='word_1_493' title='bbox 1541 4125 1596 4171; x_wconf 94' lang='lat' dir='ltr'><strong>et</strong></span> <span class='ocrx_word' id='word_1_494' title='bbox 1621 4117 1816 4187; x_wconf 76' lang='lat' dir='ltr'><strong>viginti</strong></span> <span class='ocrx_word' id='word_1_495' title='bbox 1855 4131 2058 4172; x_wconf 85' lang='lat' dir='ltr'><strong>ennea-</strong></span> 
     </span>
    </p>
   </div>
   <div class='ocr_carea' id='block_1_69' title="bbox 464 4203 2056 4276">
    <p class='ocr_par' dir='ltr' id='par_1_69' title="bbox 464 4203 2056 4276">
     <span class='ocr_line' id='line_1_69' title="bbox 464 4203 2056 4276; baseline 0.003 -20"><span class='ocrx_word' id='word_1_496' title='bbox 464 4203 894 4266; x_wconf 86' lang='lat' dir='ltr'><strong>dccaeteridum,</strong></span> <span class='ocrx_word' id='word_1_497' title='bbox 947 4205 1002 4258; x_wconf 89' lang='lat' dir='ltr'><strong>in</strong></span> <span class='ocrx_word' id='word_1_498' title='bbox 1043 4205 1246 4274; x_wconf 88' lang='lat' dir='ltr'><strong>quibus</strong></span> <span class='ocrx_word' id='word_1_499' title='bbox 1277 4222 1372 4258; x_wconf 82' lang='lat' dir='ltr'><strong>xlv</strong></span> <span class='ocrx_word' id='word_1_500' title='bbox 1409 4205 1570 4276; x_wconf 86' lang='lat' dir='ltr'><strong>primi</strong></span> <span class='ocrx_word' id='word_1_501' title='bbox 1607 4205 1810 4260; x_wconf 87' lang='lat' dir='ltr'><strong>mensis</strong></span> <span class='ocrx_word' id='word_1_502' title='bbox 1839 4205 2056 4260; x_wconf 84' lang='lat' dir='ltr'><strong>Judaici</strong></span> 
     </span>
    </p>
   </div>
   <div class='ocr_carea' id='block_1_70' title="bbox 467 4294 2058 4368">
    <p class='ocr_par' dir='ltr' id='par_1_70' title="bbox 467 4294 2058 4368">
     <span class='ocr_line' id='line_1_70' title="bbox 467 4294 2058 4368; baseline 0.002 -20"><span class='ocrx_word' id='word_1_503' title='bbox 467 4296 522 4348; x_wconf 89' lang='lat' dir='ltr'><strong>in</strong></span> <span class='ocrx_word' id='word_1_504' title='bbox 557 4294 896 4350; x_wconf 84' lang='lat' dir='ltr'><strong>Dominicam</strong></span> <span class='ocrx_word' id='word_1_505' title='bbox 925 4295 1174 4351; x_wconf 90' lang='lat' dir='ltr'><strong>incidens</strong></span> <span class='ocrx_word' id='word_1_506' title='bbox 1191 4297 1260 4350; x_wconf 88' lang='lat' dir='ltr'><strong>ab</strong></span> <span class='ocrx_word' id='word_1_507' title='bbox 1281 4297 1390 4352; x_wconf 92' lang='lat' dir='ltr'><strong>illis</strong></span> <span class='ocrx_word' id='word_1_508' title='bbox 1423 4313 1512 4358; x_wconf 86' lang='lat' dir='ltr'><strong>xv,</strong></span> <span class='ocrx_word' id='word_1_509' title='bbox 1541 4296 1628 4350; x_wconf 84' lang='lat' dir='ltr'><strong>vel</strong></span> <span class='ocrx_word' id='word_1_510' title='bbox 1661 4313 1752 4350; x_wconf 81' lang='lat' dir='ltr'><strong>xv1</strong></span> <span class='ocrx_word' id='word_1_511' title='bbox 1779 4305 2058 4368; x_wconf 87' lang='lat' dir='ltr'><strong>computa-</strong></span> 
     </span>
    </p>
   </div>
   <div class='ocr_carea' id='block_1_71' title="bbox 465 4387 2056 4458">
    <p class='ocr_par' dir='ltr' id='par_1_71' title="bbox 465 4387 2056 4458">
     <span class='ocr_line' id='line_1_71' title="bbox 465 4387 2056 4458; baseline 0.003 -18"><span class='ocrx_word' id='word_1_512' title='bbox 465 4393 576 4441; x_wconf 90' lang='lat' dir='ltr'><strong>tur.</strong></span> <span class='ocrx_word' id='word_1_513' title='bbox 594 4387 864 4442; x_wconf 74' lang='lat' dir='ltr'><strong>Caaeterum</strong></span> <span class='ocrx_word' id='word_1_514' title='bbox 896 4387 1092 4443; x_wconf 87' lang='lat' dir='ltr'><strong>ordine</strong></span> <span class='ocrx_word' id='word_1_515' title='bbox 1115 4389 1374 4458; x_wconf 61' lang='lat' dir='ltr'><strong>qualibet</strong></span> <span class='ocrx_word' id='word_1_516' title='bbox 1400 4390 1884 4446; x_wconf 83' lang='lat' dir='ltr'><strong>enneadecaeteris</strong></span> <span class='ocrx_word' id='word_1_517' title='bbox 1913 4391 2056 4444; x_wconf 88' lang='lat' dir='ltr'><strong>indi-</strong></span> 
     </span>
    </p>
   </div>
   <div class='ocr_carea' id='block_1_72' title="bbox 463 4479 2056 4554">
    <p class='ocr_par' dir='ltr' id='par_1_72' title="bbox 463 4479 2056 4554">
     <span class='ocr_line' id='line_1_72' title="bbox 463 4479 2056 4554; baseline 0.004 -22"><span class='ocrx_word' id='word_1_518' title='bbox 463 4487 642 4543; x_wconf 86' lang='lat' dir='ltr'><strong>catur,</strong></span> <span class='ocrx_word' id='word_1_519' title='bbox 672 4481 850 4549; x_wconf 91' lang='lat' dir='ltr'><strong>prima</strong></span> <span class='ocrx_word' id='word_1_520' title='bbox 879 4479 1100 4550; x_wconf 87' lang='lat' dir='ltr'><strong>quidem</strong></span> <span class='ocrx_word' id='word_1_521' title='bbox 1137 4496 1234 4551; x_wconf 89' lang='lat' dir='ltr'><strong>per</strong></span> <span class='ocrx_word' id='word_1_522' title='bbox 1259 4482 1498 4552; x_wconf 89' lang='lat' dir='ltr'><strong>primum</strong></span> <span class='ocrx_word' id='word_1_523' title='bbox 1540 4483 1674 4538; x_wconf 84' lang='lat' dir='ltr'><strong>solis</strong></span> <span class='ocrx_word' id='word_1_524' title='bbox 1705 4499 1929 4548; x_wconf 87' lang='lat' dir='ltr'><strong>annum,</strong></span> <span class='ocrx_word' id='word_1_525' title='bbox 1961 4485 2056 4554; x_wconf 90' lang='lat' dir='ltr'><strong>qui</strong></span> 
     </span>
    </p>
   </div>
   <div class='ocr_carea' id='block_1_73' title="bbox 463 4569 2054 4646">
    <p class='ocr_par' dir='ltr' id='par_1_73' title="bbox 463 4569 2054 4646">
     <span class='ocr_line' id='line_1_73' title="bbox 463 4569 2054 4646; baseline 0.004 -24"><span class='ocrx_word' id='word_1_526' title='bbox 463 4577 661 4639; x_wconf 89' lang='lat' dir='ltr'><strong>quarto</strong></span> <span class='ocrx_word' id='word_1_527' title='bbox 694 4569 906 4624; x_wconf 91' lang='lat' dir='ltr'><strong>circulo</strong></span> <span class='ocrx_word' id='word_1_528' title='bbox 942 4572 1244 4642; x_wconf 86' lang='lat' dir='ltr'><strong>inscriptus</strong></span> <span class='ocrx_word' id='word_1_529' title='bbox 1273 4583 1356 4628; x_wconf 85' lang='lat' dir='ltr'><strong>est</strong></span> <span class='ocrx_word' id='word_1_530' title='bbox 1391 4592 1404 4628; x_wconf 93' lang='lat'><strong>:</strong></span> <span class='ocrx_word' id='word_1_531' title='bbox 1444 4583 1568 4642; x_wconf 88' lang='lat' dir='ltr'><strong>post</strong></span> <span class='ocrx_word' id='word_1_532' title='bbox 1594 4590 1778 4646; x_wconf 87' lang='lat' dir='ltr'><strong>quem,</strong></span> <span class='ocrx_word' id='word_1_533' title='bbox 1815 4581 1876 4628; x_wconf 88' lang='lat' dir='ltr'><strong>ut</strong></span> <span class='ocrx_word' id='word_1_534' title='bbox 1919 4575 2054 4642; x_wconf 88' lang='lat' dir='ltr'><strong>dixi,</strong></span> 
     </span>
    </p>
   </div>
   <div class='ocr_carea' id='block_1_74' title="bbox 465 4662 2056 4732">
    <p class='ocr_par' dir='ltr' id='par_1_74' title="bbox 465 4662 2056 4732">
     <span class='ocr_line' id='line_1_74' title="bbox 465 4662 2056 4732; baseline 0.005 -17"><span class='ocrx_word' id='word_1_535' title='bbox 465 4662 684 4718; x_wconf 89' lang='lat' dir='ltr'><strong>lunares</strong></span> <span class='ocrx_word' id='word_1_536' title='bbox 717 4663 844 4718; x_wconf 89' lang='lat' dir='ltr'><strong>anni</strong></span> <span class='ocrx_word' id='word_1_537' title='bbox 873 4662 1300 4732; x_wconf 87' lang='lat' dir='ltr'><strong>describuntur;</strong></span> <span class='ocrx_word' id='word_1_538' title='bbox 1335 4667 1578 4722; x_wconf 85' lang='lat' dir='ltr'><strong>secunda</strong></span> <span class='ocrx_word' id='word_1_539' title='bbox 1623 4667 2056 4724; x_wconf 83' lang='lat' dir='ltr'><strong>enneadecaete—</strong></span> 
     </span>
    </p>
   </div>
   <div class='ocr_carea' id='block_1_75' title="bbox 464 4757 2054 4832">
    <p class='ocr_par' dir='ltr' id='par_1_75' title="bbox 464 4757 2054 4832">
     <span class='ocr_line' id='line_1_75' title="bbox 464 4757 2054 4832; baseline 0.004 -23"><span class='ocrx_word' id='word_1_540' title='bbox 464 4757 543 4812; x_wconf 83' lang='lat' dir='ltr'><strong>ris</strong></span> <span class='ocrx_word' id='word_1_541' title='bbox 569 4772 664 4828; x_wconf 86' lang='lat' dir='ltr'><strong>per</strong></span> <span class='ocrx_word' id='word_1_542' title='bbox 695 4766 1034 4827; x_wconf 87' lang='lat' dir='ltr'><strong>sequentem.</strong></span> <span class='ocrx_word' id='word_1_543' title='bbox 1063 4757 1128 4812; x_wconf 88' lang='lat' dir='ltr'><strong>Et</strong></span> <span class='ocrx_word' id='word_1_544' title='bbox 1153 4759 1226 4814; x_wconf 91' lang='lat' dir='ltr'><strong>ita</strong></span> <span class='ocrx_word' id='word_1_545' title='bbox 1257 4761 1486 4830; x_wconf 61' lang='lat' dir='ltr'><strong>singulm</strong></span> <span class='ocrx_word' id='word_1_546' title='bbox 1513 4775 1612 4832; x_wconf 90' lang='lat' dir='ltr'><strong>per</strong></span> <span class='ocrx_word' id='word_1_547' title='bbox 1643 4761 2054 4832; x_wconf 83' lang='lat' dir='ltr'><strong>suprascriptos</strong></span> 
     </span>
    </p>
   </div>
   <div class='ocr_carea' id='block_1_76' title="bbox 464 4847 2057 4923">
    <p class='ocr_par' dir='ltr' id='par_1_76' title="bbox 464 4847 2057 4923">
     <span class='ocr_line' id='line_1_76' title="bbox 464 4847 2057 4923; baseline 0.004 -23"><span class='ocrx_word' id='word_1_548' title='bbox 464 4863 638 4903; x_wconf 85' lang='lat' dir='ltr'><strong>annos</strong></span> <span class='ocrx_word' id='word_1_549' title='bbox 685 4849 839 4906; x_wconf 86' lang='lat' dir='ltr'><strong>solis.</strong></span> <span class='ocrx_word' id='word_1_550' title='bbox 893 4847 990 4904; x_wconf 81' lang='lat' dir='ltr'><strong>liis</strong></span> <span class='ocrx_word' id='word_1_551' title='bbox 1030 4852 1178 4906; x_wconf 89' lang='lat' dir='ltr'><strong>enim</strong></span> <span class='ocrx_word' id='word_1_552' title='bbox 1224 4851 1293 4906; x_wconf 87' lang='lat' dir='ltr'><strong>ad</strong></span> <span class='ocrx_word' id='word_1_553' title='bbox 1324 4851 1572 4922; x_wconf 85' lang='lat' dir='ltr'><strong>ejusdem</strong></span> <span class='ocrx_word' id='word_1_554' title='bbox 1607 4853 1815 4908; x_wconf 88' lang='lat' dir='ltr'><strong>numeri</strong></span> <span class='ocrx_word' id='word_1_555' title='bbox 1847 4851 2057 4923; x_wconf 80' lang='lat' dir='ltr'><strong>signiﬁ-</strong></span> 
     </span>
    </p>
   </div>
   <div class='ocr_carea' id='block_1_77' title="bbox 461 4939 2057 5014">
    <p class='ocr_par' dir='ltr' id='par_1_77' title="bbox 461 4939 2057 5014">
     <span class='ocr_line' id='line_1_77' title="bbox 461 4939 2057 5014; baseline 0.003 -21"><span class='ocrx_word' id='word_1_556' title='bbox 461 4939 668 4996; x_wconf 85' lang='lat' dir='ltr'><strong>eandas</strong></span> <span class='ocrx_word' id='word_1_557' title='bbox 717 4942 1272 4998; x_wconf 87' lang='lat' dir='ltr'><strong>enneadecaeteridas</strong></span> <span class='ocrx_word' id='word_1_558' title='bbox 1320 4945 1406 5000; x_wconf 91' lang='lat' dir='ltr'><strong>usi</strong></span> <span class='ocrx_word' id='word_1_559' title='bbox 1455 4959 1671 5008; x_wconf 87' lang='lat' dir='ltr'><strong>sumus,</strong></span> <span class='ocrx_word' id='word_1_560' title='bbox 1717 4959 1786 5000; x_wconf 90' lang='lat' dir='ltr'><strong>ne</strong></span> <span class='ocrx_word' id='word_1_561' title='bbox 1829 4953 2057 5014; x_wconf 84' lang='lat' dir='ltr'><strong>pr0pter</strong></span> 
     </span>
    </p>
   </div>
   <div class='ocr_carea' id='block_1_78' title="bbox 460 5033 2052 5106">
    <p class='ocr_par' dir='ltr' id='par_1_78' title="bbox 460 5033 2052 5106">
     <span class='ocr_line' id='line_1_78' title="bbox 460 5033 2052 5106; baseline 0.003 -20"><span class='ocrx_word' id='word_1_562' title='bbox 460 5048 556 5086; x_wconf 83' lang='lat' dir='ltr'><strong>eas</strong></span> <span class='ocrx_word' id='word_1_563' title='bbox 602 5033 711 5086; x_wconf 90' lang='lat' dir='ltr'><strong>alio</strong></span> <span class='ocrx_word' id='word_1_564' title='bbox 759 5033 970 5088; x_wconf 88' lang='lat' dir='ltr'><strong>circulo</strong></span> <span class='ocrx_word' id='word_1_565' title='bbox 1011 5051 1152 5106; x_wconf 87' lang='lat' dir='ltr'><strong>opus</strong></span> <span class='ocrx_word' id='word_1_566' title='bbox 1201 5044 1382 5102; x_wconf 84' lang='lat' dir='ltr'><strong>esset;</strong></span> <span class='ocrx_word' id='word_1_567' title='bbox 1433 5052 1498 5092; x_wconf 90' lang='lat' dir='ltr'><strong>ac</strong></span> <span class='ocrx_word' id='word_1_568' title='bbox 1549 5037 1774 5092; x_wconf 90' lang='lat' dir='ltr'><strong>circulis</strong></span> <span class='ocrx_word' id='word_1_569' title='bbox 1806 5043 2052 5090; x_wconf 87' lang='lat' dir='ltr'><strong>tantum-</strong></span> 
     </span>
    </p>
   </div>
   <div class='ocr_carea' id='block_1_79' title="bbox 461 5124 2052 5194">
    <p class='ocr_par' dir='ltr' id='par_1_79' title="bbox 461 5124 2052 5194">
     <span class='ocr_line' id='line_1_79' title="bbox 461 5124 2052 5194; baseline 0.003 -18"><span class='ocrx_word' id='word_1_570' title='bbox 461 5124 624 5180; x_wconf 85' lang='lat' dir='ltr'><strong>modo</strong></span> <span class='ocrx_word' id='word_1_571' title='bbox 673 5141 708 5178; x_wconf 78' lang='grc' dir='ltr'><strong>ν</strong></span> <span class='ocrx_word' id='word_1_572' title='bbox 756 5126 1052 5194; x_wconf 83' lang='lat' dir='ltr'><strong>cujuslibet</strong></span> <span class='ocrx_word' id='word_1_573' title='bbox 1089 5129 1634 5185; x_wconf 85' lang='lat' dir='ltr'><strong>enneadecaeteridis</strong></span> <span class='ocrx_word' id='word_1_574' title='bbox 1669 5145 1846 5186; x_wconf 86' lang='lat' dir='ltr'><strong>annos</strong></span> <span class='ocrx_word' id='word_1_575' title='bbox 1890 5129 2052 5183; x_wconf 82' lang='lat' dir='ltr'><strong>attri-</strong></span> 
     </span>
    </p>
   </div>
   <div class='ocr_carea' id='block_1_80' title="bbox 459 5215 2052 5290">
    <p class='ocr_par' dir='ltr' id='par_1_80' title="bbox 459 5215 2052 5290">
     <span class='ocr_line' id='line_1_80' title="bbox 459 5215 2052 5290; baseline 0.005 -22"><span class='ocrx_word' id='word_1_576' title='bbox 459 5215 714 5280; x_wconf 86' lang='lat' dir='ltr'><strong>buimus,</strong></span> <span class='ocrx_word' id='word_1_577' title='bbox 771 5217 1030 5286; x_wconf 90' lang='lat' dir='ltr'><strong>quoniam</strong></span> <span class='ocrx_word' id='word_1_578' title='bbox 1085 5219 1141 5274; x_wconf 90' lang='lat' dir='ltr'><strong>in</strong></span> <span class='ocrx_word' id='word_1_579' title='bbox 1189 5219 1340 5274; x_wconf 85' lang='lat' dir='ltr'><strong>nulla</strong></span> <span class='ocrx_word' id='word_1_580' title='bbox 1400 5235 1630 5290; x_wconf 87' lang='lat' dir='ltr'><strong>prorsus</strong></span> <span class='ocrx_word' id='word_1_581' title='bbox 1677 5221 1822 5274; x_wconf 85' lang='lat' dir='ltr'><strong>ultra</strong></span> <span class='ocrx_word' id='word_1_582' title='bbox 1877 5235 2052 5276; x_wconf 87' lang='lat' dir='ltr'><strong>annos</strong></span> 
     </span>
    </p>
   </div>
   <div class='ocr_carea' id='block_1_81' title="bbox 461 5307 2050 5379">
    <p class='ocr_par' dir='ltr' id='par_1_81' title="bbox 461 5307 2050 5379">
     <span class='ocr_line' id='line_1_81' title="bbox 461 5307 2050 5379; baseline 0.004 -21"><span class='ocrx_word' id='word_1_583' title='bbox 461 5307 702 5376; x_wconf 89' lang='lat' dir='ltr'><strong>quinque</strong></span> <span class='ocrx_word' id='word_1_584' title='bbox 733 5307 788 5361; x_wconf 91' lang='lat' dir='ltr'><strong>in</strong></span> <span class='ocrx_word' id='word_1_585' title='bbox 822 5307 1162 5366; x_wconf 88' lang='lat' dir='ltr'><strong>Dominicam</strong></span> <span class='ocrx_word' id='word_1_586' title='bbox 1193 5311 1392 5367; x_wconf 88' lang='lat' dir='ltr'><strong>cadere</strong></span> <span class='ocrx_word' id='word_1_587' title='bbox 1433 5311 1920 5368; x_wconf 77' lang='lat' dir='ltr'><strong>animadvertimus</strong></span> <span class='ocrx_word' id='word_1_588' title='bbox 1959 5329 2050 5379; x_wconf 85' lang='lat' dir='ltr'><strong>xv,</strong></span> 
     </span>
    </p>
   </div>
   <div class='ocr_carea' id='block_1_82' title="bbox 461 5397 2052 5474">
    <p class='ocr_par' dir='ltr' id='par_1_82' title="bbox 461 5397 2052 5474">
     <span class='ocr_line' id='line_1_82' title="bbox 461 5397 2052 5474; baseline 0.005 -24"><span class='ocrx_word' id='word_1_589' title='bbox 461 5397 544 5450; x_wconf 89' lang='lat' dir='ltr'><strong>vel</strong></span> <span class='ocrx_word' id='word_1_590' title='bbox 589 5413 678 5451; x_wconf 86' lang='lat' dir='ltr'><strong>xv1</strong></span> <span class='ocrx_word' id='word_1_591' title='bbox 733 5397 972 5464; x_wconf 90' lang='lat' dir='ltr'><strong>illorum,</strong></span> <span class='ocrx_word' id='word_1_592' title='bbox 1003 5415 1168 5470; x_wconf 90' lang='lat' dir='ltr'><strong>quam</strong></span> <span class='ocrx_word' id='word_1_593' title='bbox 1203 5417 1306 5458; x_wconf 88' lang='lat' dir='ltr'><strong>nos</strong></span> <span class='ocrx_word' id='word_1_594' title='bbox 1342 5418 1434 5457; x_wconf 84' lang='lat' dir='ltr'><strong>x1v</strong></span> <span class='ocrx_word' id='word_1_595' title='bbox 1459 5411 1870 5474; x_wconf 84' lang='lat' dir='ltr'><strong>computamus,</strong></span> <span class='ocrx_word' id='word_1_596' title='bbox 1905 5403 2052 5474; x_wconf 90' lang='lat' dir='ltr'><strong>quod</strong></span> 
     </span>
    </p>
   </div>
   <div class='ocr_carea' id='block_1_83' title="bbox 462 5490 2048 5568">
    <p class='ocr_par' dir='ltr' id='par_1_83' title="bbox 462 5490 2048 5568">
     <span class='ocr_line' id='line_1_83' title="bbox 462 5490 2048 5568; baseline 0.007 -27"><span class='ocrx_word' id='word_1_597' title='bbox 462 5490 680 5543; x_wconf 88' lang='lat' dir='ltr'><strong>nonnisi</strong></span> <span class='ocrx_word' id='word_1_598' title='bbox 726 5491 783 5544; x_wconf 91' lang='lat' dir='ltr'><strong>in</strong></span> <span class='ocrx_word' id='word_1_599' title='bbox 827 5507 957 5556; x_wconf 90' lang='lat' dir='ltr'><strong>uno,</strong></span> <span class='ocrx_word' id='word_1_600' title='bbox 1013 5495 1097 5548; x_wconf 89' lang='lat' dir='ltr'><strong>vel</strong></span> <span class='ocrx_word' id='word_1_601' title='bbox 1149 5495 1387 5558; x_wconf 84' lang='lat' dir='ltr'><strong>duobus,</strong></span> <span class='ocrx_word' id='word_1_602' title='bbox 1439 5497 1524 5550; x_wconf 90' lang='lat' dir='ltr'><strong>vel</strong></span> <span class='ocrx_word' id='word_1_603' title='bbox 1558 5497 1758 5560; x_wconf 82' lang='lat' dir='ltr'><strong>tribus,</strong></span> <span class='ocrx_word' id='word_1_604' title='bbox 1791 5499 1877 5553; x_wconf 90' lang='lat' dir='ltr'><strong>vel</strong></span> <span class='ocrx_word' id='word_1_605' title='bbox 1907 5513 2048 5568; x_wconf 88' lang='lat' dir='ltr'><strong>qua-</strong></span> 
     </span>
    </p>
   </div>
   <div class='ocr_carea' id='block_1_84' title="bbox 463 5581 2046 5658">
    <p class='ocr_par' dir='ltr' id='par_1_84' title="bbox 463 5581 2046 5658">
     <span class='ocr_line' id='line_1_84' title="bbox 463 5581 2046 5658; baseline 0.007 -25"><span class='ocrx_word' id='word_1_606' title='bbox 463 5587 608 5644; x_wconf 90' lang='lat' dir='ltr'><strong>tuor,</strong></span> <span class='ocrx_word' id='word_1_607' title='bbox 637 5581 947 5654; x_wconf 90' lang='lat' dir='ltr'><strong>quinqueve</strong></span> <span class='ocrx_word' id='word_1_608' title='bbox 977 5587 1140 5643; x_wconf 86' lang='lat' dir='ltr'><strong>annis</strong></span> <span class='ocrx_word' id='word_1_609' title='bbox 1171 5587 1250 5654; x_wconf 83' lang='lat' dir='ltr'><strong>ﬁt,</strong></span> <span class='ocrx_word' id='word_1_610' title='bbox 1284 5589 1341 5644; x_wconf 89' lang='lat' dir='ltr'><strong>in</strong></span> <span class='ocrx_word' id='word_1_611' title='bbox 1373 5589 1624 5658; x_wconf 88' lang='lat' dir='ltr'><strong>pluribus</strong></span> <span class='ocrx_word' id='word_1_612' title='bbox 1659 5605 1769 5644; x_wconf 87' lang='lat' dir='ltr'><strong>non</strong></span> <span class='ocrx_word' id='word_1_613' title='bbox 1820 5589 2046 5645; x_wconf 88' lang='lat' dir='ltr'><strong>accidit.</strong></span> 
     </span>
    </p>
   </div>
   <div class='ocr_carea' id='block_1_85' title="bbox 533 5733 758 5794">
    <p class='ocr_par' dir='ltr' id='par_1_85' title="bbox 533 5733 758 5794">
     <span class='ocr_line' id='line_1_85' title="bbox 533 5733 758 5794; baseline 0.022 -4"><span class='ocrx_word' id='word_1_614' title='bbox 533 5733 580 5770; x_wconf 80' lang='grc'><strong>⁸⁸</strong></span> <span class='ocrx_word' id='word_1_615' title='bbox 609 5737 642 5790; x_wconf 77' lang='grc' dir='ltr'><strong>Γ.</strong></span> <span class='ocrx_word' id='word_1_616' title='bbox 677 5739 758 5794; x_wconf 84' lang='grc' dir='ltr'><strong>ιδ’.</strong></span> 
     </span>
    </p>
   </div>
   <div class='ocr_carea' id='block_1_86' title="bbox 2155 4109 3748 4188">
    <p class='ocr_par' dir='ltr' id='par_1_86' title="bbox 2155 4109 3748 4188">
     <span class='ocr_line' id='line_1_86' title="bbox 2155 4109 3748 4188; baseline -0.004 -18"><span class='ocrx_word' id='word_1_617' title='bbox 2155 4117 2378 4188; x_wconf 83' lang='grc' dir='ltr'>τρόπον.</span> <span class='ocrx_word' id='word_1_618' title='bbox 2422 4117 2702 4188; x_wconf 81' lang='grc' dir='ltr'>Ἀνωτέρω</span> <span class='ocrx_word' id='word_1_619' title='bbox 2731 4116 2790 4170; x_wconf 88' lang='grc' dir='ltr'>δὲ</span> <span class='ocrx_word' id='word_1_620' title='bbox 2823 4116 3028 4170; x_wconf 86' lang='grc' dir='ltr'>τούτων</span> <span class='ocrx_word' id='word_1_621' title='bbox 3060 4117 3136 4180; x_wconf 82' lang='grc' dir='ltr'><strong>ὡς</strong></span> <span class='ocrx_word' id='word_1_622' title='bbox 3169 4111 3346 4182; x_wconf 83' lang='grc' dir='ltr'>ἀληθῆ</span> <span class='ocrx_word' id='word_1_623' title='bbox 3379 4111 3447 4164; x_wconf 79' lang='grc' dir='ltr'><strong>τὰ</strong></span> <span class='ocrx_word' id='word_1_624' title='bbox 3476 4109 3620 4164; x_wconf 79' lang='grc' dir='ltr'>κατὰ</span> <span class='ocrx_word' id='word_1_625' title='bbox 3647 4111 3748 4182; x_wconf 85' lang='grc' dir='ltr'>τὴν</span> 
     </span>
    </p>
   </div>
   <div class='ocr_carea' id='block_1_87' title="bbox 2158 4202 3745 4281">
    <p class='ocr_par' dir='ltr' id='par_1_87' title="bbox 2158 4202 3745 4281">
     <span class='ocr_line' id='line_1_87' title="bbox 2158 4202 3745 4281; baseline -0.003 -18"><span class='ocrx_word' id='word_1_626' title='bbox 2158 4207 2616 4281; x_wconf 80' lang='grc' dir='ltr'>ὲκκλησιαστικὴν</span> <span class='ocrx_word' id='word_1_627' title='bbox 2649 4209 2948 4280; x_wconf 77' lang='grc' dir='ltr'>παράδοσιν</span> <span class='ocrx_word' id='word_1_628' title='bbox 2969 4204 3319 4277; x_wconf 79' lang='grc' dir='ltr'>ψηφιζόμενα</span> <span class='ocrx_word' id='word_1_629' title='bbox 3345 4202 3745 4274; x_wconf 77' lang='grc' dir='ltr'>κατετάξαμεν.</span> 
     </span>
    </p>
   </div>
   <div class='ocr_carea' id='block_1_88' title="bbox 2157 4294 3748 4372">
    <p class='ocr_par' dir='ltr' id='par_1_88' title="bbox 2157 4294 3748 4372">
     <span class='ocr_line' id='line_1_88' title="bbox 2157 4294 3748 4372; baseline -0.003 -18"><span class='ocrx_word' id='word_1_630' title='bbox 2157 4301 2343 4355; x_wconf 89' lang='grc' dir='ltr'>Ταῦτα</span> <span class='ocrx_word' id='word_1_631' title='bbox 2390 4301 2487 4372; x_wconf 80' lang='grc' dir='ltr'><strong>μὲν</strong></span> <span class='ocrx_word' id='word_1_632' title='bbox 2519 4303 2578 4354; x_wconf 83' lang='grc' dir='ltr'>ὲν</span> <span class='ocrx_word' id='word_1_633' title='bbox 2609 4303 2722 4364; x_wconf 86' lang='grc' dir='ltr'>τοῖς</span> <span class='ocrx_word' id='word_1_634' title='bbox 2761 4301 3024 4371; x_wconf 79' lang='grc' dir='ltr'>τέσσαρσι</span> <span class='ocrx_word' id='word_1_635' title='bbox 3057 4296 3152 4350; x_wconf 80' lang='grc' dir='ltr'>τοῦ</span> <span class='ocrx_word' id='word_1_636' title='bbox 3187 4294 3382 4368; x_wconf 79' lang='grc' dir='ltr'>τροχοῦ</span> <span class='ocrx_word' id='word_1_637' title='bbox 3413 4294 3660 4359; x_wconf 85' lang='grc' dir='ltr'>κύκλοις·</span> <span class='ocrx_word' id='word_1_638' title='bbox 3697 4296 3748 4349; x_wconf 78' lang='grc' dir='ltr'>οἱ</span> 
     </span>
    </p>
   </div>
   <div class='ocr_carea' id='block_1_89' title="bbox 2155 4385 3751 4464">
    <p class='ocr_par' dir='ltr' id='par_1_89' title="bbox 2155 4385 3751 4464">
     <span class='ocr_line' id='line_1_89' title="bbox 2155 4385 3751 4464; baseline -0.003 -18"><span class='ocrx_word' id='word_1_639' title='bbox 2155 4393 2213 4446; x_wconf 82' lang='grc' dir='ltr'><strong>δὲ</strong></span> <span class='ocrx_word' id='word_1_640' title='bbox 2255 4393 2459 4446; x_wconf 85' lang='grc' dir='ltr'>τούτων</span> <span class='ocrx_word' id='word_1_641' title='bbox 2494 4392 2644 4456; x_wconf 79' lang='grc' dir='ltr'>ἐντὸς</span> <span class='ocrx_word' id='word_1_642' title='bbox 2695 4389 3163 4464; x_wconf 80' lang='grc' dir='ltr'>διαγεγραμμένοι</span> <span class='ocrx_word' id='word_1_643' title='bbox 3209 4394 3250 4440; x_wconf 86' lang='grc' dir='ltr'>ε’</span> <span class='ocrx_word' id='word_1_644' title='bbox 3302 4385 3492 4440; x_wconf 87' lang='grc' dir='ltr'>κύκλοι</span> <span class='ocrx_word' id='word_1_645' title='bbox 3535 4387 3604 4441; x_wconf 84' lang='grc' dir='ltr'>τὰ</span> <span class='ocrx_word' id='word_1_646' title='bbox 3639 4387 3751 4442; x_wconf 85' lang='grc' dir='ltr'><strong>τῶν</strong></span> 
     </span>
    </p>
   </div>
   <div class='ocr_carea' id='block_1_90' title="bbox 2157 4477 3752 4558">
    <p class='ocr_par' dir='ltr' id='par_1_90' title="bbox 2157 4477 3752 4558">
     <span class='ocr_line' id='line_1_90' title="bbox 2157 4477 3752 4558; baseline -0.006 -20"><span class='ocrx_word' id='word_1_647' title='bbox 2157 4483 2464 4555; x_wconf 73' lang='grc' dir='ltr'>εἰρημένων</span> <span class='ocrx_word' id='word_1_648' title='bbox 2525 4481 2609 4553; x_wconf 87' lang='grc' dir='ltr'>κη’</span> <span class='ocrx_word' id='word_1_649' title='bbox 2673 4477 3325 4549; x_wconf 84' lang='grc' dir='ltr'>ὲννεακαιδεκαετηρίδων</span> <span class='ocrx_word' id='word_1_650' title='bbox 3367 4477 3466 4548; x_wconf 83' lang='grc' dir='ltr'>τῆς</span> <span class='ocrx_word' id='word_1_651' title='bbox 3517 4477 3752 4558; x_wconf 75' lang='grc' dir='ltr'>σελήνης</span> 
     </span>
    </p>
   </div>
   <div class='ocr_carea' id='block_1_91' title="bbox 2160 4567 3751 4648">
    <p class='ocr_par' dir='ltr' id='par_1_91' title="bbox 2160 4567 3751 4648">
     <span class='ocr_line' id='line_1_91' title="bbox 2160 4567 3751 4648; baseline -0.006 -18"><span class='ocrx_word' id='word_1_652' title='bbox 2160 4577 2504 4648; x_wconf 83' lang='grc' dir='ltr'>περιέχουσιν</span> <span class='ocrx_word' id='word_1_653' title='bbox 2547 4573 2642 4646; x_wconf 72' lang='grc' dir='ltr'>ἐτη</span> <span class='ocrx_word' id='word_1_654' title='bbox 2665 4591 2680 4606; x_wconf 76' lang='grc' dir='ltr'><strong><em>ο</em></strong></span> <span class='ocrx_word' id='word_1_655' title='bbox 2717 4575 2776 4628; x_wconf 85' lang='grc' dir='ltr'>ἐν</span> <span class='ocrx_word' id='word_1_656' title='bbox 2801 4568 2882 4636; x_wconf 76' lang='grc' dir='ltr'>οἷς</span> <span class='ocrx_word' id='word_1_657' title='bbox 2923 4573 3003 4635; x_wconf 87' lang='grc' dir='ltr'>εἰς</span> <span class='ocrx_word' id='word_1_658' title='bbox 3051 4567 3275 4640; x_wconf 80' lang='grc' dir='ltr'>πρώτην</span> <span class='ocrx_word' id='word_1_659' title='bbox 3314 4569 3548 4639; x_wconf 83' lang='grc' dir='ltr'>ἡμέραν,</span> <span class='ocrx_word' id='word_1_660' title='bbox 3579 4569 3751 4638; x_wconf 80' lang='grc' dir='ltr'>ἡγουν</span> 
     </span>
    </p>
   </div>
   <div class='ocr_carea' id='block_1_92' title="bbox 2125 4655 3752 4740">
    <p class='ocr_par' dir='ltr' id='par_1_92' title="bbox 2125 4655 3752 4740">
     <span class='ocr_line' id='line_1_92' title="bbox 2125 4655 3752 4740; baseline -0.006 -20"><span class='ocrx_word' id='word_1_661' title='bbox 2125 4731 2130 4740; x_wconf 38' lang='grc' dir='ltr'><strong>Ι</strong></span> <span class='ocrx_word' id='word_1_662' title='bbox 2159 4667 2322 4734; x_wconf 86' lang='grc' dir='ltr'>ἁγίαν</span> <span class='ocrx_word' id='word_1_663' title='bbox 2364 4663 2674 4734; x_wconf 81' lang='grc' dir='ltr'>Κυριακὴν,</span> <span class='ocrx_word' id='word_1_664' title='bbox 2706 4669 2748 4714; x_wconf 86' lang='grc' dir='ltr'>ε’</span> <span class='ocrx_word' id='word_1_665' title='bbox 2803 4661 2898 4716; x_wconf 76' lang='grc' dir='ltr'><strong>καὶ</strong></span> <span class='ocrx_word' id='word_1_666' title='bbox 2951 4658 3002 4724; x_wconf 88' lang='grc' dir='ltr'><strong>ι’,</strong></span> <span class='ocrx_word' id='word_1_667' title='bbox 3038 4660 3071 4732; x_wconf 84' lang='grc' dir='ltr'><strong>ἡ</strong></span> <span class='ocrx_word' id='word_1_668' title='bbox 3112 4656 3163 4724; x_wconf 86' lang='grc' dir='ltr'>ς’</span> <span class='ocrx_word' id='word_1_669' title='bbox 3191 4657 3287 4714; x_wconf 74' lang='grc' dir='ltr'><strong>καὶ</strong></span> <span class='ocrx_word' id='word_1_670' title='bbox 3333 4655 3386 4720; x_wconf 87' lang='grc' dir='ltr'>ι’,</span> <span class='ocrx_word' id='word_1_671' title='bbox 3417 4659 3616 4710; x_wconf 75' lang='grc' dir='ltr'>ἐκεῖνοι</span> <span class='ocrx_word' id='word_1_672' title='bbox 3649 4658 3752 4728; x_wconf 75' lang='grc' dir='ltr'>τὴν</span> 
     </span>
    </p>
   </div>
   <div class='ocr_carea' id='block_1_93' title="bbox 2155 4747 3749 4826">
    <p class='ocr_par' dir='ltr' id='par_1_93' title="bbox 2155 4747 3749 4826">
     <span class='ocr_line' id='line_1_93' title="bbox 2155 4747 3749 4826; baseline -0.007 -16"><span class='ocrx_word' id='word_1_673' title='bbox 2155 4757 2198 4810; x_wconf 85' lang='grc' dir='ltr'><strong>δ’</strong></span> <span class='ocrx_word' id='word_1_674' title='bbox 2215 4757 2309 4810; x_wconf 70' lang='grc' dir='ltr'><strong>καὶ</strong></span> <span class='ocrx_word' id='word_1_675' title='bbox 2337 4753 2680 4826; x_wconf 63' lang='grc' dir='ltr'>ι’ψηφιζουσι</span> <span class='ocrx_word' id='word_1_676' title='bbox 2707 4751 2803 4806; x_wconf 77' lang='grc' dir='ltr'>τοῦ</span> <span class='ocrx_word' id='word_1_677' title='bbox 2838 4751 2959 4806; x_wconf 83' lang='grc' dir='ltr'>καθ’</span> <span class='ocrx_word' id='word_1_678' title='bbox 2997 4749 3284 4822; x_wconf 80' lang='grc' dir='ltr'>Ἐὕραίους</span> <span class='ocrx_word' id='word_1_679' title='bbox 3312 4747 3530 4820; x_wconf 76' lang='grc' dir='ltr'>πρώτου</span> <span class='ocrx_word' id='word_1_680' title='bbox 3559 4747 3749 4819; x_wconf 86' lang='grc' dir='ltr'>μηνός.</span> 
     </span>
    </p>
   </div>
   <div class='ocr_carea' id='block_1_94' title="bbox 2155 4839 3754 4920">
    <p class='ocr_par' dir='ltr' id='par_1_94' title="bbox 2155 4839 3754 4920">
     <span class='ocr_line' id='line_1_94' title="bbox 2155 4839 3754 4920; baseline -0.006 -18"><span class='ocrx_word' id='word_1_681' title='bbox 2155 4847 2418 4920; x_wconf 79' lang='grc' dir='ltr'>Δηλοῦται</span> <span class='ocrx_word' id='word_1_682' title='bbox 2465 4847 2524 4900; x_wconf 76' lang='grc' dir='ltr'><strong>δὲ</strong></span> <span class='ocrx_word' id='word_1_683' title='bbox 2577 4846 2721 4900; x_wconf 76' lang='grc' dir='ltr'>κατὰ</span> <span class='ocrx_word' id='word_1_684' title='bbox 2771 4843 2924 4908; x_wconf 78' lang='grc' dir='ltr'>τάξιν</span> <span class='ocrx_word' id='word_1_685' title='bbox 2955 4845 2988 4914; x_wconf 87' lang='grc' dir='ltr'><strong>ἡ</strong></span> <span class='ocrx_word' id='word_1_686' title='bbox 3021 4843 3120 4914; x_wconf 83' lang='grc' dir='ltr'><strong>μὲν</strong></span> <span class='ocrx_word' id='word_1_687' title='bbox 3167 4839 3357 4913; x_wconf 84' lang='grc' dir='ltr'>πρώτη</span> <span class='ocrx_word' id='word_1_688' title='bbox 3389 4841 3486 4912; x_wconf 83' lang='grc' dir='ltr'>τῆς</span> <span class='ocrx_word' id='word_1_689' title='bbox 3521 4840 3754 4910; x_wconf 74' lang='grc' dir='ltr'>σελήνης</span> 
     </span>
    </p>
   </div>
   <div class='ocr_carea' id='block_1_95' title="bbox 2155 4932 3754 5010">
    <p class='ocr_par' dir='ltr' id='par_1_95' title="bbox 2155 4932 3754 5010">
     <span class='ocr_line' id='line_1_95' title="bbox 2155 4932 3754 5010; baseline -0.006 -16"><span class='ocrx_word' id='word_1_690' title='bbox 2155 4939 2733 5010; x_wconf 75' lang='grc' dir='ltr'>ὲννεακαιδεκαετηρὶς</span> <span class='ocrx_word' id='word_1_691' title='bbox 2777 4937 2869 4990; x_wconf 80' lang='grc' dir='ltr'><strong>διὰ</strong></span> <span class='ocrx_word' id='word_1_692' title='bbox 2913 4935 3007 4989; x_wconf 76' lang='grc' dir='ltr'>τοῦ</span> <span class='ocrx_word' id='word_1_693' title='bbox 3038 4933 3258 5006; x_wconf 83' lang='grc' dir='ltr'>πρώτου</span> <span class='ocrx_word' id='word_1_694' title='bbox 3303 4933 3446 4987; x_wconf 80' lang='grc' dir='ltr'>κατὰ</span> <span class='ocrx_word' id='word_1_695' title='bbox 3477 4933 3570 4988; x_wconf 83' lang='grc' dir='ltr'><strong>τὸν</strong></span> <span class='ocrx_word' id='word_1_696' title='bbox 3598 4932 3754 5002; x_wconf 83' lang='grc' dir='ltr'>ἥλιον</span> 
     </span>
    </p>
   </div>
   <div class='ocr_carea' id='block_1_96' title="bbox 2155 5023 3752 5100">
    <p class='ocr_par' dir='ltr' id='par_1_96' title="bbox 2155 5023 3752 5100">
     <span class='ocr_line' id='line_1_96' title="bbox 2155 5023 3752 5100; baseline -0.006 -14"><span class='ocrx_word' id='word_1_697' title='bbox 2155 5033 2309 5097; x_wconf 77' lang='grc' dir='ltr'>ἔτους</span> <span class='ocrx_word' id='word_1_698' title='bbox 2357 5030 2452 5084; x_wconf 78' lang='grc' dir='ltr'>τοῦ</span> <span class='ocrx_word' id='word_1_699' title='bbox 2501 5032 2580 5093; x_wconf 80' lang='grc' dir='ltr'>εἰς</span> <span class='ocrx_word' id='word_1_700' title='bbox 2623 5029 2716 5083; x_wconf 79' lang='grc' dir='ltr'><strong>τὸν</strong></span> <span class='ocrx_word' id='word_1_701' title='bbox 2751 5028 3012 5100; x_wconf 84' lang='grc' dir='ltr'>τέταρτον</span> <span class='ocrx_word' id='word_1_702' title='bbox 3041 5025 3496 5098; x_wconf 79' lang='grc' dir='ltr'>ἐγγεγραμμένου</span> <span class='ocrx_word' id='word_1_703' title='bbox 3527 5023 3752 5086; x_wconf 82' lang='grc' dir='ltr'>κύκλον,</span> 
     </span>
    </p>
   </div>
   <div class='ocr_carea' id='block_1_97' title="bbox 2158 5119 3753 5195">
    <p class='ocr_par' dir='ltr' id='par_1_97' title="bbox 2158 5119 3753 5195">
     <span class='ocr_line' id='line_1_97' title="bbox 2158 5119 3753 5195; baseline -0.006 -16"><span class='ocrx_word' id='word_1_704' title='bbox 2158 5125 2273 5195; x_wconf 81' lang='grc' dir='ltr'>μεθ’</span> <span class='ocrx_word' id='word_1_705' title='bbox 2313 5125 2393 5188; x_wconf 76' lang='grc' dir='ltr'>ὃν,</span> <span class='ocrx_word' id='word_1_706' title='bbox 2425 5123 2502 5187; x_wconf 81' lang='grc' dir='ltr'>ὡς</span> <span class='ocrx_word' id='word_1_707' title='bbox 2539 5123 2698 5192; x_wconf 73' lang='grc' dir='ltr'>ἔφην,</span> <span class='ocrx_word' id='word_1_708' title='bbox 2727 5122 2798 5174; x_wconf 82' lang='grc' dir='ltr'><strong>τὰ</strong></span> <span class='ocrx_word' id='word_1_709' title='bbox 2821 5121 2962 5176; x_wconf 73' lang='grc' dir='ltr'>αὐτὰ</span> <span class='ocrx_word' id='word_1_710' title='bbox 2989 5121 3090 5192; x_wconf 83' lang='grc' dir='ltr'>τῆς</span> <span class='ocrx_word' id='word_1_711' title='bbox 3117 5120 3348 5192; x_wconf 83' lang='grc' dir='ltr'>σελήνης</span> <span class='ocrx_word' id='word_1_712' title='bbox 3374 5119 3753 5190; x_wconf 74' lang='grc' dir='ltr'>διεγράφησαν</span> 
     </span>
    </p>
   </div>
   <div class='ocr_carea' id='block_1_98' title="bbox 2105 5209 3754 5288">
    <p class='ocr_par' dir='ltr' id='par_1_98' title="bbox 2105 5209 3754 5288">
     <span class='ocr_line' id='line_1_98' title="bbox 2105 5209 3754 5288; baseline -0.006 -18"><span class='ocrx_word' id='word_1_713' title='bbox 2105 5235 2108 5238; x_wconf 67' lang='grc'><em>’</em></span> <span class='ocrx_word' id='word_1_714' title='bbox 2153 5217 2279 5288; x_wconf 75' lang='grc' dir='ltr'>ἐτη·</span> <span class='ocrx_word' id='word_1_715' title='bbox 2315 5217 2349 5288; x_wconf 87' lang='grc' dir='ltr'><strong>ἡ</strong></span> <span class='ocrx_word' id='word_1_716' title='bbox 2389 5215 2446 5268; x_wconf 83' lang='grc' dir='ltr'>δὲ</span> <span class='ocrx_word' id='word_1_717' title='bbox 2479 5214 2521 5286; x_wconf 80' lang='grc' dir='ltr'><strong>β’</strong></span> <span class='ocrx_word' id='word_1_718' title='bbox 2553 5214 2643 5269; x_wconf 78' lang='grc' dir='ltr'><strong>διὰ</strong></span> <span class='ocrx_word' id='word_1_719' title='bbox 2665 5215 2759 5268; x_wconf 74' lang='grc' dir='ltr'><strong>τοῦ</strong></span> <span class='ocrx_word' id='word_1_720' title='bbox 2791 5213 2834 5285; x_wconf 83' lang='grc' dir='ltr'><strong>β’</strong></span> <span class='ocrx_word' id='word_1_721' title='bbox 2855 5231 2868 5244; x_wconf 80' lang='grc'><strong><em>⁸</em></strong></span> <span class='ocrx_word' id='word_1_722' title='bbox 2904 5215 2997 5268; x_wconf 75' lang='grc' dir='ltr'><strong>καὶ</strong></span> <span class='ocrx_word' id='word_1_723' title='bbox 3025 5213 3212 5276; x_wconf 79' lang='grc' dir='ltr'>ἁπλῶς</span> <span class='ocrx_word' id='word_1_724' title='bbox 3245 5215 3300 5266; x_wconf 86' lang='grc' dir='ltr'>αἱ</span> <span class='ocrx_word' id='word_1_725' title='bbox 3329 5213 3500 5266; x_wconf 79' lang='grc' dir='ltr'>πᾶσαι</span> <span class='ocrx_word' id='word_1_726' title='bbox 3525 5209 3612 5262; x_wconf 78' lang='grc' dir='ltr'><strong>διὰ</strong></span> <span class='ocrx_word' id='word_1_727' title='bbox 3641 5209 3754 5262; x_wconf 79' lang='grc' dir='ltr'>τῶν</span> 
     </span>
    </p>
   </div>
   <div class='ocr_carea' id='block_1_99' title="bbox 2155 5301 3756 5383">
    <p class='ocr_par' dir='ltr' id='par_1_99' title="bbox 2155 5301 3756 5383">
     <span class='ocr_line' id='line_1_99' title="bbox 2155 5301 3756 5383; baseline -0.007 -19"><span class='ocrx_word' id='word_1_728' title='bbox 2155 5309 2568 5383; x_wconf 83' lang='grc' dir='ltr'>ὑπερκειμένων</span> <span class='ocrx_word' id='word_1_729' title='bbox 2610 5308 2707 5362; x_wconf 76' lang='grc' dir='ltr'>τοῦ</span> <span class='ocrx_word' id='word_1_730' title='bbox 2739 5307 2892 5380; x_wconf 84' lang='grc' dir='ltr'>ἡλίου</span> <span class='ocrx_word' id='word_1_731' title='bbox 2941 5307 3100 5360; x_wconf 82' lang='grc' dir='ltr'><strong>ὲτῶν.</strong></span> <span class='ocrx_word' id='word_1_732' title='bbox 3135 5305 3358 5368; x_wconf 82' lang='grc' dir='ltr'>Τούτοις</span> <span class='ocrx_word' id='word_1_733' title='bbox 3398 5303 3508 5375; x_wconf 84' lang='grc' dir='ltr'>γὰρ</span> <span class='ocrx_word' id='word_1_734' title='bbox 3535 5303 3616 5366; x_wconf 84' lang='grc' dir='ltr'>εἰς</span> <span class='ocrx_word' id='word_1_735' title='bbox 3651 5301 3756 5371; x_wconf 81' lang='grc' dir='ltr'><strong>τὴν</strong></span> 
     </span>
    </p>
   </div>
   <div class='ocr_carea' id='block_1_100' title="bbox 2155 5393 3754 5476">
    <p class='ocr_par' dir='ltr' id='par_1_100' title="bbox 2155 5393 3754 5476">
     <span class='ocr_line' id='line_1_100' title="bbox 2155 5393 3754 5476; baseline -0.008 -18"><span class='ocrx_word' id='word_1_736' title='bbox 2155 5405 2266 5459; x_wconf 84' lang='grc' dir='ltr'>τῶν</span> <span class='ocrx_word' id='word_1_737' title='bbox 2289 5404 2592 5476; x_wconf 77' lang='grc' dir='ltr'>ἰσαρίθμων</span> <span class='ocrx_word' id='word_1_738' title='bbox 2615 5399 3268 5472; x_wconf 81' lang='grc' dir='ltr'>ὲννεακαιδεκαετηρῑδων</span> <span class='ocrx_word' id='word_1_739' title='bbox 3295 5393 3754 5468; x_wconf 76' lang='grc' dir='ltr'>συνεχρησαμεθα</span> 
     </span>
    </p>
   </div>
   <div class='ocr_carea' id='block_1_101' title="bbox 2158 5487 3751 5570">
    <p class='ocr_par' dir='ltr' id='par_1_101' title="bbox 2158 5487 3751 5570">
     <span class='ocr_line' id='line_1_101' title="bbox 2158 5487 3751 5570; baseline -0.011 -17"><span class='ocrx_word' id='word_1_740' title='bbox 2158 5499 2456 5570; x_wconf 78' lang='grc' dir='ltr'>σημασίαν,</span> <span class='ocrx_word' id='word_1_741' title='bbox 2493 5499 2583 5552; x_wconf 83' lang='grc' dir='ltr'><strong>ἴνα</strong></span> <span class='ocrx_word' id='word_1_742' title='bbox 2625 5497 2699 5570; x_wconf 82' lang='grc' dir='ltr'>μὴ</span> <span class='ocrx_word' id='word_1_743' title='bbox 2755 5495 2844 5550; x_wconf 82' lang='grc' dir='ltr'><strong>διὰ</strong></span> <span class='ocrx_word' id='word_1_744' title='bbox 2889 5495 3096 5558; x_wconf 87' lang='grc' dir='ltr'>ταύτας</span> <span class='ocrx_word' id='word_1_745' title='bbox 3150 5493 3308 5548; x_wconf 80' lang='grc' dir='ltr'>ἄλλον</span> <span class='ocrx_word' id='word_1_746' title='bbox 3358 5487 3751 5562; x_wconf 72' lang='grc' dir='ltr'>διαγράψιιιμεν</span> 
     </span>
    </p>
   </div>
   <div class='ocr_carea' id='block_1_102' title="bbox 2157 5583 3754 5660">
    <p class='ocr_par' dir='ltr' id='par_1_102' title="bbox 2157 5583 3754 5660">
     <span class='ocr_line' id='line_1_102' title="bbox 2157 5583 3754 5660; baseline -0.009 -15"><span class='ocrx_word' id='word_1_747' title='bbox 2157 5590 2376 5648; x_wconf 68' lang='grc' dir='ltr'>κύκλον.</span> <span class='ocrx_word' id='word_1_748' title='bbox 2403 5591 2572 5644; x_wconf 76' lang='grc' dir='ltr'>Πέντε</span> <span class='ocrx_word' id='word_1_749' title='bbox 2603 5591 2658 5644; x_wconf 82' lang='grc' dir='ltr'><strong>δὲ</strong></span> <span class='ocrx_word' id='word_1_750' title='bbox 2691 5589 2849 5660; x_wconf 83' lang='grc' dir='ltr'>μόνον</span> <span class='ocrx_word' id='word_1_751' title='bbox 2875 5585 3094 5651; x_wconf 87' lang='grc' dir='ltr'>κύκλοις</span> <span class='ocrx_word' id='word_1_752' title='bbox 3115 5584 3182 5640; x_wconf 82' lang='grc' dir='ltr'>τὰ</span> <span class='ocrx_word' id='word_1_753' title='bbox 3203 5585 3441 5654; x_wconf 79' lang='grc' dir='ltr'>ἑκάστης</span> <span class='ocrx_word' id='word_1_754' title='bbox 3465 5583 3754 5635; x_wconf 79' lang='grc' dir='ltr'>ἐννεακαι-</span> 
     </span>
    </p>
   </div>
  </div>
