4106 6420
353 408 490 465 1257

1119 402 1176 457 S.
1218 398 1464 455 MAXIM]
1501 393 1861 454 MARTYRIS
1896 391 2273 450 COMPUTUS
2309 388 2749 447 ECCLESIAST.

3452 385 3592 440 1258

352 517 725 591 δεκαετηρίδος
758 515 1137 588 τετηρήκαμεν
1167 513 1293 585 ἔτη·
1324 512 1510 583 ἐπειδὴ
1537 512 1657 565 οὐδὲ
1689 511 1785 581 μιᾷ
1813 525 1912 562 πε·
1943 561 1946 569 ,

2029 507 2228 561 Etenim
2282 522 2380 577 per
2430 504 2681 577 quamvis
2727 498 3296 557 enneadecaeteridem
3335 499 3391 555 in
3433 504 3594 558 annis

356 610 587 684 ραιτέρω
616 608 723 662 τῶν
752 605 792 660 ε’
823 606 956 661 ἐτῶν
986 607 1065 669 εἰς
1086 604 1367 676 Κυριακὴν
1396 603 1605 676 ἡμέραν
1643 599 1912 656 συναντῶ-

2018 613 2140 660 xui,
2170 596 2434 651 decimam
2467 596 2713 665 quintam
2751 612 2765 647 :
2797 593 2853 647 in
2886 606 3015 656 uno,
3049 606 3139 646 xvi
3170 597 3384 661 putant,
3413 598 3472 645 ut
3507 592 3595 647 di-

357 681 455 755 σαν
483 681 789 772 εὗρήκαμεν
813 697 909 769 τὴν
942 697 1069 768 παρ’
1096 695 1321 758 ἐκείνοις
1349 692 1723 765 ψηφιζομένην
1752 690 1791 746 ε’
1823 691 1916 746 καὶ

2029 695 2159 743 :tum
2186 694 2291 752 est,
2336 701 2456 742 eam
2487 700 2608 757 quae
2636 699 2729 738 xiv
2760 698 2950 739 revera
2976 692 3080 739 est.
3114 681 3220 738 Sed
3256 682 3312 737 in
3351 681 3596 737 Domini-

356 790 408 859 ι’,
440 793 473 865 ἦ
503 790 556 858 ς’
580 791 674 846 καὶ
707 788 757 855 ι’,
772 791 852 853 εἰς
892 789 959 859 ἢν
1003 786 1123 841 καθ’
1157 788 1302 857 ἡμᾶς
1327 783 1367 838 δ’
1399 785 1490 838 καὶ
1529 782 1558 837 ι’
1603 781 1915 854 ψηφίζεται,

354 882 468 936 ἀλλ’
499 882 532 952 ἢ
575 883 632 934 ἐν
666 881 764 944 ἑνὶ,
797 879 831 951 ἡ
858 880 1025 941 δυσὶν,
1067 878 1099 950 ἢ
1127 877 1324 949 τρισὶν,
1353 877 1386 947 ἦ
1416 875 1721 959 τέσσαρσιν,
1753 875 1786 946 ἦ
1834 873 1875 927 ε’
1898 890 1915 906 ·

355 974 520 1027 πλείω
546 973 601 1026 δὲ
632 970 897 1043 οὐδαμῶς.
926 970 1082 1024 Κατὰ
1108 970 1285 1022 πᾶσαν
1318 969 1414 1039 μὲν
1436 966 1544 1039 γάρ
1582 965 1918 1020 ἐννεακαιδε-

354 1064 649 1136 καετηρίδα
680 1062 736 1116 ἐν
776 1079 837 1116 τε
868 1065 979 1124 τοῖς
1008 1059 1318 1130 δεκατρισὶν
1348 1058 1521 1111 ἔτεσιν
1559 1054 1599 1110 ε’
1625 1057 1718 1110 καὶ
1747 1056 1799 1123 ι’,
1827 1055 1921 1110 καὶ

354 1156 432 1227 τῷ
465 1156 543 1209 ἐνὶ
588 1151 647 1219 ἒξ
674 1154 766 1207 καὶ
795 1151 827 1207 ι’
856 1152 953 1225 τὴν
995 1149 1035 1204 δ’
1077 1151 1172 1205 καί⁸
1201 1147 1255 1214 ι’,
1282 1149 1357 1213 ὡς
1383 1148 1537 1218 ἔφην,
1575 1146 1918 1218 ψηφίζουσιν.

356 1248 469 1300 Οὐκ
493 1247 609 1300 ἔστι
636 1246 692 1299 δὲ
712 1248 790 1310 εἰς
810 1242 1093 1315 Κυριακὴν
1122 1242 1354 1314 ἡμέραν.
1392 1239 1481 1305 Ἐξ
1500 1231 1560 1292 οὒ
1593 1237 1694 1293 κᾶν
1717 1240 1765 1291 εἰ
1793 1238 1922 1310 περὶ

354 1337 452 1408 τὴν
478 1339 576 1409 τῆς
600 1337 826 1407 σελήνης
854 1334 1172 1405 σφάλλονται
1202 1332 1437 1406 ἡμέραν,
1461 1331 1596 1385 ἀλλά
1626 1346 1688 1399 γε
1715 1328 1842 1400 περί
1862 1328 1923 1382 τὸ

355 1429 498 1483 κατά
541 1428 771 1500 Χριστὸν
819 1428 879 1480 οὐ
919 1425 1340 1499 διαμαρτάνουσι
1380 1422 1570 1493 Πάσχα
1594 1422 1645 1475 δ.
1728 1460 1742 1475 .

356 1519 447 1573 τοῦ
476 1518 744 1573 τελεῖσθαι
772 1517 931 1589 μέχρι
967 1517 1068 1587 τῆς
1107 1514 1200 1568 τοῦ
1243 1515 1476 1584 φέγγους
1506 1511 1716 1575 εἰκάδος
1745 1507 1792 1562 α’
1814 1526 1829 1541 ⁸
1859 1509 1926 1580 ἢν

355 1611 453 1681 οὐχ
487 1610 923 1683 ὑπερϐαίνουσιν,
955 1607 1061 1660 ἀπὸ
1084 1606 1339 1678 δευτέρας
1372 1606 1470 1675 τὴν
1510 1601 1550 1657 ε’
1580 1604 1674 1657 καὶ
1713 1601 1744 1655 ι’
1759 1601 1930 1671 ψηφί-

357 1699 555 1765 ζοντες·
571 1700 758 1774 ὥσπερ
786 1700 905 1754 οὐδὲ
936 1699 1042 1753 άπὸ
1061 1697 1107 1768 γ’
1131 1698 1228 1769 τὴν
1254 1697 1304 1763 ς’
1338 1697 1431 1750 καὶ
1459 1694 1513 1750 ι’.
1532 1696 1684 1749 Ἐπεὶ
1704 1694 1930 1764 ταύτην,

357 1794 496 1863 λέγω
528 1793 584 1848 δὲ
612 1793 709 1865 τὴν
737 1790 789 1859 ς’
811 1794 903 1847 καὶ
936 1789 987 1857 ι’,
1012 1791 1105 1844 ὲάν
1129 1790 1239 1845 ἀπὸ
1261 1791 1358 1862 τῆς
1373 1788 1514 1843 κατὰ
1540 1788 1636 1860 τὴν
1662 1787 1932 1858 ἑϐδομάδα

2016 796 2136 836 cam
2162 795 2240 837 ea:
2270 796 2380 835 non
2417 779 2691 835 incidunt.
2720 776 2880 833 Unde
2914 778 3037 833 licet
3068 777 3125 831 in
3164 776 3252 832 die
3300 775 3421 846 ipso
3455 776 3600 829 lunae

2015 867 2188 939 fugiat
2234 869 2356 924 illos
2409 867 2585 935 ratio,
2636 881 2747 922 non
2799 874 2981 922 tamen
3039 866 3094 921 in
3141 864 3456 920 Christiano
3493 864 3601 920 Pa-

2022 963 2210 1017 schate
2253 975 2406 1016 error
2441 960 2653 1030 obrepit
2684 1000 2699 1013 .
2731 998 2747 1013 .
2781 997 2798 1012 .
2831 998 2847 1014 .
2876 958 3140 1014 celebrari
3191 972 3364 1028 usque
3406 956 3474 1012 ad
3504 973 3599 1017 xxx

2018 1054 2160 1109 lunae
2182 1068 2343 1124 quam
2369 1067 2478 1107 non
2505 1052 2919 1117 transcendunt,
2947 1065 3071 1105 cum
3100 1050 3340 1105 secunda
3365 1048 3496 1105 l‘eria
3529 1065 3600 1103 xv

2020 1152 2335 1215 computant
2366 1163 2380 1199 :
2413 1142 2870 1214 quemadmodum
2902 1157 3024 1198 cum
3069 1142 3230 1197 tertia
3274 1157 3365 1196 xvr
3413 1157 3601 1196 nume-

2020 1244 2167 1293 rant.
2216 1234 2350 1291 Nam
2395 1234 2443 1290 si
2494 1235 2637 1290 hanc
2687 1235 2860 1305 ipsam
2907 1250 3000 1289 xvi
3033 1233 3167 1291 feria
3202 1251 3239 1290 ιι
3281 1242 3596 1294 numerent.

2024 1331 2215 1399 utique
2259 1327 2760 1397 transgrediuntur.
2812 1325 3023 1396 Quippe
3070 1342 3158 1380 xvn
3202 1333 3258 1382 et
3294 1343 3349 1381 νι
3392 1327 3602 1383 faciunt

1906 1456 1923 1474 .
2024 1433 2157 1474 xxn.
2183 1415 2264 1472 0b
2289 1417 2431 1470 hanc
2458 1431 2678 1471 causam
2708 1431 2880 1470 annos
2908 1415 3048 1471 lunae
3072 1430 3260 1471 eorum
3287 1417 3497 1473 calculo
3523 1419 3599 1472 ita

2026 1514 2246 1579 putatos
2278 1506 2482 1576 duplici
2520 1512 2723 1577 puncto
2760 1505 3068 1561 notavimus
3101 1523 3114 1561 :
3148 1506 3399 1562 similiter
3425 1522 3600 1564 annos

2027 1612 2145 1659 eos.
2194 1597 2393 1667 quibus
2441 1595 2721 1651 Dominica
2750 1596 2838 1651 die
2869 1611 2957 1650 xw
2992 1596 3104 1665 illa,
3138 1611 3300 1667 quam
3331 1597 3592 1665 diximus,

2029 1689 2370 1751 observatur,
2424 1696 2627 1758 puncto
2676 1688 2878 1758 triplici
2930 1687 3299 1745 distinximus.
3353 1689 3466 1745 Hoc
3514 1705 3601 1748 est

2030 1789 2350 1847 punctorum
2385 1777 2601 1832 illorum
2631 1780 2926 1847 negotium,
2961 1792 3082 1847 qua)
3126 1778 3449 1849 quibusdam
3495 1796 3599 1835 an-

357 1862 607 1956 δευτέρας
645 1862 971 1956 φηφίσωσιν,
1004 1882 1385 1955 ὑπερϐαίνουσι
1430 1881 1645 1942 πάντως
1665 1896 1681 1912 ο
1708 1876 1781 1945 ις’
1812 1878 1919 1948 γάρ

2029 1870 2109 1926 nis
2152 1871 2296 1925 lunae
2338 1876 2466 1924 sunt
2516 1868 2814 1940 adscripta,
2858 1879 2914 1925 et
2959 1869 3027 1924 ad
3066 1869 3359 1926 discrimen
3407 1887 3599 1929 eorum

358 1974 449 2028 καὶ
480 1970 531 2038 ς’
564 1970 648 2044 κβ¹
680 1972 943 2027 ποιοῦσιν.
1001 1971 1092 2025 Διὸ
1143 1971 1237 2025 καὶ
1285 1970 1352 2023 τὰ
1386 1970 1556 2033 οὕτως
1588 1972 1717 2039 παρ’
1740 1970 1921 2032 αὐτοῖς

358 2061 698 2134 ψηφιζόμενα
729 2063 831 2133 τῆς
876 2062 1103 2133 σελήνης
1141 2062 1237 2131 ἐτη
1270 2059 1727 2131 ὲσημειωσάμεθα
1756 2058 1843 2112 διὰ
1879 2054 1922 2129 β’

360 2151 621 2223 στιγμῶν.
664 2151 892 2223 Ὁμοίως
920 2151 976 2205 δὲ
1006 2150 1099 2204 καὶ
1129 2149 1198 2203 τὰ
1226 2151 1284 2202 ὲν
1307 2145 1389 2212 οἷς
1416 2152 1497 2214 εἰς
1518 2149 1801 2221 Κυριακὴν
1826 2147 1924 2219 τὴν

358 2244 653 2316 εἰρημένην
682 2240 735 2309 ς’
763 2243 858 2297 καὶ
890 2240 919 2296 ι’
957 2242 1303 2314 τηροῦσι,διὰ
1330 2241 1494 2313 τριῶν
1519 2241 1782 2311 στιγμῶν.
1815 2242 1924 2295 Καὶ

358 2326 510 2397 οὗτος
551 2335 579 2387 ό
621 2333 750 2404 περὶ
786 2332 893 2386 τῶν
927 2331 1170 2402 στιγμῶν
1207 2331 1367 2399 λόγος
1390 2329 1500 2384 τῶν
1526 2331 1757 2384 ἐνόντων
1783 2331 1925 2385 τισὶν

359 2425 503 2479 ἔτεσι
534 2425 632 2496 τῆς
660 2424 908 2495 σελήνης,
944 2424 1005 2488 ἐξ
1030 2418 1105 2478 ὧν
1135 2426 1170 2494 ἡ
1195 2423 1456 2494 ’διαστολὴ
1490 2422 1699 2491 γίνεται
1732 2422 1843 2476 τῶν
1869 2423 1927 2476 ἐν

357 2509 439 2580 οἷς
464 2514 637 2569 εἰκάδι
667 2512 731 2585 β’,
761 2516 855 2568 καὶ
882 2516 939 2568 ἐν
969 2509 1050 2578 οἷς
1090 2513 1264 2568 εἰκάδι
1291 2511 1362 2584 γ’,
1390 2514 1484 2567 καί
1522 2515 1581 2566 ὲν
1602 2508 1683 2577 οἷς
1710 2514 1814 2584 πρὸ
1832 2512 1926 2567 τοῦ

370 2604 657 2678 Ἐϐραῖκοῦ
711 2605 901 2676 Πάσχα
945 2605 1006 2658 τὸ
1056 2605 1195 2659 κατὰ
1241 2604 1474 2677 Χριστὸν
1504 2604 1656 2676 παρὰ
1695 2605 1757 2658 τὸ
1783 2604 1929 2669 εἰκὸς

358 2695 747 2762 κανονίζουσιν.
790 2698 876 2750 Ἐν
915 2697 1023 2768 γάρ
1066 2700 1176 2762 τοῖς
1205 2695 1304 2760 τὰς
1339 2696 1432 2750 δύο
1465 2697 1698 2768 στιγμὰς
1744 2697 1927 2769 έχουσι

358 2785 515 2841 τοῦτο
552 2785 813 2850 ποιοῦσιν,
853 2788 934 2850 εἰς
968 2785 1250 2858 Κυριακὴν
1279 2785 1494 2858 ἡμέραν
1521 2784 1619 2856 τὴν
1652 2786 1777 2857 παρ’
1798 2787 1928 2856 ἡμῖν

357 2873 489 2948 γ⁹⁸⁶,
523 2878 618 2931 ml.
651 2875 703 2942 ι’,
726 2875 767 2930 ε’
798 2877 892 2931 καὶ
921 2875 975 2940 ι’,
998 2877 1152 2930 αὐτοὶ
1176 2875 1270 2930 τοῦ
1310 2877 1543 2947 φέγγους
1576 2877 1926 2949 ψηφίζοντες.

359 2969 455 3033 Εἰς
501 2969 569 3040 ἡν
623 2969 745 3023 ὅσον
780 2968 878 3040 μὲν
924 2968 991 3022 δι’
1029 2968 1198 3040 αὐτὴν
1244 2967 1343 3040 τὴν
1386 2966 1427 3021 ε’
1460 2968 1554 3023 καί⁵
1594 2966 1625 3020 ι’
1653 2966 1929 3040 ἑορτάζειν

358 3054 583 3124 ὤφελον,
631 3055 787 3110 τοῦτό
814 3073 877 3123 γε
915 3054 1009 3111 τοῦ
1041 3056 1265 3120 κανόνος
1312 3057 1682 3129 ὲγχωροῠντος
1722 3061 1926 3123 ποιεῖν,

359 3147 549 3201 δσονδὲ
567 3147 654 3201 διὰ
673 3147 768 3218 τὴν
785 3145 826 3200 δ’
848 3150 941 3201 καὶ
969 3144 999 3200 ι’
1025 3149 1092 3219 τῇ
1125 3147 1271 3219 ἑξῆς,
1298 3147 1462 3217 ἡγουν
1484 3150 1550 3219 τῇ
1584 3147 1628 3220 β’
1654 3149 1754 3221 τῆς
1777 3148 1928 3203 ἐϐδο-

364 3239 531 3309 μάδος
564 3239 931 3310 ὑπάρχουσαν,
965 3240 1072 3311 πρὸ
1117 3239 1210 3295 τοῦ
1258 3240 1379 3294 καθ’
1416 3241 1697 3313 Ἑϐραίους
1738 3243 1929 3315 Πάσχα

358 3328 423 3383 τὺ
467 3330 608 3384 κατὰ
635 3331 864 3402 Χριστὸν
898 3330 1204 3402 ἐλέγχονται
1256 3331 1643 3400 κανονίςοντες,
1678 3335 1773 3390 καὶ
1804 3336 1932 3408 περὶ

360 3420 460 3491 τὴν
499 3421 670 3493 ἀληθῆ
697 3422 875 3492 ψῆφον
896 3421 1362 3493 διαμαρτάνοντες.
1387 3426 1451 3479 Εἰ
1483 3424 1591 3498 γὰρ
1619 3427 1713 3479 καὶ
1744 3428 1777 3498 ἡ
1807 3443 1931 3480 συν-

363 3510 641 3581 έμπτωσις
664 3512 759 3566 τοῦ
787 3512 926 3567 κατὰ
951 3514 1184 3583 Χριστὸν
1214 3515 1349 3586 πρὸς
1388 3515 1451 3569 τὸ
1493 3514 1778 3586 Ἐὁραῖκὺν
1819 3515 1934 3568 δια-

364 3603 616 3658 ϐάλλεται
655 3604 867 3675 Πάσχα,
900 3606 951 3658 τί
982 3604 1026 3657 δ’
1052 3604 1116 3659 ἄν
1148 3623 1231 3669 τις
1263 3606 1406 3659 εἴποι
1435 3607 1563 3678 περί
1593 3607 1693 3678 τῆς
1722 3623 1932 3678 προεμ-

365 3695 653 3760 πτώσεως;
676 3696 746 3749 Συ
754 3695 969 3767 μὸαἰνει
994 3696 1052 3750 δὲ
1079 3692 1233 3762 αὖθις
1255 3697 1493 3763 ἐκείνους
1515 3697 1577 3752 τὸ
1605 3698 1718 3752 ἴσον
1737 3698 1931 3764 τελεῖν,

366 3786 472 3841 κᾶν
502 3790 614 3852 τοῖς
638 3787 754 3841 es"
785 3826 801 3841 .
878 3826 894 3843 .
969 3830 983 3843 .
1063 3826 1080 3844 .
1156 3828 1172 3844 .
1243 3830 1259 3845 .
1337 3830 1351 3844 .
1381 3789 1575 3843 ἔτεσιν.
1612 3790 1701 3843 Ἐν
1725 3789 1935 3854 τούτοις

365 3877 475 3953 γὰρ
521 3881 912 3935 πεντεκαιδεκά
985 3921 999 3937 .
1075 3920 1091 3936 .
1168 3921 1185 3937 .
1260 3918 1275 3934 .
1357 3921 1372 3935 .
1445 3921 1461 3935 .
1540 3919 1557 3935 .
1634 3919 1650 3934 .
1683 3880 1782 3953 τὴν
1836 3880 1936 3951 τῆς

368 3973 447 4035 εἰς
478 3972 1012 4047 Κυριακὴνὴμέραν
1048 3972 1188 4044 ψηφί
1262 4010 1276 4027 .
1356 4012 1370 4026 .
1450 4013 1465 4028 .
1544 4014 1560 4028 .
1637 4011 1653 4028 .
1731 4013 1744 4026 .
1825 4012 1839 4026 .
1917 4011 1932 4026 .

369 4058 552 4127 ζοντες
579 4062 674 4117 τοῦ
707 4064 931 4135 νομικοῢ
963 4064 1172 4135 Πάσχα.
1213 4063 1301 4127 Ὠς
1325 4063 1391 4119 ἂν
1427 4063 1607 4119 τοίνυν
1638 4104 1653 4117 .
1732 4103 1745 4117 .
1825 4106 1838 4118 .
1919 4106 1933 4119 .

366 4151 500 4224 δῆλα
531 4154 817 4208 καὶταῦτα
846 4158 960 4220 τοῖς
993 4154 1378 4226 ἐντυγχάνουσι
1448 4194 1463 4209 .
1544 4191 1557 4207 .
1635 4195 1650 4210 .
1732 4198 1744 4210 .
1821 4195 1835 4210 .
1919 4194 1934 4208 .

377 4245 509 4319 μόνῃ
538 4249 738 4319 στιγμῇ
770 4246 1232 4320 διεσημηνάμεθα.
1266 4248 1418 4301 Εἰσὶν
1453 4242 1547 4302 οὖν
1571 4247 1640 4301 τά
1670 4248 1939 4320 μηδεμίαν

376 4346 1935 4399 πιγμὴν...............

376 4346 1935 4399 στι

374 4340 649 4498 καέἀμξὴν
667 4431 871 4485 οἰκείαν
899 4431 1152 4502 ἐξάγουσι
1178 4433 1357 4505 ψῆφον
1389 4435 1450 4488 τὸ
1468 4436 1659 4505 Πάσχα
1676 4450 1690 4464 ⁸
1714 4433 1939 4506 πρώτην

2022 1961 2314 2032 pertinent,
2370 1960 2575 2031 quibus
2625 1960 2681 2015 in
2738 1977 2853 2015 xxn
2917 1968 3011 2015 aut
3062 1977 3199 2018 xxm
3250 1963 3392 2019 lunae
3453 1964 3599 2020 diem

2021 2052 2231 2109 Pascha
2272 2052 2380 2107 illis
2410 2051 2603 2106 incidit
2635 2069 2648 2106 :
2682 2058 2796 2107 tum
2826 2052 2989 2108 etiam
3025 2053 3225 2122 quibus
3253 2065 3377 2111 ante
3410 2054 3600 2117 Judai-

2022 2160 2146 2199 cum
2192 2130 2425 2208 Pascha,
2461 2143 2830 2199 Christianum
2876 2145 2946 2200 ab
2977 2146 3192 2210 iisdem,
3215 2157 3405 2203 contra
3433 2164 3599 2219 quam

2023 2244 2256 2307 oportet,
2288 2237 2569 2292 indicitur.
2604 2235 2731 2291 Haec
2761 2237 2904 2292 enim
2947 2238 3015 2294 iis
3050 2239 3210 2293 annis
3243 2239 3470 2306 faciunt,
3504 2241 3601 2311 qui

2024 2328 2238 2384 duobus
2289 2329 2510 2400 punctis
2565 2329 2774 2399 praediti
2829 2337 2991 2397 sunt;
3044 2337 3105 2385 ut
3157 2329 3435 2387 Dominica
3486 2333 3599 2397 die,

2024 2435 2187 2489 quam
2219 2434 2322 2475 nos
2351 2435 2452 2475 xm
2480 2420 2665 2475 lunam
2699 2428 2974 2491 putamus,
3001 2436 3119 2477 eam
3163 2420 3268 2492 ipsi
3310 2438 3380 2476 xv
3410 2438 3603 2478 nume-

2025 2520 2166 2570 rent.
2198 2511 2335 2567 Tum
2365 2513 2532 2577 enim,
2566 2520 2833 2584 quantum
2877 2515 2943 2569 ad
2975 2530 3047 2569 xv
3080 2515 3294 2581 attinet,
3327 2515 3604 2571 celebrare

2025 2599 2237 2657 Pascha
2279 2600 2602 2665 debuerant,
2646 2617 2769 2657 cum
2804 2602 2908 2657 hoc
2942 2601 3057 2657 ﬁeri
3096 2618 3194 2674 per
3222 2619 3485 2660 canonem
3534 2605 3605 2659 li-

2026 2697 2167 2746 ceat.
2214 2689 2497 2756 Quatenus
2549 2698 2731 2748 autem
2778 2709 2870 2748 xiv
2918 2695 3164 2765 sequenti
3208 2696 3318 2757 die,
3368 2697 3475 2753 hoc
3519 2705 3606 2753 est

2026 2782 2162 2838 feria
2203 2784 2441 2840 secunda
2472 2784 2846 2850 hebdomadis,
2878 2786 3127 2853 incurrit,
3160 2796 3285 2844 ante
3314 2787 3603 2846 Judaicum

2025 2870 2234 2929 Pascha
2264 2873 2631 2929 Christianum
2670 2874 2790 2930 illos
2838 2882 3078 2930 statuere
3100 2919 3115 2943 ,
3152 2884 3208 2932 et
3240 2892 3270 2930 a
3300 2879 3446 2935 veris
3492 2881 3609 2934 cal-

2027 2965 2167 3022 culis
2210 2966 2483 3033 aberrare,
2541 2966 2681 3020 ratio
2730 2968 2848 3036 ipsa
2895 2967 3194 3022 convincit.
3244 2967 3379 3022 Nam
3431 2971 3479 3025 si
3519 2971 3606 3026 vel

2026 3057 2144 3128 ipse
2190 3055 2474 3113 Pascbatis
2522 3058 2698 3115 nostri
2747 3073 2871 3113 cum
2928 3058 3157 3114 Iudaico
3198 3075 3501 3118 concursus
3548 3063 3608 3119 in

2028 3148 2189 3218 culpa
2238 3155 2356 3214 est,
2406 3148 2538 3219 quid
2587 3149 2879 3205 dicendum
2921 3160 3025 3215 est,
3070 3151 3117 3206 si
3166 3152 3270 3208 hoc
3317 3154 3500 3207 etiam"
3535 3155 3609 3209 sit

2031 3238 2164 3293 illud
2196 3240 2475 3297 anterius?
2502 3240 2781 3312 Contingit
2813 3247 2992 3296 autem
3024 3258 3218 3299 rursus
3259 3243 3381 3300 illos
3411 3245 3607 3301 eodem

2031 3331 2306 3387 celebrare
2345 3332 2527 3397 modo,
2574 3332 2658 3389 his
2689 3337 2848 3390 annis
2929 3373 2941 3389 .
3022 3377 3038 3391 .
3116 3378 3129 3390 .
3210 3378 3224 3392 .
3305 3378 3318 3392 .
3398 3376 3413 3392 .
3491 3378 3507 3392 .
3591 3379 3606 3393 .

2030 3418 2089 3476 In
2136 3423 2223 3478 his
2272 3423 2420 3477 enim
2467 3422 2730 3479 decimam
2794 3426 3041 3497 quintam
3117 3469 3133 3483 .
3211 3470 3226 3484 .
3307 3469 3323 3484 .
3397 3467 3414 3483 .
3488 3445 3611 3500 quae

2032 3510 2088 3565 in
2136 3510 2421 3566 Dominica
2465 3512 2551 3568 die
2597 3523 2947 3585 computatur
3020 3555 3037 3573 .
3112 3555 3131 3572 .
3209 3556 3228 3575 .
3305 3559 3320 3573 .
3399 3512 3663 3589 .legalis‘

2032 3596 2343 3657 Paschatis.
2404 3598 2477 3655 Ut
2531 3602 2698 3673 igitur
2775 3644 2790 3659 .
2869 3645 2882 3658 .
2964 3644 2980 3660 .
3058 3644 3075 3662 .
3152 3606 3439 3664 manifesta
3495 3609 3614 3664 bzcc

2032 3692 2408 3748 lectoribus’.
2489 3736 2504 3750 .
2583 3736 2598 3750 .
2677 3736 2692 3750 .
2758 3698 3020 3769 singulari
3050 3708 3254 3770 puncto
3281 3701 3610 3757 notavimus.

2037 3781 2176 3838 Sunt
2204 3784 2371 3855 igitur
2399 3801 2519 3857 quae
2547 3796 2753 3859 puncto
2783 3790 2930 3845 omni
2961 3801 3150 3847 carent
3216 3834 3229 3847 .
3309 3833 3323 3847 .
3403 3834 3419 3849 .
3499 3833 3515 3848 .
3595 3835 3612 3849 .

2035 3964 2246 4021 Pascha
2296 3969 2365 4023 ad
2413 3984 2543 4025 suas
2582 3972 2828 4029 rationes
2876 3968 3323 4044 accommodant;
3355 3992 3478 4048 quae
3519 3993 3615 4032 xxi

2037 4058 2408 4115 ecclesiastica
2467 4063 2726 4119 methodo
2773 4073 3139 4135 computatur.
3186 4067 3257 4122 At
3304 4069 3398 4139 qui
3455 4069 3618 4123 unico

2037 4157 2241 4219 puncto
2290 4153 2561 4224 duplicive
2607 4163 2737 4212 sunt
2786 4155 2985 4222 all'ecti,
3032 4159 3068 4212 ii
3120 4164 3269 4226 sunt,
3312 4159 3368 4214 in
3416 4159 3618 4229 quibus

2038 4256 2147 4295 non
2197 4243 2374 4298 solum
2407 4261 2524 4300 xxn
2558 4246 2669 4311 die,
2714 4246 2810 4301 sed
2841 4247 3003 4302 etiam
3038 4255 3163 4304 ante
3196 4249 3369 4319 lega‘e
3405 4247 3618 4304 Pascha

2039 4329 2406 4389 Christianum
2452 4337 2521 4392 ab
2568 4337 2637 4393 iis
2679 4337 2938 4392 indicitur
2983 4358 2997 4394 :
3034 4339 3169 4394 adeo
3214 4346 3274 4394 ut
3309 4340 3402 4409 qui
3446 4354 3619 4393 unum

2039 4422 2240 4480 habent
2286 4439 2571 4498 punctum,
2604 4431 2688 4486 bis
2722 4438 2945 4501 propter
2974 4432 3272 4487 bissextum
3330 4430 3467 4486 illud
3526 4446 3621 4486 ac-

374 4518 472 4610 atth
514 4519 703 4610 εἰκάδα
743 4525 891 4610 κατὰ
937 4524 1034 4595 τὴν
1084 4526 1537 4598 ὲκκλησιαστικὴν
1584 4527 1937 4599 ὑπάρχουσαν

2042 4513 2221 4583 cidat;
2256 4519 2348 4587 qui
2379 4518 2582 4590 duplici
2634 4520 2849 4591 praediti
2894 4528 3043 4586 sunt,
3073 4527 3295 4592 propter
3325 4521 3442 4575 dies
3471 4520 3616 4585 illos,

380 4602 613 4674 μέθοδον.
638 4608 715 4661 Τὰ
735 4609 791 4662 δὲ
814 4612 941 4680 μίαν
964 4614 997 4683 ἢ
1017 4612 1109 4666 δύο
1140 4615 1452 4684 κεκτημένα
1484 4615 1742 4684 στιγμάς,
1769 4618 1828 4668 ὲν
1860 4611 1942 4679 οἷς

377 4698 454 4761 εἰς
471 4695 657 4750 εἰκάδα
677 4697 715 4766 β’
732 4701 791 4753 οὐ
818 4705 993 4771 μόνον,
1011 4704 1145 4758 ἀλλὰ
1164 4708 1258 4759 καί
1279 4707 1339 4760 τὸ
1363 4706 1521 4760 κατὰ.
1542 4708 1774 4778 Χριστὸν
1785 4708 1879 4760 τοῦ
1893 4708 1940 4740 ³⁸

377 4787 599 4857 νομικοῦ
637 4789 736 4859 ἡ⁸⁹
763 4788 1007 4849 λέλεκται
1039 4797 1405 4862 κανονίζουσιν
1425 4814 1437 4826 ⁸
1469 4800 1516 4851 εἰ
1562 4798 1656 4852 καὶ
1691 4802 1804 4863 τοῖς
1843 4798 1943 4869 μὲν

375 4874 486 4932 οἷον
521 4883 628 4945 τοῖς
666 4880 794 4950 μίαν
830 4880 1010 4951 ἔχουσι
1040 4884 1134 4954 τὴν
1157 4887 1388 4960 στιγμὴν
1414 4887 1502 4942 διὰ
1537 4889 1598 4942 τὸ
1623 4888 1897 4959 βίσσεξτον
1924 4907 1938 4921 ο

376 4972 489 5033 τοῖς
540 4971 597 5024 δὲ
632 4970 730 5034 τὰς
768 4970 861 5024 δύο
907 4974 1138 5042 στιγμὰς
1161 4974 1250 5029 διὰ
1283 4978 1381 5041 τὰς
1402 4982 1468 5032 ὲκ
1494 4978 1601 5031 τῶν
1629 4979 1938 5050 έξηκοστῶν

378 5059 763 5132 ἀθροιζομένας
808 5063 989 5126 αὐτοῖς
1016 5063 1245 5136 ἡμέραςο
1271 5068 1340 5122 τὰ
1372 5069 1430 5122 δὲ
1463 5070 1640 5140 τρισὶν
1670 5070 1944 5140 ἐνσημαν-

378 5149 540 5204 θέντα
569 5153 840 5220 στιγμαῖς,
867 5153 924 5204 ὲν
957 5147 1037 5217 οἷς
1067 5154 1148 5216 εἰς
1184 5155 1369 5208 εἰκάδα
1398 5154 1469 5224 γ’,
1498 5156 1634 5227 πρὸς
1672 5157 1765 5211 καί
1798 5174 1941 5211 τισιν

379 5243 583 5315 ἑτέροις
606 5244 991 5314 ποστημορίοις
1021 5245 1370 5307 ἐκτείνουσιν.
1417 5248 1554 5319 ὅπερ
1593 5248 1818 5303 ἄτοπον.
1856 5250 1945 5301 Ἐν

377 5334 600 5397 ταύταις
623 5334 679 5388 δὲ
708 5338 827 5399 ταῖς
854 5336 1167 5408 εἰρημέναις
1189 5337 1231 5390 ε’
1259 5338 1476 5403 ζώναις,
1512 5340 1679 5410 ἡγουν
1706 5343 1817 5404 τοῖς
1847 5339 1945 5393 κύ-

379 5425 546 5492 κλοις,
574 5426 934 5499 συνετάξαμεν
965 5431 1076 5490 τοῖς
1099 5428 1241 5483 ἔτεσι
1271 5431 1372 5501 τῆς
1403 5432 1631 5503 σελήνης
1653 5432 1711 5497 ἐξ
1735 5433 1944 5487 εὐωνύ-

384 5532 497 5586 μων
518 5516 586 5570 τά
607 5516 699 5570 τοῦ
721 5516 869 5589 ἡλίου
890 5518 987 5591 ,ἔτη
1017 5521 1152 5589 μετὰ
1184 5522 1403 5574 καὶτῶν
1424 5519 1488 5575 ιθ’
1504 5522 1718 5576 κύκλων
1739 5525 1940 5589 αὐτῶν,

379 5604 546 5675 ἤγουν
579 5606 1167 5679 εἰκοσιοκταετηρίδων,
1196 5609 1303 5662 άπὸ
1345 5609 1573 5682 σηρικοῢ
1615 5613 1939 5686 γεγραμμέ-

2045 4606 2139 4674 qui
2182 4623 2250 4662 ex
2297 4609 2541 4664 collectis
2588 4611 2936 4681 sexagesimis
2980 4611 3283 4679 accedunt;
3318 4610 3410 4681 qui
3442 4610 3621 4665 tribus

2046 4698 2282 4769 denique
2307 4703 2478 4755 notati
2508 4708 2655 4767 sunt,
2686 4702 2740 4756 in
2770 4702 2839 4756 iis
2862 4702 2929 4756 ad
2959 4717 3092 4756 xxm
3124 4716 3300 4771 usque
3326 4701 3469 4755 diem
3494 4716 3620 4755 cum
3651 4703 3654 4705 λ

2046 4791 2459 4846 excurrentibus
2487 4790 2692 4862 aliquot
2732 4793 3006 4863 scrupulis
3038 4791 3246 4848 Pascha
3280 4791 3616 4846 dill'unditur.

2048 4879 2204 4948 Quod
2242 4890 2324 4938 est
2371 4883 2689 4940 absurdum.
2719 4884 2986 4940 Caeterum
3019 4885 3074 4940 in
3110 4886 3218 4941 illis
3247 4885 3488 4956 quinque
3528 4899 3623 4938 zo-

2047 4973 2156 5040 nis,
2187 4974 2497 5039 circulisve,
2528 4975 2597 5030 ad
2628 4992 2802 5032 annos
2834 4977 2976 5032 luna
3001 4979 3208 5034 solares
3246 4977 3314 5031 ad
3343 4976 3620 5032 sinistram

2049 5066 2423 5135 ascripsimus,
2449 5082 2556 5121 una
2582 5082 2707 5123 cum
2731 5085 2824 5123 xix
2849 5069 3018 5139 cyclis
3049 5069 3312 5140 ipsorum,
3339 5067 3432 5137 qui
3463 5068 3624 5120 anuis

2049 5155 2247 5226 singuli
2276 5164 2528 5211 constant
2558 5169 2680 5213 octo
2707 5167 2762 5215 et
2791 5160 2980 5231 viginti
3016 5178 3029 5216 :
3062 5176 3093 5215 e
3126 5160 3328 5231 quibus
3353 5158 3625 5214 enneade-

2051 5247 2352 5304 caeterich
2394 5251 2616 5305 rubrica
2654 5250 2881 5321 depicta:
2918 5261 3048 5308 sunt
3102 5271 3116 5307 :
3169 5262 3230 5307 ut
3282 5252 3621 5322 singularum

2051 5339 2179 5391 anni
2221 5339 2321 5401 illi,
2370 5340 2426 5393 in
2469 5340 2670 5410 quibus
2717 5341 2983 5398 decimam
3028 5350 3302 5413 quartam,
3340 5341 3430 5397 isti
3470 5341 3623 5395 deci-

2050 5444 2195 5485 mam
2218 5430 2376 5503 185
2390 5433 2658 5503 quintam,
2672 5434 2756 5489 vel
2774 5441 2981 5489 sextam
2996 5433 3261 5490 decimam
3282 5448 3400 5488 com
3409 5441 3620 5503 putant,

2020 5524 2204 5591 quoti
2258 5525 2370 5578 sint
2418 5523 2472 5577 in
2521 5524 2676 5595 cyclo
2720 5525 2871 5587 solis,
2919 5531 2975 5579 et
3027 5525 3188 5593 cujus
3240 5524 3399 5594 cycli,
3448 5523 3625 5593 possit

2053 5613 2273 5679 agnosci
2311 5631 2325 5667 :
2359 5619 2523 5683 atque
2552 5628 2620 5668 ex
2660 5614 3085 5685 congruentibus
3120 5614 3351 5682 epactis,
3393 5626 3515 5681 quae
3543 5628 3628 5667 sc-
3671 5690 3676 5696 η

452 5760 567 5829 “'f.
591 5759 653 5813 δ’·
732 5761 776 5793 ⁸⁷
812 5759 997 5816 Ezram
1034 5762 1089 5816 in
1123 5764 1410 5833 exemplari
1449 5766 1645 5822 littera:
1669 5783 1772 5823 non
1806 5775 2086 5836 potuerunt
2109 5768 2194 5824 Iu'c
2224 5770 2351 5843 legi,
2387 5787 2476 5826 nec
2501 5770 2748 5828 describi.
2823 5772 2870 5805 ⁸⁸
2899 5771 2941 5842 f.
2976 5772 3082 5844 πρὸ
3112 5770 3228 5826 τοῦ.
3304 5770 3350 5803 ⁸⁹
3380 5770 3423 5842 f.

664 5855 933 5918 ΡΑτιιοι..
973 5857 1091 5919 Gn.
1122 5859 1297 5921 XIX.

3238 5867 3317 5927 1ιο
