4106 6470
414 449 553 507 ηερ
1432 437 1522 492 ιιι)
1558 435 1827 493 susse“
1865 433 2263 492 CHRONICGN
2304 434 2681 491 A‘PPENDIX.
3528 432 3665 490 nso

414 563 596 621 cundo
637 560 847 618 circulo
894 555 1141 629 ejusdem
1183 561 1315 610 rotae
1351 562 1481 610 sunt
1525 553 1819 624 inscriptae,
1860 551 1992 607 feria

2111 570 2199 607 nov
2230 553 2409 608 αὐτῶν
2434 553 2510 623 δὴ
2551 552 2658 606 τῶν
2685 551 3266 623 ἐννεαδεκαετηρίδων·
3314 552 3401 606 ἵνα
3448 550 3663 621 γνωσθῇ

415 651 760 714 conﬁciatur,
794 644 1370 718 compositis'invicem
1400 644 1529 697 anni
1577 643 1709 699 solis
1757 643 1987 714 epactis,

2111 644 2276 710 ιιάσης
2308 644 2934 717 ἐννεακαιδεκαετηρίδος
2971 645 3088 710 ἔτος
3120 648 3199 710 είς
3222 646 3251 699 ὃ
3278 644 3319 699 ε’
3347 648 3442 700 καὶ
3470 644 3522 714 ι’,
3546 648 3581 719 ἢ
3609 647 3669 714 ἓξ

416 753 472 798 et
498 740 732 797 Romani
760 740 964 795 mensis
990 738 1203 802 diebus,
1235 750 1343 789 una
1389 749 1514 789 cum
1563 733 1858 788 rubricatis
1901 747 1993 786 re-

2111 737 2192 789 ιαί
2237 741 2291 798 ι’,
2314 738 2510 789 ἐκεῖνοι
2566 736 2662 807 τὴν
2692 735 2733 790 δ’
2771 738 2865 791 καὶ
2907 735 2937 790 ι’
2973 736 3291 813 ψηφίζουσι,
3316 739 3512 792 πόστον
3552 738 3670 802 ἔτος

416 832 699 905 gularibus
745 849 760 886 :
811 845 875 885 ac
910 844 1139 885 summa
1186 843 1284 899 per
1327 844 1400 882 vn
1450 827 1646 883 deinde
1674 827 1867 882 divisa.
1912 825 1995 883 Oh

2111 828 2264 899 ήλίου,
2292 830 2385 882 καὶ
2419 831 2578 894 ποίας
2610 832 3167 903 εἰκοσιοκταετηρίδος
3202 830 3526 903 καθέστηκε.
3561 834 3671 885 κάκ

420 926 564 980 hanc
610 923 757 980 enim
803 936 1025 978 causam
1074 919 1234 975 annis
1280 920 1422 973 luna;
1462 919 1670 973 solares
1704 918 1772 972 ad
1806 917 1994 972 laevam

2111 919 2202 972 τῶν
2238 918 2401 973 αὑτοῦ
2430 920 2753 992 προσερόρων
2776 921 3051 984 ὲπακτῶν,
3074 921 3183 974 τῶν
3202 918 3673 993 ἐγγεγραμμένων

421 1017 788 1089 adjunximus.
806 1015 1080 1070 Hactenus
1095 1012 1163 1067 de
1178 1021 1314 1067 rotae
1333 1012 1594 1067 medianae
1608 1011 1994 1079 descriptione.

2111 1010 2240 1064 κατὰ
2267 1011 2357 1064 τὸν
2387 1009 2430 1081 β’
2459 1010 2656 1064 κύκλον
2692 1010 2784 1064 τοῦ
2809 1011 2974 1065 αὑτοῦ
3004 1011 3221 1083 τροχοῦ,
3250 1014 3284 1083 ή
3309 1011 3408 1081 τῆς
3439 1009 3673 1080 ἑϐδομά-

420 1106 511 1169 δος
557 1105 738 1178 ήμέρα
785 1103 1110 1174 διαγνωσθῇ,
1138 1100 1280 1157 κατά
1315 1120 1375 1157 τε
1419 1102 1517 1174 τὴν
1552 1101 1868 1175 συμπλοκὴν
1895 1101 2004 1155 τῶν
2030 1100 2124 1155 τοῦ
2171 1103 2324 1174 ήλίου
2376 1103 2529 1167 ἔτους
2583 1103 2856 1167 ἐπακτῶν,
2922 1105 3015 1158 καὶ
3048 1105 3149 1174 τῆς
3193 1103 3292 1157 τοῦ
3365 1100 3674 1172 Ῥωμαῖκοῦ

425 1197 607 1268 μηνδς-
634 1197 917 1263 ποσταίας,
946 1197 1047 1250 καὶ
1085 1195 1193 1250 τῶν
1237 1196 1346 1250 ἀπὸ
1394 1194 1618 1269 σηρικοῖι
1667 1195 1998 1268 προσθετῶν,
2063 1198 2159 1250 καὶ
2202 1198 2301 1269 τῆς
2335 1201 2416 1262 εἰς
2448 1197 2492 1263 ζ’
2519 1198 2628 1252 τῶν
2670 1198 3075 1270 ἀθροιζομένων
3101 1198 3431 1261 ἀναλύσεως.
3455 1196 3674 1263 Ταύτης

420 1289 530 1360 γὰρ
565 1288 750 1342 ἕνεκεν
785 1290 883 1357 τῆς
904 1286 1088 1350 αίτίας
1110 1290 1225 1351 τοῖς
1254 1286 1356 1357 τῆς
1383 1287 1613 1359 σελήνης
1636 1286 1778 1340 ἔτεσι
1800 1284 1870 1339 τὰ
1891 1283 1985 1338 τοῦ
2017 1286 2168 1357 ἡλίου
2206 1289 2571 1360 συνετάξαμεν
2606 1287 2700 1359 ἐτη
2722 1287 2781 1352 ἐξ
2812 1288 3122 1359 εὐωνύμων.
3173 1290 3358 1343 Ταῦτα
3409 1287 3537 1358 περὶ
3572 1286 3671 1355 τῆς

423 1381 482 1435 ἐν
512 1379 590 1452 τῷ
619 1380 771 1451 μέσῳ
794 1379 978 1451 τροχῷ
1000 1379 1327 1452 διαγραφῆς.

918 1510 997 1566 De
1026 1512 1210 1567 tabula
1255 1513 1492 1568 sinistra.
1816 1550 1823 1561 ι

2339 1509 2476 1577 Περὶ
2516 1508 2621 1563 τοῦ
2653 1508 2722 1573 ἐξ
2752 1507 3075 1576 εὐωνύμων
3110 1509 3416 1562 κανονίου.

493 1621 583 1681 ΙΙΙ.
636 1622 717 1678 Ex
748 1622 1259 1691 duabus’tabellis,
1315 1626 1516 1695 quibus
1557 1626 1812 1697 utrinque
1840 1636 1991 1682 rota

2148 1623 2241 1678 .I".
2282 1622 2362 1676 Τὰ
2382 1622 2437 1676 δὲ
2468 1620 2803 1694 ἑκατέρωθεν
2834 1620 2926 1674 δύο
2957 1620 3194 1687 κανόνια,
3227 1622 3287 1675 τὸ
3319 1623 3416 1694 μὲν
3446 1622 3505 1689 ἐξ
3530 1626 3671 1679 εὐω-

427 1716 685 1788 stipatur,
724 1729 848 1786 quae
878 1714 945 1770 ad
974 1715 1256 1771 sinistram
1284 1716 1540 1773 deorsum
1569 1717 1743 1774 tendit
1789 1734 1820 1773 a
1844 1734 1993 1775 sum-

2111 1715 2280 1787 ιύμων
2325 1714 2528 1769 ἄνωθεν
2575 1715 2667 1767 ἐπὶ
2719 1713 2787 1766 τὰ
2832 1712 2982 1766 κάτω
3032 1714 3352 1785 φερόμενον,
3408 1715 3673 1787 κέκτηται

425 1822 537 1873 mo,
562 1806 669 1861 ista
699 1807 980 1862 continet:
1003 1807 1061 1861 in
1090 1807 1268 1877 primo
1296 1823 1460 1864 versu
1488 1819 1696 1879 septem
1728 1816 1856 1865 sunt
1877 1825 1992 1865 em-

2111 1806 2221 1861 εὰδε
2240 1823 2254 1837 ⁸
2290 1807 2348 1860 ἐν
2380 1805 2459 1877 τῷ
2495 1812 2543 1860 α’
2589 1806 2756 1876 στίχῳ
2775 1822 2788 1834 ’
2822 1804 2949 1868 τοὺς
2978 1802 3021 1868 ζ’
3045 1805 3371 1877 ἐμϐολίμους
3406 1807 3581 1877 μῆνας
3610 1810 3674 1861 ἐν

426 1900 618 1958 bolimi
646 1914 867 1956 menses
915 1898 985 1953 ad
1019 1913 1152 1955 suos
1183 1899 1390 1971 quique
1426 1901 1570 1955 lunae
1613 1916 1787 1956 annos
1825 1901 1998 1957 ascri-

427 1991 541 2062 pti;
576 1991 633 2046 in
667 1990 935 2056 secundo,
967 1991 1099 2045 anni
1142 1989 1432 2056 lunaerxtx,
1471 1992 1564 2061 qui
1593 2007 1704 2047 non
1736 2006 1767 2045 a
1796 1991 1995 2063 primo,

428 2080 526 2136 red
550 2094 583 2134 a
612 2088 813 2152 quarto
841 2080 1117 2152 incipiunt
1147 2094 1328 2149 anno;
1371 2082 1428 2135 in
1456 2082 1639 2149 tertio,
1694 2083 1825 2137 anni
1856 2083 2001 2137 luna}

428 2183 525 2229 xix
549 2186 583 2226 a
615 2171 794 2241 primo
824 2171 1085 2243 deinceps
1111 2169 1308 2227 ordine
1336 2172 1772 2243 progredientes.
1802 2173 1862 2228 Id
1901 2189 2001 2228 au-

427 2271 540 2319 tem
569 2263 676 2318 hoc
704 2264 869 2319 etiam
907 2263 1031 2319 loco
1051 2269 1351 2334 propterea
1377 2264 1584 2320 factum
1611 2274 1716 2332 est,
1747 2273 1808 2321 ut
1839 2281 2002 2337 quem

428 2355 508 2417 illi
537 2355 777 2426 primum
809 2369 1014 2411 annum
1040 2355 1183 2412 lunae
1215 2364 1559 2428 computant,
1604 2359 1694 2416 hic
1725 2359 1872 2430 apud
1900 2373 2004 2415 nos

428 2461 556 2504 esse
591 2455 824 2519 quartus
862 2447 1186 2505 ostendatur
1215 2466 1229 2503 :
1255 2456 1310 2505 et
1335 2449 1615 2506 secundus
1647 2450 1896 2523 quintus,
1931 2461 2006 2505 at-

428 2553 538 2610 que
562 2538 638 2594 ita
669 2539 931 2610 deinceps
964 2554 1138 2611 usque
1167 2541 1236 2597 ad
1278 2557 1484 2598 annum
1522 2560 1635 2599 xix.
1688 2542 1798 2600 Sed
1828 2544 2006 2616 primo

428 2632 554 2686 loco
599 2646 774 2688 annos
823 2631 1145 2703 posuimus,
1177 2636 1633 2705 quemadmodum
1677 2651 1709 2690 a
1738 2638 1895 2693 nobis
1917 2653 2008 2694 ec-

430 2722 744 2781 clesiastica
791 2726 1007 2781 ratione
1054 2734 1443 2797 computantur
1483 2729 1730 2800 :quibus
1783 2730 2004 2785 illorum

429 2816 645 2871 calculo
702 2823 1021 2873 numeratos
1067 2817 1447 2889 subjecimus:
1490 2819 1642 2891 quod
1699 2820 1875 2876 nostri
1925 2821 2006 2876 illi

432 2905 547 2960 veri
597 2920 661 2961 ac
690 2905 916 2977 legitimi
949 2907 1078 2963 sint.
1121 2905 1182 2961 In
1213 2924 1269 2964 ιν
1312 2925 1528 2966 versum
1578 2918 1801 2980 epactas
1836 2926 2009 2966 anno-

430 3011 557 3052 rum
581 2996 944 3067 conjecimus,
974 2998 1078 3053 hoc
1127 3006 1211 3055 est
1243 3007 1460 3055 aetatem
1507 3003 1669 3071 lunae,
1704 3017 1826 3073 qua
1864 3016 2009 3057 anno

2094 1903 2208 1963 τοῖς
2260 1900 2590 1970 προσήκουσι
2636 1899 2738 1969 τῆς
2790 1898 3017 1969 σελήνης
3054 1897 3200 1951 ἔτεσι
3255 1901 3669 1971 κατατεταγμέ-

2099 1973 2253 2052 νους·
2309 1988 2367 2041 ἐν
2410 1986 2490 2058 τῷ
2536 1986 2583 2058 β’
2619 1988 2783 2058 στίχῳ
2822 1986 2892 2041 τὰ
2921 1986 2985 2040 ιθ⁹
3017 1987 3114 2058 τῆς
3143 1986 3368 2059 σελήνης
3402 1987 3519 2060 ἐτη,
3570 1989 3673 2043 οὐκ

2101 2075 2462 2148 ἀπὸμπρώτου
2494 2075 2666 2139 ἔτους,
2718 2075 2833 2129 ἀλλ’
2858 2076 2966 2128 ἀπὸ
3005 2075 3047 2145 δξ
3070 2076 3169 2147 τήν
3201 2076 3373 2149 ἀρχὴν
3400 2077 3668 2147 λαχόντα·

2101 2170 2159 2221 ὲν
2189 2166 2267 2238 τῷ
2301 2174 2348 2237 γ’
2389 2166 2559 2237 στίχῳ
2597 2167 2664 2219 τὰ
2699 2166 2761 2219 ιϐ’
2789 2167 2886 2237 τῆς
2914 2167 3145 2237 σελήνης
3170 2166 3284 2238 ἐτη,
3320 2168 3427 2221 ἀπὸ
3453 2168 3675 2239 πρώτου

2102 2265 2254 2327 ἔτους
2298 2265 2419 2317 καθ’
2469 2263 2659 2334 εἱρμὸν
2704 2262 3032 2332 τεταγμένα.
3087 2262 3346 2315 Τοῦτονδὲ
3392 2262 3671 2318 κάνταῦθα

2102 2356 2343 2426 γέγονεν,
2372 2356 2470 2408 -ἵνα
2515 2354 2577 2406 τὸ
2624 2356 2753 2424 παρ’
2792 2354 3019 2417 ἐκείνοις
3063 2353 3430 2425 ψηφιζόμενον
3458 2356 3678 2428 πρῶτον

2101 2447 2199 2517 τῆς
2228 2445 2457 2517 σελήνης
2487 2444 2602 2508 ἔτος
2634 2444 2844 2517 δηλωθῇ
2891 2443 2931 2498 δ’
2962 2444 3020 2498 δν
3046 2448 3174 2517 παρ’
3198 2448 3350 2518 ἡμῖν,
3386 2448 3479 2501 καὶ
3509 2448 3570 2501 τὸ
3603 2448 3676 2519 β,

2103 2536 2290 2603 ε’,ικαὶ
2332 2536 2505 2600 οὓτως
2548 2539 2606 2591 ὲν
2657 2538 2767 2600 τοῖς
2814 2536 3047 2607 καθεξῆς
3074 2539 3200 2610 ἄχρι
3242 2539 3335 2592 τοῦ
3388 2539 3450 2593 ιθ¹
3499 2540 3681 2605 ἔτους⁴

2104 2631 2493 2704 Προετάγησαν
2533 2630 2596 2683 δὲ
2627 2629 2787 2683 πάλιν
2832 2629 2939 2683 τῶν
2981 2631 3211 2696 ἐκείνοις
3260 2632 3683 2705 ἀριθμουμένων

2104 2724 2173 2778 τὰ
2193 2724 2323 2795 παρ’
2359 2725 2511 2794 ἡμῖν,
2545 2722 2685 2775 κατὰ
2710 2721 2810 2793 τὴν
2836 2721 3295 2795 ἐκκλησιαστικὴν
3322 2724 3682 2797 ἐξαρίθμησιν

2104 2814 2467 2885 ψηφιζόμενα,
2505 2813 2594 2868 διὰ
2630 2813 2728 2885 τὴν
2778 2816 2835 2867 ἐν
2880 2814 3088 2880 τούτοις
3128 2816 3403 2890 ἀλήθειαν.
3468 2818 3556 2872 Ἐν
3601 2818 3684 2890 τῷ

2105 2908 2146 2961 δ’
2186 2908 2351 2980 στίχῳ
2394 2906 2493 2972 τὰς
2524 2907 2631 2960 τῶν
2663 2906 2799 2961 ἐτῶν
2843 2907 3107 2973 ὲπακτᾶς,
3154 2910 3320 2979 ήγουν
3351 2908 3583 2981 ἡμέρας,
3612 2909 3685 2973 ἃς

2106 2997 2250 3068 ἔχειν
2301 2999 2408 3051 πᾶν
2462 2997 2581 3060 ἔτος
2614 2997 2842 3069 σελήνης
2886 2995 3202 3068 ψηφίςουσι,
3235 2999 3373 3053 κατὰ
3402 3001 3502 3070 τὴν
3530 2999 3686 3071 πρώ-

430 3087 555 3159 ejus
602 3086 845 3158 quolibet
885 3084 1166 3143 Ianuariis
1213 3087 1474 3145 Kalendis
1524 3091 1817 3161 competit;
1868 3090 1924 3145 in
1976 3107 2008 3146 ν

2111 3104 2208 3159 την
2239 3087 2332 3141 τοῦ
2373 3088 2702 3160 Ἰανουαρίου
2736 3088 2923 3159 μηνός
2950 3090 3007 3142 ἐν
3033 3088 3111 3159 τῷ
3138 3096 3179 3142 ε’
3220 3090 3386 3161 στίχῳ
3415 3088 3513 3154 τὰς
3541 3089 3690 3144 κατὰ

431 3193 618 3246 versu,
651 3188 863 3250 quartae
915 3178 1144 3234 decimae
1194 3180 1362 3250 primi
1389 3182 1596 3236 mensis
1631 3181 2006 3238 redundantes

2111 3180 2207 3252 τὴν
2228 3180 2829 3252 τεσσαρεσκαιδεκάτην
2852 3180 2946 3233 τοῦ
2971 3175 3187 3253 πρώτου
3216 3182 3382 3252 μηνὸς
3402 3181 3686 3255 περιττὰς,

433 3269 576 3337 dies,
601 3281 694 3327 aut
737 3270 1001 3342 aequales,
1029 3285 1152 3341 quae
1200 3279 1331 3327 sunt
1368 3272 1503 3343 ipsae
1529 3273 1753 3329 decim
1774 3281 2002 3345 quartae.

2111 3269 2142 3340 ἢ
2177 3270 2272 3323 καὶ
2310 3269 2451 3335 ἴσας,
2488 3266 2598 3324 οἷον
2631 3268 2799 3334 αὐτὰς
2824 3269 2967 3339 λέγω
3005 3270 3106 3334 τὰς
3155 3270 3233 3324 ιδ’.
3271 3270 3456 3325 Ταὸτα
3488 3270 3589 3342 μὲν
3624 3269 3690 3325 τδ

434 3360 562 3420 Haec
591 3363 647 3421 in
675 3364 902 3421 sinistra
938 3364 1125 3419 tabula
1157 3366 1532 3422 continentur.

2111 3361 2170 3426 ἐξ
2194 3361 2513 3432 εὐωνύμων.

687 3497 766 3554 De
793 3498 993 3555 tabella
1018 3514 1136 3570 qua:
1166 3497 1236 3555 ad
1263 3498 1506 3555 dextram
1528 3502 1636 3557 sita
1661 3511 1762 3559 est.

513 3605 603 3663 IV.
643 3606 778 3676 Quae
805 3607 874 3664 ad
902 3609 1157 3665 dextrum
1182 3610 1336 3667 lamis
1361 3618 1446 3667 est
1473 3611 1693 3678 tabella,
1722 3611 1778 3666 in
1802 3627 1965 3668 versu
1991 3628 2010 3668 ι

2415 3498 2555 3567 Περὶ
2586 3497 2691 3551 τοῦ
2719 3497 2788 3551 ἐκ
2814 3495 3035 3563 δεξιῶν
3062 3498 3368 3552 κανονίου.

2167 3610 2255 3663 -Δ’.
2294 3609 2369 3663 To
2400 3608 2458 3662 δὲ
2486 3610 2551 3663 ἐκ
2581 3608 2770 3677 δεξιῶν
2810 3611 2869 3662 ὲν
2898 3608 2978 3680 τῷ
3006 3614 3053 3662 α’
3089 3609 3258 3680 στίχῳ
3300 3608 3369 3662 τὰ
3400 3607 3463 3661 ιθ¹
3489 3606 3692 3679 κέκτη-

438 3711 614 3755 annos
654 3700 800 3755 lunae
831 3716 928 3755 xix
956 3701 1177 3757 exhibet
1217 3700 1473 3759 ineuntes
1502 3718 1533 3758 a
1561 3713 1787 3775 quarto,
1817 3705 2008 3761 eodem

2111 3720 2201 3756 ται
2241 3702 2341 3774 τῆς
2393 3702 2619 3776 σελήνης
2665 3702 2780 3772 ἐτη,
2828 3701 2937 3755 ἀπὸ
2967 3701 3011 3755 δ’
3046 3700 3199 3764 ἔτους
3244 3699 3343 3772 τήν
3376 3698 3548 3771 ἀρχὴν
3586 3698 3693 3752 λα-

436 3792 604 3862 plane
652 3791 837 3856 modo,
873 3807 983 3862 quo
1009 3792 1067 3847 in
1113 3792 1337 3848 sinistra
1369 3793 1632 3866 descripti
1667 3802 1797 3852 sunt
1826 3796 1882 3851 in
1912 3810 2008 3851 se-

2114 3794 2297 3859 δόντα,
2330 3793 2467 3865 πρὸς
2496 3788 2595 3864 τὴν
2638 3794 2808 3864 αὐτὴν
2842 3793 2938 3846 καὶ
2983 3793 3106 3864 ἴσην
3140 3792 3424 3864 ἐγγραφὴν
3466 3791 3575 3845 τῶν
3627 3789 3691 3854 ἐξ

438 3884 622 3941 eundo
663 3899 851 3951 versu,
911 3892 1036 3941 uta
1067 3886 1227 3942 nobis
1270 3887 1578 3958 computari
1624 3888 1833 3955 solent;
1882 3887 1939 3942 in
1973 3902 2008 3941 ιι

2114 3886 2407 3957 εὐωνύμων
2466 3886 2815 3957 τεταγμένων
2875 3889 2933 3940 ἐν
2981 3885 3059 3957 τῷ
3113 3886 3155 3956 β’
3187 3886 3376 3956 στίχῳ,
3431 3884 3529 3938 καὶ
3562 3882 3690 3935 καθ’

438 3986 609 4029 versu
656 3972 877 4028 illorum
914 3982 1122 4044 epactae
1159 3982 1307 4039 sunt,
1342 3976 1460 4033 sive
1508 3976 1647 4043 dies,
1674 3985 1809 4049 quot
1836 3978 2008 4033 eccle-

2112 3977 2261 4047 ἡμᾶς
2286 3976 2668 4047 ψηφιζομένων
2697 3975 2833 4030 ἐτῶν
2854 3992 2867 4007 ·
2906 3978 2963 4030 ἐν
3005 3975 3082 4046 τῷ
3113 3976 3155 4047 β’
3188 3976 3354 4045 στίχῳ
3383 3973 3480 4036 τὰς
3508 3972 3691 4027 αὐτῶν

441 4063 666 4119 siastido
711 4064 923 4121 calculo
964 4064 1141 4136 pridie
1163 4064 1435 4123 Kalendas
1472 4067 1675 4138 Aprilis
1703 4070 1850 4124 aetati
1875 4070 2008 4125 luna.l

2115 4067 2376 4131 ἐπακτὰς,
2409 4068 2577 4137 ήγουν
2623 4068 2856 4140 ἡμέρας,
2902 4065 2970 4130 ἃς
3002 4066 3124 4137 ἔχον
3154 4067 3260 4119 πᾶν
3291 4065 3410 4127 ἔτος
3438 4062 3691 4135 εὑρίσκε-

440 4155 684 4226 quolibet
716 4169 861 4211 anno
891 4156 1246 4225 tribuuntur;
1276 4158 1332 4212 in
1367 4172 1430 4212 ιιι
1469 4159 1580 4214 duo
1622 4174 1841 4216 menses
1890 4158 2008 4215 Ro-

2116 4175 2209 4211 ται
2240 4157 2381 4211 κατὰ
2406 4159 2506 4229 τὴν
2532 4158 2988 4230 ἐκκλησιαστικὴν
3035 4158 3214 4228 ψῆφον
3254 4158 3335 4219 είς
3384 4154 3485 4225 τήν
3527 4169 3688 4225 τρια-

440 4246 591 4304 mani
625 4253 777 4313 sunt,
824 4245 1056 4302 Martius
1085 4255 1142 4304 et
1189 4247 1437 4318 Aprilis;
1485 4250 1540 4304 in
1579 4265 1636 4303 ιν
1677 4265 1838 4306 versu
1865 4265 2008 4306 men-

2118 4247 2256 4300 κόιδα
2302 4253 2349 4300 α’
2386 4246 2479 4300 τοῦ
2523 4246 2770 4317 Μαρτίου
2810 4247 3009 4318 μηνός’
3046 4248 3105 4299 ἐν
3149 4244 3227 4315 τῷ
3254 4251 3303 4313 γ’
3346 4244 3516 4314 στίχῳ
3561 4243 3687 4302 τοὺς

441 4331 587 4388 sium
612 4331 930 4388 earumdem
957 4331 1098 4397 dies,
1139 4331 1197 4387 in
1230 4347 1372 4403 quos
1401 4333 1613 4388 decima
1635 4343 1829 4405 quarta
1851 4334 2008 4406 primi

2119 4337 2210 4390 δύο
2254 4339 2593 4409 Ῥωμαῖκοὺς
2634 4339 2825 4409 μῆνας,
2870 4339 3113 4407 Μάρτιον
3150 4337 3244 4389 καὶ
3289 4335 3590 4405 Ἀπρίλιον’
3624 4327 3687 4380 ὲν

441 4420 657 4478 Judaici
693 4424 903 4479 mensis
924 4422 1182 4489 incurrit,
1206 4423 1321 4479 sive
1344 4421 1555 4480 Pascha
1578 4425 1723 4496 quod
1754 4425 1830 4481 illi
1859 4433 2008 4496 quot-

2119 4429 2197 4500 τῷ
2222 4429 2262 4481 δ’
2296 4430 2462 4500 στίχῳ
2496 4429 2596 4493 τὰς
2624 4428 2802 4482 αὐτῶν
2828 4437 2937 4481 τῶν
2968 4424 3153 4499 μηνῶν
3186 4426 3466 4487 ποσταίας,
3496 4424 3553 4474 ἐν
3596 4413 3689 4481 αἷς

444 4514 604 4570 annis
643 4515 959 4585 celebrant;
982 4517 1040 4571 in
1069 4533 1100 4573 v
1131 4516 1407 4588 regulares
1436 4517 1607 4573 rubro
1648 4518 1833 4574 colore
1857 4517 2008 4589 picti.

2122 4523 2355 4593 συναντᾷ
2400 4523 2615 4585 πάντως
2653 4523 2687 4592 ἡ
2746 4521 2785 4573 δ’
2834 4522 2928 4574 καὶ
2971 4527 3001 4573 ι’
3034 4519 3126 4573 τοῦ
3166 4518 3384 4590 πρώτου
3424 4513 3544 4568 καθ’
3597 4513 3689 4564 Ἑο-

444 4604 658 4662 Haecin
708 4607 878 4664 altera
930 4608 1132 4664 tabella
1174 4609 1545 4680 reperiuntur.
1603 4608 1698 4666 Est
1745 4620 1927 4666 autem
1959 4611 2016 4666 in

443 4699 549 4754 hac
570 4699 761 4754 dextra
794 4700 991 4756 tabella
1020 4698 1303 4757 Paschalis
1327 4702 1627 4773 inscriptus
1676 4716 1875 4769 canon,
1916 4718 2013 4759 cu-

438 4788 536 4857 jus
565 4802 595 4842 a
631 4788 792 4845 nobis
828 4797 912 4845 est
947 4791 1199 4861 proxime
1243 4790 1517 4846 declarata
1547 4792 1709 4858 ratio,
1740 4798 1800 4847 ut
1851 4792 2018 4863 hujus

442 4893 547 4949 ope
584 4894 787 4934 annum
817 4881 1115 4951 quemlibet
1142 4882 1304 4948 lunai,
1338 4890 1505 4952 prout
1532 4883 1602 4938 ab
1628 4883 1738 4940 illis
1767 4891 2012 4954 putatur,

443 4978 609 5042 atque
658 4972 715 5027 in
748 4972 985 5028 secunda
1019 4973 1205 5028 tabula
1240 4974 1564 5044 proponitur
1591 4989 1622 5029 a
1650 4975 1834 5040 nobis,
1880 4990 2015 5031 nec-

445 5078 556 5118 non
589 5062 644 5117 in
678 5063 965 5133 interiecta
993 5070 1136 5129 rota,
1157 5063 1385 5135 ejusque
1412 5064 1634 5121 circulis
1660 5065 1930 5136 quinque;
1955 5073 2017 5120 ut

446 5157 614 5220 hunc,
664 5155 913 5226 inquam,
950 5169 1178 5220 annum,
1209 5169 1320 5225 quo
1358 5171 1449 5209 xiv
1471 5154 1755 5212 Paschalis
1790 5158 2014 5212 illorum

448 5247 662 5302 calculo
694 5253 779 5303 est
800 5262 892 5311 xv,
936 5247 1022 5302 vel
1056 5262 1180 5311 xvi,
1226 5247 1320 5318 qui
1350 5249 1496 5304 volet
1520 5248 1764 5305 invenire
1814 5250 2010 5317 possit,

445 5347 499 5392 et
531 5346 722 5395 exacte
753 5339 1039 5395 subductis
1087 5339 1314 5396 calculis
1354 5342 1586 5411 probare
1635 5352 1818 5398 utrum
1849 5344 1925 5398 ita
1956 5359 2016 5401 se

446 5441 536 5481 res
567 5428 785 5493 habeat,
819 5429 900 5482 uti
931 5428 1304 5499 disputatione
1342 5438 1534 5487 nostra
1562 5432 1871 5490 docuimus.

2119 4612 2343 4683 δραίους
2399 4613 2585 4684 μηνὸς,
2621 4613 2785 4683 ἤγουν
2818 4612 2876 4665 τὸ
2913 4612 3032 4665 κατ’
3071 4612 3268 4674 αὐτοὺς
3314 4608 3523 4675 Πάσχα,
3565 4602 3692 4656 καθ’

2119 4702 2346 4757 ἕκαστον
2406 4703 2554 4766 ἕτος’
2621 4705 2679 4757 ἐν
2709 4703 2786 4775 τῷ
2832 4710 2873 4755 ε’
2933 4704 3098 4774 στίχῳ
3146 4704 3245 4766 τὰς
3299 4700 3402 4755 ἀπὸ
3460 4695 3691 4768 σηρικοῦ

2120 4794 2439 4865 προσθετάς.
2476 4794 2660 4847 Ταῦτα
2687 4797 2790 4848 κὰν
2828 4793 2905 4866 τῷ
2936 4794 3111 4864 δεξιῷ.
3146 4789 3419 4860 Δςεγράφη
3462 4787 3521 4841 δὲ
3549 4787 3694 4841 κατὰ

2119 4883 2236 4936 τόδε
2271 4883 2332 4936 τὸ
2362 4882 2533 4948 δεξιὸν
2576 4883 2741 4956 μέρος
2785 4883 2848 4937 τὸ
2878 4884 2972 4939 τοῦ
3009 4880 3203 4950 Πάσχα
3245 4879 3511 4943 κανόνιον,
3560 4879 3695 4951 περὶ

2118 4965 2181 5026 οὗ
2204 4973 2304 5045 τὴν
2336 4971 2595 5044 ἐξήγησιν
2620 4973 2823 5045 ἀρτίως
2856 4972 3234 5042 πεποιήκαμεν
3253 4985 3268 5001 ο
3304 4969 3370 5022 ἵν’
3403 4970 3469 5021 ἐκ
3500 4969 3693 5021 τούτου

2122 5066 2229 5118 πᾶν
2266 5065 2385 5130 ἔτος
2420 5066 2648 5137 σελήνης
2676 5067 2767 5119 ὑπ’
2794 5066 3014 5119 ἐκείνων
3057 5063 3152 5132 μὲν
3188 5060 3574 5131 ψηφιζόμενον,
3602 5061 3695 5113 ἐν-

2122 5159 2283 5227 ταγὲν
2324 5159 2381 5211 δὲ
2421 5158 2515 5213 νῦν
2549 5159 2637 5228 ὑφ’
2669 5157 2825 5229 ήμῶν
2854 5156 2910 5211 ἐν
2958 5172 3018 5208 τε
3049 5153 3127 5224 τῷ
3159 5153 3422 5225 εὐωνύμῳ
3460 5153 3697 5223 κανονίῳ

2121 5252 2216 5303 καὶ
2244 5250 2321 5321 τῷ
2353 5250 2501 5321 μέσῳ
2532 5251 2708 5321 τροχῷ
2737 5250 2879 5303 κατὰ
2923 5248 3021 5310 τὰς
3050 5246 3194 5299 ἔνδον
3221 5244 3385 5309 οὔσας
3428 5252 3468 5297 ε’
3517 5244 3697 5310 ζώνας

2123 5341 2203 5405 είς
2230 5340 2258 5393 δ
2283 5347 2323 5393 ε’
2350 5343 2444 5395 καὶ
2476 5348 2526 5403 ι’,
2554 5342 2587 5412 ἢ
2620 5348 2670 5405 ς’
2694 5342 2786 5394 καὶ
2816 5340 2845 5392 ι’
2880 5338 2979 5408 τὴν
3008 5336 3300 5408 εἰρημένην
3332 5336 3373 5389 δ’
3408 5336 3501 5389 καὶ
3534 5343 3562 5389 ι’
3588 5336 3699 5408 ψη-

2124 5434 2389 5504 φίζουσιν,
2448 5434 2584 5507 εὕρῃ
2640 5437 2748 5499 πᾶς
2796 5435 2825 5486 ό
2883 5433 3228 5505 βουλόμενος,
3278 5434 3373 5485 καὶ
3422 5432 3697 5503 δοκιμάσῃ

448 5517 603 5571 τοῦτο
631 5517 695 5572 δι’
717 5518 999 5592 ἀκριῦείας
1026 5519 1297 5592 ψηφίζων,
1326 5523 1376 5575 εί
1402 5522 1575 5588 οὕτως
1604 5524 1716 5595 ἔχοι
1741 5524 1923 5589 καθὼς
1940 5523 2017 5596 τῷ
2048 5525 2190 5595 λόγῳ
2219 5524 2646 5596 διεστειλάμεθα.

681 5649 1089 5707 Demonstratur
1123 5654 1357 5737 exempla
1398 5658 1517 5727 quis
1546 5658 1619 5713 sit
1654 5674 1784 5713 usus

1117 5739 1363 5781 canonis.

524 5825 589 5883 Υ.
629 5827 740 5900 Age
768 5843 897 5885 vero
928 5837 1052 5888 ante
1095 5838 1277 5894 omnia
1305 5840 1411 5911 hoc
1440 5840 1618 5910 ipsum
1648 5839 1932 5911 faciamus,
1965 5852 2018 5900 et

2138 5660 2458 5735 Ὺαῷδειξις
2488 5661 2593 5735 τι)ᾼῦ
2638 5662 2879 5735 τρόπου,
2913 5661 3039 5713 καθ’
3068 5659 3139 5735 ὅγ’
3182 5676 3272 5735 τις
3324 5660 3695 5735 κεχρημένος

2197 5731 2421 5784 εἵσεται
2443 5732 2515 5785 τὰ
2541 5732 2610 5785 ἐν
2631 5732 2776 5798 τῷδε
2802 5732 2880 5797 τῷ
2908 5731 3168 5795 κανονίῳ
3200 5729 3694 5799 ὃιαγεγραμμένὰ.

2200 5847 2274 5900 E'.
2318 5846 2426 5899 Καὶ
2458 5845 2561 5915 πρό
2587 5861 2651 5914 γε
2676 5845 2783 5900 τῶν
2809 5844 2982 5898 ἄλλων
3017 5844 3176 5914 ἡμεῖς
3202 5842 3356 5896 τοῦτο
3385 5845 3701 5913 ποιήσωμεν
