4106 6442
387 463 518 518 1261

1178 460 1234 514 S.
1276 457 1520 513 ΜΑΧΙΜΙ
1559 456 1913 511 MARTYRIS
1949 455 2326 512 COMPUTUS
2364 455 2802 510 ECCLESIAST.

3453 459 3589 514 1262

386 579 463 640 εἰς
491 578 753 642 ὐπόδειξιν
786 578 892 631 τῶν
931 576 1382 646 ἐντυγχανόντων,
1436 577 1496 628 τὺ
1547 578 1675 644 παρ’
1721 573 1946 636 ἐκείνοις

2046 585 2268 628 οεοιειοδ
2301 572 2548 641 exemplo
2581 572 2895 637 doceamus,
2936 574 3214 642 proposito
3246 589 3388 627 anno
3417 590 3482 630 eo
3509 578 3604 646 qui

383 668 444 732 ἓξ
475 670 567 720 κειί¹
613 667 642 720 ι’
669 671 766 740 τῆς
805 670 1033 740 σελήνης
1067 669 1204 731 ἔτος,
1239 671 1366 738 ἡμῖν
1405 669 1460 720 δὲ
1501 666 1866 736 ψηφιζόμενος)
1899 665 1942 716 θ’

383 761 476 811 καὶ
507 767 556 822 ι’,
591 761 668 822 εἰς
719 761 880 830 μέσον
918 759 1225 830 προθέντες.
1267 760 1358 821 Εἰς
1386 758 1542 810 τοῦτο
1571 759 1679 829 γὰρ
1721 757 1779 810 τὸ
1827 756 1944 818 ἔτος

350 850 846 921 ιέπτακαιδεκάτην
884 851 976 904 τοῦ
1018 853 1156 905 κατὰ
1197 851 1494 920 Ῥωμαίους
1533 850 1804 921 Ἀπριλίου
1835 867 1942 920 μη-

381 944 469 1008 νὸς
514 947 599 998 ἀεὶ
645 947 734 999 καὶ
779 947 991 1008 πάντως
1037 949 1069 1015 ἡ
1118 947 1158 998 δ’
1201 948 1293 999 καὶ
1354 952 1380 998 ι’
1433 946 1620 998 πίπτει
1673 946 1765 998 τοῦ
1822 947 1941 999 καθ’

392 1035 672 1106 Ἑϐραίους
723 1037 938 1108 πρώτου
981 1039 1168 1107 μηνός.
1211 1038 1307 1090 Διὰ
1339 1037 1495 1089 τοῦτο
1527 1038 1632 1108 γὰρ
1661 1039 1753 1090 καὶ
1781 1040 1837 1089 ἐν
1866 1039 1942 1109 τῷ

378 1125 536 1194 δεξιῷ
565 1127 790 1196 κανονίῳ
831 1127 1031 1197 ταύτην
1057 1127 1156 1196 τὴν
1187 1124 1251 1189 ιζ’
1280 1128 1358 1189 εἰς
1386 1127 1544 1179 αὐτὸν
1571 1126 1942 1198 κατετάξαμεν

378 1215 468 1268 τὸν
509 1217 801 1287 Ἀπρίλιον.
840 1218 1046 1270 Οὐκοῦν
1070 1217 1168 1281 τὰς
1195 1217 1302 1270 ἀπὸ
1328 1217 1546 1288 πρώτης
1573 1219 1666 1270 τοῦ
1711 1221 1942 1272 Ἰανουα-

380 1308 495 1377 ρίου
535 1309 699 1378 μηνὸς
735 1309 860 1378 ἄχρι
893 1309 994 1378 τῆς
1026 1308 1117 1362 τοῦ
1159 1309 1432 1380 Ἀπριλίου
1470 1309 1532 1371 ιζ’
1577 1310 1937 1381 ἀθροίζοντες,

377 1398 633 1468 ποιοῦμεν
674 1399 884 1469 ἡμέρας
919 1399 1029 1470 ρξ’
1069 1396 1184 1452 εἶτα
1228 1401 1410 1454 λοιπὸν
1443 1401 1528 1453 διὰ
1570 1403 1668 1471 μὲν
1694 1402 1791 1472 τῆς
1831 1402 1938 1454 τῶν

381 1494 454 1552 ις’
488 1487 620 1540 ἐτῶν
647 1488 1074 1553 πενταπλώσεως
1102 1497 1175 1555 π’,
1209 1490 1297 1544 διὰ
1325 1491 1381 1544 δὲ
1409 1492 1508 1561 τῆς
1535 1492 1643 1544 τῶν
1689 1495 1807 1545 κατ’
1843 1495 1940 1546 αὐ-

375 1581 472 1643 τὰς
499 1581 800 1652 ὲξηκοστῶν
831 1581 1152 1651 ἀναλήψεως
1183 1589 1234 1650 γ’
1254 1599 1266 1611 ο
1307 1581 1392 1634 διά
1423 1583 1477 1634 δὲ
1509 1582 1667 1636 πάλιν
1705 1584 1803 1653 τῆς
1841 1586 1938 1636 αὐ-

372 1671 481 1723 τῶν
507 1671 614 1724 τῶν
652 1679 726 1736 ις’
755 1672 891 1724 ἐτῶν
939 1671 1292 1736 ὲξαπλώσεως
1334 1674 1445 1739 ἵης’.
1515 1675 1604 1736 Ὠς
1652 1671 1788 1729 εἶναι
1839 1676 1936 1740 τὰς

374 1761 552 1824 πάσας
586 1771 714 1827 σπς¹
736 1782 748 1793 ·
779 1763 842 1825 ἃς
871 1766 948 1825 εἰς
977 1763 1066 1817 τὸν
1110 1765 1153 1815 λ’
1190 1764 1521 1836 μερίζοντες,
1555 1766 1614 1830 ἒξ
1661 1768 1754 1820 καὶ
1787 1775 1815 1820 ι’
1841 1769 1936 1839 τὴν

371 1851 465 1905 τοῦ
498 1852 713 1921 πρώτου
751 1855 917 1926 μηνὸς
966 1854 1006 1906 δ’
1055 1855 1148 1907 καὶ
1183 1855 1212 1906 ι’
1244 1856 1585 1928 εὑρίσκομεν.
1632 1858 1847 1930 Ταύτην
1880 1860 1935 1912 δὲ

2046 665 2114 718 ab
2146 664 2252 718 illis
2280 665 2420 718 lunae
2445 681 2555 728 xvi,
2587 679 2617 717 a
2650 665 2806 718 nobis
2845 680 2935 718 xix
2958 675 3291 719 numeratur.
3321 665 3434 720 Hoc
3459 670 3604 728 enim

2045 771 2188 809 anno
2227 771 2315 808 xlv
2346 757 2504 824 primi
2544 755 2755 809 Judaici
2803 757 3008 810 mensis
3053 765 3314 825 perpetuo
3352 757 3498 812 cadit
3550 760 3605 812 in

2043 847 2242 918 Aprilis
2272 864 2403 901 xvu.
2452 847 2585 901 Nam
2634 856 2917 918 propterea
2959 849 3015 900 in
3062 848 3257 902 tabella
3307 849 3496 903 dextra
3537 851 3604 904 ad

2043 954 2284 1012 mensem
2309 939 2548 1008 Aprilem
2582 939 2724 993 diem
2754 954 2865 991 xvn
2892 939 3195 1008 posuimus.
3228 937 3397 1009 Igitur
3430 941 3545 995 dies
3576 955 3609 993 a

2041 1027 2296 1083 Kalendis
2314 1028 2588 1083 Januariis
2611 1029 2676 1083 ad
2695 1029 2897 1099 Aprilis
2921 1029 3190 1084 decimum
3213 1033 3500 1101 septimum
3531 1033 3610 1086 in-

2041 1119 2297 1188 terjectos
2341 1121 2648 1190 colligimus
2695 1136 2927 1175 numero
2966 1136 3070 1175 cvu
3100 1162 3114 1186 ,
3163 1134 3277 1175 tum
3315 1125 3473 1178 annis
3515 1139 3606 1178 xvi

2041 1211 2332 1279 quinquies
2368 1212 2763 1280 multiplicatis,
2801 1227 2944 1266 Lxxx
2980 1213 3118 1267 dies.
3168 1213 3452 1267 Accedunt
3492 1223 3605 1269 tres

2042 1300 2156 1366 alii,
2182 1317 2322 1371 quos
2356 1303 2692 1372 sexagesima
2731 1304 2987 1372 scrupula
3018 1303 3085 1357 de
3121 1302 3314 1359 diebus
3347 1303 3605 1375 decerpta

2042 1393 2358 1448 coniiciunt.
2405 1393 2618 1449 Rursus
2660 1395 2823 1449 iidem
2857 1395 2986 1448 anni
3019 1409 3109 1449 xv:
3139 1395 3314 1449 sexies
3343 1395 3607 1466 multipli-

2041 1487 2150 1540 cati
2175 1501 2297 1539 xcvi
2331 1485 2446 1542 dies
2473 1487 2840 1540 accumulant.
2895 1485 2964 1540 Ut
2996 1503 3063 1542 ex
3102 1487 3355 1542 omnibus
3385 1489 3606 1543 redacta

2039 1593 2274 1642 summa,
2327 1579 2443 1634 dies
2485 1581 2759 1635 exsistunt
2794 1595 3082 1645 ceuxxvr,
3138 1581 3338 1650 quibus
3374 1596 3472 1650 per
3495 1597 3606 1635 xxx

2038 1668 2249 1734 divisis,
2300 1669 2560 1724 decimam
2590 1679 2796 1725 sextam
2827 1671 3132 1726 invenimus
3165 1686 3287 1726 eam
3317 1687 3458 1738 esse,
3483 1687 3607 1741 quae

2039 1778 2228 1817 revera
2257 1765 2327 1816 sit
2359 1764 2520 1832 primi
2553 1763 2758 1819 mensis
2804 1772 2997 1842 quarta
3031 1764 3259 1820 decima.
3311 1765 3442 1831 Qua:
3486 1766 3608 1834 qui-

2038 1854 2159 1909 dem
2198 1855 2254 1907 in
2291 1869 2452 1924 quam
2485 1855 2839 1910 hebdomada:
2889 1855 3081 1910 feriam
3113 1856 3319 1911 incidat
3367 1872 3530 1911 nosse
3558 1857 3605 1910 si

376 1944 563 2014 μαθεῖν
593 1947 642 1997 εἰ
676 1945 1020 2016 βουληθῶμεν
1062 1949 1140 2009 εἰς
1180 1947 1337 2000 ποίαν
1367 1949 1625 2018 ἐμπίπτει
1655 1950 1755 2019 τῆς
1784 1951 1935 2004 ἐϐδο-

2039 1944 2241 2004 lubeat,
2280 1951 2704 1998 consentaneum
2754 1952 2838 1998 est
2877 1945 3168 2000 observare
3216 1961 3419 1999 annum
3469 1946 3604 2002 solis

375 2037 538 2106 μάδος
565 2039 798 2108 ἡμέραν,
826 2038 966 2091 κατὰ
1002 2039 1098 2109 μὲν
1127 2041 1224 2111 τὴν
1254 2040 1474 2111 πρώτην
1505 2042 1938 2094 ἐννεακαιδεκαε-

368 2128 561 2198 τηρίδα
592 2130 914 2201 προσφόρως
940 2131 1002 2182 τὸ
1045 2132 1143 2201 τῆς
1185 2130 1407 2203 πρώτης
1445 2134 1937 2205 εἰκοσιοκταετηρί-

368 2219 458 2282 δος
486 2219 768 2291 ἰσάριθμον
803 2221 896 2273 τοῦ
938 2221 1089 2292 ἡλίου
1120 2223 1256 2286 ἔτος,
1285 2222 1427 2291 λέγω
1459 2223 1515 2276 δὲ
1565 2225 1624 2276 τὸ
1649 2224 1708 2289 ἒξ
1740 2227 1834 2278 καὶ
1883 2233 1933 2289 ι’,

370 2309 430 2374 ἐξ
473 2311 784 2381 εὐωνύμων,
819 2312 894 2375 ὡς
948 2313 1104 2384 ἔφην,
1141 2313 1404 2382 σύνεγγυς
1448 2317 1792 2386 τεταγμένων
1842 2317 1934 2370 τοῦ

369 2400 533 2453 αὐτοῦ
578 2401 678 2470 τῆς
730 2402 957 2473 σελήνης
1004 2402 1155 2466 ἔτους
1201 2403 1634 2475 διασκοποῦμεν·
1704 2407 1795 2459 καὶ
1839 2407 1937 2470 τὰς

367 2487 532 2540 αὐτοῦ
565 2489 927 2560 λαμϐάνοντες
981 2491 1247 2556 ὲπακτὰς,
1297 2493 1356 2546 ἐν
1400 2484 1476 2564 τῷ
1521 2493 1566 2564 β’
1596 2493 1685 2548 τοῦ
1738 2495 1935 2566 τροχοῦ

368 2577 550 2648 κύκλῳ
570 2579 1060 2651 διαγεγραμμένας,
1089 2581 1253 2648 οὔσας
1278 2583 1369 2636 τὸν
1396 2584 1630 2655 ἀριθμὸν
1663 2591 1734 2650 ς’,
1767 2604 1936 2657 προσ-

368 2669 636 2740 πλέκομεν
666 2675 788 2746 ταῖς
822 2673 884 2736 ιζ’
917 2673 1009 2728 τοῦ
1052 2674 1325 2744 Ἀπριλίου
1359 2675 1524 2747 μηνὸς
1552 2677 1806 2748 ἡμέραις,
1842 2679 1936 2731 καὶ

367 2758 445 2820 εἰς
468 2759 558 2811 τὸν
591 2759 635 2822 ζ’
670 2760 962 2831 μερίζομεν
982 2778 994 2792 ⁸
1032 2764 1140 2815 κάκ
1166 2763 1274 2816 τῶν
1309 2765 1694 2835 ἀπομενουσῶν
1723 2767 1812 2820 δύο
1836 2769 1934 2838 τὴν

366 2852 465 2920 τῆς
493 2850 789 2922 ἑϐδομάδος
833 2854 1044 2925 ἡμέραν
1077 2855 1438 2926 γινώσκομεν,
1475 2859 1554 2920 εἰς
1588 2860 1654 2929 ἣν
1697 2861 1932 2929 Ἑϐραῖοι

365 2941 424 2993 τὸ
470 2943 661 3014 Πάσχα
698 2945 930 2999 τελοῦσι.
984 2947 1074 3000 Διὸ
1125 2951 1188 3018 τῇ
1241 2949 1346 3019 πρὸ
1397 2950 1616 3022 ταύτης,
1652 2953 1818 3022 ἡγουν
1865 2956 1930 3024 τῇ

364 3032 494 3103 ἁγίᾳ
528 3036 799 3108 Κυριακῇ,
848 3043 889 3090 ε’
927 3039 1021 3092 καὶ
1072 3047 1101 3092 ι’
1150 3042 1344 3095 ἐκεῖνοι
1380 3041 1473 3094 τοῦ
1506 3043 1738 3112 φέγγους
1766 3046 1933 3116 ψηφί-

365 3122 564 3190 ιἷονέεῑς,
616 3126 722 3200 πρὸ
770 3128 862 3180 τοῦ
915 3129 1197 3200 Ἑϐραῖκοῦ
1239 3131 1299 3184 τὸ
1326 3133 1464 3186 κατὰ
1509 3135 1761 3205 Χριστὸν,
1794 3138 1930 3210 ὅπερ

359 3215 423 3318 οὐ
454 3215 628 3318 θέμις,
654 3220 996 3318 κανονίζουσι
1025 3223 1233 3292 Πάσχα.
1264 3223 1478 3318 ΪΓαύτης
1501 3222 1592 3280 οῦν
1620 3229 1800 3283 ἕνεκεν
1834 3233 1930 3302 τῆς
1957 3263 1999 3318 C

362 3308 574 3375 αἰτίας,
637 3311 712 3374 ὼς
769 3313 868 3382 ἡδη
923 3312 1203 3379 λέλεκται,
1258 3315 1406 3369 δυσὶν
1464 3319 1928 3393 ὲπεσημηνάμεθα

363 3406 614 3472 στιγμαῖς
643 3404 702 3457 τὸ
730 3405 859 3458 αὐτὸ
889 3405 946 3470 ἒξ
979 3405 1072 3460 καὶ
1102 3407 1284 3472 ι’έτος.
1305 3409 1414 3461 Καὶ
1437 3409 1608 3474 οὕτως
1637 3413 1734 3480 μὲν
1762 3430 1928 3484 προσ-

360 3494 485 3563 ήκει
522 3494 776 3564 ψηφίζειν
825 3497 966 3552 κατὰ
1004 3499 1103 3570 τὴν
1151 3499 1375 3572 πρώτην
1419 3503 1928 3576 ἐννεακαιδεκαετη-

363 3584 482 3655 ρίδα
518 3586 582 3664 ’τὸ
611 3587 743 3639 αὐτὸ
792 3587 850 3652 ἒξ
901 3589 992 3642 καὶ
1033 3596 1062 3642 ι’
1091 3591 1190 3660 τῆς
1241 3593 1468 3664 σελήνης
1499 3594 1648 3659 ἔτος·
1687 3597 1825 3651 κατὰ
1869 3599 1926 3651 δὲ

359 3674 458 3746 τὴν
493 3682 545 3741 ς’
577 3678 1202 3752 ὲννεακαιδεκαετηρίδα,
1233 3685 1280 3736 εἰ
1315 3683 1476 3738 πάλιν
1511 3686 1824 3758 Θελήσωμεν
1852 3691 1927 3742 εἰ-

358 3769 504 3824 δέναι
543 3771 672 3842 ποίᾳ
695 3773 792 3842 τῆς
816 3773 1104 3844 ἑϐδομάδος
1133 3777 1315 3848 ἡμέρᾳ
1341 3778 1439 3848 τὴν
1490 3777 1549 3843 ἒξ
1581 3779 1674 3831 καί¹
1724 3787 1754 3832 ι’
1782 3783 1925 3833 έκεῖ-

359 3879 440 3915 νοι
480 3863 804 3936 ψηφίζουσιν
856 3868 948 3920 ἐπὶ
975 3867 1068 3920 τοῦ
1113 3868 1274 3922 αὐτοῦ
1327 3869 1498 3936 ἔτους,
1545 3873 1709 3941 ἡγουν
1741 3873 1833 3927 τοῦ
1867 3874 1925 3941 ἒξ

359 3957 454 4009 καὶ
503 3963 555 4021 ι’,
603 3957 697 4011 τοῦ
753 3958 999 4023 συνόντος
1047 3959 1194 4031 αὐτῷ
1243 3961 1302 4026 ἐξ
1362 3962 1656 4033 εὐωνύμων
1699 3965 1924 4036 ἡλιακοῦ

359 4047 531 4114 ἔτους,
571 4048 712 4119 λέγω
761 4051 818 4104 δὲ
863 4051 958 4104 τοῦ
1007 4051 1087 4117 κζ’
1137 4054 1236 4124 τῆς
1280 4054 1322 4106 δ’
1376 4056 1926 4127 εἰκοσιοκταετηρίδος

360 4139 713 4210 ὑπάρχοντος,
765 4141 862 4205 τὰς
908 4143 1150 4206 ὲπακτὰς
1193 4143 1576 4214 λαμϐάνοντες,
1623 4144 1789 4209 οὔσας
1833 4146 1927 4199 τὸν

362 4230 588 4302 ἀριθμὸν
614 4238 676 4295 ε’,
719 4235 785 4304 τῇ
834 4234 969 4304 αὐτῇ
1013 4234 1106 4287 τοῦ
1148 4235 1420 4306 Ἀπριλίου
1461 4236 1630 4307 μηνὸς
1674 4236 1718 4301 ζ’
1757 4237 1851 4290 καὶ
1894 4244 1924 4290 ι’

363 4321 746 4393 συμπλέκομεν
765 4340 778 4353 ·
810 4325 901 4376 καὶ
931 4327 1010 4388 εἰς
1037 4325 1128 4378 τὸν
1153 4325 1196 4390 ζ’
1237 4326 1334 4390 τὰς
1364 4327 1445 4396 κβ¹
1481 4327 1813 4399 μερίζοντες,
1861 4331 1926 4382 ἐκ

359 4407 459 4476 τῆς
490 4407 865 4482 ἀπομενούσης
894 4415 1179 4485 Κυριακὴν
1223 4416 1322 4487 τὴν
1350 4419 1446 4487 τῆς
1477 4417 1764 4487 ἑϐδομάδος
1791 4421 1822 4489 ἡ
1833 4419 1926 4488 μέ-

363 4513 464 4564 ραν
501 4497 846 4570 εὐρίσκομεν.
885 4503 978 4555 Ἐκ
1019 4504 1222 4573 ταύτης
1270 4506 1366 4575 μὲν
1403 4500 1495 4559 οὖν
1525 4507 1650 4592 τῆς.
1667 4507 1807 4561 κατὰ
1833 4509 1924 4561 τὸν

2039 2036 2094 2088 in
2135 2035 2313 2104 primo
2345 2036 2464 2104 ejus
2502 2037 2676 2106 cyclo,
2703 2038 2916 2091 numeri
2952 2037 3195 2106 ejusdem
3232 2053 3356 2092 cum
3401 2038 3603 2101 lunari,

2038 2125 2140 2179 hoc
2171 2132 2255 2179 est
2284 2141 2395 2189 xvr,
2425 2142 2585 2195 quem
2617 2128 2683 2181 ad
2704 2117 2954 2181 dextram
2984 2129 3113 2182 anni
3157 2128 3318 2184 istius
3344 2129 3505 2194 lunae,
3537 2143 3603 2182 ac

2037 2230 2204 2285 prope
2232 2215 2409 2285 ipsum
2437 2217 2673 2286 positum
2705 2234 2827 2273 esse
2850 2218 3156 2274 docuimus.
3186 2219 3358 2290 Hujus
3381 2229 3602 2291 epactas

2037 2309 2094 2362 in
2147 2308 2388 2362 secundo
2431 2316 2562 2362 rotze
2596 2309 2804 2363 circulo
2837 2308 3162 2380 descriptas,
3212 2326 3333 2381 qua:
3363 2320 3491 2366 sunt
3524 2327 3602 2378 vr,

2037 2399 2289 2454 addimus
2332 2415 2445 2453 xvn
2479 2399 2684 2470 Aprilis
2734 2399 2963 2467 diebus;
3004 2416 3067 2454 ac
3087 2407 3261 2454 totum
3290 2402 3346 2455 in
3374 2418 3448 2455 vn
3479 2418 3606 2472 par-

2038 2492 2225 2547 timur.
2261 2491 2363 2558 Qui
2390 2492 2630 2561 reliquus
2661 2501 2746 2548 est
2781 2493 3024 2548 hinarius
3057 2493 3248 2547 feriam
3278 2494 3519 2562 exhibet,
3546 2495 3603 2550 in

2035 2599 2143 2653 qua
2171 2581 2343 2639 Judaei
2380 2581 2590 2638 Pascha
2619 2585 2918 2638 celebrant.
2943 2583 3023 2638 Ob
3053 2583 3106 2637 id
3137 2585 3490 2641 antecedente
3522 2585 3603 2640 illi

2036 2674 2146 2740 die,
2201 2673 2459 2726 nimirum
2508 2671 2832 2740 Dominica,
2877 2691 2946 2728 xv
3002 2675 3146 2730 lunae
3194 2685 3602 2747 computantes,

2036 2773 2161 2818 ante
2197 2763 2482 2818 Iudaicum
2524 2761 2755 2828 Pascha,
2801 2765 2945 2834 quod
2991 2765 3146 2820 nefas
3193 2775 3296 2832 est,
3331 2767 3605 2825 Christia-

2034 2870 2165 2908 num
2215 2862 2482 2908 statuunt.
2532 2853 2830 2925 Propterea
2865 2870 2966 2911 nos
3008 2857 3155 2911 hunc
3184 2859 3360 2928 ipsum
3396 2875 3602 2916 annum

2035 2963 2146 3010 xw,
2179 2954 2238 2999 ut
2263 2947 2374 3016 jam
2410 2945 2614 3000 dictum
2644 2955 2750 3011 est,
2792 2947 2996 3018 duplici
3037 2961 3240 3019 puncto
3263 2954 3600 3008 notavimus.

2033 3039 2114 3091 Ad
2142 3038 2290 3092 hunc
2324 3041 2542 3094 modum
2576 3054 2870 3094 numerare
2901 3043 3157 3096 convenit
3199 3043 3254 3097 in
3293 3045 3471 3113 primo
3504 3059 3601 3116 cy-

2034 3129 2122 3182 clo
2163 3130 2326 3201 186
2349 3131 2832 3186 decemnovennali
2871 3147 3075 3186 annum
3109 3135 3275 3188 istum
3317 3136 3459 3190 lunae
3487 3153 3600 3193 xvn.

2031 3221 2154 3277 Jam
2178 3238 2307 3277 vero
2337 3224 2383 3277 si
2415 3223 2470 3276 in
2499 3223 2653 3293 cyclo
2690 3223 3172 3279 decemnovennali
3205 3241 3260 3279 γι
3295 3227 3436 3283 scire
3465 3228 3602 3283 veli-

2034 3330 2179 3379 mus,
2217 3330 2457 3384 quanam
2510 3315 2870 3372 hebdomadis
2916 3316 3050 3372 feria
3072 3317 3340 3373 decimam
3387 3329 3600 3376 sextam

2033 3407 2113 3461 illi
2146 3415 2430 3462 numerent
2464 3409 2517 3461 iu
2546 3422 2689 3462 anno
2720 3407 2908 3462 eodem
2932 3425 3044 3488 xvi,
3071 3410 3199 3464 anni
3228 3412 3380 3477 solis,
3407 3413 3497 3483 qui
3532 3415 3602 3468 ad

2033 3500 2155 3568 ejus
2189 3499 2468 3554 sinistram
2507 3499 2719 3568 positus
2758 3507 2862 3562 est,
2896 3507 2950 3554 et
2982 3510 3065 3555 est
3106 3517 3259 3556 xxvu
3288 3505 3425 3574 cycli
3455 3505 3603 3559 sola-

2033 3591 2112 3645 ris
2157 3605 2232 3653 Iv,
2268 3589 2546 3644 sumendae
2576 3597 2705 3645 sunt
2735 3603 2941 3659 epactae
2965 3590 3023 3653 νζ
3069 3598 3122 3646 et
3149 3591 3217 3646 ad
3254 3609 3364 3646 xvn
3395 3593 3601 3663 Aprilis

2033 3681 2355 3752 adjiciendae
2385 3701 2396 3734 :
2428 3681 2554 3736 inde
2587 3697 2854 3737 summam
2899 3682 3110 3736 dierum
3145 3699 3258 3737 χιιι
3290 3700 3385 3754 per
3410 3701 3487 3739 vn
3512 3685 3598 3740 di-

2031 3770 2300 3834 videntes,
2354 3771 2616 3840 reliquam
2654 3770 2912 3827 faciemus
2956 3771 3311 3834 Dominicam.
3359 3792 3481 3846 qua:
3516 3785 3602 3833 est

2033 3864 2303 3920 illiusdiei
2328 3864 2483 3920 feria.
2507 3863 2582 3918 Ex
2617 3865 2720 3920 hac
2746 3865 2911 3936 igitur
2934 3881 3047 3930 xvn,
3073 3882 3234 3937 quam
3265 3868 3341 3922 illi
3367 3869 3424 3924 in
3448 3880 3603 3925 sexto

2032 3956 2514 4012 decemnovennali
2549 3957 2704 4027 cyclo
2748 3964 3090 4026 computant,
3118 3957 3492 4015 Christianum
3533 3963 3601 4016 ab

2033 4048 2102 4102 iis
2129 4046 2341 4102 Pascha
2376 4049 2430 4101 in
2458 4061 2594 4102 xxm
2623 4047 2763 4102 luuaa
2783 4046 2932 4103 diem
2977 4047 3258 4104 confertur
3290 4068 3303 4103 :
3342 4052 3601 4120 quoniam

2015 4122 2090 4193 ἰιι
2118 4138 2495 4208 insequentem
2539 4136 2875 4192 Dominicam
2917 4139 3290 4194 ecclesiastica
3321 4140 3377 4195 id
3415 4143 3601 4211 regula

2035 4229 2324 4285 transferri
2353 4229 2633 4299 praecipit;
2659 4245 2727 4284 ex
2756 4244 2819 4284 ea
2843 4243 2992 4292 vero,
3021 4245 3186 4300 quam
3215 4231 3267 4284 in
3294 4232 3470 4300 prima
3503 4248 3588 4286 en.

2033 4320 2481 4376 neadecaeteride
2503 4328 2814 4384 numerant,
2845 4320 2991 4390 quod
3023 4336 3087 4376 ea
3123 4320 3416 4376 secundam
3446 4322 3497 4375 in
3522 4321 3599 4377 fe-

2034 4412 2172 4465 riam
2211 4411 2437 4476 incldat,
2485 4410 2694 4466 Pascha
2725 4411 2780 4464 iu
2829 4418 2942 4465 mi
2976 4412 3118 4467 lunae
3141 4412 3283 4466 diem
3313 4413 3596 4483 competit.

2033 4509 2149 4560 Hoc
2195 4508 2362 4576 igitur
2393 4513 2554 4575 pacto
2583 4507 2630 4561 si
2660 4507 2785 4576 quis
2815 4507 2975 4563 annis
3000 4509 3162 4573 lunae,
3214 4510 3306 4579 qui
3347 4510 3402 4564 in
3433 4526 3466 4564 v
3490 4511 3601 4564 οἰτ-

364 4595 416 4654 ς¹
441 4592 1041 4668 ἐννεακαιδεκαετὴῥίδα
1061 4598 1434 4670 ψηφιζομένης
1461 4601 1642 4665 αὐτοῖς
1670 4602 1726 4668 ἒξ
1755 4602 1847 4656 καὶ
1872 4609 1922 4667 ι’,

2035 4599 2172 4654 culis
2203 4607 2334 4652 rotae
2355 4597 2603 4667 inscripti
2632 4603 2782 4662 sunt,
2808 4601 2888 4651 uti
2914 4597 3063 4661 velit,
3098 4599 3152 4652 in
3177 4601 3419 4669 quolibet
3451 4601 3603 4655 inve~

361 4681 532 4734 εἰκάδι
561 4691 629 4750 γ’,
659 4686 718 4737 τὸ
750 4689 888 4740 κατὰ
930 4689 1162 4759 Χριστὸν
1206 4692 1542 4756 κανονίζουσι
1587 4694 1780 4763 Πάσχα
1804 4711 1817 4724 °
1851 4693 1926 4757 ὡς

360 4774 440 4836 εἰς
468 4772 564 4843 τὴν
589 4773 714 4844 ἑξῆς
745 4778 901 4845 άγὶαν
933 4781 1212 4852 Κυριακὴν
1239 4782 1401 4836 αὐτοῦ
1436 4785 1753 4854 τελουμένου
1785 4787 1927 4838 κατὰ

359 4861 458 4933 τὴν
490 4863 940 4937 ὲκκλησιαστικὴν
981 4872 1310 4940 παράδοσιν·
1345 4875 1406 4927 ὲκ
1444 4873 1498 4926 δὲ
1534 4875 1631 4946 τῆς
1659 4875 1801 4929 κατὰ
1828 4876 1926 4947 τὴν

359 4959 407 5005 α’
451 4955 1081 5029 ὲννεακαιδεκαετηρίδα,
1132 4962 1220 5015 διὰ
1260 4965 1321 5016 τὸ
1373 4965 1703 5035 συμφθάνειν
1744 4968 1822 5029 εἰς
1882 4968 1925 5036 β’

358 5045 569 5116 ἡμέραν
594 5046 693 5116 τῆς
720 5048 1025 5118 ἑϐδομάδος,
1054 5053 1226 5106 εἰκάδι
1255 5054 1299 5124 β’
1324 5055 1415 5108 τοῦ
1449 5057 1703 5125 φέγγους.
1741 5057 1929 5120 Οὕτως

362 5137 459 5206 μὲν
485 5140 532 5190 εἰ
574 5142 826 5209 χρήσοιτο
857 5160 940 5205 τις
966 5146 1091 5216 περί¹
1120 5145 1224 5198 τῶν
1250 5149 1308 5198 έν
1341 5147 1419 5217 τῷ
1458 5150 1636 5220 τροχῷ
1661 5149 1801 5202 κατὰ
1828 5150 1928 5213 τὰς

357 5237 398 5281 ε’
427 5229 599 5294 ζώνας
625 5233 851 5287 ἐνόντων
886 5237 985 5305 τῆς
1030 5236 1256 5308 σελήνης
1295 5238 1453 5302 ἐτῶν,
1491 5239 1824 5311 διερευνήσει
1868 5242 1926 5292 έν

357 5319 574 5390 ἑκάστῳ
617 5322 715 5392 τὴν
763 5325 862 5394 τῆς
911 5326 1203 5396 ἑϐδομάδος
1255 5333 1301 5380 α’
1338 5329 1571 5399 ἡμέραν,
1608 5329 1641 5399 ἢ
1693 5330 1793 5400 τὴν
1838 5329 1881 5399 β’
1907 5347 1919 5358 ·

353 5413 484 5482 περὶ
513 5411 568 5464 δὲ
597 5412 702 5465 τῶν
731 5415 788 5466 ὲν
813 5413 891 5484 τῷ
920 5415 1182 5487 εὐωνύμῳ
1206 5418 1714 5490 διαγεγραμμένων,
1748 5420 1924 5490 ζητῶν

356 5503 452 5554 καὶ
483 5501 692 5566 τούτοις
716 5505 762 5536 ⁸⁸
793 5506 892 5576 τὴν
941 5507 1076 5576 μετὰ
1104 5507 1201 5579 τὴν
1233 5509 1454 5581 πρώτην
1485 5510 1579 5563 καὶ
1612 5510 1656 5580 β’
1697 5511 1926 5581 ἑϐδομα-

2033 4688 2253 4759 ειίείιιιίι
2305 4688 2494 4741 feriam
2535 4704 2574 4753 ι,
2610 4697 2705 4742 aut
2729 4703 2812 4742 Ii:
2850 4688 2993 4758 quod
3025 4690 3092 4743 ad
3125 4704 3220 4745 eos
3263 4706 3394 4745 vero
3433 4693 3600 4762 perti-

2034 4786 2146 4843 net,
2179 4779 2270 4848 qui
2299 4777 2365 4832 ad
2391 4777 2672 4833 sinistram
2715 4779 2878 4849 positi
2912 4785 3063 4846 sunt,
3097 4779 3143 4835 si
3175 4781 3417 4851 inquirat
3450 4798 3594 4844 eam,

2035 4886 2155 4944 quae
2194 4871 2426 4940 primam
2485 4869 2848 4924 secundamve
2887 4872 3155 4940 sequitur,
3191 4887 3251 4926 ιιι
3295 4874 3378 4927 vel
3415 4890 3468 4928 iv
3517 4875 3568 4930 fe
3600 4913 3603 4915 -

2035 4964 2194 5028 riam,
2231 4977 2295 5015 ac
2317 4970 2539 5017 caeteras
2571 4961 2852 5033 deinceps,
2892 4971 3056 5032 prout
3083 4965 3189 5018 erit
3211 4966 3349 5036 cycli
3382 4967 3601 5022 decem-

2033 5053 2355 5109 novennalis
2402 5068 2619 5118 annus,
2671 5055 2766 5124 qui
2813 5059 3156 5125 proponitur,
3211 5065 3598 5128 congruentem

2033 5145 2174 5215 cycli
2206 5145 2402 5200 solaris
2434 5144 2716 5214 indagabit
2755 5159 2958 5200 annum
2986 5165 3000 5214 ;
3047 5147 3208 5218 cujus
3238 5158 3457 5217 epaetas
3503 5149 3602 5203 ιιι]-

2028 5238 2222 5306 junget
2250 5237 2315 5290 ad
2352 5237 2493 5292 diem
2514 5235 2744 5291 Romani
2774 5239 3003 5301 mensis,
3042 5239 3096 5292 in
3133 5254 3294 5308 quem
3321 5256 3412 5294 xw
3439 5239 3599 5309 primi

2033 5329 2242 5384 mensis
2307 5329 2500 5384 incidit
2544 5344 2691 5383 anno
2737 5330 2831 5383 illo
2878 5331 3038 5396 lunae,
3082 5331 3150 5385 de
3179 5345 3288 5401 quo
3316 5331 3598 5400 quaeritur.

2032 5418 2238 5474 Deinde
2281 5421 2576 5490 partitione
2617 5419 2760 5474 facta
2792 5437 2889 5491 per
2922 5436 3016 5486 vn,
3058 5437 3126 5476 ex
3157 5435 3224 5476 eo
3262 5419 3454 5476 feriam
3502 5403 3602 5475 ob-

2032 5512 2248 5567 tincbit.

355 5591 512 5661 τικὴν
541 5591 768 5662 ἡμέραν,
801 5592 911 5648 οἷον
940 5597 1038 5668 τὴν
1072 5604 1140 5666 γ’,
1175 5600 1268 5652 καὶ
1297 5600 1394 5670 τὴν
1419 5600 1481 5663 δ’,
1513 5603 1606 5653 καὶ
1647 5601 1747 5665 τὰς
1781 5603 1908 5673 ἑξῆς
1960 5604 2098 5673 πρὸς
2141 5604 2201 5656 τὸ
2249 5603 2349 5674 τῆς
2395 5595 2771 5674 ψηεριζομένης
2808 5603 3437 5677 ὲννεακαιδεκαετηρίδος
3483 5601 3602 5668 ἔτος

357 5679 704 5753 διακριϐώσει
756 5685 816 5737 τὸ
862 5689 1168 5760 πρόσφορον
1212 5693 1311 5762 τῆς
1341 5695 1913 5767 εἰκοσιοκταετηρίδος,
1947 5697 2040 5750 καί
2068 5697 2256 5751 τούτου
2299 5697 2398 5761 τὰς
2442 5699 2686 5764 ὲπακτὰς
2729 5699 3055 5775 προσπλέξει
3093 5701 3158 5773 τῇ
3216 5697 3450 5770 ποσταία
3507 5697 3601 5758 τοῦ

425 5858 471 5893 ⁸⁸
496 5860 539 5929 Ῑ.
567 5863 625 5917 ὲν
644 5862 873 5928 τούτοις.
