4106 6420
408 436 546 494 {365
1204 442 1262 499 S.
1305 442 1554 499 MAXIMI
1592 445 1951 503 MARTYRIS
1986 434 2363 507 COMPUTUS
2397 449 2832 507 ECCLESIAST.
3148 413 3154 419 Ι
3494 460 3628 516 1:266

683 554 821 623 Περὶ
848 552 957 625 τῆς
975 556 1306 627 διατι-,βαφῆς
1325 561 1429 615 τοῦ
1445 563 1681 633 τροχοῦ.
1990 572 2040 630 Α

1606 563 1681 619 νῦ.
1990 572 2040 630 Α
2420 570 2577 640 187
2613 569 2687 629 De
2713 579 2843 625 rotae
2871 569 3227 638 descriptione.

477 665 551 719 B'.
592 666 778 754 ’ξστιν
824 663 915 721 οὖν
957 670 990 741 ἡ
1046 669 1319 743 διαγραφὴ
1350 674 1445 728 τοῦ
1491 676 1685 747 τροχοῦ
1725 680 1964 752 τοιαύτη.

2142 681 2205 737 ll.
2230 682 2355 738 Htec
2388 684 2554 754 igitur
2584 696 2702 739 rota
2743 685 2850 741 ista
2879 684 3280 754 complectitur.
3310 684 3447 741 Tres
3481 703 3534 741 in
3568 703 3630 742 ea

404 757 564 829 Τρεῖς
592 747 746 820 οὗτος
768 758 1025 830 κέκτηται
1062 758 1258 826 ζώνας,
1299 765 1392 817 καὶ
1426 764 1570 819 ἔνδον
1603 767 1781 821 αὐτῶν
1806 747 1966 823 κανόν-

2074 789 2223 828 zonae
2253 747 2485 838 sunt,'et
2512 776 2567 828 in
2597 775 2777 830 medio
2796 747 3274 846 quadrata,tabula
3300 779 3629 848 aaquilatera.

403 864 514 900 νιον
567 849 1003 918 ίσοτετράγωνον.
1063 850 1127 902 Ἡ
1168 852 1265 922 μὲν
1300 849 1393 907 οὖν
1424 855 1614 928 πρώτη
1641 855 1783 929 ζώνη
1817 875 1970 930 περι-

2075 865 2256 920 Prima
2285 882 2419 921 zona
2450 881 2715 921 annorum
2741 868 2931 937 viginti
2964 876 3087 922 octo
3111 868 3243 923 solis
3265 877 3486 939 epactas
3502 885 3634 925 con-

403 937 517 1008 έχει
549 939 647 1001 τὰς
680 939 788 992 τῶν
819 946 904 1010 κη’
937 940 1027 993 τοῦ
1053 941 1201 1012 ἡλίου
1228 943 1364 998 ἐτῶν
1394 947 1666 1010 ὲπακτάς·
1697 950 1730 1019 ἡ
1765 949 1820 1001 δὲ
1848 949 1967 1002 δευ-

2076 957 2245 1021 tinet;
2270 957 2505 1011 secunda
2536 972 2711 1012 annos
2745 956 2895 1028 ipsos
2937 973 3101 1011 xxvm
3139 937 3347 1014 solares
3397 974 3426 1011 a
3456 961 3633 1029 primo

401 1030 539 1099 τέρα
568 1029 707 1083 αὐτὰ
728 1030 797 1083 τὰ
835 1038 921 1103 κη’
947 1030 1040 1084 τοῦ
1083 1033 1243 1105 ἡλίου-
1266 1034 1358 1108 ἔτη
1392 1038 1499 1090 ἀπὸ
1550 1038 1765 1110 πρώτου
1807 1040 1967 1111 μέχρι

2077 1048 2145 1103 ad
2163 1048 2406 1102 ultimam
2428 1063 2602 1118 usque
2628 1063 2967 1119 progressos.
2993 1047 3177 1103 Tertia
3191 1049 3521 1113 hissextiles,
3540 1052 3633 1120 qui

401 1118 496 1211 τοῦ
544 1119 875 1185 τελευταίου,
936 1124 1077 1177 κατὰ
1123 1125 1276 1192 τάξιν
1326 1126 1806 1200 διαγεγραμμέναο
1846 1132 1879 1200 ἡ
1910 1130 1968 1184 δὲ

2075 1140 2437 1211 quadriennio
2463 1140 2661 1209 cuique
2675 1146 3011 1210 competunt.
3030 1138 3155 1195 Hazc
3183 1140 3239 1195 in
3268 1140 3442 1197 tribus
3458 1118 3632 1199 zonis.

402 1209 560 1282 τρίτη
577 1211 644 1265 τὰ
664 1211 805 1266 κατά
832 1215 931 1285 τὴν
952 1217 1339 1289 τετραετηρίδα
1363 1218 1636 1289 βίσσεξτα.
1664 1223 1773 1275 Καὶ
1796 1222 1967 1276 ταῦτα

408 1303 506 1373 μὲν
533 1307 587 1358 αἱ
612 1308 760 1377 τρεῖς
780 1305 966 1370 ζῶναι.

638 1418 778 1486 Περὶ
808 1417 918 1488 τῆς
943 1420 1268 1491 διαγραφῆς
1295 1422 1400 1478 τοῦ
1433 1425 1737 1480 κανονίου.
1764 1476 1765 1479 η

1729 1465 1737 1479 .
1764 1476 1765 1479 η
2349 1426 2431 1481 De
2452 1425 2729 1482 mediana:
2767 1426 2962 1482 tabula:
2991 1426 3350 1496 descnpttone.

476 1527 550 1581 l".
576 1529 650 1581 Τὸ
670 1530 728 1584 δὲ
767 1532 1011 1587 κανόνων
1033 1534 1170 1588 ἑπτὰ
1200 1534 1413 1607 στίχους
1442 1535 1574 1607 ἔχει,
1599 1538 1656 1590 ὲν
1682 1533 1763 1599 οἷς
1791 1536 1847 1588 αί
1868 1536 1967 1607 τῆς

2141 1534 2226 1591 Ill.
2265 1535 2471 1590 Tabula
2520 1541 2726 1605 septem
2776 1536 3027 1591 versibus
3069 1543 3302 1598 constat,
3340 1534 3396 1589 in
3432 1534 3629 1605 quibus

404 1620 696 1693 ἑϐδομάδος
728 1627 929 1698 ἡμέραι
963 1629 1286 1700 τεταγμέναι
1312 1631 1689 1701 τυγχάνουσιν.
1733 1630 1872 1684 Ἀλλ’
1908 1632 1966 1683 ὲν

2073 1635 2278 1698 septem
2297 1626 2656 1682 hebdomadis
2679 1627 3166 1683 diesexhibentur.
3191 1627 3249 1681 In
3275 1628 3449 1698 primo
3470 1624 3658 1683 versu'

405 1711 506 1781 μὲν
526 1711 603 1783 τῷ
628 1714 828 1787 πρώτῳ
872 1718 1037 1788 στίχῳ
1085 1719 1225 1773 κατὰ
1248 1720 1419 1786 τάξιν,
1439 1715 1549 1776 οἷον
1581 1724 1645 1774 ἐκ
1673 1727 1742 1785 α’,
1776 1721 1870 1774 καὶ
1898 1719 1962 1790 β’,

2071 1720 2265 1775 ordine
2287 1719 2592 1785 procedunt
2619 1719 2688 1775 ab
2719 1720 2770 1785 1,
2802 1720 2857 1784 2,
2888 1721 2921 1775 5
2949 1736 3121 1790 usque
3147 1718 3213 1773 ad
3241 1720 3296 1784 7,
3317 1719 3372 1773 in
3401 1734 3634 1789 sequen-

402 1801 496 1853 καὶ
512 1801 702 1873 τρίτης
736 1806 897 1877 μέχρι
919 1807 1029 1861 τῶν
1058 1807 1102 1872 ζ’
1121 1825 1134 1839 ο
1162 1811 1229 1863 »ὲν
1255 1810 1312 1863 δὲ
1343 1812 1456 1872 τοῖς
1478 1810 1614 1881 μετὰ
1634 1811 1724 1863 τὸν
1754 1809 1965 1881 πρῶτον

2071 1811 2217 1866 tibus
2247 1817 2408 1881 prout
2448 1810 2696 1865 calculus
2750 1810 2897 1865 tulit.
2950 1808 3219 1880 Utrinque
3259 1808 3428 1864 rubro
3476 1807 3634 1879 picta:

403 1890 581 1982 στίχον
607 1894 747 1965 ώςὴ
791 1894 968 1965 ψῆφος
1012 1898 1308 1969 ἀπῄτησεν.
1365 1899 1730 1973 Ἐκατέρωθεν
1767 1900 1823 1954 δὲ
1872 1899 1964 1953 τοῦ
1998 1928 2024 1982 ε

2009 1928 2043 1982 Β
2070 1909 2198 1958 sunt
2238 1900 2438 1957 eaedem
2464 1900 2825 1956 hebdomadis
2847 1900 2995 1956 feria;
3041 1900 3297 1955 deorsum
3343 1913 3372 1953 a
3416 1911 3630 1953 summo

400 1980 563 2035 αὐτοῦ
598 1982 688 2037 διὰ
751 1988 978 2058 σηρικοῦ
1012 1991 1395 2061 γεγραμμέναι
1423 1991 1582 2045 πάλιν
1615 1992 1753 2046 εἰσὶν
1791 1991 1964 2062 ὀρθῶς
1989 1980 2021 2045 .—

2015 1980 2031 1982 ’
2069 1991 2484 2055 descendentes,
2515 1991 2713 2061 quibus
2741 1990 2981 2059 adjuncti
3025 1997 3155 2046 sunt
3206 1989 3436 2044 Romani
3481 1992 3636 2042 men;

400 2073 719 2144 καθιέμεναι
744 2078 799 2132 αῖ
830 2080 989 2133 αὐταὶ
1024 2081 1124 2151 τῆς
1163 2082 1452 2153 ἑϐδομάδος
1486 2084 1688 2155 ἡμέραι
1711 2100 1725 2113 ⁸
1759 2082 1875 2153 μεθ’
1899 2081 1965 2146 ἃς

2071 2096 2198 2148 ses;
2230 2081 2286 2134 in
2312 2080 2528 2150 gemino
2554 2094 2718 2134 versu
2752 2081 2902 2136 solus
2930 2081 3230 2149 inscriptus
3261 2088 3346 2136 est
3381 2078 3629 2140 Martius,

400 2165 492 2218 καὶ
539 2169 588 2219 oi
634 2167 954 2224 δυοκαίδεκα
996 2173 1290 2244 Ῥωμαϊκαὶ
1318 2174 1481 2246 μῆνες
1506 2173 1966 2246 διαγεγραμμένοι

2070 2178 2290 2240 propter
2318 2171 2639 2225 bissextum.
2664 2169 2941 2236 Ejusmodi
2970 2178 3055 2226 est
3085 2171 3292 2226 tabellae
3318 2167 3634 2239 descriptio.

397 2261 774 2329 τυγχάνουσιν.
818 2265 905 2318 Ἐν
948 2266 1108 2337 διττῷ
1135 2268 1192 2319 δὲ
1232 2268 1703 2340 διαγεγραμμένος
1733 2268 1966 2340 ὑπάρχει
1988 2266 2187 2338 μόνοςδ
2218 2265 2460 2336 Μάρτιος
2485 2263 2572 2317 διὰ
2590 2263 2652 2317 τὸ
2675 2261 2967 2333 βίσσεξτον.
2994 2264 3180 2318 Ταῦτα
3206 2264 3300 2317 καὶ
3358 2262 3485 2333 περὶ
3535 2258 3636 2330 τῆς

398 2350 771 2409 τοῦ,κανονίου
805 2357 1114 2430 διασκευῆς.
1150 2410 1154 2414 ,

641 2462 905 2529 ’Υπόδειξ
910 2482 964 2532 ις
995 2465 1107 2535 τῆς
1121 2469 1250 2521 καθ’
1264 2468 1478 2538 ..εἱρμὸν
1493 2469 1719 2539 ψήφου.
2207 2464 2262 2531 01

2207 2464 2455 2531 Qunam
2483 2463 2687 2517 ratinm
2715 2461 2950 2517 calculus
2988 2461 3169 2517 ordine
3200 2462 3397 2516 directo
3425 2462 3488 2515 sit

2656 2534 3033 2588 instituendus.

466 2637 539 2692 Δ’.
584 2637 773 2691 Ἦνίκα
799 2637 977 2693 τοίνυν
1009 2642 1073 2694 ἐκ
1095 2640 1249 2694 τοῦδε
1284 2640 1378 2695 τοῦ
1401 2642 1591 2713 τροχοῦ
1616 2642 1714 2714 τὴν
1740 2642 1964 2714 ἑϐδομα-

2136 2644 2226 2700 IV.
2256 2633 2330 2699 Ut
2352 2660 2419 2702 ex
2444 2645 2547 2700 hac
2567 2652 2695 2699 rota
2727 2643 2916 2699 feriam
2946 2659 3277 2716 quocunque
3297 2643 3386 2700 die
3401 2642 3636 2703 Romani

397 2726 555 2797 τικὴν
570 2727 801 2800 ἡμέραν,
820 2730 878 2782 ὲν
901 2730 988 2802 οἵα
1010 2731 1208 2803 δήποτε
1222 2733 1528 2804 Ῥωμαϊκοῦ
1545 2734 1712 2805 μηνὸς
1732 2734 1965 2807 ποσταία

2067 2736 2273 2807 mensis
2318 2735 2684 2799 obtineamus,
2727 2735 2964 2805 primum
3008 2736 3147 2806 cycli
3191 2735 3388 2790 solaris
3433 2749 3631 2800 annus,

401 2817 748 2892 βουληθῶμεν
786 2823 998 2894 μαθεῖν,
1044 2826 1352 2896 σκοποῦμεν
1373 2825 1588 2898 πρῶτον
1608 2826 1694 2880 διὰ
1712 2827 1810 2898 τῆς
1832 2827 1964 2879 ὑπο-

2064 2840 2122 2917 μι
2152 2842 2260 2898 quo
2287 2840 2590 2891 versamur,
2623 2825 3053 2881 considerandus
3081 2841 3143 2882 ea
3187 2825 3441 2882 methodo
3468 2839 3632 2896 quam

397 2910 697 2982 δειχθείσης
752 2914 972 2983 μεθόδου
1014 2915 1074 2969 τὸ
1112 2917 1458 2988 ἐνιστάμενον
1481 2917 1576 2970 τοῦ
1614 2918 1761 2988 ἡλίου
1808 2917 1959 2980 ἔτος·

2068 2910 2234 2989 supra
2288 2916 2788 2973 demonstravimus
2830 2930 2846 2969 :
2885 2924 2944 2970 ut
2983 2916 3215 2987 exempli
3264 2918 3471 2985 gratia,
3528 2915 3632 2970 hoc

394 3001 473 3065 ὡς
518 3004 614 3056 ἐπὶ
659 3004 752 3057 τοῦ
796 3005 1088 3070 ἐνεστῶτος
1129 3007 1261 3079 φέρε
1294 3010 1487 3072 είπεῖν,
1522 3009 1690 3079 ἡγουν
1716 3007 1808 3063 τοῦ
1839 3013 1956 3080 κη”

2068 3023 2215 3063 anno
2246 3009 2398 3077 cyclo
2414 3023 2605 3062 xxvm.
2628 3005 2765 3061 Tum
2789 3006 2950 3076 hujus
2963 3014 3168 3076 epactae
3182 3006 3460 3077 capienda:
3480 3013 3631 3074 sunt,

397 3087 516 3145 εἶτα
560 3093 660 3157 τὰς
699 3094 864 3149 αὐτοῦ
916 3095 1282 3165 λαμϐάνοντες
1342 3098 1616 3164 ὲπακτὰς,
1658 3098 1821 3162 οῦσας
1866 3098 1959 3152 τὸν

2065 3114 2187 3169 quae
2215 3105 2344 3153 sunt
2383 3114 2461 3154 vl.
2506 3096 2625 3152 Jam
2666 3097 2882 3152 duobus
2930 3096 3143 3162 illistin
3187 3096 3487 3163 mensibus,
3536 3098 3632 3168 qui

396 3183 625 3255 ἀριθμὸν
654 3193 729 3251 ς’,
762 3189 811 3240 εί
842 3187 941 3258 μὲν
972 3190 1030 3242 ἐν
1066 3192 1179 3252 τοῖς
1204 3190 1285 3252 είς
1304 3189 1395 3242 τὸν
1429 3189 1643 3260 πρῶτον
1667 3191 1844 3261 στίχον
1865 3207 1957 3243 τε·-

2064 3190 2301 3261 primum
2339 3203 2562 3254 versum
2591 3188 2857 3253 obtinent,
2895 3187 3068 3259 Aprili
3109 3196 3164 3243 et
3192 3187 3337 3243 Julio
3375 3188 3524 3261 (nam
3568 3190 3626 3244 hi

396 3277 687 3346 ταγμένοις
749 3278 1077 3349 Ῥωμαϊκοῖς
1112 3279 1233 3333 δυσὶ
1274 3280 1429 3351 μησὶ,
1468 3280 1546 3351 τῷ
1570 3297 1631 3333 τε
1685 3281 2017 3354 Ἀπριλίῳ,(

2007 3280 2301 3354 g-primum
2347 3280 2413 3334 ad
2449 3295 2668 3335 versum
2709 3278 3101 3347 ascribuntur),
3144 3287 3363 3350 epactas
3383 3280 3516 3335 istas
3557 3280 3628 3335 ad

399 3368 561 3437 φημὶ,
578 3368 780 3440 καὶτῷ
795 3369 994 3440 Ἰουλίῳ
1011 3386 1025 3400 ·
1052 3363 1192 3424 οὗτοι
1208 3371 1316 3442 γάρ
1332 3373 1465 3425 εἰσιν
1481 3373 1559 3434 εἰς
1571 3371 1731 3427 αὐτὸν
1745 3372 1835 3426 τὸν
1863 3371 1970 3425 στί-

2064 3372 2409 3442 propositum
2461 3371 2678 3426 illorum
2736 3369 2883 3426 diem
2926 3370 3297 3441 adiungimus.
3345 3370 3622 3425 Summam

398 3474 491 3529 χον
512 3459 991 3531 διαγεγραμμένοι·
1005 3461 1207 3527 ταύτας
1223 3463 1561 3534 ἐμϐάλλομεν
1582 3466 1645 3534 τῇ
1665 3462 1971 3536 ζητουμένη

2066 3479 2165 3535 per
2185 3479 2257 3518 vu
2282 3467 2569 3534 partimur.
2602 3463 2867 3533 Reliquus
2889 3471 2972 3519 est
2990 3478 3253 3519 numerus
3273 3462 3439 3528 feriae,
3463 3478 3627 3534 quam

398 3549 530 3619 ἡμῖν
573 3550 652 3612 είς
700 3550 894 3615 αὐτοὺς
925 3551 1178 3623 ποσταία,
1222 3553 1313 3605 καὶ
1342 3556 1421 3617 είς
1446 3554 1542 3625 τὴν
1573 3553 1616 3618 ζ’
1653 3554 1964 3625 μερίςομεν.

2068 3558 2284 3627 assequi
2316 3556 2620 3612 studemus.
2659 3553 2786 3610 Haec
2819 3555 2961 3609 ratio
2988 3554 3225 3610 tenenda
3267 3561 3352 3609 est
3389 3555 3443 3608 in
3487 3555 3628 3610 duo-

399 3639 523 3693 Κάκ
566 3640 676 3695 τῶν
719 3642 1104 3712 άπομενουσῶν
1128 3643 1228 3715 τὴν
1255 3643 1614 3716 ὲϐδοματικὴν
1643 3643 1967 3715 εὑρίσκομεν

2066 3648 2170 3704 bus
2198 3648 2360 3718 primi
2411 3663 2607 3704 versus
2652 3646 2954 3702 mensibus.
3007 3645 3104 3700 Sin
3146 3645 3360 3701 duobus
3399 3644 3519 3701 aliis
3573 3645 3628 3699 in

400 3729 683 3802 ισάριθμον
706 3728 872 3786 οὖσαν
891 3735 1080 3798 αὑταῖς
1100 3738 1218 3798 ταῖς
1248 3735 1797 3807 ὑπολιμπανομέναις.
1814 3733 1969 3788 Οῦτω

2066 3738 2370 3803 mensibus,
2401 3738 2496 3806 qui
2525 3736 2829 3793 secundum
2859 3749 3074 3790 versum
3106 3733 3379 3798 obsident,
3408 3732 3550 3789 Maio
3574 3742 3631 3788 et

401 3819 496 3891 μὲν
510 3817 604 3876 οῦν
629 3825 685 3875 ὲν
700 3826 811 3887 τοῖς
837 3825 919 3887 εἰς
933 3825 1024 3878 τὸν
1040 3833 1087 3879 α’
1111 3827 1291 3896 στίχον
1307 3827 1662 3898 τεταγμένοις
1709 3826 1863 3881 ποιοῦ
1871 3842 1968 3897 μεν

2067 3827 2565 3895 Januario,-feriam
2593 3828 2748 3900 cyclo
2779 3825 2970 3881 eodem
3001 3839 3169 3880 xxvm
3201 3824 3520 3896 quaerimus,
3543 3839 3632 3880 se—

400 3913 590 3983 μησίν·
635 3915 684 3966 εί
719 3914 776 3967 δὲ
804 3917 862 3967 ὲν
889 3918 1001 3978 τοῖς
1043 3918 1125 3980 εἰς
1161 3917 1253 3970 τὸν
1285 3917 1329 3988 β’
1370 3919 1551 3988 στίχον
1582 3918 1735 3972 δυσὶν
1764 3918 1970 3990 ἑτέροις

2068 3919 2235 3975 cundi
2274 3934 2468 3975 versus
2513 3918 2631 3974 dies
2681 3917 2918 3971 inventis
2964 3916 3171 3986 epactis
3242 3929 3293 3969 vt
3350 3913 3625 3983 subjectas

401 4004 557 4074 μησὶ,
582 4003 660 4074 τῷ
708 4005 873 4075 Μαΐῳ
898 4005 1042 4074 λέγω
1077 4007 1173 4063 καὶ
1203 4006 1281 4078 τῷ
1317 4007 1655 4079 Ἰανουαρίῳ,
1689 4010 1809 4062 κατ’
1839 4008 1970 4061 αὐτὸ

2069 4010 2434 4080 excerpimus,
2464 4009 2715 4063 videlicet
2743 4022 2759 4060 ι
2786 4023 2802 4072 ;
2836 4020 2942 4077 qua
2967 4008 3189 4075 insuper
3207 4003 3273 4059 ad
3290 4004 3628 4075 propositum

397 4094 459 4148 τὸ
495 4096 735 4149 εἰκοστὸν
753 4095 935 4164 ὄγδοον
960 4096 1079 4160 ἔτος
1102 4098 1201 4169 τὴν
1236 4098 1598 4170 έϐδοματικὴν
1620 4098 1933 4170 ὲρευνῶμεν
1950 4123 1967 4138 ο

2068 4102 2211 4158 dictu
2243 4103 2451 4158 mensis
2482 4100 2686 4165 addita,
2714 4108 2886 4155 totum
2908 4098 2964 4153 in
2999 4112 3075 4153 vn
3101 4096 3419 4152 tribuimus.
3462 4095 3625 4149 Eum-

392 4185 493 4250 τὰς
504 4188 585 4251 ¹είς
606 4186 704 4257 τὴν
724 4188 894 4258 αὐτὴν
922 4188 1099 4242 σελίδα
1120 4188 1509 4261 γεγραμμένας
1538 4193 1596 4243 ὲν
1624 4190 1702 4262 τῷ
1719 4190 1763 4260 β’
1780 4192 1969 4262 στίχῳ,

2070 4194 2194 4250 dem
2241 4194 2427 4264 itaque
2470 4208 2704 4257 versum,
2748 4201 2803 4247 et
2852 4190 2982 4245 huic
3032 4189 3327 4258 inscriptos
3369 4200 3627 4241 numeros

396 4277 488 4331 καὶ
526 4278 893 4348 ὑποκειμένας
920 4282 1041 4342 ταῖς
1085 4280 1405 4351 εἰρημέναις
1433 4279 1491 4346 ἒξ
1528 4282 1795 4343 ὲπακταῖς
1827 4280 1969 4352 λαμ-

2070 4285 2285 4341 cmteris
2309 4287 2365 4340 in
2393 4285 2643 4341 versibus
2677 4283 3000 4345 retinentes,
3029 4281 3084 4335 in
3125 4278 3415 4348 descriptis
3451 4278 3630 4331 utriu-

397 4366 629 4439 ϐάνομεν
683 4371 917 4441 ἡμέρας,
974 4372 1221 4425 τουτέστι
1278 4371 1381 4444 τὴν,
1425 4371 1589 4442 μίανο
1643 4373 1738 4427 καὶ
1765 4371 1971 4442 ταύτην

2069 4392 2177 4447 que
2199 4376 2568 4431 Romanorum
2601 4374 2880 4429 mensibus
2927 4371 3091 4445 188
3132 4385 3273 4423 anno
3301 4369 3420 4438 ipso
3460 4381 3628 4422 xxvm

395 4460 595 4529 ὁμοίως
650 4460 989 4533 ἐμϐάλλομεν
1034 4465 1099 4534 τῇ
1153 4462 1460 4537 ζητουμένη
1492 4466 1624 4535 ἡμῖν
1655 4465 1733 4527 είς
1773 4463 1972 4526 αὐτοὺς

2070 4466 2262 4523 feriam
2296 4465 2708 4536 investigamus.
2740 4460 2895 4527 Quod
2937 4459 3078 4515 idem
3102 4465 3157 4515 et
3198 4458 3254 4511 in
3298 4456 3420 4509 aliis
3461 4453 3628 4525 cyclis

396 4551 648 4624 ποσταία,
666 4554 775 4608 καὶ
794 4555 874 4618 είς
898 4554 989 4607 τὸν
1012 4553 1056 4619 ζ’
1076 4554 1175 4619 τὰς
1190 4555 1317 4619 ὅλας
1334 4555 1647 4626 μερίζομεν.
1672 4554 1782 4626 Τὴν
1802 4553 1973 4625 αὐτὴν

2071 4558 2203 4614 solis
2229 4556 2460 4612 facimus
2492 4574 2505 4609 :
2533 4563 2591 4608 ut
2617 4554 2673 4608 in
2702 4551 3036 4625 primisejus
3054 4555 3255 4620 epacta:
3285 4545 3630 4603 constituan-

395 4637 489 4697 οὖν
522 4645 720 4711 σελίδα,
745 4645 888 4715 λέγω
911 4647 968 4700 δὲ
1005 4647 1106 4711 τὰς
1136 4648 1254 4703 κατ’
1281 4648 1459 4720 αὐτὴν
1484 4648 1962 4721 ἐγγεγραμμένας.
1994 4627 2016 4684 Ῑ

2011 4628 2039 4683 ί)
2066 4656 2158 4703 tur
2192 4666 2206 4703 :
2234 4646 2430 4703 deinde
2457 4644 2734 4715 subjecta,
2768 4642 2915 4699 et.in
2949 4640 3138 4696 eodem
3168 4654 3331 4696 versu
3383 4651 3632 4706 compre-

393 4735 489 4788 καὶ
525 4737 617 4789 ἐπὶ
657 4736 764 4791 τῶν
815 4738 1017 4793 λοιπῶν
1064 4740 1262 4810 στίχων
1312 4740 1606 4813 τηροῦμεν,
1652 4743 1731 4804 εἰς
1757 4741 1819 4795 τὸ
1863 4741 1962 4812 τὴν

2065 4741 2250 4797 ιιοιιεεε
2274 4740 2599 4809 capiantur;
2624 4737 2707 4793 sic
2737 4744 2797 4791 ut
2834 4733 2904 4788 ad
2926 4734 3135 4789 nullam
3176 4732 3401 4786 alteram
3440 4728 3628 4784 dextra

393 4825 753 4900 ἐϐδοματικὴν
808 4828 1021 4900 ἡμέραν
1074 4831 1320 4903 ἀνευρεῖν
1372 4832 1431 4885 ὲν
1484 4834 1595 4895 τοῖς
1622 4830 1961 4902 ἑκατέρωθεν

2065 4832 2155 4888 vel
2192 4830 2420 4887 sinistra
2449 4828 2800 4886 deﬂectemus
2829 4848 2842 4884 :
2877 4828 2970 4884 sed
3003 4826 3072 4882 ad
3100 4825 3350 4882 eumdem
3375 4824 3469 4878 illo
3486 4836 3630 4875 anno

391 4917 885 4990 διαγεγραμμένοις
915 4922 1097 4986 αὐτοῖς
1136 4924 1459 4993 Ῥωμαϊκοῖς
1490 4923 1642 4994 μησὶ,
1675 4921 1815 4976 κατὰ
1842 4922 1963 4976 τόδε

2061 4937 2280 4978 versum
2308 4928 2626 4978 constanter
2648 4920 3057 4976 adhaereamus:
3095 4918 3170 4971 ita
3195 4925 3254 4971 ut
3272 4922 3476 4985 epactaa
3496 4913 3632 4968 duo-

390 5005 453 5059 τδ
485 5014 569 5079 κη’
597 5008 716 5072 ἔτος
734 5027 749 5041 ο
779 5010 980 5080 ὁμοίως
1003 5011 1061 5064 δὲ
1099 5012 1193 5064 καὶ
1220 5013 1300 5075 είς
1343 5013 1450 5066 πᾶν
1471 5011 1599 5067 ἄλλο
1620 5010 1773 5083 ἡλίου
1799 5010 1918 5073 ἔτος
1939 5026 1956 5043 ο

2060 5011 2167 5069 bus
2194 5013 2250 5067 in
2292 5011 2475 5082 primo
2521 5027 2683 5066 versu
2731 5010 3011 5082 inscriptis
3066 5007 3350 5064 mensibus
3400 5021 3630 5077 respon-

392 5097 562 5160 αὐτάς
590 5114 650 5152 τε
692 5100 1119 5171 προηγουμένως
1141 5102 1241 5167 τὰς
1265 5100 1431 5156 αὐτοῦ
1455 5101 1803 5172 κανονίζομεν
1827 5103 1962 5155 ἔπα-

2064 5101 2264 5167 deant;
2293 5101 2414 5157 dies
2456 5110 2634 5156 autem
2660 5100 2717 5153 in
2772 5099 2961 5156 eadem
3012 5097 3212 5153 tabella
3266 5096 3460 5167 posita:
3500 5095 3629 5150 reli-

394 5188 558 5253 κτάς·
605 5186 723 5244 εἶτα
774 5194 868 5246 καὶ
905 5192 1003 5256 τὰς
1052 5193 1419 5263 ὑποκειμένας
1449 5193 1639 5258 αὐτάς,
1675 5195 1767 5247 καὶ
1797 5193 1957 5272 ὲγγετ

1581 5211 1639 5258 ις,
1675 5195 1767 5247 καὶ
1797 5193 1957 5272 ὲγγετ
2062 5193 2189 5263 quis
2221 5207 2318 5248 sex
2349 5207 2608 5248 versuum
2639 5191 2919 5246 mensibus
2944 5191 3202 5245 serviant.

392 5281 715 5353 γραμμένας
739 5285 817 5346 είς
851 5284 950 5355 τὴν
970 5288 1138 5355 αὐτην
1166 5284 1366 5347 σελίδα,
1395 5285 1657 5356 μηδαμῶς
1680 5285 1815 5355 πρὸς
1836 5285 2027 5357 ἑτέραν
2053 5284 2161 5338 τῶν
2187 5283 2478 5359 εὐωνύμων
2495 5282 2730 5356 ἧδεξιῶν
2753 5282 3164 5348 πλαγιάζοντες,
3183 5283 3246 5351 τῇ
3267 5277 3470 5348 αὑτῇδὲ
3489 5276 3635 5330 κατὰ.

391 5378 453 5430 τὺ
490 5378 619 5432 αὐτὸ
648 5379 767 5443 ἔτος
793 5380 957 5434 σελίδι
982 5381 1377 5452 προσμένοντες
1400 5399 1415 5412 ⁸
1446 5379 1581 5434 ἀλλὰ
1599 5398 1696 5444 τας
1720 5380 1818 5451 μὲν
1851 5380 2095 5444 ὲπακτὰς
2120 5380 2209 5434 διὰ
2253 5380 2379 5444 τοὺς
2419 5382 2477 5434 ὲν
2502 5378 2581 5450 τῷ
2607 5377 2807 5450 πρώτῳ
2844 5377 3012 5446 στίχῳ
3037 5371 3543 5444 κατατεταγμένους
3579 5368 3624 5439 β’

396 5472 588 5541 μῆνας,
618 5472 717 5536 τὰς
742 5473 800 5527 δὲ
824 5476 904 5536 είς
932 5474 1030 5544 τὴν
1054 5478 1224 5547 αὐτην
1249 5474 1427 5529 σελίδα
1437 5479 1828 5547 γεγραμμένας
1851 5477 2063 5547 ἡμέρας
2077 5476 2164 5530 διὰ
2187 5476 2312 5538 τοὺς
2332 5478 2403 5533 ,ὲν
2437 5478 2546 5538 τοῖς
2567 5473 2744 5537 ἄλλοις
2771 5479 2823 5536 ς’
2848 5474 3047 5542 στίχοις
3066 5469 3406 5540 ὑπάρχοντας
3433 5467 3625 5537 μῆνας-

531 5587 668 5654 Περὶ
692 5585 802 5655 τῆς
827 5586 933 5641 τοῦ
946 5587 1281 5653 βισσέετου
1307 5585 1788 5656 παρατηρήσεως.

1741 5605 1788 5653 ς-
2344 5588 2497 5656 Quid.
2517 5589 2572 5642 in
2588 5642 2591 5643 ,
2607 5587 2837 5643 bissexto
2867 5600 3073 5640 servare
3104 5589 3362 5651 oporteat.

463 5698 538 5752 E'.
592 5695 713 5769 Χρὴ
792 5697 852 5752 δὲ
905 5698 1259 5769 σημειοῦσθαι
1306 5700 1398 5754 τὸν
1453 5698 1715 5771 Μάρτιον,
1772 5700 1837 5755 ἵν’
1873 5700 1963 5754 ὅτε

2137 5701 2203 5756 ν.
2236 5700 2646 5758 Observandum
2675 5701 2779 5756 hoc
2802 5700 2908 5755 erit
2935 5699 2990 5753 in
3018 5698 3241 5759 Martio.
3298 5701 3357 5749 ut
3387 5694 3441 5748 in
3484 5706 3626 5746 anno

397 5787 668 5859 βίσσεξτον
682 5791 780 5844 οὐκ
792 5789 923 5856 ἐστι,
945 5790 1032 5846 διὰ
1053 5791 1161 5846 τῶν
1175 5791 1269 5847 τοῦ
1288 5792 1650 5864 Φεϐρουαρίου
1666 5790 1964 5864 ψηφίζηται

2060 5792 2606 5879 communicalculus
2628 5792 2747 5863 ejus
2775 5794 2888 5847 sint
2915 5789 3197 5847 Februarii
3219 5786 3342 5843 dies
3366 5803 3383 5853 ;
3404 5840 3411 5843 ,
3432 5784 3486 5840 in
3516 5783 3654 5839 ωε...
