4106 6468
438 453 576 511 1267

1449 448 1535 507 ΔΙ)
1571 438 1836 505 ΕΠΞΕΒΙΙ
1874 443 2267 503 CHRONICON
2303 441 2650 501 APPENDIX.

3538 436 3676 491 1268

436 570 620 629 sextili
663 584 817 634 vero,
863 570 1221 627 Decembris:
1252 585 1413 641 quem
1466 569 1535 624 ad
1596 583 1836 623 mensem
1890 565 2038 621 bis-.

2138 566 2329 638 μερῶν
2351 583 2364 597 ·
2396 566 2484 619 ὅτε
2507 561 2783 636 βίσσεξτόν
2812 562 2944 625 ἐστι,
2962 557 3050 614 διὰ
3067 557 3176 613 τῶν
3194 558 3295 612 τοῦ·
3310 557 3674 630 Δεκεμϐρίου¹α

437 672 655 721 sextum
686 663 1084 719 adnotavimus.
1123 662 1256 717 Nam
1305 669 1590 733 propterea
1641 660 1856 717 duobus
1905 658 2011 714 illis

2138 657 2241 710 ινθα
2272 657 2370 710 καὶ
2400 657 2462 709 τὸ
2492 654 2767 727 βίσσεξτον
2791 652 3078 724 διεγράφη.
3112 650 3329 723 Ταύτης
3345 650 3454 723 γὰρ
3490 650 3680 706 ἕνεκεν

436 755 725 811 mensibus
758 753 1011 809 Martium
1064 753 1433 824 adjunximus.
1487 751 1581 807 Sie
1611 752 1776 823 igitur
1806 766 1872 806 ex
1922 749 2014 804 illa

2138 749 2212 820 τῆς
2270 750 2446 811 αίτίας
2486 750 2543 801 ὲν
2583 750 2697 811 τοῖς
2743 745 2862 799 δυσὶ
2894 744 3101 808 τούτοις
3136 743 3271 815 μησὶ
3306 743 3396 797 τὸν
3437 744 3680 815 Μάρτιον

440 854 565 901 rota
600 845 789 901 feriam
824 846 1293 916 investigabimus,
1345 846 1566 916 quando
1594 844 1841 899 calculus
1868 849 2015 898 recta

2138 840 2506 911 ιατετάξαμεν.
2537 838 2722 904 Οὕτως
2753 841 2849 910 μὲν
2860 833 2956 891 οὖν
2985 840 3048 891 ὲκ
3075 836 3227 890 τοῦδε
3250 836 3342 890 τοῦ
3366 835 3561 908 τροχοῦ
3579 835 3682 908 τὴν

444 936 588 991 serie
602 944 968 1006 promovetur,
992 935 1259 1006 abAprili,
1276 936 1354 991 uti
1370 936 1573 991 dictum
1590 945 1692 1002 est,
1711 934 1777 989 ad
1793 929 2013 995 Maium,

2138 932 2477 1004 ἐϐδοματικὴν
2505 933 2847 1005 εὑρίσκομεν,
2875 932 2962 984 ὅτε
2995 931 3092 1001 τὴν
3118 930 3298 1000 ψῆφον
3338 929 3459 982 καθ’
3490 928 3681 1002 είρμὺν

445 1025 666 1080 Junium
692 1035 747 1081 et
775 1033 1027 1083 caeteros.

535 1224 808 1291 Quomodo
837 1225 1075 1280 calculus
1099 1228 1409 1298 retrogrado
1431 1228 1614 1283 ordine
1636 1228 1921 1300 dirigatur.

526 1335 607 1391 Vl.
635 1336 740 1393 Sed
779 1354 904 1393 cum
958 1347 1107 1395 retro
1155 1340 1429 1396 subducto
1472 1340 1683 1396 calculo
1729 1356 1827 1412 per
1873 1340 2020 1395 Mar-

2118 1022 2428 1093 ὲξανύομεν,
2477 1022 2566 1075 διά
2602 1038 2661 1075 τε
2700 1020 2793 1073 τοῦ
2833 1019 3127 1091 Ἀπριλίου,
3179 1018 3360 1082 καθὼς
3390 1018 3560 1090 ἔφην,
3584 1018 3684 1071 καὶ

2122 1115 2318 1178 Μαΐου,
2353 1115 2447 1167 καὶ
2480 1113 2720 1177 Ἰουνίου,
2746 1111 2841 1165 καὶ
2872 1110 2982 1163 τῶν
3016 1110 3135 1164 καθ’
3161 1110 3305 1182 ἑξῆς.

2396 1228 2536 1296 Περὶ
2557 1226 2666 1295 τῆς
2680 1224 3151 1293 ὡναποδιζούσης
3170 1225 3399 1295 ψήφου.

2194 1339 2281 1408 ς’.
2324 1340 2584 1410 Ὀπηνίκα
2614 1341 2672 1394 δὲ
2694 1341 2834 1395 κατὰ
2858 1339 3240 1411 ἀναποδισμὺν,
3266 1334 3376 1394 οἷον
3406 1340 3493 1394 διὰ
3527 1341 3687 1411 Μαρ-

446 1425 607 1491 tium,
640 1425 1000 1482 Februarium
1034 1437 1094 1484 et
1129 1427 1477 1495 Ianuarium,
1529 1431 2025 1501 antecedentesque

2138 1432 2259 1496 ιίου,
2286 1432 2379 1485 καὶ
2399 1431 2782 1503 ⁴ιδεὸρουαρίου,
2808 1432 2901 1486 καὶ
2942 1431 3287 1504 Ἰανουαρίου,
3316 1432 3409 1485 καὶ
3443 1431 3549 1485 τῶν
3577 1431 3687 1495 πρὸ

449 1529 670 1571 menses
693 1530 791 1586 per
817 1528 1037 1587 epactas
1068 1520 1354 1589 praesentis
1386 1521 1538 1585 anni,
1583 1521 1676 1591 qui
1705 1527 1789 1577 est
1819 1525 2023 1581 'xxvm,

390 1662 399 1671 ,
450 1604 643 1662 feriam
703 1606 990 1679 explorare
1030 1611 1305 1677 volumus,
1359 1627 1537 1680 neque
1587 1611 1846 1682 praeteriti
1898 1615 2027 1667 anui

451 1712 601 1752 nvu
673 1706 896 1770 epactas
969 1704 1303 1758 assumimus
1352 1721 1365 1758 :
1415 1704 1464 1759 si
1521 1702 1740 1773 quidem
1802 1703 1861 1757 in
1902 1704 2031 1759 duo.

451 1790 558 1846 bus
595 1804 787 1848 versus
834 1791 997 1863 primi
1034 1793 1320 1850 mensibus
1362 1794 1416 1849 id
1453 1803 1664 1866 agatur,
1711 1802 1947 1865 epactas.
1970 1793 2029 1861 6,

2123 1522 2326 1577 τούτων
2360 1522 2562 1594 μηνῶν,
2590 1523 2774 1577 ἐκτῶν
2795 1523 3047 1577 ὲπακτῶν
3070 1523 3163 1578 τοῦ
3189 1522 3478 1586 ἐνεστῶτος
3509 1522 3685 1587 ἔτους,

2126 1614 2291 1685 ἧγουν
2321 1613 2417 1667 τοῦ
2440 1621 2546 1685 κη’,
2575 1615 2673 1685 τὴν
2705 1614 3075 1686 ἐϐδοματικὴν-
3095 1614 3685 1686 βουληθῶμενιμαθεῖν,

2127 1707 2201 1758 οὐκ
2212 1704 2619 1776 προσχρώμενοι
2668 1708 2786 1769 ταῖς
2813 1704 2908 1759 τοῦ
2932 1705 3226 1770 διελθόντος
3262 1706 3343 1771 κζ’
3371 1706 3525 1773 ἔτους
3555 1708 3691 1760 ἑπα-

2129 1799 2285 1860 κταῖς
2316 1798 2397 1859 εἰς
2427 1796 2523 1867 τὴν
2567 1796 2767 1867 ταύτης
2819 1796 3119 1867 κατάληψιν
3139 1798 3232 1850 ἐἰ
3267 1798 3363 1868 μὲν
3391 1798 3449 1850 ὲν
3473 1800 3585 1859 τοῖς
3609 1798 3692 1860 είς

455 1897 595 1953 quas
618 1882 732 1952 jam
766 1885 1094 1954 reperimus,
1143 1885 1209 1940 ad
1255 1885 1437 1942 datam
1476 1888 1620 1943 diem
1669 1887 1894 1957 Aprilis,
1935 1894 2030 1942 aut

2138 1888 2220 1943 τὸν
2246 1887 2459 1959 πρῶτον
2510 1888 2686 1958 στίχον
2721 1887 3069 1959 τεταγμένοις
3105 1888 3238 1959 μησὶ
3263 1888 3465 1959 ταύτην
3497 1890 3691 1961 ζητοῦ-

454 1973 606 2039 Julii,
628 1989 737 2029 una
765 1991 888 2031 cum
913 1974 1121 2047 epactis
1151 1977 1218 2033 ad
1250 1978 1489 2049 Kprilem
1514 1978 1680 2034 rubro
1727 1978 1910 2033 colore
1940 1978 2026 2048 pi-

458 2067 583 2128 ctis,
619 2082 740 2137 quae
768 2077 897 2122 sunt
922 2066 977 2131 6,
1028 2066 1377 2138 adiungimus
1430 2069 1488 2123 in
1525 2083 1672 2123 anno
1724 2066 2021 2133 communi,

460 2173 524 2212 ac
556 2174 825 2214 summam
860 2159 1128 2229 partimur
1154 2159 1209 2215 in
1246 2160 1295 2216 7.
1335 2156 1393 2214 In
1423 2160 1692 2218 bissextili
1726 2174 1857 2216 vero
1899 2174 2027 2229 epa-

458 2256 580 2305 ctas
604 2248 727 2306 illas
757 2250 1026 2320 capimus,
1060 2265 1180 2319 qua:
1211 2249 1277 2304 ad
1309 2248 1514 2305 Julium
1545 2250 1834 2306 rubricata
1873 2257 2026 2312 sunt,

459 2350 659 2408 nempe
681 2338 735 2401 5,
771 2354 895 2393 cum
924 2338 1130 2405 6‘aliis,
1169 2346 1229 2394 et‘
1260 2355 1356 2410 per
1387 2339 1638 2402 eumdem
1687 2354 1973 2396 numerum
1997 2338 2029 2391 7

463 2442 733 2482 summam
768 2429 1084 2486 dividimus.
1141 2431 1275 2486 Nam
1307 2432 1424 2488 dies
1471 2432 1550 2487 illi
1597 2432 1880 2499 rubricati,
1933 2430 2028 2502 qui

463 2521 524 2575 in
552 2522 779 2593 sinistro
813 2522 985 2578 latere
1026 2523 1188 2594 positi
1224 2531 1375 2589 sunt,
1425 2524 1754 2580 adhibentur
1783 2525 1838 2579 in
1885 2538 2030 2579 anno

461 2611 750 2677 bissextili,
783 2613 1002 2683 quando
1044 2617 1362 2686 retrogrado
1401 2616 1594 2672 ordine
1628 2624 2026 2686 computamus.

472 2703 537 2757 ἰι
564 2705 620 2758 in
648 2704 920 2759 bissexlili
960 2704 1134 2760 dextri
1170 2707 1358 2763 lateris
1393 2707 1556 2762 simul
1588 2706 1881 2763 rubricatis
1922 2708 2031 2760 uti-

464 2814 608 2854 mur.
639 2798 764 2855 Haec
790 2799 856 2855 de
886 2800 1100 2856 duobus
1129 2817 1333 2857 versus
1363 2801 1525 2873 primi
1580 2801 1859 2857 mensibus
1903 2816 2033 2871 prae-

468 2890 783 2947 scribimus.
812 2890 871 2946 ln
906 2892 990 2949 his
1019 2908 1205 2963 porro,
1243 2894 1337 2964 qui
1368 2894 1669 2950 secundum
1695 2909 1911 2950 versum
1940 2909 2035 2949 oc-

469 2991 690 3054 cupant',
726 2983 865 3040 Maio
892 2995 944 3041 et
970 2983 1251 3052 Januario,
1277 2984 1333 3041 in
1363 3001 1506 3041 anno
1543 3002 1751 3052 xxvm,
1810 2996 2033 3057 epactas

468 3074 513 3129 δ’
534 3076 602 3131 ad
630 3076 916 3160 quaesitum
947 3070 1166 3133 illorum
1201 3078 1345 3134 diem
1371 3078 1624 3134 addimus
1650 3095 1756 3134 una
1784 3095 1906 3134 cum
1931 3096 2034 3134 nu-

467 3180 621 3221 mero
644 3167 708 3222 ad
732 3166 1053 3223 Ianuarium
1078 3170 1247 3225 rubro
1277 3170 1461 3226 colore
1505 3169 1675 3240 picto,
1717 3170 1811 3240 qui
1847 3179 1932 3226 est
1979 3170 2028 3225 7.

471 3255 752 3313 Summam
806 3276 903 3331 per
944 3260 1197 3318 eumdem
1252 3278 1539 3318 numerum
1586 3263 1872 3332 partimur.
1913 3262 2031 3318 Dixi
2060 3242 2102 3299 δ

471 3364 758 3407 numerum
786 3353 850 3409 ad
878 3352 1197 3409 Ianuarium
1221 3354 1519 3425 appictum,
1555 3353 1702 3425 quod
1728 3354 2035 3425 praeteritus

470 3459 648 3499 annus
681 3460 826 3500 xxv"
857 3446 1193 3502 bissextilem
1224 3444 1511 3513 habuerit;
1553 3448 1835 3517 pertinent
1855 3453 2037 3501 autem

469 3536 756 3602 rubricati,
782 3537 1133 3603 utidiximus,
1160 3538 1371 3594 numeri
1397 3537 1466 3592 ad
1496 3532 1669 3594 annos
1702 3535 2036 3593 bi'ssextiles.

2127 1997 2249 2051 μεν,
2271 1980 2370 2044 τὰς
2402 1979 2734 2053 δηλωθείσας
2789 1980 2847 2048 ἒξ
2894 1982 3137 2047 ἐπακτὰς
3173 1985 3239 2054 τῇ
3267 1981 3379 2036 τοῦ·
3412 1982 3691 2055 Ἀπριλίου

2125 2068 2220 2123 καὶ
2273 2069 2492 2135 Ἰουνίου
2552 2069 2719 2141 μηνὸς
2770 2071 3001 2142 ποσταία
3035 2070 3172 2143 μετὰ
3194 2071 3302 2126 τῶν
3326 2070 3433 2125 ἀπὸ
3461 2071 3692 2144 σηρικοῦ

2127 2162 2539 2234 παρακειμένων
2559 2160 2637 2233 τῷ
2670 2162 2950 2235 Ἀπριλίῳ,
2974 2164 3218 2217 τουτέστι
3234 2162 3345 2217 τῶν
3373 2170 3425 2228 ς’
3449 2160 3691 2236 ἡμερῶν,

2125 2253 2213 2307 ὅτε
2248 2252 2521 2323 βίσσεξτον
2555 2254 2655 2307 οὐκ
2682 2252 2816 2318 ἔστι,
2851 2254 3244 2326 συμϐάλλομεν,
3283 2256 3378 2308 καὶ
3414 2256 3495 2319 είς
3522 2253 3693 2320 τὺνιξ

2126 2343 2224 2409 τὰς
2266 2345 2391 2408 ὅλας
2418 2342 2738 2417 μερίζομεν·
2762 2346 2850 2399 ὅτε
2876 2346 2934 2399 δὲ
2971 2344 3246 2415 βίσσεξτόν
3284 2348 3420 2407 ἐστι,
3458 2345 3558 2409 τὰς
3585 2344 3695 2399 ἀπὸ

2130 2436 2353 2509 σηρικοῦ
2377 2438 2779 2509 παρακειμένας
2812 2438 2891 2510 τῷ
2935 2439 3155 2511 Ἰουλίῳ,
3179 2441 3348 2510 ἤγουν
3368 2438 3467 2502 τὰς
3489 2444 3529 2491 ε’
3557 2436 3696 2509 ὴμέ-

2130 2547 2250 2602 ρας,
2287 2531 2404 2600 μετ’
2425 2528 2604 2583 αὐτῶν
2629 2530 2736 2583 τῶν
2765 2530 2824 2597 ἒξ
2866 2531 3139 2597 ὲπακτῶν,
3179 2532 3273 2585 καὶ
3301 2532 3380 2594 είς
3408 2530 3500 2584 τὸν
3527 2529 3696 2599 δηλω-

2130 2620 2292 2675 θέντα
2347 2621 2639 2692 μερίζομεν
2682 2621 2932 2694 ἀριθμόν.
2985 2623 3116 2686 Ταῖς
3156 2621 3262 2693 γὰρ
3306 2622 3367 2687 ἐξ
3402 2620 3697 2691 εὐωνύμων

2130 2710 2236 2764 ἀπὸ
2290 2710 2514 2781 σηρικοῦ
2558 2712 2916 2783 τεταγμέναις
2941 2712 3178 2784 ἡμέραις
3204 2711 3505 2783 κεχρῆσθαι
3527 2727 3697 2783 προσ-

2131 2802 2275 2873 ήκει,
2303 2801 2576 2872 βισσέξτου
2599 2804 2785 2873 χωρὶς,
2808 2802 2950 2857 κατὰ
2974 2803 3129 2874 τήνδε
3149 2803 3248 2873 τὴν
3273 2802 3700 2868 ἀναποδίζουσαν

2129 2894 2305 2966 ψῆφον
2323 2912 2336 2925 ⁶
2369 2895 2455 2949 ὅτε
2475 2895 2531 2948 δὲ
2559 2895 2832 2966 βίσσεξτόν
2856 2899 2992 2959 ἐστι,
3012 2900 3130 2961 ταῖς
3153 2897 3218 2951 ὲκ
3234 2895 3420 2961 δεξιῶν
3433 2895 3568 2966 ὁμοῦ
3593 2895 3701 2948 ἀπὸ

2135 2987 2360 3057 σηρικοῦ
2409 2988 2841 3060 γεγραμμέναις.
2901 2988 3085 3042 Ταῦτα
3139 2988 3238 3059 μὲν
3268 2989 3348 3051 εἰς
3378 2988 3506 3050 τοὺς
3539 2988 3596 3039 ὲν
3623 2984 3702 3055 τῷ

2134 3076 2335 3149 πρώτῳ
2386 3079 2552 3149 στίχῳ
2600 3079 2692 3132 δύο
2725 3079 2930 3151 μῆναςο
2967 3081 3024 3133 ὲν
3049 3080 3107 3133 δὲ
3139 3083 3253 3155 τοῖς
3288 3081 3368 3143 είς
3391 3078 3481 3132 τὸν
3515 3077 3557 3147 β’
3587 3077 3701 3130 στί-

2135 3186 2249 3240 χον,
2311 3170 2387 3242 τῷ
2426 3188 2485 3224 τε
2518 3172 2688 3242 Μαΐῳ.
2719 3171 2861 3242 λέγω
2914 3174 3008 3227 καὶ
3053 3172 3131 3242 τῷ
3189 3171 3523 3243 Ἰανουαρίῳ,
3561 3168 3706 3223 κατὰ

2134 3259 2251 3314 τόδε
2277 3260 2335 3315 τὸ
2362 3260 2447 3333 κη’
2477 3262 2615 3326 ἔτος,
2653 3263 2820 3328 αὐτὰς
2846 3263 2945 3328 τὰς
2984 3262 3049 3329 ἒξ
3086 3263 3329 3326 ὲπακτὰς
3363 3262 3705 3333 ὲμὸἀλλομεν

2133 3350 2311 3403 αὐτῶν
2370 3354 2434 3423 τῇ
2487 3351 2789 3425 ζητουμένη
2843 3357 2975 3426 ημῖν
3022 3354 3254 3424 ποσταία
3293 3353 3429 3425 μετὰ
3450 3352 3560 3407 τῶν
3598 3351 3708 3407 ἀπὸ

2136 3442 2362 3515 σηρικοῧ
2396 3447 2814 3517 παρακειμένων
2836 3447 2915 3519 τῷ
2958 3447 3295 3519 Ἰανουαρίῳ,
3322 3447 3567 3501 τουτέστι
3596 3445 3708 3499 τῶν

2138 3534 2183 3601 ζ’
2211 3536 2459 3608 ἡμερῶν·
2493 3540 2588 3592 καὶ
2608 3540 2689 3603 εἰς
2714 3540 2806 3594 τὸν
2855 3540 3017 3595 αὑτὸν
3053 3539 3284 3613 ἀριθμὸν
3333 3539 3507 3594 ταῦτα
3549 3537 3709 3608 μερί-

464 3624 656 3698 ¹ζὀμεν.
687 3632 784 3683 Διὰ
816 3628 973 3683 τοῦτο
994 3629 1050 3682 δὲ
1083 3626 1234 3684 εἷπον
1264 3630 1361 3695 τὰς
1392 3630 1798 3702 παρακειμένας
1826 3629 1903 3703 τῷ
1936 3629 2261 3699 Ἰανουαρίῳ,
2293 3630 2477 3701 ἐπειδὴ
2506 3631 2565 3685 τὸ
2586 3631 2790 3686 διελθὸν
2828 3632 2964 3697 ἔτος,
2987 3635 3153 3704 ἦγουν
3204 3632 3266 3687 τὸ
3297 3630 3400 3698 κζ’,
3433 3630 3711 3702 βίσσεξτον

474 3721 621 3794 εἶχεσ
655 3728 747 3777 καὶ
778 3722 943 3786 ἔστιν,
982 3722 1056 3785 ὡς
1095 3723 1252 3795 ἔφην,
1286 3725 1319 3794 ἡ
1357 3725 1420 3776 ἐκ
1447 3722 1636 3787 δεξιῶν
1684 3721 1794 3775 τῶν
1826 3721 1935 3775 ἀπὸ
1959 3719 2185 3791 σηρικοῦ
2219 3721 2565 3793 καταγραφὴ,
2590 3722 2677 3777 διὰ
2698 3722 2757 3776 τὸ
2787 3723 3084 3794 βίσσεξτον,

782 3836 860 3890 De
896 3836 1253 3891 observatione
1291 3836 1573 3891 bissextilis
1612 3838 1770 3891 anni..

553 3922 755 3981 VII..ln
798 3925 901 3979 hac
945 3933 1093 3981 retro
1148 3927 1502 3996 computandi
1553 3926 1809 3982 methodo
1861 3923 2041 3979 Martii

2313 3836 2453 3905 Περὶ
2474 3835 2585 3905 τῆς
2607 3836 2712 3891 τοῦ
2728 3836 3071 3902 ,ϐισσέετου
3084 3833 3563 3904 παρατηρήσεως.

2212 3925 2282 3978 Ζ’.
2316 3924 2474 3978 Κατὰ
2499 3925 2705 3996 ταύτην
2723 3926 2780 3980 δὲ
2807 3925 2966 3979 πάλιν
2993 3925 3091 3997 τὴν
3109 3924 3520 3989 ἀναποδίζουσιν
3550 3922 3713 3994 μέθο-

474 4017 724 4072 habenda
775 4018 918 4071 ratio
974 4025 1059 4073 est
1090 4036 1103 4072 :
1138 4024 1199 4072 ut
1227 4018 1342 4074 sive
1386 4027 1509 4088 post
1559 4019 1880 4081 bissextum,
1927 4016 2038 4072 sive

2141 4016 2250 4082 δον,
2269 4015 2359 4069 τὸν
2375 4016 2614 4088 Μάρτιον
2640 4015 3082 4089 ἐπισημήνασθαι
3099 4014 3226 4086 χρὴ,
3256 4014 3393 4083 πρὸς
3415 4013 3477 4066 τὺ
3497 4014 3714 4075 πάντως

476 4109 685 4178 absque
712 4109 974 4173 bissexto,
1005 4110 1283 4180 regulares
1315 4112 1363 4165 ei
1406 4109 1720 4165 Decembris
1768 4109 2038 4179 imputen—

2142 4109 2304 4163 αὐτὸν
2320 4109 2413 4162 καὶ
2447 4109 2583 4179 μετά
2603 4108 2899 4178 βίσσεξτον,
2920 4108 3012 4160 καί¹
3025 4107 3146 4177 δίχα
3165 4105 3463 4177 βισσέξτου,
3492 4103 3580 4157 διὰ
3605 4103 3717 4156 τῶν

478 4208 591 4263 tur,
626 4200 719 4270 qui
755 4209 883 4255 sunt
914 4202 949 4256 4
980 4202 1286 4256 rubricati-z
1323 4185 1458 4257 adeo
1490 4209 1555 4256 ut
1578 4216 1755 4272 neque
1797 4200 2043 4271 Septem-

477 4292 606 4354 bri,
654 4308 755 4347 nec
806 4290 1100 4349 Februario
1165 4293 1388 4365 ascripti
1435 4300 1722 4348 sumantur
1752 4308 1987 4364 unquam
2024 4311 2037 4347 :

477 4390 539 4438 ut
570 4383 626 4437 in
656 4392 803 4438 recta
818 4384 1096 4453 putatione
1123 4399 1187 4438 ac
1209 4384 1460 4440 methodo
1484 4384 1597 4439 ﬁeri
1619 4391 1869 4456 oportere
1889 4400 2044 4440 mon-

483 4475 780 4531 stravimus
812 4493 823 4528 :
860 4475 954 4531 sed
978 4486 1251 4546 perpetuo
1286 4478 1560 4547 regulares
1590 4476 1681 4531 isti
1710 4476 1743 4528 4
1776 4476 1924 4530 rubri
1952 4491 2044 4531 ca-

2144 4202 2237 4257 τοῢ
2257 4201 2587 4274 Δεκεμϐρίου
2615 4201 2940 4273 ψηφίζεσθαι
2968 4199 3206 4271 ἡμερῶν·
3230 4198 3370 4267 λέγω
3403 4195 3580 4250 δὲτῶν
3608 4194 3718 4248 ἀπὺ

2149 4295 2373 4367 σηρικοῦ
2420 4295 2730 4365 τεσσάρων·
2784 4294 2878 4346 καὶ
2909 4294 3042 4364 μήτε
3081 4290 3170 4345 διὰ
3203 4290 3309 4344 τῶν
3336 4288 3430 4343 τοῦ
3474 4289 3719 4354 Σεπτεμ-

2148 4389 2322 4461 ϐρίου,
2411 4389 2548 4460 μήτε
2611 4386 2698 4440 διὰ
2766 4384 2875 4439 τῶν
2936 4384 3030 4437 τοῦ
3090 4381 3493 4455 Φεϐρουαρίου,
3543 4375 3717 4431 καθά-

2150 4499 2255 4552 περ
2307 4482 2549 4550 εἴπομεν,
2604 4480 2776 4531 ποιεῖν
2823 4477 2880 4529 ὲν
2925 4479 2991 4546 τῇ
3045 4473 3165 4529 καθ’
3213 4472 3400 4546 εἱρμὸν
3438 4470 3604 4540 ψήφῳ
3657 4483 3719 4518 τε

488 4565 730 4634 piantur,
762 4567 855 4634 qui
883 4565 1166 4622 Decembri
1200 4567 1546 4636 respondent.
1569 4567 1635 4621 Et
1655 4573 1714 4620 ut
1741 4582 1850 4621 uno
1881 4567 2038 4622 verbo

2151 4548 2246 4627 xui.
2299 4548 2538 4644 μεθόδῳ,
2574 4569 2707 4623 ἀλλὰ
2746 4568 2901 4639 μόνον
2953 4567 3019 4620 δι’
3076 4566 3252 4620 αὐτῶν
3299 4566 3406 4618 τῶν
3470 4561 3578 4615 ἀπὸ
3625 4576 3722 4627 οη-

484 4665 777 4727 utrumque
813 4659 1086 4714 calculum
1137 4659 1438 4725 absolvam,
1482 4660 1536 4714 in
1567 4663 1822 4731 septenis
1847 4660 2046 4716 tabulae

481 4749 752 4813 versibus,
797 4748 864 4803 ad
899 4750 1185 4804 duodecim
1223 4748 1497 4805 Romanos
1530 4766 1744 4808 menses
1793 4754 2047 4823 utrinque

479 4840 688 4909 positos
711 4848 895 4896 rectus
921 4842 1176 4896 ealculus.
1212 4842 1544 4908 assumitur,
1582 4843 1635 4897 in
1670 4844 1895 4899 duobus-
1919 4860 2048 4899 vero

479 4912 650 4983 rubro
679 4930 860 4984 colore
880 4931 1162 4999 inscriptis
1186 4930 1456 4995 versibus,
1481 4932 1573 5001 qui
1600 4948 1628 4984 a
1652 4948 1865 4988 summo
1889 4941 2049 4988 deor-

482 5036 603 5074 sum
625 5021 926 5089 pertinent,
969 5022 1291 5091 retrograda
1325 5023 1616 5077 mctliodus
1654 5024 1831 5077 locum
1868 5024 2046 5089 habet,

483 5110 923 5182 additis-epactis
943 5114 1215 5168 currentis
1240 5114 1366 5167 anui
1400 5113 1618 5170 solaris.
1643 5129 1710 5167 cx
1737 5115 1936 5183 quibus
1965 5130 2049 5170 se-

483 5206 629 5269 ptem
652 5201 863 5255 tabella:
882 5217 1072 5258 versus
1091 5204 1327 5258 ordinati
1358 5214 1505 5259 sunt.
1532 5203 1627 5258 His
1658 5203 1725 5260 de
1744 5214 1877 5260 rota:
1904 5205 2051 5261 illius

483 5293 848 5362 explicatione
909 5295 1090 5361 dictis,
1139 5295 1351 5350 facilem
1405 5296 1734 5362 lectoribus,
1785 5307 2049 5367 quantum

486 5384 602 5440 ﬁeri
634 5387 832 5455 potuit,
862 5387 1003 5444 siam
1029 5390 1366 5458 aperuimus,
1399 5403 1504 5457 qua
1536 5386 1725 5443 feriam
1754 5390 2053 5446 hebdoma-

486 5476 572 5533 dis
598 5478 842 5546 cujusvis
876 5479 1203 5550 investigare
1232 5488 1507 5549 poterunt.

2156 4661 2304 4734 ρικοῢ
2372 4658 2657 4729 τεσσάρων·
2707 4656 2947 4728 ἡμερῶν,
3010 4654 3117 4709 τῶν
3165 4649 3581 4725 παρακειμένων
3641 4646 3723 4718 τῷ

2152 4751 2470 4822 Δεκεμϐρίῳ
2505 4749 2653 4821 μηνί.
2706 4748 2815 4800 Καὶ
2877 4746 3065 4810 ἁπλῶς
3108 4748 3300 4804 εἰπεῖν,
3348 4743 3425 4795 ἵν’
3449 4739 3723 4809 ὲπὶτὸμως

2154 4844 2284 4914 περὶ
2326 4839 2648 4912 ἀμφοτέρων
2709 4838 3049 4907 διαλάϐωμεν
3103 4835 3211 4888 τῶν
3242 4834 3473 4914 ψήφων·
3505 4832 3563 4883 ἐν
3624 4830 3723 4900 μὲν

2153 4912 2266 4995 τοές
2290 4931 2332 4996 ζ’
2355 4930 2450 4983 τοῦ
2488 4929 2734 4982 κανονίου
2763 4927 2964 4997 στίχοις
2998 4928 3077 4990 είς
3110 4927 3235 4989 τοὺς
3248 4912 3604 4993 ’ἑκατέρωθεν
3634 4937 3724 4971 τε-

2151 5023 2455 5094 ταγμένους
2512 5020 2887 5074 δυοδεκαιίδεκα
2926 5017 3265 5088 Ῥωμαῖκοὺς
3301 5015 3472 5085 μῆνας
3497 5014 3562 5082 τῇ
3600 5010 3725 5063 καθ’

2156 5117 2344 5189 εἱρμὸν
2373 5115 2538 5186 ψήφῳ
2583 5111 2901 5184 κεχρήμεθα
2928 5108 3070 5164 κατὰ
3107 5110 3214 5163 πᾶν
3244 5108 3364 5170 ἔτος
3393 5122 3407 5136 ·
3443 5121 3499 5157 ιν
3532 5104 3588 5155 δὲ
3615 5105 3730 5166 τοῖς

2155 5208 2330 5279 ὀρθῶς
2383 5205 2724 5276 καθιεμένοις
2767 5204 2918 5257 δυσὶν
2957 5201 3065 5255 ἀπὸ
3115 5197 3342 5271 σηρικοῦ
3402 5211 3601 5265 στίχοις
3649 5196 3721 5264 τῇ

2158 5302 2276 5355 κατ’
2310 5298 2670 5368 ἁναποδισμὸν
2706 5295 2915 5367 μεθόδῳ
2963 5291 3382 5365 προσχρώμεθα,
3409 5287 3549 5341 κατὰ
3582 5303 3723 5356 συμ-

2160 5391 2385 5460 πλοκὴν,
2413 5389 2488 5451 ὡς
2513 5388 2669 5458 ἔφην,
2702 5385 2810 5439 τῶν
2839 5384 3091 5437 ὲπακτῶν
3119 5381 3282 5434 αὑτοῦ
3316 5380 3409 5434 τοῦ
3437 5379 3724 5448 ἐνισταμέ-

2159 5501 2249 5536 νου
2282 5479 2506 5551 ἡλιακοῦ
2541 5479 2713 5541 ἔτους,
2738 5476 2805 5529 δι’
2825 5471 2899 5531 ὧν
2934 5476 3026 5530 καὶ
3051 5475 3101 5527 οἱ
3133 5474 3413 5544 λεχθέντες
3446 5471 3488 5538 ζ’
3520 5470 3735 5526 κανονί-

489 5569 667 5632 ζονται
716 5573 904 5644 στίχοι.
952 5572 1137 5628 Ταῦτα
1168 5576 1262 5627 καὶ
1311 5575 1435 5645 περὶ
1471 5574 1622 5627 τοῦδε
1646 5576 1736 5629 τοῦ
1766 5575 1958 5648 τροχοῦ
2007 5578 2417 5646 σαφηνίσαντες,
2466 5570 2667 5642 εὐχερῆ
2730 5569 2841 5632 τοῖς
2886 5566 3271 5636 ἐντυγχάνουσι
3315 5564 3417 5636 τὴν
3455 5568 3637 5631 πάσης
3666 5562 3735 5613 δι’

490 5663 651 5715 αὑτοῦ
685 5664 985 5735 κατάληψιν
1016 5666 1372 5735 ὲϐὼματικῆς
1400 5668 1606 5737 ἡμέρας
1668 5668 1806 5721 κατὰ
1836 5669 1898 5722 τὸ
1960 5670 2179 5722 δυνατὸν
2212 5673 2605 5736 πεποιήκαμεν.
2634 5662 2643 5675 “

727 5782 1001 5847 Quomodo
1015 5781 1371 5851 computanda
1403 5784 1469 5837 sit
1498 5793 1626 5838 mtas
1650 5784 1807 5839 luna'.

567 5870 695 5927 Vill.
722 5871 963 5927 Primum
1000 5875 1143 5927 Tuum
1175 5882 1393 5944 epactas
1448 5877 1748 5946 accipimus
1784 5892 1888 5933 una
1930 5894 2052 5934 cum

2256 5781 2387 5847 Πῶς
2419 5780 2509 5833 δεῖ
2533 5778 2646 5845 τὴν
2673 5776 2900 5844 ἡμέραν
2924 5774 3030 5841 τῆς
3048 5771 3315 5839 σελήνης
3343 5768 3637 5839 φημίζειν.

2236 5876 2315 5926 H'.
2335 5879 2401 5924 α’.
2424 5867 2641 5939 Κρατοῦ
2652 5884 2747 5936 μεν
2764 5866 2858 5928 τὰς
2880 5862 3121 5926 ἐπακτὰς
3147 5864 3243 5933 τῆς
3264 5860 3488 5931 σελήνης
3511 5858 3603 5912 καὶ
3643 5856 3747 5926 τὴν
