  <div class='ocr_page' id='page_1' title='image "/cluster/home/n/w/nwhite01/storage/ocr_20150623/19:no.1/coo.31924054872993/656.png"; bbox 0 0 4106 6434; ppageno 0'>
   <div class='ocr_carea' id='block_1_1' title="bbox 404 415 541 472">
    <p class='ocr_par' dir='ltr' id='par_1_1' title="bbox 404 415 541 472">
     <span class='ocr_line' id='line_1_1' title="bbox 404 415 541 472; baseline -0.015 0"><span class='ocrx_word' id='word_1_1' title='bbox 404 415 541 472; x_wconf 69' lang='grc'><strong>1269</strong></span> 
     </span>
    </p>
   </div>
   <div class='ocr_carea' id='block_1_2' title="bbox 1178 411 2836 483">
    <p class='ocr_par' dir='ltr' id='par_1_2' title="bbox 1178 411 2836 483">
     <span class='ocr_line' id='line_1_2' title="bbox 1178 411 2836 483; baseline 0.003 -11"><span class='ocrx_word' id='word_1_2' title='bbox 1178 415 1234 472; x_wconf 88' lang='lat' dir='ltr'><strong>S.</strong></span> <span class='ocrx_word' id='word_1_3' title='bbox 1280 413 1532 471; x_wconf 74' lang='lat' dir='ltr'><strong>MAXIMI</strong></span> <span class='ocrx_word' id='word_1_4' title='bbox 1572 412 1937 470; x_wconf 77' lang='lat' dir='ltr'><strong>MARTYRIS</strong></span> <span class='ocrx_word' id='word_1_5' title='bbox 1978 411 2357 474; x_wconf 81' lang='lat' dir='ltr'><strong>COMPUTUS</strong></span> <span class='ocrx_word' id='word_1_6' title='bbox 2393 418 2836 483; x_wconf 82' lang='lat' dir='ltr'><strong>ECCLESIAST.</strong></span> 
     </span>
    </p>
   </div>
   <div class='ocr_carea' id='block_1_3' title="bbox 3507 425 3646 482">
    <p class='ocr_par' dir='ltr' id='par_1_3' title="bbox 3507 425 3646 482">
     <span class='ocr_line' id='line_1_3' title="bbox 3507 425 3646 482; baseline 0 -2"><span class='ocrx_word' id='word_1_7' title='bbox 3507 425 3646 482; x_wconf 70' lang='lat'><strong>{270</strong></span> 
     </span>
    </p>
   </div>
   <div class='ocr_carea' id='block_1_4' title="bbox 398 530 1997 611">
    <p class='ocr_par' dir='ltr' id='par_1_4' title="bbox 398 530 1980 604">
     <span class='ocr_line' id='line_1_4' title="bbox 398 530 1980 604; baseline 0 -19"><span class='ocrx_word' id='word_1_8' title='bbox 398 531 493 585; x_wconf 89' lang='grc' dir='ltr'><strong>τοῦ</strong></span> <span class='ocrx_word' id='word_1_9' title='bbox 526 531 815 597; x_wconf 73' lang='grc' dir='ltr'><strong>ἐνεστῶτος</strong></span> <span class='ocrx_word' id='word_1_10' title='bbox 860 530 1235 601; x_wconf 74' lang='grc' dir='ltr'>Αἰγυπτιακαῦ</span> <span class='ocrx_word' id='word_1_11' title='bbox 1287 533 1455 604; x_wconf 72' lang='grc' dir='ltr'>μηνὸς</span> <span class='ocrx_word' id='word_1_12' title='bbox 1493 532 1778 597; x_wconf 82' lang='grc' dir='ltr'>ποσταίαν,</span> <span class='ocrx_word' id='word_1_13' title='bbox 1803 532 1898 586; x_wconf 74' lang='grc' dir='ltr'><strong>καὶ</strong></span> <span class='ocrx_word' id='word_1_14' title='bbox 1919 531 1980 585; x_wconf 82' lang='grc' dir='ltr'><strong>τὸ</strong></span> 
     </span>
    </p>
   </div>
   <div class='ocr_carea' id='block_1_5' title="bbox 2075 530 3647 611">
    <p class='ocr_par' dir='ltr' id='par_1_5' title="bbox 2081 536 3647 611">
     <span class='ocr_line' id='line_1_5' title="bbox 2081 536 3647 611; baseline 0.008 -25"><span class='ocrx_word' id='word_1_15' title='bbox 2081 537 2364 606; x_wconf 89' lang='lat' dir='ltr'><strong>proposito</strong></span> <span class='ocrx_word' id='word_1_16' title='bbox 2394 536 2483 593; x_wconf 91' lang='lat' dir='ltr'><strong>die</strong></span> <span class='ocrx_word' id='word_1_17' title='bbox 2517 538 2753 596; x_wconf 78' lang='lat' dir='ltr'><strong>labentis</strong></span> <span class='ocrx_word' id='word_1_18' title='bbox 2785 539 3093 611; x_wconf 64' lang='lat' dir='ltr'><strong>Egyptiaci</strong></span> <span class='ocrx_word' id='word_1_19' title='bbox 3131 542 3360 596; x_wconf 79' lang='lat' dir='ltr'><strong>mensis.</strong></span> <span class='ocrx_word' id='word_1_20' title='bbox 3404 541 3485 597; x_wconf 87' lang='lat' dir='ltr'><strong>Ad</strong></span> <span class='ocrx_word' id='word_1_21' title='bbox 3532 543 3647 599; x_wconf 63' lang='lat' dir='ltr'><strong>haec</strong></span> 
     </span>
    </p>
   </div>
   <div class='ocr_carea' id='block_1_6' title="bbox 398 624 1973 698">
    <p class='ocr_par' dir='ltr' id='par_1_6' title="bbox 398 624 1973 698">
     <span class='ocr_line' id='line_1_6' title="bbox 398 624 1973 698; baseline 0 -19"><span class='ocrx_word' id='word_1_22' title='bbox 398 627 569 697; x_wconf 74' lang='grc' dir='ltr'>ἥμισυ</span> <span class='ocrx_word' id='word_1_23' title='bbox 593 624 701 678; x_wconf 85' lang='grc' dir='ltr'><strong>τῶν</strong></span> <span class='ocrx_word' id='word_1_24' title='bbox 721 624 904 698; x_wconf 85' lang='grc' dir='ltr'>μηνῶν</span> <span class='ocrx_word' id='word_1_25' title='bbox 933 625 1041 679; x_wconf 87' lang='grc' dir='ltr'><strong>τῶν</strong></span> <span class='ocrx_word' id='word_1_26' title='bbox 1075 626 1182 679; x_wconf 79' lang='grc' dir='ltr'><strong>ἀπὸ</strong></span> <span class='ocrx_word' id='word_1_27' title='bbox 1210 624 1352 691; x_wconf 84' lang='grc' dir='ltr'>Θὼθ,</span> <span class='ocrx_word' id='word_1_28' title='bbox 1383 625 1478 679; x_wconf 76' lang='grc' dir='ltr'><strong>καὶ</strong></span> <span class='ocrx_word' id='word_1_29' title='bbox 1506 625 1636 697; x_wconf 87' lang='grc' dir='ltr'>μίαν</span> <span class='ocrx_word' id='word_1_30' title='bbox 1663 625 1973 696; x_wconf 73' lang='grc' dir='ltr'><strong>καθολικὴν.</strong></span> 
     </span>
    </p>
   </div>
   <div class='ocr_carea' id='block_1_7' title="bbox 401 713 1973 787">
    <p class='ocr_par' dir='ltr' id='par_1_7' title="bbox 401 713 1973 787">
     <span class='ocr_line' id='line_1_7' title="bbox 401 713 1973 787; baseline 0 -20"><span class='ocrx_word' id='word_1_31' title='bbox 401 715 511 768; x_wconf 74' lang='grc' dir='ltr'><strong>Καὶ</strong></span> <span class='ocrx_word' id='word_1_32' title='bbox 554 715 603 767; x_wconf 79' lang='grc' dir='ltr'>εἰ</span> <span class='ocrx_word' id='word_1_33' title='bbox 647 715 746 785; x_wconf 88' lang='grc' dir='ltr'><strong>μὲν</strong></span> <span class='ocrx_word' id='word_1_34' title='bbox 795 713 839 767; x_wconf 85' lang='grc' dir='ltr'>λ’</span> <span class='ocrx_word' id='word_1_35' title='bbox 872 714 1464 787; x_wconf 21' lang='grc' dir='ltr'>’ταύταςδεύρήσομεὴ</span> <span class='ocrx_word' id='word_1_36' title='bbox 1513 715 1546 787; x_wconf 78' lang='grc' dir='ltr'>ἢ</span> <span class='ocrx_word' id='word_1_37' title='bbox 1589 716 1744 787; x_wconf 56' lang='grc' dir='ltr'>παρὰ</span> <span class='ocrx_word' id='word_1_38' title='bbox 1772 715 1870 780; x_wconf 85' lang='grc' dir='ltr'>τὰς</span> <span class='ocrx_word' id='word_1_39' title='bbox 1909 714 1973 777; x_wconf 84' lang='grc' dir='ltr'>λ’,</span> 
     </span>
    </p>
   </div>
   <div class='ocr_carea' id='block_1_8' title="bbox 399 803 1975 877">
    <p class='ocr_par' dir='ltr' id='par_1_8' title="bbox 399 803 1975 877">
     <span class='ocr_line' id='line_1_8' title="bbox 399 803 1975 877; baseline 0.002 -21"><span class='ocrx_word' id='word_1_40' title='bbox 399 803 665 868; x_wconf 78' lang='grc' dir='ltr'><strong>τοσαύτας</strong></span> <span class='ocrx_word' id='word_1_41' title='bbox 722 805 949 876; x_wconf 77' lang='grc' dir='ltr'>ἔχουσαν</span> <span class='ocrx_word' id='word_1_42' title='bbox 987 805 1085 876; x_wconf 84' lang='grc' dir='ltr'>τὴν</span> <span class='ocrx_word' id='word_1_43' title='bbox 1127 805 1356 877; x_wconf 80' lang='grc' dir='ltr'>σελήνην</span> <span class='ocrx_word' id='word_1_44' title='bbox 1387 805 1727 877; x_wconf 86' lang='grc' dir='ltr'>γινώσκομεν</span> <span class='ocrx_word' id='word_1_45' title='bbox 1751 822 1763 835; x_wconf 86' lang='grc'><strong>’</strong></span> <span class='ocrx_word' id='word_1_46' title='bbox 1821 807 1870 859; x_wconf 73' lang='grc' dir='ltr'>εἰ</span> <span class='ocrx_word' id='word_1_47' title='bbox 1917 806 1975 859; x_wconf 84' lang='grc' dir='ltr'>δὲ</span> 
     </span>
    </p>
   </div>
   <div class='ocr_carea' id='block_1_9' title="bbox 400 894 1974 969">
    <p class='ocr_par' dir='ltr' id='par_1_9' title="bbox 400 894 1974 969">
     <span class='ocr_line' id='line_1_9' title="bbox 400 894 1974 969; baseline 0.002 -21"><span class='ocrx_word' id='word_1_48' title='bbox 400 894 542 968; x_wconf 80' lang='grc' dir='ltr'>ὑπὲρ</span> <span class='ocrx_word' id='word_1_49' title='bbox 574 895 670 960; x_wconf 85' lang='grc' dir='ltr'>τὰς</span> <span class='ocrx_word' id='word_1_50' title='bbox 701 896 766 962; x_wconf 82' lang='grc' dir='ltr'>λ’,</span> <span class='ocrx_word' id='word_1_51' title='bbox 801 896 1013 960; x_wconf 76' lang='grc' dir='ltr'>ὲκείνας</span> <span class='ocrx_word' id='word_1_52' title='bbox 1031 895 1191 950; x_wconf 86' lang='grc' dir='ltr'>πάλιν</span> <span class='ocrx_word' id='word_1_53' title='bbox 1217 896 1357 968; x_wconf 89' lang='grc' dir='ltr'>μετὰ</span> <span class='ocrx_word' id='word_1_54' title='bbox 1377 896 1475 968; x_wconf 85' lang='grc' dir='ltr'>τὴν</span> <span class='ocrx_word' id='word_1_55' title='bbox 1498 897 1782 969; x_wconf 80' lang='grc' dir='ltr'>ὑφαίρεσιν</span> <span class='ocrx_word' id='word_1_56' title='bbox 1797 896 1974 952; x_wconf 76' lang='grc' dir='ltr'>αὐτῶν</span> 
     </span>
    </p>
   </div>
   <div class='ocr_carea' id='block_1_10' title="bbox 401 986 851 1059">
    <p class='ocr_par' dir='ltr' id='par_1_10' title="bbox 401 986 851 1059">
     <span class='ocr_line' id='line_1_10' title="bbox 401 986 851 1059; baseline 0.004 -20"><span class='ocrx_word' id='word_1_57' title='bbox 401 986 511 1039; x_wconf 85' lang='grc' dir='ltr'><strong>τῶν</strong></span> <span class='ocrx_word' id='word_1_58' title='bbox 537 987 851 1059; x_wconf 83' lang='grc' dir='ltr'>τριάκοντα.</span> 
     </span>
    </p>
   </div>
   <div class='ocr_carea' id='block_1_11' title="bbox 473 1076 1975 1150">
    <p class='ocr_par' dir='ltr' id='par_1_11' title="bbox 473 1076 1975 1150">
     <span class='ocr_line' id='line_1_11' title="bbox 473 1076 1975 1150; baseline -0.001 -20"><span class='ocrx_word' id='word_1_59' title='bbox 473 1076 537 1147; x_wconf 78' lang='grc' dir='ltr'><strong>β’.</strong></span> <span class='ocrx_word' id='word_1_60' title='bbox 570 1077 798 1142; x_wconf 82' lang='grc' dir='ltr'>Ἀλλως.</span> <span class='ocrx_word' id='word_1_61' title='bbox 820 1076 899 1130; x_wconf 81' lang='grc' dir='ltr'><strong>Τὰ</strong></span> <span class='ocrx_word' id='word_1_62' title='bbox 923 1076 1030 1131; x_wconf 81' lang='grc' dir='ltr'>ἀπὸ</span> <span class='ocrx_word' id='word_1_63' title='bbox 1047 1076 1432 1148; x_wconf 89' lang='grc' dir='ltr'>Διοκλητιανοῦ</span> <span class='ocrx_word' id='word_1_64' title='bbox 1461 1076 1557 1150; x_wconf 71' lang='grc' dir='ltr'>ἔτη</span> <span class='ocrx_word' id='word_1_65' title='bbox 1589 1077 1739 1148; x_wconf 78' lang='grc' dir='ltr'>παρὰ</span> <span class='ocrx_word' id='word_1_66' title='bbox 1774 1076 1832 1130; x_wconf 82' lang='grc' dir='ltr'>ἓν</span> <span class='ocrx_word' id='word_1_67' title='bbox 1858 1076 1975 1142; x_wconf 78' lang='grc' dir='ltr'>ἔτος</span> 
     </span>
    </p>
   </div>
   <div class='ocr_carea' id='block_1_12' title="bbox 401 1167 1975 1241">
    <p class='ocr_par' dir='ltr' id='par_1_12' title="bbox 401 1167 1975 1241">
     <span class='ocr_line' id='line_1_12' title="bbox 401 1167 1975 1241; baseline 0.001 -19"><span class='ocrx_word' id='word_1_68' title='bbox 401 1167 699 1233; x_wconf 84' lang='grc' dir='ltr'>ποιοῦντες,</span> <span class='ocrx_word' id='word_1_69' title='bbox 749 1169 1042 1241; x_wconf 77' lang='grc' dir='ltr'>μερίζομεν</span> <span class='ocrx_word' id='word_1_70' title='bbox 1087 1171 1167 1233; x_wconf 79' lang='grc' dir='ltr'><strong>εἰς</strong></span> <span class='ocrx_word' id='word_1_71' title='bbox 1190 1169 1281 1223; x_wconf 87' lang='grc' dir='ltr'><strong>τὸν</strong></span> <span class='ocrx_word' id='word_1_72' title='bbox 1324 1168 1390 1222; x_wconf 85' lang='grc' dir='ltr'>ιθ¹</span> <span class='ocrx_word' id='word_1_73' title='bbox 1427 1169 1521 1223; x_wconf 83' lang='grc' dir='ltr'><strong>καὶ</strong></span> <span class='ocrx_word' id='word_1_74' title='bbox 1552 1169 1620 1224; x_wconf 84' lang='grc' dir='ltr'>τὰ</span> <span class='ocrx_word' id='word_1_75' title='bbox 1651 1168 1812 1224; x_wconf 74' lang='grc' dir='ltr'>λοιπὰ</span> <span class='ocrx_word' id='word_1_76' title='bbox 1840 1186 1975 1241; x_wconf 90' lang='grc' dir='ltr'>κρα-</span> 
     </span>
    </p>
   </div>
   <div class='ocr_carea' id='block_1_13' title="bbox 399 1255 1974 1331">
    <p class='ocr_par' dir='ltr' id='par_1_13' title="bbox 399 1255 1974 1331">
     <span class='ocr_line' id='line_1_13' title="bbox 399 1255 1974 1331; baseline 0.001 -20"><span class='ocrx_word' id='word_1_77' title='bbox 399 1255 620 1324; x_wconf 88' lang='grc' dir='ltr'>τοῦμεν,</span> <span class='ocrx_word' id='word_1_78' title='bbox 674 1260 768 1313; x_wconf 75' lang='grc' dir='ltr'><strong>καὶ</strong></span> <span class='ocrx_word' id='word_1_79' title='bbox 814 1258 1023 1323; x_wconf 85' lang='grc' dir='ltr'>τούτοις</span> <span class='ocrx_word' id='word_1_80' title='bbox 1086 1259 1449 1331; x_wconf 80' lang='grc' dir='ltr'>ὲπιὸάλλομεν</span> <span class='ocrx_word' id='word_1_81' title='bbox 1501 1259 1642 1331; x_wconf 85' lang='grc' dir='ltr'>ὑπὲρ</span> <span class='ocrx_word' id='word_1_82' title='bbox 1707 1258 1825 1321; x_wconf 76' lang='grc' dir='ltr'>ἑνὸς</span> <span class='ocrx_word' id='word_1_83' title='bbox 1876 1258 1974 1329; x_wconf 83' lang='grc' dir='ltr'>μὲν</span> 
     </span>
    </p>
   </div>
   <div class='ocr_carea' id='block_1_14' title="bbox 330 1346 1975 1422">
    <p class='ocr_par' dir='ltr' id='par_1_14' title="bbox 330 1346 1975 1422">
     <span class='ocr_line' id='line_1_14' title="bbox 330 1346 1975 1422; baseline 0.002 -23"><span class='ocrx_word' id='word_1_84' title='bbox 330 1388 337 1393; x_wconf 91' lang='grc'><strong>.</strong></span> <span class='ocrx_word' id='word_1_85' title='bbox 402 1346 575 1413; x_wconf 70' lang='grc' dir='ltr'>ἔτους,</span> <span class='ocrx_word' id='word_1_86' title='bbox 624 1348 718 1401; x_wconf 80' lang='grc' dir='ltr'><strong>ἐὰν</strong></span> <span class='ocrx_word' id='word_1_87' title='bbox 766 1348 925 1403; x_wconf 88' lang='grc' dir='ltr'>τοῦτο</span> <span class='ocrx_word' id='word_1_88' title='bbox 959 1349 1119 1421; x_wconf 86' lang='grc' dir='ltr'>μόνον</span> <span class='ocrx_word' id='word_1_89' title='bbox 1166 1349 1325 1421; x_wconf 82' lang='grc' dir='ltr'>τυχὸν</span> <span class='ocrx_word' id='word_1_90' title='bbox 1359 1350 1701 1422; x_wconf 77' lang='grc' dir='ltr'>καταλειφθῇ.</span> <span class='ocrx_word' id='word_1_91' title='bbox 1717 1349 1854 1421; x_wconf 83' lang='grc' dir='ltr'>μετὰ</span> <span class='ocrx_word' id='word_1_92' title='bbox 1885 1349 1975 1403; x_wconf 81' lang='grc' dir='ltr'><strong>τὸν</strong></span> 
     </span>
    </p>
   </div>
   <div class='ocr_carea' id='block_1_15' title="bbox 403 1438 1977 1513">
    <p class='ocr_par' dir='ltr' id='par_1_15' title="bbox 403 1438 1977 1513">
     <span class='ocr_line' id='line_1_15' title="bbox 403 1438 1977 1513; baseline 0.003 -22"><span class='ocrx_word' id='word_1_93' title='bbox 403 1439 690 1512; x_wconf 83' lang='grc' dir='ltr'>μερισμὸν,</span> <span class='ocrx_word' id='word_1_94' title='bbox 735 1439 947 1512; x_wconf 85' lang='grc' dir='ltr'>ἡμέρας</span> <span class='ocrx_word' id='word_1_95' title='bbox 987 1447 1039 1493; x_wconf 79' lang='grc' dir='ltr'><strong>ιὀ</strong></span> <span class='ocrx_word' id='word_1_96' title='bbox 1086 1441 1227 1513; x_wconf 86' lang='grc' dir='ltr'>ὑπὲρ</span> <span class='ocrx_word' id='word_1_97' title='bbox 1262 1438 1305 1510; x_wconf 84' lang='grc' dir='ltr'><strong>β’</strong></span> <span class='ocrx_word' id='word_1_98' title='bbox 1341 1440 1397 1494; x_wconf 87' lang='grc' dir='ltr'>δὲ</span> <span class='ocrx_word' id='word_1_99' title='bbox 1431 1439 1566 1494; x_wconf 78' lang='grc' dir='ltr'>ἐτῶν</span> <span class='ocrx_word' id='word_1_100' title='bbox 1597 1446 1644 1493; x_wconf 89' lang='grc' dir='ltr'>κ’</span> <span class='ocrx_word' id='word_1_101' title='bbox 1671 1456 1686 1471; x_wconf 89' lang='grc'><strong>·</strong></span> <span class='ocrx_word' id='word_1_102' title='bbox 1733 1438 1877 1511; x_wconf 80' lang='grc' dir='ltr'>ὑπὲρ</span> <span class='ocrx_word' id='word_1_103' title='bbox 1918 1439 1977 1495; x_wconf 83' lang='grc' dir='ltr'>δὲ</span> 
     </span>
    </p>
   </div>
   <div class='ocr_carea' id='block_1_16' title="bbox 401 1531 1974 1606">
    <p class='ocr_par' dir='ltr' id='par_1_16' title="bbox 401 1531 1974 1606">
     <span class='ocr_line' id='line_1_16' title="bbox 401 1531 1974 1606; baseline 0 -21"><span class='ocrx_word' id='word_1_104' title='bbox 401 1537 450 1600; x_wconf 88' lang='grc' dir='ltr'><strong>γ’</strong></span> <span class='ocrx_word' id='word_1_105' title='bbox 476 1531 596 1585; x_wconf 82' lang='grc' dir='ltr'>οὐδὲ</span> <span class='ocrx_word' id='word_1_106' title='bbox 619 1532 747 1604; x_wconf 85' lang='grc' dir='ltr'>μίαν</span> <span class='ocrx_word' id='word_1_107' title='bbox 763 1550 777 1563; x_wconf 89' lang='grc'><strong>·</strong></span> <span class='ocrx_word' id='word_1_108' title='bbox 808 1532 996 1606; x_wconf 88' lang='grc' dir='ltr'>ῶσπερ</span> <span class='ocrx_word' id='word_1_109' title='bbox 1021 1534 1114 1587; x_wconf 72' lang='grc' dir='ltr'>καὶ</span> <span class='ocrx_word' id='word_1_110' title='bbox 1137 1534 1229 1589; x_wconf 75' lang='grc' dir='ltr'>ἐπὶ</span> <span class='ocrx_word' id='word_1_111' title='bbox 1253 1536 1366 1597; x_wconf 88' lang='grc' dir='ltr'>τοῖς</span> <span class='ocrx_word' id='word_1_112' title='bbox 1399 1539 1452 1598; x_wconf 81' lang='grc' dir='ltr'>ς’</span> <span class='ocrx_word' id='word_1_113' title='bbox 1483 1532 1788 1604; x_wconf 58' lang='grc' dir='ltr'>οὐδεμίαν</span> <span class='ocrx_word' id='word_1_114' title='bbox 1809 1531 1842 1603; x_wconf 79' lang='grc' dir='ltr'>ἢ</span> <span class='ocrx_word' id='word_1_115' title='bbox 1866 1531 1974 1585; x_wconf 80' lang='grc' dir='ltr'><strong>τῶν</strong></span> 
     </span>
    </p>
   </div>
   <div class='ocr_carea' id='block_1_17' title="bbox 404 1623 1968 1698">
    <p class='ocr_par' dir='ltr' id='par_1_17' title="bbox 404 1623 1968 1698">
     <span class='ocr_line' id='line_1_17' title="bbox 404 1623 1968 1698; baseline 0 -21"><span class='ocrx_word' id='word_1_116' title='bbox 404 1624 470 1690; x_wconf 84' lang='grc' dir='ltr'>θ’,</span> <span class='ocrx_word' id='word_1_117' title='bbox 499 1625 532 1697; x_wconf 82' lang='grc' dir='ltr'>ἢ</span> <span class='ocrx_word' id='word_1_118' title='bbox 568 1625 675 1680; x_wconf 91' lang='grc' dir='ltr'><strong>τῶν</strong></span> <span class='ocrx_word' id='word_1_119' title='bbox 702 1625 767 1697; x_wconf 86' lang='grc' dir='ltr'><strong>ιβ’</strong></span> <span class='ocrx_word' id='word_1_120' title='bbox 788 1642 803 1658; x_wconf 75' lang='grc'><strong>⁸</strong></span> <span class='ocrx_word' id='word_1_121' title='bbox 832 1626 864 1698; x_wconf 79' lang='grc' dir='ltr'>ἢ</span> <span class='ocrx_word' id='word_1_122' title='bbox 897 1626 1081 1692; x_wconf 87' lang='grc' dir='ltr'>ἁπλῶς</span> <span class='ocrx_word' id='word_1_123' title='bbox 1121 1626 1222 1697; x_wconf 81' lang='grc' dir='ltr'>τῆς</span> <span class='ocrx_word' id='word_1_124' title='bbox 1277 1624 1566 1680; x_wconf 80' lang='grc' dir='ltr'>ὁποιασοῦν</span> <span class='ocrx_word' id='word_1_125' title='bbox 1598 1623 1933 1697; x_wconf 82' lang='grc' dir='ltr'>τριετηρίδος</span> <span class='ocrx_word' id='word_1_126' title='bbox 1955 1641 1968 1654; x_wconf 90' lang='grc'><strong>·</strong></span> 
     </span>
    </p>
   </div>
   <div class='ocr_carea' id='block_1_18' title="bbox 404 1715 1952 1789">
    <p class='ocr_par' dir='ltr' id='par_1_18' title="bbox 404 1715 1952 1789">
     <span class='ocr_line' id='line_1_18' title="bbox 404 1715 1952 1789; baseline 0 -20"><span class='ocrx_word' id='word_1_127' title='bbox 404 1715 544 1789; x_wconf 80' lang='grc' dir='ltr'>ὑπὲρ</span> <span class='ocrx_word' id='word_1_128' title='bbox 592 1716 649 1770; x_wconf 87' lang='grc' dir='ltr'>δὲ</span> <span class='ocrx_word' id='word_1_129' title='bbox 704 1716 810 1772; x_wconf 85' lang='grc' dir='ltr'><strong>τῶν</strong></span> <span class='ocrx_word' id='word_1_130' title='bbox 852 1718 894 1771; x_wconf 85' lang='grc' dir='ltr'>δ’</span> <span class='ocrx_word' id='word_1_131' title='bbox 940 1717 1101 1772; x_wconf 83' lang='grc' dir='ltr'>πάλιν</span> <span class='ocrx_word' id='word_1_132' title='bbox 1155 1717 1294 1770; x_wconf 84' lang='grc' dir='ltr'>ἐτῶν</span> <span class='ocrx_word' id='word_1_133' title='bbox 1333 1715 1386 1780; x_wconf 88' lang='grc' dir='ltr'><strong>ι’,</strong></span> <span class='ocrx_word' id='word_1_134' title='bbox 1431 1716 1525 1771; x_wconf 79' lang='grc' dir='ltr'><strong>καὶ</strong></span> <span class='ocrx_word' id='word_1_135' title='bbox 1576 1716 1716 1787; x_wconf 80' lang='grc' dir='ltr'>ὑπὲρ</span> <span class='ocrx_word' id='word_1_136' title='bbox 1768 1715 1876 1769; x_wconf 91' lang='grc' dir='ltr'><strong>τῶν</strong></span> <span class='ocrx_word' id='word_1_137' title='bbox 1912 1722 1952 1769; x_wconf 85' lang='grc' dir='ltr'>ε’</span> 
     </span>
    </p>
   </div>
   <div class='ocr_carea' id='block_1_19' title="bbox 402 1805 1972 1879">
    <p class='ocr_par' dir='ltr' id='par_1_19' title="bbox 402 1805 1972 1879">
     <span class='ocr_line' id='line_1_19' title="bbox 402 1805 1972 1879; baseline 0.001 -19"><span class='ocrx_word' id='word_1_138' title='bbox 402 1813 472 1860; x_wconf 84' lang='grc' dir='ltr'>κ’.</span> <span class='ocrx_word' id='word_1_139' title='bbox 505 1807 614 1860; x_wconf 78' lang='grc' dir='ltr'>Καὶ</span> <span class='ocrx_word' id='word_1_140' title='bbox 637 1805 809 1872; x_wconf 73' lang='grc' dir='ltr'>οὕτως</span> <span class='ocrx_word' id='word_1_141' title='bbox 841 1807 1075 1879; x_wconf 80' lang='grc' dir='ltr'>καθεξῆς</span> <span class='ocrx_word' id='word_1_142' title='bbox 1111 1807 1251 1879; x_wconf 83' lang='grc' dir='ltr'>ὑπὲρ</span> <span class='ocrx_word' id='word_1_143' title='bbox 1294 1806 1402 1860; x_wconf 90' lang='grc' dir='ltr'><strong>τῶν</strong></span> <span class='ocrx_word' id='word_1_144' title='bbox 1434 1808 1503 1873; x_wconf 80' lang='grc' dir='ltr'><strong>ζ’,</strong></span> <span class='ocrx_word' id='word_1_145' title='bbox 1536 1807 1763 1861; x_wconf 78' lang='grc' dir='ltr'>καὶτῶν</span> <span class='ocrx_word' id='word_1_146' title='bbox 1798 1814 1850 1873; x_wconf 84' lang='grc' dir='ltr'>ι’,</span> <span class='ocrx_word' id='word_1_147' title='bbox 1877 1809 1972 1861; x_wconf 75' lang='grc' dir='ltr'><strong>καὶ</strong></span> 
     </span>
    </p>
   </div>
   <div class='ocr_carea' id='block_1_20' title="bbox 400 1898 1974 1971">
    <p class='ocr_par' dir='ltr' id='par_1_20' title="bbox 400 1898 1974 1971">
     <span class='ocr_line' id='line_1_20' title="bbox 400 1898 1974 1971; baseline 0.001 -21"><span class='ocrx_word' id='word_1_148' title='bbox 400 1898 510 1951; x_wconf 89' lang='grc' dir='ltr'><strong>τῶν</strong></span> <span class='ocrx_word' id='word_1_149' title='bbox 545 1905 611 1951; x_wconf 87' lang='grc' dir='ltr'>ια’</span> <span class='ocrx_word' id='word_1_150' title='bbox 634 1898 679 1932; x_wconf 72' lang='grc' dir='ltr'><strong>’ί</strong></span> <span class='ocrx_word' id='word_1_151' title='bbox 700 1917 712 1929; x_wconf 89' lang='grc'><strong>·</strong></span> <span class='ocrx_word' id='word_1_152' title='bbox 738 1900 833 1952; x_wconf 78' lang='grc' dir='ltr'><strong>καὶ</strong></span> <span class='ocrx_word' id='word_1_153' title='bbox 856 1899 966 1953; x_wconf 88' lang='grc' dir='ltr'><strong>τῶν</strong></span> <span class='ocrx_word' id='word_1_154' title='bbox 997 1899 1133 1970; x_wconf 81' lang='grc' dir='ltr'>μετὰ</span> <span class='ocrx_word' id='word_1_155' title='bbox 1164 1899 1262 1962; x_wconf 75' lang='grc' dir='ltr'>τὰς</span> <span class='ocrx_word' id='word_1_156' title='bbox 1306 1899 1648 1971; x_wconf 79' lang='grc' dir='ltr'>τριετηρίδας</span> <span class='ocrx_word' id='word_1_157' title='bbox 1669 1898 1974 1971; x_wconf 78' lang='grc' dir='ltr'>ψηφιζομέ-</span> 
     </span>
    </p>
   </div>
   <div class='ocr_carea' id='block_1_21' title="bbox 400 1989 1972 2062">
    <p class='ocr_par' dir='ltr' id='par_1_21' title="bbox 400 1989 1972 2062">
     <span class='ocr_line' id='line_1_21' title="bbox 400 1989 1972 2062; baseline 0.002 -21"><span class='ocrx_word' id='word_1_158' title='bbox 400 2004 528 2043; x_wconf 86' lang='grc' dir='ltr'>νων.</span> <span class='ocrx_word' id='word_1_159' title='bbox 588 1989 914 2060; x_wconf 85' lang='grc' dir='ltr'>Κρατοῦμεν</span> <span class='ocrx_word' id='word_1_160' title='bbox 968 1990 1166 2054; x_wconf 87' lang='grc' dir='ltr'>τοίνυν,</span> <span class='ocrx_word' id='word_1_161' title='bbox 1213 1989 1289 2054; x_wconf 88' lang='grc' dir='ltr'>ὡς</span> <span class='ocrx_word' id='word_1_162' title='bbox 1320 1989 1478 2062; x_wconf 73' lang='grc' dir='ltr'>ἔφην,</span> <span class='ocrx_word' id='word_1_163' title='bbox 1529 1989 1597 2044; x_wconf 78' lang='grc' dir='ltr'>τὰ</span> <span class='ocrx_word' id='word_1_164' title='bbox 1632 1990 1972 2061; x_wconf 84' lang='grc' dir='ltr'>ἀπομένοντα</span> 
     </span>
    </p>
   </div>
   <div class='ocr_carea' id='block_1_22' title="bbox 401 2078 1975 2154">
    <p class='ocr_par' dir='ltr' id='par_1_22' title="bbox 401 2078 1975 2154">
     <span class='ocr_line' id='line_1_22' title="bbox 401 2078 1975 2154; baseline 0.003 -22"><span class='ocrx_word' id='word_1_165' title='bbox 401 2078 494 2151; x_wconf 78' lang='grc' dir='ltr'>ἔτη</span> <span class='ocrx_word' id='word_1_166' title='bbox 545 2079 640 2133; x_wconf 72' lang='grc' dir='ltr'><strong>καὶ</strong></span> <span class='ocrx_word' id='word_1_167' title='bbox 689 2079 789 2145; x_wconf 86' lang='grc' dir='ltr'>τὰς</span> <span class='ocrx_word' id='word_1_168' title='bbox 830 2080 971 2152; x_wconf 85' lang='grc' dir='ltr'>ὑπὲρ</span> <span class='ocrx_word' id='word_1_169' title='bbox 1019 2081 1222 2135; x_wconf 89' lang='grc' dir='ltr'>τούτων</span> <span class='ocrx_word' id='word_1_170' title='bbox 1281 2082 1493 2154; x_wconf 79' lang='grc' dir='ltr'>ἡμέρας</span> <span class='ocrx_word' id='word_1_171' title='bbox 1537 2081 1681 2135; x_wconf 85' lang='grc' dir='ltr'>κατὰ</span> <span class='ocrx_word' id='word_1_172' title='bbox 1724 2082 1817 2136; x_wconf 84' lang='grc' dir='ltr'><strong>τὸν</strong></span> <span class='ocrx_word' id='word_1_173' title='bbox 1843 2084 1975 2137; x_wconf 82' lang='grc' dir='ltr'>ὑπο·</span> 
     </span>
    </p>
   </div>
   <div class='ocr_carea' id='block_1_23' title="bbox 398 2169 1974 2245">
    <p class='ocr_par' dir='ltr' id='par_1_23' title="bbox 398 2169 1974 2245">
     <span class='ocr_line' id='line_1_23' title="bbox 398 2169 1974 2245; baseline 0.003 -21"><span class='ocrx_word' id='word_1_174' title='bbox 398 2169 680 2241; x_wconf 77' lang='grc' dir='ltr'>δειχθέντα</span> <span class='ocrx_word' id='word_1_175' title='bbox 732 2171 950 2245; x_wconf 84' lang='grc' dir='ltr'>τρόπον·</span> <span class='ocrx_word' id='word_1_176' title='bbox 1014 2174 1108 2227; x_wconf 72' lang='grc' dir='ltr'><strong>καὶ</strong></span> <span class='ocrx_word' id='word_1_177' title='bbox 1129 2173 1229 2245; x_wconf 83' lang='grc' dir='ltr'><strong>τὴν</strong></span> <span class='ocrx_word' id='word_1_178' title='bbox 1263 2173 1524 2229; x_wconf 88' lang='grc' dir='ltr'>ποσταίαν</span> <span class='ocrx_word' id='word_1_179' title='bbox 1545 2173 1639 2227; x_wconf 90' lang='grc' dir='ltr'><strong>τοῦ</strong></span> <span class='ocrx_word' id='word_1_180' title='bbox 1680 2173 1974 2239; x_wconf 69' lang='grc' dir='ltr'>ἐνεστῶτος</span> 
     </span>
    </p>
   </div>
   <div class='ocr_carea' id='block_1_24' title="bbox 400 2261 1974 2339">
    <p class='ocr_par' dir='ltr' id='par_1_24' title="bbox 400 2261 1974 2339">
     <span class='ocr_line' id='line_1_24' title="bbox 400 2261 1974 2339; baseline 0.004 -24"><span class='ocrx_word' id='word_1_181' title='bbox 400 2261 769 2332; x_wconf 74' lang='grc' dir='ltr'>Αἰγυπτιακοῦ</span> <span class='ocrx_word' id='word_1_182' title='bbox 817 2265 1003 2335; x_wconf 83' lang='grc' dir='ltr'>μηνὸς,</span> <span class='ocrx_word' id='word_1_183' title='bbox 1062 2268 1156 2321; x_wconf 78' lang='grc' dir='ltr'>καὶ</span> <span class='ocrx_word' id='word_1_184' title='bbox 1201 2266 1262 2320; x_wconf 83' lang='grc' dir='ltr'><strong>τὸ</strong></span> <span class='ocrx_word' id='word_1_185' title='bbox 1288 2268 1461 2338; x_wconf 81' lang='grc' dir='ltr'>ἥμισυ</span> <span class='ocrx_word' id='word_1_186' title='bbox 1488 2267 1597 2321; x_wconf 90' lang='grc' dir='ltr'><strong>τῶν</strong></span> <span class='ocrx_word' id='word_1_187' title='bbox 1632 2267 1820 2339; x_wconf 84' lang='grc' dir='ltr'>μηνῶν</span> <span class='ocrx_word' id='word_1_188' title='bbox 1848 2267 1974 2323; x_wconf 87' lang='grc' dir='ltr'>-τῶν</span> 
     </span>
    </p>
   </div>
   <div class='ocr_carea' id='block_1_25' title="bbox 401 2352 1975 2430">
    <p class='ocr_par' dir='ltr' id='par_1_25' title="bbox 401 2352 1975 2430">
     <span class='ocr_line' id='line_1_25' title="bbox 401 2352 1975 2430; baseline 0.005 -24"><span class='ocrx_word' id='word_1_189' title='bbox 401 2353 510 2407; x_wconf 80' lang='grc' dir='ltr'>ἀπὸ</span> <span class='ocrx_word' id='word_1_190' title='bbox 571 2352 714 2418; x_wconf 89' lang='grc' dir='ltr'>Θὼθ,</span> <span class='ocrx_word' id='word_1_191' title='bbox 741 2356 837 2409; x_wconf 77' lang='grc' dir='ltr'><strong>καὶ</strong></span> <span class='ocrx_word' id='word_1_192' title='bbox 887 2356 1017 2426; x_wconf 83' lang='grc' dir='ltr'>μίαν</span> <span class='ocrx_word' id='word_1_193' title='bbox 1077 2358 1370 2430; x_wconf 80' lang='grc' dir='ltr'>καθολικήν</span> <span class='ocrx_word' id='word_1_194' title='bbox 1388 2375 1405 2393; x_wconf 80' lang='grc' dir='ltr'><strong>ο</strong></span> <span class='ocrx_word' id='word_1_195' title='bbox 1434 2359 1530 2413; x_wconf 82' lang='grc' dir='ltr'><strong>καὶ</strong></span> <span class='ocrx_word' id='word_1_196' title='bbox 1556 2360 1656 2423; x_wconf 75' lang='grc' dir='ltr'>ἐἰς</span> <span class='ocrx_word' id='word_1_197' title='bbox 1687 2359 1778 2413; x_wconf 85' lang='grc' dir='ltr'><strong>τὸν</strong></span> <span class='ocrx_word' id='word_1_198' title='bbox 1805 2358 1849 2413; x_wconf 89' lang='grc' dir='ltr'>λ’</span> <span class='ocrx_word' id='word_1_199' title='bbox 1878 2358 1975 2425; x_wconf 84' lang='grc' dir='ltr'>τὰς</span> 
     </span>
    </p>
   </div>
   <div class='ocr_carea' id='block_1_26' title="bbox 400 2444 863 2519">
    <p class='ocr_par' dir='ltr' id='par_1_26' title="bbox 400 2444 863 2519">
     <span class='ocr_line' id='line_1_26' title="bbox 400 2444 863 2519; baseline 0.009 -21"><span class='ocrx_word' id='word_1_200' title='bbox 400 2444 531 2510; x_wconf 84' lang='grc' dir='ltr'>ὅλας</span> <span class='ocrx_word' id='word_1_201' title='bbox 551 2446 863 2519; x_wconf 79' lang='grc' dir='ltr'>μερίζομεν.</span> 
     </span>
    </p>
   </div>
   <div class='ocr_carea' id='block_1_27' title="bbox 471 2535 1972 2617">
    <p class='ocr_par' dir='ltr' id='par_1_27' title="bbox 471 2535 1972 2617">
     <span class='ocr_line' id='line_1_27' title="bbox 471 2535 1972 2617; baseline 0.005 -26"><span class='ocrx_word' id='word_1_202' title='bbox 471 2535 539 2605; x_wconf 80' lang='grc' dir='ltr'><strong>γ’.</strong></span> <span class='ocrx_word' id='word_1_203' title='bbox 579 2539 809 2603; x_wconf 76' lang='grc' dir='ltr'>Ἄλλως.</span> <span class='ocrx_word' id='word_1_204' title='bbox 838 2540 1162 2612; x_wconf 83' lang='grc' dir='ltr'>Κρατοῦμεν</span> <span class='ocrx_word' id='word_1_205' title='bbox 1190 2542 1288 2607; x_wconf 76' lang='grc' dir='ltr'>τὰς</span> <span class='ocrx_word' id='word_1_206' title='bbox 1324 2543 1567 2608; x_wconf 85' lang='grc' dir='ltr'>ὲπακτὰς</span> <span class='ocrx_word' id='word_1_207' title='bbox 1592 2545 1691 2616; x_wconf 78' lang='grc' dir='ltr'>τῆς</span> <span class='ocrx_word' id='word_1_208' title='bbox 1724 2543 1972 2617; x_wconf 80' lang='grc' dir='ltr'>σελήνης,</span> 
     </span>
    </p>
   </div>
   <div class='ocr_carea' id='block_1_28' title="bbox 400 2629 1977 2710">
    <p class='ocr_par' dir='ltr' id='par_1_28' title="bbox 400 2629 1977 2710">
     <span class='ocr_line' id='line_1_28' title="bbox 400 2629 1977 2710; baseline 0.006 -28"><span class='ocrx_word' id='word_1_209' title='bbox 400 2629 493 2682; x_wconf 73' lang='grc' dir='ltr'><strong>καὶ</strong></span> <span class='ocrx_word' id='word_1_210' title='bbox 537 2630 690 2703; x_wconf 75' lang='grc' dir='ltr'><strong>ὑπὲρ⁴</strong></span> <span class='ocrx_word' id='word_1_211' title='bbox 721 2631 948 2687; x_wconf 77' lang='grc' dir='ltr'>ἑκάστου</span> <span class='ocrx_word' id='word_1_212' title='bbox 982 2634 1290 2705; x_wconf 85' lang='grc' dir='ltr'>Ῥωμαϊκοῦ</span> <span class='ocrx_word' id='word_1_213' title='bbox 1341 2637 1528 2708; x_wconf 86' lang='grc' dir='ltr'>μηνὸς,</span> <span class='ocrx_word' id='word_1_214' title='bbox 1576 2638 1683 2691; x_wconf 84' lang='grc' dir='ltr'>ἀπὸ</span> <span class='ocrx_word' id='word_1_215' title='bbox 1729 2640 1977 2710; x_wconf 82' lang='grc' dir='ltr'>Σεπτεμ-</span> 
     </span>
    </p>
   </div>
   <div class='ocr_carea' id='block_1_29' title="bbox 400 2719 1973 2802">
    <p class='ocr_par' dir='ltr' id='par_1_29' title="bbox 400 2719 1973 2802">
     <span class='ocr_line' id='line_1_29' title="bbox 400 2719 1973 2802; baseline 0.007 -29"><span class='ocrx_word' id='word_1_216' title='bbox 400 2719 555 2791; x_wconf 74' lang='grc' dir='ltr'>ϐρίου</span> <span class='ocrx_word' id='word_1_217' title='bbox 571 2722 860 2795; x_wconf 83' lang='grc' dir='ltr'>ἀρχόμενοι</span> <span class='ocrx_word' id='word_1_218' title='bbox 886 2724 1048 2797; x_wconf 79' lang='grc' dir='ltr'>μέχρι</span> <span class='ocrx_word' id='word_1_219' title='bbox 1076 2724 1169 2780; x_wconf 89' lang='grc' dir='ltr'><strong>τοῦ</strong></span> <span class='ocrx_word' id='word_1_220' title='bbox 1195 2726 1563 2799; x_wconf 75' lang='grc' dir='ltr'>ψηφιζομένου</span> <span class='ocrx_word' id='word_1_221' title='bbox 1591 2729 1717 2800; x_wconf 86' lang='grc' dir='ltr'>μίαν</span> <span class='ocrx_word' id='word_1_222' title='bbox 1740 2730 1973 2802; x_wconf 73' lang='grc' dir='ltr'>ἡμέρανο</span> 
     </span>
    </p>
   </div>
   <div class='ocr_carea' id='block_1_30' title="bbox 401 2810 1975 2890">
    <p class='ocr_par' dir='ltr' id='par_1_30' title="bbox 401 2810 1975 2890">
     <span class='ocr_line' id='line_1_30' title="bbox 401 2810 1975 2890; baseline 0.006 -27"><span class='ocrx_word' id='word_1_223' title='bbox 401 2811 497 2864; x_wconf 63' lang='grc' dir='ltr'><strong>καὶ⁵</strong></span> <span class='ocrx_word' id='word_1_224' title='bbox 538 2810 634 2883; x_wconf 79' lang='grc' dir='ltr'>τὴν</span> <span class='ocrx_word' id='word_1_225' title='bbox 678 2815 940 2869; x_wconf 83' lang='grc' dir='ltr'>ποσταίαν</span> <span class='ocrx_word' id='word_1_226' title='bbox 985 2815 1150 2869; x_wconf 83' lang='grc' dir='ltr'>αὐτοῦ</span> <span class='ocrx_word' id='word_1_227' title='bbox 1197 2815 1293 2870; x_wconf 91' lang='grc' dir='ltr'><strong>τοῦ</strong></span> <span class='ocrx_word' id='word_1_228' title='bbox 1339 2817 1631 2882; x_wconf 75' lang='grc' dir='ltr'>ἐνεστῶτος</span> <span class='ocrx_word' id='word_1_229' title='bbox 1669 2817 1975 2890; x_wconf 81' lang='grc' dir='ltr'>Ῥωμαϊκοῦ</span> 
     </span>
    </p>
   </div>
   <div class='ocr_carea' id='block_1_31' title="bbox 405 2899 1977 2973">
    <p class='ocr_par' dir='ltr' id='par_1_31' title="bbox 405 2899 1977 2973">
     <span class='ocr_line' id='line_1_31' title="bbox 405 2899 1977 2973; baseline 0.006 -20"><span class='ocrx_word' id='word_1_230' title='bbox 405 2899 593 2972; x_wconf 84' lang='grc' dir='ltr'>μηνὸς,</span> <span class='ocrx_word' id='word_1_231' title='bbox 624 2903 719 2955; x_wconf 74' lang='grc' dir='ltr'><strong>καὶ</strong></span> <span class='ocrx_word' id='word_1_232' title='bbox 761 2902 855 2956; x_wconf 88' lang='grc' dir='ltr'><strong>δύο</strong></span> <span class='ocrx_word' id='word_1_233' title='bbox 898 2903 1210 2971; x_wconf 85' lang='grc' dir='ltr'>καθολικὰς,</span> <span class='ocrx_word' id='word_1_234' title='bbox 1258 2908 1353 2961; x_wconf 62' lang='grc' dir='ltr'><strong>κα)⁸</strong></span> <span class='ocrx_word' id='word_1_235' title='bbox 1388 2910 1468 2971; x_wconf 82' lang='grc' dir='ltr'>εὶς</span> <span class='ocrx_word' id='word_1_236' title='bbox 1512 2906 1603 2961; x_wconf 83' lang='grc' dir='ltr'><strong>τὸν</strong></span> <span class='ocrx_word' id='word_1_237' title='bbox 1637 2907 1679 2960; x_wconf 88' lang='grc' dir='ltr'>λ’</span> <span class='ocrx_word' id='word_1_238' title='bbox 1709 2907 1809 2972; x_wconf 84' lang='grc' dir='ltr'>τὰς</span> <span class='ocrx_word' id='word_1_239' title='bbox 1849 2908 1977 2973; x_wconf 83' lang='grc' dir='ltr'>ὅλας</span> 
     </span>
    </p>
   </div>
   <div class='ocr_carea' id='block_1_32' title="bbox 406 2990 721 3063">
    <p class='ocr_par' dir='ltr' id='par_1_32' title="bbox 406 2990 721 3063">
     <span class='ocr_line' id='line_1_32' title="bbox 406 2990 721 3063; baseline 0.016 -21"><span class='ocrx_word' id='word_1_240' title='bbox 406 2990 721 3063; x_wconf 78' lang='grc' dir='ltr'>μερίζομεν.</span> 
     </span>
    </p>
   </div>
   <div class='ocr_carea' id='block_1_33' title="bbox 469 3082 1976 3165">
    <p class='ocr_par' dir='ltr' id='par_1_33' title="bbox 469 3082 1976 3165">
     <span class='ocr_line' id='line_1_33' title="bbox 469 3082 1976 3165; baseline 0.007 -29"><span class='ocrx_word' id='word_1_241' title='bbox 469 3082 531 3136; x_wconf 82' lang='grc' dir='ltr'>δ’.</span> <span class='ocrx_word' id='word_1_242' title='bbox 566 3084 792 3150; x_wconf 82' lang='grc' dir='ltr'>Ἀλλως.</span> <span class='ocrx_word' id='word_1_243' title='bbox 840 3086 1170 3158; x_wconf 84' lang='grc' dir='ltr'>Κρατοῦμεν</span> <span class='ocrx_word' id='word_1_244' title='bbox 1198 3088 1298 3152; x_wconf 85' lang='grc' dir='ltr'>τὰς</span> <span class='ocrx_word' id='word_1_245' title='bbox 1328 3088 1574 3154; x_wconf 80' lang='grc' dir='ltr'>ὲπακτὰς</span> <span class='ocrx_word' id='word_1_246' title='bbox 1602 3090 1701 3163; x_wconf 82' lang='grc' dir='ltr'>τῆς</span> <span class='ocrx_word' id='word_1_247' title='bbox 1746 3090 1976 3165; x_wconf 84' lang='grc' dir='ltr'>σελήνης</span> 
     </span>
    </p>
   </div>
   <div class='ocr_carea' id='block_1_34' title="bbox 2077 628 3647 704">
    <p class='ocr_par' dir='ltr' id='par_1_34' title="bbox 2077 628 3647 704">
     <span class='ocr_line' id='line_1_34' title="bbox 2077 628 3647 704; baseline 0.004 -21"><span class='ocrx_word' id='word_1_248' title='bbox 2077 628 2362 684; x_wconf 90' lang='lat' dir='ltr'><strong>dimidium</strong></span> <span class='ocrx_word' id='word_1_249' title='bbox 2412 629 2682 686; x_wconf 76' lang='lat' dir='ltr'><strong>mensium</strong></span> <span class='ocrx_word' id='word_1_250' title='bbox 2729 646 3040 697; x_wconf 84' lang='lat' dir='ltr'><strong>numerum,</strong></span> <span class='ocrx_word' id='word_1_251' title='bbox 3083 631 3231 703; x_wconf 92' lang='lat' dir='ltr'><strong>quia</strong></span> <span class='ocrx_word' id='word_1_252' title='bbox 3265 630 3442 688; x_wconf 86' lang='lat' dir='ltr'><strong>Thotb</strong></span> <span class='ocrx_word' id='word_1_253' title='bbox 3473 631 3647 704; x_wconf 81' lang='lat' dir='ltr'><strong>elapsi</strong></span> 
     </span>
    </p>
   </div>
   <div class='ocr_carea' id='block_1_35' title="bbox 2076 721 3648 795">
    <p class='ocr_par' dir='ltr' id='par_1_35' title="bbox 2076 721 3648 795">
     <span class='ocr_line' id='line_1_35' title="bbox 2076 721 3648 795; baseline 0.001 -19"><span class='ocrx_word' id='word_1_254' title='bbox 2076 728 2226 788; x_wconf 89' lang='lat' dir='ltr'><strong>sunt,</strong></span> <span class='ocrx_word' id='word_1_255' title='bbox 2258 735 2384 775; x_wconf 89' lang='lat' dir='ltr'><strong>cum</strong></span> <span class='ocrx_word' id='word_1_256' title='bbox 2411 736 2520 776; x_wconf 89' lang='lat' dir='ltr'><strong>uno</strong></span> <span class='ocrx_word' id='word_1_257' title='bbox 2549 721 2809 793; x_wconf 75' lang='lat' dir='ltr'><strong>regulari.</strong></span> <span class='ocrx_word' id='word_1_258' title='bbox 2858 721 2918 777; x_wconf 90' lang='lat' dir='ltr'><strong>Si</strong></span> <span class='ocrx_word' id='word_1_259' title='bbox 2960 737 3173 780; x_wconf 86' lang='lat' dir='ltr'><strong>summa</strong></span> <span class='ocrx_word' id='word_1_260' title='bbox 3216 723 3435 795; x_wconf 74' lang='lat' dir='ltr'><strong>triginta</strong></span> <span class='ocrx_word' id='word_1_261' title='bbox 3476 723 3648 778; x_wconf 85' lang='lat' dir='ltr'><strong>conﬁ-</strong></span> 
     </span>
    </p>
   </div>
   <div class='ocr_carea' id='block_1_36' title="bbox 2075 814 3649 887">
    <p class='ocr_par' dir='ltr' id='par_1_36' title="bbox 2075 814 3649 887">
     <span class='ocr_line' id='line_1_36' title="bbox 2075 814 3649 887; baseline 0.002 -17"><span class='ocrx_word' id='word_1_262' title='bbox 2075 814 2204 879; x_wconf 90' lang='lat' dir='ltr'><strong>ciat,</strong></span> <span class='ocrx_word' id='word_1_263' title='bbox 2234 822 2327 870; x_wconf 88' lang='lat' dir='ltr'><strong>aut</strong></span> <span class='ocrx_word' id='word_1_264' title='bbox 2349 814 2532 871; x_wconf 88' lang='lat' dir='ltr'><strong>minus</strong></span> <span class='ocrx_word' id='word_1_265' title='bbox 2563 815 2811 887; x_wconf 75' lang='lat' dir='ltr'><strong>triginta,</strong></span> <span class='ocrx_word' id='word_1_266' title='bbox 2838 814 3064 872; x_wconf 84' lang='lat' dir='ltr'><strong>totidem</strong></span> <span class='ocrx_word' id='word_1_267' title='bbox 3094 814 3213 870; x_wconf 90' lang='lat' dir='ltr'><strong>dies</strong></span> <span class='ocrx_word' id='word_1_268' title='bbox 3234 815 3418 870; x_wconf 91' lang='lat' dir='ltr'><strong>lunam</strong></span> <span class='ocrx_word' id='word_1_269' title='bbox 3442 815 3649 873; x_wconf 87' lang='lat' dir='ltr'><strong>habere</strong></span> 
     </span>
    </p>
   </div>
   <div class='ocr_carea' id='block_1_37' title="bbox 2072 905 3649 979">
    <p class='ocr_par' dir='ltr' id='par_1_37' title="bbox 2072 905 3649 979">
     <span class='ocr_line' id='line_1_37' title="bbox 2072 905 3649 979; baseline 0.001 -17"><span class='ocrx_word' id='word_1_270' title='bbox 2072 907 2475 979; x_wconf 83' lang='lat' dir='ltr'><strong>cognoscimus.</strong></span> <span class='ocrx_word' id='word_1_271' title='bbox 2497 906 2594 962; x_wconf 89' lang='lat' dir='ltr'><strong>Sin</strong></span> <span class='ocrx_word' id='word_1_272' title='bbox 2626 907 2864 963; x_wconf 88' lang='lat' dir='ltr'><strong>tricenos</strong></span> <span class='ocrx_word' id='word_1_273' title='bbox 2896 906 3277 971; x_wconf 85' lang='lat' dir='ltr'><strong>diesexcedat,</strong></span> <span class='ocrx_word' id='word_1_274' title='bbox 3294 905 3530 977; x_wconf 90' lang='lat' dir='ltr'><strong>demptis</strong></span> <span class='ocrx_word' id='word_1_275' title='bbox 3552 909 3649 964; x_wconf 89' lang='lat' dir='ltr'><strong>tri-</strong></span> 
     </span>
    </p>
   </div>
   <div class='ocr_carea' id='block_1_38' title="bbox 2072 997 3645 1069">
    <p class='ocr_par' dir='ltr' id='par_1_38' title="bbox 2072 997 3645 1069">
     <span class='ocr_line' id='line_1_38' title="bbox 2072 997 3645 1069; baseline 0.004 -17"><span class='ocrx_word' id='word_1_276' title='bbox 2072 997 2221 1067; x_wconf 85' lang='lat' dir='ltr'><strong>ginta</strong></span> <span class='ocrx_word' id='word_1_277' title='bbox 2238 1004 2373 1069; x_wconf 87' lang='lat' dir='ltr'><strong>quot</strong></span> <span class='ocrx_word' id='word_1_278' title='bbox 2391 1007 2740 1069; x_wconf 83' lang='lat' dir='ltr'><strong>supererunt,</strong></span> <span class='ocrx_word' id='word_1_279' title='bbox 2757 998 2987 1054; x_wconf 83' lang='lat' dir='ltr'><strong>totidem</strong></span> <span class='ocrx_word' id='word_1_280' title='bbox 2999 1000 3147 1055; x_wconf 64' lang='lat' dir='ltr'><strong>aetati</strong></span> <span class='ocrx_word' id='word_1_281' title='bbox 3163 1000 3308 1058; x_wconf 61' lang='lat' dir='ltr'><strong>lunae</strong></span> <span class='ocrx_word' id='word_1_282' title='bbox 3318 1003 3645 1059; x_wconf 86' lang='lat' dir='ltr'><strong>tribuemus.</strong></span> 
     </span>
    </p>
   </div>
   <div class='ocr_carea' id='block_1_39' title="bbox 2130 1089 3649 1164">
    <p class='ocr_par' dir='ltr' id='par_1_39' title="bbox 2130 1089 3649 1164">
     <span class='ocr_line' id='line_1_39' title="bbox 2130 1089 3649 1164; baseline 0.004 -22"><span class='ocrx_word' id='word_1_283' title='bbox 2130 1089 2250 1143; x_wconf 86' lang='lat' dir='ltr'><strong>Alia</strong></span> <span class='ocrx_word' id='word_1_284' title='bbox 2282 1089 2442 1145; x_wconf 87' lang='lat' dir='ltr'><strong>ratio.</strong></span> <span class='ocrx_word' id='word_1_285' title='bbox 2491 1091 2679 1146; x_wconf 82' lang='lat' dir='ltr'><strong>Annos</strong></span> <span class='ocrx_word' id='word_1_286' title='bbox 2709 1105 2742 1145; x_wconf 91' lang='lat' dir='ltr'><strong>a</strong></span> <span class='ocrx_word' id='word_1_287' title='bbox 2773 1089 3113 1147; x_wconf 87' lang='lat' dir='ltr'><strong>Diocletiano</strong></span> <span class='ocrx_word' id='word_1_288' title='bbox 3140 1106 3253 1147; x_wconf 91' lang='lat' dir='ltr'><strong>uno</strong></span> <span class='ocrx_word' id='word_1_289' title='bbox 3280 1092 3468 1148; x_wconf 90' lang='lat' dir='ltr'><strong>minus</strong></span> <span class='ocrx_word' id='word_1_290' title='bbox 3494 1094 3649 1164; x_wconf 90' lang='lat' dir='ltr'><strong>capi-</strong></span> 
     </span>
    </p>
   </div>
   <div class='ocr_carea' id='block_1_40' title="bbox 2074 1182 3648 1252">
    <p class='ocr_par' dir='ltr' id='par_1_40' title="bbox 2074 1182 3648 1252">
     <span class='ocr_line' id='line_1_40' title="bbox 2074 1182 3648 1252; baseline 0.002 -16"><span class='ocrx_word' id='word_1_291' title='bbox 2074 1196 2197 1238; x_wconf 90' lang='lat' dir='ltr'><strong>mus</strong></span> <span class='ocrx_word' id='word_1_292' title='bbox 2227 1195 2430 1251; x_wconf 90' lang='lat' dir='ltr'><strong>eosque</strong></span> <span class='ocrx_word' id='word_1_293' title='bbox 2458 1182 2728 1252; x_wconf 84' lang='lat' dir='ltr'><strong>partimur</strong></span> <span class='ocrx_word' id='word_1_294' title='bbox 2779 1182 2836 1237; x_wconf 92' lang='lat' dir='ltr'><strong>in</strong></span> <span class='ocrx_word' id='word_1_295' title='bbox 2862 1197 2985 1251; x_wconf 76' lang='lat' dir='ltr'><strong>xix;</strong></span> <span class='ocrx_word' id='word_1_296' title='bbox 3034 1182 3082 1237; x_wconf 90' lang='lat' dir='ltr'><strong>si</strong></span> <span class='ocrx_word' id='word_1_297' title='bbox 3136 1182 3420 1240; x_wconf 88' lang='lat' dir='ltr'><strong>residuum</strong></span> <span class='ocrx_word' id='word_1_298' title='bbox 3466 1197 3648 1239; x_wconf 87' lang='lat' dir='ltr'><strong>annus</strong></span> 
     </span>
    </p>
   </div>
   <div class='ocr_carea' id='block_1_41' title="bbox 2075 1272 3643 1344">
    <p class='ocr_par' dir='ltr' id='par_1_41' title="bbox 2075 1272 3643 1344">
     <span class='ocr_line' id='line_1_41' title="bbox 2075 1272 3643 1344; baseline 0.001 -18"><span class='ocrx_word' id='word_1_299' title='bbox 2075 1272 2271 1328; x_wconf 90' lang='lat' dir='ltr'><strong>unicus</strong></span> <span class='ocrx_word' id='word_1_300' title='bbox 2309 1273 2403 1338; x_wconf 87' lang='lat' dir='ltr'><strong>sit,</strong></span> <span class='ocrx_word' id='word_1_301' title='bbox 2438 1274 2506 1328; x_wconf 89' lang='lat' dir='ltr'><strong>ad</strong></span> <span class='ocrx_word' id='word_1_302' title='bbox 2554 1288 2679 1330; x_wconf 93' lang='lat' dir='ltr'><strong>eum</strong></span> <span class='ocrx_word' id='word_1_303' title='bbox 2722 1272 3012 1344; x_wconf 85' lang='lat' dir='ltr'><strong>adjicimus</strong></span> <span class='ocrx_word' id='word_1_304' title='bbox 3042 1290 3117 1342; x_wconf 90' lang='lat' dir='ltr'><strong>x;</strong></span> <span class='ocrx_word' id='word_1_305' title='bbox 3154 1273 3202 1329; x_wconf 87' lang='lat' dir='ltr'><strong>si</strong></span> <span class='ocrx_word' id='word_1_306' title='bbox 3249 1274 3360 1330; x_wconf 93' lang='lat' dir='ltr'><strong>duo</strong></span> <span class='ocrx_word' id='word_1_307' title='bbox 3413 1282 3643 1338; x_wconf 88' lang='lat' dir='ltr'><strong>restent,</strong></span> 
     </span>
    </p>
   </div>
   <div class='ocr_carea' id='block_1_42' title="bbox 2078 1364 3646 1432">
    <p class='ocr_par' dir='ltr' id='par_1_42' title="bbox 2078 1364 3646 1432">
     <span class='ocr_line' id='line_1_42' title="bbox 2078 1364 3646 1432; baseline -0.001 -13"><span class='ocrx_word' id='word_1_308' title='bbox 2078 1380 2182 1432; x_wconf 86' lang='lat' dir='ltr'><strong>xx;</strong></span> <span class='ocrx_word' id='word_1_309' title='bbox 2222 1365 2268 1420; x_wconf 92' lang='lat' dir='ltr'><strong>si</strong></span> <span class='ocrx_word' id='word_1_310' title='bbox 2298 1371 2443 1429; x_wconf 90' lang='lat' dir='ltr'><strong>tres,</strong></span> <span class='ocrx_word' id='word_1_311' title='bbox 2472 1364 2629 1420; x_wconf 88' lang='lat' dir='ltr'><strong>nihil.</strong></span> <span class='ocrx_word' id='word_1_312' title='bbox 2662 1366 2801 1421; x_wconf 86' lang='lat' dir='ltr'><strong>Cum</strong></span> <span class='ocrx_word' id='word_1_313' title='bbox 2829 1381 3045 1431; x_wconf 84' lang='lat' dir='ltr'><strong>novem,</strong></span> <span class='ocrx_word' id='word_1_314' title='bbox 3091 1372 3188 1420; x_wconf 88' lang='lat' dir='ltr'><strong>aut</strong></span> <span class='ocrx_word' id='word_1_315' title='bbox 3210 1364 3520 1430; x_wconf 88' lang='lat' dir='ltr'><strong>duodecim,</strong></span> <span class='ocrx_word' id='word_1_316' title='bbox 3550 1372 3646 1419; x_wconf 91' lang='lat' dir='ltr'><strong>aut</strong></span> 
     </span>
    </p>
   </div>
   <div class='ocr_carea' id='block_1_43' title="bbox 2073 1456 3647 1529">
    <p class='ocr_par' dir='ltr' id='par_1_43' title="bbox 2073 1456 3647 1529">
     <span class='ocr_line' id='line_1_43' title="bbox 2073 1456 3647 1529; baseline -0.002 -17"><span class='ocrx_word' id='word_1_317' title='bbox 2073 1459 2299 1513; x_wconf 91' lang='lat' dir='ltr'><strong>omnino</strong></span> <span class='ocrx_word' id='word_1_318' title='bbox 2336 1459 2565 1529; x_wconf 87' lang='lat' dir='ltr'><strong>quilibet</strong></span> <span class='ocrx_word' id='word_1_319' title='bbox 2597 1457 2795 1515; x_wconf 87' lang='lat' dir='ltr'><strong>tertius</strong></span> <span class='ocrx_word' id='word_1_320' title='bbox 2837 1472 3018 1514; x_wconf 86' lang='lat' dir='ltr'><strong>annus</strong></span> <span class='ocrx_word' id='word_1_321' title='bbox 3038 1457 3283 1514; x_wconf 84' lang='lat' dir='ltr'><strong>exstitit:</strong></span> <span class='ocrx_word' id='word_1_322' title='bbox 3315 1456 3542 1529; x_wconf 87' lang='lat' dir='ltr'><strong>perinde</strong></span> <span class='ocrx_word' id='word_1_323' title='bbox 3558 1458 3647 1510; x_wconf 94' lang='lat' dir='ltr'><strong>ni-</strong></span> 
     </span>
    </p>
   </div>
   <div class='ocr_carea' id='block_1_44' title="bbox 2074 1548 3646 1622">
    <p class='ocr_par' dir='ltr' id='par_1_44' title="bbox 2074 1548 3646 1622">
     <span class='ocr_line' id='line_1_44' title="bbox 2074 1548 3646 1622; baseline -0.001 -19"><span class='ocrx_word' id='word_1_324' title='bbox 2074 1550 2152 1605; x_wconf 81' lang='lat' dir='ltr'><strong>hil</strong></span> <span class='ocrx_word' id='word_1_325' title='bbox 2180 1550 2419 1606; x_wconf 87' lang='lat' dir='ltr'><strong>additur.</strong></span> <span class='ocrx_word' id='word_1_326' title='bbox 2470 1550 2539 1606; x_wconf 86' lang='lat' dir='ltr'><strong>At</strong></span> <span class='ocrx_word' id='word_1_327' title='bbox 2582 1565 2683 1622; x_wconf 88' lang='lat' dir='ltr'><strong>pro</strong></span> <span class='ocrx_word' id='word_1_328' title='bbox 2736 1558 2976 1621; x_wconf 83' lang='lat' dir='ltr'><strong>quatuor</strong></span> <span class='ocrx_word' id='word_1_329' title='bbox 3020 1550 3181 1607; x_wconf 82' lang='lat' dir='ltr'><strong>annis</strong></span> <span class='ocrx_word' id='word_1_330' title='bbox 3214 1566 3287 1605; x_wconf 88' lang='lat' dir='ltr'><strong>x:</strong></span> <span class='ocrx_word' id='word_1_331' title='bbox 3345 1548 3509 1621; x_wconf 73' lang='lat'><strong>189</strong></span> <span class='ocrx_word' id='word_1_332' title='bbox 3546 1563 3646 1619; x_wconf 92' lang='lat' dir='ltr'><strong>pro</strong></span> 
     </span>
    </p>
   </div>
   <div class='ocr_carea' id='block_1_45' title="bbox 2073 1642 3646 1715">
    <p class='ocr_par' dir='ltr' id='par_1_45' title="bbox 2073 1642 3646 1715">
     <span class='ocr_line' id='line_1_45' title="bbox 2073 1642 3646 1715; baseline -0.003 -16"><span class='ocrx_word' id='word_1_333' title='bbox 2073 1644 2317 1715; x_wconf 87' lang='lat' dir='ltr'><strong>quinque</strong></span> <span class='ocrx_word' id='word_1_334' title='bbox 2345 1643 2580 1700; x_wconf 83' lang='lat' dir='ltr'><strong>addendi</strong></span> <span class='ocrx_word' id='word_1_335' title='bbox 2620 1652 2752 1700; x_wconf 87' lang='lat' dir='ltr'><strong>sunt</strong></span> <span class='ocrx_word' id='word_1_336' title='bbox 2777 1643 3081 1714; x_wconf 79' lang='lat' dir='ltr'><strong>xx..Atque</strong></span> <span class='ocrx_word' id='word_1_337' title='bbox 3124 1643 3200 1698; x_wconf 90' lang='lat' dir='ltr'><strong>ita</strong></span> <span class='ocrx_word' id='word_1_338' title='bbox 3242 1642 3506 1713; x_wconf 88' lang='lat' dir='ltr'><strong>deinceps</strong></span> <span class='ocrx_word' id='word_1_339' title='bbox 3546 1656 3646 1713; x_wconf 91' lang='lat' dir='ltr'><strong>pro</strong></span> 
     </span>
    </p>
   </div>
   <div class='ocr_carea' id='block_1_46' title="bbox 2074 1736 3647 1807">
    <p class='ocr_par' dir='ltr' id='par_1_46' title="bbox 2074 1736 3647 1807">
     <span class='ocr_line' id='line_1_46' title="bbox 2074 1736 3647 1807; baseline -0.003 -15"><span class='ocrx_word' id='word_1_340' title='bbox 2074 1753 2149 1792; x_wconf 83' lang='lat' dir='ltr'><strong>vn</strong></span> <span class='ocrx_word' id='word_1_341' title='bbox 2178 1754 2241 1793; x_wconf 90' lang='lat' dir='ltr'><strong>ac</strong></span> <span class='ocrx_word' id='word_1_342' title='bbox 2280 1755 2334 1802; x_wconf 85' lang='lat' dir='ltr'><strong>x,</strong></span> <span class='ocrx_word' id='word_1_343' title='bbox 2379 1738 2497 1793; x_wconf 89' lang='lat' dir='ltr'><strong>dies</strong></span> <span class='ocrx_word' id='word_1_344' title='bbox 2541 1753 2567 1791; x_wconf 71' lang='grc' dir='ltr'><strong>κ</strong></span> <span class='ocrx_word' id='word_1_345' title='bbox 2608 1737 2984 1807; x_wconf 83' lang='lat' dir='ltr'><strong>adjiciuntur;</strong></span> <span class='ocrx_word' id='word_1_346' title='bbox 3051 1736 3131 1791; x_wconf 88' lang='lat' dir='ltr'><strong>uti</strong></span> <span class='ocrx_word' id='word_1_347' title='bbox 3188 1742 3245 1791; x_wconf 90' lang='lat' dir='ltr'><strong>et</strong></span> <span class='ocrx_word' id='word_1_348' title='bbox 3289 1749 3389 1806; x_wconf 91' lang='lat' dir='ltr'><strong>pro</strong></span> <span class='ocrx_word' id='word_1_349' title='bbox 3422 1747 3519 1789; x_wconf 83' lang='lat' dir='ltr'><strong>xm</strong></span> <span class='ocrx_word' id='word_1_350' title='bbox 3582 1749 3647 1788; x_wconf 86' lang='lat' dir='ltr'><strong>ac</strong></span> 
     </span>
    </p>
   </div>
   <div class='ocr_carea' id='block_1_47' title="bbox 2076 1827 3643 1901">
    <p class='ocr_par' dir='ltr' id='par_1_47' title="bbox 2076 1827 3643 1901">
     <span class='ocr_line' id='line_1_47' title="bbox 2076 1827 3643 1901; baseline -0.003 -18"><span class='ocrx_word' id='word_1_351' title='bbox 2076 1829 2326 1901; x_wconf 76' lang='lat' dir='ltr'><strong>reliquis,</strong></span> <span class='ocrx_word' id='word_1_352' title='bbox 2355 1830 2447 1900; x_wconf 90' lang='lat' dir='ltr'><strong>qui</strong></span> <span class='ocrx_word' id='word_1_353' title='bbox 2474 1844 2643 1900; x_wconf 84' lang='lat' dir='ltr'><strong>supra</strong></span> <span class='ocrx_word' id='word_1_354' title='bbox 2674 1828 2974 1884; x_wconf 88' lang='lat' dir='ltr'><strong>triennium</strong></span> <span class='ocrx_word' id='word_1_355' title='bbox 3019 1827 3298 1900; x_wconf 86' lang='lat' dir='ltr'><strong>quodlibet</strong></span> <span class='ocrx_word' id='word_1_356' title='bbox 3324 1835 3643 1884; x_wconf 89' lang='lat' dir='ltr'><strong>excurrunt.</strong></span> 
     </span>
    </p>
   </div>
   <div class='ocr_carea' id='block_1_48' title="bbox 2077 1920 3646 1996">
    <p class='ocr_par' dir='ltr' id='par_1_48' title="bbox 2077 1920 3646 1996">
     <span class='ocr_line' id='line_1_48' title="bbox 2077 1920 3646 1996; baseline 0 -18"><span class='ocrx_word' id='word_1_357' title='bbox 2077 1924 2346 1981; x_wconf 81' lang='lat' dir='ltr'><strong>Residuos</strong></span> <span class='ocrx_word' id='word_1_358' title='bbox 2387 1924 2554 1996; x_wconf 88' lang='lat' dir='ltr'><strong>igitur</strong></span> <span class='ocrx_word' id='word_1_359' title='bbox 2583 1939 2779 1990; x_wconf 90' lang='lat' dir='ltr'><strong>annos,</strong></span> <span class='ocrx_word' id='word_1_360' title='bbox 2832 1938 2898 1980; x_wconf 90' lang='lat' dir='ltr'><strong>ac</strong></span> <span class='ocrx_word' id='word_1_361' title='bbox 2927 1923 3172 1995; x_wconf 87' lang='lat' dir='ltr'><strong>singulos</strong></span> <span class='ocrx_word' id='word_1_362' title='bbox 3218 1937 3318 1994; x_wconf 92' lang='lat' dir='ltr'><strong>pro</strong></span> <span class='ocrx_word' id='word_1_363' title='bbox 3363 1920 3475 1979; x_wconf 90' lang='lat' dir='ltr'><strong>illis</strong></span> <span class='ocrx_word' id='word_1_364' title='bbox 3527 1921 3646 1978; x_wconf 88' lang='lat' dir='ltr'><strong>dies</strong></span> 
     </span>
    </p>
   </div>
   <div class='ocr_carea' id='block_1_49' title="bbox 2072 2011 3646 2088">
    <p class='ocr_par' dir='ltr' id='par_1_49' title="bbox 2072 2011 3646 2088">
     <span class='ocr_line' id='line_1_49' title="bbox 2072 2011 3646 2088; baseline -0.003 -16"><span class='ocrx_word' id='word_1_365' title='bbox 2072 2017 2177 2073; x_wconf 91' lang='lat' dir='ltr'><strong>hoc</strong></span> <span class='ocrx_word' id='word_1_366' title='bbox 2201 2017 2364 2072; x_wconf 91' lang='lat' dir='ltr'><strong>modo</strong></span> <span class='ocrx_word' id='word_1_367' title='bbox 2395 2018 2664 2073; x_wconf 88' lang='lat' dir='ltr'><strong>sumimus</strong></span> <span class='ocrx_word' id='word_1_368' title='bbox 2677 2032 2800 2072; x_wconf 90' lang='lat' dir='ltr'><strong>cum</strong></span> <span class='ocrx_word' id='word_1_369' title='bbox 2831 2016 3113 2088; x_wconf 88' lang='lat' dir='ltr'><strong>proposito</strong></span> <span class='ocrx_word' id='word_1_370' title='bbox 3137 2014 3226 2072; x_wconf 91' lang='lat' dir='ltr'><strong>die</strong></span> <span class='ocrx_word' id='word_1_371' title='bbox 3246 2015 3453 2072; x_wconf 88' lang='lat' dir='ltr'><strong>mensis</strong></span> <span class='ocrx_word' id='word_1_372' title='bbox 3475 2011 3646 2087; x_wconf 68' lang='lat' dir='ltr'><strong>Egy-</strong></span> 
     </span>
    </p>
   </div>
   <div class='ocr_carea' id='block_1_50' title="bbox 2073 2106 3643 2179">
    <p class='ocr_par' dir='ltr' id='par_1_50' title="bbox 2073 2106 3643 2179">
     <span class='ocr_line' id='line_1_50' title="bbox 2073 2106 3643 2179; baseline 0.001 -18"><span class='ocrx_word' id='word_1_373' title='bbox 2073 2108 2238 2179; x_wconf 88' lang='lat' dir='ltr'><strong>ptiaci</strong></span> <span class='ocrx_word' id='word_1_374' title='bbox 2265 2147 2280 2171; x_wconf 89' lang='lat'><strong>,</strong></span> <span class='ocrx_word' id='word_1_375' title='bbox 2312 2108 2513 2178; x_wconf 89' lang='lat' dir='ltr'><strong>quibus</strong></span> <span class='ocrx_word' id='word_1_376' title='bbox 2540 2106 2824 2164; x_wconf 89' lang='lat' dir='ltr'><strong>dimidium</strong></span> <span class='ocrx_word' id='word_1_377' title='bbox 2867 2107 3080 2164; x_wconf 88' lang='lat' dir='ltr'><strong>accedit</strong></span> <span class='ocrx_word' id='word_1_378' title='bbox 3106 2106 3321 2164; x_wconf 89' lang='lat' dir='ltr'><strong>numeri</strong></span> <span class='ocrx_word' id='word_1_379' title='bbox 3348 2107 3643 2174; x_wconf 87' lang='lat' dir='ltr'><strong>mensium,</strong></span> 
     </span>
    </p>
   </div>
   <div class='ocr_carea' id='block_1_51' title="bbox 2073 2197 3645 2272">
    <p class='ocr_par' dir='ltr' id='par_1_51' title="bbox 2073 2197 3645 2272">
     <span class='ocr_line' id='line_1_51' title="bbox 2073 2197 3645 2272; baseline 0 -18"><span class='ocrx_word' id='word_1_380' title='bbox 2073 2199 2168 2270; x_wconf 91' lang='lat' dir='ltr'><strong>qui</strong></span> <span class='ocrx_word' id='word_1_381' title='bbox 2199 2214 2229 2253; x_wconf 90' lang='lat' dir='ltr'><strong>a</strong></span> <span class='ocrx_word' id='word_1_382' title='bbox 2255 2197 2433 2253; x_wconf 88' lang='lat' dir='ltr'><strong>Thoth</strong></span> <span class='ocrx_word' id='word_1_383' title='bbox 2464 2198 2638 2270; x_wconf 86' lang='lat' dir='ltr'><strong>elapsi</strong></span> <span class='ocrx_word' id='word_1_384' title='bbox 2680 2206 2832 2265; x_wconf 91' lang='lat' dir='ltr'><strong>sunt,</strong></span> <span class='ocrx_word' id='word_1_385' title='bbox 2861 2215 2986 2255; x_wconf 93' lang='lat' dir='ltr'><strong>cum</strong></span> <span class='ocrx_word' id='word_1_386' title='bbox 3025 2214 3136 2256; x_wconf 89' lang='lat' dir='ltr'><strong>uno</strong></span> <span class='ocrx_word' id='word_1_387' title='bbox 3175 2199 3419 2272; x_wconf 82' lang='lat' dir='ltr'><strong>regulari</strong></span> <span class='ocrx_word' id='word_1_388' title='bbox 3445 2217 3460 2255; x_wconf 89' lang='lat'><strong>:</strong></span> <span class='ocrx_word' id='word_1_389' title='bbox 3493 2214 3645 2258; x_wconf 84' lang='lat' dir='ltr'><strong>sum-</strong></span> 
     </span>
    </p>
   </div>
   <div class='ocr_carea' id='block_1_52' title="bbox 2074 2290 2824 2361">
    <p class='ocr_par' dir='ltr' id='par_1_52' title="bbox 2074 2290 2824 2361">
     <span class='ocr_line' id='line_1_52' title="bbox 2074 2290 2824 2361; baseline 0.001 -15"><span class='ocrx_word' id='word_1_390' title='bbox 2074 2306 2217 2347; x_wconf 84' lang='lat' dir='ltr'><strong>mam</strong></span> <span class='ocrx_word' id='word_1_391' title='bbox 2250 2306 2347 2361; x_wconf 87' lang='lat' dir='ltr'><strong>per</strong></span> <span class='ocrx_word' id='word_1_392' title='bbox 2373 2307 2482 2346; x_wconf 87' lang='lat' dir='ltr'><strong>xxx</strong></span> <span class='ocrx_word' id='word_1_393' title='bbox 2508 2290 2824 2349; x_wconf 77' lang='lat' dir='ltr'><strong>dividimus.</strong></span> 
     </span>
    </p>
   </div>
   <div class='ocr_carea' id='block_1_53' title="bbox 2146 2539 3645 2617">
    <p class='ocr_par' dir='ltr' id='par_1_53' title="bbox 2146 2539 3645 2617">
     <span class='ocr_line' id='line_1_53' title="bbox 2146 2539 3645 2617; baseline -0.004 -16"><span class='ocrx_word' id='word_1_394' title='bbox 2146 2546 2340 2601; x_wconf 82' lang='lat' dir='ltr'><strong>Aliter.</strong></span> <span class='ocrx_word' id='word_1_395' title='bbox 2372 2544 2705 2616; x_wconf 15' lang='lat' dir='ltr'><strong>Accipimus,</strong></span> <span class='ocrx_word' id='word_1_396' title='bbox 2727 2551 2950 2617; x_wconf 87' lang='lat' dir='ltr'><strong>epactas</strong></span> <span class='ocrx_word' id='word_1_397' title='bbox 2986 2544 3151 2611; x_wconf 73' lang='lat' dir='ltr'><strong>lunae,</strong></span> <span class='ocrx_word' id='word_1_398' title='bbox 3184 2550 3238 2600; x_wconf 91' lang='lat' dir='ltr'><strong>et</strong></span> <span class='ocrx_word' id='word_1_399' title='bbox 3270 2556 3372 2614; x_wconf 91' lang='lat' dir='ltr'><strong>pro</strong></span> <span class='ocrx_word' id='word_1_400' title='bbox 3399 2539 3645 2614; x_wconf 91' lang='lat' dir='ltr'><strong>quolibet</strong></span> 
     </span>
    </p>
   </div>
   <div class='ocr_carea' id='block_1_54' title="bbox 2074 2634 3648 2708">
    <p class='ocr_par' dir='ltr' id='par_1_54' title="bbox 2074 2634 3648 2708">
     <span class='ocr_line' id='line_1_54' title="bbox 2074 2634 3648 2708; baseline -0.004 -14"><span class='ocrx_word' id='word_1_401' title='bbox 2074 2637 2448 2694; x_wconf 84' lang='lat' dir='ltr'><strong>Romanorum</strong></span> <span class='ocrx_word' id='word_1_402' title='bbox 2484 2653 2693 2703; x_wconf 81' lang='lat' dir='ltr'><strong>mense,</strong></span> <span class='ocrx_word' id='word_1_403' title='bbox 2741 2637 2901 2693; x_wconf 91' lang='lat' dir='ltr'><strong>initio</strong></span> <span class='ocrx_word' id='word_1_404' title='bbox 2934 2637 3004 2693; x_wconf 88' lang='lat' dir='ltr'><strong>ab</strong></span> <span class='ocrx_word' id='word_1_405' title='bbox 3042 2635 3217 2708; x_wconf 83' lang='lat' dir='ltr'><strong>Aprili</strong></span> <span class='ocrx_word' id='word_1_406' title='bbox 3266 2634 3431 2699; x_wconf 81' lang='lat' dir='ltr'><strong>facto,</strong></span> <span class='ocrx_word' id='word_1_407' title='bbox 3472 2647 3648 2705; x_wconf 87' lang='lat' dir='ltr'><strong>usque</strong></span> 
     </span>
    </p>
   </div>
   <div class='ocr_carea' id='block_1_55' title="bbox 2075 2728 3649 2802">
    <p class='ocr_par' dir='ltr' id='par_1_55' title="bbox 2075 2728 3649 2802">
     <span class='ocr_line' id='line_1_55' title="bbox 2075 2728 3649 2802; baseline -0.003 -16"><span class='ocrx_word' id='word_1_408' title='bbox 2075 2731 2143 2787; x_wconf 90' lang='lat' dir='ltr'><strong>ad</strong></span> <span class='ocrx_word' id='word_1_409' title='bbox 2167 2733 2529 2802; x_wconf 81' lang='lat' dir='ltr'><strong>propositum,</strong></span> <span class='ocrx_word' id='word_1_410' title='bbox 2557 2731 2810 2800; x_wconf 83' lang='lat' dir='ltr'><strong>singulos</strong></span> <span class='ocrx_word' id='word_1_411' title='bbox 2844 2729 2962 2787; x_wconf 86' lang='lat' dir='ltr'><strong>dies</strong></span> <span class='ocrx_word' id='word_1_412' title='bbox 3009 2728 3344 2801; x_wconf 88' lang='lat' dir='ltr'><strong>colligimus,</strong></span> <span class='ocrx_word' id='word_1_413' title='bbox 3385 2741 3451 2783; x_wconf 91' lang='lat' dir='ltr'><strong>ac</strong></span> <span class='ocrx_word' id='word_1_414' title='bbox 3482 2741 3649 2798; x_wconf 83' lang='lat' dir='ltr'><strong>regu-</strong></span> 
     </span>
    </p>
   </div>
   <div class='ocr_carea' id='block_1_56' title="bbox 2073 2820 3293 2894">
    <p class='ocr_par' dir='ltr' id='par_1_56' title="bbox 2073 2820 3293 2894">
     <span class='ocr_line' id='line_1_56' title="bbox 2073 2820 3293 2894; baseline -0.002 -15"><span class='ocrx_word' id='word_1_415' title='bbox 2073 2822 2415 2880; x_wconf 67' lang='lat' dir='ltr'><strong>laresduos.</strong></span> <span class='ocrx_word' id='word_1_416' title='bbox 2442 2822 2723 2879; x_wconf 89' lang='lat' dir='ltr'><strong>Summam</strong></span> <span class='ocrx_word' id='word_1_417' title='bbox 2753 2837 2851 2894; x_wconf 88' lang='lat' dir='ltr'><strong>per</strong></span> <span class='ocrx_word' id='word_1_418' title='bbox 2876 2837 2983 2878; x_wconf 87' lang='lat' dir='ltr'><strong>xxx</strong></span> <span class='ocrx_word' id='word_1_419' title='bbox 3004 2820 3293 2892; x_wconf 86' lang='lat' dir='ltr'><strong>partimur.</strong></span> 
     </span>
    </p>
   </div>
   <div class='ocr_carea' id='block_1_57' title="bbox 2145 3077 3649 3153">
    <p class='ocr_par' dir='ltr' id='par_1_57' title="bbox 2145 3077 3649 3153">
     <span class='ocr_line' id='line_1_57' title="bbox 2145 3077 3649 3153; baseline 0 -19"><span class='ocrx_word' id='word_1_420' title='bbox 2145 3081 2339 3138; x_wconf 86' lang='lat' dir='ltr'><strong>Aliter.</strong></span> <span class='ocrx_word' id='word_1_421' title='bbox 2373 3081 2610 3153; x_wconf 82' lang='lat' dir='ltr'><strong>Epactas</strong></span> <span class='ocrx_word' id='word_1_422' title='bbox 2643 3082 2785 3138; x_wconf 73' lang='lat' dir='ltr'><strong>lunae</strong></span> <span class='ocrx_word' id='word_1_423' title='bbox 2827 3081 3042 3138; x_wconf 86' lang='lat' dir='ltr'><strong>unitate</strong></span> <span class='ocrx_word' id='word_1_424' title='bbox 3082 3081 3265 3136; x_wconf 90' lang='lat' dir='ltr'><strong>minus</strong></span> <span class='ocrx_word' id='word_1_425' title='bbox 3292 3093 3417 3135; x_wconf 84' lang='lat' dir='ltr'><strong>cum</strong></span> <span class='ocrx_word' id='word_1_426' title='bbox 3453 3077 3649 3134; x_wconf 85' lang='lat' dir='ltr'><strong>diebus</strong></span> 
     </span>
    </p>
   </div>
   <div class='ocr_carea' id='block_1_58' title="bbox 401 3167 1997 3286">
    <p class='ocr_par' dir='ltr' id='par_1_58' title="bbox 401 3174 1977 3286">
     <span class='ocr_line' id='line_1_58' title="bbox 401 3174 1977 3286; baseline 0.008 -59"><span class='ocrx_word' id='word_1_427' title='bbox 401 3175 548 3286; x_wconf 55' lang='grc' dir='ltr'>παρὰ</span> <span class='ocrx_word' id='word_1_428' title='bbox 560 3174 709 3247; x_wconf 84' lang='grc' dir='ltr'>μίαν,</span> <span class='ocrx_word' id='word_1_429' title='bbox 734 3178 827 3231; x_wconf 78' lang='grc' dir='ltr'><strong>καὶ</strong></span> <span class='ocrx_word' id='word_1_430' title='bbox 851 3179 951 3241; x_wconf 82' lang='grc' dir='ltr'>τὰς</span> <span class='ocrx_word' id='word_1_431' title='bbox 978 3178 1086 3232; x_wconf 78' lang='grc' dir='ltr'>ἀπὸ</span> <span class='ocrx_word' id='word_1_432' title='bbox 1118 3180 1443 3252; x_wconf 87' lang='grc' dir='ltr'>Ἰανουαρίου</span> <span class='ocrx_word' id='word_1_433' title='bbox 1465 3182 1677 3254; x_wconf 79' lang='grc' dir='ltr'>ἡμέρας</span> <span class='ocrx_word' id='word_1_434' title='bbox 1692 3182 1849 3257; x_wconf 83' lang='grc' dir='ltr'>μέχρι</span> <span class='ocrx_word' id='word_1_435' title='bbox 1875 3185 1977 3255; x_wconf 84' lang='grc' dir='ltr'>τῆς</span> 
     </span>
    </p>
   </div>
   <div class='ocr_carea' id='block_1_59' title="bbox 2075 3167 3649 3286">
    <p class='ocr_par' dir='ltr' id='par_1_59' title="bbox 2078 3167 3649 3243">
     <span class='ocr_line' id='line_1_59' title="bbox 2078 3167 3649 3243; baseline -0.003 -15"><span class='ocrx_word' id='word_1_436' title='bbox 2078 3188 2111 3228; x_wconf 91' lang='lat' dir='ltr'><strong>a</strong></span> <span class='ocrx_word' id='word_1_437' title='bbox 2140 3173 2403 3231; x_wconf 83' lang='lat' dir='ltr'><strong>Kalendis</strong></span> <span class='ocrx_word' id='word_1_438' title='bbox 2424 3172 2704 3231; x_wconf 75' lang='lat' dir='ltr'><strong>Ianuariis</strong></span> <span class='ocrx_word' id='word_1_439' title='bbox 2734 3173 2801 3229; x_wconf 89' lang='lat' dir='ltr'><strong>ad</strong></span> <span class='ocrx_word' id='word_1_440' title='bbox 2840 3172 2986 3230; x_wconf 91' lang='lat' dir='ltr'><strong>diem</strong></span> <span class='ocrx_word' id='word_1_441' title='bbox 3013 3172 3110 3243; x_wconf 92' lang='lat' dir='ltr'><strong>qui</strong></span> <span class='ocrx_word' id='word_1_442' title='bbox 3145 3170 3413 3243; x_wconf 64' lang='lat' dir='ltr'><strong>quaeritur</strong></span> <span class='ocrx_word' id='word_1_443' title='bbox 3441 3167 3649 3240; x_wconf 87' lang='lat' dir='ltr'><strong>elapsis</strong></span> 
     </span>
    </p>
   </div>
   <div class='ocr_carea' id='block_1_60' title="bbox 401 3263 1997 3340">
    <p class='ocr_par' dir='ltr' id='par_1_60' title="bbox 401 3264 1992 3340">
     <span class='ocr_line' id='line_1_60' title="bbox 401 3264 1992 3340; baseline 0.009 -23"><span class='ocrx_word' id='word_1_444' title='bbox 401 3264 737 3338; x_wconf 82' lang='grc' dir='ltr'>ζητουμένης</span> <span class='ocrx_word' id='word_1_445' title='bbox 764 3268 923 3337; x_wconf 80' lang='grc' dir='ltr'>ἡμῖν’</span> <span class='ocrx_word' id='word_1_446' title='bbox 958 3269 1054 3321; x_wconf 76' lang='grc' dir='ltr'><strong>καὶ</strong></span> <span class='ocrx_word' id='word_1_447' title='bbox 1090 3267 1159 3322; x_wconf 83' lang='grc' dir='ltr'>τὰ</span> <span class='ocrx_word' id='word_1_448' title='bbox 1191 3269 1395 3325; x_wconf 89' lang='grc' dir='ltr'>τούτων</span> <span class='ocrx_word' id='word_1_449' title='bbox 1415 3269 1491 3336; x_wconf 66' lang='lat' dir='ltr'><strong>EC’</strong></span> <span class='ocrx_word' id='word_1_450' title='bbox 1516 3273 1594 3304; x_wconf 82' lang='grc'><strong>⁹⁹⁶</strong></span> <span class='ocrx_word' id='word_1_451' title='bbox 1631 3275 1726 3327; x_wconf 72' lang='grc' dir='ltr'><strong>καὶ</strong></span> <span class='ocrx_word' id='word_1_452' title='bbox 1763 3276 1844 3340; x_wconf 82' lang='grc' dir='ltr'><strong>ἐὶς</strong></span> <span class='ocrx_word' id='word_1_453' title='bbox 1886 3275 1992 3331; x_wconf 74' lang='grc' dir='ltr'>τὺνο</span> 
     </span>
    </p>
   </div>
   <div class='ocr_carea' id='block_1_61' title="bbox 2075 3263 3650 3340">
    <p class='ocr_par' dir='ltr' id='par_1_61' title="bbox 2078 3263 3650 3338">
     <span class='ocr_line' id='line_1_61' title="bbox 2078 3263 3650 3338; baseline -0.004 -16"><span class='ocrx_word' id='word_1_454' title='bbox 2078 3266 2455 3338; x_wconf 89' lang='lat' dir='ltr'><strong>componimus</strong></span> <span class='ocrx_word' id='word_1_455' title='bbox 2474 3284 2489 3334; x_wconf 90' lang='lat'><strong>;</strong></span> <span class='ocrx_word' id='word_1_456' title='bbox 2508 3266 2763 3322; x_wconf 88' lang='lat' dir='ltr'><strong>addimus</strong></span> <span class='ocrx_word' id='word_1_457' title='bbox 2773 3274 2828 3321; x_wconf 88' lang='lat' dir='ltr'><strong>et</strong></span> <span class='ocrx_word' id='word_1_458' title='bbox 2843 3265 3041 3320; x_wconf 90' lang='lat' dir='ltr'><strong>horum</strong></span> <span class='ocrx_word' id='word_1_459' title='bbox 3054 3263 3447 3335; x_wconf 82' lang='lat' dir='ltr'><strong>sexagesimam</strong></span> <span class='ocrx_word' id='word_1_460' title='bbox 3462 3275 3650 3333; x_wconf 90' lang='lat' dir='ltr'><strong>quam-</strong></span> 
     </span>
    </p>
   </div>
   <div class='ocr_carea' id='block_1_62' title="bbox 400 3357 1072 3432">
    <p class='ocr_par' dir='ltr' id='par_1_62' title="bbox 400 3357 1072 3432">
     <span class='ocr_line' id='line_1_62' title="bbox 400 3357 1072 3432; baseline 0.004 -21"><span class='ocrx_word' id='word_1_461' title='bbox 400 3357 444 3410; x_wconf 83' lang='grc' dir='ltr'>λ’</span> <span class='ocrx_word' id='word_1_462' title='bbox 481 3357 580 3422; x_wconf 80' lang='grc' dir='ltr'>τὰς</span> <span class='ocrx_word' id='word_1_463' title='bbox 604 3358 730 3423; x_wconf 86' lang='grc' dir='ltr'>ὅλας</span> <span class='ocrx_word' id='word_1_464' title='bbox 761 3359 1072 3432; x_wconf 79' lang='grc' dir='ltr'>μερίζομεν.</span> 
     </span>
    </p>
   </div>
   <div class='ocr_carea' id='block_1_63' title="bbox 471 3447 1975 3532">
    <p class='ocr_par' dir='ltr' id='par_1_63' title="bbox 471 3447 1975 3532">
     <span class='ocr_line' id='line_1_63' title="bbox 471 3447 1975 3532; baseline 0.009 -30"><span class='ocrx_word' id='word_1_465' title='bbox 471 3447 532 3504; x_wconf 81' lang='grc' dir='ltr'>ε’.</span> <span class='ocrx_word' id='word_1_466' title='bbox 565 3450 795 3516; x_wconf 81' lang='grc' dir='ltr'>Ἀλλως.</span> <span class='ocrx_word' id='word_1_467' title='bbox 826 3452 1151 3525; x_wconf 87' lang='grc' dir='ltr'>Κρατοῦμεν</span> <span class='ocrx_word' id='word_1_468' title='bbox 1189 3453 1287 3518; x_wconf 81' lang='grc' dir='ltr'>τὰς</span> <span class='ocrx_word' id='word_1_469' title='bbox 1316 3456 1563 3522; x_wconf 84' lang='grc' dir='ltr'>ὲπακτὰς</span> <span class='ocrx_word' id='word_1_470' title='bbox 1594 3459 1692 3531; x_wconf 79' lang='grc' dir='ltr'>τῆς</span> <span class='ocrx_word' id='word_1_471' title='bbox 1725 3459 1975 3532; x_wconf 83' lang='grc' dir='ltr'>σελήνης,</span> 
     </span>
    </p>
   </div>
   <div class='ocr_carea' id='block_1_64' title="bbox 401 3540 1979 3623">
    <p class='ocr_par' dir='ltr' id='par_1_64' title="bbox 401 3540 1979 3623">
     <span class='ocr_line' id='line_1_64' title="bbox 401 3540 1979 3623; baseline 0.009 -31"><span class='ocrx_word' id='word_1_472' title='bbox 401 3541 496 3594; x_wconf 55' lang='grc' dir='ltr'><strong>καὶ⁹</strong></span> <span class='ocrx_word' id='word_1_473' title='bbox 518 3540 579 3593; x_wconf 84' lang='grc' dir='ltr'><strong>τὸ</strong></span> <span class='ocrx_word' id='word_1_474' title='bbox 600 3541 771 3613; x_wconf 77' lang='grc' dir='ltr'>ἥμισυ</span> <span class='ocrx_word' id='word_1_475' title='bbox 796 3542 904 3597; x_wconf 90' lang='grc' dir='ltr'><strong>τῶν</strong></span> <span class='ocrx_word' id='word_1_476' title='bbox 938 3545 1125 3615; x_wconf 84' lang='grc' dir='ltr'>μηνῶν</span> <span class='ocrx_word' id='word_1_477' title='bbox 1164 3544 1272 3599; x_wconf 89' lang='grc' dir='ltr'><strong>τῶν</strong></span> <span class='ocrx_word' id='word_1_478' title='bbox 1306 3548 1413 3601; x_wconf 86' lang='grc' dir='ltr'>ἀπὸ</span> <span class='ocrx_word' id='word_1_479' title='bbox 1433 3549 1528 3603; x_wconf 91' lang='grc' dir='ltr'><strong>τοῦ</strong></span> <span class='ocrx_word' id='word_1_480' title='bbox 1570 3550 1842 3623; x_wconf 81' lang='grc' dir='ltr'>Ἀπριλίου</span> <span class='ocrx_word' id='word_1_481' title='bbox 1884 3551 1979 3623; x_wconf 82' lang='grc' dir='ltr'><strong>μέ-</strong></span> 
     </span>
    </p>
   </div>
   <div class='ocr_carea' id='block_1_65' title="bbox 400 3633 1974 3714">
    <p class='ocr_par' dir='ltr' id='par_1_65' title="bbox 400 3633 1974 3714">
     <span class='ocr_line' id='line_1_65' title="bbox 400 3633 1974 3714; baseline 0.01 -30"><span class='ocrx_word' id='word_1_482' title='bbox 400 3648 494 3703; x_wconf 85' lang='grc' dir='ltr'>χρι</span> <span class='ocrx_word' id='word_1_483' title='bbox 521 3633 615 3686; x_wconf 88' lang='grc' dir='ltr'><strong>τοῦ</strong></span> <span class='ocrx_word' id='word_1_484' title='bbox 664 3633 1063 3707; x_wconf 78' lang='grc' dir='ltr'>ψηφιζομένου,</span> <span class='ocrx_word' id='word_1_485' title='bbox 1110 3637 1203 3690; x_wconf 77' lang='grc' dir='ltr'>καὶ</span> <span class='ocrx_word' id='word_1_486' title='bbox 1251 3639 1349 3702; x_wconf 81' lang='grc' dir='ltr'>τὰς</span> <span class='ocrx_word' id='word_1_487' title='bbox 1389 3641 1687 3711; x_wconf 83' lang='grc' dir='ltr'>τριακάδας</span> <span class='ocrx_word' id='word_1_488' title='bbox 1734 3643 1974 3714; x_wconf 89' lang='grc' dir='ltr'>πρώτας,</span> 
     </span>
    </p>
   </div>
   <div class='ocr_carea' id='block_1_66' title="bbox 404 3726 1978 3804">
    <p class='ocr_par' dir='ltr' id='par_1_66' title="bbox 404 3726 1978 3804">
     <span class='ocr_line' id='line_1_66' title="bbox 404 3726 1978 3804; baseline 0.008 -26"><span class='ocrx_word' id='word_1_489' title='bbox 404 3726 497 3779; x_wconf 71' lang='grc' dir='ltr'>καὶ</span> <span class='ocrx_word' id='word_1_490' title='bbox 527 3726 624 3797; x_wconf 83' lang='grc' dir='ltr'><strong>τὴν</strong></span> <span class='ocrx_word' id='word_1_491' title='bbox 659 3728 921 3782; x_wconf 86' lang='grc' dir='ltr'>ποσταίαν</span> <span class='ocrx_word' id='word_1_492' title='bbox 958 3727 1051 3781; x_wconf 89' lang='grc' dir='ltr'><strong>τοῦ</strong></span> <span class='ocrx_word' id='word_1_493' title='bbox 1091 3730 1382 3795; x_wconf 75' lang='grc' dir='ltr'>ἐνεστῶτος</span> <span class='ocrx_word' id='word_1_494' title='bbox 1417 3734 1613 3804; x_wconf 82' lang='grc' dir='ltr'>μηνός·</span> <span class='ocrx_word' id='word_1_495' title='bbox 1645 3735 1737 3789; x_wconf 70' lang='grc' dir='ltr'>καὶ</span> <span class='ocrx_word' id='word_1_496' title='bbox 1777 3738 1855 3799; x_wconf 81' lang='grc' dir='ltr'>εἰς</span> <span class='ocrx_word' id='word_1_497' title='bbox 1885 3737 1978 3790; x_wconf 86' lang='grc' dir='ltr'><strong>τὸν</strong></span> 
     </span>
    </p>
   </div>
   <div class='ocr_carea' id='block_1_67' title="bbox 400 3814 1531 3889">
    <p class='ocr_par' dir='ltr' id='par_1_67' title="bbox 400 3814 1531 3889">
     <span class='ocr_line' id='line_1_67' title="bbox 400 3814 1531 3889; baseline 0.004 -19"><span class='ocrx_word' id='word_1_498' title='bbox 400 3814 446 3870; x_wconf 85' lang='grc' dir='ltr'>λ’</span> <span class='ocrx_word' id='word_1_499' title='bbox 469 3815 565 3881; x_wconf 85' lang='grc' dir='ltr'>τὰς</span> <span class='ocrx_word' id='word_1_500' title='bbox 594 3815 721 3881; x_wconf 83' lang='grc' dir='ltr'>ὅλας</span> <span class='ocrx_word' id='word_1_501' title='bbox 755 3816 1070 3889; x_wconf 82' lang='grc' dir='ltr'>μερίζομεν.</span> <span class='ocrx_word' id='word_1_502' title='bbox 1526 3870 1531 3875; x_wconf 85' lang='grc'><strong>.</strong></span> 
     </span>
    </p>
   </div>
   <div class='ocr_carea' id='block_1_68' title="bbox 475 3907 1976 3987">
    <p class='ocr_par' dir='ltr' id='par_1_68' title="bbox 475 3907 1976 3987">
     <span class='ocr_line' id='line_1_68' title="bbox 475 3907 1976 3987; baseline 0.004 -25"><span class='ocrx_word' id='word_1_503' title='bbox 475 3912 550 3971; x_wconf 85' lang='grc' dir='ltr'>ς’.</span> <span class='ocrx_word' id='word_1_504' title='bbox 586 3907 816 3971; x_wconf 82' lang='grc' dir='ltr'>Ἀλλως.</span> <span class='ocrx_word' id='word_1_505' title='bbox 878 3908 1470 3982; x_wconf 79' lang='grc' dir='ltr'>Ἐνδεκαπλασιάζομεν</span> <span class='ocrx_word' id='word_1_506' title='bbox 1511 3912 1571 3966; x_wconf 82' lang='grc' dir='ltr'><strong>τὸ</strong></span> <span class='ocrx_word' id='word_1_507' title='bbox 1609 3916 1710 3984; x_wconf 86' lang='grc' dir='ltr'>τῆς</span> <span class='ocrx_word' id='word_1_508' title='bbox 1751 3914 1976 3987; x_wconf 88' lang='grc' dir='ltr'>σελήνης</span> 
     </span>
    </p>
   </div>
   <div class='ocr_carea' id='block_1_69' title="bbox 404 3997 1975 4078">
    <p class='ocr_par' dir='ltr' id='par_1_69' title="bbox 404 3997 1975 4078">
     <span class='ocr_line' id='line_1_69' title="bbox 404 3997 1975 4078; baseline 0.004 -25"><span class='ocrx_word' id='word_1_509' title='bbox 404 3997 544 4064; x_wconf 72' lang='grc' dir='ltr'>ετος,</span> <span class='ocrx_word' id='word_1_510' title='bbox 570 3999 663 4053; x_wconf 75' lang='grc' dir='ltr'><strong>καὶ</strong></span> <span class='ocrx_word' id='word_1_511' title='bbox 684 3998 993 4071; x_wconf 74' lang='grc' dir='ltr'>κρατοῦμεν</span> <span class='ocrx_word' id='word_1_512' title='bbox 1013 4001 1111 4066; x_wconf 80' lang='grc' dir='ltr'><strong>τὰς</strong></span> <span class='ocrx_word' id='word_1_513' title='bbox 1140 4002 1248 4055; x_wconf 86' lang='grc' dir='ltr'>ἀπὸ</span> <span class='ocrx_word' id='word_1_514' title='bbox 1276 4001 1497 4075; x_wconf 86' lang='grc' dir='ltr'>πρώτης</span> <span class='ocrx_word' id='word_1_515' title='bbox 1524 4004 1850 4075; x_wconf 86' lang='grc' dir='ltr'>Ἰανουαρίου</span> <span class='ocrx_word' id='word_1_516' title='bbox 1877 4007 1975 4078; x_wconf 80' lang='grc' dir='ltr'><strong>μὲ-</strong></span> 
     </span>
    </p>
   </div>
   <div class='ocr_carea' id='block_1_70' title="bbox 403 4092 1975 4169">
    <p class='ocr_par' dir='ltr' id='par_1_70' title="bbox 403 4092 1975 4169">
     <span class='ocr_line' id='line_1_70' title="bbox 403 4092 1975 4169; baseline 0.004 -24"><span class='ocrx_word' id='word_1_517' title='bbox 403 4110 495 4165; x_wconf 88' lang='grc' dir='ltr'><strong>χρι</strong></span> <span class='ocrx_word' id='word_1_518' title='bbox 518 4093 617 4164; x_wconf 81' lang='grc' dir='ltr'>τῆς</span> <span class='ocrx_word' id='word_1_519' title='bbox 642 4092 977 4166; x_wconf 76' lang='grc' dir='ltr'>ζητουμένης</span> <span class='ocrx_word' id='word_1_520' title='bbox 1000 4095 1230 4167; x_wconf 81' lang='grc' dir='ltr'>ἡμέρας,</span> <span class='ocrx_word' id='word_1_521' title='bbox 1252 4097 1348 4150; x_wconf 78' lang='grc' dir='ltr'>καὶ</span> <span class='ocrx_word' id='word_1_522' title='bbox 1370 4097 1438 4150; x_wconf 82' lang='grc' dir='ltr'>τὰ</span> <span class='ocrx_word' id='word_1_523' title='bbox 1464 4097 1667 4153; x_wconf 89' lang='grc' dir='ltr'>τούτων</span> <span class='ocrx_word' id='word_1_524' title='bbox 1698 4097 1770 4165; x_wconf 77' lang='grc' dir='ltr'><strong>ξξ¹</strong></span> <span class='ocrx_word' id='word_1_525' title='bbox 1790 4116 1806 4130; x_wconf 70' lang='grc'><strong><em>⁸</em></strong></span> <span class='ocrx_word' id='word_1_526' title='bbox 1829 4102 1975 4169; x_wconf 88' lang='grc' dir='ltr'>τρεῖς</span> 
     </span>
    </p>
   </div>
   <div class='ocr_carea' id='block_1_71' title="bbox 401 4182 1975 4260">
    <p class='ocr_par' dir='ltr' id='par_1_71' title="bbox 401 4182 1975 4260">
     <span class='ocr_line' id='line_1_71' title="bbox 401 4182 1975 4260; baseline 0.004 -24"><span class='ocrx_word' id='word_1_527' title='bbox 401 4200 461 4236; x_wconf 87' lang='grc' dir='ltr'><strong>τε</strong></span> <span class='ocrx_word' id='word_1_528' title='bbox 491 4182 793 4249; x_wconf 88' lang='grc' dir='ltr'>καθολικῶς</span> <span class='ocrx_word' id='word_1_529' title='bbox 818 4184 1194 4256; x_wconf 77' lang='grc' dir='ltr'>ἀφαιροῦντες,</span> <span class='ocrx_word' id='word_1_530' title='bbox 1222 4185 1364 4241; x_wconf 79' lang='grc' dir='ltr'>οὕτω</span> <span class='ocrx_word' id='word_1_531' title='bbox 1394 4186 1493 4252; x_wconf 83' lang='grc' dir='ltr'><strong>τὰς</strong></span> <span class='ocrx_word' id='word_1_532' title='bbox 1519 4187 1646 4251; x_wconf 82' lang='grc' dir='ltr'>ὅλας</span> <span class='ocrx_word' id='word_1_533' title='bbox 1681 4187 1975 4260; x_wconf 74' lang='grc' dir='ltr'>μερίζομεν</span> 
     </span>
    </p>
   </div>
   <div class='ocr_carea' id='block_1_72' title="bbox 402 4274 675 4337">
    <p class='ocr_par' dir='ltr' id='par_1_72' title="bbox 402 4274 675 4337">
     <span class='ocr_line' id='line_1_72' title="bbox 402 4274 675 4337; baseline -0.007 -7"><span class='ocrx_word' id='word_1_534' title='bbox 402 4274 482 4337; x_wconf 81' lang='grc' dir='ltr'><strong>είς</strong></span> <span class='ocrx_word' id='word_1_535' title='bbox 506 4275 595 4329; x_wconf 87' lang='grc' dir='ltr'><strong>τὸν</strong></span> <span class='ocrx_word' id='word_1_536' title='bbox 613 4274 675 4328; x_wconf 84' lang='grc' dir='ltr'>λ’.</span> 
     </span>
    </p>
   </div>
   <div class='ocr_carea' id='block_1_73' title="bbox 473 4364 1971 4446">
    <p class='ocr_par' dir='ltr' id='par_1_73' title="bbox 473 4364 1971 4446">
     <span class='ocr_line' id='line_1_73' title="bbox 473 4364 1971 4446; baseline 0.005 -25"><span class='ocrx_word' id='word_1_537' title='bbox 473 4364 540 4430; x_wconf 75' lang='grc' dir='ltr'><strong>ζ’.</strong></span> <span class='ocrx_word' id='word_1_538' title='bbox 570 4366 800 4433; x_wconf 71' lang='grc' dir='ltr'>Ἄλλως.</span> <span class='ocrx_word' id='word_1_539' title='bbox 830 4366 1152 4441; x_wconf 82' lang='grc' dir='ltr'>Κρατοῦμεν</span> <span class='ocrx_word' id='word_1_540' title='bbox 1186 4370 1286 4436; x_wconf 82' lang='grc' dir='ltr'>τὰς</span> <span class='ocrx_word' id='word_1_541' title='bbox 1310 4371 1555 4436; x_wconf 82' lang='grc' dir='ltr'>ὲπακτὰς</span> <span class='ocrx_word' id='word_1_542' title='bbox 1585 4371 1685 4443; x_wconf 87' lang='grc' dir='ltr'>τῆς</span> <span class='ocrx_word' id='word_1_543' title='bbox 1725 4372 1971 4446; x_wconf 89' lang='grc' dir='ltr'>σελήνης,</span> 
     </span>
    </p>
   </div>
   <div class='ocr_carea' id='block_1_74' title="bbox 405 4459 1975 4539">
    <p class='ocr_par' dir='ltr' id='par_1_74' title="bbox 405 4459 1975 4539">
     <span class='ocr_line' id='line_1_74' title="bbox 405 4459 1975 4539; baseline 0.004 -26"><span class='ocrx_word' id='word_1_544' title='bbox 405 4460 501 4514; x_wconf 73' lang='grc' dir='ltr'>καὶ</span> <span class='ocrx_word' id='word_1_545' title='bbox 532 4459 757 4526; x_wconf 83' lang='grc' dir='ltr'>ταύταις</span> <span class='ocrx_word' id='word_1_546' title='bbox 798 4462 855 4517; x_wconf 74' lang='grc' dir='ltr'>ἐν</span> <span class='ocrx_word' id='word_1_547' title='bbox 901 4480 962 4517; x_wconf 89' lang='grc' dir='ltr'><strong>τε</strong></span> <span class='ocrx_word' id='word_1_548' title='bbox 1002 4462 1080 4536; x_wconf 83' lang='grc' dir='ltr'><strong>τῷ</strong></span> <span class='ocrx_word' id='word_1_549' title='bbox 1126 4465 1437 4537; x_wconf 81' lang='grc' dir='ltr'>Ἰανουαρίῳ</span> <span class='ocrx_word' id='word_1_550' title='bbox 1487 4464 1584 4518; x_wconf 73' lang='grc' dir='ltr'><strong>καὶ</strong></span> <span class='ocrx_word' id='word_1_551' title='bbox 1625 4466 1975 4539; x_wconf 77' lang='grc' dir='ltr'>Φεϐρουαρίῳ</span> 
     </span>
    </p>
   </div>
   <div class='ocr_carea' id='block_1_75' title="bbox 2077 3353 3503 3431">
    <p class='ocr_par' dir='ltr' id='par_1_75' title="bbox 2077 3353 3503 3431">
     <span class='ocr_line' id='line_1_75' title="bbox 2077 3353 3503 3431; baseline -0.004 -16"><span class='ocrx_word' id='word_1_552' title='bbox 2077 3374 2185 3431; x_wconf 90' lang='lat' dir='ltr'><strong>que</strong></span> <span class='ocrx_word' id='word_1_553' title='bbox 2216 3366 2448 3430; x_wconf 87' lang='lat' dir='ltr'><strong>partem.</strong></span> <span class='ocrx_word' id='word_1_554' title='bbox 2475 3356 2671 3415; x_wconf 89' lang='lat' dir='ltr'><strong>Totum</strong></span> <span class='ocrx_word' id='word_1_555' title='bbox 2703 3357 2902 3413; x_wconf 87' lang='lat' dir='ltr'><strong>deinde</strong></span> <span class='ocrx_word' id='word_1_556' title='bbox 2927 3371 3028 3428; x_wconf 91' lang='lat' dir='ltr'><strong>per</strong></span> <span class='ocrx_word' id='word_1_557' title='bbox 3053 3372 3164 3412; x_wconf 87' lang='lat' dir='ltr'><strong>xxx</strong></span> <span class='ocrx_word' id='word_1_558' title='bbox 3186 3353 3503 3411; x_wconf 83' lang='lat' dir='ltr'><strong>dividimus.</strong></span> 
     </span>
    </p>
   </div>
   <div class='ocr_carea' id='block_1_76' title="bbox 2147 3448 3651 3521">
    <p class='ocr_par' dir='ltr' id='par_1_76' title="bbox 2147 3448 3651 3521">
     <span class='ocr_line' id='line_1_76' title="bbox 2147 3448 3651 3521; baseline -0.001 -17"><span class='ocrx_word' id='word_1_559' title='bbox 2147 3450 2343 3507; x_wconf 81' lang='lat' dir='ltr'><strong>Aliter.</strong></span> <span class='ocrx_word' id='word_1_560' title='bbox 2377 3450 2613 3521; x_wconf 83' lang='lat' dir='ltr'><strong>Epactas</strong></span> <span class='ocrx_word' id='word_1_561' title='bbox 2657 3451 2801 3507; x_wconf 71' lang='lat' dir='ltr'><strong>luna:</strong></span> <span class='ocrx_word' id='word_1_562' title='bbox 2838 3465 2963 3506; x_wconf 90' lang='lat' dir='ltr'><strong>cum</strong></span> <span class='ocrx_word' id='word_1_563' title='bbox 2999 3449 3227 3506; x_wconf 86' lang='lat' dir='ltr'><strong>dimidio</strong></span> <span class='ocrx_word' id='word_1_564' title='bbox 3270 3449 3542 3505; x_wconf 88' lang='lat' dir='ltr'><strong>mensium</strong></span> <span class='ocrx_word' id='word_1_565' title='bbox 3579 3448 3651 3503; x_wconf 84' lang='lat' dir='ltr'><strong>ab</strong></span> 
     </span>
    </p>
   </div>
   <div class='ocr_carea' id='block_1_77' title="bbox 2076 3539 3649 3615">
    <p class='ocr_par' dir='ltr' id='par_1_77' title="bbox 2076 3539 3649 3615">
     <span class='ocr_line' id='line_1_77' title="bbox 2076 3539 3649 3615; baseline -0.001 -19"><span class='ocrx_word' id='word_1_566' title='bbox 2076 3540 2249 3615; x_wconf 86' lang='lat' dir='ltr'><strong>Aprili</strong></span> <span class='ocrx_word' id='word_1_567' title='bbox 2281 3558 2454 3614; x_wconf 88' lang='lat' dir='ltr'><strong>usque</strong></span> <span class='ocrx_word' id='word_1_568' title='bbox 2478 3543 2547 3599; x_wconf 88' lang='lat' dir='ltr'><strong>ad</strong></span> <span class='ocrx_word' id='word_1_569' title='bbox 2572 3542 2862 3613; x_wconf 69' lang='lat' dir='ltr'><strong>quaesitum</strong></span> <span class='ocrx_word' id='word_1_570' title='bbox 2889 3557 3132 3599; x_wconf 86' lang='lat' dir='ltr'><strong>mensem</strong></span> <span class='ocrx_word' id='word_1_571' title='bbox 3150 3581 3166 3606; x_wconf 94' lang='lat'><strong>,</strong></span> <span class='ocrx_word' id='word_1_572' title='bbox 3200 3549 3317 3597; x_wconf 90' lang='lat' dir='ltr'><strong>tum</strong></span> <span class='ocrx_word' id='word_1_573' title='bbox 3338 3539 3649 3597; x_wconf 87' lang='lat' dir='ltr'><strong>tricesimos</strong></span> 
     </span>
    </p>
   </div>
   <div class='ocr_carea' id='block_1_78' title="bbox 2076 3628 3651 3704">
    <p class='ocr_par' dir='ltr' id='par_1_78' title="bbox 2076 3628 3651 3704">
     <span class='ocr_line' id='line_1_78' title="bbox 2076 3628 3651 3704; baseline -0.001 -17"><span class='ocrx_word' id='word_1_574' title='bbox 2076 3634 2283 3703; x_wconf 90' lang='lat' dir='ltr'><strong>primos</strong></span> <span class='ocrx_word' id='word_1_575' title='bbox 2312 3648 2560 3704; x_wconf 88' lang='lat' dir='ltr'><strong>quosque</strong></span> <span class='ocrx_word' id='word_1_576' title='bbox 2579 3632 2700 3689; x_wconf 91' lang='lat' dir='ltr'><strong>dies</strong></span> <span class='ocrx_word' id='word_1_577' title='bbox 2730 3647 2839 3687; x_wconf 90' lang='lat' dir='ltr'><strong>una</strong></span> <span class='ocrx_word' id='word_1_578' title='bbox 2862 3646 2987 3687; x_wconf 91' lang='lat' dir='ltr'><strong>cum</strong></span> <span class='ocrx_word' id='word_1_579' title='bbox 3016 3631 3297 3703; x_wconf 89' lang='lat' dir='ltr'><strong>proposita</strong></span> <span class='ocrx_word' id='word_1_580' title='bbox 3329 3629 3537 3687; x_wconf 86' lang='lat' dir='ltr'><strong>mensis</strong></span> <span class='ocrx_word' id='word_1_581' title='bbox 3560 3628 3651 3685; x_wconf 91' lang='lat' dir='ltr'><strong>die</strong></span> 
     </span>
    </p>
   </div>
   <div class='ocr_carea' id='block_1_79' title="bbox 2066 3710 3650 3796">
    <p class='ocr_par' dir='ltr' id='par_1_79' title="bbox 2066 3710 3650 3796">
     <span class='ocr_line' id='line_1_79' title="bbox 2066 3710 3650 3796; baseline -0.001 -18"><span class='ocrx_word' id='word_1_582' title='bbox 2066 3729 2133 3784; x_wconf 89' lang='lat' dir='ltr'><strong>.in</strong></span> <span class='ocrx_word' id='word_1_583' title='bbox 2156 3741 2324 3782; x_wconf 89' lang='lat' dir='ltr'><strong>unum</strong></span> <span class='ocrx_word' id='word_1_584' title='bbox 2336 3725 2720 3796; x_wconf 88' lang='lat' dir='ltr'><strong>componimus</strong></span> <span class='ocrx_word' id='word_1_585' title='bbox 2737 3763 2752 3789; x_wconf 95' lang='lat'><strong>,</strong></span> <span class='ocrx_word' id='word_1_586' title='bbox 2783 3710 3145 3795; x_wconf 81' lang='lat' dir='ltr'><strong>quoddeinde</strong></span> <span class='ocrx_word' id='word_1_587' title='bbox 3164 3721 3504 3796; x_wconf 90' lang='lat' dir='ltr'><strong>partimurin</strong></span> <span class='ocrx_word' id='word_1_588' title='bbox 3519 3737 3650 3778; x_wconf 87' lang='lat' dir='ltr'><strong>xxx.</strong></span> 
     </span>
    </p>
   </div>
   <div class='ocr_carea' id='block_1_80' title="bbox 2146 3901 3653 3969">
    <p class='ocr_par' dir='ltr' id='par_1_80' title="bbox 2146 3901 3653 3969">
     <span class='ocr_line' id='line_1_80' title="bbox 2146 3901 3653 3969; baseline -0.002 -8"><span class='ocrx_word' id='word_1_589' title='bbox 2146 3907 2340 3963; x_wconf 86' lang='lat' dir='ltr'><strong>Aliter.</strong></span> <span class='ocrx_word' id='word_1_590' title='bbox 2398 3905 2620 3961; x_wconf 88' lang='lat' dir='ltr'><strong>Annum</strong></span> <span class='ocrx_word' id='word_1_591' title='bbox 2672 3904 2819 3960; x_wconf 54' lang='lat' dir='ltr'><strong>luna;</strong></span> <span class='ocrx_word' id='word_1_592' title='bbox 2873 3903 2931 3960; x_wconf 92' lang='lat' dir='ltr'><strong>in</strong></span> <span class='ocrx_word' id='word_1_593' title='bbox 2978 3917 3034 3958; x_wconf 77' lang='lat' dir='ltr'><strong>xl</strong></span> <span class='ocrx_word' id='word_1_594' title='bbox 3105 3902 3384 3969; x_wconf 87' lang='lat' dir='ltr'><strong>ducimus,</strong></span> <span class='ocrx_word' id='word_1_595' title='bbox 3425 3917 3492 3959; x_wconf 89' lang='lat' dir='ltr'><strong>ac</strong></span> <span class='ocrx_word' id='word_1_596' title='bbox 3532 3901 3653 3959; x_wconf 83' lang='lat' dir='ltr'><strong>dies</strong></span> 
     </span>
    </p>
   </div>
   <div class='ocr_carea' id='block_1_81' title="bbox 2076 3992 3654 4068">
    <p class='ocr_par' dir='ltr' id='par_1_81' title="bbox 2076 3992 3654 4068">
     <span class='ocr_line' id='line_1_81' title="bbox 2076 3992 3654 4068; baseline -0.003 -15"><span class='ocrx_word' id='word_1_597' title='bbox 2076 4012 2267 4053; x_wconf 88' lang='lat' dir='ltr'><strong>omnes</strong></span> <span class='ocrx_word' id='word_1_598' title='bbox 2299 3997 2393 4068; x_wconf 88' lang='lat' dir='ltr'><strong>qui</strong></span> <span class='ocrx_word' id='word_1_599' title='bbox 2421 4012 2452 4051; x_wconf 90' lang='lat' dir='ltr'><strong>a</strong></span> <span class='ocrx_word' id='word_1_600' title='bbox 2483 3994 3044 4052; x_wconf 80' lang='lat' dir='ltr'><strong>KalendisJanuariis</strong></span> <span class='ocrx_word' id='word_1_601' title='bbox 3062 3995 3130 4051; x_wconf 89' lang='lat' dir='ltr'><strong>ad</strong></span> <span class='ocrx_word' id='word_1_602' title='bbox 3145 3995 3489 4067; x_wconf 88' lang='lat' dir='ltr'><strong>propositum</strong></span> <span class='ocrx_word' id='word_1_603' title='bbox 3509 3992 3654 4051; x_wconf 88' lang='lat' dir='ltr'><strong>diem</strong></span> 
     </span>
    </p>
   </div>
   <div class='ocr_carea' id='block_1_82' title="bbox 2075 4087 3650 4160">
    <p class='ocr_par' dir='ltr' id='par_1_82' title="bbox 2075 4087 3650 4160">
     <span class='ocr_line' id='line_1_82' title="bbox 2075 4087 3650 4160; baseline -0.003 -16"><span class='ocrx_word' id='word_1_604' title='bbox 2075 4089 2370 4155; x_wconf 79' lang='lat' dir='ltr'><strong>ﬂuxerunt,</strong></span> <span class='ocrx_word' id='word_1_605' title='bbox 2407 4103 2532 4144; x_wconf 93' lang='lat' dir='ltr'><strong>cum</strong></span> <span class='ocrx_word' id='word_1_606' title='bbox 2559 4087 2759 4143; x_wconf 87' lang='lat' dir='ltr'><strong>borum</strong></span> <span class='ocrx_word' id='word_1_607' title='bbox 2801 4087 3143 4160; x_wconf 84' lang='lat' dir='ltr'><strong>sexagesima</strong></span> <span class='ocrx_word' id='word_1_608' title='bbox 3190 4101 3409 4160; x_wconf 88' lang='lat' dir='ltr'><strong>quaque</strong></span> <span class='ocrx_word' id='word_1_609' title='bbox 3452 4094 3650 4157; x_wconf 85' lang='lat' dir='ltr'><strong>parte;</strong></span> 
     </span>
    </p>
   </div>
   <div class='ocr_carea' id='block_1_83' title="bbox 2075 4177 3654 4251">
    <p class='ocr_par' dir='ltr' id='par_1_83' title="bbox 2075 4177 3654 4251">
     <span class='ocr_line' id='line_1_83' title="bbox 2075 4177 3654 4251; baseline -0.002 -16"><span class='ocrx_word' id='word_1_610' title='bbox 2075 4180 2202 4236; x_wconf 90' lang='lat' dir='ltr'><strong>inde</strong></span> <span class='ocrx_word' id='word_1_611' title='bbox 2223 4180 2403 4236; x_wconf 84' lang='lat' dir='ltr'><strong>tribus</strong></span> <span class='ocrx_word' id='word_1_612' title='bbox 2429 4177 2780 4251; x_wconf 82' lang='lat' dir='ltr'><strong>regularibus</strong></span> <span class='ocrx_word' id='word_1_613' title='bbox 2800 4177 3056 4249; x_wconf 70' lang='lat' dir='ltr'><strong>abiectis,</strong></span> <span class='ocrx_word' id='word_1_614' title='bbox 3098 4192 3371 4234; x_wconf 87' lang='lat' dir='ltr'><strong>summam</strong></span> <span class='ocrx_word' id='word_1_615' title='bbox 3408 4192 3507 4249; x_wconf 88' lang='lat' dir='ltr'><strong>per</strong></span> <span class='ocrx_word' id='word_1_616' title='bbox 3542 4192 3654 4233; x_wconf 85' lang='lat' dir='ltr'><strong>xxx</strong></span> 
     </span>
    </p>
   </div>
   <div class='ocr_carea' id='block_1_84' title="bbox 2072 4270 2386 4327">
    <p class='ocr_par' dir='ltr' id='par_1_84' title="bbox 2072 4270 2386 4327">
     <span class='ocr_line' id='line_1_84' title="bbox 2072 4270 2386 4327; baseline -0.006 0"><span class='ocrx_word' id='word_1_617' title='bbox 2072 4270 2386 4327; x_wconf 88' lang='lat' dir='ltr'><strong>tribuimus.</strong></span> 
     </span>
    </p>
   </div>
   <div class='ocr_carea' id='block_1_85' title="bbox 2144 4356 3656 4433">
    <p class='ocr_par' dir='ltr' id='par_1_85' title="bbox 2144 4356 3656 4433">
     <span class='ocr_line' id='line_1_85' title="bbox 2144 4356 3656 4433; baseline -0.004 -16"><span class='ocrx_word' id='word_1_618' title='bbox 2144 4364 2340 4420; x_wconf 89' lang='lat' dir='ltr'><strong>Aliter.</strong></span> <span class='ocrx_word' id='word_1_619' title='bbox 2369 4361 2605 4433; x_wconf 83' lang='lat' dir='ltr'><strong>Epactas</strong></span> <span class='ocrx_word' id='word_1_620' title='bbox 2638 4362 2781 4416; x_wconf 61' lang='lat' dir='ltr'><strong>luna:</strong></span> <span class='ocrx_word' id='word_1_621' title='bbox 2807 4360 2864 4416; x_wconf 92' lang='lat' dir='ltr'><strong>in</strong></span> <span class='ocrx_word' id='word_1_622' title='bbox 2895 4357 3159 4416; x_wconf 76' lang='lat' dir='ltr'><strong>Januario</strong></span> <span class='ocrx_word' id='word_1_623' title='bbox 3179 4365 3231 4416; x_wconf 86' lang='lat' dir='ltr'><strong>et</strong></span> <span class='ocrx_word' id='word_1_624' title='bbox 3255 4356 3555 4415; x_wconf 88' lang='lat' dir='ltr'><strong>Februario</strong></span> <span class='ocrx_word' id='word_1_625' title='bbox 3576 4356 3656 4411; x_wconf 88' lang='lat' dir='ltr'><strong>in-</strong></span> 
     </span>
    </p>
   </div>
   <div class='ocr_carea' id='block_1_86' title="bbox 2075 4448 3654 4528">
    <p class='ocr_par' dir='ltr' id='par_1_86' title="bbox 2075 4448 3654 4528">
     <span class='ocr_line' id='line_1_86' title="bbox 2075 4448 3654 4528; baseline -0.005 -16"><span class='ocrx_word' id='word_1_626' title='bbox 2075 4466 2292 4528; x_wconf 79' lang='lat' dir='ltr'><strong>tegras,</strong></span> <span class='ocrx_word' id='word_1_627' title='bbox 2340 4454 2397 4510; x_wconf 91' lang='lat' dir='ltr'><strong>in</strong></span> <span class='ocrx_word' id='word_1_628' title='bbox 2460 4454 2655 4511; x_wconf 80' lang='lat' dir='ltr'><strong>Martio</strong></span> <span class='ocrx_word' id='word_1_629' title='bbox 2704 4454 2918 4509; x_wconf 88' lang='lat' dir='ltr'><strong>unitate</strong></span> <span class='ocrx_word' id='word_1_630' title='bbox 2974 4452 3157 4508; x_wconf 91' lang='lat' dir='ltr'><strong>minus</strong></span> <span class='ocrx_word' id='word_1_631' title='bbox 3221 4450 3540 4522; x_wconf 89' lang='lat' dir='ltr'><strong>accipimus,</strong></span> <span class='ocrx_word' id='word_1_632' title='bbox 3595 4448 3654 4504; x_wconf 90' lang='lat' dir='ltr'><strong>in</strong></span> 
     </span>
    </p>
   </div>
   <div class='ocr_carea' id='block_1_87' title="bbox 408 4540 1997 4634">
    <p class='ocr_par' dir='ltr' id='par_1_87' title="bbox 408 4553 1980 4634">
     <span class='ocr_line' id='line_1_87' title="bbox 408 4553 1980 4634; baseline 0.006 -27"><span class='ocrx_word' id='word_1_633' title='bbox 408 4553 635 4627; x_wconf 84' lang='grc' dir='ltr'>πλήρεσι</span> <span class='ocrx_word' id='word_1_634' title='bbox 661 4555 978 4628; x_wconf 86' lang='grc' dir='ltr'>κεχρήμεθα</span> <span class='ocrx_word' id='word_1_635' title='bbox 997 4574 1012 4588; x_wconf 88' lang='grc'><strong>·</strong></span> <span class='ocrx_word' id='word_1_636' title='bbox 1043 4557 1195 4628; x_wconf 79' lang='grc' dir='ltr'>παρὰ</span> <span class='ocrx_word' id='word_1_637' title='bbox 1217 4559 1343 4629; x_wconf 87' lang='grc' dir='ltr'>μίαν</span> <span class='ocrx_word' id='word_1_638' title='bbox 1365 4558 1421 4612; x_wconf 81' lang='grc' dir='ltr'>δὲ</span> <span class='ocrx_word' id='word_1_639' title='bbox 1449 4558 1617 4630; x_wconf 87' lang='grc' dir='ltr'>μόνην</span> <span class='ocrx_word' id='word_1_640' title='bbox 1646 4562 1704 4614; x_wconf 82' lang='grc' dir='ltr'>ὲν</span> <span class='ocrx_word' id='word_1_641' title='bbox 1729 4561 1807 4633; x_wconf 86' lang='grc' dir='ltr'><strong>τῷ</strong></span> <span class='ocrx_word' id='word_1_642' title='bbox 1832 4562 1980 4634; x_wconf 90' lang='grc' dir='ltr'>Μαρ-</span> 
     </span>
    </p>
   </div>
   <div class='ocr_carea' id='block_1_88' title="bbox 2075 4540 3655 4634">
    <p class='ocr_par' dir='ltr' id='par_1_88' title="bbox 2081 4540 3655 4618">
     <span class='ocr_line' id='line_1_88' title="bbox 2081 4540 3655 4618; baseline -0.004 -18"><span class='ocrx_word' id='word_1_643' title='bbox 2081 4546 2255 4618; x_wconf 91' lang='lat' dir='ltr'><strong>Aprili</strong></span> <span class='ocrx_word' id='word_1_644' title='bbox 2280 4560 2343 4601; x_wconf 88' lang='lat' dir='ltr'><strong>ac</strong></span> <span class='ocrx_word' id='word_1_645' title='bbox 2358 4545 2606 4617; x_wconf 90' lang='lat' dir='ltr'><strong>reliquis,</strong></span> <span class='ocrx_word' id='word_1_646' title='bbox 2631 4545 2878 4615; x_wconf 88' lang='lat' dir='ltr'><strong>integras</strong></span> <span class='ocrx_word' id='word_1_647' title='bbox 2912 4562 2925 4598; x_wconf 93' lang='lat'><strong>:</strong></span> <span class='ocrx_word' id='word_1_648' title='bbox 2961 4542 3089 4599; x_wconf 87' lang='lat' dir='ltr'><strong>item</strong></span> <span class='ocrx_word' id='word_1_649' title='bbox 3121 4556 3224 4613; x_wconf 92' lang='lat' dir='ltr'><strong>pro</strong></span> <span class='ocrx_word' id='word_1_650' title='bbox 3241 4540 3474 4612; x_wconf 86' lang='lat' dir='ltr'><strong>singulis</strong></span> <span class='ocrx_word' id='word_1_651' title='bbox 3497 4554 3655 4595; x_wconf 83' lang='lat' dir='ltr'><strong>men-</strong></span> 
     </span>
    </p>
   </div>
   <div class='ocr_carea' id='block_1_89' title="bbox 404 4645 1975 4725">
    <p class='ocr_par' dir='ltr' id='par_1_89' title="bbox 404 4645 1975 4725">
     <span class='ocr_line' id='line_1_89' title="bbox 404 4645 1975 4725; baseline 0.005 -27"><span class='ocrx_word' id='word_1_652' title='bbox 404 4645 534 4717; x_wconf 85' lang='grc' dir='ltr'>τίῳ·</span> <span class='ocrx_word' id='word_1_653' title='bbox 566 4648 623 4699; x_wconf 82' lang='grc' dir='ltr'>ὲν</span> <span class='ocrx_word' id='word_1_654' title='bbox 653 4647 711 4700; x_wconf 79' lang='grc' dir='ltr'>δὲ</span> <span class='ocrx_word' id='word_1_655' title='bbox 740 4646 819 4718; x_wconf 85' lang='grc' dir='ltr'>τῷ</span> <span class='ocrx_word' id='word_1_656' title='bbox 854 4646 1115 4720; x_wconf 80' lang='grc' dir='ltr'>Ἀπριλίῳ</span> <span class='ocrx_word' id='word_1_657' title='bbox 1148 4650 1243 4703; x_wconf 75' lang='grc' dir='ltr'><strong>καὶ</strong></span> <span class='ocrx_word' id='word_1_658' title='bbox 1274 4652 1385 4714; x_wconf 90' lang='grc' dir='ltr'>τοῖς</span> <span class='ocrx_word' id='word_1_659' title='bbox 1409 4653 1526 4722; x_wconf 77' lang='grc' dir='ltr'>μετ’</span> <span class='ocrx_word' id='word_1_660' title='bbox 1554 4652 1716 4706; x_wconf 79' lang='grc' dir='ltr'>αὐτὸν</span> <span class='ocrx_word' id='word_1_661' title='bbox 1747 4653 1975 4725; x_wconf 87' lang='grc' dir='ltr'>πλήρεις</span> 
     </span>
    </p>
   </div>
   <div class='ocr_carea' id='block_1_90' title="bbox 409 4738 1974 4818">
    <p class='ocr_par' dir='ltr' id='par_1_90' title="bbox 409 4738 1974 4818">
     <span class='ocr_line' id='line_1_90' title="bbox 409 4738 1974 4818; baseline 0.004 -26"><span class='ocrx_word' id='word_1_662' title='bbox 409 4738 891 4818; x_wconf 76' lang='grc' dir='ltr'>συλλαμϐάνοντες,</span> <span class='ocrx_word' id='word_1_663' title='bbox 919 4741 1012 4793; x_wconf 81' lang='grc' dir='ltr'>καὶ</span> <span class='ocrx_word' id='word_1_664' title='bbox 1036 4741 1164 4811; x_wconf 84' lang='grc' dir='ltr'>μίαν</span> <span class='ocrx_word' id='word_1_665' title='bbox 1185 4741 1358 4815; x_wconf 52' lang='grc' dir='ltr'>,ἄλλην</span> <span class='ocrx_word' id='word_1_666' title='bbox 1382 4743 1523 4815; x_wconf 74' lang='grc' dir='ltr'>ὑπὲρ</span> <span class='ocrx_word' id='word_1_667' title='bbox 1548 4745 1779 4799; x_wconf 78' lang='grc' dir='ltr'>ἑκάστου</span> <span class='ocrx_word' id='word_1_668' title='bbox 1805 4746 1974 4818; x_wconf 79' lang='grc' dir='ltr'>μηνὸς</span> 
     </span>
    </p>
   </div>
   <div class='ocr_carea' id='block_1_91' title="bbox 406 4817 1976 4908">
    <p class='ocr_par' dir='ltr' id='par_1_91' title="bbox 406 4817 1976 4908">
     <span class='ocr_line' id='line_1_91' title="bbox 406 4817 1976 4908; baseline 0.004 -23"><span class='ocrx_word' id='word_1_669' title='bbox 406 4831 534 4903; x_wconf 83' lang='grc' dir='ltr'>ἄχρι</span> <span class='ocrx_word' id='word_1_670' title='bbox 560 4829 654 4884; x_wconf 90' lang='grc' dir='ltr'><strong>τοῦ</strong></span> <span class='ocrx_word' id='word_1_671' title='bbox 676 4817 1047 4903; x_wconf 75' lang='grc' dir='ltr'>ψηφιζομένου</span> <span class='ocrx_word' id='word_1_672' title='bbox 1067 4847 1080 4861; x_wconf 90' lang='grc'><strong>·</strong></span> <span class='ocrx_word' id='word_1_673' title='bbox 1110 4831 1203 4886; x_wconf 87' lang='grc' dir='ltr'><strong>δύο</strong></span> <span class='ocrx_word' id='word_1_674' title='bbox 1221 4833 1278 4887; x_wconf 85' lang='grc' dir='ltr'>δὲ</span> <span class='ocrx_word' id='word_1_675' title='bbox 1313 4834 1471 4905; x_wconf 82' lang='grc' dir='ltr'>μόνον</span> <span class='ocrx_word' id='word_1_676' title='bbox 1496 4835 1749 4908; x_wconf 65' lang='grc' dir='ltr'>ὑπὲρκτοῦ</span> <span class='ocrx_word' id='word_1_677' title='bbox 1775 4817 1976 4906; x_wconf 55' lang='grc' dir='ltr'>Αὐγού-</span> 
     </span>
    </p>
   </div>
   <div class='ocr_carea' id='block_1_92' title="bbox 408 4922 1975 4997">
    <p class='ocr_par' dir='ltr' id='par_1_92' title="bbox 408 4922 1975 4997">
     <span class='ocr_line' id='line_1_92' title="bbox 408 4922 1975 4997; baseline 0.004 -22"><span class='ocrx_word' id='word_1_678' title='bbox 408 4939 564 4975; x_wconf 88' lang='grc' dir='ltr'>στου·</span> <span class='ocrx_word' id='word_1_679' title='bbox 614 4923 709 4976; x_wconf 76' lang='grc' dir='ltr'><strong>καὶ</strong></span> <span class='ocrx_word' id='word_1_680' title='bbox 751 4923 849 4994; x_wconf 79' lang='grc' dir='ltr'>τὴν</span> <span class='ocrx_word' id='word_1_681' title='bbox 877 4922 1139 4975; x_wconf 84' lang='grc' dir='ltr'>ποσταίαν</span> <span class='ocrx_word' id='word_1_682' title='bbox 1183 4923 1278 4977; x_wconf 86' lang='grc' dir='ltr'><strong>τοῦ</strong></span> <span class='ocrx_word' id='word_1_683' title='bbox 1315 4926 1513 4997; x_wconf 68' lang='grc' dir='ltr'>μηνός*</span> <span class='ocrx_word' id='word_1_684' title='bbox 1557 4927 1651 4981; x_wconf 63' lang='grc' dir='ltr'><strong>καὶ¹</strong></span> <span class='ocrx_word' id='word_1_685' title='bbox 1689 4929 1770 4991; x_wconf 86' lang='grc' dir='ltr'><strong>είς</strong></span> <span class='ocrx_word' id='word_1_686' title='bbox 1808 4927 1901 4983; x_wconf 81' lang='grc' dir='ltr'><strong>τὸν</strong></span> <span class='ocrx_word' id='word_1_687' title='bbox 1930 4928 1975 4981; x_wconf 88' lang='grc' dir='ltr'>λ’</span> 
     </span>
    </p>
   </div>
   <div class='ocr_carea' id='block_1_93' title="bbox 406 5012 1014 5086">
    <p class='ocr_par' dir='ltr' id='par_1_93' title="bbox 406 5012 1014 5086">
     <span class='ocr_line' id='line_1_93' title="bbox 406 5012 1014 5086; baseline 0.003 -19"><span class='ocrx_word' id='word_1_688' title='bbox 406 5013 507 5078; x_wconf 84' lang='grc' dir='ltr'>τὰς</span> <span class='ocrx_word' id='word_1_689' title='bbox 539 5012 667 5077; x_wconf 85' lang='grc' dir='ltr'>ὅλας</span> <span class='ocrx_word' id='word_1_690' title='bbox 701 5012 1014 5086; x_wconf 76' lang='grc' dir='ltr'>μερίζομεν.</span> 
     </span>
    </p>
   </div>
   <div class='ocr_carea' id='block_1_94' title="bbox 475 5105 1976 5185">
    <p class='ocr_par' dir='ltr' id='par_1_94' title="bbox 475 5105 1976 5185">
     <span class='ocr_line' id='line_1_94' title="bbox 475 5105 1976 5185; baseline 0.017 -32"><span class='ocrx_word' id='word_1_691' title='bbox 475 5111 546 5177; x_wconf 85' lang='grc' dir='ltr'><strong>η’,</strong></span> <span class='ocrx_word' id='word_1_692' title='bbox 582 5105 809 5170; x_wconf 72' lang='grc' dir='ltr'>Ἄλλως.</span> <span class='ocrx_word' id='word_1_693' title='bbox 842 5105 1167 5177; x_wconf 85' lang='grc' dir='ltr'>Κρατοῦμεν</span> <span class='ocrx_word' id='word_1_694' title='bbox 1199 5107 1299 5172; x_wconf 83' lang='grc' dir='ltr'>τὰς</span> <span class='ocrx_word' id='word_1_695' title='bbox 1330 5109 1573 5175; x_wconf 72' lang='grc' dir='ltr'>ὲπακτὰς</span> <span class='ocrx_word' id='word_1_696' title='bbox 1598 5112 1976 5185; x_wconf 76' lang='grc' dir='ltr'>τῆς-σελήνης,</span> 
     </span>
    </p>
   </div>
   <div class='ocr_carea' id='block_1_95' title="bbox 408 5196 1982 5276">
    <p class='ocr_par' dir='ltr' id='par_1_95' title="bbox 408 5196 1982 5276">
     <span class='ocr_line' id='line_1_95' title="bbox 408 5196 1982 5276; baseline 0.006 -26"><span class='ocrx_word' id='word_1_697' title='bbox 408 5196 626 5262; x_wconf 78' lang='grc' dir='ltr'>καὶτὰς</span> <span class='ocrx_word' id='word_1_698' title='bbox 660 5196 1029 5269; x_wconf 81' lang='grc' dir='ltr'>ἀπὸπρώτης</span> <span class='ocrx_word' id='word_1_699' title='bbox 1074 5198 1349 5271; x_wconf 81' lang='grc' dir='ltr'>Ἀπριλίου</span> <span class='ocrx_word' id='word_1_700' title='bbox 1382 5202 1543 5273; x_wconf 82' lang='grc' dir='ltr'>μέχρι</span> <span class='ocrx_word' id='word_1_701' title='bbox 1576 5203 1676 5274; x_wconf 83' lang='grc' dir='ltr'>τῆς</span> <span class='ocrx_word' id='word_1_702' title='bbox 1716 5206 1982 5276; x_wconf 70' lang='grc' dir='ltr'>ζητουμέ-</span> 
     </span>
    </p>
   </div>
   <div class='ocr_carea' id='block_1_96' title="bbox 406 5291 1978 5365">
    <p class='ocr_par' dir='ltr' id='par_1_96' title="bbox 406 5291 1978 5365">
     <span class='ocr_line' id='line_1_96' title="bbox 406 5291 1978 5365; baseline -0.025 -9"><span class='ocrx_word' id='word_1_703' title='bbox 406 5306 527 5361; x_wconf 79' lang='grc' dir='ltr'>νης.</span> <span class='ocrx_word' id='word_1_704' title='bbox 567 5291 662 5346; x_wconf 75' lang='grc' dir='ltr'><strong>καὶ</strong></span> <span class='ocrx_word' id='word_1_705' title='bbox 703 5291 803 5363; x_wconf 80' lang='grc' dir='ltr'><strong>τὴν</strong></span> <span class='ocrx_word' id='word_1_706' title='bbox 836 5291 1099 5363; x_wconf 67' lang='grc' dir='ltr'>ποσταίαν</span> <span class='ocrx_word' id='word_1_707' title='bbox 1143 5291 1239 5346; x_wconf 79' lang='grc' dir='ltr'><strong>τοῦ</strong></span> <span class='ocrx_word' id='word_1_708' title='bbox 1283 5293 1477 5365; x_wconf 80' lang='grc' dir='ltr'>μηνός·</span> <span class='ocrx_word' id='word_1_709' title='bbox 1514 5297 1607 5348; x_wconf 56' lang='grc' dir='ltr'><strong>καὶ</strong></span> <span class='ocrx_word' id='word_1_710' title='bbox 1650 5299 1730 5360; x_wconf 54' lang='grc' dir='ltr'><strong>εἰς</strong></span> <span class='ocrx_word' id='word_1_711' title='bbox 1768 5297 1856 5351; x_wconf 69' lang='grc' dir='ltr'><strong>τὸν</strong></span> <span class='ocrx_word' id='word_1_712' title='bbox 1896 5295 1978 5352; x_wconf 73' lang='grc' dir='ltr'>κθ.</span> 
     </span>
    </p>
   </div>
   <div class='ocr_carea' id='block_1_97' title="bbox 406 5382 1203 5455">
    <p class='ocr_par' dir='ltr' id='par_1_97' title="bbox 406 5382 1203 5455">
     <span class='ocr_line' id='line_1_97' title="bbox 406 5382 1203 5455; baseline 0 -19"><span class='ocrx_word' id='word_1_713' title='bbox 406 5382 577 5454; x_wconf 76' lang='grc' dir='ltr'>ἥμισυ</span> <span class='ocrx_word' id='word_1_714' title='bbox 608 5382 707 5446; x_wconf 82' lang='grc' dir='ltr'>τὰς</span> <span class='ocrx_word' id='word_1_715' title='bbox 738 5383 863 5447; x_wconf 81' lang='grc' dir='ltr'>ὅλας</span> <span class='ocrx_word' id='word_1_716' title='bbox 894 5382 1203 5455; x_wconf 77' lang='grc' dir='ltr'>μερίζομεν.</span> 
     </span>
    </p>
   </div>
   <div class='ocr_carea' id='block_1_98' title="bbox 406 5492 1979 5627">
    <p class='ocr_par' dir='ltr' id='par_1_98' title="bbox 406 5492 1979 5627">
     <span class='ocr_line' id='line_1_98' title="bbox 406 5492 1979 5627; baseline 0.004 -79"><span class='ocrx_word' id='word_1_717' title='bbox 406 5493 547 5627; x_wconf 52' lang='grc' dir='ltr'>Περὶ</span> <span class='ocrx_word' id='word_1_718' title='bbox 577 5492 695 5547; x_wconf 79' lang='grc' dir='ltr'>τῶν</span> <span class='ocrx_word' id='word_1_719' title='bbox 718 5496 837 5549; x_wconf 81' lang='grc' dir='ltr'><strong>ἀπὸ</strong></span> <span class='ocrx_word' id='word_1_720' title='bbox 866 5495 1291 5573; x_wconf 50' lang='grc' dir='ltr'>Διοκλητιανοῦ</span> <span class='ocrx_word' id='word_1_721' title='bbox 1317 5494 1467 5550; x_wconf 77' lang='grc' dir='ltr'>ἑτῶν</span> <span class='ocrx_word' id='word_1_722' title='bbox 1485 5515 1498 5528; x_wconf 78' lang='grc' dir='ltr'><strong>ο</strong></span> <span class='ocrx_word' id='word_1_723' title='bbox 1540 5496 1666 5564; x_wconf 83' lang='grc' dir='ltr'><strong>πῶς</strong></span> <span class='ocrx_word' id='word_1_724' title='bbox 1698 5514 1773 5553; x_wconf 71' lang='grc' dir='ltr'><strong>τε</strong></span> <span class='ocrx_word' id='word_1_725' title='bbox 1790 5502 1979 5569; x_wconf 76' lang='grc' dir='ltr'>ψηφί-</span> 
     </span>
     <span class='ocr_line' id='line_1_99' title="bbox 506 5563 1979 5627; baseline 0.007 -9"><span class='ocrx_word' id='word_1_726' title='bbox 506 5581 693 5624; x_wconf 80' lang='grc' dir='ltr'>ονται.</span> <span class='ocrx_word' id='word_1_727' title='bbox 722 5564 820 5618; x_wconf 72' lang='grc' dir='ltr'><strong>καί</strong></span> <span class='ocrx_word' id='word_1_728' title='bbox 851 5581 977 5627; x_wconf 84' lang='grc' dir='ltr'>πως</span> <span class='ocrx_word' id='word_1_729' title='bbox 1003 5563 1078 5618; x_wconf 79' lang='grc' dir='ltr'>δι’</span> <span class='ocrx_word' id='word_1_730' title='bbox 1117 5564 1315 5620; x_wconf 77' lang='grc' dir='ltr'>αὐτῶν</span> <span class='ocrx_word' id='word_1_731' title='bbox 1348 5566 1414 5620; x_wconf 84' lang='grc' dir='ltr'>τὸ</span> <span class='ocrx_word' id='word_1_732' title='bbox 1443 5567 1551 5627; x_wconf 81' lang='grc' dir='ltr'>τῆς</span> <span class='ocrx_word' id='word_1_733' title='bbox 1581 5567 1853 5627; x_wconf 77' lang='grc' dir='ltr'><strong>σελήνη(-</strong></span> <span class='ocrx_word' id='word_1_734' title='bbox 1882 5573 1979 5627; x_wconf 75' lang='grc' dir='ltr'><strong>εὑ-</strong></span> 
     </span>
    </p>
   </div>
   <div class='ocr_carea' id='block_1_99' title="bbox 506 5563 1981 5638">
    <p class='ocr_par' dir='ltr' id='par_1_99' title="bbox 506 5563 1981 5638">
     <span class='ocr_line' id='line_1_100' title="bbox 506 5563 1981 5638; baseline 0.003 -21"><span class='ocrx_word' id='word_1_735' title='bbox 506 5565 693 5638; x_wconf 63' lang='grc' dir='ltr'>ονται.</span> <span class='ocrx_word' id='word_1_736' title='bbox 722 5564 820 5638; x_wconf 67' lang='lat' dir='ltr'><strong>xa}</strong></span> <span class='ocrx_word' id='word_1_737' title='bbox 851 5563 977 5630; x_wconf 84' lang='grc' dir='ltr'><strong>πῶς</strong></span> <span class='ocrx_word' id='word_1_738' title='bbox 1003 5563 1078 5618; x_wconf 80' lang='grc' dir='ltr'>δι’</span> <span class='ocrx_word' id='word_1_739' title='bbox 1117 5564 1315 5620; x_wconf 76' lang='grc' dir='ltr'>αὐτῶν</span> <span class='ocrx_word' id='word_1_740' title='bbox 1348 5566 1414 5620; x_wconf 84' lang='grc' dir='ltr'>τὸ</span> <span class='ocrx_word' id='word_1_741' title='bbox 1443 5567 1551 5637; x_wconf 81' lang='grc' dir='ltr'>τῆς</span> <span class='ocrx_word' id='word_1_742' title='bbox 1581 5563 1981 5638; x_wconf 60' lang='grc' dir='ltr'><strong>σέλήνὴςὲὑ-</strong></span> 
     </span>
    </p>
   </div>
   <div class='ocr_carea' id='block_1_100' title="bbox 475 5634 928 5703">
    <p class='ocr_par' dir='ltr' id='par_1_100' title="bbox 475 5634 928 5703">
     <span class='ocr_line' id='line_1_101' title="bbox 475 5634 928 5703; baseline -0.004 -14"><span class='ocrx_word' id='word_1_743' title='bbox 475 5635 752 5703; x_wconf 60' lang='lat' dir='ltr'><strong>plantat</strong></span> <span class='ocrx_word' id='word_1_744' title='bbox 774 5634 928 5701; x_wconf 81' lang='grc' dir='ltr'>ἔτος.</span> 
     </span>
    </p>
   </div>
   <div class='ocr_carea' id='block_1_101' title="bbox 479 5722 1980 5805">
    <p class='ocr_par' dir='ltr' id='par_1_101' title="bbox 479 5722 1980 5805">
     <span class='ocr_line' id='line_1_102' title="bbox 479 5722 1980 5805; baseline 0.005 -28"><span class='ocrx_word' id='word_1_745' title='bbox 479 5722 536 5777; x_wconf 81' lang='grc' dir='ltr'><strong>Θ¹</strong></span> <span class='ocrx_word' id='word_1_746' title='bbox 595 5723 674 5778; x_wconf 84' lang='grc' dir='ltr'>Τὰ</span> <span class='ocrx_word' id='word_1_747' title='bbox 704 5724 810 5779; x_wconf 69' lang='grc' dir='ltr'><strong>ἀπὸ</strong></span> <span class='ocrx_word' id='word_1_748' title='bbox 837 5724 1219 5796; x_wconf 77' lang='grc' dir='ltr'>Διοκλητιανοῦ</span> <span class='ocrx_word' id='word_1_749' title='bbox 1251 5726 1346 5799; x_wconf 76' lang='grc' dir='ltr'>ἔτη</span> <span class='ocrx_word' id='word_1_750' title='bbox 1377 5728 1535 5800; x_wconf 78' lang='grc' dir='ltr'>μέχρι</span> <span class='ocrx_word' id='word_1_751' title='bbox 1563 5730 1659 5801; x_wconf 81' lang='grc' dir='ltr'><strong>τῆς</strong></span> <span class='ocrx_word' id='word_1_752' title='bbox 1697 5730 1980 5805; x_wconf 81' lang='grc' dir='ltr'>παρούσης</span> 
     </span>
    </p>
   </div>
   <div class='ocr_carea' id='block_1_102' title="bbox 475 5837 1235 5910">
    <p class='ocr_par' dir='ltr' id='par_1_102' title="bbox 475 5837 1235 5910">
     <span class='ocr_line' id='line_1_103' title="bbox 475 5837 1235 5910; baseline 0.001 -17"><span class='ocrx_word' id='word_1_753' title='bbox 475 5839 517 5869; x_wconf 72' lang='grc' dir='ltr'><strong>ἰ</strong></span> <span class='ocrx_word' id='word_1_754' title='bbox 561 5841 601 5910; x_wconf 72' lang='grc' dir='ltr'>ί.</span> <span class='ocrx_word' id='word_1_755' title='bbox 638 5845 727 5908; x_wconf 84' lang='grc' dir='ltr'>ιγ’.</span> <span class='ocrx_word' id='word_1_756' title='bbox 802 5840 847 5872; x_wconf 73' lang='grc' dir='ltr'><strong>υ</strong></span> <span class='ocrx_word' id='word_1_757' title='bbox 873 5841 913 5910; x_wconf 83' lang='lat' dir='ltr'><strong>f.</strong></span> <span class='ocrx_word' id='word_1_758' title='bbox 952 5837 1025 5905; x_wconf 73' lang='grc' dir='ltr'>ξεν</span> <span class='ocrx_word' id='word_1_759' title='bbox 1060 5841 1235 5910; x_wconf 77' lang='grc' dir='ltr'>αιὲηῙ.</span> 
     </span>
    </p>
   </div>
   <div class='ocr_carea' id='block_1_103' title="bbox 2083 4633 3655 4709">
    <p class='ocr_par' dir='ltr' id='par_1_103' title="bbox 2083 4633 3655 4709">
     <span class='ocr_line' id='line_1_104' title="bbox 2083 4633 3655 4709; baseline -0.007 -14"><span class='ocrx_word' id='word_1_760' title='bbox 2083 4639 2235 4696; x_wconf 88' lang='lat' dir='ltr'><strong>sibus</strong></span> <span class='ocrx_word' id='word_1_761' title='bbox 2263 4652 2435 4709; x_wconf 87' lang='lat' dir='ltr'><strong>usque</strong></span> <span class='ocrx_word' id='word_1_762' title='bbox 2456 4637 2523 4691; x_wconf 91' lang='lat' dir='ltr'><strong>ad</strong></span> <span class='ocrx_word' id='word_1_763' title='bbox 2542 4637 2903 4708; x_wconf 89' lang='lat' dir='ltr'><strong>propositum,</strong></span> <span class='ocrx_word' id='word_1_764' title='bbox 2922 4634 3169 4706; x_wconf 88' lang='lat' dir='ltr'><strong>singulos</strong></span> <span class='ocrx_word' id='word_1_765' title='bbox 3190 4633 3309 4690; x_wconf 89' lang='lat' dir='ltr'><strong>dies</strong></span> <span class='ocrx_word' id='word_1_766' title='bbox 3327 4645 3655 4687; x_wconf 85' lang='lat' dir='ltr'><strong>annumera-</strong></span> 
     </span>
    </p>
   </div>
   <div class='ocr_carea' id='block_1_104' title="bbox 2080 4723 3656 4802">
    <p class='ocr_par' dir='ltr' id='par_1_104' title="bbox 2080 4723 3656 4802">
     <span class='ocr_line' id='line_1_105' title="bbox 2080 4723 3656 4802; baseline -0.005 -16"><span class='ocrx_word' id='word_1_767' title='bbox 2080 4747 2235 4795; x_wconf 82' lang='lat' dir='ltr'><strong>mus,</strong></span> <span class='ocrx_word' id='word_1_768' title='bbox 2266 4746 2365 4801; x_wconf 89' lang='lat' dir='ltr'><strong>pro</strong></span> <span class='ocrx_word' id='word_1_769' title='bbox 2389 4731 2636 4802; x_wconf 88' lang='lat' dir='ltr'><strong>Augusto</strong></span> <span class='ocrx_word' id='word_1_770' title='bbox 2668 4743 2799 4784; x_wconf 87' lang='lat' dir='ltr'><strong>vero</strong></span> <span class='ocrx_word' id='word_1_771' title='bbox 2814 4728 2974 4793; x_wconf 86' lang='lat' dir='ltr'><strong>duos,</strong></span> <span class='ocrx_word' id='word_1_772' title='bbox 3002 4726 3203 4798; x_wconf 90' lang='lat' dir='ltr'><strong>quibus</strong></span> <span class='ocrx_word' id='word_1_773' title='bbox 3232 4724 3417 4781; x_wconf 87' lang='lat' dir='ltr'><strong>addita</strong></span> <span class='ocrx_word' id='word_1_774' title='bbox 3437 4723 3656 4796; x_wconf 68' lang='lat' dir='ltr'><strong>quaesiti</strong></span> 
     </span>
    </p>
   </div>
   <div class='ocr_carea' id='block_1_105' title="bbox 2079 4817 3252 4890">
    <p class='ocr_par' dir='ltr' id='par_1_105' title="bbox 2079 4817 3252 4890">
     <span class='ocr_line' id='line_1_106' title="bbox 2079 4817 3252 4890; baseline -0.003 -13"><span class='ocrx_word' id='word_1_775' title='bbox 2079 4822 2287 4878; x_wconf 88' lang='lat' dir='ltr'><strong>mensis</strong></span> <span class='ocrx_word' id='word_1_776' title='bbox 2309 4820 2420 4886; x_wconf 91' lang='lat' dir='ltr'><strong>die,</strong></span> <span class='ocrx_word' id='word_1_777' title='bbox 2452 4834 2668 4877; x_wconf 89' lang='lat' dir='ltr'><strong>summa</strong></span> <span class='ocrx_word' id='word_1_778' title='bbox 2700 4835 2798 4890; x_wconf 91' lang='lat' dir='ltr'><strong>per</strong></span> <span class='ocrx_word' id='word_1_779' title='bbox 2829 4835 2939 4874; x_wconf 87' lang='lat' dir='ltr'><strong>xxx</strong></span> <span class='ocrx_word' id='word_1_780' title='bbox 2968 4817 3252 4875; x_wconf 85' lang='lat' dir='ltr'><strong>dividitur.</strong></span> 
     </span>
    </p>
   </div>
   <div class='ocr_carea' id='block_1_106' title="bbox 2147 5086 3656 5165">
    <p class='ocr_par' dir='ltr' id='par_1_106' title="bbox 2147 5086 3656 5165">
     <span class='ocr_line' id='line_1_107' title="bbox 2147 5086 3656 5165; baseline -0.007 -15"><span class='ocrx_word' id='word_1_781' title='bbox 2147 5095 2340 5150; x_wconf 85' lang='lat' dir='ltr'><strong>Aliter.</strong></span> <span class='ocrx_word' id='word_1_782' title='bbox 2366 5093 2601 5165; x_wconf 88' lang='lat' dir='ltr'><strong>Epactas</strong></span> <span class='ocrx_word' id='word_1_783' title='bbox 2632 5092 2791 5147; x_wconf 67' lang='grc' dir='ltr'>Ιυηωι</span> <span class='ocrx_word' id='word_1_784' title='bbox 2802 5106 2928 5149; x_wconf 89' lang='lat' dir='ltr'><strong>cum</strong></span> <span class='ocrx_word' id='word_1_785' title='bbox 2946 5091 3142 5148; x_wconf 86' lang='lat' dir='ltr'><strong>diebus</strong></span> <span class='ocrx_word' id='word_1_786' title='bbox 3164 5105 3194 5146; x_wconf 91' lang='lat' dir='ltr'><strong>a</strong></span> <span class='ocrx_word' id='word_1_787' title='bbox 3211 5087 3471 5146; x_wconf 87' lang='lat' dir='ltr'><strong>Kalendis</strong></span> <span class='ocrx_word' id='word_1_788' title='bbox 3493 5086 3656 5158; x_wconf 85' lang='lat' dir='ltr'><strong>Apri-</strong></span> 
     </span>
    </p>
   </div>
   <div class='ocr_carea' id='block_1_107' title="bbox 2077 5180 3654 5258">
    <p class='ocr_par' dir='ltr' id='par_1_107' title="bbox 2077 5180 3654 5258">
     <span class='ocr_line' id='line_1_108' title="bbox 2077 5180 3654 5258; baseline -0.006 -14"><span class='ocrx_word' id='word_1_789' title='bbox 2077 5189 2222 5244; x_wconf 90' lang='lat' dir='ltr'><strong>libus</strong></span> <span class='ocrx_word' id='word_1_790' title='bbox 2251 5188 2319 5243; x_wconf 90' lang='lat' dir='ltr'><strong>ad</strong></span> <span class='ocrx_word' id='word_1_791' title='bbox 2345 5187 2634 5258; x_wconf 64' lang='lat' dir='ltr'><strong>quaesitum</strong></span> <span class='ocrx_word' id='word_1_792' title='bbox 2670 5186 2906 5244; x_wconf 88' lang='lat' dir='ltr'><strong>evolutis</strong></span> <span class='ocrx_word' id='word_1_793' title='bbox 2926 5200 3051 5242; x_wconf 91' lang='lat' dir='ltr'><strong>cum</strong></span> <span class='ocrx_word' id='word_1_794' title='bbox 3074 5182 3356 5256; x_wconf 81' lang='lat' dir='ltr'><strong>proposita</strong></span> <span class='ocrx_word' id='word_1_795' title='bbox 3385 5180 3474 5237; x_wconf 91' lang='lat' dir='ltr'><strong>die</strong></span> <span class='ocrx_word' id='word_1_796' title='bbox 3499 5194 3654 5236; x_wconf 86' lang='lat' dir='ltr'><strong>com-</strong></span> 
     </span>
    </p>
   </div>
   <div class='ocr_carea' id='block_1_108' title="bbox 2080 5276 3434 5352">
    <p class='ocr_par' dir='ltr' id='par_1_108' title="bbox 2080 5276 3434 5352">
     <span class='ocr_line' id='line_1_109' title="bbox 2080 5276 3434 5352; baseline -0.003 -16"><span class='ocrx_word' id='word_1_797' title='bbox 2080 5280 2355 5352; x_wconf 90' lang='lat' dir='ltr'><strong>ponimus.</strong></span> <span class='ocrx_word' id='word_1_798' title='bbox 2390 5278 2669 5336; x_wconf 90' lang='lat' dir='ltr'><strong>Summam</strong></span> <span class='ocrx_word' id='word_1_799' title='bbox 2697 5295 2796 5351; x_wconf 90' lang='lat' dir='ltr'><strong>per</strong></span> <span class='ocrx_word' id='word_1_800' title='bbox 2835 5295 2963 5335; x_wconf 73' lang='lat' dir='ltr'><strong>xxix</strong></span> <span class='ocrx_word' id='word_1_801' title='bbox 3004 5277 3111 5350; x_wconf 65' lang='grc' dir='ltr'>ιβ</span> <span class='ocrx_word' id='word_1_802' title='bbox 3147 5276 3434 5349; x_wconf 83' lang='lat' dir='ltr'><strong>partimur.</strong></span> 
     </span>
    </p>
   </div>
   <div class='ocr_carea' id='block_1_109' title="bbox 2081 5497 3656 5569">
    <p class='ocr_par' dir='ltr' id='par_1_109' title="bbox 2081 5497 3656 5569">
     <span class='ocr_line' id='line_1_110' title="bbox 2081 5497 3656 5569; baseline -0.007 -10"><span class='ocrx_word' id='word_1_803' title='bbox 2081 5501 2160 5558; x_wconf 81' lang='lat' dir='ltr'><strong>De</strong></span> <span class='ocrx_word' id='word_1_804' title='bbox 2182 5502 2334 5558; x_wconf 79' lang='lat' dir='ltr'><strong>annis</strong></span> <span class='ocrx_word' id='word_1_805' title='bbox 2366 5519 2401 5556; x_wconf 78' lang='grc' dir='ltr'><strong>α</strong></span> <span class='ocrx_word' id='word_1_806' title='bbox 2431 5500 2797 5563; x_wconf 77' lang='lat' dir='ltr'><strong>Diocletiano;</strong></span> <span class='ocrx_word' id='word_1_807' title='bbox 2832 5497 3090 5569; x_wconf 84' lang='lat' dir='ltr'><strong>quomodo</strong></span> <span class='ocrx_word' id='word_1_808' title='bbox 3131 5503 3428 5569; x_wconf 64' lang='lat' dir='ltr'><strong>putentur,_</strong></span> <span class='ocrx_word' id='word_1_809' title='bbox 3460 5503 3510 5549; x_wconf 82' lang='lat' dir='ltr'><strong>et</strong></span> <span class='ocrx_word' id='word_1_810' title='bbox 3550 5509 3656 5565; x_wconf 74' lang='lat' dir='ltr'><strong>qua</strong></span> 
     </span>
    </p>
   </div>
   <div class='ocr_carea' id='block_1_110' title="bbox 2257 5564 3510 5627">
    <p class='ocr_par' dir='ltr' id='par_1_110' title="bbox 2257 5564 3510 5627">
     <span class='ocr_line' id='line_1_111' title="bbox 2257 5564 3510 5627; baseline -0.007 0"><span class='ocrx_word' id='word_1_811' title='bbox 2257 5574 2464 5627; x_wconf 80' lang='lat' dir='ltr'><strong>ratione</strong></span> <span class='ocrx_word' id='word_1_812' title='bbox 2488 5581 2621 5627; x_wconf 68' lang='lat' dir='ltr'><strong>retas</strong></span> <span class='ocrx_word' id='word_1_813' title='bbox 2649 5572 2794 5627; x_wconf 65' lang='lat' dir='ltr'><strong>luna:</strong></span> <span class='ocrx_word' id='word_1_814' title='bbox 2819 5564 2879 5625; x_wconf 78' lang='lat' dir='ltr'><strong>in</strong></span> <span class='ocrx_word' id='word_1_815' title='bbox 2908 5569 3019 5623; x_wconf 74' lang='lat' dir='ltr'><strong>illis</strong></span> <span class='ocrx_word' id='word_1_816' title='bbox 3045 5564 3359 5623; x_wconf 72' lang='lat' dir='ltr'><strong>inuenienda</strong></span> <span class='ocrx_word' id='word_1_817' title='bbox 3383 5565 3474 5620; x_wconf 80' lang='lat' dir='ltr'><strong>sit.</strong></span> <span class='ocrx_word' id='word_1_818' title='bbox 3498 5612 3510 5619; x_wconf 91' lang='lat'><strong>.</strong></span> 
     </span>
    </p>
   </div>
   <div class='ocr_carea' id='block_1_111' title="bbox 2152 5715 3655 5792">
    <p class='ocr_par' dir='ltr' id='par_1_111' title="bbox 2152 5715 3655 5792">
     <span class='ocr_line' id='line_1_112' title="bbox 2152 5715 3655 5792; baseline -0.01 -8"><span class='ocrx_word' id='word_1_819' title='bbox 2152 5722 2249 5784; x_wconf 83' lang='lat' dir='ltr'><strong>IX.</strong></span> <span class='ocrx_word' id='word_1_820' title='bbox 2281 5727 2421 5783; x_wconf 79' lang='lat' dir='ltr'><strong>Anni</strong></span> <span class='ocrx_word' id='word_1_821' title='bbox 2454 5742 2486 5782; x_wconf 88' lang='lat' dir='ltr'><strong>a</strong></span> <span class='ocrx_word' id='word_1_822' title='bbox 2529 5725 2870 5782; x_wconf 87' lang='lat' dir='ltr'><strong>Diocletiano</strong></span> <span class='ocrx_word' id='word_1_823' title='bbox 2914 5719 2983 5778; x_wconf 90' lang='lat' dir='ltr'><strong>ad</strong></span> <span class='ocrx_word' id='word_1_824' title='bbox 3027 5726 3353 5792; x_wconf 65' lang='lat' dir='ltr'><strong>praesentem</strong></span> <span class='ocrx_word' id='word_1_825' title='bbox 3378 5715 3655 5775; x_wconf 57' lang='lat' dir='ltr'><strong>.indiCtica:</strong></span> 
     </span>
    </p>
   </div>
  </div>
