4106 6418
506 416 646 470 ‘1279

579 535 739 584 Anno
763 531 924 584 tertio
953 531 1102 600 regni
1131 528 1274 584 Darii
1309 529 1470 593 Medi,
1495 531 1564 586 ab
1593 527 1722 586 Jcsu
1756 530 1866 584 tilio
1927 529 2078 586 Jose-
2109 537 2155 594 Α

509 622 630 685 deo,
657 629 710 678 et
740 621 1073 677 Zorobabele
1115 623 1224 676 tilio
1259 621 1569 677 Salatbielis
1617 621 2074 693 Hierosolymita-

509 727 640 766 num
675 712 934 781 templum
967 711 1330 776 instauratur,
1363 728 1506 766 anno
1537 713 1728 767 Adami
1759 714 1918 768 50H.

581 887 736 940 Anno
762 887 1002 940 secundo
1035 881 1500 956 imperii'Angusti
1523 886 1756 942 Caesaris
1791 889 2074 944 numerari

510 987 794 1048 coeperunt
823 979 1172 1041 indictiones,
1199 977 1542 1048 Romanique
1571 995 1790 1035 menses
1816 989 1928 1034 tum
1963 983 2074 1050 pri—

509 1083 656 1121 mum
680 1071 747 1122 ah
771 1069 880 1123 illis
910 1068 1227 1139 excogitati,
1263 1083 1409 1122 anno
1438 1069 1631 1130 Δί]σωί
1655 1070 1818 1124 5460.

575 1241 733 1297 Anno
763 1243 992 1314 Augusti
1023 1260 1156 1298 mn
1185 1245 1434 1300 nascitur
1473 1246 1774 1300 secundum
1833 1261 1933 1300 nos
1980 1247 2074 1316 qui

507 1351 670 1406 supra
693 1353 793 1392 nos
839 1347 924 1393 est
955 1339 1188 1404 unigena
1239 1337 1422 1394 Patris
1475 1338 1650 1395 Filius
1701 1337 1862 1394 Jesus
1913 1339 2075 1393 Chri-

507 1434 660 1492 stus;
700 1443 764 1482 ac
791 1437 987 1482 natura
1037 1438 1260 1499 pr0pter
1305 1446 1406 1483 nos
1439 1429 1718 1499 perfectus
1773 1429 1830 1484 lit
1881 1430 2070 1495 homo,

507 1521 597 1590 qui
661 1529 854 1574 natura
905 1537 1000 1590 per
1054 1537 1176 1577 sese
1233 1521 1508 1592 perfectus
1552 1530 1668 1578 erat
1719 1520 1886 1586 Deus,
1927 1537 2088 1577 anno-

506 1608 700 1664 Adami
730 1611 894 1664 5501.

576 1787 733 1841 Anno
759 1805 828 1842 xv
855 1789 1059 1844 Tiberii
1109 1790 1164 1844 in
1208 1789 1446 1847 Jordane
1497 1792 1832 1862 baptizatur,
1878 1802 1930 1847 et
1976 1793 2072 1848 ad-

1500 411 1588 466 AD
1633 411 1904 468 EUSEBII
1941 406 2336 465 CHRONICON
2375 403 2732 461 APPENDIX.

3609 403 3746 458 l280

2265 526 2354 579 Ἐν
2392 525 2502 578 ἔτει
2529 531 2576 594 γ’
2609 525 2708 594 τῆς
2747 519 3018 593 βασιλείας
3051 519 3270 592 Δαρείου
3298 519 3390 574 τοῦ
3431 520 3612 592 Μήδου
3642 523 3746 575 ὑπὸ

2200 616 2357 688 Ιησοῦ
2386 616 2478 669 τοῦ
2525 615 2776 668 Ἰωσεδὲκ
2809 615 2901 668 καὶ
2933 611 3234 683 Ζοροϐάϐελ
3263 613 3356 665 τοῦ
3405 612 3672 684 Σαλαθιήλ
3715 617 3744 666 ὁ

2173 708 2230 760 ὲν
2271 705 2660 776 Ἰεροσολύμοις
2703 701 2854 768 αὖθις
2899 701 3218 774 ᾠκοδομήθη
3247 703 3390 765 ναός.
3415 699 3522 754 Ἦν
3547 703 3603 755 δὲ
3635 704 3744 756 τῶν

2131 787 2136 796 .
2172 798 2280 853 ἀπὸ
2309 796 2478 868 Ἀδὰμ
2505 797 2567 850 τὸ
2596 797 2728 867 ,ειακ

2171 889 2218 954 εἰ
2255 887 2342 940 Ἐν
2377 886 2486 938 ἔτει
2522 884 2566 956 β’
2606 888 2704 956 τῆς
2751 883 3029 954 βασιλείας
3070 883 3376 951 Αὐγούστου
3409 884 3424 914 ¹
3467 884 3746 952 Καίσαρος

2173 978 2229 1031 al
2264 975 2520 1029 Ἰνδικτοι
2575 975 2806 1045 ἤρξαντο
2845 971 3192 1042 ψηφίζεσθαι,
3239 973 3332 1024 καὶ
3375 973 3421 1024 οἱ
3457 973 3564 1024 τῶν
3607 973 3742 1024 Ῥω-

2175 1065 2351 1135 μαίων
2381 1066 2544 1136 μῆνες
2576 1065 2636 1116 ού
2669 1063 2929 1134 πρότερον
2957 1062 3139 1132 ἣ’κατ’
3179 1064 3352 1114 ἐκεῖνο
3389 1061 3578 1132 καιροῦ
3607 1062 3742 1131 πρὸς

2172 1155 2350 1208 αὐτῶν
2380 1153 2772 1224 ἔπινοηθέντες.
2799 1149 2908 1206 τΗν
2936 1152 2994 1205 δὲ
3025 1151 3132 1204 τῶν
3165 1151 3270 1204 ἀπὺ
3309 1151 3475 1220 ’Ἆδᾶμ
3505 1150 3564 1204 τὺ
3598 1151 3738 1222 ,ευξη

2258 1249 2346 1299 Ἐν
2381 1245 2490 1298 ἔτει
2541 1251 2632 1314 μγ⁹
2681 1243 2846 1296 αὐτοῦ
2897 1245 3154 1311 γεννᾶται
3201 1243 3322 1296 καθ’
3361 1245 3508 1312 ἡμᾶς
3545 1243 3574 1294 ὁ
3604 1243 3742 1314 ὑπὲρ

2173 1337 2318 1407 ἡμᾶς
2367 1334 2654 1406 μονογενὴς
2693 1331 2788 1386 τοῦ
2833 1333 3044 1403 Πατρδς
3083 1333 3210 1395 Υἱὸς
3250 1332 3456 1402 Ἰησοῦς
3487 1332 3737 1403 Χριστὸς,

2172 1429 2267 1481 καὶ
2301 1427 2456 1495 φύσει
2485 1427 2690 1494 γίνεται
2720 1425 2786 1477 δι’
2819 1425 2964 1494 ἡμᾶς
3005 1423 3206 1485 τέλειος
3239 1422 3540 1494 ἄνθρωπος,
3581 1421 3739 1490 φύσει

2170 1524 2373 1585 τέλειος
2411 1521 2477 1573 δι’
2522 1520 2712 1572 ἑαυτὸν
2759 1518 3018 1589 ὑπάρχων
3061 1516 3216 1580 Θεός.
3244 1513 3350 1568 Ἦν
3395 1515 3452 1568 δὲ
3481 1515 3592 1568 τῶν
3633 1514 3742 1569 ἀπὸ

2183 1613 2356 1682 Ἀδὰμ
2379 1612 2441 1664 τδ
2463 1619 2620 1683 ,εφακ

2253 1703 2339 1755 Ἐν
2381 1701 2491 1753 ἔτει
2539 1708 2597 1753 ιε’
2643 1701 2754 1769 τῆς,
2787 1697 3058 1768 βασιλείας
3107 1695 3353 1767 Τιϐερίου
3384 1698 3440 1750 ὲν
3481 1697 3558 1764 τῷ
3609 1698 3741 1768 ἰορ-

2170 1794 2302 1865 δάνῃ
2337 1793 2673 1864 βαπτίζεται,
2706 1790 2919 1860 καὶ-τὴν
2947 1791 3006 1843 ὲν
3037 1789 3310 1859 Πνεύματι
3337 1789 3481 1858 ἁγίῳ
3513 1792 3620 1853 τοῖς
3651 1807 3742 1842 πιο

506 1878 780 1948 cptionem
817 1878 1055 1949 Spiritus
1083 1883 1256 1937 sancti
1277 1881 1632 1940 credentibus
1659 1885 1906 1954 largitur,
1927 1899 2070 1939 anno

2175 1884 2449 1940 στεύουσιν
2473 1882 2740 1936 υἱοθεσίαν
2761 1879 3062 1953 χαρίζεται.
3092 1875 3202 1932 Ἦν
3227 1879 3286 1932 δὲ
3309 1878 3416 1932 τῶν
3449 1879 3555 1931 ἀπὸ
3571 1877 3748 1948 Ἀδὰμ

503 1969 694 2023 Adami
721 1969 877 2025 5550.

572 2061 731 2115 Αηηο
752 2079 841 2115 ιιιχ
873 2061 1075 2117 Tiberii
1102 2063 1349 2133 ejusdem
1390 2065 1458 2120 ad
1500 2065 1836 2120 salutiferam
1867 2065 2076 2134 passio-

505 2171 630 2210 nem
663 2157 834 2218 venit,
881 2156 1376 2225 impassibilitatem
1400 2173 1464 2212 ex
1501 2172 1564 2212 ea
1609 2165 1822 2211 natura“:
1874 2163 2076 2212 nostra:

503 2243 818 2310 conferens,
843 2259 987 2299 anno
1013 2247 1206 2300 Adami
1243 2246 1405 2302 55⁸54.

572 2341 731 2390 Anno
755 2336 1103 2391 Constantini
1126 2355 1193 2392 xx
1227 2337 1420 2392 Nicaea!
1455 2338 1702 2410 synodus
1730 2337 1920 2394 habita
1968 2347 2072 2404 est,

505 2437 650 2480 anno
679 2425 874 2482 Adami
903 2428 1062 2491 5816,
1093 2427 1297 2484 Christi
1328 2429 1454 2486 516.

574 2595 736 2650 Anno
781 2599 1024 2654 secundo
1077 2599 1368 2657 Theodosii
1417 2602 1890 2676 ConstantinOpoli
1933 2608 2082 2664 cele—-

506 2685 665 2740 brata
695 2691 958 2760 synodus,
997 2707 1142 2748 anno
1175 2693 1366 2749 Adami
1392 2695 1554 2763 5872,
1579 2697 1783 2752 Christi
1807 2697 1932 2752 572.

578 2868 738 2923 Anno
765 2887 862 2926 xm
889 2871 1184 2930 Theodosii
1205 2876 1442 2944 junioris
1469 2877 1743 2947 Ephesina
1771 2880 1946 2949 prima
1981 2895 2073 2950 sy..-

508 2959 684 3015 nodus
708 2961 888 3016 habita
915 2971 1019 3029 est,
1060 2981 1204 3020 anno
1229 2966 1389 3032 59l'5,
1414 2968 1616 3024 Christi
1637 2970 1764 3027 415.

578 3129 736 3186 Anno
789 3135 968 3204 primo
1025 3139 1240 3209 imperii
1299 3141 1560 3197 Marciani
1623 3143 2068 3202 Chalcedonense

2175 1971 2236 2025 τὸ
2249 1989 2288 2042 ,ε
2295 1973 2395 2040 φλ’.

2257 2063 2344 2114 Ἐν
2371 2061 2480 2114 ἔτει
2511 2061 2576 2116 ιϐ’·
2600 2061 2694 2116 τοῦ
2733 2057 2896 2115 αὐτοῦ
2923 2059 3016 2112 ἐπὶ
3045 2059 3122 2112 το
3147 2059 3408 2129 σωτήριον
3454 2058 3591 2110 τεται
3631 2057 3740 2111 πά-

2175 2151 2285 2217 θος,
2317 2151 2582 2206 ἀπάθειαν
2626 2151 2870 2206 ἐντεῦθεν
2907 2153 2972 2222 τῇ
3013 2150 3252 2222 ἡμετέρα
3287 2149 3443 2219 φύσει
3469 2148 3752 2220 δωρούμε-.

2173 2260 2284 2306 νος.
2309 2239 2418 2295 Ἦν
2445 2243 2500 2295 δὲ
2528 2243 2634 2297 τῶν
2666 2242 2792 2296 ἀπὸ
2817 2241 2985 2312 Ἀδὰμ
3016 2241 3076 2294 τὸ
3107 2241 3284 2312 ,εφλδκ

2258 2333 2344 2385 Ἐν
2385 2331 2492 2385 ἔτει
2517 2339 2565 2385 κ’
2591 2333 2690 2404 τῆς
2731 2331 3000 2402 βασιλείας
3043 2331 3445 2384 Κωνσταντίνου
3477 2319 3602 2400 ἡ’ὲν
3635 2330 3736 2382 Νι-

2173 2424 2304 2494 καίᾳ
2319 2427 2508 2492 γέγονε
2539 2422 2772 2486 σύνοδος.
2793 2418 2900 2476 Ἦν
2927 2423 2982 2475 δὲ
3009 2422 3115 2476 τῶν
3135 2421 3242 2478 ἀπὸ
3268 2419 3438 2491 Ἀδὰμ
3464 2419 3526 2474 τὸ
3546 2420 3734 2494 ,εωιςπ

2170 2515 2280 2568 τῶν
2307 2515 2412 2568 ἀπὸ
2433 2513 2666 2586 Χριστοῦ
2697 2514 2752 2566 δὲ
2779 2514 2840 2566 τὸ
2863 2513 3006 2582 ἔτις’.

2255 2607 2342 2658 Ἐν
2374 2605 2480 2658 ἔτει
2509 2605 2552 2675 β’
2579 2605 2680 2674 τῆς
2707 2604 2979 2675 βασιλείας
3001 2603 3276 2657 Θεοδοσίου
3308 2605 3340 2674 ἡ
3374 2605 3432 2656 ἔν
3457 2605 3756 2656 Κωνστανο-

2169 2696 2472 2749 τινουπόλει
2500 2695 2688 2764 γέγονε
2713 2695 2944 2759 σύνοδος.
2973 2691 3078 2748 Ἦν
3102 2695 3158 2748 δὲ
3185 2695 3292 2748 τῶν
3317 2695 3414 2766 μὲν
3439 2693 3548 2747 ἀπὸ
3569 2693 3740 2764 Ἀδὰμ
3763 2725 3768 2744 ς

2169 2787 2229 2840 τὸ
2257 2786 2442 2856 ,εωοβκ
2470 2785 2576 2838 τῶν
2607 2787 2662 2838 δὲ
2683 2787 2789 2839 ἀπὸ
2812 2785 3044 2858 Χριστοῦ
3065 2785 3127 2838 τὸ
3152 2785 3278 2855 τοβ’.

2253 2879 2338 2931 Ἐν
2368 2877 2476 2930 ἔτει
2508 2877 2575 2946 ιγ’
2599 2879 2694 2948 τῆς
2723 2877 2998 2948 βασιλείας
3027 2877 3303 2935 Θεοδοσίου
3337 2875 3428 2930 τοῦ
3461 2876 3582 2931 νέου
3609 2879 3642 2948 ή
3675 2879 3738 2929 ὲν

2183 2969 2390 3040 Ἐφέσῳ
2423 2969 2483 3022 τὸ
2513 2969 2774 3041 πρότερον
2803 2969 2988 3038 γέγονε
3018 2969 3250 3032 σύνοδος.
3275 2965 3382 3021 τΗν
3415 2968 3472 3020 δὲ
3499 2967 3608 3022 τῶν
3639 2967 3740 3039 μὲν

2167 3060 2274 3114 ἀπὸ
2313 3058 2482 3129 Ἀδὰμ
2511 3059 2570 3111 τὸ
2595 3061 2771 3130 ,εὲιγκ
2805 3058 2912 3111 τῶν
2947 3059 3004 3112 δὲ
3031 3059 3138 3112 ἀπὸ
3167 3057 3399 3129 Χριστοῦ
3429 3057 3489 3112 τὸ
3517 3065 3642 3126 mf.

2253 3150 2338 3202 ’Ev
2371 3150 2477 3202 ἔτει
2511 3155 2559 3202 α’
2581 3151 2687 3222 ’τῆς
2724 3150 2998 3220 βασιλείας
3028 3147 3342 3222 Μαρκιανοῦ
3373 3151 3405 3220 ἡ
3433 3151 3489 3202 ὲν
3523 3148 3744 3219 Καλχη-

508 3219 799 3274 concilium
827 3225 1155 3295 celebratur,
1173 3244 1315 3284 anno
1339 3231 1407 3286 ab
1443 3233 1652 3286 Adamo
1678 3232 1839 3298 5945,
1866 3233 2070 3288 aChri-

2175 3241 2280 3294 δόνι
2315 3241 2504 3310 γέγονε
2549 3219 2783 3304 σύνοδος.
2823 3237 2928 3294 τΗν
2973 3242 3028 3294 δὲ
3061 3219 3166 3294 τῶν
3211 3241 3309 3310 μὲν
3341 3219 3448 3294 ἀπὸ
3479 3237 3650 3310 ’Λδαμ
3675 3237 3766 3293 τὰ

509 3315 596 3361 sto
615 3310 740 3365 445.

574 3401 731 3497 anno
784 3420 908 3460 xxvt
972 3410 1186 3478 imperii
1233 3411 1524 3471 Iustiniani
1581 3422 1770 3490 quinta
1828 3427 2069 3497 synodus

508 3488 694 3545 habita
724 3505 827 3558 est,
872 3497 939 3553 ab
981 3501 1189 3559 Adamo
1217 3523 1361 3564 anno
1400 3509 1561 3578 6045,
1599 3488 1636 3566 ξι
1691 3488 1911 3574 Christo
1944 3520 2068 3575 διε.

2175 3330 2376 3403 ,εῇμγᾏ
2407 3331 2511 3384 τῶν
2535 3331 2590 3383 δὲ
2618 3331 2723 3384 ἀπὸ
2751 3329 2984 3401 Χριστοῦ
3014 3349 3042 3382 υ
3053 3337 3158 3400 μγ¹.

2259 3421 2346 3474 Ἐν
2379 3421 2488 3474 ἔτει
2539 3429 2632 3486 κς¹
2671 3421 2944 3491 βασιλείας
2981 3421 3355 3474 ’1ουστινιανοῦ
3396 3421 3429 3491 ή
3476 3420 3515 3472 ε’
3549 3417 3746 3486 γέγονε

2177 3511 2412 3574 σύνοδος.
2441 3509 2548 3566 τΗν
2577 3513 2631 3566 δὲ
2661 3513 2769 3566 τῶν
2802 3513 2898 3584 μὲν
2931 3513 3038 3566 ἀπὸ
3069 3512 3240 3584 Ἀδὰμ
3265 3513 3325 3566 τὸ
3348 3517 3512 3582 ,ςμε’,
3543 3508 3653 3563 τῶν
3683 3507 3742 3564 ξιξ

2177 3604 2284 3658 ἀπὸ
2311 3605 2544 3676 Χριστοῦ
2575 3613 2720 3676 φμε¹.

523 3719 3716 3788 Ἣ

1415 3859 1928 3996 ΙΣΑΑΚ
2017 3868 2876 4008 ΜΟΝΑΧΟΥ

1870 4095 2006 4150 ΤΟΥ
2051 4099 2368 4154 ΑΡΓΥΡΟΥ

887 4249 1034 4336 ΤΩ
1101 4253 1692 4344 ΣΟΦΩΤΑΤΩ
1760 4261 2294 4394 ΟΙΝΑΙΩΤΗ
2331 4264 2664 4354 ΚΥΡΙΩ
2721 4263 3376 4356 ΑΝΔΡΟΝΙΚΩ

647 4429 916 4496 Μεθόδους
941 4435 1220 4506 αἰτήσαντι
1257 4435 1479 4500 λογικὰς
1501 4439 1753 4493 ἐκθέσθαι
1778 4440 2015 4495 ἡλιακῶν
2045 4443 2140 4495 καὶ
2169 4443 2503 4516 σεληνιακῶν
2532 4445 2766 4502 κύκλων.
2795 4449 2891 4501 καὶ
2919 4447 3026 4503 τῶν
3051 4448 3260 4514 τούτοις
3293 4447 3608 4520 ἑπομένωνε

1187 4693 1656 4808 ISAACI
1755 4697 2240 4812 MONAC
2261 4701 2410 4812 HI
2499 4699 3037 4814 ARGYRI

1547 4914 1634 4969 AD
1671 4915 2060 4972 ΟΕΝᾹΞΟΤΕΜ
2110 4914 2176 4972 D.
2217 4915 2692 4984 ANDROMCUM,

497 5065 626 5138 Qui
663 5066 910 5129 ratione
961 5069 1220 5129 traditas
1269 5069 1604 5132 methodos
1637 5071 1985 5149 postularat
2034 5070 2190 5131 solis
2236 5087 2307 5132 ac
2354 5070 2526 5132 lunae
2566 5071 2914 5151 cyclorum,
2947 5079 3016 5134 et-
3054 5086 3278 5132 eorum
3325 5087 3470 5150 quaa
3509 5089 3586 5132 ex
3636 5071 3758 5136 his--

1863 5158 2372 5228 consequuntur.

1703 5277 1953 5350 Dionysio
1983 5277 2198 5331 Petam'o
2239 5277 2536 5344 interprete.

1015 5481 1176 5555 19a.
1208 5483 1552 5540 Proaemium.

2785 5480 3116 5548 Προοίμιον.

575 5567 842 5636 Quoniam
875 5579 1086 5630 cmteris
1115 5576 1208 5644 qui
1239 5578 1424 5630 vivunt
1463 5577 1645 5646 hodie,
1685 5579 2066 5648 praetermissis

2256 5574 2471 5644 Ἐπειδὴ
2497 5573 2627 5636 τοὺς
2653 5571 2843 5634 ἄλλους
2870 5570 2978 5624 τῶν
3004 5569 3098 5624 νῦν
3124 5568 3304 5639 σοφῶν
3345 5565 3745 5641 παραδραμὼν,

507 5661 716 5727 peritis,
749 5663 986 5716 virorum
1029 5667 1500 5734 praestantissime,
1532 5683 1634 5725 nos
1683 5667 1910 5726 idoneos
1947 5682 2069 5724 esse

2175 5659 2222 5724 ὦ
2259 5665 2485 5720 θειότατ’
2517 5663 2747 5734 ἀνδρῶν,
2774 5663 2920 5734 ἡμᾶς
2949 5659 3148 5726 ἱκανῶς
3179 5660 3323 5732 ἔχειν
3358 5661 3744 5731 κέκρικαςλτάς

583 5813 604 5842 ί
627 5831 716 5881 γρ.
751 5815 916 5868 αὐτοῦ
941 5831 1056 5868 του.
