4106 6476
408 422 541 477 Μὸί

1269 418 1492 475 ISAACI
1528 415 1836 473 MONACHI
1874 413 2250 472 COMPUTUS
2289 414 2735 474 ECCLESIAST.

3433 483 3435 485 ,
3498 420 3638 479 1282

408 541 516 595 τῶν
553 539 930 613 ῥηθησομένων
964 536 1252 596 ἀποδοῦναί
1285 557 1368 593 σοι
1420 538 1673 610 μεθόδους
1695 554 1708 568 ·
1755 536 1889 607 πρὸς
1917 535 1962 589 δὲ

2071 534 2354 604 judicasti,
2389 536 2484 606 qui
2507 551 2719 600 eorum,
2746 535 2813 591 de
2841 536 3042 607 quibus
3072 535 3272 592 dicturi
3291 552 3502 602 sumus,
3522 541 3637 595 vias

411 635 504 688 καὶ
543 632 642 695 τὰς
693 633 784 685 ἐπὶ
838 630 1060 695 ταύταις
1101 630 1209 683 τῶν
1260 630 1432 698 λόγων
1478 630 1686 692 αἰτίας⁹
1741 629 1822 699 (ού
1867 628 1975 698 γὰρ

409 725 614 793 ἀγνοῶν
660 725 733 794 μὴ
779 723 950 786 οὕτως
997 725 1145 794 ἡμᾶς
1177 722 1418 794 ἔχοντας,
1451 723 1514 776 τὺ
1557 721 1793 776 τοιοῦτον
1843 721 1974 791 ἡμῖν

408 813 757 886 τεθαρρηκὼς
817 813 1132 884 σπούδασμα
1194 813 1557 884 προσανέθου·
1628 811 1848 879 εὔλογον
1917 810 1975 863 δὲ

406 907 599 977 ἡγήσω
636 909 700 976 τῇ
733 905 884 976 φιλίᾳ
898 905 1260 976 χαρίσασθαι,
1291 905 1449 975 φύσει
1489 903 1824 976 τυραννούσιῃ
1849 903 1975 964 τοὺς

407 1002 542 1071 αὐτῇ
577 1000 778 1070 κυρίως
801 998 1113 1070 χρωμένους
1143 999 1237 1050 καὶ
1261 997 1356 1058 τὰς
1383 996 1595 1067 ψήφους
1625 994 1872 1048 ἐντεῦθεν
1899 993 1976 1046 δε-

406 1091 592 1155 κάζειν
629 1088 1180 1161 παρασκευαζούσῃ·)
1225 1088 1318 1141 καὶ
1351 1091 1534 1158 ἡμεῖς,
1568 1087 1642 1150 ὡς
1684 1085 1971 1151 ἐπέταξας,

407 1183 659 1254 κινοῦμεν
687 1183 787 1253 ήδη
813 1183 910 1253 τὴν
939 1184 1096 1252 χεῖρα
1131 1181 1265 1250 πρὸς
1302 1177 1550 1251 τοῦργον,
1581 1179 1678 1251 τὴν
1720 1179 1817 1250 σὴν
1848 1178 1974 1249 περὶ

405 1279 554 1348 ἡμᾶς
592 1275 772 1345 ψῆφον
801 1274 1231 1342 δυσωπηθέντες,
1279 1273 1372 1326 καὶ
1419 1271 1558 1325 κατὰ
1587 1271 1647 1323 τὸ
1685 1269 1973 1322 ἀκόλουθον

410 1367 530 1438 μηδ’
564 1368 724 1436 ἡμεῖς
750 1363 988 1418 ὁντινοῦν
1010 1363 1108 1432 τῆς
1132 1361 1336 1414 ἑαυτῶν
1367 1362 1492 1433 περὶ
1516 1360 1576 1414 τὸ
1617 1360 1972 1432 προκείμενον

406 1458 700 1528 ἀδυναμίας
737 1456 1092 1526 ποιησάμενοι
1136 1454 1310 1522 λόγον.
1343 1453 1530 1516 Ὅπως
1561 1452 1604 1505 δ’
1636 1451 1700 1505 ἂν
1728 1452 1972 1521 ἀπαντή-

409 1568 518 1604 σειε
546 1551 606 1603 τὸ
635 1551 806 1621 πέρας
850 1550 1000 1620 ἡμῖν,
1037 1547 1273 1616 εὐλόγως
1315 1545 1529 1600 κεῖσθαί
1565 1562 1645 1598 σοι
1681 1545 1811 1614 παρ’
1849 1543 1972 1614 ἐμοὶ

405 1641 504 1714 τὴν
537 1642 692 1714 χάριν
732 1641 1076 1712 ὁμολογήσωο
1105 1638 1198 1690 τοῦ
1244 1638 1340 1708 μὲν
1379 1635 1741 1708 κατορθῶσαι,
1775 1635 1857 1687 ὅτι
1906 1635 1970 1687 σὺ

407 1735 622 1797 πάντως
666 1734 764 1806 ἔσῃ
809 1734 930 1796 δοὺς
976 1733 1074 1796 τὰς
1122 1731 1400 1804 ἀφορμάςο
1439 1728 1534 1782 τοῦ
1578 1729 1622 1782 δ’
1657 1728 1968 1795 ἀποτυχεῖν,

405 1826 488 1879 ὅτι
524 1825 597 1897 μὴ
637 1825 821 1890 ἀξίους
867 1824 1026 1888 ὄντας
1072 1823 1254 1888 ἀξίους
1295 1820 1390 1874 τοῦ
1438 1818 1757 1892 πράγματος
1786 1817 1972 1887 κέκρι-

405 1934 528 1980 κας.

750 2112 886 2181 Περὶ
921 2111 1041 2166 τῶν
1071 2109 1338 2179 ἡλιακῶν
1365 2110 1626 2163 κύκλων.

473 2230 548 2280 Δ’.
588 2228 740 2279 Ἐστι
774 2226 836 2296 δὴ
882 2225 1094 2295 πρῶτον
1130 2225 1262 2293 ἡμῖν
1301 2221 1407 2274 τῶν
1461 2215 1834 2290 προκειμένων
1889 2214 1969 2278 εἰς

405 2319 592 2388 σκέψιν
629 2318 688 2370 τὸ
730 2319 855 2388 περὶ
905 2315 1015 2368 τῶν
1064 2313 1408 2384 καλουμένων
1454 2309 1689 2381 ἡλιακῶν
1733 2305 1965 2370 κύκλων,

402 2414 548 2474 ὅπως
579 2429 636 2462 τε
662 2409 847 2463 κύκλοι
867 2406 1178 2469 καλοῦνται,
1214 2405 1304 2456 καλ¹
1336 2403 1423 2455 διὰ
1454 2402 1528 2465 τί,
1566 2401 1724 2470 μέχρι
1748 2397 1854 2451 τῶν
1883 2403 1967 2466 κη’

402 2503 696 2572 προϊόντες,
750 2499 907 2551 πάλιν
953 2497 1122 2568 ἀρχὴν
1151 2494 1512 2561 λαμϐάνουσιν
1543 2491 1650 2544 ἀπὸ
1681 2488 1774 2542 τοῦ
1817 2485 1967 2559 πρώ-

399 2608 491 2644 του
515 2609 527 2622 ·
556 2591 634 2642 ἔτι
659 2590 712 2642 δὲ
735 2589 825 2640 καὶ
849 2588 955 2640 τίνι
979 2585 1184 2656 μεθόδῳ
1204 2584 1487 2653 ζητοῦντες
1505 2581 1656 2634 τόνδε
1683 2579 1804 2634 τινὰ
1826 2577 1968 2631 κατὰ

398 2681 461 2734 τὺ
486 2681 832 2750 ἐνιστάμενον
866 2678 981 2742 ἔτος
1013 2676 1268 2740 ποσταῖός
1309 2677 1445 2740 ἑστι,
1489 2671 1728 2746 ἀκριϐῶς
1774 2669 1840 2724 ἂν
1877 2669 1966 2722 δυ-

399 2769 629 2840 ναίμεθα
653 2768 968 2840 λαμϐάνειν.

483 2880 597 2949 Ἐφ’
621 2873 666 2947 ᾧ
688 2881 780 2932 καὶ
808 2878 1057 2950 λέγομεν,
1085 2878 1164 2932 ὅτι
1195 2876 1384 2931 κύκλοι
1413 2876 1511 2947 μὲν
1537 2872 1846 2938 καλοῦνται,
1879 2871 1968 2925 διὰ

396 2970 458 3024 τὸ
487 2969 714 3022 ἕκαστον
747 2969 950 3022 τούτων
990 2971 1314 3023 ἐνιαυσιαῖον
1351 2966 1620 3038 περιέχειν
1658 2964 1962 3034 διάστημαο

397 3059 581 3129 ἐπειδὴ
608 3057 716 3128 γὰρ
748 3060 774 3110 ὁ
795 3059 1036 3120 ἐνιαυτὸς
1070 3059 1134 3128 τῇ
1161 3056 1254 3109 τοῦ
1293 3055 1443 3127 ἡλίου
1473 3056 1682 3126 κινήσει
1717 3067 1965 3124 παραμει-

395 3154 633 3222 τρεῖται·
669 3152 702 3221 ή
746 3150 801 3203 δὲ
829 3148 921 3202 τοῦ
956 3148 1104 3219 ἡλίου
1149 3147 1359 3218 κίνησις
1406 3143 1678 3207 κυκλικῶς
1716 3143 1970 3212 ἑνεργου-

2075 642 2139 680 ac
2167 627 2409 682 rationes
2445 629 2540 683 tibi
2576 629 2938 691 traderemus.
2983 636 3099 682 tum
3135 631 3444 684 earumdem
3485 631 3639 686 insu-

2074 732 2168 785 per
2198 716 2408 770 viarum
2433 718 2814 787 rationumque
2848 733 3046 774 causas
3086 719 3216 790 (non
3255 721 3398 773 enim
3431 721 3524 774 tali
3565 721 3640 774 fa-

2074 807 2278 862 cultate
2307 807 2602 865 destitutos
2631 825 2732 865 nos
2758 826 2880 865 esse
2911 812 3186 876 nesciens,
3219 811 3273 865 id
3314 812 3471 868 nobis
3509 827 3642 882 ope-

2072 907 2149 962 ris
2173 908 2431 963 audacter
2477 908 2786 978 imposuisu
2823 925 3050 964 :verum
3085 912 3340 966 amicitiae
3392 913 3641 967 tribuen-

2073 996 2201 1052 dum
2243 999 2345 1052 hoc
2392 999 2645 1068 putasti:
2680 1015 2801 1069 quae
2848 1001 3188 1070 tyrannidem
3236 1002 3527 1072 quamdam
3583 1002 3640 1057 in

2073 1104 2168 1144 eos
2190 1105 2445 1146 exercere
2470 1092 2628 1156 solet,
2671 1091 2762 1160 qui
2799 1106 2857 1146 se
2887 1099 3032 1152 totos
3065 1093 3140 1145 illi
3169 1094 3512 1162 permittunt,
3545 1107 3642 1147 eo-

2071 1198 2304 1252 rumque
2333 1181 2587 1250 suffragia
2634 1197 2696 1236 ac
2728 1183 2934 1253 judicia
2963 1185 3323 1252 corrumpit);
3364 1184 3484 1238 ideo
3514 1199 3636 1250 nos,

2072 1289 2172 1344 pro
2203 1289 2268 1328 eo
2291 1289 2354 1327 ac
2380 1275 2623 1342 jussisti,
2671 1290 2890 1329 manum
2924 1289 3050 1329 ecce
3078 1274 3430 1328 admovemus
3461 1277 3637 1344 operi,

2073 1372 2226 1419 tuum
2255 1364 2322 1419 de
2342 1365 2501 1420 nobis
2527 1366 2795 1434 judicium
2838 1364 3078 1431 reveriti,
3111 1371 3188 1428 et,
3233 1363 3377 1434 quod
3407 1380 3638 1419 consen-

2073 1466 2290 1512 taneum
2322 1466 2427 1522 est,
2449 1460 2655 1513 nullam
2681 1458 3068 1514 imbecillitatis
3099 1468 3299 1512 nostra:
3320 1458 3384 1511 ad
3411 1458 3464 1511 id
3492 1458 3639 1528 quod

2074 1549 2412 1619 propositum
2446 1557 2529 1604 est
2551 1549 2889 1604 elliciendum
2919 1550 3186 1602 rationem
3222 1549 3506 1604 ducentes.
3542 1546 3639 1604 Ut-

2071 1655 2287 1709 cunque
2307 1656 2435 1695 vero
2467 1656 2783 1696 successum
2822 1641 2981 1695 nobis
3011 1640 3196 1703 fuerit,
3222 1640 3520 1694 debitorem
3551 1655 3640 1696 me

2071 1733 2166 1786 tibi
2201 1733 2387 1802 gratia:
2411 1732 2641 1798 fatebor,
2676 1733 2844 1803 quod,
2871 1733 2983 1787 sive
3032 1749 3145 1788 rem
3193 1747 3260 1786 ex
3299 1733 3465 1786 animi
3505 1748 3636 1787 sen-

2074 1825 2240 1879 tentia
2271 1824 2570 1894 perfecero,
2607 1835 2664 1879 tu
2689 1826 2819 1880 mihi
2859 1826 2981 1894 ejus
3012 1827 3150 1880 bene
3195 1826 3444 1896 gerendae
3472 1841 3637 1880 occa-

2071 1916 2276 1970 sionem
2302 1916 2530 1984 dedisti;
2572 1917 2686 1972 sive
2707 1919 2923 1988 assequi
2977 1934 3086 1973 non
3142 1927 3393 1988 potuero,
3462 1928 3520 1972 tu
3548 1934 3637 1973 me

2071 2009 2366 2080 quamlibet
2397 2010 2682 2080 imparem,
2718 2010 2977 2065 idoneum
3015 2010 3064 2065 ei
3107 2012 3187 2064 rei
3212 2009 3490 2078 iudicasti.

2559 2120 2634 2174 De
2665 2122 2826 2191 cyclis
2857 2120 3140 2175 talaribus.

2140 2229 2180 2283 1.
2214 2228 2397 2284 Prima
2448 2231 2607 2286 nobis
2669 2231 2947 2298 omnium,
3002 2231 3279 2301 cyclorum
3319 2239 3376 2284 ut
3411 2237 3631 2294 vocant,

2071 2319 2331 2373 solarium
2379 2322 2658 2391 pr0posita
2714 2322 3082 2376 consideratio
3131 2329 3234 2385 est,
3291 2336 3389 2374 cur
3411 2328 3466 2375 et
3495 2323 3634 2391 cycli

2071 2418 2353 2474 vocentur,
2387 2420 2440 2466 et
2496 2413 2562 2467 ad
2620 2429 2790 2466 xxvm
2835 2413 3106 2483 progressi
3159 2427 3350 2467 rursus
3401 2411 3468 2465 ad
3524 2413 3637 2482 pri-

2069 2515 2216 2554 mum
2262 2503 2516 2570 redeant;
2564 2503 2694 2558 item
2754 2513 2876 2574 qua:
2921 2505 2993 2559 sit
3038 2504 3328 2559 methodus
3378 2519 3485 2575 qua
3537 2521 3635 2576 cy-

2042 2593 2211 2645 °clum
2241 2594 2540 2662 quemlibet
2566 2594 2693 2650 dato
2715 2611 2862 2651 anno
2892 2605 3095 2667 quotus
3121 2598 3195 2652 sit
3227 2604 3417 2652 exacte
3443 2613 3632 2668 perve-

2069 2683 2352 2754 stigemus.

2129 2884 2206 2940 De
2234 2901 2342 2956 quo
2369 2886 2498 2940 illud
2523 2886 2843 2953 asserimus,
2884 2888 3068 2959 cyclos
3100 2889 3319 2960 quidem
3342 2897 3630 2961 propterea

2066 2975 2357 3039 nominari,
2394 2975 2539 3044 quod
2578 2977 2954 3046 unusquisque
2986 2994 3226 3033 annuum
3255 2980 3419 3034 habet
3461 2981 3633 3035 inter-v

2064 3067 2304 3134 vallum;
2332 3082 2453 3120 nam
2474 3068 2604 3137 quia
2646 3071 2778 3125 solis
2803 3085 2969 3126 cursu
2994 3072 3250 3125 metimur
3273 3086 3508 3138 annum,
3539 3089 3632 3129 so-

2066 3155 2133 3209 lis
2161 3169 2290 3210 vero
2319 3165 2496 3209 motus
2522 3157 2574 3210 in
2599 3158 2785 3212 orbem
2811 3160 3083 3222 evolutus,
3105 3169 3158 3214 et
3185 3161 3253 3215 ab
3284 3176 3392 3215 uno
3425 3171 3630 3231 puncto

399 3209 556 3311 μένη,
597 3209 824 3294 καὶΙάπὺ
863 3239 956 3292 τοῦ
978 3209 1152 3292 ἀὐτοῦ
1197 3209 1420 3309 σημείου
1461 3239 1540 3300 εἰς
1570 3235 1629 3289 τό
1660 3209 1962 3288 αὐτὸ-διπο-

2208 3209 2216 3210 ,
2564 3209 2572 3210 ,
2817 3209 3083 3222 -.-Ψ-η
3109 3209 3157 3214 --
3187 3209 3249 3215 μ-
3289 3209 3387 3215 _---
3425 3209 3626 3231 ,_-.---

2066 3247 2132 3301 ad
2173 3246 2312 3301 idem
2352 3262 2606 3302 reversus
2647 3247 2837 3302 definit
2893 3265 3135 3317 annum;
3194 3253 3456 3322 temporis
3493 3253 3627 3308 illud

395 3331 783 3402 καθισταμένη,
825 3331 915 3383 τὸν
953 3329 1202 3383 ’ἐνιαυτὸν
1245 3329 1414 3400 ὁρίζει
1438 3344 1452 3358 ο
1487 3327 1730 3388 ,εἰκότως
1770 3324 1862 3378 καὶ
1904 3323 1964 3377 τὸ

393 3419 707 3492 ὁριζόμενον
746 3420 992 3492 χρονικὸν
1032 3419 1304 3491 διάστημα
1360 3418 1464 3471 ὑπὸ
1512 3417 1621 3470 τῶν
1673 3417 1764 3470 τοῦ
1813 3415 1961 3487 ἡλίου

395 3509 666 3562 κυκλικῶν
714 3509 1000 3579 κινήσεων,
1034 3507 1062 3560 ὃ
1105 3507 1200 3561 καὶ
1247 3505 1490 3560 ἐνιαυτὸν
1536 3502 1830 3572 καλοῦμεν,
1863 3500 1962 3555 κύ-

394 3601 520 3662 κλος
561 3600 762 3671 ἐκλήθη
782 3617 796 3630 ·
832 3597 1314 3668 συνεπινοουμένης
1341 3597 1434 3649 καὶ
1465 3596 1562 3665 τῆς
1591 3593 1684 3646 τοῦ
1715 3590 1960 3646 ἑνιαυτοῦ

393 3690 654 3761 κλήσεως,
690 3688 916 3754 ἑντελῶς
959 3689 1156 3752 κύκλος
1201 3687 1468 3750 ἐνιαύσιος
1513 3686 1600 3756 εἴη
1632 3683 1700 3740 ἂν
1742 3683 1959 3754 divortu-

395 3781 607 3852 σμένος.

465 3875 689 3946 Προῖασι
715 3874 759 3927 δ’
791 3875 839 3926 οἱ
871 3872 1128 3926 ἐνιαύσιοι
1153 3865 1298 3926 οὗτοι
1331 3871 1521 3924 κύκλοι
1549 3868 1643 3922 τοῦ
1671 3867 1818 3938 ἡλίου
1863 3866 1958 3935 ἀφ’

394 3965 508 4028 ἑνὸς
539 3965 664 4036 άχρι
691 3964 798 4018 τῶν
828 3969 933 4034 κη’,
966 3965 1058 4016 καὶ
1086 3964 1246 4017 πάλιν
1277 3964 1450 4034 ἀρχὴν
1475 3960 1840 4033 λαμϐάνουσιν
1865 3960 1958 4028 ἀφ’

393 4058 529 4120 ἑνὸς,
551 4057 615 4109 δι’
650 4057 826 4110 αἰτίαν
849 4056 1117 4127 τοιαύτην.

324 4155 327 4157 “
393 4173 494 4226 Διὰ
552 4171 608 4224 τί
648 4169 824 4238 μέχρι
890 4168 1008 4223 τῶν
1057 4169 1468 4293 κηέἆτροῒασιν
1514 4169 1568 4220 οι
1623 4166 1730 4221 τοῦ
1773 4165 1955 4233 ἡλίου

1056 4258 1130 4293 xv
1214 4257 1288 4293 οι.

1056 4257 1288 4294 aevum.

464 4354 537 4408 B'.
573 4352 680 4406 Τοῦ
703 4353 1032 4427 δημιουργοῦ
1053 4354 1160 4408 τῶν
1187 4355 1322 4408 ὅλων
1355 4353 1490 4407 Θεοῦ
1509 4354 1668 4425 τήνδε
1696 4354 1796 4426 τὴν
1816 4355 1955 4425 όρω-

2059 3335 2400 3390 intervallum
2429 3338 2573 3407 quod
2630 3340 2890 3395 solarium
2935 3341 3263 3394 circuituum
3313 3343 3484 3412 spatia
3518 3344 3628 3397 cir-

2059 3429 2455 3493 cumscribunt,
2479 3429 2718 3493 circulus
2741 3432 2924 3486 vocari
2947 3433 3144 3486 meruit
3174 3448 3188 3484 :
3214 3449 3322 3503 quo
3345 3450 3468 3488 cum
3492 3436 3624 3489 anni

2059 3536 2277 3591 quoque
2312 3523 2674 3593 appellatione
2687 3523 2902 3592 juncta,
2926 3539 3143 3578 annuus
3171 3525 3412 3580 circulus
3448 3526 3627 3580 nomi-

2060 3619 2241 3669 natur.
2637 3628 2640 3630 ’

2121 3876 2290 3932 Porro
2319 3877 2542 3933 annales
2571 3877 2662 3933 isti
2682 3877 2873 3933 circuli
2895 3877 3026 3934 solis
3051 3879 3119 3933 ab
3147 3893 3166 3932 ι
3199 3877 3267 3932 ad
3295 3894 3465 3934 xxvm
3491 3892 3622 3949 pro-

2056 3967 2658 4037 gressionemfaciunt;
2707 3968 2940 4040 indeque
2990 3970 3060 4025 ab
3109 3985 3222 4025 uno
3281 3985 3474 4026 rursus
3532 3973 3619 4025 in-

2055 4061 2330 4114 choantur
2367 4075 2380 4110 :
2419 4061 2562 4129 quod
2599 4060 2671 4115 ob
2701 4060 2840 4115 hanc
2863 4076 3086 4115 causam
3111 4060 3332 4116 accidit.

2059 4171 2216 4242 195
2280 4171 2455 4238 Quare
2497 4171 2566 4225 ad
2619 4187 2792 4254 xxvnr
2847 4188 3010 4296 utrque
3069 4175 3357 4241 procedunt
3419 4172 3618 4227 salares

2721 4259 2864 4296 circa
2893 4260 2931 4295 ι.

2721 4259 2931 4297 σινσυιι.

2123 4350 2186 4406 ll.
2226 4351 2362 4406 Cum
2397 4353 2592 4408 artifex
2626 4368 2809 4408 rerum
2833 4353 3076 4406 omnium
3107 4353 3250 4407 Deus
3282 4360 3446 4406 totam
3477 4352 3616 4406 hanc

395 4447 560 4517 μένην
588 4449 766 4500 πᾶσαν
798 4448 970 4501 κτίσιν
995 4449 1052 4500 ἑν
1081 4448 1314 4519 ἡμέραις
1341 4447 1400 4512 ἓξ
1419 4448 1498 4511 εἰς
1526 4447 1584 4500 τὸ
1609 4443 1747 4501 εἶναι
1773 4465 1952 4518 παρα-

2061 4450 2360 4498 creatarum
2391 4459 2570 4500 rerum
2604 4445 3015 4499 universitatem
3060 4444 3280 4497 molitus
3323 4445 3391 4496 sit
3423 4443 3616 4497 diebus

390 4540 670 4608 γαγόντος,
710 4542 773 4610 τῇ
810 4540 852 4592 δ’
898 4539 1095 4612 ἑϐδόμῃ
1125 4541 1638 4611 καταπαυσαμένου,
1676 4541 1750 4603 ὼς
1781 4543 1814 4610 ἡ
1852 4541 1950 4610 τῆς

2061 4535 2278 4588 omnino
2303 4550 2393 4590 sex
2417 4575 2432 4602 ,
2461 4535 2689 4604 septima
2717 4534 3065 4603 requieverit,
3103 4543 3162 4587 ut
3182 4541 3266 4587 est
3297 4534 3349 4586 in
3385 4533 3615 4587 historia

389 4630 656 4695 Γενέσεως
687 4632 886 4702 ἱστορεῖ
909 4630 1104 4700 βίϐλος,
1127 4633 1154 4684 ό
1183 4631 1296 4702 μετ’
1316 4632 1530 4703 ἐκείνην
1552 4633 1650 4705 τὴν
1680 4631 1949 4702 ἑϐδομάδα

2061 4626 2317 4682 Genesis:
2350 4633 2563 4696 tempus
2617 4626 2873 4695 deinceps
2917 4640 3098 4690 omne,
3135 4625 3276 4694 quod
3313 4626 3613 4679 secundum

392 4724 986 4795 συμπαρεκτεινόμενος
1038 4725 1182 4787 ἅπας
1229 4725 1418 4796 χρόνος
1464 4728 1576 4788 τοῖς
1608 4722 1756 4778 οὖσιν
1803 4726 1950 4778 ἑϐδο-

2061 4718 2197 4772 illam
2229 4716 2622 4772 hebdomadam
2663 4731 2784 4770 cum
2836 4731 3016 4769 rerum
3048 4715 3394 4770 successione
3438 4715 3616 4768 conti-

392 4813 635 4883 ματικῶς
663 4817 782 4868 κατ’
799 4815 1012 4886 ἑκείνην
1037 4820 1333 4887 μετρεῖται.
1349 4817 1595 4888 Κάπειδὴ
1615 4818 1705 4871 καὶ
1725 4821 1753 4871 ό
1776 4817 1945 4888 ἥλιος,

2061 4821 2160 4859 nuo
2203 4814 2550 4876 propagatur,
2597 4804 2666 4859 ad
2708 4805 2899 4875 prima}
2938 4804 3086 4858 illius
3133 4805 3351 4858 modum
3399 4820 3494 4874 per
3527 4821 3615 4860 se-

387 4902 484 4972 τὴν
525 4903 656 4955 ἰδίαν
681 4903 998 4974 ποιούμενος
1025 4903 1258 4975 κίνησιν,
1289 4905 1396 4958 ἀπὸ
1434 4905 1528 4958 τοῦ
1573 4904 1734 4958 αὑτοῦ
1781 4908 1860 4970 εἰς
1888 4907 1948 4959 τὸ

2061 4899 2358 4968 ptenarium
2415 4913 2700 4951 numerum
2743 4897 3000 4966 exigitur.
3064 4896 3130 4949 Et
3193 4897 3450 4966 quoniam
3531 4898 3616 4953 sol

387 4996 516 5049 αὐτὸ
546 4983 766 5067 σημεῖον
788 4996 854 5049 δι’
886 4996 1107 5066 ἡμερῶν
1138 4997 1243 5063 τξε¹
1285 4998 1377 5050 καὶ
1405 4997 1444 5049 δ’
1479 4997 1704 5066 ἔγγιστα
1732 4999 1945 5052 ἀποκα-

387 5086 651 5149 θίσταται,
693 5089 785 5140 καὶ
837 5090 980 5140 ποιεῖ
1009 5088 1099 5139 τὸν
1145 5087 1413 5141 ἐνιαύσιον
1451 5090 1650 5142 κύκλον
1695 5088 1944 5143 ἐντεῦθεν

385 5177 646 5241 τοσαύτας
673 5177 972 5248 περιέχειν
994 5177 1048 5230 αἱ
1068 5177 1125 5230 δὲ
1157 5174 1416 5232 τοσαῦται
1437 5179 1640 5250 ἡμέραι
1672 5178 1823 5250 παρὰ
1852 5179 1944 5232 τὸν

385 5269 480 5338 τῆς
502 5269 787 5340 ἑϐδομάδος
810 5268 1006 5322 κύκλον
1042 5267 1392 5341 μεριζόμεναι
1419 5269 1495 5338 νβ’
1524 5269 1766 5324 ποιοῦσιν
1792 5272 1943 5324 ἑϐδο-

386 5358 558 5428 μάδας
587 5361 680 5412 καὶ
704 5358 913 5430 ἡμέραν
948 5359 1074 5430 μίαν
1093 5400 1108 5425 ,
1154 5361 1247 5412 καὶ
1274 5359 1398 5431 a'/6'
1419 5376 1433 5389 ·
1466 5361 1698 5432 φανερὸν
1719 5400 1733 5423 ,
1760 5363 1841 5414 ὅτι
1880 5361 1940 5414 ού

382 5452 548 5503 πᾶσαι
571 5449 679 5503 τῶν
713 5451 848 5503 ἑτῶν
877 5451 933 5503 αἱ
968 5451 1131 5521 ἀρχαὶ
1159 5450 1301 5503 κατὰ
1341 5449 1437 5522 τὴν
1463 5452 1630 5523 αὐτὴν
1664 5454 1758 5506 καὶ
1813 5453 1941 5523 μίαν

379 5539 485 5592 τῶν
536 5539 634 5609 τῆς
680 5539 969 5610 ἑϐδομάδος
1002 5539 1224 5611 ἡμερῶν
1265 5541 1554 5611 ἄρχονται·
1603 5542 1738 5596 ἀλλὰ
1775 5561 1940 5613 μετα-

379 5630 653 5682 ϐαίνουσιν
701 5629 807 5683 ἀπὸ
858 5631 955 5701 μὲν
1010 5629 1234 5702 πρώτης
1280 5635 1358 5695 εἰς
1402 5633 1700 5706 δευτέραν,
1736 5634 1842 5689 ἀπὸ
1882 5635 1938 5688 δὲ

375 5723 630 5791 δευτέρας
657 5725 734 5787 εἰς
766 5723 976 5796 τρίτην,
1013 5723 1106 5778 καὶ
1139 5723 1391 5796 καθεξῆς.

2046 4989 2326 5058 proprium
2368 4989 2593 5057 explens
2624 4988 2832 5053 orbem,
2879 4990 2948 5042 ab
2981 5004 3088 5041 uno
3129 4997 3330 5057 puncto
3373 4989 3438 5042 ad
3470 4988 3613 5042 idem

2045 5095 2246 5134 cet:va
2302 5080 2520 5144 diebus,
2582 5087 2637 5134 et
2694 5081 2800 5134 diei
2854 5080 3242 5149 propemodum
3310 5079 3614 5148 quadrante

2046 5173 2346 5227 revolvitur
2385 5183 2546 5242 atque
2569 5187 2809 5226 annuum
2837 5172 3124 5246 circuitum
3151 5169 3374 5224 totidem
3417 5170 3612 5223 diebus

2045 5271 2384 5317 constantem
2413 5262 2577 5316 eflicit
2610 5281 2622 5315 :
2663 5277 2782 5330 qua:
2814 5263 3031 5333 quidem
3075 5262 3192 5315 dies
3225 5276 3318 5330 per
3359 5269 3614 5330 Septena«

2045 5355 2185 5408 rium
2219 5355 2489 5409 circulum
2523 5355 2830 5410 distributae
2881 5363 3078 5425 praeter
3127 5355 3494 5410 hebdomadas
3536 5369 3610 5409 LII

2043 5461 2209 5499 unam
2240 5447 2380 5499 diem
2425 5445 2670 5500 efficiunt
2709 5461 2830 5499 cum
2872 5446 3199 5513 quadrante,
3252 5444 3602 5500 manifestum

2042 5545 2127 5591 est
2158 5554 2264 5591 non
2294 5537 2537 5591 omnium
2574 5552 2842 5590 annorum
2875 5537 3031 5591 initia
3069 5539 3138 5591 ab
3176 5553 3282 5591 una
3313 5539 3611 5606 eademque

2041 5627 2130 5681 die
2171 5626 2526 5682 hebdomadis
2566 5627 2848 5697 incipere:
2893 5628 2990 5682 sed
3034 5643 3063 5680 a
3107 5629 3279 5698 prima
3313 5628 3607 5682 transitum

2042 5717 2108 5771 ad
2153 5717 2446 5774 secundam
2498 5717 2674 5774 facere
2710 5737 2722 5772 :
2761 5719 2829 5774 ab
2881 5720 2980 5775 hac
3029 5722 3094 5775 ad
3155 5723 3394 5786 tertiam,
3447 5719 3600 5775 dein-

2043 5825 2275 5881 cepsque
2300 5818 2551 5866 exteras.
3577 5819 3593 5826 “
