4106 6476
466 444 604 500 1285

1446 437 1535 492 AD
1572 435 1838 492 EUSEBII
1874 432 2269 491 CHRONICON
2316 434 2682 491 APPENDIX.

3558 438 3697 492 1281

536 560 750 617 Clarius
782 560 888 615 hoc
929 558 1020 615 ﬁet
1071 567 1339 626 exempto,
1377 556 1602 626 prolatis
1645 554 1881 620 du'obus,
1935 561 2029 608 aut

2202 554 2542 626 Σαφέστερον
2563 554 2621 608 δὲ
2644 552 2800 608 τοῦτο
2818 555 2895 608 ’δι’
2920 555 3316 626 ὑποδείγματος
3337 556 3694 627 ποιησόμεθα,

466 655 629 709 etiam
671 653 920 723 pluribus
972 650 1153 714 annis,
1203 649 1297 719 qui
1339 654 1461 717 post
1511 646 1700 701 mundi
1747 646 2029 700 conditum

467 743 713 812 proxime
743 740 995 801 fuerunt.
1044 738 1338 806 Postquam
1381 736 1526 790 enim
1586 734 1797 805 primus
1852 750 2029 790 annus

469 833 632 902 ctepit
661 831 793 886 feria
824 829 1016 898 prima,
1049 842 1113 882 ac
1165 834 1436 881 trecentos
1465 825 1760 895 {sexaginta
1794 826 2031 896 quinque

468 939 595 978 cum
656 922 959 992 quadrante
1007 919 1125 975 dies
1177 919 1457 989 explicuit,
1510 919 1804 988 insequens
1852 933 2030 976 annus

469 1013 741 1069 secundus
767 1010 1090 1081 ab,secunda
1109 1009 1294 1077 utique
1316 1008 1451 1063 feria
1474 1015 1668 1062 nactus
1688 1016 1773 1062 est
1794 1006 2028 1073 initium,

468 1106 664 1159 tertius
699 1119 729 1156 a
762 1103 944 1167 tertia,
983 1109 1038 1156 et
1083 1103 1163 1156 sic
1194 1100 1471 1169 deinceps.
1501 1099 1716 1169 Quippe
1747 1097 2031 1167 quadrans

417 1201 429 1210 '
468 1196 560 1250 ille
585 1196 714 1259 diei,
741 1195 835 1264 qui
858 1193 926 1248 ad
946 1206 1147 1247 cccuv
1176 1193 1293 1247 dies
1321 1191 1587 1246 accedens
1614 1197 1913 1245 vertentem
1938 1204 2034 1243 ex-

468 1288 579 1356 plet
607 1300 828 1349 annum,
858 1299 1202 1354 nequaquam
1235 1283 1466 1354 singulis
1499 1283 1658 1338 annis
1693 1282 2028 1351 imputatur;

468 1379 566 1434 sed
606 1386 730 1448 post
758 1393 933 1434 annos
962 1386 1221 1447 quatuor,
1260 1377 1471 1447 integro
1495 1377 1608 1446 jam
1643 1377 1876 1430 collecto
1919 1374 2027 1430 die.

466 1470 604 1525 Nam
638 1478 831 1540 quater
858 1470 1124 1542 repetitus
1149 1468 1426 1538 quadrans
1442 1483 1607 1523 unum
1635 1466 1825 1522 efﬁcit.
1854 1465 2033 1537 Atque

469 1563 560 1617 hic
589 1564 680 1618 ille
708 1563 826 1617 dies
847 1562 1133 1617 absolutus
1163 1562 1231 1616 ad
1258 1576 1460 1615 cccuv
1491 1560 1608 1615 dies
1633 1559 1849 1614 additur
1873 1575 1888 1613 :
1922 1574 2032 1631 quo

475 1655 534 1709 ﬁt
563 1662 621 1708 ut
647 1670 823 1709 annus
856 1654 959 1709 iste
986 1653 1196 1708 dierum
1229 1653 1299 1707 sit
1329 1667 1576 1716 cccaxvr,
1606 1667 1769 1722 quem
1799 1667 1900 1707 nos
1919 1650 2032 1705 Ro-

469 1760 628 1800 mana
655 1746 837 1815 lingua
868 1745 1151 1801 bissextum
1176 1744 1539 1800 nominamus.
1571 1744 1840 1811 Quocirca
1871 1746 2032 1816 quin-

470 1846 560 1891 tus
596 1851 774 1892 annus
803 1835 1015 1902 mundi,
1052 1851 1162 1891 non
1186 1844 1247 1890 ut
1280 1837 1490 1907 priores
1513 1837 1605 1889 alii
1628 1850 1658 1890 a
1680 1836 1816 1891 feria
1839 1837 2030 1906 quinta

2136 644 2228 697 δύο
2281 646 2314 716 ἢ
2356 648 2448 699 καὶ
2505 646 2675 700 πλείω
2727 649 3208 720 προχειρισάμενοι
3258 647 3367 702 τῶν
3414 648 3552 718 μετὰ
3599 649 3698 720 τὴν

2136 739 2309 809 ἀρχὴν
2330 741 2428 810 τῆς
2452 742 2837 810 κοσμογενείας
2866 741 3020 795 ἐτῶν.
3046 741 3152 794 Τοῦ
3178 742 3288 813 γὰρ
3310 740 3523 812 πρώτου
3546 741 3698 804 ἔτους

2136 832 2245 884 ἀπὸ
2279 832 2490 904 ἡμέρας
2528 833 2750 904 πρώτης
2792 832 3120 904 ἀρξαμένου,
3167 835 3269 887 κάν
3305 833 3412 896 τξε¹
3461 835 3700 904 ἡμέραις

2137 924 2232 976 καὶ
2259 914 2389 993 α’]δ’
2412 924 2856 995 περιενεχθέντος
2875 968 2890 991 ,
2936 927 2997 980 τὸ
3025 928 3140 996 μετ’
3170 926 3301 979 αὐτὸ
3346 925 3391 996 β’
3432 925 3550 989 ἔτος
3591 926 3701 979 ἀπὸ

2137 1012 2349 1082 ἡμέρας
2397 1013 2654 1085 δευτέρας
2709 1015 2908 1086 ἤρξατο
2960 1016 3206 1081 πάντως,
3258 1018 3353 1071 καὶ
3407 1016 3468 1069 τὸ
3516 1017 3700 1088 τρίτον

2137 1102 2396 1167 ὡσαύτως
2435 1105 2543 1157 ἀπὸ
2574 1106 2785 1177 τρίτης,
2821 1107 2916 1159 καὶ
2944 1107 3160 1178 ἐφεξῆς.
3191 1108 3264 1161 Τὸ
3297 1109 3405 1180 γὰρ
3441 1108 3699 1180 τέταρτον

2140 1195 2307 1265 μέρος
2350 1197 2450 1266 τῆς
2493 1198 2703 1268 ἡμέρας
2756 1199 2817 1251 τὸ
2848 1200 3239 1270 προσκείμενον
3261 1202 3382 1263 ταῖς
3423 1199 3701 1261 τοιαύταις

2135 1285 2242 1351 τξε¹
2268 1288 2501 1358 ἡμέραις
2525 1290 2605 1351 εἰς
2634 1290 2732 1359 τὴν
2760 1290 2852 1343 τοῦ
2891 1290 3137 1344 ἐνιαυτοῦ
3164 1291 3374 1344 τελείαν
3406 1293 3701 1362 ἀπάρτισιν

2136 1378 2198 1431 οὐ
2229 1378 2350 1431 καθ’
2390 1379 2619 1433 ἕκαστον
2665 1380 2784 1445 ἔτος
2816 1382 3127 1453 ἀριθμεῖται
3147 1426 3162 1449 ,
3196 1383 3330 1436 ἀλλὰ
3361 1383 3500 1437 κατὰ
3528 1383 3570 1435 δ’
3602 1383 3697 1456 ἔτη

2141 1470 2267 1538 μιᾶς
2290 1469 2503 1540 ἡμέρας
2532 1472 2920 1543 συναγομένης.
2945 1474 3211 1545 Τετράκις
3231 1473 3340 1545 γὰρ
3360 1474 3420 1527 τὸ
3458 1475 3586 1546 α’[δν
3615 1475 3697 1531 ἐν.

2136 1562 2283 1633 Αὐτὴ
2310 1564 2341 1632 ἡ
2365 1562 2547 1615 τελεία
2577 1562 2759 1635 ἡμέρα
2788 1564 3133 1635 προστίθεται
3158 1569 3280 1630 ταῖς
3300 1565 3404 1632 τξε¹
3429 1566 3696 1637 ἡμέραιςο

2137 1654 2231 1707 καὶ
2264 1654 2469 1723 γίνεται
2501 1655 2563 1707 τὸ
2593 1655 2711 1719 ἔτος
2751 1657 2928 1709 ἐκεῖνο
2963 1655 3082 1722 τξς¹
3126 1658 3367 1730 ἡμερῶν,
3399 1658 3427 1710 ὃ
3470 1659 3565 1711 καὶ
3596 1675 3699 1711 κα-

2136 1744 2304 1798 λεῖται
2336 1746 2464 1815 παρ’
2492 1747 2621 1815 ἡμῖν
2657 1744 2974 1815 Ῥωμαῖκῶς
3001 1746 3294 1816 βίσσεξτον.
3337 1747 3409 1800 Τὸ
3454 1746 3563 1799 ἀπὸ
3598 1747 3701 1817 τῆς

2137 1837 2523 1906 κοσμογενείας
2550 1838 2657 1907 ἄρα
2690 1837 2935 1908 πέμπτον
2956 1836 3074 1899 ἔτος
3096 1838 3193 1891 οὐκ
3220 1838 3423 1909 ἡρξατο
3443 1840 3535 1907 ἀφ’
3556 1838 3697 1909 ἡμέ-

476 1929 619 1998 cepit
665 1926 975 1994 exordium,
1007 1929 1102 1983 sed
1129 1942 1159 1981 a
1189 1937 1364 1992 sexta,
1395 1936 1616 1998 propter
1646 1927 1811 1982 unius
1845 1941 2031 1983 acces-

2140 1946 2235 2001 ρας
2277 1929 2535 1999 πέμπτης
2580 1929 2887 1993 ἀκολούθως
2917 1931 3031 1991 τοῖς
3070 1929 3176 2000 πρὸ
3227 1908 3413 1993 αύτοῦ,
3452 1908 3699 2001 ἁλλ’άφ*

471 2022 680 2077 sionem
704 2020 833 2085 diei,
852 2021 942 2091 qui
965 2035 1030 2076 ex
1053 2019 1446 2090 quadrantibus
1465 2019 1726 2074 collectus
1747 2018 1816 2073 ad
1832 2033 2035 2076 annum

469 2117 725 2180 quartum
751 2110 1088 2181 praeteritum
1114 2109 1360 2179 adjectus
1386 2116 1490 2163 est.
1520 2107 1658 2163 Tum
1687 2106 1884 2163 deinde
1913 2123 2037 2162 sex-

471 2210 582 2269 tus,
605 2203 892 2274 septimus,
915 2212 970 2257 et
997 2210 1222 2257 octavus
1245 2202 1370 2269 rite,
1398 2202 1479 2257 uti
1502 2201 1674 2257 series
1702 2201 2035 2271 postulabat,

471 2295 828 2350 hebdomade
853 2294 974 2350 dies
998 2294 1271 2359 obierunt,
1306 2294 1412 2348 hoc
1441 2305 1525 2349 est
1556 2310 1656 2361 vn,
1689 2310 1706 2348 ι
1740 2300 1794 2349 et
1826 2309 1901 2359 ιι;
1939 2307 2039 2347 no-

470 2404 578 2443 nus
615 2396 798 2443 autem
828 2402 937 2442 non
963 2388 1205 2454 tertiam,
1236 2389 1331 2444 sed
1360 2396 1610 2459 quartam
1637 2388 1862 2444 habuit:
1891 2386 2039 2459 quod

471 2480 531 2533 in
563 2478 921 2549 sequentibus
953 2477 1145 2533 eadem
1175 2478 1389 2533 ratione
1423 2478 1673 2549 contigit.

544 2653 625 2710 Ex
655 2655 725 2711 iis
759 2662 1003 2725 apparet,
1034 2655 1081 2710 si
1114 2656 1333 2727 quidem
1363 2672 1540 2712 annus
1566 2656 1759 2713 diebus
1795 2664 2039 2712 tantum-

474 2748 638 2807 modo
679 2755 892 2803 constet
928 2763 1149 2815 cccuv,
1195 2751 1315 2806 sine
1361 2750 1473 2804 ulla
1499 2749 1818 2820 quadrantis
1852 2765 2040 2805 acces-

477 2842 655 2904 sione,
684 2849 890 2912 septem
916 2857 1026 2897 non
1053 2844 1289 2914 amplius
1317 2843 1552 2899 evolutis
1578 2843 1760 2909 annis,
1798 2843 2041 2913 singulo-

476 2949 597 2988 rum
619 2935 775 2989 initia
795 2936 862 2991 ad
879 2936 1125 2991 eamdem
1148 2935 1338 2991 feriam
1357 2952 1478 2992 esse
1505 2936 1767 2990 reditura.
1790 2933 1894 2991 Sed
1915 2951 2040 2990 cum

475 3027 749 3096 quadrans
777 3028 1001 3098 insuper
1024 3027 1266 3095 accedat,
1294 3028 1452 3098 cujus
1482 3029 1657 3098 gratia
1685 3036 1883 3098 quarto
1913 3042 2044 3098 quo-

2134 2019 2298 2090 ἕκτης
2319 2018 2407 2072 διὰ
2422 2018 2519 2090 τὴν
2533 2020 2630 2089 τῆς
2651 2020 2758 2072 ἀπὸ
2772 2020 2877 2073 τῶν
2900 2021 3028 2090 a'/6'
3049 2019 3323 2091 τετάρτων
3347 2019 3701 2091 συναχθείσης

2139 2113 2268 2182 μιᾶς
2305 2109 2519 2181 ἡμέρας
2564 2110 2862 2181 γενομένην
2909 2110 3223 2182 προσθήκην
3253 2109 3332 2180 τῷ
3378 2110 3701 2181 παρελθόντι

2135 2204 2175 2257 δ’
2208 2204 2337 2257 ἔτει.
2367 2205 2477 2256 Καὶ
2518 2202 2717 2273 ἐφεξῆς
2746 2204 2808 2257 τὺ
2838 2203 2936 2273 μὲν
2967 2204 3145 2268 ἐκτον,
3188 2203 3283 2257 καὶ
3313 2203 3562 2273 ἕϐδομον,
3606 2203 3700 2257 καὶ

2137 2301 2185 2366 η’
2216 2294 2335 2356 ἔτος
2364 2292 2785 2365 ἀπαραλείπτως
2816 2293 2960 2347 κατὰ
2987 2293 3139 2359 τάξιν
3162 2292 3261 2358 τὰς
3282 2293 3382 2365 τῆς
3407 2293 3702 2364 ἑϐδομάδος

2139 2386 2426 2460 περιῆλθον
2446 2386 2679 2457 ἡμέρας,
2710 2386 2956 2439 τουτέστι
2983 2387 3082 2457 τήν
3108 2401 3169 2438 τε
3194 2384 3259 2451 ζ’,
3287 2385 3382 2439 καὶ
3410 2386 3580 2457 αὐτὴν
3601 2386 3702 2455 τὴν

2138 2477 2361 2551 πρώτην
2383 2518 2397 2543 ,
2460 2478 2557 2530 καὶ
2599 2477 2696 2549 τὴν
2740 2477 3030 2548 δευτέραν·
3065 2477 3126 2530 τὸ
3164 2477 3222 2530 δὲ
3268 2476 3451 2531 ἔνατον
3493 2478 3554 2532 οὐ
3601 2476 3700 2545 τὴν

2060 2594 2080 2613 ο
2137 2571 2349 2644 τρίτην,
2381 2570 2518 2623 ἀλλὰ
2549 2570 2648 2642 τὴν
2675 2570 2736 2635 δ’,
2769 2572 2869 2624 κάν
2897 2573 3008 2633 τοῖς
3038 2569 3237 2640 ἐφεξῆς
3269 2570 3488 2641 ὁμοίως.

2207 2660 2441 2733 Φανερὸν
2472 2655 2563 2713 οὖν
2593 2661 2657 2713 ὲκ
2705 2659 2931 2726 τούτων,
2959 2659 3068 2725 ὡς,
3111 2661 3159 2711 εί
3215 2659 3314 2730 μὲν
3366 2661 3610 2730 περιεῖχε
3640 2657 3706 2710 τὸ

2140 2753 2258 2817 ἔτος
2287 2752 2392 2817 τξε¹
2424 2750 2584 2823 μόνον
2623 2751 2854 2822 ἡμέρας,
2883 2750 2957 2821 μὴ
2983 2748 3375 2822 προσκειμένου
3401 2746 3496 2803 τοῦ
3531 2748 3572 2801 δ’
3604 2747 3703 2820 μέ-

2145 2865 2289 2919 ρους,
2317 2847 2385 2901 δι’
2417 2845 2555 2899 ἑπτὰ
2578 2844 2644 2899 ἂν
2681 2844 2816 2899 ἐτῶν
2846 2844 3022 2915 μόνων
3052 2846 3107 2897 αἱ
3145 2844 3347 2898 τούτων
3375 2843 3540 2915 ἁρχαὶ
3565 2843 3703 2915 πρὸς

2140 2942 2238 3013 τὴν
2276 2940 2374 3010 τῆς
2410 2937 2700 3009 ἑϐδομάδος
2734 2938 2943 3008 ἡμέραν
2986 2934 3447 2988 ἁποκαθίσταντο·
3482 2933 3605 2987 ἐπεὶ
3646 2933 3703 2987 δέ

2142 3033 2398 3105 πρόσεστι
2435 3030 2661 3093 ταύταις
2695 3032 2789 3084 καὶ
2832 3029 2893 3081 τὸ
2935 3028 3082 3099 a'/8',
3116 3027 3211 3081 καὶ
3247 3026 3337 3081 διὰ
3374 3026 3532 3080 τοῦτο
3563 3025 3707 3080 κατὰ

475 3134 580 3189 que
599 3134 741 3175 anno
769 3121 827 3173 ﬁt
853 3136 996 3176 unus
1012 3120 1128 3175 dies
1157 3121 1420 3191 reliquus,
1439 3121 1531 3189 qui
1558 3120 2036 3190 ex,quadrantibus

2142 3125 2182 3178 δ’
2223 3125 2317 3197 ἔτη
2350 3121 2745 3195 παραλείπεται
2770 3120 2952 3192 ἡμέρα
2974 3128 3044 3186 α’,
3076 3122 3109 3190 ἡ
3139 3119 3247 3173 ἀπὸ
3271 3118 3379 3171 τῶν
3423 3118 3707 3188 τεσσάρων

474 3220 709 3281 quatuor
744 3210 1003 3279 efﬁcitur,
1033 3211 1156 3267 ideo
1183 3227 1281 3282 per
1317 3227 1492 3267 annos
1520 3220 1723 3281 octo,et
1751 3212 1942 3283 viginti
1972 3213 2036 3267 ad

2145 3215 2482 3287 συναγομένη
2514 3213 2670 3284 a'/8"
2701 3212 2788 3265 διὰ
2819 3218 2904 3282 κη’
2942 3210 3079 3265 ἐτῶν
3113 3212 3403 3278 συνάγεται
3424 3208 3705 3262 ἀποκατά-

475 3303 693 3358 easdem
720 3303 1070 3360 bebdomadae
1100 3304 1262 3361 ferias
1286 3321 1557 3361 annorum
1600 3307 1900 3378 primordia
1949 3321 2036 3361 re-

2146 3325 2331 3371 στασις
2355 3306 2461 3361 τῶν
2497 3304 2640 3360 κατὰ
2673 3303 2741 3357 τὰ
2779 3303 2874 3373 ἐτη
2911 3301 3094 3373 ἀρχῶν
3132 3302 3269 3373 πρὸς
3300 3301 3401 3364 τὰς
3430 3300 3532 3370 τῆς
3557 3300 3709 3353 ἐϐδο-

477 3403 761 3451 vocantur.
791 3394 927 3451 Nam
952 3396 1000 3453 si
1034 3413 1111 3452 νιι
1138 3398 1362 3459 duxeris
1393 3398 1573 3474 in_lv,
1605 3399 1710 3454 hoc
1738 3406 1823 3454 est
1853 3398 2036 3453 initio-

2145 3401 2308 3474 μάδος
2332 3398 2561 3470 ἡμέρας.
2598 3393 3210 3463 Πολλαπλασιαζομένου
3250 3393 3359 3464 γὰρ
3391 3392 3484 3446 τοῦ
3516 3391 3559 3455 ξ’
3585 3392 3713 3462 ἢτοι

475 3502 600 3542 rum
627 3488 753 3543 anni
783 3489 1135 3557 mutationes,
1157 3468 1651 3561 quaeLutdixoimus,
1681 3491 2036 3562 quadriennio

2140 3468 2247 3547 τῶν
2279 3468 2691 3562 τῆςέϐδομάδος
2714 3486 2935 3558 ἡμερῶν
2960 3486 3054 3539 ἐπὶ
3073 3485 3163 3538 τὸν
3193 3485 3256 3549 δ’,
3288 3485 3531 3538 τουτέστι
3566 3483 3710 3538 κατὰ

477 3596 693 3653 quoque
747 3582 1017 3649 incidunt,
1080 3584 1318 3640 conﬁent
1367 3592 1497 3640 octo
1541 3593 1596 3640 et
1643 3585 1859 3656 viginti.
1908 3585 2040 3652 Quae

476 3687 645 3730 causa
685 3682 770 3730 est
819 3688 919 3728 cur
957 3690 1135 3745 neque
1172 3675 1442 3745 pluribus,
1486 3691 1665 3747 neque
1687 3678 2040 3748 paucioribus

483 3766 663 3832 anuis,
683 3780 845 3837 quam
875 3783 1069 3834 xxvm,
1095 3770 1261 3823 annui
1289 3769 1484 3824 circuli
1513 3770 1647 3826 solis
1669 3771 2035 3842 explicantur.

549 3945 810 4017 Superest
840 3957 900 4003 ut
931 3959 1080 4004 certa
1113 3950 1253 4005 ratio
1284 3949 1549 4015 tradatur,
1587 3965 1684 4021 per
1706 3965 1869 4021 quam
1898 3964 2043 4005 anno

476 4040 672 4109 quovis
702 4034 887 4095 oblato
914 4042 1189 4096 ineuntem
1215 4042 1429 4113 cyclum
1463 4044 1596 4099 solis
1624 4057 1820 4112 capere
1864 4043 2042 4112 possi-

478 4147 622 4187 mus.
655 4131 730 4186 Ea
774 4148 902 4189 vero
928 4144 1012 4211 est
1043 4133 1337 4202 ejusmodi.

611 4310 884 4368 Hetlwdus
913 4311 1205 4367 inveniendi
1233 4322 1419 4383 quotus
1445 4313 1513 4367 sit
1543 4313 1720 4383 cyclus
1750 4314 1903 4370 solis.

550 4466 633 4522 lil.
669 4467 860 4526 Annos
902 4470 972 4525 ab
1013 4470 1168 4525 initio
1212 4472 1397 4526 mundi
1448 4472 1515 4527 ad
1547 4472 1824 4526 ineuntem
1859 4488 2041 4543 usque

2140 3587 2239 3649 τὰς
2269 3581 2712 3653 τετραετηρίδας,
2740 3579 2815 3643 ὡς
2850 3577 3190 3649 διείληπται,
3240 3576 3571 3649 μεταϐάσεις
3599 3576 3707 3630 τῶν

2142 3675 2324 3747 ἀρχῶν
2371 3672 2479 3726 τῶν
2511 3670 2647 3725 ἐτῶν
2692 3670 2929 3739 γίνονται
2971 3668 3077 3740 κη’.
3116 3670 3226 3723 Καὶ
3282 3669 3422 3739 αὓτη
3477 3670 3625 3722 ἐστὶν
3672 3670 3711 3738 ἡ

2142 3767 2290 3821 αἰτία
2310 3765 2402 3819 τοῦ
2433 3766 2569 3836 μήτε
2599 3762 2860 3816 πλειόνων
2890 3763 3013 3834 μήτ’
3029 3761 3325 3815 ἐλαττόνων
3348 3761 3459 3814 τῶν
3479 3766 3565 3831 κη’
3583 3760 3711 3823 τοὺς

2143 3858 2443 3921 ἐνιαυσίους
2462 3855 2554 3910 τοῦ
2585 3855 2736 3926 ἡλίου
2765 3851 3236 3925 ωγκορυφοῦσθαι
3265 3850 3517 3915 κύκλους,

2212 3951 2411 4007 Λοιπὸν
2438 3950 2483 4004 δ’
2508 3949 2573 4004 ἂν
2610 3947 2696 4019 εἴη
2726 3947 2821 4001 καὶ
2847 3946 2947 4017 τὴν
2993 3945 3214 4017 μέθοδον
3250 3945 3513 4006 ἐκθεῖναι,
3545 3943 3612 3997 δι’
3641 3938 3709 4013 ἧς

2144 4045 2209 4100 ἂν
2242 4046 2363 4100 καθ’
2396 4047 2579 4099 ὁποῖον
2645 4043 2763 4106 ἔτος
2810 4039 3100 4112 ζητοῦντες
3140 4039 3436 4110 λαμϐάνειν
3483 4036 3575 4089 τὸν
3624 4036 3713 4089 ἐν·

2144 4137 2355 4191 εστῶτα
2386 4135 2582 4190 κύκλον
2614 4132 2707 4188 τοῦ
2737 4132 2908 4205 ἡλίου,
2941 4131 3131 4187 τοῦτον
3163 4130 3559 4204 λαμϐάνοιμεν.
3600 4130 3712 4186 Καὶ

2144 4231 2290 4284 ἐστιν
2323 4230 2481 4299 αὕτη.

2142 4322 2407 4387 Μέθοδος
2446 4320 2521 4374 δι’
2569 4315 2644 4391 ἧς
2671 4319 3008 4440 capitonem}
3051 4321 3084 4372 ό
3127 4316 3235 4372 τοῦ
3278 4318 3456 4387 ἠλίου
3486 4318 3712 4383 κύκλος

2820 4404 3083 4440 οσταιοτι.

2820 4404 3083 4454 οσταιος.

2217 4482 2289 4534 Γ’.
2319 4479 2399 4534 Τὰ
2426 4479 2533 4534 ἀπὸ
2564 4478 2663 4547 τῆς
2692 4477 3078 4547 κοσμογενείας
3110 4476 3204 4548 ἔτη
3235 4476 3394 4550 μέχρι
3425 4477 3518 4530 καὶ
3545 4475 3709 4529 αὐτοῦ

478 4575 575 4628 per
611 4577 779 4616 xxvm
820 4562 1109 4631 partimur,
1144 4569 1197 4617 et
1225 4562 1488 4633 quidquid
1519 4571 1603 4617 est
1646 4563 1788 4616 infra
1842 4578 2036 4625 xxvm,

2147 4572 2239 4627 τοῦ
2269 4571 2615 4641 ἐνισταμένου
2642 4568 2796 4631 ἔτους
2823 4567 3207 4638 λαμϐάνοντες,
3241 4569 3335 4620 καὶ
3362 4568 3533 4621 ταῦτα
3563 4567 3712 4637 παρὰ

477 4649 661 4720 cyclus
684 4663 767 4707 est
796 4653 947 4715 solis,
983 4653 1076 4723 qui
1112 4654 1394 4723 quaeritur.
1421 4642 1663 4721 Exempli
1692 4653 1887 4723 gratia,
1913 4654 2041 4706 anni

478 4740 547 4793 ab
568 4739 697 4794 orbe
724 4741 944 4794 condito
965 4742 1033 4795 ad
1060 4742 1206 4796 hunc
1234 4757 1436 4796 annum
1468 4750 1828 4797 numerantur
1872 4741 2037 4803 688i,

478 4831 545 4885 de
595 4831 795 4899 quibus
830 4832 1084 4903 demptis,
1124 4834 1302 4903 quoad
1333 4834 1479 4897 licet,
1524 4833 1616 4896 28,
1660 4834 1867 4889 residui
1916 4843 2043 4889 sunt

476 4921 566 4975 2f.
598 4920 752 4977 Unde
775 4924 961 4995 cyclus
984 4933 1070 4981 est
1101 4924 1164 4980 2t
1198 4940 1341 4981 anno
1369 4926 1558 4980 mundi
1590 4925 1758 4983 6881.

548 5200 682 5255 Cum
717 5210 894 5257 autem
916 5220 984 5260 ex
1007 5206 1157 5260 omni
1190 5206 1440 5262 methodo
1471 5209 1777 5278 expeditior
1812 5225 2042 5281 quaeque

477 5296 819 5363 praeferatur,
853 5296 999 5351 illam
1021 5297 1196 5369 ipsam
1226 5299 1282 5352 in
1316 5298 1618 5355 faciliorem
1648 5311 2044 5357 commutantes

478 5387 550 5440 ita
576 5389 959 5446 tractabimus.

546 5478 677 5534 Post
708 5482 1036 5549 completum
1083 5483 1461 5538 centenarium
1494 5484 1822 5554 quemlibet,
1859 5484 2041 5538 ultimi

478 5570 687 5640 cyclum
707 5587 804 5640 pro
833 5573 1012 5628 radice
1037 5581 1335 5637 sumentes,
1380 5575 1445 5629 ad
1470 5577 1773 5631 centenarii
1803 5592 2043 5646 sequen«

481 5661 549 5715 tis
572 5675 743 5716 annos
775 5664 1057 5719 addimus:
1085 5680 1147 5719 ac
1172 5680 1384 5720 summa
1415 5681 1510 5737 per
1532 5665 1601 5719 28
1623 5668 1798 5722 divisa
1830 5669 2043 5733 eodem,

478 5767 588 5820 quo
623 5768 810 5827 supra,
845 5757 1030 5819 modo,
1064 5756 1209 5826 quod
1254 5758 1519 5826 quaeritur
1572 5759 1902 5814 obtinemus.
1936 5757 2042 5812 Ex-

480 5842 645 5913 empli
669 5857 847 5915 causa
876 5845 933 5899 in
964 5862 1107 5902 anno
1137 5849 1439 5917 proposito,
1469 5850 1729 5920 quoniam
1764 5853 2043 5922 praeterito

2146 4664 2215 4717 τὰ
2234 4671 2317 4735 κη’
2342 4662 2673 4734 μερίζοντες,
2692 4661 2761 4714 τὰ
2778 4660 3021 4713 κάτωθεν
3043 4659 3151 4712 τῶν
3168 4666 3253 4730 κη’
3270 4659 3501 4722 κύκλους
3518 4658 3713 4728 ἔχομεν

2147 4754 2422 4826 ἡλιακούς.
2461 4747 2585 4806 Οἴον
2618 4750 2693 4814 ὡς
2729 4752 2786 4803 ἐν
2821 4749 3200 4819 ὑποδείγματι,
3228 4747 3297 4807 τά
3332 4747 3440 4800 ἀπὸ
3472 4748 3569 4817 τῆς
3616 4762 3712 4798 κο-

2147 4846 2465 4917 σμογενείας
2503 4843 2598 4914 ἐτη
2657 4841 2817 4913 μέχρι
2849 4838 2943 4893 τοῦ
2994 4839 3283 4902 ἐνεστῶτος
3332 4840 3438 4890 είσι
3488 4843 3710 4908 sema“

2145 4939 2209 4989 ἐκ
2246 4934 2450 4988 τούτων
2498 4931 2912 5002 ἀφαιρουμένων
2945 4929 3052 4983 τῶν
3086 4935 3195 5001 κη’,
3235 4928 3427 4991 ὁσάκις
3457 4929 3712 4999 ἐγχωρεῖ,

2145 5026 2565 5081 καταλείπονται
2592 5030 2698 5078 κα¹.
2725 5024 2837 5077 Καὶ
2859 5022 3007 5075 ἔστιν
3037 5023 3066 5074 ὁ
3095 5021 3234 5075 κατὰ
3266 5021 3327 5073 τὸ
3364 5020 3716 5090 ἐνιστάμενον

2145 5127 2340 5193 ,ςωπω
2363 5119 2481 5183 ἔτος
2508 5118 2705 5181 κύκλος
2732 5117 2887 5187 ἡλίου
2920 5123 3027 5170 κε’.

2228 5212 2379 5263 Ἐπεὶ
2406 5209 2462 5262 δὲ
2482 5210 2665 5281 πάσης
2701 5207 2925 5280 μεθόδου
2955 5207 3053 5279 τὴν
3077 5205 3499 5278 προχειροτέραν
3528 5204 3719 5275 ἐγκρί-

2145 5317 2330 5371 νομεν,
2353 5299 2446 5352 καὶ
2476 5297 2681 5369 ταύτην
2714 5300 2794 5361 είς
2824 5297 2886 5350 τὸ
2920 5297 3335 5369 προχειρότερον
3364 5292 3721 5366 μεταποιοῦν-

2145 5408 2236 5453 τες
2260 5388 2430 5451 οὕτως
2470 5388 2535 5442 ἂν
2571 5387 2988 5458 μεθοδεύσομεν.

2214 5480 2353 5535 Καθ’
2378 5481 2612 5551 ἑκάστην
2640 5478 3031 5551 συμπλήρωσιν
3060 5476 3567 5548 ἑκατονταετηρίδος
3594 5491 3721 5527 σκο-

2148 5570 2379 5634 ποῦντες
2438 5571 2528 5623 τὸν
2562 5570 2833 5623 ἐνεστῶτα
2888 5568 3009 5622 τότε
3037 5568 3258 5632 κύκλον,
3294 5568 3390 5620 καὶ
3427 5565 3615 5619 τοῦτον
3641 5564 3722 5628 ὡς

2148 5665 2397 5736 θεμέλιον
2437 5663 2677 5734 ἔχοντες.
2711 5661 3071 5733 προστίθεμεν
3102 5664 3214 5724 τοῖς
3237 5661 3376 5714 κατὰ
3401 5656 3720 5739 τὴνοέπιοῦ-

2150 5779 2247 5814 σαν
2278 5756 2766 5828 ἑκατονταετηρίδα
2804 5756 2968 5820 ἔτεσι,
3009 5756 3103 5809 καὶ
3139 5757 3209 5807 τά
3235 5754 3578 5824 συναγόμενα
3623 5768 3725 5821 με·

2152 5853 2389 5927 ρίζοντες
2424 5849 2571 5921 παρὰ
2606 5847 2694 5902 τ’ὸν
2723 5853 2829 5919 κη’,
2865 5845 3005 5901 κατὰ
3032 5846 3124 5902 τὸν
3151 5844 3455 5901 δηλωθέντα
3496 5844 3723 5915 τρόπον,
