4106 6410
353 390 493 446 1Ξ85

1254 393 1481 451 ISAACI
1518 395 1825 452 MONACHI
1864 398 2243 457 COMPUTUS
2279 401 2727 461 ECCLES’lAST.

3465 417 3603 473 1286

353 507 548 580 ἔχομεν
572 508 633 561 τὸ
661 508 1009 582 ζητούμενον.
1040 504 1164 565 Οἴον
1192 511 1267 576 ὠς
1289 515 1346 567 ἐν
1382 512 1740 585 ὑποδείγματι
1782 517 1921 570 κατὰ

2024 520 2341 575 centenario
2387 530 2651 586 vertente,
2709 522 2813 577 hoc
2856 531 2941 580 est
2992 527 3172 583 sexies
3219 528 3510 586 millesimo
3546 541 3602 586 et

352 600 414 653 τὸ
463 600 820 671 προκείμενον
870 601 1021 665 ἔτος,
1057 603 1216 665 ἐπεὶ,
1278 603 1775 677 συμπληρουμένης
1826 609 1924 679 τῆς

354 690 728 763 παρελθούσης
746 692 1275 766 ἑκατονταετηρίδος,
1302 697 1467 767 ἤγουν
1491 697 1585 750 τοῦ
1606 705 1719 762 ,ςω’
1749 698 1922 763 ἔτους,

354 782 430 836 κδ’
454 778 522 854 ἦν
554 785 583 836 6
612 782 707 836 τοῦ
738 782 889 854 ἡλίου
930 784 1149 849 κύκλος,
1184 786 1355 840 ταῦτα
1390 789 1467 843 κδ’
1509 789 1818 861 κρατοῦμεν
1850 791 1925 853 ὡς

356 875 603 947 θεμέλιον
637 877 767 947 παρ’
799 877 928 948 ὃλην
992 876 1091 948 τὴν
1138 878 1495 952 ἐνισταμένην
1540 882 1927 952 ἑκατονταετη-

354 967 505 1040 ρίδα’
534 969 628 1021 καὶ
658 969 869 1032 τούτοις
894 970 1275 1040 προστιθέντες
1299 972 1367 1025 τὰ
1397 973 1558 1044 μέχρι
1593 973 1685 1027 τοῦ
1708 973 1803 1028 νῦν
1833 975 1927 1027 καὶ

353 1058 517 1112 αὐτοῦ
545 1058 637 1132 ἔτη
672 1067 785 1127 πα’,
813 1059 884 1114 τὰ
911 1061 1179 1133 γενόμενα
1221 1070 1295 1135 ρε¹
1327 1066 1621 1137 μερίζομεν
1657 1067 1808 1138 παρὰ
1836 1068 1925 1121 τὸν

354 1158 461 1224 κη’,
492 1152 587 1205 καὶ
615 1151 684 1206 τὰ
708 1153 1148 1225 καταλειπόμενα
1182 1156 1275 1209 καὶ
1302 1156 1444 1211 οὕτω
1473 1158 1562 1212 κα⁹
1587 1162 1763 1231 φαμὲν
1786 1155 1924 1213 εἶναι

352 1243 442 1297 τὸν
468 1244 666 1298 κύκλον
694 1244 789 1298 τοῦ
819 1245 992 1316 ἡλίου.

425 1336 661 1405 Εῠλογον
697 1337 741 1390 δ’
793 1338 861 1392 ἂν
914 1338 1000 1411 εἴη
1030 1340 1126 1394 καὶ
1176 1340 1277 1411 τὴν
1319 1342 1410 1394 ἐπὶ¹
1453 1344 1566 1406 τοῖς
1618 1343 1927 1415 εἰρημένοις

352 1424 771 1482 ἀνακύπτουσαν
803 1428 1161 1500 προθεμένοις
1204 1431 1438 1502 ἀπορίαν
1479 1433 1726 1487 ἐνταυθοῖ
1768 1433 1925 1488 λῦσαι

354 1521 493 1574 κατὰ
523 1520 584 1573 τὸ
631 1522 933 1595 ἐγχωροῦν.
961 1526 1114 1578 Ἔστι
1145 1524 1201 1577 δὲ
1234 1523 1394 1595 α’ύτη.
1430 1524 1502 1576 Τὸ
1553 1523 1767 1595 πρῶτον
1808 1523 1927 1588 ἔτος

355 1610 462 1663 τῶν
494 1611 739 1681 ἡλιακῶν
772 1612 987 1667 κύκλων
1032 1613 1141 1668 ἀπὸ
1167 1614 1378 1685 ἡμέρας
1408 1612 1652 1685 πρώτης,
1680 1615 1925 1667 τουτέστι

355 1703 662 1774 Κυριακῆς,
694 1703 905 1774 ἔφαμεν
926 1704 1190 1775 ἄρχεσθαι
1211 1744 1227 1768 ,
1262 1703 1404 1758 καθὰ
1434 1704 1497 1776 δὴ
1550 1706 1642 1759 καὶ
1671 1706 1779 1758 ἀπὸ
1826 1706 1928 1777 τῆς

355 1795 739 1865 κοσμογενείας
793 1796 1029 1867 πρῶτον.
1074 1796 1234 1850 Ἀλλὰ
1273 1796 1401 1859 νῦν,
1430 1798 1595 1868 ἡνίκα
1638 1799 1667 1850 6
1711 1799 1926 1871 πρῶτος

2027 611 2504 680 octingentesimo,
2545 615 2734 684 cyclus
2768 624 2885 669 erat
2915 617 3053 673 solis
3097 635 3246 685 xxw,
3299 620 3447 676 hunc
3498 639 3606 678 nu-

2027 714 2260 763 merum,
2304 701 2453 755 velut
2502 703 2764 768 radicem,
2813 712 2932 760 toto
2972 719 3239 777 sequente
3283 716 3607 769 centenario

2024 791 2344 855 retinemus,
2382 793 2449 846 ad
2481 810 2642 864 quem
2676 797 2929 853 residuos
2970 801 3037 854 ad
3083 802 3229 858 hunc
3254 819 3429 862 annos
3472 809 3608 878 adji-

2026 880 2233 937 cierites
2272 882 2361 949 81,
2412 899 2681 941 summam
2726 887 2853 944 inde
2895 890 3200 949 confectam
3245 898 3350 953 105
3396 916 3494 971 per
3534 902 3606 958 28

2028 971 2344 1039 dividimus,
2380 977 2523 1045 quod
2554 978 2825 1049 reliquum
2869 991 2975 1045 est,
3022 1001 3218 1057 nempe
3256 988 3348 1056 21,
3386 994 3603 1064 cyclum

2030 1063 2163 1118 solis
2190 1079 2313 1120 esse
2339 1065 2594 1123 dicimus.

2100 1325 2205 1383 Sed
2250 1344 2361 1384 non
2393 1330 2510 1392 ,abs
2560 1348 2620 1387 re
2673 1332 2833 1389 fuerit
2881 1338 3238 1406 quaestionem
3286 1345 3599 1413 quamdam,

2026 1431 2147 1485 qua:
2173 1432 2241 1472 ex
2263 1418 2331 1474 iis
2351 1435 2473 1490 qua:
2490 1422 2632 1477 dicta
2656 1432 2783 1479 sunt
2800 1427 2995 1491 oritur,
3024 1428 3132 1494 hic,
3155 1433 3335 1500 quoad
3362 1436 3415 1488 in
3441 1437 3600 1493 nubis

2028 1507 2194 1562 situm
2220 1519 2325 1575 est,
2353 1512 2674 1570 dissolvere.
2702 1516 2795 1571 Est
2829 1527 3010 1575 autem
3044 1523 3336 1590 ejusmodi.
3358 1524 3602 1585 Primum

2027 1614 2229 1654 annum
2282 1605 2561 1675 cyclorum
2621 1608 2881 1663 solarium
2936 1627 2965 1665 a
3018 1614 3196 1683 prima
3261 1617 3419 1684 feria,
3485 1624 3604 1678 sive

2027 1690 2333 1760 Dominica,
2363 1696 2609 1753 inchoari
2633 1698 2897 1767 diximus,
2929 1703 3057 1758 item
3099 1714 3159 1759 ut
3197 1723 3376 1765 annus
3409 1714 3601 1767 mundi

2026 1785 2237 1855 primus
2282 1786 2519 1843 indidem
2580 1793 2836 1862 occcepit.
2905 1794 3074 1865 Atqui
3131 1798 3316 1865 hodie,
3382 1804 3603 1873 quoties

354 1887 577 1958 ἡλιακὸς
619 1889 780 1959 ἐνστῇ
808 1886 1037 1952 κύκλος,
1090 1888 1198 1941 ἀπὸ
1231 1888 1442 1961 ἡμέρας
1473 1888 1520 1959 β’
1548 1889 1798 1961 ἄρχεται,
1830 1892 1921 1946 καὶ

2025 1877 2237 1946 primus
2278 1878 2381 1931 init
2424 1879 2558 1936 solis
2599 1881 2862 1949 circulus,
2920 1886 3080 1957 196
3119 1888 3310 1961 incipit
3341 1892 3477 1948 feria
3512 1910 3602 1950 se-

351 1980 414 2033 οῠ
446 1979 687 2051 πρώτης.
735 1980 846 2034 Καὶ
883 1980 936 2033 τί
963 1980 1029 2035 ἂν
1073 1980 1158 2053 εἴη
1203 1980 1264 2034 τὸ
1304 1980 1476 2035 αἴτιον
1520 1982 1622 2053 τῆς
1654 1984 1794 2038 κατὰ
1828 1984 1925 2056 τὴν

356 2066 579 2139 πρώτην
623 2068 837 2140 ἡμέραν
862 2069 1071 2143 ταύτην
1112 2070 1410 2143 διαφορᾶςς
1453 2072 1565 2125 Καὶ
1592 2071 1731 2146 αὕτη
1770 2075 1921 2147 μὲνὴ

354 2160 557 2213 ἀπορία
574 2176 587 2189 ·
622 2159 806 2232 λυθείη
833 2160 879 2214 δ’
912 2162 977 2216 ἂν
998 2160 1172 2226 οὕτως
1199 2163 1340 2217 κατὰ
1363 2162 1424 2216 τὸ
1460 2162 1702 2233 εὔλογον.

420 2249 531 2319 Τῆς
567 2249 772 2321 κυρίως
822 2250 997 2322 ἀρχῆς
1049 2252 1143 2303 τοῦ
1167 2250 1341 2315 έτους,
1384 2250 1507 2321 ἡτις
1556 2253 1675 2306 ἐστὶ
1708 2252 1830 2307 καθ’
1857 2255 1924 2327 ἢν

349 2342 564 2414 ἡμέραν
601 2344 629 2395 6
685 2342 1014 2414 δημιουργὸς
1057 2342 1164 2396 τῶν
1208 2342 1344 2397 ὅλων
1392 2343 1525 2407 Θεὸς
1567 2346 1668 2415 τῆς
1719 2346 1925 2400 τούτων

350 2432 615 2501 γενέσεως
637 2431 860 2505 ἡρξατο,
885 2433 1257 2504 ἀγνοουμένης
1281 2434 1337 2486 ἐν
1368 2432 1496 2505 ποίᾳ
1523 2434 1631 2487 τῶν
1654 2433 1745 2487 τοῦ
1771 2434 1925 2499 έτους

350 2523 499 2576 ἐστὶν
531 2523 772 2595 ἡμερῶν,
802 2523 975 2578 ἄλλων
1004 2524 1172 2591 ᾷλλας
1201 2525 1373 2596 ἀρχὰς
1394 2526 1801 2598 ὑποτιθεμένων
1828 2527 1923 2581 τοῦ

348 2614 528 2679 ἔτουςο
575 2602 797 2687 ἐπειδὴ,
828 2618 956 2670 ὃταν
1009 2616 1203 2688 ἐπιστῇ
1256 2618 1286 2670 6
1316 2618 1447 2688 παρ’
1492 2619 1623 2689 ἡμῖν
1673 2619 1922 2690 Σεπτέμ-

351 2706 523 2778 ϐριος,
552 2707 611 2761 ὃν
641 2707 814 2780 ἀρχὴν
850 2706 1153 2778 ποιούμεθα
1188 2707 1284 2761 τοῦ
1312 2707 1487 2773 ἔτους,
1522 2707 1569 2772 ζ’
1613 2709 1761 2763 ἐστὶν
1792 2710 1925 2781 ἡμέ-

356 2818 448 2871 ρα·
488 2802 616 2855 ὅταν
661 2801 719 2855 δὲ
762 2803 793 2854 6
851 2800 1176 2874 Ὀκτώϐριος
1199 2842 1214 2866 ,
1257 2801 1334 2872 β’·
1366 2802 1700 2874 οἰκειοτέραν
1748 2803 1923 2874 ἀρχὴν

351 2893 650 2965 ποιούμεθα
677 2894 787 2948 τῶν
821 2893 1066 2965 ἡλιακῶν
1095 2894 1309 2948 κύκλων
1335 2895 1434 2966 τὴν
1460 2894 1554 2948 τοῦ
1594 2896 1921 2968 Ὀκτωϐρίου

349 2986 544 3058 ἀρχὴν,
570 2985 603 3056 ἢ
631 2985 729 3056 τὴν
759 2984 852 3040 τοῦ
887 2985 1281 3058 Σεπτεμϐρίου.
1311 2986 1483 3040 Τοῦτο
1506 2986 1564 3041 δὲ
1592 2987 1923 3062 σαφέστερον

350 3079 647 3150 ποιήσομεν
672 3080 775 3133 κάν
820 3080 888 3150 τῇ
922 3078 1129 3150 μεθόδῳ
1176 3077 1271 3132 τοῦ
1301 3081 1759 3152 ἡμεροευρεσίου·
1797 3081 1921 3153 ἥτις

348 3171 444 3224 καὶ
476 3169 587 3242 ἔχει
621 3170 815 3235 οὕτως.

682 3283 946 3352 Μέθοδος
974 3285 1080 3339 τοῦ
1100 3284 1588 3355 ἡμεροευρεσίου.

417 3379 490 3432 Δ’.
528 3378 697 3431 Ὅταν
730 3377 888 3449 τὴνδε
919 3370 1042 3431 τινὰ
1064 3378 1157 3432 τοῦ
1202 3378 1554 3449 ἐνισταμένου
1591 3378 1759 3449 μηνὸς
1783 3378 1922 3451 ἡμέ-

352 3485 450 3540 ραν
479 3467 730 3539 ζητῶμεν
760 3468 960 3539 εὐρεῖν,
986 3469 1043 3521 ἐν
1070 3469 1176 3521 τίνι
1209 3468 1317 3521 τῶν
1338 3469 1440 3540 τῆς
1471 3469 1760 3541 ἑϐδομάδος
1785 3472 1923 3541 ἡμε-

350 3560 460 3630 ρῶν
494 3560 803 3632 συμϐαίνει,
838 3560 1187 3632 λαμϐάνομεν
1242 3561 1333 3614 τὸν
1372 3560 1605 3633 ἀριθμὸν
1641 3561 1750 3615 τῶν
1780 3579 1922 3635 παρ-

347 3651 612 3705 ελθόντων
649 3650 866 3705 κύκλων
914 3651 1009 3704 τοῦ
1042 3652 1216 3722 ἡλίου,
1261 3650 1399 3722 πλὴν
1443 3652 1538 3705 τοῦ
1592 3652 1917 3717 ἐνεστῶτοςο

345 3742 444 3796 καὶ
470 3740 647 3813 τούτῳ
690 3740 1053 3812 προστίθεμεν
1095 3743 1193 3805 τάς
1224 3758 1284 3795 τε
1329 3741 1437 3795 ἀπὸ
1480 3743 1581 3813 τῆς
1611 3743 1784 3815 ἀρχῆς
1824 3742 1919 3795 τοῦ

350 3834 520 3906 μηνὸς
552 3833 762 3887 ἐκείνου
806 3833 1021 3907 ἡμέρας
1054 3834 1180 3906 ἄχρι
1216 3834 1311 3888 καὶ
1351 3834 1524 3904 αὐτῆς
1572 3835 1673 3905 τῆς
1722 3832 1919 3906 ζητου-

350 3923 544 3995 μένης,
572 3922 652 3976 ἐτι
694 3940 755 3975 τε
800 3923 900 3994 τὴν
932 3922 1176 3992 ἐπακτὴν
1225 3921 1319 3975 τοῦ
1356 3921 1519 3975 αὐτοῦ
1563 3921 1751 3992 μηνὸς,
1796 3921 1919 3992 ἥτις

346 4011 493 4065 ἐστὶν
543 4011 871 4084 Ὁκτωϐρίου
914 4013 1012 4083 μὲν
1047 4011 1229 4084 ἡμέρα
1264 4010 1334 4065 α’.
1380 4009 1510 4063 Ἀπὸ
1542 4010 1650 4081 γὰρ
1677 4012 1776 4081 τῆς
1820 4029 1919 4065 κυ-

346 4104 478 4176 ρίως
507 4105 681 4177 ἀρχῆς
708 4103 802 4158 τοῦ
845 4104 1017 4169 ἔτους,
1057 4105 1179 4174 ἣτις
1214 4103 1362 4157 ἐστὶν
1387 4102 1572 4173 ἡμέρα
1605 4107 1675 4165 α’,
1707 4102 1741 4172 ἡ
1778 4102 1919 4155 κατὰ

342 4193 443 4267 τὴν
474 4202 521 4250 α’
561 4197 659 4268 μὲν
688 4196 782 4250 τοῦ
837 4196 1196 4268 Ὀκτωϐρίου,
1240 4196 1298 4247 ἐν
1330 4193 1516 4266 ἡμέρᾳ
1556 4191 1599 4261 β’
1632 4194 1914 4265 γινομένη,

348 4289 476 4359 μιᾶς
499 4276 710 4362 ἡμέρας
731 4290 875 4342 ποιεῖ
900 4288 1210 4360 μετάθεσιν.

772 4398 1001 4454 Ὀκτὼϐ.
1180 4398 1258 4452 λα’
1303 4407 1353 4452 α’

759 4470 1064 4533 Νοέμϐριος
1218 4469 1264 4522 λ’
1308 4468 1351 4521 6'

760 4540 994 4609 Δεκέμϐ.
1185 4540 1263 4592 λα’
1298 4547 1352 4604 ς’

774 4608 1034 4681 Ἰανουάρ.
1183 4609 1264 4663 λα’
1304 4608 1350 4679 β’

766 4680 1068 4752 φεδρουάρο
1178 4686 1265 4752 κη’
1312 4686 1354 4732 ε’

765 4748 1029 4822 Μάρτιος.
1185 4748 1267 4822 λα’
1314 4755 1357 4802 ε’

779 4819 1051 4892 Ἀπρίλιος
1188 4889 1199 4892 Α
1224 4819 1267 4873 λ’
1306 4826 1355 4873 α’

764 4889 942 4954 nam
1187 4889 1264 4942 λα’
1305 4897 1354 4958 γ’

773 4962 991 5025 Ἰούνιος
1220 4959 1265 5012 λ’
1296 4965 1353 5024 ς’

773 5031 989 5094 Ἰούλιος
1181 5029 1263 5083 λα’
1301 5036 1351 5083 α’

759 5101 1067 5170 Αὔγουστος
1179 5101 1259 5153 λα’
1307 5099 1351 5170 δ’

759 5168 1031 5243 Σεπτέμϐ.
1222 5170 1265 5222 λ’
1304 5168 1349 5233 ζ’

408 5288 520 5341 Kal
556 5286 699 5341 τοῦτ’
721 5287 869 5340 ἐστὶν
892 5287 1028 5356 ὅπερ
1055 5283 1151 5338 καὶ
1178 5284 1436 5355 ἀνωτέρω
1455 5283 1653 5355 ὲλέγομ
1663 5302 1742 5351 εν,
1763 5284 1915 5339 λύον·-

334 5395 427 5442 τες
452 5378 550 5449 τὴν
578 5376 1015 5447 ἀναφαινομένην
1059 5374 1315 5446 ἀπορίαν.
1347 5373 1459 5427 Καὶ
1497 5373 1697 5446 ἐφεξῆς
1736 5375 1915 5446 Νοεμα

337 5470 491 5543 ϐρίου
519 5470 725 5541 ἡμέραι
765 5468 827 5522 6'.
873 5468 1016 5531 Ὅτι,
1043 5465 1122 5520 λα’
1167 5465 1382 5536 ἡμέρας
1425 5463 1523 5517 τοῦ
1576 5465 1912 5536 Ὀκτωϐρίου

334 5561 568 5633 ἔχοντες,
599 5561 800 5632 ἡμέραι
834 5565 884 5629 γ’
925 5557 1063 5630 μετὰ
1096 5557 1199 5620 τὰς
1233 5558 1275 5610 6'
1308 5556 1720 5629 περιττεύουσιν
1762 5557 1912 5611 ἐϐδο-

338 5651 542 5723 μάδας·
580 5646 739 5705 αὗται
763 5650 820 5703 δὲ
855 5649 993 5721 μετὰ
1030 5650 1126 5702 καὶ
1161 5648 1263 5720 τῆς
1295 5649 1404 5720 πρὸ
1430 5647 1526 5701 τοῦ
1577 5648 1910 5721 Ὀκτωϐρίου

339 5746 466 5814 μιᾶς
498 5744 541 5797 δ’
581 5743 812 5798 ποιοῦσι.
850 5742 1189 5815 Δεκεμϐρίου
1222 5743 1280 5796 δὲ
1313 5748 1368 5807 ς’
1389 5758 1402 5771 ·
1438 5742 1521 5795 ὅτι
1573 5741 1711 5813 μετὰ
1740 5741 1840 5805 τὰς
1867 5741 1911 5794 6'

335 5836 634 5903 ἑϐδομάδας
660 5838 689 5890 6
725 5834 1026 5907 Νοέμϐριος
1063 5834 1107 5905 β’
1150 5834 1367 5906 ἡμέρας
1409 5833 1519 5905 ἔχει
1562 5833 1910 5906 περιττευού-

1945 3221 1993 3282 C

2025 1966 2227 2032 cunda,
2268 1984 2379 2023 non
2431 1970 2630 2041 prima.
2688 1970 2974 2029 Undenam
3014 1991 3144 2047 ergo
3217 1980 3407 2049 prima;
3452 1982 3602 2038 illius

2024 2057 2134 2115 diei
2184 2060 2482 2117 discrimen
2548 2066 2793 2119 accidit?
2848 2066 2944 2122 Est
2977 2067 3094 2125 haec
3144 2069 3258 2126 fere
3311 2071 3600 2131 dubitandi

2024 2148 2166 2201 ratio
2195 2166 2208 2202 :
2247 2149 2335 2204 cui
2378 2165 2477 2206 nos
2513 2163 2881 2211 consentanee
2901 2158 2983 2212 sic
3012 2163 3382 2217 occurrimus.

2100 2236 2296 2294 Verum
2327 2241 2456 2294 anni
2484 2243 2867 2312 primordium,
2902 2246 3007 2301 hoc
3053 2257 3138 2304 est
3167 2250 3285 2306 dies
3318 2252 3431 2318 illa,
3489 2269 3601 2325 qua

2024 2346 2210 2387 rerum
2263 2332 2509 2387 omnium
2569 2336 2907 2392 molitionem
2958 2353 3147 2394 earum
3202 2342 3399 2397 artifex
3455 2343 3604 2401 Deus

2026 2422 2285 2487 instituit,
2312 2424 2581 2479 incertum
2605 2433 2689 2481 est
2716 2442 2879 2497 quam
2908 2428 2964 2482 in
2992 2430 3122 2484 anni
3150 2430 3293 2487 diem
3323 2435 3598 2499 inciderit,

2025 2529 2151 2569 cum
2199 2515 2291 2569 alii
2350 2517 2455 2570 alia
2507 2526 2730 2572 sumant
2782 2534 3051 2576 annorum
3092 2522 3336 2581 exordia.
3390 2525 3603 2597 Quippe

2023 2607 2247 2663 ineunte
2298 2607 2605 2679 Septembri
2658 2619 2868 2681 nostro,
2915 2616 3010 2687 qui
3056 2631 3261 2671 annum
3309 2620 3451 2688 apud
3498 2636 3601 2677 nos

2024 2699 2258 2765 orditur,
2314 2701 2544 2772 septima
2605 2711 2691 2760 est
2743 2703 2919 2774 feria;
2954 2723 3081 2764 cum
3139 2720 3320 2767 autem
3364 2711 3609 2770 October

1986 2789 2239 2859 ,incipit,
2270 2793 2531 2847 secunda.
2564 2792 2693 2849 Ideo
2712 2795 2782 2850 ad
2809 2799 2939 2852 anni
2968 2800 3301 2872 principium
3331 2805 3603 2874 aptiorem

2022 2882 2280 2939 duximus
2322 2883 2633 2956 Septembri
2663 2887 2942 2944 ineuntem
2977 2889 3293 2949 Octobrem.
3344 2894 3499 2960 Quod
3542 2898 3600 2953 in

2023 2969 2271 3039 subjecta
2330 2973 2590 3030 methodo
2631 2977 3026 3049 investiganda:
3076 2981 3228 3037 feriae
3289 2986 3603 3044 evidentius

2022 3062 2325 3132 apparebit,
2350 3078 2473 3134 quae
2501 3065 2569 3121 ad
2603 3066 2750 3122 hunc
2780 3070 3001 3125 modum
3036 3088 3095 3128 se
3128 3073 3311 3129 habet.

2373 3266 2655 3324 Met/rodas
2688 3271 3066 3343 investiganda:
3086 3275 3251 3344 ferite.

2093 3354 2184 3414 Ν.
2228 3357 2432 3417 Mensis
2482 3361 2776 3439 cujuslibet
2807 3363 3041 3420 labentis
3064 3366 3207 3421 diem
3253 3369 3603 3439 inquirentes

2022 3463 2187 3518 quam
2230 3451 2284 3504 in
2343 3432 2705 3508 hebdomadis
2768 3454 2959 3510 feriam
3015 3456 3247 3523 incidat,
3304 3476 3597 3519 numerum

2024 3542 2295 3613 imprimis
2343 3552 2747 3601 transactorum
2779 3548 2914 3604 solis
2958 3552 3240 3620 cyclorum
3270 3554 3600 3625 accipimus,

2019 3652 2087 3693 eo
2121 3645 2370 3708 excepto,
2403 3638 2499 3709 qui
2534 3640 2828 3696 inchoatus
2858 3646 2977 3706 est;
3023 3650 3138 3695 tum
3187 3642 3256 3697 ad
3297 3644 3443 3701 hunc
3491 3664 3597 3702 nu-

2021 3744 2234 3784 merum
2264 3730 2383 3787 dies
2416 3731 2626 3787 mensis
2664 3730 2734 3786 ad
2775 3746 2902 3788 eum
2947 3747 3124 3802 usque
3164 3734 3259 3804 qui
3309 3739 3595 3807 quaeritur,

2020 3835 2145 3876 cum
2176 3826 2387 3893 epactis
2415 3823 2661 3894 ejusdem
2706 3824 2914 3880 mensis
2943 3824 3269 3894 adjicimus;
3304 3843 3368 3883 ea
3397 3832 3454 3885 in
3499 3829 3600 3886 Oc-

2020 3913 2164 3967 tobri
2185 3922 2271 3969 est
2304 3915 2357 3969 1.
2408 3913 2544 3970 Nam
2572 3931 2602 3970 a
2649 3930 2778 3971 vero
2815 3915 2945 3969 anni
2977 3916 3299 3985 primordio,
3346 3921 3492 3991 quod
3539 3924 3597 3979 in

2020 4004 2214 4061 feriam
2265 4006 2498 4076 primam
2548 4015 2859 4079 competere
2908 4006 3091 4069 debet,
3156 4009 3482 4080 trajectione
3535 4014 3596 4070 in

2019 4096 2250 4154 Kalend.
2286 4098 2551 4156 Octobres
2605 4101 2747 4155 facta
2769 4139 2784 4165 ,
2830 4115 2951 4169 qua?
2983 4101 3189 4155 cadunt
3216 4103 3272 4157 in
3297 4105 3600 4163 secundam

2019 4191 2232 4259 feriam,
2257 4200 2311 4247 et
2341 4193 2468 4248 anni
2498 4193 2821 4264 principium
2850 4209 2881 4247 a
2917 4192 3078 4248 nobis
3107 4192 3499 4261 instituuntur,
3534 4196 3599 4255 ﬁt

2018 4283 2184 4338 unius
2211 4283 2319 4339 diei
2349 4284 2600 4338 mutatio.

2298 4392 2533 4451 October
2749 4413 2876 4451 xxxi
3028 4400 3049 4453 l

2298 4465 2604 4522 November
2747 4482 2777 4520 x
2790 4484 2855 4521 xx
3018 4470 3050 4523 4

2300 4535 2601 4591 December
2745 4553 2874 4591 xxxi
3020 4540 3054 4592 6

2293 4606 2589 4660 Ianuarius
2747 4623 2812 4660 xx
2825 4624 2876 4661 xl
3019 4609 3055 4662 2

2296 4675 2627 4732 Februarius
2742 4692 2912 4731 xxvm
3014 4680 3049 4733 5

2290 4744 2521 4801 Martius
2736 4763 2865 4801 xxxi
3013 4749 3047 4801 5

2295 4818 2500 4885 Aprilis
2748 4833 2856 4872 xxx
3024 4820 3051 4873 ί

2297 4885 2474 4942 Maius
2742 4904 2873 4942 xxx:
3017 4889 3052 4940 5

2293 4956 2491 5012 Junius
2745 4974 2855 5011 xxx
3015 4962 3049 5013 b'

2296 5025 2478 5082 Julius
2743 5044 2873 5082 xxxi
3018 5030 3043 5082 1

2295 5100 2576 5167 Augustus
2743 5113 2867 5153 xxxi
3016 5099 3046 5151 4

2298 5166 2621 5238 September
2741 5184 2850 5222 xxx
3020 5169 3049 5221 7

2085 5278 2262 5348 Atque
2291 5276 2398 5332 hoc
2424 5278 2606 5348 ipsum
2636 5288 2743 5342 est,
2774 5279 2921 5349 quod
2952 5281 3209 5351 superius
3242 5280 3586 5359 dicebamus,

2016 5386 2140 5426 cum
2192 5373 2489 5442 emergenti
2520 5373 2829 5442 ,quazstioni
2880 5374 3283 5444 respondimus.
3321 5374 3590 5446 Deinceps

2014 5462 2308 5518 Novembri
2363 5462 2482 5520 dies
2541 5480 2594 5517 Iv
2640 5471 2972 5535 congruunt.
3039 5465 3253 5536 Quippe
3295 5480 3426 5520 xxxi
3471 5469 3588 5524 dies

2016 5555 2180 5610 habet
2214 5553 2456 5611 October
2508 5575 2523 5611 :
2560 5556 2707 5611 unde
2746 5573 2914 5628 supra
2946 5558 3319 5614 hebdomadas
3364 5575 3418 5613 ιν
3458 5561 3590 5615 reli-

2014 5648 2110 5718 qui
2138 5654 2267 5702 sunt
2286 5647 2403 5702 dies
2430 5655 2588 5704 tres:
2634 5649 2834 5718 quibus
2875 5649 3063 5704 addito
3112 5664 3129 5703 ι
3174 5649 3267 5720 qui
3293 5646 3588 5704 Octobrem

2015 5740 2330 5803 antecessit,
2365 5737 2502 5793 ﬁunt
2532 5755 2605 5793 Iv.
2632 5737 2928 5794 December
2963 5754 3018 5792 γι
3058 5740 3283 5809 praebet,
3327 5739 3587 5809 quoniam

2015 5839 2212 5904 praeter
2238 5829 2628 5907 hebdomadas
2679 5845 2753 5886 IV.
2800 5831 3105 5889 November
3150 5832 3378 5888 biduum
3421 5830 3587 5887 relin-
