4106 6440
476 365 615 423 128⁵1

1483 361 1569 417 Αἵ)
1606 360 1873 417 EUSEBII
1911 359 2306 417 CIIRONICON
2352 360 2714 416 APPENDIX.

3582 365 3721 420 1288

474 482 613 551 quit.
648 478 795 551 quod
839 492 964 533 cum
1011 478 1291 552 prioribus
1318 482 1555 548 quatuor
1602 490 1699 532 sex
1738 476 1922 530 emcit.
1956 473 2048 529 Ja-
2076 481 2119 538 Α
2150 494 2162 527 ι

2150 493 2249 541 σας
2267 493 2281 507 ·
2310 469 2467 531 αὗται
2494 475 2551 530 δὲ
2585 474 2723 547 μετὰ
2752 477 2861 531 τῶν
2890 477 3171 550 προτέρων
3202 477 3243 532 δ’
3271 484 3325 544 ς’
3352 477 3587 535 ποιοῦσι.
3608 482 3722 536 Καὶ

476 571 707 629 nuarius
757 584 885 624 vero
930 584 968 623 ιι
1021 570 1252 624 obtinet.
1299 567 1510 639 Quippe
1552 581 1606 622 vr
1659 566 2045 622 antecedentes

475 680 599 720 cum
635 660 927 733 superﬂuis
953 676 1040 725 ιιι,
1066 676 1205 731 quas
1227 676 1394 731 supra
1446 675 1499 715 Iv
1533 658 1905 714 hebdomadas
1944 657 2047 713 De-

472 755 693 810 cember
725 753 905 818 habet,
935 768 986 806 ιι
1020 752 1339 814 coniiciunt,
1374 752 1441 806 de
1473 751 1674 820 quibus
1707 748 2047 804 hebdomade

473 847 777 904 subtracta,
824 843 1104 898 residuum
1151 851 1234 897 est
1276 842 1528 903 biduum,
1564 850 1727 910 atque
1773 840 1847 892 ita
1893 840 2049 894 dein-

471 949 623 1005 ceps,
648 932 978 988 Februarius
1002 949 1054 997 ν,
1085 930 1312 987 Martius
1336 948 1385 995 ν,
1417 930 1672 1000 quoniam
1693 928 2045 993 Februarius,

471 1028 663 1083 diebus
718 1033 980 1082 constans
1026 1032 1152 1079 octo
1203 1024 1467 1078 dunlaxat
1523 1030 1577 1077 et
1619 1022 1834 1092 viginti,
1871 1022 2048 1077 nullas

472 1117 641 1172 mensi
679 1117 924 1186 sequenti
943 1116 1457 1186 relinquitepactas.
1477 1114 1678 1183 Aprilis
1703 1129 1738 1173 I,
1764 1111 1936 1167 Maius
1964 1127 2045 1177 ιιι,

467 1205 664 1260 Junius
695 1220 768 1268 νι,
803 1204 980 1259 Julius
1014 1221 1051 1265 ι,
1088 1205 1370 1274 Augustus
1398 1218 1472 1266 Iv,
1512 1201 1831 1271 September
1857 1216 1951 1254 vn.

538 1296 633 1352 His
683 1297 850 1367 igitur
895 1297 1128 1351 invicem
1178 1295 1399 1358 additis,
1438 1295 1697 1349 nimirum
1732 1296 1934 1351 mensis
1963 1295 2047 1349 in-

468 1389 648 1445 choati
709 1388 904 1444 diebus
961 1388 1029 1442 ad
1088 1390 1428 1458 propositum
1490 1402 1687 1457 usque,
1736 1392 1789 1441 et
1839 1385 2047 1440 mensis

467 1480 697 1552 epactis,
754 1494 966 1534 necnon
1024 1478 1312 1549 pra'teritis
1369 1478 1538 1549 cyclis
1597 1477 1909 1540 solaribus,
1987 1484 2048 1529 ut

471 1572 679 1648 dictum
722 1578 826 1636 est,
859 1586 982 1625 cum
1018 1586 1206 1624 eorum
1247 1569 1667 1640 quadrantibus,
1703 1569 1909 1622 omisso
1941 1565 2061 1620 mi-v

467 1678 604 1718 nore
650 1678 811 1733 quam
885 1678 937 1716 Iv
987 1676 1253 1727 numero;
1300 1675 1513 1716 summa
1564 1661 1802 1729 denique
1834 1674 1931 1729 per
1970 1673 2045 1712 vn

468 1754 666 1814 divisa,
718 1754 1027 1816 residuum,
1076 1753 1221 1823 quod
1273 1754 1458 1806 minus
1500 1760 1583 1808 est
1621 1760 1852 1822 septem,
1889 1750 2047 1805 docet

2145 567 2347 640 ὁμοίως
2392 568 2808 640 ’1ανουαρίουβ’.
2842 570 2908 622 Al
2948 568 3057 642 γὰρ
3104 570 3366 642 πρότεραι
3407 570 3502 638 ἒξ,
3540 571 3633 625 καὶ
3663 575 3721 627 αῖ

2147 660 2559 732 περιττεύουσαι
2589 660 2690 725 τὰς
2732 660 3030 731 ἑϐδομάδας
3079 663 3219 717 κατὰ
3259 664 3347 717 τὸν
3390 663 3721 737 Δεκέμϐριον

2145 760 2216 822 γ’,
2241 753 2286 807 θ’
2317 753 2559 807 ποιοῦσιν
2579 769 2592 784 ⁸
2640 746 2715 807 ὧν
2746 752 3036 823 ἑϐδομάδος
3079 755 3508 826 ἀφαιρουμένης,
3537 756 3583 825 β’
3614 756 3722 809 λεί-

2147 860 2337 897 πονται
2367 844 2590 915 ἡμέραι.
2625 844 2734 897 Καὶ
2777 844 2974 914 ἐφεξῆς
3018 845 3325 909 ἀκολούθως
3356 847 3720 920 ⁴ιιεϐρουαρίου

2146 936 2208 999 ε’,
2236 935 2480 1005 Μαρτίου
2517 934 2679 987 πάλιν
2725 940 2787 996 ε’,
2821 934 2909 987 διὰ
2954 936 3014 988 τὸ
3048 941 3133 1005 κη’
3171 936 3397 1007 ἡμερῶν
3447 938 3576 991 ὄντα
3624 939 3720 992 τὸν

2145 1024 2505 1097 Φεϐρουάριον
2542 1025 2812 1095 μηδεμίαν
2855 1029 3027 1079 ποιεῖν
3075 1010 3151 1097 τῷ
3184 1028 3382 1099 ἐφεξῆς
3414 1030 3543 1099 μηνὶ
3583 1032 3722 1083 έπαυ

2147 1113 2301 1182 κτήν.
2333 1110 2607 1182 Ἀπριλίου
2640 1118 2710 1175 α’,
2746 1111 2923 1166 Μαΐου
2945 1119 3015 1179 γ’,
3058 1112 3273 1166 Ἰουνίου
3299 1120 3373 1178 ς’,
3408 1113 3622 1167 Ἰουλίου
3648 1120 3719 1181 α’,

2146 1200 2459 1268 Αὐγούστου
2480 1201 2543 1263 δ’,
2570 1202 2664 1254 καὶ
2689 1201 3061 1271 Σεπτεμϐρίου
3088 1200 3154 1265 ζ’.

2217 1290 2400 1343 Ταῦτα
2432 1291 2609 1344 τοίνυν
2641 1291 2977 1355 συντιθέντες
3015 1292 3284 1363 ἀλλήλοις,
3316 1291 3415 1355 τάς
3443 1308 3503 1345 τε
3529 1291 3717 1363 δηλον-

2144 1383 2226 1435 ότι
2259 1379 2351 1435 τοῦ
2382 1382 2730 1452 ἐνισταμένου
2769 1382 2934 1452 μηνὸς
2974 1383 3185 1453 ἡμέρας
3217 1383 3376 1455 μέχρι
3423 1383 3518 1436 καὶ
3549 1383 3721 1453 αὐτῆς

2144 1472 2243 1541 τῆς
2281 1472 2731 1542 ἐπιζητουμένης,
2775 1471 2868 1523 καὶ
2915 1470 3013 1534 τὰς
3045 1470 3139 1524 τοῦ
3184 1472 3349 1525 αὑτοῦ
3390 1471 3557 1543 μηνὸς
3587 1473 3723 1526 ἑπα-

2145 1564 2301 1626 κτὰς,
2323 1565 2416 1616 καὶ
2442 1564 2577 1635 πρὸς
2600 1563 2812 1627 τούτοις
2840 1562 2967 1626 τούς
2991 1580 3050 1615 τε
3076 1563 3442 1634 παρελθόντας
3465 1565 3722 1635 ήλιακοὺς

2146 1654 2396 1718 κύκλους,
2420 1654 2494 1718 ὡς
2523 1657 2734 1726 εἴρηται
2754 1695 2769 1720 ,
2803 1655 2894 1707 καὶ
2918 1654 2985 1708 τὰ
3011 1654 3213 1709 τούτων
3247 1655 3374 1725 a'/6'
3405 1657 3722 1727 παρεῶντες

2145 1745 2212 1798 τὰ
2249 1745 2505 1799 ἐλάττονα
2548 1746 2654 1799 τῶν
2687 1747 2752 1809 δ’,
2796 1744 3015 1800 καὶτὸν
3061 1747 3341 1819 γινόμενον
3390 1749 3526 1818 ὁμοῦ
3555 1749 3722 1804 πάλιν

469 1862 630 1916 quam
658 1847 710 1900 in
741 1847 925 1901 I'eriam
957 1846 1216 1916 quaesitus
1238 1846 1354 1900 dies
1379 1846 1583 1901 mensis
1608 1845 1754 1899 illius
1776 1845 2042 1898 incurrat.
2076 1824 2118 1878 Β
2146 1838 2162 1891 ἐ

2146 1836 2374 1909 ἀριθμὸν
2410 1838 2721 1910 μερίζοντες
2760 1841 2911 1912 παρὰ
2953 1841 3042 1893 τὸν
3072 1841 3137 1905 ζ’,
3181 1840 3250 1893 τὰ
3282 1841 3719 1913 καταλειπόμενα

467 1942 722 1997 ἐλάττονα
741 1942 850 1996 τῶν
869 1943 933 2007 ξ’,
952 1942 1145 2014 ἔχομεν
1169 1943 1226 1995 ὲν
1253 1941 1381 2014 ποίᾳ
1397 1943 1502 1995 τῶν
1526 1940 1626 2012 τῆς
1646 1939 1936 2012 ἑϐδομάδος
1959 1932 2180 2009 ἡμερῶν
2210 1932 2494 2004 συμϐαίνει
2514 1936 2546 2004 ἡ
2565 1934 2962 2006 ἐπιζητουμένη
2989 1936 3167 2007 ἡμέρα
3190 1934 3283 1988 τοῦ
3305 1937 3470 2006 μηνὸς
3487 1936 3717 1993 ἐκείνου.

537 2054 781 2126 Exempli
829 2057 1039 2126 gratia:
1089 2055 1435 2125 Propositum
1470 2055 1540 2110 sit
1582 2054 1860 2124 inquirere
1906 2066 2046 2122 prae-

2228 2040 2351 2099 Οἷον
2377 2046 2468 2101 ἐπὶ
2502 2046 2916 2118 ὑποδείγματος,
2946 2047 3085 2100 ἔστω
3117 2046 3297 2118 ζητεῖν
3322 2051 3469 2121 ἡμᾶς
3496 2050 3596 2121 τὴν
3626 2051 3720 2105 τοῦ

468 2149 642 2203 sentis
673 2149 881 2204 mensis
910 2147 1165 2203 Octobris
1199 2148 1339 2202 diem
1374 2163 1523 2211 ιινι,
1557 2162 1721 2217 quam
1753 2146 1808 2201 in
1840 2143 2048 2201 bebdo-
2151 2155 2162 2190 τ

2151 2139 2415 2210 παρόντος
2449 2139 2780 2211 Ὀκτωϐρίου
2809 2146 2899 2204 κς¹
2927 2142 3125 2211 εὑρεῖν,
3161 2141 3219 2193 ἐν
3258 2142 3388 2212 ποίᾳ
3427 2141 3529 2212 τῆς
3570 2142 3721 2196 ἐϐδο-

469 2238 644 2295 madis
672 2238 865 2294 feriam
897 2238 1078 2294 cadat.
1122 2238 1326 2309 Accipe
1354 2238 1473 2294 dies
1508 2239 1741 2309 primum
1773 2252 1923 2302 nm,
1952 2234 2046 2305 qui
2150 2246 2162 2300 ι

2150 2229 2314 2300 μάδος
2338 2229 2562 2302 ἡμερῶν
2606 2230 2911 2300 συμϐαίνει.
2954 2231 3315 2303 Λαμϐάνομεν
3344 2233 3442 2297 τὰς
3479 2235 3588 2289 ἀπὸ
3620 2236 3722 2307 τῆς

467 2330 538 2386 ab
565 2330 686 2400 ejus
735 2330 995 2387 Kalendis
1023 2330 1196 2400 elapsi
1230 2336 1358 2384 sunt
1403 2347 1419 2385 :
1458 2329 1545 2385 IIIS
1583 2328 1721 2384 adde
1767 2336 1877 2382 tam
1920 2342 2049 2398 epa-

469 2428 616 2475 ctam
646 2436 665 2475 ι
703 2421 909 2477 mensis
942 2421 1112 2487 illius,
1147 2436 1309 2491 quam
1342 2436 1435 2484 ιι,
1487 2421 1558 2475 ob
1605 2420 1828 2474 totidem
1861 2420 2045 2491 cyclos

466 2515 809 2585 praeteritos:
840 2530 942 2571 nec
974 2532 1084 2571 non
1110 2514 1448 2587 quadrantes
1468 2529 1682 2581 eorum,
1708 2513 1800 2584 qui
1835 2520 1964 2569 sunt
1989 2529 2041 2568 ν.

467 2604 603 2661 Nam
656 2622 675 2662 ι
717 2623 891 2678 usque
932 2606 999 2662 ad
1049 2624 1101 2662 ιν
1137 2608 1524 2677 relinquimus,
1580 2613 1641 2661 ut
1696 2621 1861 2676 supra
1908 2605 2041 2662 dixi.

471 2698 693 2753 Summa
724 2700 953 2755 collecta
989 2713 1062 2754 LII
1105 2714 1203 2769 per
1233 2715 1308 2753 vn
1336 2698 1533 2762 divisa,
1584 2713 1643 2752 ιιι
1672 2698 1913 2767 reliquos
1943 2696 2043 2750 ha-

467 2791 661 2847 bemus
691 2810 704 2846 :
739 2790 814 2845 ita
844 2799 904 2845 ut
932 2791 1249 2861 propositus
1278 2788 1395 2846 dies
1442 2788 1697 2845 Octobris
1732 2804 1860 2843 xxvr
1906 2787 2043 2843 feria

467 2881 629 2937 tertia
647 2878 987 2938 sit-futurus.

536 3057 741 3115 Eodem
770 3058 937 3115 modo
977 3076 1102 3115 cum
1143 3061 1361 3117 initium
1401 3063 1608 3119 mensis
1653 3062 1921 3132 cujusque
1955 3074 2044 3116 re-

466 3151 722 3222 quiritur,
754 3152 874 3227 ejus
899 3151 1168 3209 Kalendas
1202 3155 1491 3220 sumimus,
1522 3170 1644 3209 cum
1667 3155 1874 3225 epactis
1898 3152 2044 3222 ejus-

465 3243 612 3309 dem,
638 3251 693 3297 et
712 3244 879 3314 cyclis
909 3244 1063 3308 solis,
1096 3260 1396 3317 eorumque
1427 3246 1861 3317 quadrantibus:
1911 3243 2040 3315 qui-

2146 2322 2440 2393 νουμηνίας
2468 2320 2632 2375 αὑτοῦ
2657 2322 2816 2393 μέχρι
2849 2323 2947 2393 τῆς
2973 2329 3065 2387 κς¹
3086 2324 3178 2377 καὶ
3206 2324 3373 2396 αὐτῆς
3394 2326 3608 2398 ἡμέρας
3627 2334 3719 2392 κς¹

2145 2411 2237 2468 καὶ
2284 2411 2510 2476 ταύταις
2565 2412 2926 2485 προστίθεμεν
2970 2416 3069 2487 τήν
3101 2432 3160 2468 τε
3206 2416 3369 2470 αὑτοῦ
3418 2416 3511 2470 τοῦ
3553 2419 3722 2488 μηνὸς

2116 2504 2384 2576 -ὲπακτὴν
2418 2512 2487 2571 α’,
2522 2505 2615 2558 καὶ
2647 2504 2726 2557 ἔτι
2773 2508 2900 2569 τοὺς
2946 2506 3310 2578 παρελθόντας
3347 2515 3395 2562 κ’
3427 2508 3521 2562 τοῦ
3566 2510 3719 2580 ἡλίου

2143 2597 2393 2662 κύκλους,
2419 2597 2601 2652 καὶτὰ
2626 2596 2827 2651 τούτων
2845 2598 2993 2668 a'/6',
3018 2601 3053 2654 ἃ
3073 2601 3177 2653 είσι
3201 2608 3258 2654 ε’.
3293 2601 3365 2654 Τὸ
3382 2602 3490 2676 γὰρ
3519 2609 3566 2658 α’
3593 2603 3722 2676 ἄχρι

2141 2689 2250 2742 τῶν
2271 2690 2312 2743 δ’
2329 2689 2831 2761 καταλιμπάνομεν,
2856 2690 2932 2754 ὡς
2959 2691 3214 2764 ἀνωτέρω
3246 2694 3579 2765 εἰρήκειμεν.
3610 2695 3722 2748 Καὶ

2140 2781 2209 2835 τὰ
2249 2781 2515 2851 γενόμενα
2563 2780 2699 2851 ὁμοῦ
2743 2780 2821 2850 νβ’
2861 2782 3179 2853 μερίσαντες
3225 2786 3374 2855 παρὰ
3413 2784 3506 2837 τὸν
3551 2785 3615 2849 ζ’,
3649 2784 3719 2838 τὰ

2142 2871 2568 2942 καταλειφθέντα
2617 2878 2667 2941 γ’
2736 2872 2932 2944 ἔχομεν
2996 2873 3096 2945 τὴν
3161 2880 3252 2938 κς⁹
3303 2875 3398 2928 τοῦ
3452 2876 3722 2946 παρόντος

2155 2963 2481 3033 Ὀκτωϐρίου
2519 2962 2688 3035 μηνὸς
2723 2964 2783 3016 ὲν
2809 2963 2994 3034 ἡμέρᾳ.
3034 2969 3083 3031 γ’
3114 2965 3533 3037 γεννησομένην.

2212 3055 2321 3109 Καὶ
2355 3055 2555 3127 ὁμοίως
2588 3055 2643 3108 δὲ
2675 3056 2774 3126 τὴν
2803 3056 2976 3127 ἀρχὴν
3017 3056 3248 3110 ἑκάστου
3284 3056 3453 3128 μηνὸς
3490 3056 3721 3129 ζητοῦν-

2140 3165 2251 3212 τες,
2294 3148 2394 3217 τήν
2435 3164 2495 3198 τε
2529 3153 2577 3200 α’
2623 3145 2715 3200 τοῦ
2752 3147 2918 3219 μηνὸς
2960 3147 3347 3219 λαμϐάνοντες,
3400 3151 3495 3203 καὶ
3544 3150 3721 3222 ταύτῃ

2142 3240 2240 3311 τὴν
2268 3238 2513 3309 ὲπακτὴν
2547 3239 2733 3302 αὑτοῦ,
2770 3238 2893 3303 τούς
2930 3258 2989 3293 τε
3040 3240 3270 3305 κύκλους
3306 3242 3401 3294 τοῦ
3446 3242 3594 3313 ἡλίου
3626 3246 3722 3297 καὶ

466 3332 569 3388 bus
624 3349 690 3387 ex
745 3333 1001 3389 omnibus
1059 3336 1456 3391 coalescentem
1521 3352 1788 3391 summam
1852 3335 1907 3390 in
1964 3314 2162 3389 νιιίῖιι

2142 3331 2208 3384 τὰ
2224 3330 2426 3384 τούτων
2445 3330 2572 3399 aII/6’
2590 3330 2989 3402 προστιθέντες,
3012 3333 3105 3385 καὶ
3117 3333 3207 3385 τὸν
3230 3334 3292 3384 ἐκ
3307 3333 3403 3403 τῆς
3421 3333 3723 3399 συνθέσεως

466 3424 754 3493 partimur,
806 3432 867 3478 ut
918 3423 1065 3496 quod
1121 3427 1410 3495 quaesitum
1460 3434 1541 3481 est
1592 3426 1910 3481 habeamus.
1972 3424 2038 3478 Et

464 3516 748 3585 quoniam,
780 3523 840 3568 ut
863 3515 1167 3585 expeditior
1191 3517 1263 3570 sit
1291 3516 1596 3578 methodus,
1622 3516 1873 3569 tabellam
1907 3515 2038 3571 sub-

460 3606 659 3675 jecturi
694 3622 906 3673 sumus,
948 3607 1015 3663 de
1046 3607 1147 3663 hac
1177 3623 1299 3678 qua:
1346 3608 1403 3662 in
1446 3623 1559 3663 rem
1605 3607 1811 3662 fuerint
1855 3606 2031 3677 expli-

465 3696 733 3750 cabimus.

535 3784 641 3839 Sed
660 3785 791 3839 illud
812 3787 1121 3842 necessario
1143 3788 1433 3843 tenendum
1462 3794 1566 3853 est,
1590 3787 1804 3859 quoties
1828 3787 2044 3843 bissex-

466 3879 616 3933 tilem
661 3893 862 3933 annum
913 3880 1119 3937 habens
1162 3883 1349 3953 cyclus
1392 3883 1654 3946 occurrit,
1704 3882 1784 3936 uti
1833 3897 1908 3947 ιν,
1955 3880 2042 3936 vel

467 3985 587 4031 vm,
611 3976 662 4024 et
694 3970 896 4034 caeteri,
933 3971 1090 4043 197
1116 3989 1216 4028 nos
1242 3989 1351 4028 non
1380 3974 1448 4028 ab
1472 3973 1691 4029 ineunte
1717 3972 1860 4044 cycli
1893 3972 2042 4028 illius

468 4073 618 4113 anno
663 4059 995 4127 quadrantes
1043 4063 1321 4134 cyclorum
1367 4062 1638 4132 accipere,
1689 4062 1781 4117 sed
1826 4076 1856 4115 a
1905 4077 2036 4116 ιιιι

464 4148 552 4203 die
577 4147 885 4213 Februarii,
923 4151 1015 4221 qui
1048 4162 1178 4205 tunc
1209 4167 1334 4205 ιιιι
1358 4157 1577 4206 constat
1604 4149 1796 4205 diebus
1822 4169 1835 4205 :
1862 4165 2038 4220 quan-

464 4240 760 4311 doquidem
827 4242 989 4311 hujus
1055 4244 1132 4298 rei
1203 4243 1377 4312 gratia
1433 4242 1693 4297 solarium
1760 4245 2037 4314 cyclorum

462 4334 795 4402 tltiadranles
821 4334 889 4388 ad
921 4335 1301 4405 computanda:
1330 4334 1482 4390 feria:
1524 4333 1843 4388 methodum
1879 4349 2039 4389 assu-

2146 3421 2296 3493 παρά
2326 3422 2415 3475 τὸν
2441 3422 2485 3486 ζ’
2520 3420 2850 3495 μερίζοντες,
2879 3422 3073 3494 ἕξομεν
3104 3424 3165 3478 τὸ
3188 3425 3532 3495 ζητούμενον.
3566 3427 3720 3479 Ἐπεὶ

2144 3513 2203 3567 δὲ
2235 3513 2330 3567 καὶ
2382 3514 2626 3567 κανόνιον
2670 3513 3015 3585 ἐκθησόμεθα
3059 3518 3485 3589 προχειροτέρας
3534 3519 3720 3573 ἕνεκεν

2145 3604 2415 3676 εὑρέσεως
2434 3604 2542 3658 τῶν
2570 3605 2846 3669 τοιούτων,
2864 3605 3098 3679 ἐροῦμεν
3125 3608 3215 3660 καὶ
3248 3608 3377 3679 περὶ
3404 3608 3594 3662 τούτου
3617 3611 3721 3665 ὅσα

2146 3696 2313 3759 είκός.

2211 3786 2323 3840 Καὶ
2352 3785 2510 3840 τοῦτο
2548 3787 2593 3840 δ’
2623 3786 2917 3855 ἀναγκαῖον
2960 3789 3109 3858 ἡμᾶς
3151 3787 3371 3853 ειδέναι,
3408 3790 3502 3855 ὼς,
3553 3790 3720 3863 ἡνίκα

2142 3878 2335 3950 ἐπιστῇ
2357 3877 2553 3943 κύκλος
2582 3879 2735 3953 ἡλίου
2767 3878 3046 3950 βίσσεξτον
3078 3881 3195 3945 ἔτος
3225 3883 3416 3946 ποιῶν,
3446 3879 3558 3937 οἷον
3581 3883 3644 3949 δ’,
3680 3884 3716 3958 ἢ

2140 3975 2215 4038 η’,
2239 3969 2333 4022 καὶ⁸
2354 3969 2404 4022 οἱ
2432 3968 2631 4040 ἐφεξῆς
2652 3969 2793 4023 κατὰ
2824 3970 3139 4037 ἀκόλουθον,
3168 3971 3268 4025 οὐκ
3298 3971 3393 4025 ἀπ’
3419 3973 3589 4043 αὐτῆς
3617 3974 3718 4045 τῆς

2141 4060 2316 4133 ἀρχῆς
2339 4059 2434 4113 τοῦ
2466 4060 2587 4113 κατ’
2616 4062 2820 4114 ἐκεῖνον
2847 4061 2937 4113 τὸν
2967 4062 3165 4115 κύκλον
3192 4062 3344 4126 ἔτους
3370 4063 3716 4135 λαμϐάνομεν

2141 4153 2201 4205 τὸ
2226 4152 2268 4204 δ’
2300 4151 2409 4204 τῶν
2436 4151 2671 4216 κύκλων,
2708 4151 2823 4205 ἀλλ’
2845 4152 2954 4205 άπὸ
2972 4153 3071 4223 τῆς
3100 4151 3181 4206 κθ¹
3213 4153 3305 4206 τοῦ
3325 4153 3712 4227 Φεϐρουαρίου,

2142 4241 2223 4294 κθ⁹
2251 4241 2555 4313 τηνικαῦτα
2602 4243 2817 4314 ἡμέρας
2853 4242 3098 4312 ἔχοντος·
3158 4243 3345 4315 ἐπειδὴ
3383 4246 3477 4299 καὶ
3521 4246 3713 4299 τούτου

2143 4331 2304 4402 χάριν
2332 4332 2398 4385 τὰ
2419 4332 2544 4402 a'/8'
2561 4333 2668 4386 τῶν
2685 4333 2924 4404 ἡλιακῶν
2948 4334 3161 4388 κύκλων
3182 4334 3490 4407 ζητοῦντες,
3516 4339 3595 4397 εἰς
3613 4338 3717 4409 τὴν

2073 4421 2116 4475 D
2144 4424 2365 4494 μέθοδον
2394 4425 2488 4481 τοῦ
2518 4427 2942 4500 ήμεροευρεσίου
2972 4427 3493 4501 παραλαμϐάνομεν.

1468 4520 1828 4575 KANONIUN
1879 4518 2015 4574 ΤΟΥ
2065 4520 2669 4575 ΗΜΕΡΟΕΥΡΕΣΙΟΥ.

1514 4611 1856 4669 Laterculum
1888 4612 1956 4666 ad
2003 4612 2420 4683 investigandam
2450 4614 2658 4681 feriam.

460 4424 683 4481 mimus.

1993 4727 2869 4784 12591056

1300 4799 1528 4854 Romani
1997 4799 2029 4851 7
2138 4798 2169 4845 7
2244 4798 2311 4852 15
2380 4799 2448 4852 14
2522 4798 2590 4852 15
2659 4798 2723 4852 21
2802 4800 2863 4853 11

1300 4869 1512 4926 Menses
1962 4867 2028 4922 I8
2101 4868 2168 4923 I9
2237 4868 2309 4922 25
2378 4868 2449 4921 26
2519 4868 2587 4921 27
2660 4868 2731 4921 22
2800 4870 2873 4922 25

1960 4938 2170 4992 1224
2276 4938 2449 4991 820
2555 4937 2871 4992 41628

1299 5032 1530 5087 Martius
1769 5032 1831 5087 51
1945 5028 2013 5084 Vl
2079 5029 2168 5083 VII
2253 5028 2271 5082 I
2379 5028 2422 5083 11
2510 5028 2575 5083 111
2644 5029 2711 5083 ιν
2789 5029 2833 5082 V

1295 5105 1492 5159 Aprilis
1763 5104 1832 5155 50
1952 5101 1997 5154 ll
2079 5099 2147 5153 IIl
2222 5100 2290 5155 IV
2373 5099 2414 5145 V
2489 5100 2556 5153 Vl
2618 5099 2710 5154 VII
2792 5100 2811 5152 I

1357 5177 1474 5228 aius
1764 5171 1839 5225 51
1935 5170 2002 5222 IV
2090 5170 2131 5223 V
2221 5169 2286 5223 Vl
2343 5168 2430 5224 VII
2512 5169 2529 5222 I
2644 5173 2683 5224 Il
2767 5170 2834 5225 lel

1293 5243 1488 5297 Junius
1764 5243 1833 5294 50
1926 5239 2017 5294 VII
2107 5238 2125 5293 I
2235 5240 2274 5293 II
2360 5240 2425 5293 111
2498 5238 2565 5295 IV
2641 5239 2686 5293 V
2768 5241 2836 5294 Vl

1292 5312 1473 5366 Julius
1762 5311 1824 5364 51
1958 5312 1995 5363 II
2083 5310 2147 5363 III
2219 5308 2283 5363 IV
2372 5310 2415 5363 V
2498 5311 2556 5364 VI
2619 5311 2711 5367 VII
2802 5310 2822 5363 I

1294 5386 1562 5452 Augustus
1766 5382 1830 5452 51
1953 5379 1997 5433 V
2076 5380 2145 5452 _V_I
2203 5379 2292 5452 VII
2361 5382 2427 5452 _Ii_
2510 5381 2552 5452 II,
2619 5382 2688 5452 111
2762 5379 2832 5436 IV

1296 5448 1591 5522 Schtember
1767 5448 1837 5522 50
1956 5452 2011 5522 1⁸
2079 5450 2143 5522 1Ιγ
2218 5450 2281 5522 111
2358 5450 2427 5522 IV
2484 5451 2556 5522 κν
2613 5451 2682 5507 VI
2754 5451 2849 5522 VII

1297 5519 1523 5577 October
1767 5521 1830 5575 51
1945 5519 2011 5575 111
2076 5520 2145 5575 IV
2231 5520 2271 5575 V
2357 5519 2423 5575 VI
2481 5521 2573 5575 VII
2657 5522 2674 5575 I
2787 5521 2830 5576 11

1299 5591 1589 5646 November
1764 5592 1833 5645 5d
1955 5590 2023 5645 Vl
2076 5590 2166 5644 VII
2237 5591 2254 5644 I
2362 5592 2404 5645 Il
2507 5592 2571 5646 Ill
2643 5590 2713 5645 IV
2784 5590 2829 5643 V

1294 5664 1576 5716 December
1756 5662 1819 5715 51
1954 5660 1973 5714 1
2088 5662 2130 5714 II
2210 5661 2273 5714 III
2345 5662 2411 5715 IV
2492 5661 2536 5715 V
2618 5661 2687 5715 VI
2754 5660 2848 5716 VII

1294 5732 1589 5786 Januarius
1763 5732 1825 5785 51
1945 5730 2011 5786 IV
2081 5731 2121 5786 V
2213 5731 2275 5786 Vl
2340 5731 2429 5785 VII
2514 5732 2532 5785 I
2630 5733 2675 5786 II
2759 5732 2828 5787 III

1293 5800 1622 5857 Februarius
1705 5801 1873 5858 28-29
1922 5801 2011 5858 VII
2079 5805 2102 5856 1
2212 5802 2257 5858 11
2341 5801 2408 5855 111
2486 5800 2554 5856 IV
2636 5801 2675 5856 V
2761 5802 2828 5856 VI
