4106 6448
383 466 404 501 ι
414 445 519 502 289

550 562 693 632 Περὶ
717 563 818 617 τοῦ
850 562 1131 617 κανονίου
1163 562 1269 616 τοῦ
1302 564 1782 632 ήμεροευρεσίου.

450 652 472 682 ²
505 653 569 703 Ai
603 653 699 722 μὲν
729 648 821 706 οὖν
852 651 1141 722 νουμηνίαι
1184 651 1409 705 αὐτόθεν
1456 654 1520 705 ὲκ
1564 652 1661 705 τοῦ
1702 654 1949 707 κανονίου

378 739 761 810 λαμϐάνονται.
807 742 909 794 Τὸν
942 741 1050 813 γὰρ
1076 741 1421 811 ἐνιστάμενον
1454 740 1652 796 κύκλον
1675 742 1768 796 τοῦ
1799 744 1950 821 ἡλίου

376 832 743 902 λαμϐάνοντες
781 835 845 886 ἐκ
885 831 980 886 τοῦ
1014 831 1231 904 πρώτου
1264 832 1489 885 σελιδίου
1509 872 1525 897 ,
1558 834 1587 886 ὃ
1622 834 1762 887 κατὰ
1791 834 1951 905 βάθος
1985 865 1989 868 ~

377 924 583 987 πάντας
633 926 759 988 τοὺς
805 923 1036 987 κύκλους
1077 924 1239 978 αὐτοῦ
1288 926 1567 996 περιέχει,
1607 927 1702 978 καὶ
1748 927 1811 978 ὲκ
1855 926 1949 979 τοῦ

374 1013 653 1077 ἀνωτάτω,
688 1014 780 1066 καὶ
804 1014 1109 1086 πρωτίστου
1135 1014 1315 1084 στίχου
1342 1014 1433 1067 τοῦ
1461 1015 1805 1087 περιέχοντος
1824 1016 1949 1078 τοὺς

377 1105 555 1175 μῆνας
573 1146 589 1171 ,
616 1106 707 1159 τὸν
736 1092 1086 1177 ἐνιστάμενον
1123 1108 1295 1178 μῆνα,
1326 1102 1388 1160 οὗ
1416 1106 1513 1177 τὴν
1539 1107 1831 1177 νουμηνίαν
1858 1105 1949 1179 ζη.

370 1187 594 1268 τοῦμεν,
622 1198 720 1269 τὴν
744 1200 800 1250 ὲν
830 1197 905 1268 τῷ
941 1201 1090 1269 μέσῳ
1120 1198 1214 1252 τοῦ
1253 1198 1500 1252 κανονίου
1531 1200 1945 1270 παρακειμένην

370 1287 451 1359 τῷ
476 1289 730 1342 ἐνεστῶτι
767 1289 977 1361 ἡλιακῷ
1021 1290 1235 1361 κύκλῳ,
1281 1291 1374 1344 καὶ
1407 1291 1512 1344 ὑπὸ
1540 1291 1630 1345 τὸν
1670 1291 1945 1361 ληφθέντα

375 1378 520 1448 μῆνα
551 1377 693 1431 κατὰ
723 1378 917 1447 βάθος,
939 1377 1143 1449 ταύτην
1183 1379 1424 1449 φήσομεν
1460 1373 1601 1430 εἶναι
1645 1377 1942 1448 νουμηνίαν

370 1467 663 1539 τοῦιμηνὸς
689 1461 750 1521 οὗ
776 1467 1067 1540 ζητοῦμεν.
1095 1468 1309 1539 Ταύτην
1340 1468 1395 1520 δὲ
1427 1467 1813 1538 λαμϐάνοντες,
1846 1468 1941 1521 καὶ⁵

370 1559 437 1630 ἢν
480 1559 546 1613 ἂν
587 1559 909 1631 βουλοίμεθα
942 1561 1048 1615 τῶν
1088 1558 1285 1629 ἐφεξῆς
1324 1558 1545 1630 ἡμερῶν
1576 1558 1740 1613 αὑτοῦ
1770 1558 1937 1629 ληψό-

374 1650 533 1721 μεθα.
560 1651 668 1713 Τὰς
702 1650 810 1721 γὰρ
841 1650 947 1703 ἀπὸ
978 1657 1025 1704 α’
1049 1649 1176 1720 ἄχρι
1204 1647 1299 1702 τοῦ
1342 1648 1479 1701 κατὰ
1506 1647 1603 1718 τὴν
1643 1647 1937 1718 νουμηνίαν

370 1743 603 1814 ἀριθμοῦ
624 1745 722 1814 τῆς
742 1743 955 1814 ἡμέρας
984 1742 1157 1815 παρὲξ
1179 1741 1347 1812 αὐτῆς
1374 1740 1646 1805 λαϐόντες,
1679 1741 1773 1794 καὶ
1801 1740 1935 1793 ταύ-

1263 444 1487 500 ISAACI
1527 443 1832 500 MONACHI
1872 442 2246 501 COMPUTUS
2295 444 2742 502 ECCIESIAST.

1974 570 2024 625 Α

3482 456 3502 509 l
3512 453 3620 512 290

2348 560 2425 615 De
2455 561 2709 615 la:erculo
2741 563 2888 631 ferire
2913 563 3305 634 investiganda

2122 651 2377 707 Kalendae
2425 652 2697 707 mensium
2743 668 2809 708 ex
2862 654 3060 709 tabella
3115 662 3430 712 sumuntur.
3481 654 3618 711 Nam

2051 743 2265 815 cyclum
2325 743 2457 799 solis
2499 743 2778 799 ineuntem
2832 760 2901 799 ex
2940 745 3124 816 priore
3171 746 3421 802 laterculi
3464 754 3619 818 parte

2049 836 2360 907 capientes,
2394 851 2515 905 qua:
2543 837 2729 907 cyclos
2757 851 2948 894 omnes
2978 839 3125 894 illius
3172 839 3452 903 continet,
3500 847 3614 892 tum

2050 926 2106 980 in
2135 941 2352 982 summo
2398 926 2685 996 primoque
2727 942 2928 993 versu,
2969 928 3064 998 qui
3111 944 3327 984 menses
3361 928 3615 993 exhibet,

2049 1033 2289 1072 mensem
2334 1018 2493 1087 cujus
2550 1018 2804 1074 Kalendae
2836 1020 3182 1090 postulantur
3237 1021 3613 1091 inquirentes,

2048 1124 2392 1178 quaecunque
2429 1109 2564 1163 feria
2597 1110 2776 1165 medio
2816 1112 2873 1165 in
2918 1112 3186 1166 laterculo
3220 1110 3288 1165 ad
3334 1111 3614 1166 ineuntem

2049 1199 2265 1270 cyclum
2307 1198 2483 1269 posita
2519 1208 2602 1254 est
2624 1240 2638 1265 ,
2673 1210 2727 1256 et
2761 1203 2936 1258 mensi
2968 1202 3082 1273 jam
3119 1211 3335 1272 reperto
3371 1202 3426 1255 in
3466 1201 3616 1258 dire-

2043 1301 2190 1347 ctum
2232 1292 2497 1362 suhjacel,
2529 1294 2626 1350 has
2658 1293 2927 1350 Kalendas
2957 1309 3080 1350 esse
3113 1296 3316 1350 mensis
3346 1293 3492 1347 illius
3526 1292 3611 1346 di-

2045 1401 2265 1452 cemus,
2306 1387 2372 1443 de
2402 1403 2511 1458 quo
2548 1388 2828 1458 quaeritur.
2871 1388 2982 1443 lIac
3019 1390 3272 1453 inventa,
3310 1387 3610 1458 quamlibet

2048 1480 2396 1549 sequentium
2432 1481 2677 1550 ejusdem
2713 1482 2917 1537 mensis
2957 1480 3345 1536 oblinehimus.
3398 1478 3611 1548 Quippe

2043 1569 2209 1627 ferias
2236 1586 2426 1627 omnes
2461 1587 2491 1626 a
2522 1587 2539 1625 ι
2574 1573 2643 1627 ad
2690 1588 2811 1627 eam
2858 1588 2979 1643 quae
3006 1571 3266 1627 Kalendis
3314 1571 3565 1625 convenit
3588 1608 3604 1632 ,

2041 1671 2240 1731 praeter
2288 1661 2428 1717 hanc
2468 1662 2644 1732 ipsam
2666 1702 2681 1728 ,
2714 1673 2998 1733 putantes,
3035 1662 3238 1717 additis
3265 1660 3457 1716 diebus
3487 1675 3607 1714 om-
3654 1664 3657 1667 '

2038 1753 2203 1809 nibus
2253 1769 2283 1807 a
2318 1752 2573 1810 Kalendis
2617 1753 2683 1808 ad
2732 1755 3065 1825 propositam
3109 1753 3284 1817 diem,
3333 1766 3602 1807 summam

367 1850 490 1895 ταις
514 1832 837 1903 προσθέντες
868 1834 967 1896 τὰς
985 1832 1093 1885 ἀπὸ
1119 1835 1219 1903 τῆς
1251 1832 1545 1902 νουμηνίας
1569 1832 1697 1903 ἄχρι
1726 1832 1819 1885 καὶ
1839 1832 1927 1885 αὑ-

2036 1861 2136 1917 per
2164 1861 2240 1900 vn
2268 1847 2536 1916 partimur
2562 1863 2576 1901 :
2607 1854 2770 1904 atque
2799 1846 2876 1900 ita
2909 1845 3097 1902 feriam
3129 1844 3474 1899 habebimus.

369 1924 469 1995 τῆς
500 1921 568 1995 ἦς
610 1923 876 1995 ζητοῦμεν
902 1923 1113 1994 ἡμέρας
1131 1961 1146 1985 ,
1173 1921 1268 1975 καὶ
1298 1923 1395 1987 τὰς
1424 1923 1777 1993 συναχθείσας
1802 1923 1935 1993 ὁμοῦ
1966 1915 2011 1971 Β

369 2016 546 2080 πάσας
574 2015 892 2087 μερίσαντες
916 2015 1064 2087 παρὰ
1087 2015 1179 2068 τὸν
1204 2012 1269 2080 ζ’,
1286 2014 1479 2087 ἕξομεν
1496 2015 1556 2067 τὸ
1585 2014 1912 2087 ζητούμενον

973 2106 1331 2177 ’Υπόδειγμα.

436 2196 553 2250 Καὶ
582 2196 722 2251 ἔστω
766 2198 832 2251 δι’
871 2198 1267 2268 ὑποδείγματπ
1315 2196 1494 2267 ζητεῖν
1547 2200 1693 2269 ἡμᾶς
1735 2199 1834 2269 τήν
1873 2215 1934 2251 τε

365 2289 661 2361 νουμηνίαν
758 2327 774 2343 .
880 2330 894 2342 .
984 2330 997 2342 .

481 2419 495 2432 ι
576 2421 591 2433 ο
665 2420 679 2434 ο
761 2428 771 2436 ,
864 2421 877 2434 ι
969 2420 983 2433 ο
1071 2418 1084 2433 ο
1165 2420 1179 2433 ο
1263 2421 1275 2433 ο
1355 2420 1368 2433 ο
1453 2420 1465 2432 ι
1546 2421 1558 2433 ι
1640 2421 1653 2434 ο
1727 2418 1742 2434 ι
1819 2419 1832 2433 ο
1918 2422 1931 2434 ι

436 2472 519 2525 Τὰ
553 2473 649 2542 μὲν
673 2473 735 2543 δὴ
774 2473 903 2542 περὶ
940 2470 1049 2524 τῶν
1076 2470 1316 2541 ἡλιακῶν
1341 2470 1575 2534 κύκλων,
1599 2471 1693 2523 καὶ
1726 2470 1934 2534 τούτοις

364 2561 642 2632 ἑπομένων
682 2562 993 2630 ἀναγκαίως
1024 2560 1354 2633 ὀφειλόμενα
1387 2560 1749 2635 θεωρηθῆναι,
1777 2561 1931 2615 ταῦτ’

362 2652 429 2707 ἂν
471 2653 579 2724 εἴη,
620 2653 848 2708 καθόσον
895 2652 1150 2726 ἐνεχώρει
1176 2696 1190 2719 ,
1220 2655 1312 2708 τὸν
1358 2655 1489 2727 περὶ
1533 2654 1738 2709 τούτων
1776 2652 1931 2725 λόγον

362 2745 780 2798 άποδεδωκότων
810 2744 1089 2816 ἀνελλιπῆ.
1130 2745 1389 2799 Μετιτέον
1418 2747 1476 2800 δὲ
1500 2746 1684 2799 λοιπὸν
1718 2748 1810 2800 ἐπὶ
1840 2746 1931 2801 τὸν

361 2838 493 2910 περὶ
524 2839 777 2909 σελήνης,
801 2837 942 2891 κατὰ
974 2837 1065 2890 τὸν
1102 2837 1285 2906 ὅμοιον
1325 2840 1437 2900 τοῖς
1484 2837 1613 2907 περὶ
1655 2836 1751 2890 τοῦ
1781 2837 1928 2910 ἡλίου

360 2925 519 2995 λόγον
546 2926 821 2981 κάνταῦθα
848 2926 945 2996 τῆς
968 2925 1210 2994 σκέψεως
1240 2927 1522 2997 ἐσομένης.

361 3036 502 3104 Περὶ
525 3036 814 3105 εὑρέσεως
841 3034 1499 3105 σεληνιακῶγλκύκλων,
1531 3035 1629 3090 καὶ
1659 3036 1776 3090 τῶν
1797 3039 1930 3092 τού-

906 3123 1033 3170 τοις
1058 3103 1384 3173 ἑπομένων.

429 3195 506 3251 Ε’,
549 3196 660 3265 Τῆς
694 3196 919 3266 σελήνης
950 3197 1091 3249 κατὰ
1135 3197 1235 3268 τὴν
1271 3197 1536 3270 τετάρτην
1579 3200 1790 3272 ἡμέραν
1828 3202 1929 3273 τῆς

358 3287 745 3357 κοσμογενείας
785 3286 934 3357 παρά
972 3285 1063 3339 τοῦ
1105 3287 1434 3361 δημιουργοῦ
1475 3291 1584 3345 τῶν
1622 3292 1757 3345 ὅλων
1785 3292 1920 3346 Θεοῦ

357 3382 438 3444 είς
469 3381 679 3448 γένεσιν
724 3381 1099 3454 παραχθείσης
1135 3384 1192 3436 ὲν
1236 3384 1554 3456 πανσελήνῳ
1595 3385 1690 3439 καὶ
1734 3385 1923 3457 τελείῳ

356 3466 436 3538 τῷ
483 3470 719 3540 σχήματι
758 3467 938 3540 (τοῦτο
967 3470 1076 3543 γὰρ
1120 3473 1153 3543 ἡ
1192 3471 1291 3541 τῆς
1320 3473 1590 3538 Γενὲσεως
1627 3475 1806 3546 βίϐλος
1836 3477 1922 3529 αἰ-

355 3562 592 3616 νίττεται
616 3604 629 3627 ,
654 3561 918 3631 λέγουσαο
957 3580 976 3614 ι
1005 3562 1115 3617 Καὶ
1141 3563 1393 3636 ἐποίησεν
1427 3567 1456 3619 ὁ
1491 3566 1622 3630 Θεὸς
1662 3568 1786 3631 τοὺς
1829 3567 1922 3621 δύο

356 3649 648 3721 φωστῆρας
675 3651 803 3714 τοὺς
838 3651 1105 3722 μεγάλους
1127 3693 1143 3719 ,
1183 3653 1275 3707 τὸν
1318 3656 1581 3727 φωστῆρα
1615 3655 1706 3710 τὸν
1748 3657 1920 3728 μέγαν

355 3742 436 3805 είς
463 3742 636 3813 ἀρχὴν
666 3742 766 3813 τῆς
791 3743 1027 3815 ἡμέρας,
1055 3744 1149 3798 καὶ
1179 3744 1271 3799 τὸν
1301 3744 1562 3818 φωστῆρα
1592 3747 1682 3801 τὸν
1717 3745 1920 3802 ἐλάττω

356 3834 435 3896 είς
478 3832 652 3904 ἀρχὰς
699 3832 800 3904 τῆς
848 3835 1040 3899 νυκτός
1080 3836 1151 3906 ›)·
1188 3835 1440 3891 οὐδέποτε
1486 3836 1596 3910 γὰρ
1636 3837 1730 3891 τοῦ
1769 3838 1917 3909 ἡλίου

355 3920 989 3991 ἀνατέλλοντος,’δύναιτ’
1037 3927 1104 3982 ἂν
1147 3928 1240 3982 καὶ
1280 3930 1313 3999 ἡ
1356 3929 1549 4007 σελήνη
1599 3929 1718 3984 κατ’
1750 3931 1919 4002 αὐτὴν

353 4014 452 4087 τὴν
484 4017 698 4088 ἡμέραν
725 4019 804 4081 είς
835 4018 1007 4089 άρχὰς
1042 4019 1139 4090 τῆς
1164 4018 1391 4084 νυκτὸς,
1424 4021 1456 4092 ἢ
1487 4020 1563 4083 ὼς
1589 4020 1920 4093 ἀκρόνυκτος

354 4107 685 4172 ἀνατέλλειν,
720 4108 794 4181 μὴ
821 4109 1187 4183 διαμετροῦσα
1209 4111 1301 4165 τὸν
1326 4111 1495 4183 ἥλιον,
1527 4113 1622 4166 καὶ
1645 4113 1917 4185 πανσέλη-

351 4217 443 4264 νος
476 4201 724 4255 ὲντεῦθεν
750 4202 1031 4274 γινομένη,
1054 4203 1212 4275 εἴπερ
1238 4203 1459 4276 ὑποθείη
1469 4222 1565 4276 μεν
1590 4205 1699 4259 ἀπὸ
1727 4222 1919 4277 προγε-

350 4293 571 4360 γονυίας
600 4293 817 4347 συνόδου
845 4294 1046 4366 ταύτην
1070 4296 1441 4367 γεγενημένην
1465 4315 1477 4326 ·
1498 4295 1622 4349 ἐπεὶ
1652 4296 1792 4349 κατὰ
1820 4296 1917 4367 τὴν

349 4383 390 4437 ἃ
425 4383 632 4455 ἡμέραν
658 4385 757 4454 τῆς
780 4386 1166 4456 κοσμογενείας
1192 4386 1707 4441 πεντεκαιδεκαταία
1732 4382 1799 4458 ἦν
1828 4387 1912 4441 ἀν’

351 4476 580 4547 φανερὸν
616 4477 712 4546 μὲν
732 4517 747 4541 ,
777 4477 852 4541 ὡς
876 4478 1016 4531 κατὰ
1049 4479 1147 4549 τὴν
1187 4478 1362 4551 ἀρχὴν
1399 4479 1498 4549 τῆς
1529 4480 1917 4550 κοσμογενείας

2109 2216 2437 2286 Exemplum.
2546 2215 2868 2281 Quaerantur
2887 2210 3138 2268 Kalendae

2106 2489 2233 2547 Haec
2266 2495 2428 2552 sunt,
2465 2501 2585 2557 quae
2615 2502 2682 2542 ae
2708 2485 2875 2557 cyclis
2920 2487 3223 2548 solaribns,
3257 2493 3312 2539 et
3349 2484 3449 2547 iis,
3482 2497 3605 2553 qua

2033 2582 2163 2638 inde
2195 2578 2592 2650 consequentia
2629 2583 2792 2641 sunt,
2826 2579 3195 2632 necessariam
3232 2577 3433 2632 habere
3465 2591 3600 2630 cou-

2032 2670 2417 2730 sideratiouem
2447 2665 2629 2739 putavi
2656 2684 2670 2723 :
2697 2680 2927 2738 quorum
2951 2666 3199 2723 absoluta
3226 2705 3242 2731 ,
3273 2664 3451 2735 quoad
3482 2665 3602 2720 ﬁeri

2030 2765 2243 2836 potuit,
2278 2768 2365 2818 est
2396 2774 2428 2815 a
2460 2759 2617 2815 nobis
2655 2759 2820 2812 allata
2857 2761 3016 2813 ratio.
3048 2758 3207 2814 Nunc
3238 2759 3307 2814 ad
3348 2758 3599 2814 lunarem

2029 2855 2326 2910 transitum
2375 2850 2677 2911 faciemus.
2730 2865 2891 2919 quem
2926 2850 3153 2915 eadem,
3202 2864 3268 2905 ac
3323 2851 3597 2915 solarem,

2028 2942 2120 2998 via
2153 2950 2208 2997 et
2247 2937 2506 2995 metbodo
2542 2937 2925 2993 tractabimus.

2136 3055 2214 3110 De
2242 3051 2611 3123 investigandis
2651 3052 2810 3121 cyclis
2852 3051 3159 3117 lunaribus,
3190 3061 3239 3107 et
3274 3068 3391 3123 qua:
3426 3052 3495 3106 iis

2554 3132 2903 3175 consentanea
2934 3131 3077 3175 sunt.

2105 3212 2166 3268 V.
2207 3212 2344 3267 Cum
2371 3211 2442 3266 ah
2468 3210 2618 3263 orbis
2646 3207 2870 3262 conditu
2899 3216 3092 3277 quarto
3124 3206 3213 3262 die
3238 3206 3368 3261 luna
3398 3205 3556 3276 plena
3577 3244 3594 3269 ,

2027 3315 2084 3361 et
2116 3304 2365 3359 absoluto
2395 3300 2527 3356 orbe
2562 3305 2822 3354 constans
2856 3298 2925 3352 ab
2950 3295 3194 3351 omnium
3234 3309 3419 3350 rerum
3456 3294 3591 3346 arti-

2020 3397 2124 3463 ﬁce
2142 3394 2252 3450 Deo
2275 3399 2558 3465 procreata
2608 3390 2680 3447 sit
2715 3390 2840 3460 (hoc
2862 3389 3004 3443 enim
3032 3388 3168 3443 liber
3189 3384 3416 3442 Genesis
3440 3400 3477 3453 ι,
3506 3383 3594 3448 l6,

2022 3488 2228 3543 indicat
2252 3486 2337 3541 his
2362 3484 2574 3539 verbis:
2605 3480 2700 3536 «Et
2722 3480 2847 3535 fecit
2872 3480 3012 3536 Deus
3034 3478 3324 3534 luminaria
3348 3478 3456 3533 duo
3476 3492 3596 3532 ma-

2019 3592 2126 3650 gna
2159 3595 2173 3631 :
2211 3575 2474 3630 luminare
2506 3573 2682 3641 majus
2714 3569 2783 3624 ad
2826 3569 3042 3624 initium
3072 3569 3094 3601 ³
3132 3567 3279 3634 diei,
3331 3575 3385 3621 et
3432 3566 3597 3620 lumi-

2019 3683 2152 3723 nare
2179 3667 2360 3721 minus
2390 3665 2456 3719 ad
2485 3663 2696 3717 initium
2745 3661 2923 3716 noctis
2953 3660 3040 3729 t);
3078 3659 3277 3729 quippe
3314 3670 3594 3727 nunquam

2021 3760 2231 3815 oriente
2264 3758 2378 3813 sole
2410 3754 2598 3811 eadem
2632 3755 2719 3809 die
2751 3754 2882 3808 luna
2918 3760 3101 3823 posset
3138 3749 3205 3805 ad
3241 3749 3453 3804 initium
3489 3762 3596 3802 no-

2020 3851 2165 3915 ctis,
2203 3848 2317 3904 sive
2367 3846 2472 3904 sub
2522 3853 2737 3901 noctem
2790 3845 3023 3915 primam
3072 3841 3314 3904 exoriri,
3366 3839 3477 3896 nisi
3525 3854 3595 3895 ex

2020 3938 2291 3994 diametro
2319 3936 2369 3992 ei
2403 3942 2551 3991 esset
2586 3933 2833 4004 opposita
2863 3972 2879 3999 ,
2920 3931 3152 4001 ideoque
3188 3930 3350 4001 plena
3388 3927 3540 3984 ﬁeret
3574 3944 3592 3989 ;

2021 4028 2067 4083 si
2102 4028 2172 4082 ab
2202 4024 2557 4082 antecedente
2589 4023 2722 4094 iugo
2761 4022 2830 4078 ad
2869 4022 3232 4094 plenilunium
3274 4018 3596 4089 pervenisse

2018 4119 2336 4189 ﬁngamus;
2398 4115 2657 4187 quoniam
2718 4124 2917 4186 quarto
2977 4113 3170 4168 mundi
3229 4110 3438 4166 conditi
3502 4110 3593 4165 die

2019 4211 2208 4281 quinta
2269 4208 2482 4263 decima
2547 4205 2688 4273 fuit;
2750 4205 3103 4261 manifestum
3167 4213 3293 4265 est,
3354 4201 3410 4254 in
3472 4203 3593 4270 ipso

2017 4301 2206 4356 mundi
2263 4297 2565 4370 primordio
2624 4296 3003 4351 duodecimam
3063 4294 3254 4350 fuisse.
3318 4291 3587 4347 Undecint

2016 4407 2149 4463 ergo
2187 4396 2345 4446 erant
2387 4388 2508 4457 ejus
2548 4395 2774 4459 epactaa.
2825 4387 2958 4452 Quae
3001 4384 3223 4454 quidem
3264 4399 3319 4438 χι
3365 4381 3591 4438 circiter

2017 4483 2134 4539 dies
2187 4478 2494 4536 admirabili
2549 4478 2710 4548 198
2745 4484 2799 4531 et
2837 4477 3106 4530 immensa
3139 4488 3367 4545 prorsus
3400 4474 3588 4544 provia

348 4566 682 4620 δωδεκαταία
716 4562 785 4639 ἦν
803 4585 816 4597 ·
851 4574 917 4621 ια’
938 4568 995 4620 δὲ
1024 4571 1078 4623 αί
1098 4568 1302 4641 ταύτης
1328 4569 1564 4623 ὲπακταί
1581 4588 1594 4601 ·
1631 4571 1726 4624 καὶ
1758 4564 1915 4625 αὗται

2027 4574 2213 4637 [lentiae
2240 4572 2436 4627 divinae
2465 4571 2718 4635 solertia,
2748 4568 2978 4638 singulis
3006 4567 3167 4621 annis
3187 4607 3201 4629 ,
3236 4573 3361 4635 post
3392 4581 3469 4619 χιι
3500 4564 3588 4618 luo

349 4660 408 4714 αἱ
456 4668 523 4714 ια’
552 4661 778 4731 ἔγγιστα
819 4661 1020 4734 ἡμέραι
1062 4663 1346 4735 θαυμαστῇ
1385 4664 1481 4718 καὶ
1524 4664 1913 4737 ἀνυπερϐλήτῳ

347 4751 449 4820 τῆς
480 4752 733 4823 προνοίας
766 4752 926 4823 σοφίᾳ
955 4753 1076 4806 καθ’
1106 4754 1333 4808 ἕκαστον
1361 4754 1477 4819 ἔτος
1508 4756 1644 4826 μετὰ
1682 4755 1780 4826 τὴν
1804 4755 1912 4809 τῶν

345 4842 552 4897 δώδεκα
595 4843 926 4914 σεληνιακῶν
971 4843 1156 4914 μηνῶν
1206 4843 1595 4916 συμπλήρωσιν
1621 4883 1635 4909 ,
1680 4845 1784 4899 τνδ¹
1817 4847 1913 4900 καὶ

348 4930 531 5002 μεῖζον
562 4934 597 5005 ἢ
639 4940 687 5002 γ’
731 4933 894 5005 μέρος
924 4933 1134 5005 ἡμέρας
1166 4934 1595 5006 άπαρτιζόντων,
1637 4936 1911 4992 λείπονται

344 5025 425 5086 εἰς
456 5024 554 5095 τὴν
596 5024 692 5078 τοῦ
731 5025 1060 5079 ἐνιαυσιαίου
1109 5024 1300 5095 χρόνου
1348 5027 1775 5097 συμπλήρωσιν,
1807 5028 1912 5095 τξε¹

344 5115 566 5187 ἡμερῶν
605 5116 756 5181 ὄντος
803 5117 897 5170 καὶ
940 5116 982 5187 δὴ
1022 5116 1268 5184 ἔγγιστα.
1309 5118 1471 5171 Ὥστε
1518 5120 1576 5171 ὲν
1609 5120 1721 5183 τοῖς
1760 5120 1912 5175 δυσὶν

345 5200 489 5255 ἔτεσι
526 5203 1007 5275 διπλασιαζόμεναι
1053 5197 1214 5258 αὗται
1246 5205 1304 5258 αἱ
1351 5212 1416 5258 ια’
1450 5205 1653 5278 ἡμέραι
1697 5209 1909 5263 ποιοῦσι

343 5291 441 5355 τὰς
470 5293 710 5359 ὲπακτὰς
733 5295 816 5365 κβ¹
840 5312 856 5328 ο
884 5298 940 5350 ὲν
971 5295 1027 5348 δὲ
1062 5297 1174 5359 τοῖς
1201 5295 1347 5366 τρισὶ
1374 5295 1475 5364 λγ’.
1506 5290 1607 5349 Ὧν
1636 5298 1912 5369 συναχθει-

346 5381 475 5447 σῶν,
507 5385 920 5457 ἀφαιρουμένων
945 5387 1054 5441 τῶν
1075 5386 1140 5449 λ’,
1172 5388 1291 5440 ἐπεὶ
1328 5386 1472 5458 μῆνα
1501 5386 1724 5454 ἔγγιστα
1752 5388 1909 5460 σελη-

343 5474 528 5528 νιακὸν
554 5476 933 5547 άπαρτίζουσι,
959 5478 1376 5531 καταλείπονται
1406 5484 1469 5546 γ’.
1499 5478 1608 5531 Καί
1643 5481 1780 5532 εἰσιν
1816 5481 1906 5534 ὲν-

340 5562 529 5617 τεῦθεν
554 5563 649 5617 τοῦ
682 5566 865 5637 τρίτου
889 5566 1043 5630 ἔτους
1064 5568 1303 5621 ἐπακτού⁵
1326 5573 1374 5634 γ’
1397 5584 1411 5597 ·
1442 5567 1536 5621 καὶ
1554 5566 1751 5638 ἐφεξῆς
1778 5569 1908 5623 ἀκο-

2018 4681 2182 4721 nares
2211 4678 2429 4719 menses
2456 4661 2734 4716 absolutos
2753 4698 2770 4719 .
2799 4659 2891 4729 qui
2925 4658 3043 4714 dies
3071 4657 3336 4727 colligunt
3365 4670 3585 4724 cccuv;

2017 4766 2071 4813 et
2122 4757 2284 4827 paulo
2333 4755 2456 4825 plus
2508 4752 2668 4808 tertia
2712 4751 2819 4807 diei
2866 4759 3049 4821 parte,
3088 4749 3294 4806 desunt
3335 4749 3400 4802 ad
3438 4762 3585 4802 0X33-

2016 4848 2294 4919 quandum
2328 4845 2461 4900 solis
2486 4858 2690 4898 annum
2717 4860 2730 4897 :
2764 4842 2857 4912 qui
2890 4841 3084 4897 diebus
3114 4846 3331 4895 constat
3358 4853 3580 4901 cccuv,

2016 4946 2073 4993 et
2103 4935 2407 5007 quadrante
2440 4934 2571 4990 fere.
2604 4931 2742 4987 Hinc
2772 4934 2828 4986 in
2858 4932 3017 4987 annis
3049 4932 3263 4987 duobus
3296 4930 3585 4999 duplicatae

2019 5028 2135 5082 dies
2162 5026 2363 5081 eaedem
2391 5037 2612 5095 epactas
2640 5024 2849 5079 faciunt
2879 5038 2987 5077 χχιι
3017 5040 3031 5088 ;
3068 5022 3125 5076 in
3166 5021 3324 5077 annis
3364 5020 3541 5073 tribus
3565 5058 3581 5082 ,

2015 5134 2212 5173 χχχιιι.
2240 5116 2316 5172 De
2343 5132 2451 5186 qua
2485 5132 2698 5173 summa
2727 5116 2978 5172 deductis
3006 5132 3113 5170 χχχ
3136 5154 3151 5179 ,
3185 5130 3307 5184 quae
3341 5126 3580 5168 mensem

2015 5208 2263 5263 lunarem
2299 5208 2521 5263 circiter
2558 5207 2830 5273 elIiciunt,
2868 5208 3093 5276 reliquae
3132 5213 3262 5261 sunt
3302 5219 3385 5258 ιιι.
3426 5200 3585 5257 Unde

2013 5299 2208 5354 tertius
2233 5312 2410 5353 annus
2439 5303 2659 5367 epactas
2687 5297 2967 5363 habetur;
2997 5312 3060 5350 ac
3090 5296 3169 5351 sic
3199 5294 3455 5361 deinceps
3485 5307 3582 5345 us~

2012 5405 2119 5460 que
2157 5389 2227 5444 ad
2263 5405 2397 5445 χιχς
2434 5390 2635 5445 etenim
2675 5404 2819 5444 anno
2859 5405 2947 5443 χιχ
2984 5387 3254 5443 mensium
3303 5385 3446 5438 lunre
3496 5398 3585 5435 re-

2012 5478 2218 5535 volutio
2252 5478 2307 5534 ﬁt
2338 5498 2351 5532 :
2389 5478 2526 5535 adeo
2560 5486 2619 5533 ut
2654 5494 2798 5534 anno
2831 5478 3094 5534 vicesimo
3128 5485 3349 5547 epactas
3387 5471 3585 5527 habeat

2010 5572 2140 5626 luna
2174 5588 2366 5627 rursus
2400 5587 2476 5625 χι.

340 5650 543 5717 λούθως
598 5654 755 5725 ἄχρις
789 5655 925 5709 ἐτῶν
953 5656 1037 5709 ιϐ’.
1079 5657 1235 5712 Κατὰ
1278 5657 1385 5729 γὰρ
1426 5658 1490 5710 ιθν
1536 5657 1654 5722 ἔτος
1701 5660 2145 5728 ἀποκατάστασις
2177 5664 2385 5732 γίνεται
2431 5663 2539 5717 τῶν
2600 5661 2935 5735 σεληνιακῶν
2984 5661 3203 5734 μηνῶνο
3251 5659 3395 5714 ὥστε
3440 5673 3586 5714 κατα

333 5745 401 5825 ’τὸ
431 5752 478 5799 κ’
502 5744 617 5808 ἔτος
643 5744 802 5799 πάλιν
838 5754 901 5799 ια’
936 5744 1072 5802 εἶναι
1097 5750 1195 5815 τὰς
1221 5751 1319 5822 τῆς
1346 5750 1575 5821 σελήνης
1602 5751 1862 5814 ὲπακτάς.

411 5865 433 5897 ⁸
461 5863 589 5919 Hcce
617 5864 673 5916 in
702 5872 866 5918 vetere
895 5866 1060 5921 altera
1084 5869 1297 5925 desunt.
1371 5869 1391 5901 ³
1427 5867 1515 5924 Sic
1540 5885 1713 5926 vocem
1733 5870 1907 5942 ἀρχὴν
1935 5870 2153 5939 accepit,
2190 5880 2248 5925 ut
2273 5868 2485 5941 quidam
2528 5881 2738 5928 veteres.

614 5956 865 6017 Pnaor.
920 5959 1035 6020 Gtt.
1084 5960 1259 6022 XIX.

3224 5961 3295 6022 Μ
