4106 6434
383 432 520 489 ιεθδ

1321 433 1543 492 ISAACI
1574 435 1880 493 MONACHI
1915 436 2297 494 COMPUTUS
2330 435 2774 515 ECCLESIAST.

3488 443 3624 500 {291

379 547 507 602 κλου
529 546 676 601 τόνδε
716 548 806 602 τὸν
843 549 1044 620 τρόπον
1086 548 1389 620 ληψόμεθα.
1420 554 1677 623 Ἔχοντες
1708 556 1818 627 γὰρ
1856 556 1944 610 τὸν

2049 556 2313 611 ﬁciemus.
2342 555 2564 627 Cyclum
2597 556 2741 610 lunae
2764 542 2877 626 jain
2912 561 3183 623 repertum
3217 568 3312 623 per
3347 570 3402 609 ιε
3440 560 3623 610 multi-

379 638 577 691 κύκλον
611 640 708 709 τῆς
743 639 1003 710 σελήνης,
1047 640 1612 714 ἐνδεκαπλασιάσομεν
1643 646 1823 711 αὐτὸν,
1857 648 1953 701 καὶ

379 729 761 800 προσθήσομεν
793 731 942 800 αύτῷ
981 731 1075 783 καὶ
1118 732 1328 804 ἡμέρας
1368 737 1517 805 τρεῖς
1557 738 1686 807 περὶ
1730 733 1804 790 ὧν
1834 739 1949 808 μετ’

376 822 555 890 ὀλίγον
606 822 872 893 ἐροῦμεν·
924 824 1019 876 καὶ
1057 823 1152 876 τοῦ
1194 825 1485 895 γενομένου
1528 826 1626 891 τὰς
1669 846 1949 899 παρεμπι-

378 913 619 977 πτούσας
670 914 1063 986 τριακοντὰδας
1107 914 1287 978 πάσας
1335 916 1661 989 ἁφελοῦμεν,
1705 920 1780 983 ὡς
1820 922 1951 975 έκά-

381 1020 512 1075 στην
550 1008 696 1076 μῆνα
726 1006 1040 1077 σεληνιακὸν
1077 1007 1479 1078 ἀπαρτίζουσαν
1505 1026 1518 1039 ο
1562 1012 1656 1064 καὶ
1682 1011 1750 1064 τὰ
1770 1012 1949 1065 κάτω-

379 1094 472 1149 θεν
499 1097 608 1150 τῶν
641 1097 683 1149 λ’
716 1097 959 1161 ἐπακτάς
1001 1098 1208 1152 ἐκείνου
1247 1099 1340 1152 τοῦ
1384 1100 1702 1172 σεληνιακοῦ
1748 1102 1948 1156 κύκλου

378 1182 516 1241 εἶναι
539 1190 807 1259 φήσομεν.

458 1278 823 1349 ’Υπόδειγμα·
856 1274 966 1332 οἷον
1000 1279 1075 1341 ὼς
1111 1279 1168 1331 ἐν
1202 1279 1591 1351 ὑποδείγματιο
1627 1283 1752 1336 ἐπεὶ
1795 1285 1824 1335 ὁ
1866 1286 1951 1337 ἐν-

384 1368 555 1432 εστὼς
583 1371 680 1440 τῆς
712 1369 939 1440 σελήνης
972 1370 1167 1434 κύκλος
1207 1372 1249 1441 β’
1284 1369 1421 1427 εἶναι
1447 1374 1733 1440 δέδεικται,
1763 1377 1949 1432 τοῦτον

378 1460 987 1526 ἑνδεκαπλασιάσαντες,
1015 1463 1108 1516 καὶ
1133 1466 1244 1526 τοῖς
1266 1464 1577 1535 γενομένοις
1603 1465 1684 1536 κβ’
1712 1473 1759 1535 γ’
1790 1484 1949 1539 προσ-

378 1553 582 1618 θέντες,
614 1553 684 1607 τὰ
714 1554 981 1626 γενόμενα
1010 1562 1088 1609 κε’
1117 1555 1216 1619 τάς
1243 1556 1336 1610 τοῦ
1377 1558 1669 1623 ἐνεστῶτος
1698 1560 1946 1632 σεληνια-

378 1645 477 1700 κοῦ
510 1646 707 1702 κύκλου
733 1646 925 1718 ἔχομεν
957 1647 1198 1712 ἐπακτάς
1230 1655 1343 1713 κε’.⁹

460 1737 524 1790 Ἠ
554 1738 612 1791 δὲ
642 1738 752 1791 τῶν
787 1744 833 1806 γ’
867 1738 1087 1809 ἡμερῶν
1112 1737 1394 1810 προσθήκη
1429 1738 1496 1792 δι’
1536 1740 1713 1795 αἰτίαν
1739 1742 1947 1810 γίνεται

376 1827 598 1898 ταύτην.
654 1829 813 1881 Δοκεῖ
873 1828 981 1901 γὰρ
1039 1829 1270 1901 ἀπορίαν
1330 1829 1576 1899 ἐμποιεῖν
1633 1834 1667 1903 ἡ
1724 1833 1942 1906 τοιαύτη

2054 648 2401 719 plicabimus,
2439 646 2597 717 199
2625 647 2691 701 ad
2722 662 2956 716 eumque
2982 654 3094 700 tres
3123 646 3242 701 dies
3274 644 3619 714 adjiciemus.

2052 740 2121 795 de
2150 740 2348 810 quibus
2383 740 2545 810 paulo
2575 746 2701 808 post
2733 746 2943 809 agetur.
2997 736 3072 791 Ex
3106 736 3209 791 hac
3254 751 3468 791 summa
3519 739 3611 789 tri-

2052 832 2303 888 cenarios
2350 845 2575 899 omnes,
2614 829 2793 901 quoad
2839 830 2955 885 ﬁeri
2998 836 3209 899 potest,
3257 828 3619 894 auferemus;

2051 923 2145 993 qui
2200 923 2445 994 singulos
2494 922 2638 977 luna:
2687 934 2907 979 menses
2959 920 3220 976 sﬂiciunt.
3276 918 3573 975 Residuum
3604 960 3619 981 ,

2051 1013 2196 1083 quod
2227 1014 2410 1070 minus
2441 1022 2526 1070 cst
2552 1030 2658 1068 xxx
2679 1053 2694 1076 ,
2731 1028 2830 1083 pro
2859 1012 3000 1066 lunae
3029 1011 3236 1083 epactis
3270 1011 3615 1068 habebimus.

2118 1274 2363 1347 Exempli
2400 1291 2600 1332 causa:
2635 1276 2896 1347 quoniam
2929 1274 3212 1347 praesentis
3244 1274 3374 1328 anni
3402 1273 3613 1330 lunaris

2049 1370 2239 1439 cyclus
2273 1376 2355 1425 est
2388 1385 2427 1423 ιι
2448 1409 2463 1433 ,
2500 1377 2563 1423 ut
2596 1368 2977 1426 ostendimus:
3012 1368 3158 1422 hanc
3204 1382 3302 1437 per
3330 1382 3385 1421 XI
3419 1367 3611 1423 multi-

2047 1462 2350 1531 plicantes-,
2377 1470 2431 1516 et
2460 1461 2525 1515 ad
2562 1477 2705 1527 ειη,
2738 1460 2834 1531 qui
2867 1459 2995 1515 inde
3042 1459 3215 1523 ﬁunt,
3267 1457 3465 1515 additis
3516 1473 3610 1524 ut,

2045 1551 2140 1622 qui
2174 1553 2298 1607 inde
2328 1552 2901 1624 consurgit'numerus
2932 1567 3060 1619 xxv,
3090 1549 3254 1622 hujus
3284 1549 3426 1622 cycli
3457 1550 3615 1606 luna-
3705 1615 3710 1620 ,

2046 1645 2126 1699 ris
2155 1651 2376 1715 epactas
2410 1645 2561 1698 illum
2588 1659 2711 1700 esse
2736 1644 2992 1700 dicimus.

2115 1736 2383 1792 Caeterum
2425 1737 2668 1792 triduum
2713 1735 2859 1791 istud
2901 1736 2972 1790 ob
3020 1749 3159 1791 aanc
3200 1749 3422 1791 causam
3472 1734 3609 1805 adji—

2046 1829 2207 1884 citur.
2246 1828 2372 1883 Haec
2405 1829 2549 1883 enim
2583 1828 2826 1883 accessio
2855 1825 3212 1883 dubitationis
3241 1825 3490 1882 nonnihil
3522 1826 3612 1881 af-

379 1919 683 1991 προσθήκη.
712 1920 866 1972 Ἐστι
904 1919 947 1973 δ’
983 1920 1153 1973 αἴτιον
1196 1919 1477 1973 κάνταῦθα
1519 1924 1551 1993 ἡ
1595 1924 1693 1994 τῆς
1742 1903 1944 1998 κυρίως

2047 1920 2189 1977 ferre
2217 1921 2448 1976 videtur.
2481 1919 2587 1975 Sed
2618 1920 2737 1989 ejus
2765 1934 2980 1989 quoque
3007 1917 3148 1973 ratio
3188 1933 3255 1974 ex
3294 1919 3409 1974 veri
3457 1919 3609 1990 prin-

377 2011 551 2081 ἀρχῆς
586 2010 679 2063 τοῦ
720 2010 873 2075 ἔτους
918 2010 1127 2081 ἄγνοια.
1165 2011 1382 2082 Ταύτην
1415 2012 1524 2082 γὰρ
1570 2014 1812 2084 ἀκριϐῶς
1850 2017 1950 2069 οὐκ

378 2101 598 2165 εἰδότες,
639 2103 763 2155 ἐπεὶ
802 2096 958 2174 εὗρον
1000 2106 1047 2157 οἱ
1091 2105 1209 2157 κατ’
1235 2105 1409 2176 ἀρχὰς
1443 2106 1511 2160 τὰ
1555 2107 1781 2161 τοιαῦτα
1822 2108 1949 2177 μεθ-

377 2191 714 2256 οδεύσαντες,
756 2192 856 2264 τὴν
893 2194 1119 2265 σελήνην
1162 2197 1220 2247 ἐν
1251 2201 1297 2247 α’
1329 2195 1351 2228 ⁸
1387 2196 1570 2266 κύκλῳ
1601 2198 1773 2268 αὐτῆς
1808 2200 1948 2254 κατὰ

308 2286 313 2291 ’
374 2281 473 2353 τὴν
499 2288 545 2335 α’
578 2283 670 2336 τοῦ
716 2284 1044 2357 ’Ῑανουαρίου
1075 2286 1408 2359 πανσέληνον
1444 2288 1753 2360 γινομένην,
1793 2306 1951 2343 τουτ-

377 2374 491 2427 έστι
531 2376 1080 2429 πεντεκαιδεκαταίαν
1115 2373 1279 2431 οὖσαν
1301 2395 1314 2407 ”
1352 2374 1420 2447 ἦν
1448 2378 1504 2431 δὲ
1531 2380 1627 2433 καὶ
1675 2381 1763 2433 ὅτε
1794 2381 1949 2453 δεδη-

377 2465 500 2534 μιού
510 2483 702 2537 ργηται
724 2467 1261 2521 πεντεκαιδεκαταίαο
1284 2468 1375 2520 καὶ
1399 2468 1486 2521 διὰ
1507 2469 1663 2523 τοῦτο
1682 2474 1828 2542 τρεῖς
1853 2472 1950 2542 μὲν

371 2551 514 2626 ἦσαν
542 2559 596 2610 ai
626 2557 733 2628 πρὸ
760 2557 858 2627 τῆς
882 2558 1238 2630 δημιουργίας
1264 2560 1435 2630 αύτής
1458 2560 1682 2633 ἡμέραι,
1713 2570 1779 2615 ια’
1804 2563 1863 2617 δὲ
1891 2566 1948 2618 αἱ

376 2645 485 2699 ἀπὸ
510 2646 611 2717 τῆς
648 2647 1109 2719 προῦποτεθείσης
1140 2650 1380 2715 συνόδου,
1424 2652 1683 2706 ὑπέθεντο
1724 2654 1821 2725 μὲν
1851 2656 1948 2727 τὴν

370 2738 545 2810 ἀρχὴν
571 2739 666 2793 τοῦ
710 2742 1055 2814 Ἰανουαρίου,
1087 2743 1182 2797 καὶ
1229 2745 1338 2798 τῶν
1374 2747 1707 2818 σεληνιακῶν
1735 2750 1947 2806 κύκλων

372 2830 567 2902 ἀρχὴν,
599 2832 945 2903 προσέθηκαν
985 2832 1044 2886 δὲ
1085 2834 1180 2887 καὶ
1210 2834 1311 2898 τάς
1346 2843 1395 2905 γ’
1424 2838 1657 2909 ἡμέρας,
1687 2839 1774 2893 ἵνα
1806 2841 1947 2896 κατά

372 2920 549 2974 πάντα
601 2921 918 2995 ὁμοιότης
954 2923 1089 2995 πρὸς
1144 2926 1357 2996 ἐκείνην
1401 2928 1499 2999 τὴν
1548 2929 1783 3002 ἡμέραν,
1822 2933 1945 2986 καθ’

371 3011 441 3083 ἡν
480 3012 953 3084 δεδημιούργηται.

370 3123 606 3202 "dic-(1r
627 3143 719 3192 τις
756 3127 852 3202 καὶ
896 3128 1014 3202 citro
1057 3127 1166 3195 τῆς
1188 3131 1405 3202 ρψεως
1448 3133 1793 3202 κατανοήσῃ
1830 3133 1944 3201 τὴν

438 3197 713 3320 saligna;
737 3199 856 3251 εἴτε
886 3198 1005 3253 ἀπὸ
1040 3197 1326 3266 συνόδου,
1355 3202 1474 3255 εἴτε
1502 3202 1619 3257 ἀπὸ
1647 3197 1943 3259 πανσελῦ-

477 3284 550 3321 ου
650 3284 679 3319 τ
708 3285 764 3321 ν.

441 3373 522 3425 Ην.
573 3372 787 3444 Ἐπειδὴ
808 3373 873 3427 ἐκ
897 3374 991 3428 τοῦ
1013 3375 1162 3448 ἡλίου
1192 3377 1403 3449 δέχεται
1439 3380 1499 3433 τὸ
1520 3379 1633 3450 φῶς
1660 3383 1692 3453 ἡ
1722 3382 1935 3455 σελήνη,

368 3461 458 3515 ἀεὶ
496 3462 557 3515 τὸ
597 3465 1007 3535 πεφωτισμένον
1048 3468 1219 3538 αὐτῆς
1270 3470 1434 3541 μέρος
1475 3473 1611 3543 πρὸς
1652 3473 1742 3526 τὸν
1787 3475 1940 3544 ἥλιον

369 3552 532 3608 νεύει.
565 3556 724 3610 Ὅθεν
758 3555 1028 3630 αὐξομένη
1062 3560 1159 3629 μὲν
1190 3562 1256 3631 τῇ
1298 3562 1594 3617 ἀποστάσει
1631 3563 1725 3618 τοῦ
1766 3566 1937 3638 ἡλίου,

367 3646 612 3700 τοοτέστι
657 3649 1007 3704 συνοδεύουσα
1042 3651 1121 3722 τῷ
1160 3653 1314 3724 ἡλίῳ,
1355 3656 1450 3709 καὶ
1487 3656 1579 3709 ἐπὶ
1610 3658 1940 3730 πανσέληνον

368 3738 657 3810 ἐρχομένη,
700 3738 760 3792 τὸ
812 3739 910 3810 μὲν
942 3743 1352 3814 πεφωτισμένον
1399 3747 1570 3817 αὐτῆς
1604 3748 1766 3820 μέρος
1796 3750 1940 3805 νεύει

369 3830 507 3900 πρὸς
564 3831 805 3902 δυσμὰς,
862 3832 1220 3906 δυτικωτέρου
1272 3836 1424 3902 ὄντος
1487 3841 1784 3911 τηνικαῦτα
1843 3844 1937 3898 τοῦ

368 3922 539 3992 ἡλίου,
563 3925 623 3978 τὸ
650 3924 705 3978 δὲ
733 3927 1072 3996 κερατοειδὲς
1116 3928 1285 3998 αὐτῆς
1332 3929 1427 3984 καὶ
1466 3930 1767 4000 ἀφώτιστον
1794 3934 1938 3989 νεύει

367 4015 505 4087 πρὸς
540 4017 801 4082 ἀνατολάς
819 4035 833 4049 ο
870 4018 1007 4072 ἐπὰν
1049 4019 1106 4073 δὲ
1141 4021 1363 4093 γένηται
1400 4023 1808 4095 ἀντιπρόσωπος
1840 4026 1936 4098 ὅλη

365 4102 445 4173 τῷ
469 4103 622 4175 ἡλίῳ,
656 4105 751 4158 καὶ
798 4106 940 4161 κατὰ
977 4107 1266 4181 διάμετρον
1319 4109 1482 4164 αὐτοῦ
1532 4112 1765 4186 ἀποστῇ,
1814 4116 1936 4169 τότε

368 4198 520 4250 πᾶσα
568 4196 892 4267 φωτίζεται,
944 4199 1037 4271 ὅλη
1079 4201 1185 4272 ὅλῳ
1233 4200 1311 4273 τῷ
1360 4203 1497 4274 ἡλίῳ
1537 4205 1932 4276 προσϐαλοῦσα.

376 4288 509 4361 Ὅλη
535 4290 593 4343 δὲ
622 4290 764 4359 λέγω
812 4292 955 4345 κατά
1002 4294 1063 4346 τὸ
1110 4294 1247 4364 πρὸς
1294 4297 1439 4367 ἡμᾶς
1484 4298 1654 4369 αὐτῆς
1690 4301 1936 4365 νενευκὸς

369 4380 551 4453 μέρος.
596 4382 785 4438 Ἠνίκα
815 4385 873 4438 δὲ
907 4385 1044 4455 μετά
1093 4387 1447 4460 πανσέληνον·
1477 4389 1707 4462 ἄρξηται
1754 4392 1934 4463 μειοῦ-

368 4472 511 4537 σθαι,
555 4475 650 4528 καὶ
693 4476 828 4548 πρὸς
876 4477 1091 4531 σύνοδον
1141 4478 1395 4550 ἔρχεσθαι
1446 4481 1540 4535 τοῦ
1590 4483 1759 4554 ἡλίου,
1811 4487 1933 4540 τότε

2049 2010 2209 2081 cipii,
2259 2025 2290 2064 a
2340 2026 2448 2080 quo
2502 2025 2679 2065 annus
2727 2007 2945 2079 incipit,
2997 2007 3339 2078 ignoratione
3380 2009 3607 2079 petitur.

2049 2102 2203 2169 Quod
2233 2118 2357 2156 cum
2388 2110 2640 2156 accurate
2670 2117 2781 2156 non
2810 2108 3056 2155 tenerent
3099 2100 3261 2171 primi
3304 2099 3451 2155 illius
3493 2114 3611 2153 me-

2048 2194 2202 2248 thodi
2230 2193 2541 2247 conditores
2562 2231 2577 2256 ,
2608 2207 2672 2248 ac
2700 2195 2875 2262 primo
2904 2191 3045 2245 lunae
3073 2190 3228 2261 cyclo
3266 2190 3610 2244 animadver-

2049 2295 2224 2341 terent
2260 2284 2520 2341 Kalendis
2547 2283 2790 2339 Januarii
2837 2285 3048 2354 plenam
3088 2299 3211 2339 esse
3248 2283 3471 2349 lunam,
3505 2283 3611 2337 hoc

2048 2386 2134 2434 est
2164 2378 2410 2448 quintam
2437 2378 2703 2432 decimam
2728 2394 2743 2444 ;
2775 2390 2839 2430 ac
2870 2384 3075 2430 tantam
3108 2376 3311 2441 fuisse,
3346 2391 3469 2430 cum
3499 2376 3612 2446 pri-

2049 2486 2199 2524 mum
2240 2477 2324 2527 est
2373 2478 2692 2540 procreata,
2744 2478 3059 2529 constaret.
3101 2475 3163 2521 ut
3219 2474 3333 2523 tres
3385 2469 3610 2522 omnino

2049 2560 2167 2619 dies
2203 2561 2482 2617 conditum
2528 2560 2676 2615 illius
2718 2559 3144 2621 anteccsmrint,
3187 2557 3440 2614 undecim
3480 2573 3609 2613 vero

2049 2669 2080 2708 a
2115 2655 2291 2725 primo
2318 2654 2466 2707 coitu
2487 2692 2500 2714 ,
2528 2667 2689 2723 quem
2733 2651 2988 2722 ﬁngimus
3008 2691 3022 2715 ,
3053 2649 3359 2705 eﬂluxcrint
3389 2669 3401 2703 :
3449 2649 3521 2704 ob
3554 2649 3610 2705 id

2047 2747 2306 2802 Kalendis
2331 2744 2607 2800 Ianuariis
2650 2745 2927 2815 cyclorum
2974 2743 3116 2797 lunae
3158 2741 3488 2812 principium
3520 2751 3608 2795 at-

2046 2838 2396 2904 tribuerunt;
2432 2851 2496 2890 ac
2526 2845 2637 2891 tres
2678 2836 2804 2889 illos
2835 2834 3152 2902 adjecerunt
3179 2832 3296 2886 dies
3316 2872 3331 2896 ,
3380 2839 3441 2885 ut
3481 2847 3610 2886 cum

2045 2945 2132 2996 ea,
2164 2946 2272 3002 qua
2293 2930 2527 3000 primum
2583 2928 2800 2984 condita
2835 2934 2939 2992 est,
2975 2926 3061 2980 die
3106 2940 3200 2994 per
3245 2924 3424 2979 omnia
3476 2939 3611 2979 con-

2045 3030 2283 3093 grueret.

2104 3135 2224 3203 Qua
2250 3134 2455 3188 ratione
2481 3131 2740 3203 quispiam
2768 3131 2881 3203 οἰδα
2911 3130 3024 3199 ipso
3052 3129 3314 3203 discernat
3336 3137 3558 3203 ,_utrunt

2256 3208 2381 3259 luna
2414 3199 2648 3274 proxime
2677 3202 2731 3255 in
2750 3200 2879 3271 jugo
2900 3241 2915 3269 ,
2952 3217 3019 3253 an
3048 3200 3201 3267 plena
3232 3199 3412 3268 fuerit.

2115 3382 2252 3438 Vill.
2291 3382 2429 3438 Cum
2462 3381 2532 3436 ab
2578 3380 2693 3436 sole
2740 3380 2917 3434 lucem
2953 3378 3081 3433 luna
3126 3376 3443 3443 fmueretur,
3477 3390 3607 3445 pars

2044 3474 2165 3545 ejus
2190 3473 2490 3529 illuminata
2516 3473 2684 3527 solem
2710 3478 2971 3541 perpetuo
2989 3468 3231 3539 reSpicit.
3252 3467 3377 3523 ldco
3393 3481 3515 3524 cum
3540 3467 3609 3521 ab

2046 3569 2161 3623 sole
2191 3566 2455 3637 paulatim
2499 3571 2708 3620 remota
2740 3563 2978 3629 crescit,
3012 3562 3115 3619 hoc
3144 3569 3228 3617 est
3268 3567 3393 3631 post
3436 3561 3608 3630 ipsius

2045 3672 2170 3713 cum
2202 3657 2317 3711 sole
2345 3669 2732 3725 congressum,
2766 3668 2830 3707 ac
2881 3652 3059 3709 tendit
3098 3652 3166 3706 ad
3212 3652 3604 3723 plenilunium.

2044 3764 2153 3820 qua
2191 3756 2345 3819 parte
2389 3747 2563 3803 lucem
2610 3745 2841 3815 accipit,
2873 3744 3048 3815 vergit
3093 3744 3148 3798 in
3175 3758 3469 3808 occasum,
3521 3759 3612 3799 so-

2045 3842 2152 3896 lem
2205 3852 2335 3895 tunc
2384 3839 2590 3895 habens
2623 3838 2693 3893 ab
2724 3837 3042 3901 occidente;
3078 3850 3186 3906 qua
3217 3850 3348 3890 vero
3379 3842 3612 3890 cornuta

2043 3942 2160 3997 est,
2194 3940 2249 3988 et
2275 3946 2470 4001 expers
2501 3930 2756 3992 luminis,
2787 3929 2843 3983 in
2868 3928 3152 3984 orientem.
3182 3924 3357 3983 Porro
3388 3942 3513 3982 cum
3542 3942 3612 3982 ex

2044 4026 2271 4082 adverso
2304 4025 2407 4080 soli
2459 4024 2676 4094 penitus
2724 4022 2967 4092 objacet,
3019 4020 3310 4077 intervallo
3359 4019 3611 4075 diametri

2043 4121 2113 4175 ab
2141 4119 2331 4175 eodem
2361 4116 2615 4184 distans;
2666 4124 2799 4170 tunc
2844 4113 3095 4169 videlicet
3139 4113 3304 4184 pleno
3348 4113 3482 4167 orbe
3521 4126 3611 4167 re-

2042 4209 2326 4279 splendet,
2358 4217 2535 4264 totum
2559 4216 2671 4263 tota
2697 4206 2869 4263 solem
2893 4205 3215 4276 respiciens.
3252 4199 3447 4258 Totam
3480 4217 3609 4256 cum

2040 4305 2186 4371 dico,
2214 4313 2421 4376 partem
2449 4302 2570 4373 ejus
2599 4301 2842 4371 intelligo
2860 4340 2875 4367 ,
2908 4314 3030 4370 quae
3057 4298 3215 4353 nobis
3240 4298 3468 4353 obversa
3499 4303 3604 4352 est.

2040 4397 2112 4451 At
2143 4412 2270 4452 cum
2301 4405 2425 4465 post
2456 4394 2856 4466 oppositionem
2907 4391 3227 4446 decrescere
3272 4388 3499 4459 incipit,
3548 4392 3609 4443 et

2039 4489 2107 4544 ad
2139 4490 2272 4545 solis
2300 4501 2595 4558 properare
2621 4497 3018 4554 congressum;
3063 4489 3194 4535 tunc
3238 4480 3435 4534 iterum
3476 4494 3608 4550 pars

366 4566 526 4620 πάλιν
550 4568 614 4621 τὺ
649 4568 747 4638 μὲν
775 4569 1183 4641 πεφωτισμένον
1219 4572 1390 4642 αὐτῆς
1417 4573 1582 4644 μέρος
1617 4573 1762 4628 νεύει
1797 4579 1933 4648 πρὸς

2046 4582 2186 4636 illius
2214 4581 2395 4635 lucida
2426 4586 2636 4649 spectat
2666 4578 2955 4632 orientem.
2994 4575 3172 4646 (Tum
3212 4574 3358 4629 enim
3405 4573 3489 4628 sol
3534 4572 3608 4629 ad

364 4657 626 4729 ἀνατολὴν
656 4657 751 4712 τοῦ
800 4658 949 4730 ἡλξω
997 4660 1455 4734 ἀνατολικωτέρου
1498 4664 1618 4717 τότε
1663 4665 1833 4732 ὄντος,
1872 4669 1935 4722 τὸ

2046 4674 2301 4739 orientem
2332 4670 2506 4743 magis
2536 4668 2765 4724 accedit.
2793 4670 2812 4737 )
2845 4665 2982 4722 Pars
3014 4672 3196 4720 autem
3235 4678 3359 4736 quae
3398 4664 3606 4720 lumine

363 4751 420 4806 δὲ
455 4750 754 4819 ἀφώτιστον
797 4751 892 4804 καὶ
934 4754 1272 4824 κερατοειδὲς
1323 4755 1459 4826 πρὸς
1504 4755 1733 4827 δυσμάς.
1769 4761 1935 4814 Ὅταν

2046 4778 2232 4819 carens
2276 4772 2392 4830 est,
2441 4769 2495 4816 et
2549 4767 2815 4826 cornuta,
2866 4756 3205 4812 occidentem
3249 4756 3465 4826 aspicit.
3522 4753 3602 4809 Ad

365 4843 473 4914 ἄρα
497 4843 559 4896 τὸ
591 4844 1002 4913 πεφωτισμένον
1031 4845 1131 4915 τῆς
1170 4845 1398 4917 σελήνης
1437 4848 1604 4920 μέρος
1640 4851 1770 4923 νεύῃ
1799 4854 1935 4923 πρὸς

2046 4869 2304 4911 summam
2323 4895 2339 4918 ,
2370 4851 2590 4923 quando
2620 4866 2749 4922 pars
2775 4850 2918 4904 lunae
2947 4846 3230 4919 splendida
3261 4847 3318 4903 in
3349 4846 3613 4901 occiden-'

362 4936 593 5007 δυσμὰς,
626 4936 735 4990 ἀπὸ
757 4935 971 4990 συνόδου
997 4936 1143 4990 ἐστὶν
1167 4939 1200 5007 ἡ
1229 4937 1447 5010 σελήνη,
1477 4942 1573 4995 καὶ
1606 4944 1698 4996 ἐπὶ
1734 4946 1935 4998 πανσέ-

2046 4955 2144 5003 tem
2169 4946 2376 5017 vergit,
2409 4960 2441 4998 a
2469 4958 2766 5014 congressu
2800 4940 3062 4997 recedens
3109 4936 3282 4993 tendit
3326 4936 3395 4991 ad
3434 4949 3606 5005 oppoo

362 5026 521 5097 ληνον
558 5027 802 5099 ἔρχεται·
835 5028 963 5081 ὅταν
1000 5027 1057 5081 δὲ
1091 5027 1254 5082 πάλιν
1288 5031 1350 5084 τὸ
1389 5034 1800 5104 πεφωτισμένον
1837 5037 1931 5089 αύ-

2046 5037 2288 5092 sitionem
2321 5050 2339 5101 ;
2371 5048 2496 5088 cum
2526 5039 2707 5086 autem
2755 5029 2937 5086 denuo
2988 5044 3116 5099 pars
3165 5024 3344 5081 lucida
3393 5030 3605 5096 spectat

360 5118 463 5189 τῆς
510 5119 673 5192 μέρος
730 5118 859 5190 νεύῃ
908 5120 1048 5191 πρὸς
1096 5119 1378 5185 ἀνατολὰς,
1437 5122 1546 5177 ἀπὸ
1596 5125 1928 5197 πανσελήνου

2046 5127 2300 5183 orientem
2321 5165 2337 5190 ,
2370 5123 2439 5179 ah
2466 5121 2805 5193 oppositione
2830 5120 2973 5176 redit
3002 5118 3067 5173 ad
3101 5116 3390 5189 synodum.

362 5211 509 5264 ἐστὶν
540 5212 573 5281 ἡ
605 5211 821 5283 σελήνη,
854 5211 948 5264 καὶ
984 5210 1077 5264 ἐπὶ
1103 5210 1317 5264 σύνοδον
1348 5211 1587 5283 ἔρχεται.

362 5321 494 5397 Πῷς
526 5322 602 5397 ᾂν
631 5322 903 5397 εὕροίμεν
930 5325 1137 5397 πόᾳωτ
1162 5321 1331 5397 ἐστὶν
1348 5321 1596 5397 Δἰλιιεριῗην-
1619 5325 1659 5392 ἡ
1676 5324 1927 5397 σελήνη

2046 5328 2316 5397 Quomodo
2354 5323 2821 5397 investiganda_sit
2859 5330 2988 5375 a'tas
3030 5319 3199 5381 Iunce,
3238 5317 3334 5395 hoc
3370 5325 3447 5397 cst
3487 5312 3601 5381 ejus

428 5385 547 5466 ἀὲτρ
597 5385 883 5466 σψλόδου,
918 5393 1044 5447 κἰίν
1098 5389 1177 5458 ἣν
1219 5393 1295 5446 ἂν
1328 5385 1557 5461 ήιῖἐραν
1594 5385 1701 5447 τοῦ
1738 5385 1933 5463 μηάιὸξ

2046 5385 2081 5397 ω
2140 5398 2476 5452 intervallum
2510 5385 2769 5466 avsynodo
2791 5434 2804 5458 ,
2835 5405 3140 5462 quacunque
3167 5386 3360 5440 mensis
3388 5385 3493 5436 die.

428 5462 605 5515 τοῦτο
634 5459 963 5529 ζητοίημεν.

427 5572 504 5625 Θ’.
523 5571 724 5624 Ἐπειδ⁸
747 5571 942 5641 ἔχομεν
958 5573 1157 5627 καὶτὸν
1178 5590 1244 5626 πε
1252 5574 1307 5645 ρ).
1321 5573 1508 5627 τούτου
1541 5574 1717 5642 λόγον,
1738 5575 1932 5646 ἑπόμε-

2104 5575 2195 5630 ις.
2237 5575 2334 5631 llis
2360 5576 2434 5629 ita
2457 5572 2794 5637 constitutis,
2818 5583 3157 5639 consequens
3182 5571 3267 5621 est
3285 5604 3300 5629 ,
3325 5570 3385 5617 ut
3409 5578 3604 5633 quem-

359 5681 443 5718 νον
470 5662 535 5719 ἂν
564 5663 647 5733 εἴη
687 5663 1001 5735 προσθεῖναι
1050 5666 1142 5719 καὶ
1194 5666 1339 5729 ὅπως
1376 5665 1455 5718 δεῖ
1501 5665 1799 5737 λαμϐάνειν
1830 5667 1928 5739 τὴν

2046 5667 2324 5723 admodum
2368 5674 2500 5723 aetas
2547 5666 2689 5719 lunae
2732 5676 3057 5735 quacunque
3103 5656 3369 5743 propositi
3396 5654 3606 5712 mensis

430 5816 449 5848 ⁸
488 5837 576 5887 71p.
612 5817 804 5888 ἐνάτῳ,
845 5827 894 5872 et
924 5834 1044 5872 mox
1074 5817 1213 5873 κατά
1243 5817 1341 5889 τὴν
1379 5824 1465 5874 ια’.
