  <div class='ocr_page' id='page_1' title='image "/cluster/home/n/w/nwhite01/storage/ocr_20150623/19:no.1/coo.31924054872993/669.png"; bbox 0 0 4124 6426; ppageno 0'>
   <div class='ocr_carea' id='block_1_1' title="bbox 1943 341 1972 362">
    <p class='ocr_par' dir='ltr' id='par_1_1' title="bbox 1943 341 1972 362">
     <span class='ocr_line' id='line_1_1' title="bbox 1943 341 1972 362; baseline 0 0"><span class='ocrx_word' id='word_1_1' title='bbox 1943 341 1972 362; x_wconf 67' lang='grc' dir='ltr'><em>ο</em></span> 
     </span>
    </p>
   </div>
   <div class='ocr_carea' id='block_1_2' title="bbox 501 444 640 500">
    <p class='ocr_par' dir='ltr' id='par_1_2' title="bbox 501 444 640 500">
     <span class='ocr_line' id='line_1_2' title="bbox 501 444 640 500; baseline 0 -2"><span class='ocrx_word' id='word_1_2' title='bbox 501 444 640 500; x_wconf 67' lang='grc'><strong>1295</strong></span> 
     </span>
    </p>
   </div>
   <div class='ocr_carea' id='block_1_3' title="bbox 1531 433 2776 492">
    <p class='ocr_par' dir='ltr' id='par_1_3' title="bbox 1531 433 2776 492">
     <span class='ocr_line' id='line_1_3' title="bbox 1531 433 2776 492; baseline -0.003 0"><span class='ocrx_word' id='word_1_3' title='bbox 1531 437 1619 492; x_wconf 82' lang='lat' dir='ltr'><strong>AD</strong></span> <span class='ocrx_word' id='word_1_4' title='bbox 1657 435 1928 492; x_wconf 86' lang='lat' dir='ltr'><strong>EUSEBII</strong></span> <span class='ocrx_word' id='word_1_5' title='bbox 1964 433 2360 490; x_wconf 78' lang='lat' dir='ltr'><strong>CHRONICON</strong></span> <span class='ocrx_word' id='word_1_6' title='bbox 2410 435 2776 489; x_wconf 72' lang='lat' dir='ltr'><strong>APPENDIX.</strong></span> 
     </span>
    </p>
   </div>
   <div class='ocr_carea' id='block_1_4' title="bbox 3621 440 3758 500">
    <p class='ocr_par' dir='ltr' id='par_1_4' title="bbox 3621 440 3758 500">
     <span class='ocr_line' id='line_1_4' title="bbox 3621 440 3758 500; baseline 0.029 -4"><span class='ocrx_word' id='word_1_7' title='bbox 3621 440 3758 500; x_wconf 74' lang='lat'><strong>1296</strong></span> 
     </span>
    </p>
   </div>
   <div class='ocr_carea' id='block_1_5' title="bbox 498 509 2048 630">
    <p class='ocr_par' dir='ltr' id='par_1_5' title="bbox 498 555 2048 630">
     <span class='ocr_line' id='line_1_5' title="bbox 498 555 2048 630; baseline -0.005 -14"><span class='ocrx_word' id='word_1_8' title='bbox 498 563 586 616; x_wconf 84' lang='lat' dir='ltr'><strong>die</strong></span> <span class='ocrx_word' id='word_1_9' title='bbox 616 559 918 630; x_wconf 83' lang='lat' dir='ltr'><strong>colligenda</strong></span> <span class='ocrx_word' id='word_1_10' title='bbox 955 561 1026 614; x_wconf 86' lang='lat' dir='ltr'><strong>sit</strong></span> <span class='ocrx_word' id='word_1_11' title='bbox 1046 599 1060 620; x_wconf 89' lang='lat'><strong>.</strong></span> <span class='ocrx_word' id='word_1_12' title='bbox 1089 557 1440 629; x_wconf 75' lang='lat' dir='ltr'><strong>explicemus.</strong></span> <span class='ocrx_word' id='word_1_13' title='bbox 1475 555 1638 626; x_wconf 82' lang='lat' dir='ltr'><strong>igitur</strong></span> <span class='ocrx_word' id='word_1_14' title='bbox 1665 557 1904 612; x_wconf 90' lang='lat' dir='ltr'><strong>ineuntis</strong></span> <span class='ocrx_word' id='word_1_15' title='bbox 1932 557 2048 628; x_wconf 81' lang='lat' dir='ltr'><strong>cycl</strong></span> 
     </span>
    </p>
   </div>
   <div class='ocr_carea' id='block_1_6' title="bbox 2152 509 3757 630">
    <p class='ocr_par' dir='ltr' id='par_1_6' title="bbox 2175 553 3757 624">
     <span class='ocr_line' id='line_1_6' title="bbox 2175 553 3757 624; baseline 0.004 -20"><span class='ocrx_word' id='word_1_16' title='bbox 2175 553 2405 624; x_wconf 79' lang='grc' dir='ltr'><strong>σελήνην</strong></span> <span class='ocrx_word' id='word_1_17' title='bbox 2461 555 2639 607; x_wconf 82' lang='grc' dir='ltr'>πόσων</span> <span class='ocrx_word' id='word_1_18' title='bbox 2695 553 2914 624; x_wconf 87' lang='grc' dir='ltr'>ἡμερῶν</span> <span class='ocrx_word' id='word_1_19' title='bbox 2967 555 3112 608; x_wconf 89' lang='grc' dir='ltr'>ἐστιν</span> <span class='ocrx_word' id='word_1_20' title='bbox 3169 555 3276 608; x_wconf 82' lang='grc' dir='ltr'><strong>ἀπὸ</strong></span> <span class='ocrx_word' id='word_1_21' title='bbox 3325 555 3540 608; x_wconf 79' lang='grc' dir='ltr'><strong>συνόδου</strong></span> <span class='ocrx_word' id='word_1_22' title='bbox 3563 598 3578 622; x_wconf 92' lang='grc'><strong>,</strong></span> <span class='ocrx_word' id='word_1_23' title='bbox 3636 558 3757 611; x_wconf 85' lang='grc' dir='ltr'>καθ’</span> 
     </span>
    </p>
   </div>
   <div class='ocr_carea' id='block_1_7' title="bbox 499 649 2072 721">
    <p class='ocr_par' dir='ltr' id='par_1_7' title="bbox 499 649 2072 721">
     <span class='ocr_line' id='line_1_7' title="bbox 499 649 2072 721; baseline -0.003 -14"><span class='ocrx_word' id='word_1_24' title='bbox 499 653 713 707; x_wconf 88' lang='lat' dir='ltr'><strong>lunaris</strong></span> <span class='ocrx_word' id='word_1_25' title='bbox 745 651 953 721; x_wconf 88' lang='lat' dir='ltr'><strong>epactis</strong></span> <span class='ocrx_word' id='word_1_26' title='bbox 987 650 1054 704; x_wconf 90' lang='lat' dir='ltr'><strong>ad</strong></span> <span class='ocrx_word' id='word_1_27' title='bbox 1083 649 1224 704; x_wconf 89' lang='lat' dir='ltr'><strong>diem</strong></span> <span class='ocrx_word' id='word_1_28' title='bbox 1255 649 1493 712; x_wconf 88' lang='lat' dir='ltr'><strong>mensis,</strong></span> <span class='ocrx_word' id='word_1_29' title='bbox 1531 649 1588 702; x_wconf 90' lang='lat' dir='ltr'><strong>in</strong></span> <span class='ocrx_word' id='word_1_30' title='bbox 1621 665 1730 718; x_wconf 86' lang='lat' dir='ltr'><strong>quo</strong></span> <span class='ocrx_word' id='word_1_31' title='bbox 1763 655 1895 704; x_wconf 67' lang='lat' dir='ltr'><strong>aetas</strong></span> <span class='ocrx_word' id='word_1_32' title='bbox 1927 649 2072 702; x_wconf 67' lang='lat' dir='ltr'><strong>lunae</strong></span> 
     </span>
    </p>
   </div>
   <div class='ocr_carea' id='block_1_8' title="bbox 499 738 2074 816">
    <p class='ocr_par' dir='ltr' id='par_1_8' title="bbox 499 738 2074 816">
     <span class='ocr_line' id='line_1_8' title="bbox 499 738 2074 816; baseline -0.006 -15"><span class='ocrx_word' id='word_1_33' title='bbox 499 747 782 816; x_wconf 69' lang='lat' dir='ltr'><strong>quaeritur,</strong></span> <span class='ocrx_word' id='word_1_34' title='bbox 841 743 1145 814; x_wconf 85' lang='lat' dir='ltr'><strong>adjunctis,</strong></span> <span class='ocrx_word' id='word_1_35' title='bbox 1207 757 1238 796; x_wconf 88' lang='lat' dir='ltr'><strong>a</strong></span> <span class='ocrx_word' id='word_1_36' title='bbox 1293 741 1484 796; x_wconf 80' lang='lat' dir='ltr'><strong>Martio</strong></span> <span class='ocrx_word' id='word_1_37' title='bbox 1544 741 1864 809; x_wconf 56' lang='lat' dir='ltr'><strong>ceterisque</strong></span> <span class='ocrx_word' id='word_1_38' title='bbox 1917 738 2074 794; x_wconf 85' lang='lat' dir='ltr'><strong>dein-</strong></span> 
     </span>
    </p>
   </div>
   <div class='ocr_carea' id='block_1_9' title="bbox 2177 644 3758 719">
    <p class='ocr_par' dir='ltr' id='par_1_9' title="bbox 2177 644 3758 719">
     <span class='ocr_line' id='line_1_9' title="bbox 2177 644 3758 719; baseline 0.003 -21"><span class='ocrx_word' id='word_1_39' title='bbox 2177 647 2366 698; x_wconf 82' lang='grc' dir='ltr'>ὁποίαν</span> <span class='ocrx_word' id='word_1_40' title='bbox 2390 644 2455 698; x_wconf 80' lang='grc' dir='ltr'><strong>ἂν</strong></span> <span class='ocrx_word' id='word_1_41' title='bbox 2485 647 2698 718; x_wconf 80' lang='grc' dir='ltr'><strong>ἡμέραν</strong></span> <span class='ocrx_word' id='word_1_42' title='bbox 2725 645 2878 704; x_wconf 76' lang='grc' dir='ltr'><strong>τοῦδέ</strong></span> <span class='ocrx_word' id='word_1_43' title='bbox 2901 663 3044 708; x_wconf 80' lang='grc' dir='ltr'>τινος</span> <span class='ocrx_word' id='word_1_44' title='bbox 3081 646 3248 716; x_wconf 84' lang='grc' dir='ltr'>μηνὸς</span> <span class='ocrx_word' id='word_1_45' title='bbox 3278 647 3571 719; x_wconf 83' lang='grc' dir='ltr'>ζητοίημεν</span> <span class='ocrx_word' id='word_1_46' title='bbox 3599 649 3758 702; x_wconf 78' lang='grc' dir='ltr'>τοῦτο</span> 
     </span>
    </p>
   </div>
   <div class='ocr_carea' id='block_1_10' title="bbox 2177 735 3754 810">
    <p class='ocr_par' dir='ltr' id='par_1_10' title="bbox 2177 735 3754 810">
     <span class='ocr_line' id='line_1_10' title="bbox 2177 735 3754 810; baseline 0.004 -22"><span class='ocrx_word' id='word_1_47' title='bbox 2177 736 2382 790; x_wconf 84' lang='grc' dir='ltr'>λαϐεῖν.</span> <span class='ocrx_word' id='word_1_48' title='bbox 2411 737 2666 806; x_wconf 80' lang='grc' dir='ltr'>Ἔχοντες</span> <span class='ocrx_word' id='word_1_49' title='bbox 2699 737 2806 810; x_wconf 78' lang='grc' dir='ltr'>γὰρ</span> <span class='ocrx_word' id='word_1_50' title='bbox 2843 735 2937 790; x_wconf 81' lang='grc' dir='ltr'>τοῦ</span> <span class='ocrx_word' id='word_1_51' title='bbox 2981 737 3273 802; x_wconf 79' lang='grc' dir='ltr'>ἐνεστῶτος</span> <span class='ocrx_word' id='word_1_52' title='bbox 3305 739 3623 810; x_wconf 79' lang='grc' dir='ltr'>σεληνιακοῦ</span> <span class='ocrx_word' id='word_1_53' title='bbox 3657 740 3754 794; x_wconf 87' lang='grc' dir='ltr'>κύ-</span> 
     </span>
    </p>
   </div>
   <div class='ocr_carea' id='block_1_11' title="bbox 495 827 2048 906">
    <p class='ocr_par' dir='ltr' id='par_1_11' title="bbox 495 831 2048 906">
     <span class='ocr_line' id='line_1_11' title="bbox 495 831 2048 906; baseline -0.005 -15"><span class='ocrx_word' id='word_1_54' title='bbox 495 853 627 906; x_wconf 79' lang='lat' dir='ltr'><strong>ceps</strong></span> <span class='ocrx_word' id='word_1_55' title='bbox 671 835 989 900; x_wconf 90' lang='lat' dir='ltr'><strong>mensibus,</strong></span> <span class='ocrx_word' id='word_1_56' title='bbox 1031 841 1258 903; x_wconf 83' lang='lat' dir='ltr'><strong>excepto</strong></span> <span class='ocrx_word' id='word_1_57' title='bbox 1311 833 1442 898; x_wconf 89' lang='lat' dir='ltr'><strong>illo,</strong></span> <span class='ocrx_word' id='word_1_58' title='bbox 1487 831 1580 902; x_wconf 91' lang='lat' dir='ltr'><strong>qui</strong></span> <span class='ocrx_word' id='word_1_59' title='bbox 1631 831 1978 900; x_wconf 78' lang='lat' dir='ltr'><strong>proponitur,</strong></span> <span class='ocrx_word' id='word_1_60' title='bbox 2025 845 2048 884; x_wconf 85' lang='grc' dir='ltr'><strong>ε</strong></span> 
     </span>
    </p>
   </div>
   <div class='ocr_carea' id='block_1_12' title="bbox 2152 827 3756 906">
    <p class='ocr_par' dir='ltr' id='par_1_12' title="bbox 2180 827 3756 902">
     <span class='ocr_line' id='line_1_12' title="bbox 2180 827 3756 902; baseline 0.002 -20"><span class='ocrx_word' id='word_1_61' title='bbox 2180 829 2310 882; x_wconf 88' lang='grc' dir='ltr'>κλου</span> <span class='ocrx_word' id='word_1_62' title='bbox 2362 827 2462 892; x_wconf 86' lang='grc' dir='ltr'>τὰς</span> <span class='ocrx_word' id='word_1_63' title='bbox 2524 828 2785 892; x_wconf 79' lang='grc' dir='ltr'>ἐπακτὰς,</span> <span class='ocrx_word' id='word_1_64' title='bbox 2845 831 2938 884; x_wconf 59' lang='grc' dir='ltr'><strong>καὶ¹</strong></span> <span class='ocrx_word' id='word_1_65' title='bbox 2999 829 3378 902; x_wconf 79' lang='grc' dir='ltr'><strong>προστιθέντες</strong></span> <span class='ocrx_word' id='word_1_66' title='bbox 3428 829 3630 896; x_wconf 82' lang='grc' dir='ltr'>ταύτας</span> <span class='ocrx_word' id='word_1_67' title='bbox 3687 834 3756 902; x_wconf 81' lang='grc' dir='ltr'>τῇ</span> 
     </span>
    </p>
   </div>
   <div class='ocr_carea' id='block_1_13' title="bbox 497 920 2074 997">
    <p class='ocr_par' dir='ltr' id='par_1_13' title="bbox 497 920 2074 997">
     <span class='ocr_line' id='line_1_13' title="bbox 497 920 2074 997; baseline -0.004 -16"><span class='ocrx_word' id='word_1_68' title='bbox 497 927 714 997; x_wconf 83' lang='lat' dir='ltr'><strong>quidem</strong></span> <span class='ocrx_word' id='word_1_69' title='bbox 767 925 958 980; x_wconf 83' lang='lat' dir='ltr'><strong>diebus</strong></span> <span class='ocrx_word' id='word_1_70' title='bbox 1007 933 1260 978; x_wconf 85' lang='lat' dir='ltr'><strong>constent</strong></span> <span class='ocrx_word' id='word_1_71' title='bbox 1307 939 1484 988; x_wconf 62' lang='grc' dir='ltr'>χχχι,</span> <span class='ocrx_word' id='word_1_72' title='bbox 1540 921 1872 992; x_wconf 87' lang='lat' dir='ltr'><strong>sesquidiem</strong></span> <span class='ocrx_word' id='word_1_73' title='bbox 1923 920 2074 990; x_wconf 88' lang='lat' dir='ltr'><strong>capi-</strong></span> 
     </span>
    </p>
   </div>
   <div class='ocr_carea' id='block_1_14' title="bbox 493 1013 2064 1078">
    <p class='ocr_par' dir='ltr' id='par_1_14' title="bbox 493 1013 2064 1078">
     <span class='ocr_line' id='line_1_14' title="bbox 493 1013 2064 1078; baseline -0.006 -5"><span class='ocrx_word' id='word_1_74' title='bbox 493 1035 661 1074; x_wconf 91' lang='lat' dir='ltr'><strong>mus:</strong></span> <span class='ocrx_word' id='word_1_75' title='bbox 721 1017 802 1072; x_wconf 83' lang='lat' dir='ltr'><strong>siu</strong></span> <span class='ocrx_word' id='word_1_76' title='bbox 847 1017 964 1071; x_wconf 88' lang='lat' dir='ltr'><strong>dies</strong></span> <span class='ocrx_word' id='word_1_77' title='bbox 1005 1015 1242 1068; x_wconf 88' lang='lat' dir='ltr'><strong>habeant</strong></span> <span class='ocrx_word' id='word_1_78' title='bbox 1297 1031 1441 1078; x_wconf 75' lang='lat' dir='ltr'><strong>xxx,</strong></span> <span class='ocrx_word' id='word_1_79' title='bbox 1499 1013 1844 1068; x_wconf 88' lang='lat' dir='ltr'><strong>dimidiatum</strong></span> <span class='ocrx_word' id='word_1_80' title='bbox 1897 1013 2064 1068; x_wconf 90' lang='lat' dir='ltr'><strong>diem.</strong></span> 
     </span>
    </p>
   </div>
   <div class='ocr_carea' id='block_1_15' title="bbox 493 1105 2063 1175">
    <p class='ocr_par' dir='ltr' id='par_1_15' title="bbox 493 1105 2063 1175">
     <span class='ocr_line' id='line_1_15' title="bbox 493 1105 2063 1175; baseline 0 -15"><span class='ocrx_word' id='word_1_81' title='bbox 493 1107 616 1160; x_wconf 75' lang='lat' dir='ltr'><strong>Mox</strong></span> <span class='ocrx_word' id='word_1_82' title='bbox 651 1105 718 1161; x_wconf 91' lang='lat' dir='ltr'><strong>de</strong></span> <span class='ocrx_word' id='word_1_83' title='bbox 759 1121 1006 1168; x_wconf 89' lang='lat' dir='ltr'><strong>summa,</strong></span> <span class='ocrx_word' id='word_1_84' title='bbox 1063 1105 1110 1160; x_wconf 90' lang='lat' dir='ltr'><strong>si</strong></span> <span class='ocrx_word' id='word_1_85' title='bbox 1161 1105 1334 1173; x_wconf 82' lang='lat' dir='ltr'><strong>major</strong></span> <span class='ocrx_word' id='word_1_86' title='bbox 1385 1107 1456 1160; x_wconf 90' lang='lat' dir='ltr'><strong>sit</strong></span> <span class='ocrx_word' id='word_1_87' title='bbox 1515 1106 1781 1175; x_wconf 75' lang='lat' dir='ltr'><strong>triginta,</strong></span> <span class='ocrx_word' id='word_1_88' title='bbox 1835 1105 2063 1160; x_wconf 90' lang='lat' dir='ltr'><strong>totidem</strong></span> 
     </span>
    </p>
   </div>
   <div class='ocr_carea' id='block_1_16' title="bbox 491 1193 2060 1263">
    <p class='ocr_par' dir='ltr' id='par_1_16' title="bbox 491 1193 2060 1263">
     <span class='ocr_line' id='line_1_16' title="bbox 491 1193 2060 1263; baseline 0.001 -15"><span class='ocrx_word' id='word_1_89' title='bbox 491 1195 834 1258; x_wconf 80' lang='lat' dir='ltr'><strong>auferimus;</strong></span> <span class='ocrx_word' id='word_1_90' title='bbox 888 1193 1170 1248; x_wconf 86' lang='lat' dir='ltr'><strong>residuum</strong></span> <span class='ocrx_word' id='word_1_91' title='bbox 1215 1196 1338 1263; x_wconf 90' lang='lat' dir='ltr'><strong>plus</strong></span> <span class='ocrx_word' id='word_1_92' title='bbox 1387 1195 1569 1249; x_wconf 89' lang='lat' dir='ltr'><strong>minus</strong></span> <span class='ocrx_word' id='word_1_93' title='bbox 1615 1201 1830 1250; x_wconf 64' lang='lat' dir='ltr'><strong>atatem</strong></span> <span class='ocrx_word' id='word_1_94' title='bbox 1880 1195 2060 1259; x_wconf 66' lang='lat' dir='ltr'><strong>lunai,</strong></span> 
     </span>
    </p>
   </div>
   <div class='ocr_carea' id='block_1_17' title="bbox 489 1285 1359 1358">
    <p class='ocr_par' dir='ltr' id='par_1_17' title="bbox 489 1285 1359 1358">
     <span class='ocr_line' id='line_1_17' title="bbox 489 1285 1359 1358; baseline 0 -17"><span class='ocrx_word' id='word_1_95' title='bbox 489 1301 653 1358; x_wconf 86' lang='lat' dir='ltr'><strong>quam</strong></span> <span class='ocrx_word' id='word_1_96' title='bbox 687 1285 1016 1356; x_wconf 86' lang='lat' dir='ltr'><strong>inquirimus</strong></span> <span class='ocrx_word' id='word_1_97' title='bbox 1037 1324 1052 1349; x_wconf 94' lang='lat'><strong>,</strong></span> <span class='ocrx_word' id='word_1_98' title='bbox 1085 1285 1359 1341; x_wconf 82' lang='lat' dir='ltr'><strong>ostendet.</strong></span> 
     </span>
    </p>
   </div>
   <div class='ocr_carea' id='block_1_18' title="bbox 2181 921 3760 995">
    <p class='ocr_par' dir='ltr' id='par_1_18' title="bbox 2181 921 3760 995">
     <span class='ocr_line' id='line_1_18' title="bbox 2181 921 3760 995; baseline 0.002 -22"><span class='ocrx_word' id='word_1_99' title='bbox 2181 921 2362 992; x_wconf 79' lang='grc' dir='ltr'>ἡμέρᾳ</span> <span class='ocrx_word' id='word_1_100' title='bbox 2386 921 2479 974; x_wconf 75' lang='grc' dir='ltr'>τοῦ</span> <span class='ocrx_word' id='word_1_101' title='bbox 2514 921 2698 992; x_wconf 86' lang='grc' dir='ltr'>μηνὸς,</span> <span class='ocrx_word' id='word_1_102' title='bbox 2731 921 2852 975; x_wconf 77' lang='grc' dir='ltr'>καθ’</span> <span class='ocrx_word' id='word_1_103' title='bbox 2876 923 2942 993; x_wconf 78' lang='grc' dir='ltr'>ἣν</span> <span class='ocrx_word' id='word_1_104' title='bbox 2969 921 3238 992; x_wconf 78' lang='grc' dir='ltr'>ζητοῦμεν</span> <span class='ocrx_word' id='word_1_105' title='bbox 3271 922 3451 975; x_wconf 85' lang='grc' dir='ltr'>λαϐεῖν</span> <span class='ocrx_word' id='word_1_106' title='bbox 3477 923 3574 994; x_wconf 77' lang='grc' dir='ltr'>τὴν</span> <span class='ocrx_word' id='word_1_107' title='bbox 3603 924 3760 995; x_wconf 83' lang='grc' dir='ltr'>σελὴ-</span> 
     </span>
    </p>
   </div>
   <div class='ocr_carea' id='block_1_19' title="bbox 2177 1013 3759 1086">
    <p class='ocr_par' dir='ltr' id='par_1_19' title="bbox 2177 1013 3759 1086">
     <span class='ocr_line' id='line_1_19' title="bbox 2177 1013 3759 1086; baseline 0.002 -21"><span class='ocrx_word' id='word_1_108' title='bbox 2177 1031 2276 1082; x_wconf 90' lang='grc' dir='ltr'><strong>νην</strong></span> <span class='ocrx_word' id='word_1_109' title='bbox 2305 1014 2488 1068; x_wconf 88' lang='grc' dir='ltr'>πόσων</span> <span class='ocrx_word' id='word_1_110' title='bbox 2523 1013 2669 1066; x_wconf 74' lang='grc' dir='ltr'>ἐστὶν</span> <span class='ocrx_word' id='word_1_111' title='bbox 2703 1015 2924 1085; x_wconf 86' lang='grc' dir='ltr'>ἡμερῶν</span> <span class='ocrx_word' id='word_1_112' title='bbox 2945 1033 2956 1044; x_wconf 92' lang='grc'>·</span> <span class='ocrx_word' id='word_1_113' title='bbox 2995 1015 3089 1067; x_wconf 80' lang='grc' dir='ltr'>καὶ</span> <span class='ocrx_word' id='word_1_114' title='bbox 3121 1015 3228 1068; x_wconf 85' lang='grc' dir='ltr'>ἀπὸ</span> <span class='ocrx_word' id='word_1_115' title='bbox 3266 1015 3360 1068; x_wconf 80' lang='grc' dir='ltr'>τοῦ</span> <span class='ocrx_word' id='word_1_116' title='bbox 3389 1017 3631 1086; x_wconf 83' lang='grc' dir='ltr'>Μαρτίου</span> <span class='ocrx_word' id='word_1_117' title='bbox 3661 1018 3759 1070; x_wconf 67' lang='grc' dir='ltr'><strong>καὶ</strong></span> 
     </span>
    </p>
   </div>
   <div class='ocr_carea' id='block_1_20' title="bbox 2169 1100 3755 1178">
    <p class='ocr_par' dir='ltr' id='par_1_20' title="bbox 2169 1100 3755 1178">
     <span class='ocr_line' id='line_1_20' title="bbox 2169 1100 3755 1178; baseline 0.004 -24"><span class='ocrx_word' id='word_1_118' title='bbox 2169 1102 2276 1154; x_wconf 87' lang='grc' dir='ltr'><strong>τῶν</strong></span> <span class='ocrx_word' id='word_1_119' title='bbox 2303 1101 2430 1172; x_wconf 77' lang='grc' dir='ltr'>ἑξῆς</span> <span class='ocrx_word' id='word_1_120' title='bbox 2465 1103 2670 1172; x_wconf 86' lang='grc' dir='ltr'>μηνῶν,</span> <span class='ocrx_word' id='word_1_121' title='bbox 2704 1103 2842 1174; x_wconf 83' lang='grc' dir='ltr'>πλὴν</span> <span class='ocrx_word' id='word_1_122' title='bbox 2881 1103 3046 1157; x_wconf 79' lang='grc' dir='ltr'>αὑτοῦ</span> <span class='ocrx_word' id='word_1_123' title='bbox 3091 1103 3185 1156; x_wconf 75' lang='grc' dir='ltr'>τοῦ</span> <span class='ocrx_word' id='word_1_124' title='bbox 3229 1105 3321 1173; x_wconf 78' lang='grc' dir='ltr'><strong>ἀφ’</strong></span> <span class='ocrx_word' id='word_1_125' title='bbox 3353 1100 3414 1156; x_wconf 77' lang='grc' dir='ltr'><strong>οἶ)</strong></span> <span class='ocrx_word' id='word_1_126' title='bbox 3452 1107 3484 1175; x_wconf 90' lang='grc' dir='ltr'><strong>ἡ</strong></span> <span class='ocrx_word' id='word_1_127' title='bbox 3525 1106 3755 1178; x_wconf 80' lang='grc' dir='ltr'>ζήτησις</span> 
     </span>
    </p>
   </div>
   <div class='ocr_carea' id='block_1_21' title="bbox 2169 1193 3756 1268">
    <p class='ocr_par' dir='ltr' id='par_1_21' title="bbox 2169 1193 3756 1268">
     <span class='ocr_line' id='line_1_21' title="bbox 2169 1193 3756 1268; baseline 0.004 -22"><span class='ocrx_word' id='word_1_128' title='bbox 2169 1194 2396 1262; x_wconf 89' lang='grc' dir='ltr'>γίνεται,</span> <span class='ocrx_word' id='word_1_129' title='bbox 2442 1193 2809 1264; x_wconf 83' lang='grc' dir='ltr'>λαμϐάνοντες</span> <span class='ocrx_word' id='word_1_130' title='bbox 2855 1195 2952 1248; x_wconf 77' lang='grc' dir='ltr'>τοῦ</span> <span class='ocrx_word' id='word_1_131' title='bbox 2989 1195 3087 1264; x_wconf 81' lang='grc' dir='ltr'>μὲν</span> <span class='ocrx_word' id='word_1_132' title='bbox 3137 1195 3351 1266; x_wconf 78' lang='grc' dir='ltr'>ἔχοντος</span> <span class='ocrx_word' id='word_1_133' title='bbox 3405 1197 3617 1268; x_wconf 84' lang='grc' dir='ltr'>ἡμέρας</span> <span class='ocrx_word' id='word_1_134' title='bbox 3649 1196 3756 1260; x_wconf 81' lang='grc' dir='ltr'>λα’,</span> 
     </span>
    </p>
   </div>
   <div class='ocr_carea' id='block_1_22' title="bbox 2167 1283 3751 1360">
    <p class='ocr_par' dir='ltr' id='par_1_22' title="bbox 2167 1283 3751 1360">
     <span class='ocr_line' id='line_1_22' title="bbox 2167 1283 3751 1360; baseline 0.003 -22"><span class='ocrx_word' id='word_1_135' title='bbox 2167 1285 2378 1357; x_wconf 85' lang='grc' dir='ltr'>ἡμέραν</span> <span class='ocrx_word' id='word_1_136' title='bbox 2411 1283 2455 1338; x_wconf 86' lang='grc' dir='ltr'>α’</span> <span class='ocrx_word' id='word_1_137' title='bbox 2487 1283 2573 1351; x_wconf 87' lang='lat' dir='ltr'><strong>S&quot;,</strong></span> <span class='ocrx_word' id='word_1_138' title='bbox 2603 1286 2694 1340; x_wconf 82' lang='grc' dir='ltr'>τοῦ</span> <span class='ocrx_word' id='word_1_139' title='bbox 2721 1288 2762 1340; x_wconf 76' lang='grc' dir='ltr'><strong>δ’</strong></span> <span class='ocrx_word' id='word_1_140' title='bbox 2797 1285 3011 1357; x_wconf 71' lang='grc' dir='ltr'>ἔχοντος</span> <span class='ocrx_word' id='word_1_141' title='bbox 3055 1287 3268 1357; x_wconf 87' lang='grc' dir='ltr'>ἡμέρας</span> <span class='ocrx_word' id='word_1_142' title='bbox 3309 1287 3372 1352; x_wconf 87' lang='grc' dir='ltr'>λ’,</span> <span class='ocrx_word' id='word_1_143' title='bbox 3409 1289 3474 1342; x_wconf 86' lang='lat' dir='ltr'><strong>S&quot;</strong></span> <span class='ocrx_word' id='word_1_144' title='bbox 3519 1289 3751 1360; x_wconf 71' lang='grc' dir='ltr'>ἡμέρας,</span> 
     </span>
    </p>
   </div>
   <div class='ocr_carea' id='block_1_23' title="bbox 488 1377 3756 1450">
    <p class='ocr_par' dir='ltr' id='par_1_23' title="bbox 488 1377 3756 1450">
     <span class='ocr_line' id='line_1_23' title="bbox 488 1377 3756 1450; baseline -0 -17"><span class='ocrx_word' id='word_1_145' title='bbox 488 1381 580 1434; x_wconf 82' lang='grc' dir='ltr'><strong>καὶ</strong></span> <span class='ocrx_word' id='word_1_146' title='bbox 629 1379 736 1432; x_wconf 85' lang='grc' dir='ltr'><strong>τῶν</strong></span> <span class='ocrx_word' id='word_1_147' title='bbox 785 1377 1152 1448; x_wconf 80' lang='grc' dir='ltr'>συναχθεισῶν</span> <span class='ocrx_word' id='word_1_148' title='bbox 1210 1377 1572 1450; x_wconf 89' lang='grc' dir='ltr'>τριακοντάδα</span> <span class='ocrx_word' id='word_1_149' title='bbox 1629 1379 1956 1444; x_wconf 82' lang='grc' dir='ltr'>ἀφελόντες,</span> <span class='ocrx_word' id='word_1_150' title='bbox 2015 1379 2062 1430; x_wconf 82' lang='grc' dir='ltr'><strong>εἰ</strong></span> <span class='ocrx_word' id='word_1_151' title='bbox 2124 1377 2512 1448; x_wconf 86' lang='grc' dir='ltr'>ὑπερϐαίνουσι</span> <span class='ocrx_word' id='word_1_152' title='bbox 2562 1377 2838 1448; x_wconf 87' lang='grc' dir='ltr'>δηλονότι,</span> <span class='ocrx_word' id='word_1_153' title='bbox 2886 1378 2984 1441; x_wconf 81' lang='grc' dir='ltr'><strong>τὰς</strong></span> <span class='ocrx_word' id='word_1_154' title='bbox 3035 1377 3229 1440; x_wconf 77' lang='grc' dir='ltr'>λοιπὰς</span> <span class='ocrx_word' id='word_1_155' title='bbox 3285 1377 3476 1450; x_wconf 75' lang='grc' dir='ltr'>ἕξομεν</span> <span class='ocrx_word' id='word_1_156' title='bbox 3537 1378 3756 1450; x_wconf 82' lang='grc' dir='ltr'>ὁλοσχε-</span> 
     </span>
    </p>
   </div>
   <div class='ocr_carea' id='block_1_24' title="bbox 493 1461 2386 1548">
    <p class='ocr_par' dir='ltr' id='par_1_24' title="bbox 493 1461 2386 1548">
     <span class='ocr_line' id='line_1_24' title="bbox 493 1461 2386 1548; baseline -0.001 -19"><span class='ocrx_word' id='word_1_157' title='bbox 493 1475 600 1547; x_wconf 84' lang='grc' dir='ltr'><strong>ρῶς</strong></span> <span class='ocrx_word' id='word_1_158' title='bbox 643 1476 782 1528; x_wconf 84' lang='grc' dir='ltr'>ὅσων</span> <span class='ocrx_word' id='word_1_159' title='bbox 826 1475 1044 1545; x_wconf 87' lang='grc' dir='ltr'>ἡμερῶν</span> <span class='ocrx_word' id='word_1_160' title='bbox 1091 1475 1240 1528; x_wconf 80' lang='grc' dir='ltr'>ἐστιν</span> <span class='ocrx_word' id='word_1_161' title='bbox 1285 1461 1584 1548; x_wconf 81' lang='grc' dir='ltr'>ἡ’σελήνη,</span> <span class='ocrx_word' id='word_1_162' title='bbox 1630 1477 1750 1530; x_wconf 84' lang='grc' dir='ltr'>καθ’</span> <span class='ocrx_word' id='word_1_163' title='bbox 1795 1477 1860 1546; x_wconf 79' lang='grc' dir='ltr'>ἣν</span> <span class='ocrx_word' id='word_1_164' title='bbox 1904 1473 2062 1528; x_wconf 73' lang='grc' dir='ltr'>τούτο</span> <span class='ocrx_word' id='word_1_165' title='bbox 2097 1473 2386 1546; x_wconf 77' lang='grc' dir='ltr'>ζητοῦμεν.</span> 
     </span>
    </p>
   </div>
   <div class='ocr_carea' id='block_1_25' title="bbox 559 1565 2066 1636">
    <p class='ocr_par' dir='ltr' id='par_1_25' title="bbox 559 1565 2066 1636">
     <span class='ocr_line' id='line_1_25' title="bbox 559 1565 2066 1636; baseline 0.002 -17"><span class='ocrx_word' id='word_1_166' title='bbox 559 1565 806 1636; x_wconf 80' lang='lat' dir='ltr'><strong>Exempli</strong></span> <span class='ocrx_word' id='word_1_167' title='bbox 838 1568 1012 1636; x_wconf 80' lang='lat' dir='ltr'><strong>gratia</strong></span> <span class='ocrx_word' id='word_1_168' title='bbox 1041 1586 1052 1621; x_wconf 91' lang='lat'>:</span> <span class='ocrx_word' id='word_1_169' title='bbox 1087 1568 1368 1636; x_wconf 86' lang='lat' dir='ltr'><strong>proposita</strong></span> <span class='ocrx_word' id='word_1_170' title='bbox 1397 1569 1470 1622; x_wconf 86' lang='lat' dir='ltr'><strong>sit</strong></span> <span class='ocrx_word' id='word_1_171' title='bbox 1501 1583 1627 1622; x_wconf 69' lang='lat' dir='ltr'><strong>xxv:</strong></span> <span class='ocrx_word' id='word_1_172' title='bbox 1659 1567 1777 1622; x_wconf 90' lang='lat' dir='ltr'><strong>dies</strong></span> <span class='ocrx_word' id='word_1_173' title='bbox 1809 1569 2066 1622; x_wconf 84' lang='lat' dir='ltr'><strong>Octobris</strong></span> 
     </span>
    </p>
   </div>
   <div class='ocr_carea' id='block_1_26' title="bbox 489 1655 2066 1730">
    <p class='ocr_par' dir='ltr' id='par_1_26' title="bbox 489 1655 2066 1730">
     <span class='ocr_line' id='line_1_26' title="bbox 489 1655 2066 1730; baseline -0.001 -17"><span class='ocrx_word' id='word_1_174' title='bbox 489 1659 545 1713; x_wconf 89' lang='lat' dir='ltr'><strong>in</strong></span> <span class='ocrx_word' id='word_1_175' title='bbox 575 1673 684 1728; x_wconf 90' lang='lat' dir='ltr'><strong>quo</strong></span> <span class='ocrx_word' id='word_1_176' title='bbox 708 1673 1012 1712; x_wconf 79' lang='lat' dir='ltr'><strong>versamur.</strong></span> <span class='ocrx_word' id='word_1_177' title='bbox 1045 1655 1125 1712; x_wconf 85' lang='lat' dir='ltr'><strong>Ad</strong></span> <span class='ocrx_word' id='word_1_178' title='bbox 1159 1659 1298 1712; x_wconf 90' lang='lat' dir='ltr'><strong>hanc</strong></span> <span class='ocrx_word' id='word_1_179' title='bbox 1326 1667 1545 1728; x_wconf 78' lang='lat' dir='ltr'><strong>epactas</strong></span> <span class='ocrx_word' id='word_1_180' title='bbox 1573 1659 1857 1728; x_wconf 65' lang='lat' dir='ltr'><strong>prtesentis</strong></span> <span class='ocrx_word' id='word_1_181' title='bbox 1885 1659 2023 1730; x_wconf 82' lang='lat' dir='ltr'><strong>cycli</strong></span> <span class='ocrx_word' id='word_1_182' title='bbox 2049 1697 2066 1724; x_wconf 91' lang='lat'><strong>,</strong></span> 
     </span>
    </p>
   </div>
   <div class='ocr_carea' id='block_1_27' title="bbox 492 1750 2066 1824">
    <p class='ocr_par' dir='ltr' id='par_1_27' title="bbox 492 1750 2066 1824">
     <span class='ocr_line' id='line_1_27' title="bbox 492 1750 2066 1824; baseline -0.002 -17"><span class='ocrx_word' id='word_1_183' title='bbox 492 1767 631 1824; x_wconf 88' lang='lat' dir='ltr'><strong>quas</strong></span> <span class='ocrx_word' id='word_1_184' title='bbox 667 1768 776 1806; x_wconf 77' lang='lat' dir='ltr'><strong>xxv</strong></span> <span class='ocrx_word' id='word_1_185' title='bbox 807 1750 918 1822; x_wconf 88' lang='lat' dir='ltr'><strong>jam</strong></span> <span class='ocrx_word' id='word_1_186' title='bbox 973 1753 1314 1819; x_wconf 87' lang='lat' dir='ltr'><strong>reperimus,</strong></span> <span class='ocrx_word' id='word_1_187' title='bbox 1367 1751 1628 1806; x_wconf 83' lang='lat' dir='ltr'><strong>addentes</strong></span> <span class='ocrx_word' id='word_1_188' title='bbox 1691 1767 1902 1806; x_wconf 85' lang='lat' dir='ltr'><strong>necnon</strong></span> <span class='ocrx_word' id='word_1_189' title='bbox 1949 1751 2066 1805; x_wconf 90' lang='lat' dir='ltr'><strong>dies</strong></span> 
     </span>
    </p>
   </div>
   <div class='ocr_carea' id='block_1_28' title="bbox 489 1839 2064 1912">
    <p class='ocr_par' dir='ltr' id='par_1_28' title="bbox 489 1839 2064 1912">
     <span class='ocr_line' id='line_1_28' title="bbox 489 1839 2064 1912; baseline -0.002 -15"><span class='ocrx_word' id='word_1_190' title='bbox 489 1857 714 1906; x_wconf 87' lang='lat' dir='ltr'><strong>omnes,</strong></span> <span class='ocrx_word' id='word_1_191' title='bbox 751 1843 846 1912; x_wconf 91' lang='lat' dir='ltr'><strong>qui</strong></span> <span class='ocrx_word' id='word_1_192' title='bbox 879 1855 910 1894; x_wconf 90' lang='lat' dir='ltr'><strong>a</strong></span> <span class='ocrx_word' id='word_1_193' title='bbox 943 1839 1138 1894; x_wconf 86' lang='lat' dir='ltr'><strong>Martio</strong></span> <span class='ocrx_word' id='word_1_194' title='bbox 1173 1839 1240 1894; x_wconf 89' lang='lat' dir='ltr'><strong>ad</strong></span> <span class='ocrx_word' id='word_1_195' title='bbox 1283 1839 1442 1894; x_wconf 87' lang='lat' dir='ltr'><strong>finem</strong></span> <span class='ocrx_word' id='word_1_196' title='bbox 1478 1839 1816 1911; x_wconf 82' lang='lat' dir='ltr'><strong>Septembris</strong></span> <span class='ocrx_word' id='word_1_197' title='bbox 1847 1839 2064 1896; x_wconf 83' lang='lat' dir='ltr'><strong>collecti</strong></span> 
     </span>
    </p>
   </div>
   <div class='ocr_carea' id='block_1_29' title="bbox 487 1931 2060 2002">
    <p class='ocr_par' dir='ltr' id='par_1_29' title="bbox 487 1931 2060 2002">
     <span class='ocr_line' id='line_1_29' title="bbox 487 1931 2060 2002; baseline -0.004 -13"><span class='ocrx_word' id='word_1_198' title='bbox 487 1942 651 2000; x_wconf 89' lang='lat' dir='ltr'><strong>sunt,</strong></span> <span class='ocrx_word' id='word_1_199' title='bbox 688 1947 917 1988; x_wconf 86' lang='lat' dir='ltr'><strong>numero</strong></span> <span class='ocrx_word' id='word_1_200' title='bbox 952 1941 1158 2002; x_wconf 87' lang='lat' dir='ltr'><strong>septem</strong></span> <span class='ocrx_word' id='word_1_201' title='bbox 1192 1949 1206 1998; x_wconf 89' lang='lat'><strong>;</strong></span> <span class='ocrx_word' id='word_1_202' title='bbox 1239 1931 1306 1986; x_wconf 91' lang='lat' dir='ltr'><strong>de</strong></span> <span class='ocrx_word' id='word_1_203' title='bbox 1335 1947 1552 1986; x_wconf 91' lang='lat' dir='ltr'><strong>summa</strong></span> <span class='ocrx_word' id='word_1_204' title='bbox 1576 1973 1590 1996; x_wconf 91' lang='lat'><strong>,</strong></span> <span class='ocrx_word' id='word_1_205' title='bbox 1625 1947 1746 2002; x_wconf 66' lang='lat' dir='ltr'><strong>qua:</strong></span> <span class='ocrx_word' id='word_1_206' title='bbox 1777 1937 1864 1986; x_wconf 88' lang='lat' dir='ltr'><strong>est</strong></span> <span class='ocrx_word' id='word_1_207' title='bbox 1891 1945 2023 1984; x_wconf 81' lang='lat' dir='ltr'><strong>LVIII</strong></span> <span class='ocrx_word' id='word_1_208' title='bbox 2045 1971 2060 1996; x_wconf 88' lang='lat'><strong>,</strong></span> 
     </span>
    </p>
   </div>
   <div class='ocr_carea' id='block_1_30' title="bbox 489 2023 2064 2090">
    <p class='ocr_par' dir='ltr' id='par_1_30' title="bbox 489 2023 2064 2090">
     <span class='ocr_line' id='line_1_30' title="bbox 489 2023 2064 2090; baseline -0.003 -8"><span class='ocrx_word' id='word_1_209' title='bbox 489 2026 719 2082; x_wconf 85' lang='lat' dir='ltr'><strong>sublatis</strong></span> <span class='ocrx_word' id='word_1_210' title='bbox 749 2041 854 2079; x_wconf 75' lang='lat' dir='ltr'><strong>xxx</strong></span> <span class='ocrx_word' id='word_1_211' title='bbox 873 2065 889 2090; x_wconf 94' lang='lat'><strong>,</strong></span> <span class='ocrx_word' id='word_1_212' title='bbox 911 2033 1124 2078; x_wconf 71' lang='lat' dir='ltr'><strong>aetatem</strong></span> <span class='ocrx_word' id='word_1_213' title='bbox 1157 2025 1297 2078; x_wconf 77' lang='lat' dir='ltr'><strong>lunae</strong></span> <span class='ocrx_word' id='word_1_214' title='bbox 1325 2024 1588 2079; x_wconf 87' lang='lat' dir='ltr'><strong>habemus</strong></span> <span class='ocrx_word' id='word_1_215' title='bbox 1615 2023 1668 2078; x_wconf 92' lang='lat' dir='ltr'><strong>in</strong></span> <span class='ocrx_word' id='word_1_216' title='bbox 1699 2023 1948 2079; x_wconf 83' lang='lat' dir='ltr'><strong>Octobris</strong></span> <span class='ocrx_word' id='word_1_217' title='bbox 1977 2023 2064 2078; x_wconf 90' lang='lat' dir='ltr'><strong>die</strong></span> 
     </span>
    </p>
   </div>
   <div class='ocr_carea' id='block_1_31' title="bbox 485 2115 1399 2188">
    <p class='ocr_par' dir='ltr' id='par_1_31' title="bbox 485 2115 1399 2188">
     <span class='ocr_line' id='line_1_31' title="bbox 485 2115 1399 2188; baseline -0.004 -13"><span class='ocrx_word' id='word_1_218' title='bbox 485 2134 645 2184; x_wconf 80' lang='lat' dir='ltr'><strong>xm,</strong></span> <span class='ocrx_word' id='word_1_219' title='bbox 675 2133 797 2188; x_wconf 67' lang='lat' dir='ltr'><strong>quae</strong></span> <span class='ocrx_word' id='word_1_220' title='bbox 829 2123 916 2172; x_wconf 85' lang='lat' dir='ltr'><strong>est</strong></span> <span class='ocrx_word' id='word_1_221' title='bbox 945 2131 1119 2170; x_wconf 81' lang='lat' dir='ltr'><strong>xxvm</strong></span> <span class='ocrx_word' id='word_1_222' title='bbox 1155 2115 1399 2171; x_wconf 91' lang='lat' dir='ltr'><strong>dierum.</strong></span> 
     </span>
    </p>
   </div>
   <div class='ocr_carea' id='block_1_32' title="bbox 555 2383 2060 2458">
    <p class='ocr_par' dir='ltr' id='par_1_32' title="bbox 555 2383 2060 2458">
     <span class='ocr_line' id='line_1_32' title="bbox 555 2383 2060 2458; baseline -0.004 -16"><span class='ocrx_word' id='word_1_223' title='bbox 555 2385 742 2458; x_wconf 86' lang='lat' dir='ltr'><strong>Neque</strong></span> <span class='ocrx_word' id='word_1_224' title='bbox 774 2401 904 2440; x_wconf 84' lang='lat' dir='ltr'><strong>vero</strong></span> <span class='ocrx_word' id='word_1_225' title='bbox 935 2385 1092 2440; x_wconf 85' lang='lat' dir='ltr'><strong>facile</strong></span> <span class='ocrx_word' id='word_1_226' title='bbox 1119 2383 1632 2455; x_wconf 64' lang='lat' dir='ltr'><strong>praetermittendum</strong></span> <span class='ocrx_word' id='word_1_227' title='bbox 1657 2383 1798 2437; x_wconf 89' lang='lat' dir='ltr'><strong>istud</strong></span> <span class='ocrx_word' id='word_1_228' title='bbox 1822 2391 1925 2448; x_wconf 90' lang='lat' dir='ltr'><strong>est,</strong></span> <span class='ocrx_word' id='word_1_229' title='bbox 1953 2398 2060 2453; x_wconf 88' lang='lat' dir='ltr'><strong>qua</strong></span> 
     </span>
    </p>
   </div>
   <div class='ocr_carea' id='block_1_33' title="bbox 483 2472 2060 2543">
    <p class='ocr_par' dir='ltr' id='par_1_33' title="bbox 483 2472 2060 2543">
     <span class='ocr_line' id='line_1_33' title="bbox 483 2472 2060 2543; baseline -0.002 -12"><span class='ocrx_word' id='word_1_230' title='bbox 483 2475 728 2531; x_wconf 88' lang='lat' dir='ltr'><strong>decausa</strong></span> <span class='ocrx_word' id='word_1_231' title='bbox 763 2473 1064 2543; x_wconf 87' lang='lat' dir='ltr'><strong>sesquidi’es</strong></span> <span class='ocrx_word' id='word_1_232' title='bbox 1095 2473 1330 2538; x_wconf 83' lang='lat' dir='ltr'><strong>illos,vel</strong></span> <span class='ocrx_word' id='word_1_233' title='bbox 1365 2472 1676 2527; x_wconf 87' lang='lat' dir='ltr'><strong>dimidiatos</strong></span> <span class='ocrx_word' id='word_1_234' title='bbox 1692 2472 1808 2526; x_wconf 89' lang='lat' dir='ltr'><strong>dies</strong></span> <span class='ocrx_word' id='word_1_235' title='bbox 1846 2473 2060 2528; x_wconf 88' lang='lat' dir='ltr'><strong>auferre</strong></span> 
     </span>
    </p>
   </div>
   <div class='ocr_carea' id='block_1_34' title="bbox 483 2561 2056 2633">
    <p class='ocr_par' dir='ltr' id='par_1_34' title="bbox 483 2561 2056 2633">
     <span class='ocr_line' id='line_1_34' title="bbox 483 2561 2056 2633; baseline -0.001 -13"><span class='ocrx_word' id='word_1_236' title='bbox 483 2565 550 2620; x_wconf 94' lang='lat' dir='ltr'><strong>de</strong></span> <span class='ocrx_word' id='word_1_237' title='bbox 581 2565 861 2620; x_wconf 89' lang='lat' dir='ltr'><strong>mensibus</strong></span> <span class='ocrx_word' id='word_1_238' title='bbox 893 2564 1220 2633; x_wconf 85' lang='lat' dir='ltr'><strong>incipiamus</strong></span> <span class='ocrx_word' id='word_1_239' title='bbox 1250 2579 1278 2616; x_wconf 92' lang='lat' dir='ltr'><strong>a</strong></span> <span class='ocrx_word' id='word_1_240' title='bbox 1311 2562 1525 2626; x_wconf 87' lang='lat' dir='ltr'><strong>Martio,</strong></span> <span class='ocrx_word' id='word_1_241' title='bbox 1556 2579 1666 2618; x_wconf 89' lang='lat' dir='ltr'><strong>non</strong></span> <span class='ocrx_word' id='word_1_242' title='bbox 1697 2579 1726 2616; x_wconf 90' lang='lat' dir='ltr'><strong>a</strong></span> <span class='ocrx_word' id='word_1_243' title='bbox 1757 2561 2056 2629; x_wconf 86' lang='lat' dir='ltr'><strong>Januario;</strong></span> 
     </span>
    </p>
   </div>
   <div class='ocr_carea' id='block_1_35' title="bbox 482 2653 2054 2723">
    <p class='ocr_par' dir='ltr' id='par_1_35' title="bbox 482 2653 2054 2723">
     <span class='ocr_line' id='line_1_35' title="bbox 482 2653 2054 2723; baseline -0.002 -13"><span class='ocrx_word' id='word_1_244' title='bbox 482 2670 610 2710; x_wconf 91' lang='lat' dir='ltr'><strong>cum</strong></span> <span class='ocrx_word' id='word_1_245' title='bbox 645 2655 714 2708; x_wconf 92' lang='lat' dir='ltr'><strong>ab</strong></span> <span class='ocrx_word' id='word_1_246' title='bbox 749 2654 852 2708; x_wconf 89' lang='lat' dir='ltr'><strong>hoc</strong></span> <span class='ocrx_word' id='word_1_247' title='bbox 885 2654 1160 2708; x_wconf 88' lang='lat' dir='ltr'><strong>lunarium</strong></span> <span class='ocrx_word' id='word_1_248' title='bbox 1194 2653 1506 2723; x_wconf 84' lang='lat' dir='ltr'><strong>cyclorum,</strong></span> <span class='ocrx_word' id='word_1_249' title='bbox 1549 2661 1602 2708; x_wconf 90' lang='lat' dir='ltr'><strong>et</strong></span> <span class='ocrx_word' id='word_1_250' title='bbox 1641 2655 2054 2723; x_wconf 81' lang='lat' dir='ltr'><strong>congruentium</strong></span> 
     </span>
    </p>
   </div>
   <div class='ocr_carea' id='block_1_36' title="bbox 481 2739 2054 2814">
    <p class='ocr_par' dir='ltr' id='par_1_36' title="bbox 481 2739 2054 2814">
     <span class='ocr_line' id='line_1_36' title="bbox 481 2739 2054 2814; baseline -0.002 -15"><span class='ocrx_word' id='word_1_251' title='bbox 481 2745 550 2800; x_wconf 90' lang='lat' dir='ltr'><strong>iis</strong></span> <span class='ocrx_word' id='word_1_252' title='bbox 579 2751 894 2814; x_wconf 89' lang='lat' dir='ltr'><strong>epactarum</strong></span> <span class='ocrx_word' id='word_1_253' title='bbox 943 2743 1096 2796; x_wconf 88' lang='lat' dir='ltr'><strong>initia</strong></span> <span class='ocrx_word' id='word_1_254' title='bbox 1141 2741 1434 2796; x_wconf 90' lang='lat' dir='ltr'><strong>ducantur.</strong></span> <span class='ocrx_word' id='word_1_255' title='bbox 1486 2739 1642 2812; x_wconf 83' lang='lat' dir='ltr'><strong>(Hoc</strong></span> <span class='ocrx_word' id='word_1_256' title='bbox 1675 2742 1821 2795; x_wconf 87' lang='lat' dir='ltr'><strong>enim</strong></span> <span class='ocrx_word' id='word_1_257' title='bbox 1863 2749 2054 2796; x_wconf 88' lang='lat' dir='ltr'><strong>contra</strong></span> 
     </span>
    </p>
   </div>
   <div class='ocr_carea' id='block_1_37' title="bbox 481 2829 2053 2904">
    <p class='ocr_par' dir='ltr' id='par_1_37' title="bbox 481 2829 2053 2904">
     <span class='ocr_line' id='line_1_37' title="bbox 481 2829 2053 2904; baseline -0.003 -16"><span class='ocrx_word' id='word_1_258' title='bbox 481 2835 576 2889; x_wconf 91' lang='lat' dir='ltr'><strong>illa</strong></span> <span class='ocrx_word' id='word_1_259' title='bbox 612 2851 732 2904; x_wconf 67' lang='lat' dir='ltr'><strong>qua:</strong></span> <span class='ocrx_word' id='word_1_260' title='bbox 765 2833 911 2888; x_wconf 86' lang='lat' dir='ltr'><strong>dicta</strong></span> <span class='ocrx_word' id='word_1_261' title='bbox 947 2839 1076 2889; x_wconf 90' lang='lat' dir='ltr'><strong>sunt</strong></span> <span class='ocrx_word' id='word_1_262' title='bbox 1109 2833 1504 2887; x_wconf 79' lang='lat' dir='ltr'><strong>dubitationem</strong></span> <span class='ocrx_word' id='word_1_263' title='bbox 1541 2845 1737 2902; x_wconf 87' lang='lat' dir='ltr'><strong>parere</strong></span> <span class='ocrx_word' id='word_1_264' title='bbox 1771 2829 2053 2900; x_wconf 75' lang='lat' dir='ltr'><strong>videtur.)</strong></span> 
     </span>
    </p>
   </div>
   <div class='ocr_carea' id='block_1_38' title="bbox 477 2922 2049 2995">
    <p class='ocr_par' dir='ltr' id='par_1_38' title="bbox 477 2922 2049 2995">
     <span class='ocr_line' id='line_1_38' title="bbox 477 2922 2049 2995; baseline -0.002 -16"><span class='ocrx_word' id='word_1_265' title='bbox 477 2923 618 2980; x_wconf 82' lang='lat' dir='ltr'><strong>Tum</strong></span> <span class='ocrx_word' id='word_1_266' title='bbox 649 2923 784 2978; x_wconf 90' lang='lat' dir='ltr'><strong>illud</strong></span> <span class='ocrx_word' id='word_1_267' title='bbox 814 2924 985 2994; x_wconf 70' lang='lat' dir='ltr'><strong>quaeri</strong></span> <span class='ocrx_word' id='word_1_268' title='bbox 1019 2929 1233 2995; x_wconf 84' lang='lat' dir='ltr'><strong>potest,</strong></span> <span class='ocrx_word' id='word_1_269' title='bbox 1259 2939 1358 2978; x_wconf 91' lang='lat' dir='ltr'><strong>cur</strong></span> <span class='ocrx_word' id='word_1_270' title='bbox 1387 2923 1504 2978; x_wconf 87' lang='lat' dir='ltr'><strong>dies</strong></span> <span class='ocrx_word' id='word_1_271' title='bbox 1535 2922 1659 2978; x_wconf 91' lang='lat' dir='ltr'><strong>illos</strong></span> <span class='ocrx_word' id='word_1_272' title='bbox 1686 2935 2049 2978; x_wconf 85' lang='lat' dir='ltr'><strong>assumamus.</strong></span> 
     </span>
    </p>
   </div>
   <div class='ocr_carea' id='block_1_39' title="bbox 546 3097 2050 3172">
    <p class='ocr_par' dir='ltr' id='par_1_39' title="bbox 546 3097 2050 3172">
     <span class='ocr_line' id='line_1_39' title="bbox 546 3097 2050 3172; baseline -0.005 -12"><span class='ocrx_word' id='word_1_273' title='bbox 546 3105 895 3160; x_wconf 76' lang='lat' dir='ltr'><strong>Manifestum</strong></span> <span class='ocrx_word' id='word_1_274' title='bbox 933 3111 1018 3158; x_wconf 90' lang='lat' dir='ltr'><strong>cst</strong></span> <span class='ocrx_word' id='word_1_275' title='bbox 1051 3102 1234 3172; x_wconf 88' lang='lat' dir='ltr'><strong>itaque</strong></span> <span class='ocrx_word' id='word_1_276' title='bbox 1257 3141 1274 3167; x_wconf 87' lang='lat'><strong>,</strong></span> <span class='ocrx_word' id='word_1_277' title='bbox 1307 3101 1565 3171; x_wconf 87' lang='lat' dir='ltr'><strong>quoniam</strong></span> <span class='ocrx_word' id='word_1_278' title='bbox 1597 3100 1809 3156; x_wconf 88' lang='lat' dir='ltr'><strong>lunaris</strong></span> <span class='ocrx_word' id='word_1_279' title='bbox 1842 3097 2050 3153; x_wconf 88' lang='lat' dir='ltr'><strong>mensis</strong></span> 
     </span>
    </p>
   </div>
   <div class='ocr_carea' id='block_1_40' title="bbox 2241 1563 3756 1637">
    <p class='ocr_par' dir='ltr' id='par_1_40' title="bbox 2241 1563 3756 1637">
     <span class='ocr_line' id='line_1_40' title="bbox 2241 1563 3756 1637; baseline -0.001 -16"><span class='ocrx_word' id='word_1_280' title='bbox 2241 1563 2387 1632; x_wconf 78' lang='grc' dir='ltr'>υἷον,</span> <span class='ocrx_word' id='word_1_281' title='bbox 2421 1569 2498 1632; x_wconf 84' lang='grc' dir='ltr'>ὡς</span> <span class='ocrx_word' id='word_1_282' title='bbox 2525 1569 2584 1620; x_wconf 89' lang='grc' dir='ltr'>ὲν</span> <span class='ocrx_word' id='word_1_283' title='bbox 2621 1567 3003 1637; x_wconf 72' lang='grc' dir='ltr'>ὑποδείγματι,</span> <span class='ocrx_word' id='word_1_284' title='bbox 3045 1565 3184 1620; x_wconf 73' lang='grc' dir='ltr'>ἔστω</span> <span class='ocrx_word' id='word_1_285' title='bbox 3225 1573 3317 1631; x_wconf 80' lang='grc' dir='ltr'>κς¹</span> <span class='ocrx_word' id='word_1_286' title='bbox 3353 1565 3446 1620; x_wconf 73' lang='grc' dir='ltr'>τοῦ</span> <span class='ocrx_word' id='word_1_287' title='bbox 3489 1567 3756 1636; x_wconf 79' lang='grc' dir='ltr'>παρόντος</span> 
     </span>
    </p>
   </div>
   <div class='ocr_carea' id='block_1_41' title="bbox 2185 1657 3754 1731">
    <p class='ocr_par' dir='ltr' id='par_1_41' title="bbox 2185 1657 3754 1731">
     <span class='ocr_line' id='line_1_41' title="bbox 2185 1657 3754 1731; baseline -0.001 -19"><span class='ocrx_word' id='word_1_288' title='bbox 2185 1659 2513 1730; x_wconf 88' lang='grc' dir='ltr'>Ὀκτωϐρίου</span> <span class='ocrx_word' id='word_1_289' title='bbox 2558 1659 2738 1730; x_wconf 86' lang='grc' dir='ltr'>μηνός.</span> <span class='ocrx_word' id='word_1_290' title='bbox 2787 1658 2974 1731; x_wconf 73' lang='grc' dir='ltr'>Ταύτῃ</span> <span class='ocrx_word' id='word_1_291' title='bbox 3021 1657 3348 1728; x_wconf 87' lang='grc' dir='ltr'>προσθέντες</span> <span class='ocrx_word' id='word_1_292' title='bbox 3389 1657 3488 1720; x_wconf 85' lang='grc' dir='ltr'>τὰς</span> <span class='ocrx_word' id='word_1_293' title='bbox 3539 1657 3754 1710; x_wconf 83' lang='grc' dir='ltr'>ἀποδει-</span> 
     </span>
    </p>
   </div>
   <div class='ocr_carea' id='block_1_42' title="bbox 2172 1749 3749 1820">
    <p class='ocr_par' dir='ltr' id='par_1_42' title="bbox 2172 1749 3749 1820">
     <span class='ocr_line' id='line_1_42' title="bbox 2172 1749 3749 1820; baseline 0 -18"><span class='ocrx_word' id='word_1_294' title='bbox 2172 1749 2392 1820; x_wconf 88' lang='grc' dir='ltr'>χθείσας</span> <span class='ocrx_word' id='word_1_295' title='bbox 2429 1749 2524 1802; x_wconf 86' lang='grc' dir='ltr'>τοῦ</span> <span class='ocrx_word' id='word_1_296' title='bbox 2568 1749 2859 1812; x_wconf 78' lang='grc' dir='ltr'>ἐνεστῶτος</span> <span class='ocrx_word' id='word_1_297' title='bbox 2907 1749 3223 1820; x_wconf 80' lang='grc' dir='ltr'>σεληνιακοῦ</span> <span class='ocrx_word' id='word_1_298' title='bbox 3268 1749 3467 1802; x_wconf 83' lang='grc' dir='ltr'>κύκλου</span> <span class='ocrx_word' id='word_1_299' title='bbox 3507 1749 3749 1813; x_wconf 83' lang='grc' dir='ltr'>ἐπακτάς</span> 
     </span>
    </p>
   </div>
   <div class='ocr_carea' id='block_1_43' title="bbox 2173 1841 3750 1914">
    <p class='ocr_par' dir='ltr' id='par_1_43' title="bbox 2173 1841 3750 1914">
     <span class='ocr_line' id='line_1_43' title="bbox 2173 1841 3750 1914; baseline 0.001 -20"><span class='ocrx_word' id='word_1_300' title='bbox 2173 1847 2272 1906; x_wconf 81' lang='grc' dir='ltr'>κε’,</span> <span class='ocrx_word' id='word_1_301' title='bbox 2317 1841 2410 1894; x_wconf 76' lang='grc' dir='ltr'>καὶ</span> <span class='ocrx_word' id='word_1_302' title='bbox 2448 1841 2548 1905; x_wconf 84' lang='grc' dir='ltr'><strong>τὰς</strong></span> <span class='ocrx_word' id='word_1_303' title='bbox 2595 1841 2702 1894; x_wconf 79' lang='grc' dir='ltr'>ἀπὸ</span> <span class='ocrx_word' id='word_1_304' title='bbox 2747 1841 2841 1894; x_wconf 84' lang='grc' dir='ltr'>τοῦ</span> <span class='ocrx_word' id='word_1_305' title='bbox 2887 1841 3130 1911; x_wconf 82' lang='grc' dir='ltr'>Μαρτίου</span> <span class='ocrx_word' id='word_1_306' title='bbox 3179 1841 3340 1914; x_wconf 86' lang='grc' dir='ltr'>μέχρι</span> <span class='ocrx_word' id='word_1_307' title='bbox 3373 1841 3464 1894; x_wconf 56' lang='grc' dir='ltr'><strong>καί⁸</strong></span> <span class='ocrx_word' id='word_1_308' title='bbox 3501 1841 3624 1894; x_wconf 84' lang='grc' dir='ltr'>ὅλου</span> <span class='ocrx_word' id='word_1_309' title='bbox 3653 1842 3750 1895; x_wconf 83' lang='grc' dir='ltr'><strong>τοῦ</strong></span> 
     </span>
    </p>
   </div>
   <div class='ocr_carea' id='block_1_44' title="bbox 2173 1929 3748 2004">
    <p class='ocr_par' dir='ltr' id='par_1_44' title="bbox 2173 1929 3748 2004">
     <span class='ocr_line' id='line_1_44' title="bbox 2173 1929 3748 2004; baseline 0.001 -22"><span class='ocrx_word' id='word_1_310' title='bbox 2173 1931 2546 2004; x_wconf 84' lang='grc' dir='ltr'>Σεπτεμϐρίου</span> <span class='ocrx_word' id='word_1_311' title='bbox 2581 1930 2954 2001; x_wconf 83' lang='grc' dir='ltr'>συναγομένας</span> <span class='ocrx_word' id='word_1_312' title='bbox 2989 1931 3204 2002; x_wconf 86' lang='grc' dir='ltr'>ἡμέρας</span> <span class='ocrx_word' id='word_1_313' title='bbox 3233 1930 3298 1994; x_wconf 82' lang='grc' dir='ltr'><strong>ζ’,</strong></span> <span class='ocrx_word' id='word_1_314' title='bbox 3332 1931 3424 1984; x_wconf 65' lang='grc' dir='ltr'><strong>καὶ⁹</strong></span> <span class='ocrx_word' id='word_1_315' title='bbox 3456 1929 3564 1983; x_wconf 83' lang='grc' dir='ltr'><strong>τῶν</strong></span> <span class='ocrx_word' id='word_1_316' title='bbox 3593 1948 3748 2000; x_wconf 83' lang='grc' dir='ltr'>γενο-</span> 
     </span>
    </p>
   </div>
   <div class='ocr_carea' id='block_1_45' title="bbox 2165 2021 3746 2093">
    <p class='ocr_par' dir='ltr' id='par_1_45' title="bbox 2165 2021 3746 2093">
     <span class='ocr_line' id='line_1_45' title="bbox 2165 2021 3746 2093; baseline 0.001 -19"><span class='ocrx_word' id='word_1_317' title='bbox 2165 2021 2339 2091; x_wconf 84' lang='grc' dir='ltr'>μένων</span> <span class='ocrx_word' id='word_1_318' title='bbox 2370 2021 2504 2092; x_wconf 80' lang='grc' dir='ltr'>ὁμοῦ</span> <span class='ocrx_word' id='word_1_319' title='bbox 2543 2029 2622 2092; x_wconf 82' lang='grc' dir='ltr'>νη¹</span> <span class='ocrx_word' id='word_1_320' title='bbox 2663 2021 3024 2092; x_wconf 84' lang='grc' dir='ltr'>τριακοντάδα</span> <span class='ocrx_word' id='word_1_321' title='bbox 3065 2021 3374 2089; x_wconf 70' lang='grc' dir='ltr'>ἀφελόντες,</span> <span class='ocrx_word' id='word_1_322' title='bbox 3418 2021 3613 2092; x_wconf 77' lang='grc' dir='ltr'>ἔχομεν</span> <span class='ocrx_word' id='word_1_323' title='bbox 3645 2023 3746 2093; x_wconf 79' lang='grc' dir='ltr'>τὴν</span> 
     </span>
    </p>
   </div>
   <div class='ocr_carea' id='block_1_46' title="bbox 2165 2109 3745 2182">
    <p class='ocr_par' dir='ltr' id='par_1_46' title="bbox 2165 2109 3745 2182">
     <span class='ocr_line' id='line_1_46' title="bbox 2165 2109 3745 2182; baseline 0.001 -20"><span class='ocrx_word' id='word_1_324' title='bbox 2165 2109 2392 2181; x_wconf 82' lang='grc' dir='ltr'>σελήνην</span> <span class='ocrx_word' id='word_1_325' title='bbox 2447 2111 2587 2164; x_wconf 80' lang='grc' dir='ltr'>κατὰ</span> <span class='ocrx_word' id='word_1_326' title='bbox 2633 2111 2734 2182; x_wconf 77' lang='grc' dir='ltr'><strong>τὴν</strong></span> <span class='ocrx_word' id='word_1_327' title='bbox 2799 2110 3271 2182; x_wconf 82' lang='grc' dir='ltr'>προχειρισθεῑσαν</span> <span class='ocrx_word' id='word_1_328' title='bbox 3323 2113 3458 2182; x_wconf 87' lang='grc' dir='ltr'>ἡμῖν</span> <span class='ocrx_word' id='word_1_329' title='bbox 3509 2112 3745 2182; x_wconf 87' lang='grc' dir='ltr'>ἡμέραν,</span> 
     </span>
    </p>
   </div>
   <div class='ocr_carea' id='block_1_47' title="bbox 2160 2200 3746 2274">
    <p class='ocr_par' dir='ltr' id='par_1_47' title="bbox 2160 2200 3746 2274">
     <span class='ocr_line' id='line_1_47' title="bbox 2160 2200 3746 2274; baseline 0.002 -21"><span class='ocrx_word' id='word_1_330' title='bbox 2160 2201 2404 2254; x_wconf 87' lang='grc' dir='ltr'>τουτέστι</span> <span class='ocrx_word' id='word_1_331' title='bbox 2435 2200 2532 2272; x_wconf 80' lang='grc' dir='ltr'>τὴν</span> <span class='ocrx_word' id='word_1_332' title='bbox 2577 2207 2666 2266; x_wconf 80' lang='grc' dir='ltr'>κς¹</span> <span class='ocrx_word' id='word_1_333' title='bbox 2720 2201 2814 2254; x_wconf 80' lang='grc' dir='ltr'>τοῦ</span> <span class='ocrx_word' id='word_1_334' title='bbox 2879 2202 3142 2272; x_wconf 85' lang='grc' dir='ltr'>παρόντος</span> <span class='ocrx_word' id='word_1_335' title='bbox 3195 2201 3524 2273; x_wconf 89' lang='grc' dir='ltr'>Ὀκτωϐρίου</span> <span class='ocrx_word' id='word_1_336' title='bbox 3547 2243 3564 2266; x_wconf 90' lang='grc'><strong>,</strong></span> <span class='ocrx_word' id='word_1_337' title='bbox 3611 2205 3746 2274; x_wconf 85' lang='grc' dir='ltr'>ἡμε-</span> 
     </span>
    </p>
   </div>
   <div class='ocr_carea' id='block_1_48' title="bbox 2165 2287 2609 2362">
    <p class='ocr_par' dir='ltr' id='par_1_48' title="bbox 2165 2287 2609 2362">
     <span class='ocr_line' id='line_1_48' title="bbox 2165 2287 2609 2362; baseline 0.005 -18"><span class='ocrx_word' id='word_1_338' title='bbox 2165 2291 2270 2362; x_wconf 84' lang='grc' dir='ltr'><strong>ρῶν</strong></span> <span class='ocrx_word' id='word_1_339' title='bbox 2303 2287 2468 2345; x_wconf 77' lang='grc' dir='ltr'>οὖσαν</span> <span class='ocrx_word' id='word_1_340' title='bbox 2501 2299 2609 2362; x_wconf 83' lang='grc' dir='ltr'>κη’.</span> 
     </span>
    </p>
   </div>
   <div class='ocr_carea' id='block_1_49' title="bbox 2229 2382 3744 2455">
    <p class='ocr_par' dir='ltr' id='par_1_49' title="bbox 2229 2382 3744 2455">
     <span class='ocr_line' id='line_1_49' title="bbox 2229 2382 3744 2455; baseline 0.002 -19"><span class='ocrx_word' id='word_1_341' title='bbox 2229 2384 2337 2436; x_wconf 83' lang='grc' dir='ltr'>Καὶ</span> <span class='ocrx_word' id='word_1_342' title='bbox 2373 2383 2532 2436; x_wconf 81' lang='grc' dir='ltr'>τοῦτο</span> <span class='ocrx_word' id='word_1_343' title='bbox 2569 2383 2614 2436; x_wconf 87' lang='grc' dir='ltr'>δ’</span> <span class='ocrx_word' id='word_1_344' title='bbox 2637 2384 2738 2435; x_wconf 80' lang='grc' dir='ltr'><strong>οὑκ</strong></span> <span class='ocrx_word' id='word_1_345' title='bbox 2769 2382 2988 2437; x_wconf 79' lang='grc' dir='ltr'>εὓκολον</span> <span class='ocrx_word' id='word_1_346' title='bbox 3021 2384 3422 2455; x_wconf 86' lang='grc' dir='ltr'>παραδραμεῖν,</span> <span class='ocrx_word' id='word_1_347' title='bbox 3461 2385 3608 2448; x_wconf 86' lang='grc' dir='ltr'>τίνος</span> <span class='ocrx_word' id='word_1_348' title='bbox 3638 2385 3744 2455; x_wconf 82' lang='grc' dir='ltr'>χά-</span> 
     </span>
    </p>
   </div>
   <div class='ocr_carea' id='block_1_50' title="bbox 2163 2475 3742 2546">
    <p class='ocr_par' dir='ltr' id='par_1_50' title="bbox 2163 2475 3742 2546">
     <span class='ocr_line' id='line_1_50' title="bbox 2163 2475 3742 2546; baseline 0.002 -19"><span class='ocrx_word' id='word_1_349' title='bbox 2163 2491 2245 2545; x_wconf 89' lang='grc' dir='ltr'><strong>ριν</strong></span> <span class='ocrx_word' id='word_1_350' title='bbox 2275 2476 2374 2546; x_wconf 85' lang='grc' dir='ltr'><strong>τὴν</strong></span> <span class='ocrx_word' id='word_1_351' title='bbox 2401 2475 2510 2529; x_wconf 87' lang='grc' dir='ltr'><strong>τῶν</strong></span> <span class='ocrx_word' id='word_1_352' title='bbox 2537 2475 2757 2546; x_wconf 85' lang='grc' dir='ltr'>ἡμερῶν</span> <span class='ocrx_word' id='word_1_353' title='bbox 2797 2475 2956 2546; x_wconf 68' lang='grc' dir='ltr'>λῆψιν</span> <span class='ocrx_word' id='word_1_354' title='bbox 2988 2475 3089 2546; x_wconf 84' lang='grc' dir='ltr'><strong>τῆς</strong></span> <span class='ocrx_word' id='word_1_355' title='bbox 3123 2491 3180 2528; x_wconf 89' lang='grc' dir='ltr'><strong>τε</strong></span> <span class='ocrx_word' id='word_1_356' title='bbox 3223 2483 3272 2530; x_wconf 84' lang='grc' dir='ltr'>α’</span> <span class='ocrx_word' id='word_1_357' title='bbox 3311 2475 3376 2530; x_wconf 88' lang='lat' dir='ltr'><strong>S&quot;</strong></span> <span class='ocrx_word' id='word_1_358' title='bbox 3407 2477 3500 2529; x_wconf 78' lang='grc' dir='ltr'>καὶ</span> <span class='ocrx_word' id='word_1_359' title='bbox 3543 2477 3644 2542; x_wconf 83' lang='grc' dir='ltr'>τῆς</span> <span class='ocrx_word' id='word_1_360' title='bbox 3677 2477 3742 2530; x_wconf 82' lang='lat' dir='ltr'><strong>S&quot;</strong></span> 
     </span>
    </p>
   </div>
   <div class='ocr_carea' id='block_1_51' title="bbox 2165 2567 3742 2640">
    <p class='ocr_par' dir='ltr' id='par_1_51' title="bbox 2165 2567 3742 2640">
     <span class='ocr_line' id='line_1_51' title="bbox 2165 2567 3742 2640; baseline 0.001 -18"><span class='ocrx_word' id='word_1_361' title='bbox 2165 2567 2273 2622; x_wconf 82' lang='grc' dir='ltr'>ἀπὸ</span> <span class='ocrx_word' id='word_1_362' title='bbox 2299 2567 2393 2620; x_wconf 81' lang='grc' dir='ltr'>τοῦ</span> <span class='ocrx_word' id='word_1_363' title='bbox 2423 2567 2668 2640; x_wconf 82' lang='grc' dir='ltr'>Μαρτίου</span> <span class='ocrx_word' id='word_1_364' title='bbox 2695 2568 2977 2639; x_wconf 77' lang='grc' dir='ltr'>ἀρχόμεθα</span> <span class='ocrx_word' id='word_1_365' title='bbox 3016 2567 3333 2638; x_wconf 88' lang='grc' dir='ltr'>λαμϐάνειν,</span> <span class='ocrx_word' id='word_1_366' title='bbox 3371 2570 3468 2622; x_wconf 74' lang='grc' dir='ltr'><strong>καὶ</strong></span> <span class='ocrx_word' id='word_1_367' title='bbox 3503 2569 3604 2622; x_wconf 85' lang='grc' dir='ltr'><strong>οὐκ</strong></span> <span class='ocrx_word' id='word_1_368' title='bbox 3633 2569 3742 2623; x_wconf 84' lang='grc' dir='ltr'><strong>ἀπὸ</strong></span> 
     </span>
    </p>
   </div>
   <div class='ocr_carea' id='block_1_52' title="bbox 2154 2659 3740 2732">
    <p class='ocr_par' dir='ltr' id='par_1_52' title="bbox 2154 2659 3740 2732">
     <span class='ocr_line' id='line_1_52' title="bbox 2154 2659 3740 2732; baseline 0.002 -20"><span class='ocrx_word' id='word_1_369' title='bbox 2154 2659 2250 2714; x_wconf 72' lang='grc' dir='ltr'>τοῦ</span> <span class='ocrx_word' id='word_1_370' title='bbox 2283 2661 2628 2732; x_wconf 85' lang='grc' dir='ltr'>Ἰανουαρίου,</span> <span class='ocrx_word' id='word_1_371' title='bbox 2669 2659 2790 2714; x_wconf 85' lang='grc' dir='ltr'>καθ’</span> <span class='ocrx_word' id='word_1_372' title='bbox 2819 2660 2877 2714; x_wconf 86' lang='grc' dir='ltr'>ὃν</span> <span class='ocrx_word' id='word_1_373' title='bbox 2913 2661 3011 2732; x_wconf 85' lang='grc' dir='ltr'>τήν</span> <span class='ocrx_word' id='word_1_374' title='bbox 3040 2677 3100 2712; x_wconf 90' lang='grc' dir='ltr'><strong>τε</strong></span> <span class='ocrx_word' id='word_1_375' title='bbox 3147 2659 3319 2731; x_wconf 79' lang='grc' dir='ltr'>ἀρχὴν</span> <span class='ocrx_word' id='word_1_376' title='bbox 3347 2661 3456 2714; x_wconf 87' lang='grc' dir='ltr'><strong>τῶν</strong></span> <span class='ocrx_word' id='word_1_377' title='bbox 3491 2661 3740 2732; x_wconf 84' lang='grc' dir='ltr'>σεληνια-</span> 
     </span>
    </p>
   </div>
   <div class='ocr_carea' id='block_1_53' title="bbox 2155 2750 3734 2825">
    <p class='ocr_par' dir='ltr' id='par_1_53' title="bbox 2155 2750 3734 2825">
     <span class='ocr_line' id='line_1_53' title="bbox 2155 2750 3734 2825; baseline 0.001 -20"><span class='ocrx_word' id='word_1_378' title='bbox 2155 2751 2266 2806; x_wconf 85' lang='grc' dir='ltr'><strong>κῶν</strong></span> <span class='ocrx_word' id='word_1_379' title='bbox 2325 2750 2626 2821; x_wconf 80' lang='grc' dir='ltr'>ποιούμεθα</span> <span class='ocrx_word' id='word_1_380' title='bbox 2669 2751 2903 2816; x_wconf 88' lang='grc' dir='ltr'>κύκλων,</span> <span class='ocrx_word' id='word_1_381' title='bbox 2955 2753 3050 2806; x_wconf 78' lang='grc' dir='ltr'>καὶ</span> <span class='ocrx_word' id='word_1_382' title='bbox 3097 2753 3195 2825; x_wconf 79' lang='grc' dir='ltr'><strong>τὴν</strong></span> <span class='ocrx_word' id='word_1_383' title='bbox 3219 2753 3327 2807; x_wconf 88' lang='grc' dir='ltr'><strong>τῶν</strong></span> <span class='ocrx_word' id='word_1_384' title='bbox 3377 2753 3499 2807; x_wconf 86' lang='grc' dir='ltr'>κατ’</span> <span class='ocrx_word' id='word_1_385' title='bbox 3537 2755 3734 2816; x_wconf 76' lang='grc' dir='ltr'>αὐτοὺς</span> 
     </span>
    </p>
   </div>
   <div class='ocr_carea' id='block_1_54' title="bbox 2153 2839 3738 2914">
    <p class='ocr_par' dir='ltr' id='par_1_54' title="bbox 2153 2839 3738 2914">
     <span class='ocr_line' id='line_1_54' title="bbox 2153 2839 3738 2914; baseline 0.001 -19"><span class='ocrx_word' id='word_1_386' title='bbox 2153 2839 2407 2895; x_wconf 82' lang='grc' dir='ltr'>ἐπακτῶν</span> <span class='ocrx_word' id='word_1_387' title='bbox 2457 2841 2618 2912; x_wconf 79' lang='grc' dir='ltr'>λῆψιν</span> <span class='ocrx_word' id='word_1_388' title='bbox 2673 2841 2838 2912; x_wconf 82' lang='grc' dir='ltr'>(δοκεῖ</span> <span class='ocrx_word' id='word_1_389' title='bbox 2895 2841 3006 2914; x_wconf 85' lang='grc' dir='ltr'><strong>γὰρ</strong></span> <span class='ocrx_word' id='word_1_390' title='bbox 3063 2841 3298 2913; x_wconf 83' lang='grc' dir='ltr'>ἀπορίαν</span> <span class='ocrx_word' id='word_1_391' title='bbox 3345 2844 3594 2913; x_wconf 73' lang='grc' dir='ltr'>ἐμποιεῖν</span> <span class='ocrx_word' id='word_1_392' title='bbox 3641 2845 3738 2896; x_wconf 77' lang='grc' dir='ltr'>καὶ</span> 
     </span>
    </p>
   </div>
   <div class='ocr_carea' id='block_1_55' title="bbox 2149 2934 3739 3006">
    <p class='ocr_par' dir='ltr' id='par_1_55' title="bbox 2149 2934 3739 3006">
     <span class='ocr_line' id='line_1_55' title="bbox 2149 2934 3739 3006; baseline 0.001 -18"><span class='ocrx_word' id='word_1_393' title='bbox 2149 2935 2307 2988; x_wconf 82' lang='grc' dir='ltr'>τοῦτο</span> <span class='ocrx_word' id='word_1_394' title='bbox 2339 2937 2451 2997; x_wconf 86' lang='grc' dir='ltr'>τοῖς</span> <span class='ocrx_word' id='word_1_395' title='bbox 2477 2934 2844 3006; x_wconf 80' lang='grc' dir='ltr'>εἰρημένοις),</span> <span class='ocrx_word' id='word_1_396' title='bbox 2873 2934 2954 2988; x_wconf 82' lang='grc' dir='ltr'>ἐτι</span> <span class='ocrx_word' id='word_1_397' title='bbox 2995 2951 3054 2988; x_wconf 81' lang='grc' dir='ltr'><strong>τε</strong></span> <span class='ocrx_word' id='word_1_398' title='bbox 3099 2937 3193 2990; x_wconf 66' lang='grc' dir='ltr'><strong>καὶ¹</strong></span> <span class='ocrx_word' id='word_1_399' title='bbox 3237 2935 3305 2988; x_wconf 85' lang='grc' dir='ltr'><strong>δι’</strong></span> <span class='ocrx_word' id='word_1_400' title='bbox 3335 2937 3400 3006; x_wconf 81' lang='grc' dir='ltr'><strong>ἡν</strong></span> <span class='ocrx_word' id='word_1_401' title='bbox 3431 2935 3610 2990; x_wconf 75' lang='grc' dir='ltr'>αἰτίαν</span> <span class='ocrx_word' id='word_1_402' title='bbox 3635 2935 3739 3006; x_wconf 81' lang='grc' dir='ltr'><strong>τὴν</strong></span> 
     </span>
    </p>
   </div>
   <div class='ocr_carea' id='block_1_56' title="bbox 2151 3023 3298 3096">
    <p class='ocr_par' dir='ltr' id='par_1_56' title="bbox 2151 3023 3298 3096">
     <span class='ocr_line' id='line_1_56' title="bbox 2151 3023 3298 3096; baseline 0.002 -18"><span class='ocrx_word' id='word_1_403' title='bbox 2151 3024 2257 3078; x_wconf 88' lang='grc' dir='ltr'><strong>τῶν</strong></span> <span class='ocrx_word' id='word_1_404' title='bbox 2286 3023 2515 3095; x_wconf 87' lang='grc' dir='ltr'>ἡμερῶν</span> <span class='ocrx_word' id='word_1_405' title='bbox 2547 3024 2752 3078; x_wconf 87' lang='grc' dir='ltr'>τούτων</span> <span class='ocrx_word' id='word_1_406' title='bbox 2781 3024 3085 3096; x_wconf 85' lang='grc' dir='ltr'>ποιούμεθα</span> <span class='ocrx_word' id='word_1_407' title='bbox 3117 3025 3298 3096; x_wconf 75' lang='grc' dir='ltr'>λῆψιν.</span> 
     </span>
    </p>
   </div>
   <div class='ocr_carea' id='block_1_57' title="bbox 2221 3113 3737 3193">
    <p class='ocr_par' dir='ltr' id='par_1_57' title="bbox 2221 3113 3737 3193">
     <span class='ocr_line' id='line_1_57' title="bbox 2221 3113 3737 3193; baseline 0.002 -22"><span class='ocrx_word' id='word_1_408' title='bbox 2221 3119 2376 3171; x_wconf 84' lang='grc' dir='ltr'>Ἐστι</span> <span class='ocrx_word' id='word_1_409' title='bbox 2419 3119 2516 3189; x_wconf 84' lang='grc' dir='ltr'>μὲν</span> <span class='ocrx_word' id='word_1_410' title='bbox 2561 3113 2654 3172; x_wconf 80' lang='grc' dir='ltr'><strong>οὖν</strong></span> <span class='ocrx_word' id='word_1_411' title='bbox 2693 3119 2872 3188; x_wconf 85' lang='grc' dir='ltr'>δῆλον,</span> <span class='ocrx_word' id='word_1_412' title='bbox 2899 3119 2996 3186; x_wconf 83' lang='grc' dir='ltr'><strong>ὡς,</strong></span> <span class='ocrx_word' id='word_1_413' title='bbox 3039 3121 3163 3173; x_wconf 84' lang='grc' dir='ltr'>ἐπεὶ</span> <span class='ocrx_word' id='word_1_414' title='bbox 3201 3123 3230 3174; x_wconf 86' lang='grc' dir='ltr'><strong>ὁ</strong></span> <span class='ocrx_word' id='word_1_415' title='bbox 3273 3121 3586 3193; x_wconf 83' lang='grc' dir='ltr'>σεληνιακδς</span> <span class='ocrx_word' id='word_1_416' title='bbox 3629 3121 3737 3192; x_wconf 78' lang='grc' dir='ltr'>μὴν</span> 
     </span>
    </p>
   </div>
   <div class='ocr_carea' id='block_1_58' title="bbox 475 3189 2048 3292">
    <p class='ocr_par' dir='ltr' id='par_1_58' title="bbox 475 3189 2048 3262">
     <span class='ocr_line' id='line_1_58' title="bbox 475 3189 2048 3262; baseline -0.006 -9"><span class='ocrx_word' id='word_1_417' title='bbox 475 3197 670 3254; x_wconf 89' lang='lat' dir='ltr'><strong>diebus</strong></span> <span class='ocrx_word' id='word_1_418' title='bbox 698 3197 916 3252; x_wconf 88' lang='lat' dir='ltr'><strong>circiter</strong></span> <span class='ocrx_word' id='word_1_419' title='bbox 945 3203 1160 3251; x_wconf 83' lang='lat' dir='ltr'><strong>constat</strong></span> <span class='ocrx_word' id='word_1_420' title='bbox 1181 3207 1308 3247; x_wconf 74' lang='lat' dir='ltr'><strong>nix</strong></span> <span class='ocrx_word' id='word_1_421' title='bbox 1330 3191 1452 3262; x_wconf 69' lang='lat'><strong>1/2,</strong></span> <span class='ocrx_word' id='word_1_422' title='bbox 1479 3191 1754 3262; x_wconf 90' lang='lat' dir='ltr'><strong>sesquidie</strong></span> <span class='ocrx_word' id='word_1_423' title='bbox 1781 3189 2048 3245; x_wconf 74' lang='lat' dir='ltr'><strong>minorem</strong></span> 
     </span>
    </p>
   </div>
   <div class='ocr_carea' id='block_1_59' title="bbox 2152 3189 3736 3292">
    <p class='ocr_par' dir='ltr' id='par_1_59' title="bbox 2152 3189 3736 3288">
     <span class='ocr_line' id='line_1_59' title="bbox 2152 3189 3736 3288; baseline 0.003 -24"><span class='ocrx_word' id='word_1_424' title='bbox 2152 3209 2364 3281; x_wconf 82' lang='grc' dir='ltr'>ἡμέραν</span> <span class='ocrx_word' id='word_1_425' title='bbox 2409 3209 2492 3264; x_wconf 81' lang='grc' dir='ltr'>κθ¹</span> <span class='ocrx_word' id='word_1_426' title='bbox 2525 3210 2590 3265; x_wconf 89' lang='lat' dir='ltr'><strong>S&quot;</strong></span> <span class='ocrx_word' id='word_1_427' title='bbox 2612 3211 2838 3281; x_wconf 80' lang='grc' dir='ltr'>ἔγγιστα</span> <span class='ocrx_word' id='word_1_428' title='bbox 2885 3213 3150 3288; x_wconf 83' lang='grc' dir='ltr'>περιέχει,</span> <span class='ocrx_word' id='word_1_429' title='bbox 3195 3213 3302 3268; x_wconf 87' lang='grc' dir='ltr'><strong>τῶν</strong></span> <span class='ocrx_word' id='word_1_430' title='bbox 3351 3189 3453 3286; x_wconf 71' lang='grc' dir='ltr'><strong>μέν</strong></span> <span class='ocrx_word' id='word_1_431' title='bbox 3499 3189 3736 3286; x_wconf 79' lang='grc' dir='ltr'>ἐχόντων</span> 
     </span>
    </p>
   </div>
   <div class='ocr_carea' id='block_1_60' title="bbox 473 3281 2048 3358">
    <p class='ocr_par' dir='ltr' id='par_1_60' title="bbox 473 3281 2048 3358">
     <span class='ocr_line' id='line_1_60' title="bbox 473 3281 2048 3358; baseline -0.006 -12"><span class='ocrx_word' id='word_1_432' title='bbox 473 3290 543 3346; x_wconf 87' lang='lat' dir='ltr'><strong>iis</strong></span> <span class='ocrx_word' id='word_1_433' title='bbox 574 3305 724 3354; x_wconf 89' lang='lat' dir='ltr'><strong>esse,</strong></span> <span class='ocrx_word' id='word_1_434' title='bbox 757 3288 959 3358; x_wconf 91' lang='lat' dir='ltr'><strong>quibus</strong></span> <span class='ocrx_word' id='word_1_435' title='bbox 1005 3287 1122 3342; x_wconf 91' lang='lat' dir='ltr'><strong>dies</strong></span> <span class='ocrx_word' id='word_1_436' title='bbox 1175 3301 1303 3340; x_wconf 77' lang='lat' dir='ltr'><strong>xxxi</strong></span> <span class='ocrx_word' id='word_1_437' title='bbox 1351 3291 1708 3354; x_wconf 87' lang='lat' dir='ltr'><strong>competunt;</strong></span> <span class='ocrx_word' id='word_1_438' title='bbox 1763 3281 2048 3338; x_wconf 89' lang='lat' dir='ltr'><strong>dimidiato</strong></span> 
     </span>
    </p>
   </div>
   <div class='ocr_carea' id='block_1_61' title="bbox 471 3376 2050 3448">
    <p class='ocr_par' dir='ltr' id='par_1_61' title="bbox 471 3376 2050 3448">
     <span class='ocr_line' id='line_1_61' title="bbox 471 3376 2050 3448; baseline -0.004 -12"><span class='ocrx_word' id='word_1_439' title='bbox 471 3397 603 3438; x_wconf 78' lang='lat' dir='ltr'><strong>vero</strong></span> <span class='ocrx_word' id='word_1_440' title='bbox 633 3381 815 3437; x_wconf 90' lang='lat' dir='ltr'><strong>minus</strong></span> <span class='ocrx_word' id='word_1_441' title='bbox 846 3379 956 3434; x_wconf 86' lang='lat' dir='ltr'><strong>illis</strong></span> <span class='ocrx_word' id='word_1_442' title='bbox 998 3377 1236 3443; x_wconf 89' lang='lat' dir='ltr'><strong>habere,</strong></span> <span class='ocrx_word' id='word_1_443' title='bbox 1289 3377 1383 3448; x_wconf 93' lang='lat' dir='ltr'><strong>qui</strong></span> <span class='ocrx_word' id='word_1_444' title='bbox 1435 3376 1716 3432; x_wconf 86' lang='lat' dir='ltr'><strong>tricenarii</strong></span> <span class='ocrx_word' id='word_1_445' title='bbox 1769 3382 1936 3438; x_wconf 87' lang='lat' dir='ltr'><strong>sunt;</strong></span> <span class='ocrx_word' id='word_1_446' title='bbox 1985 3389 2050 3430; x_wconf 87' lang='lat' dir='ltr'><strong>ac</strong></span> 
     </span>
    </p>
   </div>
   <div class='ocr_carea' id='block_1_62' title="bbox 471 3466 2048 3544">
    <p class='ocr_par' dir='ltr' id='par_1_62' title="bbox 471 3466 2048 3544">
     <span class='ocr_line' id='line_1_62' title="bbox 471 3466 2048 3544; baseline -0.003 -20"><span class='ocrx_word' id='word_1_447' title='bbox 471 3481 760 3544; x_wconf 88' lang='lat' dir='ltr'><strong>propterea</strong></span> <span class='ocrx_word' id='word_1_448' title='bbox 793 3471 937 3525; x_wconf 89' lang='lat' dir='ltr'><strong>diem</strong></span> <span class='ocrx_word' id='word_1_449' title='bbox 971 3469 1124 3524; x_wconf 91' lang='lat' dir='ltr'><strong>illum</strong></span> <span class='ocrx_word' id='word_1_450' title='bbox 1157 3483 1280 3524; x_wconf 91' lang='lat' dir='ltr'><strong>cum</strong></span> <span class='ocrx_word' id='word_1_451' title='bbox 1317 3467 1544 3522; x_wconf 85' lang='lat' dir='ltr'><strong>dimidio</strong></span> <span class='ocrx_word' id='word_1_452' title='bbox 1565 3507 1580 3532; x_wconf 95' lang='lat'><strong>,</strong></span> <span class='ocrx_word' id='word_1_453' title='bbox 1631 3467 1718 3522; x_wconf 70' lang='lat' dir='ltr'><strong>vel</strong></span> <span class='ocrx_word' id='word_1_454' title='bbox 1761 3466 2048 3522; x_wconf 88' lang='lat' dir='ltr'><strong>dimidium</strong></span> 
     </span>
    </p>
   </div>
   <div class='ocr_carea' id='block_1_63' title="bbox 457 3556 2050 3631">
    <p class='ocr_par' dir='ltr' id='par_1_63' title="bbox 457 3556 2050 3631">
     <span class='ocr_line' id='line_1_63' title="bbox 457 3556 2050 3631; baseline -0.006 -12"><span class='ocrx_word' id='word_1_455' title='bbox 457 3565 681 3626; x_wconf 76' lang='lat' dir='ltr'><strong>solum,</strong></span> <span class='ocrx_word' id='word_1_456' title='bbox 729 3561 1070 3631; x_wconf 90' lang='lat' dir='ltr'><strong>insequentis</strong></span> <span class='ocrx_word' id='word_1_457' title='bbox 1111 3559 1316 3614; x_wconf 89' lang='lat' dir='ltr'><strong>mensis</strong></span> <span class='ocrx_word' id='word_1_458' title='bbox 1349 3558 1542 3614; x_wconf 89' lang='lat' dir='ltr'><strong>diebus</strong></span> <span class='ocrx_word' id='word_1_459' title='bbox 1565 3598 1580 3622; x_wconf 87' lang='lat'><strong>,</strong></span> <span class='ocrx_word' id='word_1_460' title='bbox 1618 3573 1791 3628; x_wconf 89' lang='lat' dir='ltr'><strong>usque</strong></span> <span class='ocrx_word' id='word_1_461' title='bbox 1823 3556 1892 3610; x_wconf 91' lang='lat' dir='ltr'><strong>ad</strong></span> <span class='ocrx_word' id='word_1_462' title='bbox 1923 3571 2050 3626; x_wconf 86' lang='lat' dir='ltr'><strong>pro-</strong></span> 
     </span>
    </p>
   </div>
   <div class='ocr_carea' id='block_1_64' title="bbox 473 3647 2048 3725">
    <p class='ocr_par' dir='ltr' id='par_1_64' title="bbox 473 3647 2048 3725">
     <span class='ocr_line' id='line_1_64' title="bbox 473 3647 2048 3725; baseline -0.001 -17"><span class='ocrx_word' id='word_1_463' title='bbox 473 3657 746 3725; x_wconf 84' lang='lat' dir='ltr'><strong>positum,</strong></span> <span class='ocrx_word' id='word_1_464' title='bbox 799 3653 1173 3722; x_wconf 82' lang='lat' dir='ltr'><strong>adjungimus.</strong></span> <span class='ocrx_word' id='word_1_465' title='bbox 1235 3649 1392 3716; x_wconf 84' lang='lat' dir='ltr'><strong>Quod</strong></span> <span class='ocrx_word' id='word_1_466' title='bbox 1445 3651 1588 3704; x_wconf 87' lang='lat' dir='ltr'><strong>idem</strong></span> <span class='ocrx_word' id='word_1_467' title='bbox 1641 3649 1698 3704; x_wconf 90' lang='lat' dir='ltr'><strong>in</strong></span> <span class='ocrx_word' id='word_1_468' title='bbox 1749 3647 2048 3706; x_wconf 88' lang='lat' dir='ltr'><strong>Februario</strong></span> 
     </span>
    </p>
   </div>
   <div class='ocr_carea' id='block_1_65' title="bbox 471 3740 2046 3816">
    <p class='ocr_par' dir='ltr' id='par_1_65' title="bbox 471 3740 2046 3816">
     <span class='ocr_line' id='line_1_65' title="bbox 471 3740 2046 3816; baseline -0.001 -20"><span class='ocrx_word' id='word_1_469' title='bbox 471 3760 688 3816; x_wconf 85' lang='lat' dir='ltr'><strong>quoque</strong></span> <span class='ocrx_word' id='word_1_470' title='bbox 716 3745 773 3797; x_wconf 86' lang='lat' dir='ltr'><strong>lit</strong></span> <span class='ocrx_word' id='word_1_471' title='bbox 809 3761 822 3808; x_wconf 92' lang='lat'>;</span> <span class='ocrx_word' id='word_1_472' title='bbox 859 3743 1017 3812; x_wconf 84' lang='lat' dir='ltr'><strong>cujus</strong></span> <span class='ocrx_word' id='word_1_473' title='bbox 1045 3741 1239 3797; x_wconf 87' lang='lat' dir='ltr'><strong>diebus</strong></span> <span class='ocrx_word' id='word_1_474' title='bbox 1274 3741 1603 3812; x_wconf 88' lang='lat' dir='ltr'><strong>sesquidiem</strong></span> <span class='ocrx_word' id='word_1_475' title='bbox 1637 3740 1888 3796; x_wconf 86' lang='lat' dir='ltr'><strong>addimus</strong></span> <span class='ocrx_word' id='word_1_476' title='bbox 1921 3755 2046 3796; x_wconf 87' lang='lat' dir='ltr'><strong>eum</strong></span> 
     </span>
    </p>
   </div>
   <div class='ocr_carea' id='block_1_66' title="bbox 471 3829 2046 3906">
    <p class='ocr_par' dir='ltr' id='par_1_66' title="bbox 471 3829 2046 3906">
     <span class='ocr_line' id='line_1_66' title="bbox 471 3829 2046 3906; baseline -0.001 -18"><span class='ocrx_word' id='word_1_477' title='bbox 471 3835 564 3906; x_wconf 90' lang='lat' dir='ltr'><strong>qui</strong></span> <span class='ocrx_word' id='word_1_478' title='bbox 599 3835 666 3888; x_wconf 86' lang='lat' dir='ltr'><strong>de</strong></span> <span class='ocrx_word' id='word_1_479' title='bbox 701 3831 966 3888; x_wconf 78' lang='lat' dir='ltr'><strong>Januario</strong></span> <span class='ocrx_word' id='word_1_480' title='bbox 1011 3833 1362 3903; x_wconf 87' lang='lat' dir='ltr'><strong>relinquitur.</strong></span> <span class='ocrx_word' id='word_1_481' title='bbox 1401 3831 1603 3888; x_wconf 78' lang='lat' dir='ltr'><strong>Verum</strong></span> <span class='ocrx_word' id='word_1_482' title='bbox 1639 3832 1766 3902; x_wconf 87' lang='lat' dir='ltr'><strong>quia</strong></span> <span class='ocrx_word' id='word_1_483' title='bbox 1799 3829 2046 3887; x_wconf 85' lang='lat' dir='ltr'><strong>Februa-</strong></span> 
     </span>
    </p>
   </div>
   <div class='ocr_carea' id='block_1_67' title="bbox 470 3922 2047 3996">
    <p class='ocr_par' dir='ltr' id='par_1_67' title="bbox 470 3922 2047 3996">
     <span class='ocr_line' id='line_1_67' title="bbox 470 3922 2047 3996; baseline -0.002 -17"><span class='ocrx_word' id='word_1_484' title='bbox 470 3927 591 3981; x_wconf 90' lang='lat' dir='ltr'><strong>rius</strong></span> <span class='ocrx_word' id='word_1_485' title='bbox 625 3925 787 3996; x_wconf 76' lang='lat'><strong>200</strong></span> <span class='ocrx_word' id='word_1_486' title='bbox 819 3933 947 3979; x_wconf 91' lang='lat' dir='ltr'><strong>octo</strong></span> <span class='ocrx_word' id='word_1_487' title='bbox 979 3932 1032 3980; x_wconf 89' lang='lat' dir='ltr'><strong>et</strong></span> <span class='ocrx_word' id='word_1_488' title='bbox 1061 3924 1252 3995; x_wconf 76' lang='lat' dir='ltr'><strong>viginti</strong></span> <span class='ocrx_word' id='word_1_489' title='bbox 1287 3923 1408 3979; x_wconf 89' lang='lat' dir='ltr'><strong>dies</strong></span> <span class='ocrx_word' id='word_1_490' title='bbox 1440 3923 1680 3990; x_wconf 81' lang='lat' dir='ltr'><strong>habens,</strong></span> <span class='ocrx_word' id='word_1_491' title='bbox 1713 3922 2047 3994; x_wconf 86' lang='lat' dir='ltr'><strong>sesquidiem</strong></span> 
     </span>
    </p>
   </div>
   <div class='ocr_carea' id='block_1_68' title="bbox 469 4016 2049 4088">
    <p class='ocr_par' dir='ltr' id='par_1_68' title="bbox 469 4016 2049 4088">
     <span class='ocr_line' id='line_1_68' title="bbox 469 4016 2049 4088; baseline -0.003 -16"><span class='ocrx_word' id='word_1_492' title='bbox 469 4019 651 4088; x_wconf 88' lang='lat' dir='ltr'><strong>potius</strong></span> <span class='ocrx_word' id='word_1_493' title='bbox 707 4017 775 4072; x_wconf 89' lang='lat' dir='ltr'><strong>ab</strong></span> <span class='ocrx_word' id='word_1_494' title='bbox 828 4017 1004 4071; x_wconf 88' lang='lat' dir='ltr'><strong>lunari</strong></span> <span class='ocrx_word' id='word_1_495' title='bbox 1047 4031 1236 4072; x_wconf 88' lang='lat' dir='ltr'><strong>mense</strong></span> <span class='ocrx_word' id='word_1_496' title='bbox 1267 4017 1490 4082; x_wconf 87' lang='lat' dir='ltr'><strong>deficit;</strong></span> <span class='ocrx_word' id='word_1_497' title='bbox 1527 4016 1650 4071; x_wconf 92' lang='lat' dir='ltr'><strong>ideo</strong></span> <span class='ocrx_word' id='word_1_498' title='bbox 1699 4031 1824 4070; x_wconf 88' lang='lat' dir='ltr'><strong>cum</strong></span> <span class='ocrx_word' id='word_1_499' title='bbox 1855 4028 2049 4085; x_wconf 82' lang='lat' dir='ltr'><strong>super-</strong></span> 
     </span>
    </p>
   </div>
   <div class='ocr_carea' id='block_1_69' title="bbox 467 4103 2044 4176">
    <p class='ocr_par' dir='ltr' id='par_1_69' title="bbox 467 4103 2044 4176">
     <span class='ocr_line' id='line_1_69' title="bbox 467 4103 2044 4176; baseline -0.001 -14"><span class='ocrx_word' id='word_1_500' title='bbox 467 4109 611 4164; x_wconf 78' lang='lat' dir='ltr'><strong>fluus</strong></span> <span class='ocrx_word' id='word_1_501' title='bbox 641 4111 708 4164; x_wconf 91' lang='lat' dir='ltr'><strong>de</strong></span> <span class='ocrx_word' id='word_1_502' title='bbox 736 4107 998 4162; x_wconf 85' lang='lat' dir='ltr'><strong>Januario</strong></span> <span class='ocrx_word' id='word_1_503' title='bbox 1027 4107 1145 4163; x_wconf 90' lang='lat' dir='ltr'><strong>dies</strong></span> <span class='ocrx_word' id='word_1_504' title='bbox 1179 4123 1300 4162; x_wconf 89' lang='lat' dir='ltr'><strong>cum</strong></span> <span class='ocrx_word' id='word_1_505' title='bbox 1335 4107 1560 4162; x_wconf 92' lang='lat' dir='ltr'><strong>dimidio</strong></span> <span class='ocrx_word' id='word_1_506' title='bbox 1589 4105 1734 4176; x_wconf 91' lang='lat' dir='ltr'><strong>quod</strong></span> <span class='ocrx_word' id='word_1_507' title='bbox 1763 4106 1918 4162; x_wconf 88' lang='lat' dir='ltr'><strong>deest</strong></span> <span class='ocrx_word' id='word_1_508' title='bbox 1938 4103 2044 4160; x_wconf 84' lang='lat' dir='ltr'><strong>Fe-</strong></span> 
     </span>
    </p>
   </div>
   <div class='ocr_carea' id='block_1_70' title="bbox 463 4197 2044 4269">
    <p class='ocr_par' dir='ltr' id='par_1_70' title="bbox 463 4197 2044 4269">
     <span class='ocr_line' id='line_1_70' title="bbox 463 4197 2044 4269; baseline -0.002 -16"><span class='ocrx_word' id='word_1_509' title='bbox 463 4199 688 4254; x_wconf 89' lang='lat' dir='ltr'><strong>bruario</strong></span> <span class='ocrx_word' id='word_1_510' title='bbox 719 4205 1034 4269; x_wconf 89' lang='lat' dir='ltr'><strong>compenset</strong></span> <span class='ocrx_word' id='word_1_511' title='bbox 1055 4239 1070 4263; x_wconf 97' lang='lat'><strong>,</strong></span> <span class='ocrx_word' id='word_1_512' title='bbox 1101 4199 1230 4252; x_wconf 85' lang='lat' dir='ltr'><strong>nihil</strong></span> <span class='ocrx_word' id='word_1_513' title='bbox 1262 4197 1328 4252; x_wconf 87' lang='lat' dir='ltr'><strong>ad</strong></span> <span class='ocrx_word' id='word_1_514' title='bbox 1359 4197 1536 4252; x_wconf 83' lang='lat' dir='ltr'><strong>Martii</strong></span> <span class='ocrx_word' id='word_1_515' title='bbox 1569 4197 1686 4253; x_wconf 90' lang='lat' dir='ltr'><strong>dies</strong></span> <span class='ocrx_word' id='word_1_516' title='bbox 1712 4197 1920 4254; x_wconf 85' lang='lat' dir='ltr'><strong>accedit</strong></span> <span class='ocrx_word' id='word_1_517' title='bbox 1946 4217 1958 4252; x_wconf 90' lang='lat'><strong>:</strong></span> <span class='ocrx_word' id='word_1_518' title='bbox 1991 4203 2044 4254; x_wconf 89' lang='lat' dir='ltr'><strong>et</strong></span> 
     </span>
    </p>
   </div>
   <div class='ocr_carea' id='block_1_71' title="bbox 467 4291 2040 4364">
    <p class='ocr_par' dir='ltr' id='par_1_71' title="bbox 467 4291 2040 4364">
     <span class='ocr_line' id='line_1_71' title="bbox 467 4291 2040 4364; baseline 0.003 -20"><span class='ocrx_word' id='word_1_519' title='bbox 467 4292 536 4348; x_wconf 89' lang='lat' dir='ltr'><strong>iis</strong></span> <span class='ocrx_word' id='word_1_520' title='bbox 566 4293 806 4348; x_wconf 79' lang='lat' dir='ltr'><strong>contenti</strong></span> <span class='ocrx_word' id='word_1_521' title='bbox 830 4300 1051 4362; x_wconf 88' lang='lat' dir='ltr'><strong>epactas</strong></span> <span class='ocrx_word' id='word_1_522' title='bbox 1087 4293 1236 4348; x_wconf 90' lang='lat' dir='ltr'><strong>solas</strong></span> <span class='ocrx_word' id='word_1_523' title='bbox 1265 4291 1334 4346; x_wconf 90' lang='lat' dir='ltr'><strong>ad</strong></span> <span class='ocrx_word' id='word_1_524' title='bbox 1365 4291 1418 4346; x_wconf 89' lang='lat' dir='ltr'><strong>id</strong></span> <span class='ocrx_word' id='word_1_525' title='bbox 1448 4291 1865 4358; x_wconf 79' lang='lat' dir='ltr'><strong>inveniendum,</strong></span> <span class='ocrx_word' id='word_1_526' title='bbox 1895 4292 2040 4364; x_wconf 89' lang='lat' dir='ltr'><strong>quod</strong></span> 
     </span>
    </p>
   </div>
   <div class='ocr_carea' id='block_1_72' title="bbox 467 4383 2043 4455">
    <p class='ocr_par' dir='ltr' id='par_1_72' title="bbox 467 4383 2043 4455">
     <span class='ocr_line' id='line_1_72' title="bbox 467 4383 2043 4455; baseline 0.003 -20"><span class='ocrx_word' id='word_1_527' title='bbox 467 4383 748 4450; x_wconf 73' lang='lat' dir='ltr'><strong>quaeritur.</strong></span> <span class='ocrx_word' id='word_1_528' title='bbox 769 4383 1245 4438; x_wconf 81' lang='lat' dir='ltr'><strong>accommodamus</strong></span> <span class='ocrx_word' id='word_1_529' title='bbox 1263 4401 1277 4449; x_wconf 84' lang='lat'><strong>;</strong></span> <span class='ocrx_word' id='word_1_530' title='bbox 1297 4391 1420 4454; x_wconf 90' lang='lat' dir='ltr'><strong>post</strong></span> <span class='ocrx_word' id='word_1_531' title='bbox 1437 4383 1686 4438; x_wconf 85' lang='lat' dir='ltr'><strong>Martium</strong></span> <span class='ocrx_word' id='word_1_532' title='bbox 1703 4398 1768 4438; x_wconf 91' lang='lat' dir='ltr'><strong>ac</strong></span> <span class='ocrx_word' id='word_1_533' title='bbox 1785 4383 2043 4455; x_wconf 83' lang='lat' dir='ltr'><strong>deinceps</strong></span> 
     </span>
    </p>
   </div>
   <div class='ocr_carea' id='block_1_73' title="bbox 465 4471 2040 4546">
    <p class='ocr_par' dir='ltr' id='par_1_73' title="bbox 465 4471 2040 4546">
     <span class='ocr_line' id='line_1_73' title="bbox 465 4471 2040 4546; baseline 0.003 -21"><span class='ocrx_word' id='word_1_534' title='bbox 465 4471 524 4525; x_wconf 86' lang='lat' dir='ltr'><strong>lit</strong></span> <span class='ocrx_word' id='word_1_535' title='bbox 581 4471 751 4536; x_wconf 93' lang='lat' dir='ltr'><strong>illud,</strong></span> <span class='ocrx_word' id='word_1_536' title='bbox 802 4473 950 4541; x_wconf 90' lang='lat' dir='ltr'><strong>quod</strong></span> <span class='ocrx_word' id='word_1_537' title='bbox 1005 4481 1168 4527; x_wconf 90' lang='lat' dir='ltr'><strong>antea</strong></span> <span class='ocrx_word' id='word_1_538' title='bbox 1225 4473 1684 4544; x_wconf 65' lang='lat' dir='ltr'><strong>praiscripsimus.</strong></span> <span class='ocrx_word' id='word_1_539' title='bbox 1739 4473 1853 4530; x_wconf 89' lang='lat' dir='ltr'><strong>Hoc</strong></span> <span class='ocrx_word' id='word_1_540' title='bbox 1907 4489 2040 4546; x_wconf 75' lang='lat' dir='ltr'><strong>ergo</strong></span> 
     </span>
    </p>
   </div>
   <div class='ocr_carea' id='block_1_74' title="bbox 2153 3301 3734 3378">
    <p class='ocr_par' dir='ltr' id='par_1_74' title="bbox 2153 3301 3734 3378">
     <span class='ocr_line' id='line_1_74' title="bbox 2153 3301 3734 3378; baseline 0.003 -23"><span class='ocrx_word' id='word_1_541' title='bbox 2153 3301 2234 3356; x_wconf 87' lang='grc' dir='ltr'>λα’</span> <span class='ocrx_word' id='word_1_542' title='bbox 2261 3303 2474 3376; x_wconf 86' lang='grc' dir='ltr'>ἡμέρας</span> <span class='ocrx_word' id='word_1_543' title='bbox 2505 3305 2711 3376; x_wconf 84' lang='grc' dir='ltr'>μηνῶν,</span> <span class='ocrx_word' id='word_1_544' title='bbox 2747 3307 2846 3377; x_wconf 84' lang='grc' dir='ltr'>μιᾷ</span> <span class='ocrx_word' id='word_1_545' title='bbox 2869 3307 2964 3360; x_wconf 77' lang='grc' dir='ltr'>καὶ</span> <span class='ocrx_word' id='word_1_546' title='bbox 3010 3305 3074 3360; x_wconf 88' lang='lat' dir='ltr'><strong>S&quot;</strong></span> <span class='ocrx_word' id='word_1_547' title='bbox 3103 3305 3288 3378; x_wconf 75' lang='grc' dir='ltr'>ἡμέρα</span> <span class='ocrx_word' id='word_1_548' title='bbox 3329 3307 3592 3370; x_wconf 83' lang='grc' dir='ltr'>λείπεται,</span> <span class='ocrx_word' id='word_1_549' title='bbox 3623 3307 3734 3360; x_wconf 84' lang='grc' dir='ltr'><strong>τῶν</strong></span> 
     </span>
    </p>
   </div>
   <div class='ocr_carea' id='block_1_75' title="bbox 2150 3395 3734 3470">
    <p class='ocr_par' dir='ltr' id='par_1_75' title="bbox 2150 3395 3734 3470">
     <span class='ocr_line' id='line_1_75' title="bbox 2150 3395 3734 3470; baseline 0.001 -22"><span class='ocrx_word' id='word_1_550' title='bbox 2150 3395 2208 3448; x_wconf 83' lang='grc' dir='ltr'><strong>δὲ</strong></span> <span class='ocrx_word' id='word_1_551' title='bbox 2251 3395 2318 3458; x_wconf 84' lang='grc' dir='ltr'>λ’,</span> <span class='ocrx_word' id='word_1_552' title='bbox 2352 3395 2450 3450; x_wconf 74' lang='lat' dir='ltr'><strong>S&#39;“</strong></span> <span class='ocrx_word' id='word_1_553' title='bbox 2491 3395 2586 3450; x_wconf 82' lang='grc' dir='ltr'>καὶ</span> <span class='ocrx_word' id='word_1_554' title='bbox 2623 3397 2712 3450; x_wconf 84' lang='grc' dir='ltr'>διὰ</span> <span class='ocrx_word' id='word_1_555' title='bbox 2755 3397 2914 3450; x_wconf 81' lang='grc' dir='ltr'>τοῦτο</span> <span class='ocrx_word' id='word_1_556' title='bbox 2951 3395 3049 3468; x_wconf 80' lang='grc' dir='ltr'><strong>τὴν</strong></span> <span class='ocrx_word' id='word_1_557' title='bbox 3092 3397 3486 3468; x_wconf 82' lang='grc' dir='ltr'>λοιπαζομένην</span> <span class='ocrx_word' id='word_1_558' title='bbox 3525 3397 3734 3470; x_wconf 88' lang='grc' dir='ltr'>ταύτην</span> 
     </span>
    </p>
   </div>
   <div class='ocr_carea' id='block_1_76' title="bbox 2151 3485 3732 3560">
    <p class='ocr_par' dir='ltr' id='par_1_76' title="bbox 2151 3485 3732 3560">
     <span class='ocr_line' id='line_1_76' title="bbox 2151 3485 3732 3560; baseline 0.003 -22"><span class='ocrx_word' id='word_1_559' title='bbox 2151 3491 2199 3538; x_wconf 85' lang='grc' dir='ltr'>α’</span> <span class='ocrx_word' id='word_1_560' title='bbox 2235 3485 2378 3556; x_wconf 75' lang='grc' dir='ltr'><strong>δ”,ἢ</strong></span> <span class='ocrx_word' id='word_1_561' title='bbox 2411 3485 2477 3541; x_wconf 88' lang='lat' dir='ltr'><strong>S&quot;</strong></span> <span class='ocrx_word' id='word_1_562' title='bbox 2503 3487 2719 3560; x_wconf 79' lang='grc' dir='ltr'>ἡμέραν</span> <span class='ocrx_word' id='word_1_563' title='bbox 2753 3491 2874 3552; x_wconf 80' lang='grc' dir='ltr'>ταῖς</span> <span class='ocrx_word' id='word_1_564' title='bbox 2917 3487 3010 3542; x_wconf 84' lang='grc' dir='ltr'>τοῦ</span> <span class='ocrx_word' id='word_1_565' title='bbox 3053 3487 3252 3559; x_wconf 80' lang='grc' dir='ltr'>ἐφεξῆς</span> <span class='ocrx_word' id='word_1_566' title='bbox 3287 3488 3454 3560; x_wconf 81' lang='grc' dir='ltr'>μηνὸς</span> <span class='ocrx_word' id='word_1_567' title='bbox 3493 3489 3732 3560; x_wconf 88' lang='grc' dir='ltr'>ἡμέραις</span> 
     </span>
    </p>
   </div>
   <div class='ocr_carea' id='block_1_77' title="bbox 2149 3577 3732 3650">
    <p class='ocr_par' dir='ltr' id='par_1_77' title="bbox 2149 3577 3732 3650">
     <span class='ocr_line' id='line_1_77' title="bbox 2149 3577 3732 3650; baseline 0.002 -19"><span class='ocrx_word' id='word_1_568' title='bbox 2149 3577 2276 3650; x_wconf 78' lang='grc' dir='ltr'>ἄχρι</span> <span class='ocrx_word' id='word_1_569' title='bbox 2333 3581 2427 3632; x_wconf 79' lang='grc' dir='ltr'>καὶ</span> <span class='ocrx_word' id='word_1_570' title='bbox 2469 3579 2570 3650; x_wconf 82' lang='grc' dir='ltr'>τῆς</span> <span class='ocrx_word' id='word_1_571' title='bbox 2613 3579 2952 3650; x_wconf 83' lang='grc' dir='ltr'>ζητουμένης</span> <span class='ocrx_word' id='word_1_572' title='bbox 3005 3579 3344 3650; x_wconf 83' lang='grc' dir='ltr'>συντίθεμεν.</span> <span class='ocrx_word' id='word_1_573' title='bbox 3407 3580 3518 3633; x_wconf 80' lang='grc' dir='ltr'><strong>Καὶ</strong></span> <span class='ocrx_word' id='word_1_574' title='bbox 3571 3579 3732 3634; x_wconf 81' lang='grc' dir='ltr'>τοῦτο</span> 
     </span>
    </p>
   </div>
   <div class='ocr_carea' id='block_1_78' title="bbox 2148 3669 3733 3744">
    <p class='ocr_par' dir='ltr' id='par_1_78' title="bbox 2148 3669 3733 3744">
     <span class='ocr_line' id='line_1_78' title="bbox 2148 3669 3733 3744; baseline 0.003 -22"><span class='ocrx_word' id='word_1_575' title='bbox 2148 3669 2192 3722; x_wconf 85' lang='grc' dir='ltr'><strong>δ’</strong></span> <span class='ocrx_word' id='word_1_576' title='bbox 2217 3669 2417 3740; x_wconf 81' lang='grc' dir='ltr'>ὁμοίως</span> <span class='ocrx_word' id='word_1_577' title='bbox 2437 3671 2540 3724; x_wconf 85' lang='grc' dir='ltr'><strong>κάν</strong></span> <span class='ocrx_word' id='word_1_578' title='bbox 2575 3669 2654 3738; x_wconf 83' lang='grc' dir='ltr'>τῷ</span> <span class='ocrx_word' id='word_1_579' title='bbox 2675 3670 3020 3742; x_wconf 78' lang='grc' dir='ltr'>Φεϐρουαρίῳ</span> <span class='ocrx_word' id='word_1_580' title='bbox 3045 3671 3325 3744; x_wconf 84' lang='grc' dir='ltr'>ποιοῦμεν,</span> <span class='ocrx_word' id='word_1_581' title='bbox 3353 3671 3452 3742; x_wconf 81' lang='grc' dir='ltr'>τὴν</span> <span class='ocrx_word' id='word_1_582' title='bbox 3479 3671 3733 3736; x_wconf 79' lang='grc' dir='ltr'>λοιπαζο-</span> 
     </span>
    </p>
   </div>
   <div class='ocr_carea' id='block_1_79' title="bbox 2152 3759 3732 3835">
    <p class='ocr_par' dir='ltr' id='par_1_79' title="bbox 2152 3759 3732 3835">
     <span class='ocr_line' id='line_1_79' title="bbox 2152 3759 3732 3835; baseline 0.002 -22"><span class='ocrx_word' id='word_1_583' title='bbox 2152 3759 2318 3831; x_wconf 87' lang='grc' dir='ltr'>μένην</span> <span class='ocrx_word' id='word_1_584' title='bbox 2348 3763 2406 3814; x_wconf 85' lang='grc' dir='ltr'><strong>ἐν</strong></span> <span class='ocrx_word' id='word_1_585' title='bbox 2431 3762 2510 3830; x_wconf 83' lang='grc' dir='ltr'>τῷ</span> <span class='ocrx_word' id='word_1_586' title='bbox 2545 3763 2857 3833; x_wconf 80' lang='grc' dir='ltr'>Ἰανουαρίῳ</span> <span class='ocrx_word' id='word_1_587' title='bbox 2890 3769 2937 3816; x_wconf 88' lang='grc' dir='ltr'>α’</span> <span class='ocrx_word' id='word_1_588' title='bbox 2969 3761 3033 3816; x_wconf 88' lang='lat' dir='ltr'><strong>S&quot;</strong></span> <span class='ocrx_word' id='word_1_589' title='bbox 3073 3763 3286 3835; x_wconf 90' lang='grc' dir='ltr'>ἡμέραν</span> <span class='ocrx_word' id='word_1_590' title='bbox 3327 3765 3448 3827; x_wconf 84' lang='grc' dir='ltr'>ταῖς</span> <span class='ocrx_word' id='word_1_591' title='bbox 3494 3763 3588 3817; x_wconf 81' lang='grc' dir='ltr'>τοῦ</span> <span class='ocrx_word' id='word_1_592' title='bbox 3625 3765 3732 3817; x_wconf 77' lang='grc' dir='ltr'><strong>Φε-</strong></span> 
     </span>
    </p>
   </div>
   <div class='ocr_carea' id='block_1_80' title="bbox 2149 3851 3729 3926">
    <p class='ocr_par' dir='ltr' id='par_1_80' title="bbox 2149 3851 3729 3926">
     <span class='ocr_line' id='line_1_80' title="bbox 2149 3851 3729 3926; baseline 0.004 -24"><span class='ocrx_word' id='word_1_593' title='bbox 2149 3851 2439 3923; x_wconf 84' lang='grc' dir='ltr'>ϐρουαρίου</span> <span class='ocrx_word' id='word_1_594' title='bbox 2471 3853 2870 3925; x_wconf 85' lang='grc' dir='ltr'>προστιθέντες.</span> <span class='ocrx_word' id='word_1_595' title='bbox 2910 3851 3047 3906; x_wconf 77' lang='grc' dir='ltr'>Ἀλλ’</span> <span class='ocrx_word' id='word_1_596' title='bbox 3073 3853 3260 3925; x_wconf 84' lang='grc' dir='ltr'>ἐπειδὴ</span> <span class='ocrx_word' id='word_1_597' title='bbox 3287 3855 3316 3907; x_wconf 85' lang='grc' dir='ltr'>ὁ</span> <span class='ocrx_word' id='word_1_598' title='bbox 3341 3853 3729 3926; x_wconf 75' lang='grc' dir='ltr'>Φεϐρουάριος,</span> 
     </span>
    </p>
   </div>
   <div class='ocr_carea' id='block_1_81' title="bbox 2149 3941 3728 4017">
    <p class='ocr_par' dir='ltr' id='par_1_81' title="bbox 2149 3941 3728 4017">
     <span class='ocr_line' id='line_1_81' title="bbox 2149 3941 3728 4017; baseline 0.004 -20"><span class='ocrx_word' id='word_1_599' title='bbox 2149 3951 2236 4015; x_wconf 86' lang='grc' dir='ltr'>κη’</span> <span class='ocrx_word' id='word_1_600' title='bbox 2293 3945 2514 4015; x_wconf 85' lang='grc' dir='ltr'>ἡμερῶν</span> <span class='ocrx_word' id='word_1_601' title='bbox 2561 3945 2819 4016; x_wconf 78' lang='grc' dir='ltr'>ὑπάρχων</span> <span class='ocrx_word' id='word_1_602' title='bbox 2839 3985 2852 4006; x_wconf 86' lang='grc'><strong>,</strong></span> <span class='ocrx_word' id='word_1_603' title='bbox 2892 3943 3140 4000; x_wconf 86' lang='grc' dir='ltr'>λείπεται</span> <span class='ocrx_word' id='word_1_604' title='bbox 3204 3947 3400 4017; x_wconf 79' lang='grc' dir='ltr'>μᾶλλον</span> <span class='ocrx_word' id='word_1_605' title='bbox 3441 3941 3596 4012; x_wconf 77' lang='grc' dir='ltr'>οὗτος</span> <span class='ocrx_word' id='word_1_606' title='bbox 3631 3947 3728 4003; x_wconf 79' lang='grc' dir='ltr'>τοῦ</span> 
     </span>
    </p>
   </div>
   <div class='ocr_carea' id='block_1_82' title="bbox 2149 4035 3727 4122">
    <p class='ocr_par' dir='ltr' id='par_1_82' title="bbox 2149 4035 3727 4122">
     <span class='ocr_line' id='line_1_82' title="bbox 2149 4035 3727 4122; baseline 0.004 -35"><span class='ocrx_word' id='word_1_607' title='bbox 2149 4035 2468 4104; x_wconf 80' lang='grc' dir='ltr'>σεληνιακοῦ</span> <span class='ocrx_word' id='word_1_608' title='bbox 2493 4035 2661 4106; x_wconf 81' lang='grc' dir='ltr'>μηνὸς</span> <span class='ocrx_word' id='word_1_609' title='bbox 2687 4037 2873 4108; x_wconf 80' lang='grc' dir='ltr'>ἡμέρᾳ</span> <span class='ocrx_word' id='word_1_610' title='bbox 2895 4043 2944 4089; x_wconf 88' lang='grc' dir='ltr'>α’</span> <span class='ocrx_word' id='word_1_611' title='bbox 2972 4035 3056 4104; x_wconf 80' lang='lat' dir='ltr'><strong>S&quot;,</strong></span> <span class='ocrx_word' id='word_1_612' title='bbox 3089 4035 3178 4090; x_wconf 84' lang='grc' dir='ltr'>διά</span> <span class='ocrx_word' id='word_1_613' title='bbox 3197 4037 3352 4122; x_wconf 62' lang='grc' dir='ltr'><strong>τοῦηο</strong></span> <span class='ocrx_word' id='word_1_614' title='bbox 3371 4038 3470 4108; x_wconf 83' lang='grc' dir='ltr'>τῆς</span> <span class='ocrx_word' id='word_1_615' title='bbox 3487 4037 3582 4092; x_wconf 84' lang='grc' dir='ltr'>τοῦ</span> <span class='ocrx_word' id='word_1_616' title='bbox 3618 4040 3727 4093; x_wconf 82' lang='grc' dir='ltr'><strong>Ἰα-</strong></span> 
     </span>
    </p>
   </div>
   <div class='ocr_carea' id='block_1_83' title="bbox 2145 4126 3726 4201">
    <p class='ocr_par' dir='ltr' id='par_1_83' title="bbox 2145 4126 3726 4201">
     <span class='ocr_line' id='line_1_83' title="bbox 2145 4126 3726 4201; baseline 0.003 -23"><span class='ocrx_word' id='word_1_617' title='bbox 2145 4126 2394 4198; x_wconf 89' lang='grc' dir='ltr'>νουαρίου</span> <span class='ocrx_word' id='word_1_618' title='bbox 2429 4127 2850 4200; x_wconf 76' lang='grc' dir='ltr'>περιττευούσης</span> <span class='ocrx_word' id='word_1_619' title='bbox 2895 4133 2942 4182; x_wconf 85' lang='grc' dir='ltr'>α’</span> <span class='ocrx_word' id='word_1_620' title='bbox 2981 4129 3074 4182; x_wconf 79' lang='grc' dir='ltr'><strong>καὶ</strong></span> <span class='ocrx_word' id='word_1_621' title='bbox 3111 4127 3174 4182; x_wconf 81' lang='lat' dir='ltr'><strong>S&quot;</strong></span> <span class='ocrx_word' id='word_1_622' title='bbox 3205 4129 3726 4201; x_wconf 84' lang='grc' dir='ltr'>άνταναπληρούσης</span> 
     </span>
    </p>
   </div>
   <div class='ocr_carea' id='block_1_84' title="bbox 2143 4216 3726 4288">
    <p class='ocr_par' dir='ltr' id='par_1_84' title="bbox 2143 4216 3726 4288">
     <span class='ocr_line' id='line_1_84' title="bbox 2143 4216 3726 4288; baseline -0.001 -19"><span class='ocrx_word' id='word_1_623' title='bbox 2143 4216 2242 4288; x_wconf 84' lang='grc' dir='ltr'><strong>τὴν</strong></span> <span class='ocrx_word' id='word_1_624' title='bbox 2275 4217 2370 4270; x_wconf 80' lang='grc' dir='ltr'>τοῦ</span> <span class='ocrx_word' id='word_1_625' title='bbox 2395 4217 2758 4288; x_wconf 76' lang='grc' dir='ltr'>Φεϐρουαρίου</span> <span class='ocrx_word' id='word_1_626' title='bbox 2787 4216 3148 4280; x_wconf 80' lang='grc' dir='ltr'>λοιπάζουσαν</span> <span class='ocrx_word' id='word_1_627' title='bbox 3167 4233 3179 4246; x_wconf 94' lang='grc'><strong>·</strong></span> <span class='ocrx_word' id='word_1_628' title='bbox 3207 4219 3328 4279; x_wconf 88' lang='grc' dir='ltr'>ταῖς</span> <span class='ocrx_word' id='word_1_629' title='bbox 3353 4216 3447 4270; x_wconf 83' lang='grc' dir='ltr'>τοῦ</span> <span class='ocrx_word' id='word_1_630' title='bbox 3475 4217 3726 4288; x_wconf 85' lang='grc' dir='ltr'>Μαρτίου</span> 
     </span>
    </p>
   </div>
   <div class='ocr_carea' id='block_1_85' title="bbox 2143 4305 3727 4377">
    <p class='ocr_par' dir='ltr' id='par_1_85' title="bbox 2143 4305 3727 4377">
     <span class='ocr_line' id='line_1_85' title="bbox 2143 4305 3727 4377; baseline -0.001 -19"><span class='ocrx_word' id='word_1_631' title='bbox 2143 4305 2380 4376; x_wconf 87' lang='grc' dir='ltr'>ἡμέραις</span> <span class='ocrx_word' id='word_1_632' title='bbox 2411 4305 2562 4358; x_wconf 82' lang='grc' dir='ltr'>οὐδέν</span> <span class='ocrx_word' id='word_1_633' title='bbox 2601 4321 2652 4358; x_wconf 86' lang='grc' dir='ltr'><strong>τι</strong></span> <span class='ocrx_word' id='word_1_634' title='bbox 2695 4305 3090 4377; x_wconf 85' lang='grc' dir='ltr'>προστίθεμεν,</span> <span class='ocrx_word' id='word_1_635' title='bbox 3125 4305 3452 4376; x_wconf 83' lang='grc' dir='ltr'>ἀρκούμενοι</span> <span class='ocrx_word' id='word_1_636' title='bbox 3495 4305 3727 4370; x_wconf 85' lang='grc' dir='ltr'>ταύταις</span> 
     </span>
    </p>
   </div>
   <div class='ocr_carea' id='block_1_86' title="bbox 2145 4393 3722 4466">
    <p class='ocr_par' dir='ltr' id='par_1_86' title="bbox 2145 4393 3722 4466">
     <span class='ocr_line' id='line_1_86' title="bbox 2145 4393 3722 4466; baseline 0 -20"><span class='ocrx_word' id='word_1_637' title='bbox 2145 4393 2242 4447; x_wconf 84' lang='grc' dir='ltr'><strong>σὺν</strong></span> <span class='ocrx_word' id='word_1_638' title='bbox 2267 4397 2336 4464; x_wconf 77' lang='grc' dir='ltr'>τῇ</span> <span class='ocrx_word' id='word_1_639' title='bbox 2364 4393 2646 4466; x_wconf 81' lang='grc' dir='ltr'>προσθήκῃ</span> <span class='ocrx_word' id='word_1_640' title='bbox 2671 4393 2780 4448; x_wconf 86' lang='grc' dir='ltr'><strong>τῶν</strong></span> <span class='ocrx_word' id='word_1_641' title='bbox 2807 4393 3084 4457; x_wconf 86' lang='grc' dir='ltr'>ἐπακτῶν,</span> <span class='ocrx_word' id='word_1_642' title='bbox 3129 4395 3209 4456; x_wconf 85' lang='grc' dir='ltr'><strong>είς</strong></span> <span class='ocrx_word' id='word_1_643' title='bbox 3252 4393 3465 4464; x_wconf 77' lang='grc' dir='ltr'>εὕρεσιν</span> <span class='ocrx_word' id='word_1_644' title='bbox 3496 4393 3588 4446; x_wconf 86' lang='grc' dir='ltr'>τοῦ</span> <span class='ocrx_word' id='word_1_645' title='bbox 3619 4393 3722 4465; x_wconf 78' lang='grc' dir='ltr'><strong>ζη-</strong></span> 
     </span>
    </p>
   </div>
   <div class='ocr_carea' id='block_1_87' title="bbox 2141 4484 3719 4558">
    <p class='ocr_par' dir='ltr' id='par_1_87' title="bbox 2141 4484 3719 4558">
     <span class='ocr_line' id='line_1_87' title="bbox 2141 4484 3719 4558; baseline 0.001 -21"><span class='ocrx_word' id='word_1_646' title='bbox 2141 4485 2422 4556; x_wconf 89' lang='grc' dir='ltr'>τουμένου.</span> <span class='ocrx_word' id='word_1_647' title='bbox 2453 4486 2610 4540; x_wconf 84' lang='grc' dir='ltr'>Μετὰ</span> <span class='ocrx_word' id='word_1_648' title='bbox 2631 4486 2688 4538; x_wconf 80' lang='grc' dir='ltr'><strong>δὲ</strong></span> <span class='ocrx_word' id='word_1_649' title='bbox 2710 4487 2800 4540; x_wconf 87' lang='grc' dir='ltr'><strong>τὸν</strong></span> <span class='ocrx_word' id='word_1_650' title='bbox 2821 4487 3063 4558; x_wconf 83' lang='grc' dir='ltr'>Μάρτιον</span> <span class='ocrx_word' id='word_1_651' title='bbox 3093 4485 3187 4538; x_wconf 78' lang='grc' dir='ltr'><strong>καὶ</strong></span> <span class='ocrx_word' id='word_1_652' title='bbox 3211 4484 3408 4554; x_wconf 83' lang='grc' dir='ltr'>ἐφεξῆς</span> <span class='ocrx_word' id='word_1_653' title='bbox 3435 4485 3719 4555; x_wconf 83' lang='grc' dir='ltr'>ποιοῦμεν,</span> 
     </span>
    </p>
   </div>
   <div class='ocr_carea' id='block_1_88' title="bbox 461 4561 2048 4650">
    <p class='ocr_par' dir='ltr' id='par_1_88' title="bbox 461 4561 2032 4633">
     <span class='ocr_line' id='line_1_88' title="bbox 461 4561 2032 4633; baseline 0.004 -19"><span class='ocrx_word' id='word_1_654' title='bbox 461 4561 802 4617; x_wconf 71' lang='lat' dir='ltr'><strong>considerari</strong></span> <span class='ocrx_word' id='word_1_655' title='bbox 849 4561 1044 4628; x_wconf 91' lang='lat' dir='ltr'><strong>debet,</strong></span> <span class='ocrx_word' id='word_1_656' title='bbox 1093 4562 1400 4633; x_wconf 86' lang='lat' dir='ltr'><strong>superfluos</strong></span> <span class='ocrx_word' id='word_1_657' title='bbox 1450 4564 1585 4619; x_wconf 86' lang='lat' dir='ltr'><strong>istos</strong></span> <span class='ocrx_word' id='word_1_658' title='bbox 1635 4579 1667 4619; x_wconf 88' lang='lat' dir='ltr'><strong>a</strong></span> <span class='ocrx_word' id='word_1_659' title='bbox 1711 4561 1906 4620; x_wconf 83' lang='lat' dir='ltr'><strong>Martio</strong></span> <span class='ocrx_word' id='word_1_660' title='bbox 1963 4566 2032 4620; x_wconf 90' lang='lat' dir='ltr'><strong>ad</strong></span> 
     </span>
    </p>
   </div>
   <div class='ocr_carea' id='block_1_89' title="bbox 2152 4561 3719 4650">
    <p class='ocr_par' dir='ltr' id='par_1_89' title="bbox 2152 4571 3719 4650">
     <span class='ocr_line' id='line_1_89' title="bbox 2152 4571 3719 4650; baseline 0.003 -22"><span class='ocrx_word' id='word_1_661' title='bbox 2152 4575 2210 4640; x_wconf 73' lang='grc' dir='ltr'><strong>ὓς</strong></span> <span class='ocrx_word' id='word_1_662' title='bbox 2239 4576 2496 4647; x_wconf 82' lang='grc' dir='ltr'>ἀνωτέρω</span> <span class='ocrx_word' id='word_1_663' title='bbox 2517 4577 2853 4650; x_wconf 80' lang='grc' dir='ltr'>εἰρήκειμεν.</span> <span class='ocrx_word' id='word_1_664' title='bbox 2885 4575 3152 4630; x_wconf 85' lang='grc' dir='ltr'>Σκεπτέον</span> <span class='ocrx_word' id='word_1_665' title='bbox 3183 4573 3297 4640; x_wconf 79' lang='grc' dir='ltr'>οὖν,</span> <span class='ocrx_word' id='word_1_666' title='bbox 3327 4577 3408 4630; x_wconf 83' lang='grc' dir='ltr'>ὅτι</span> <span class='ocrx_word' id='word_1_667' title='bbox 3441 4577 3534 4630; x_wconf 76' lang='grc' dir='ltr'><strong>καὶ</strong></span> <span class='ocrx_word' id='word_1_668' title='bbox 3555 4571 3719 4632; x_wconf 75' lang='grc' dir='ltr'>αὗται</span> 
     </span>
    </p>
   </div>
   <div class='ocr_carea' id='block_1_90' title="bbox 461 4650 2033 4729">
    <p class='ocr_par' dir='ltr' id='par_1_90' title="bbox 461 4650 2033 4729">
     <span class='ocr_line' id='line_1_90' title="bbox 461 4650 2033 4729; baseline 0.006 -25"><span class='ocrx_word' id='word_1_669' title='bbox 461 4650 625 4705; x_wconf 83' lang='lat' dir='ltr'><strong>ﬁnem</strong></span> <span class='ocrx_word' id='word_1_670' title='bbox 679 4651 992 4708; x_wconf 88' lang='lat' dir='ltr'><strong>Decembris</strong></span> <span class='ocrx_word' id='word_1_671' title='bbox 1021 4669 1088 4708; x_wconf 81' lang='lat' dir='ltr'><strong>ex</strong></span> <span class='ocrx_word' id='word_1_672' title='bbox 1121 4669 1446 4726; x_wconf 89' lang='lat' dir='ltr'><strong>unoquoque</strong></span> <span class='ocrx_word' id='word_1_673' title='bbox 1489 4669 1678 4712; x_wconf 90' lang='lat' dir='ltr'><strong>mense</strong></span> <span class='ocrx_word' id='word_1_674' title='bbox 1715 4666 2033 4729; x_wconf 77' lang='lat' dir='ltr'><strong>corrogatos</strong></span> 
     </span>
    </p>
   </div>
   <div class='ocr_carea' id='block_1_91' title="bbox 459 4731 2032 4816">
    <p class='ocr_par' dir='ltr' id='par_1_91' title="bbox 459 4731 2032 4816">
     <span class='ocr_line' id='line_1_91' title="bbox 459 4731 2032 4816; baseline 0.006 -21"><span class='ocrx_word' id='word_1_675' title='bbox 459 4741 578 4796; x_wconf 90' lang='lat' dir='ltr'><strong>dies</strong></span> <span class='ocrx_word' id='word_1_676' title='bbox 609 4757 704 4813; x_wconf 89' lang='lat' dir='ltr'><strong>per</strong></span> <span class='ocrx_word' id='word_1_677' title='bbox 737 4759 792 4797; x_wconf 71' lang='lat' dir='ltr'><strong>xx</strong></span> <span class='ocrx_word' id='word_1_678' title='bbox 827 4745 1086 4800; x_wconf 89' lang='lat' dir='ltr'><strong>collectos</strong></span> <span class='ocrx_word' id='word_1_679' title='bbox 1133 4731 1355 4816; x_wconf 83' lang='lat' dir='ltr'><strong>epactas</strong></span> <span class='ocrx_word' id='word_1_680' title='bbox 1403 4745 1623 4803; x_wconf 90' lang='lat' dir='ltr'><strong>easdem</strong></span> <span class='ocrx_word' id='word_1_681' title='bbox 1677 4746 1858 4804; x_wconf 88' lang='lat' dir='ltr'><strong>facere</strong></span> <span class='ocrx_word' id='word_1_682' title='bbox 1905 4765 2032 4804; x_wconf 89' lang='lat' dir='ltr'><strong>cum</strong></span> 
     </span>
    </p>
   </div>
   <div class='ocr_carea' id='block_1_92' title="bbox 461 4831 2024 4903">
    <p class='ocr_par' dir='ltr' id='par_1_92' title="bbox 461 4831 2024 4903">
     <span class='ocr_line' id='line_1_92' title="bbox 461 4831 2024 4903; baseline 0.007 -19"><span class='ocrx_word' id='word_1_683' title='bbox 461 4831 530 4886; x_wconf 88' lang='lat' dir='ltr'><strong>iis</strong></span> <span class='ocrx_word' id='word_1_684' title='bbox 571 4847 690 4901; x_wconf 79' lang='lat' dir='ltr'><strong>quae</strong></span> <span class='ocrx_word' id='word_1_685' title='bbox 731 4833 1008 4890; x_wconf 87' lang='lat' dir='ltr'><strong>ducuntur</strong></span> <span class='ocrx_word' id='word_1_686' title='bbox 1049 4851 1079 4889; x_wconf 91' lang='lat' dir='ltr'><strong>a</strong></span> <span class='ocrx_word' id='word_1_687' title='bbox 1123 4835 1406 4893; x_wconf 88' lang='lat' dir='ltr'><strong>Januario.</strong></span> <span class='ocrx_word' id='word_1_688' title='bbox 1453 4838 1586 4903; x_wconf 84' lang='lat' dir='ltr'><strong>Quae</strong></span> <span class='ocrx_word' id='word_1_689' title='bbox 1627 4853 1752 4893; x_wconf 90' lang='lat' dir='ltr'><strong>cum</strong></span> <span class='ocrx_word' id='word_1_690' title='bbox 1807 4847 2024 4896; x_wconf 88' lang='lat' dir='ltr'><strong>antece-</strong></span> 
     </span>
    </p>
   </div>
   <div class='ocr_carea' id='block_1_93' title="bbox 459 4922 2031 5002">
    <p class='ocr_par' dir='ltr' id='par_1_93' title="bbox 459 4922 2031 5002">
     <span class='ocr_line' id='line_1_93' title="bbox 459 4922 2031 5002; baseline 0.008 -27"><span class='ocrx_word' id='word_1_691' title='bbox 459 4922 640 4978; x_wconf 84' lang='lat' dir='ltr'><strong>dentis</strong></span> <span class='ocrx_word' id='word_1_692' title='bbox 667 4924 804 4994; x_wconf 87' lang='lat' dir='ltr'><strong>cycli</strong></span> <span class='ocrx_word' id='word_1_693' title='bbox 834 4925 1045 4981; x_wconf 89' lang='lat' dir='ltr'><strong>lunaris</strong></span> <span class='ocrx_word' id='word_1_694' title='bbox 1074 4929 1281 4996; x_wconf 87' lang='lat' dir='ltr'><strong>epactis</strong></span> <span class='ocrx_word' id='word_1_695' title='bbox 1311 4927 1512 4984; x_wconf 71' lang='lat' dir='ltr'><strong>addita:</strong></span> <span class='ocrx_word' id='word_1_696' title='bbox 1539 4929 1778 4986; x_wconf 89' lang='lat' dir='ltr'><strong>ineuntis</strong></span> <span class='ocrx_word' id='word_1_697' title='bbox 1806 4939 2031 5002; x_wconf 88' lang='lat' dir='ltr'><strong>epactas</strong></span> 
     </span>
    </p>
   </div>
   <div class='ocr_carea' id='block_1_94' title="bbox 459 5015 938 5073">
    <p class='ocr_par' dir='ltr' id='par_1_94' title="bbox 459 5015 938 5073">
     <span class='ocr_line' id='line_1_94' title="bbox 459 5015 938 5073; baseline 0.013 -6"><span class='ocrx_word' id='word_1_698' title='bbox 459 5015 585 5068; x_wconf 83' lang='lat' dir='ltr'><strong>anni</strong></span> <span class='ocrx_word' id='word_1_699' title='bbox 621 5015 938 5073; x_wconf 88' lang='lat' dir='ltr'><strong>conficiunt.</strong></span> 
     </span>
    </p>
   </div>
   <div class='ocr_carea' id='block_1_95' title="bbox 1051 5109 1438 5166">
    <p class='ocr_par' dir='ltr' id='par_1_95' title="bbox 1051 5109 1438 5166">
     <span class='ocr_line' id='line_1_95' title="bbox 1051 5109 1438 5166; baseline 0.005 -4"><span class='ocrx_word' id='word_1_700' title='bbox 1051 5109 1124 5163; x_wconf 85' lang='lat' dir='ltr'><strong>De</strong></span> <span class='ocrx_word' id='word_1_701' title='bbox 1159 5111 1438 5166; x_wconf 80' lang='lat' dir='ltr'><strong>Paschate.</strong></span> 
     </span>
    </p>
   </div>
   <div class='ocr_carea' id='block_1_96' title="bbox 529 5195 2030 5274">
    <p class='ocr_par' dir='ltr' id='par_1_96' title="bbox 529 5195 2030 5274">
     <span class='ocr_line' id='line_1_96' title="bbox 529 5195 2030 5274; baseline 0.007 -26"><span class='ocrx_word' id='word_1_702' title='bbox 529 5195 596 5248; x_wconf 85' lang='lat' dir='ltr'><strong>X.</strong></span> <span class='ocrx_word' id='word_1_703' title='bbox 637 5195 734 5253; x_wconf 78' lang='lat' dir='ltr'><strong>llis</strong></span> <span class='ocrx_word' id='word_1_704' title='bbox 768 5201 1192 5267; x_wconf 85' lang='lat' dir='ltr'><strong>animadversis,</strong></span> <span class='ocrx_word' id='word_1_705' title='bbox 1227 5219 1348 5272; x_wconf 59' lang='lat' dir='ltr'><strong>quae</strong></span> <span class='ocrx_word' id='word_1_706' title='bbox 1379 5203 1448 5256; x_wconf 89' lang='lat' dir='ltr'><strong>ad</strong></span> <span class='ocrx_word' id='word_1_707' title='bbox 1481 5203 1614 5259; x_wconf 90' lang='lat' dir='ltr'><strong>solis</strong></span> <span class='ocrx_word' id='word_1_708' title='bbox 1661 5206 1911 5274; x_wconf 72' lang='lat' dir='ltr'><strong>lunaique</strong></span> <span class='ocrx_word' id='word_1_709' title='bbox 1939 5219 2030 5258; x_wconf 86' lang='lat' dir='ltr'><strong>ra-</strong></span> 
     </span>
    </p>
   </div>
   <div class='ocr_carea' id='block_1_97' title="bbox 456 5290 2031 5367">
    <p class='ocr_par' dir='ltr' id='par_1_97' title="bbox 456 5290 2031 5367">
     <span class='ocr_line' id='line_1_97' title="bbox 456 5290 2031 5367; baseline 0.005 -25"><span class='ocrx_word' id='word_1_710' title='bbox 456 5290 682 5344; x_wconf 85' lang='lat' dir='ltr'><strong>tiocinia</strong></span> <span class='ocrx_word' id='word_1_711' title='bbox 731 5293 1036 5361; x_wconf 87' lang='lat' dir='ltr'><strong>pertinent,</strong></span> <span class='ocrx_word' id='word_1_712' title='bbox 1095 5301 1150 5350; x_wconf 90' lang='lat' dir='ltr'><strong>et</strong></span> <span class='ocrx_word' id='word_1_713' title='bbox 1197 5295 1471 5365; x_wconf 90' lang='lat' dir='ltr'><strong>quomodo</strong></span> <span class='ocrx_word' id='word_1_714' title='bbox 1521 5297 1800 5366; x_wconf 91' lang='lat' dir='ltr'><strong>potuimus</strong></span> <span class='ocrx_word' id='word_1_715' title='bbox 1853 5299 2031 5367; x_wconf 74' lang='lat' dir='ltr'><strong>expli-</strong></span> 
     </span>
    </p>
   </div>
   <div class='ocr_carea' id='block_1_98' title="bbox 457 5383 2025 5459">
    <p class='ocr_par' dir='ltr' id='par_1_98' title="bbox 457 5383 2025 5459">
     <span class='ocr_line' id='line_1_98' title="bbox 457 5383 2025 5459; baseline 0.005 -24"><span class='ocrx_word' id='word_1_716' title='bbox 457 5383 594 5438; x_wconf 80' lang='lat' dir='ltr'><strong>catis</strong></span> <span class='ocrx_word' id='word_1_717' title='bbox 613 5425 626 5444; x_wconf 86' lang='lat'><strong>.</strong></span> <span class='ocrx_word' id='word_1_718' title='bbox 655 5385 722 5438; x_wconf 90' lang='lat' dir='ltr'><strong>de</strong></span> <span class='ocrx_word' id='word_1_719' title='bbox 747 5383 1012 5442; x_wconf 83' lang='lat' dir='ltr'><strong>Pascliate</strong></span> <span class='ocrx_word' id='word_1_720' title='bbox 1035 5389 1290 5459; x_wconf 84' lang='lat' dir='ltr'><strong>deinceps</strong></span> <span class='ocrx_word' id='word_1_721' title='bbox 1316 5403 1624 5444; x_wconf 86' lang='lat' dir='ltr'><strong>sermonem</strong></span> <span class='ocrx_word' id='word_1_722' title='bbox 1653 5391 2025 5446; x_wconf 89' lang='lat' dir='ltr'><strong>instituemus.</strong></span> 
     </span>
    </p>
   </div>
   <div class='ocr_carea' id='block_1_99' title="bbox 457 5473 2029 5552">
    <p class='ocr_par' dir='ltr' id='par_1_99' title="bbox 457 5473 2029 5552">
     <span class='ocr_line' id='line_1_99' title="bbox 457 5473 2029 5552; baseline 0.008 -27"><span class='ocrx_word' id='word_1_723' title='bbox 457 5473 630 5544; x_wconf 83' lang='lat' dir='ltr'><strong>Hujus</strong></span> <span class='ocrx_word' id='word_1_724' title='bbox 661 5479 804 5530; x_wconf 89' lang='lat' dir='ltr'><strong>enim</strong></span> <span class='ocrx_word' id='word_1_725' title='bbox 835 5479 1097 5534; x_wconf 88' lang='lat' dir='ltr'><strong>elementa</strong></span> <span class='ocrx_word' id='word_1_726' title='bbox 1143 5481 1249 5536; x_wconf 87' lang='lat' dir='ltr'><strong>ista</strong></span> <span class='ocrx_word' id='word_1_727' title='bbox 1300 5489 1464 5544; x_wconf 90' lang='lat' dir='ltr'><strong>sunt,</strong></span> <span class='ocrx_word' id='word_1_728' title='bbox 1520 5483 1780 5550; x_wconf 91' lang='lat' dir='ltr'><strong>quoniam</strong></span> <span class='ocrx_word' id='word_1_729' title='bbox 1827 5497 2029 5552; x_wconf 86' lang='lat' dir='ltr'><strong>propo-</strong></span> 
     </span>
    </p>
   </div>
   <div class='ocr_carea' id='block_1_100' title="bbox 455 5565 2026 5642">
    <p class='ocr_par' dir='ltr' id='par_1_100' title="bbox 455 5565 2026 5642">
     <span class='ocr_line' id='line_1_100' title="bbox 455 5565 2026 5642; baseline 0.005 -24"><span class='ocrx_word' id='word_1_730' title='bbox 455 5565 620 5618; x_wconf 82' lang='lat' dir='ltr'><strong>situm</strong></span> <span class='ocrx_word' id='word_1_731' title='bbox 665 5568 1016 5634; x_wconf 89' lang='lat' dir='ltr'><strong>laterculum,</strong></span> <span class='ocrx_word' id='word_1_732' title='bbox 1068 5571 1227 5639; x_wconf 87' lang='lat' dir='ltr'><strong>cujus</strong></span> <span class='ocrx_word' id='word_1_733' title='bbox 1275 5587 1378 5642; x_wconf 83' lang='lat' dir='ltr'><strong>Ope</strong></span> <span class='ocrx_word' id='word_1_734' title='bbox 1425 5571 1635 5626; x_wconf 88' lang='lat' dir='ltr'><strong>Pascha</strong></span> <span class='ocrx_word' id='word_1_735' title='bbox 1679 5573 1734 5626; x_wconf 91' lang='lat' dir='ltr'><strong>in</strong></span> <span class='ocrx_word' id='word_1_736' title='bbox 1773 5579 2026 5642; x_wconf 86' lang='lat' dir='ltr'><strong>promptu</strong></span> 
     </span>
    </p>
   </div>
   <div class='ocr_carea' id='block_1_101' title="bbox 457 5655 2026 5734">
    <p class='ocr_par' dir='ltr' id='par_1_101' title="bbox 457 5655 2026 5734">
     <span class='ocr_line' id='line_1_101' title="bbox 457 5655 2026 5734; baseline 0.008 -28"><span class='ocrx_word' id='word_1_737' title='bbox 457 5655 704 5722; x_wconf 81' lang='lat' dir='ltr'><strong>habetur,</strong></span> <span class='ocrx_word' id='word_1_738' title='bbox 735 5675 798 5713; x_wconf 82' lang='lat' dir='ltr'><strong>ex</strong></span> <span class='ocrx_word' id='word_1_739' title='bbox 829 5661 960 5716; x_wconf 89' lang='lat' dir='ltr'><strong>solis</strong></span> <span class='ocrx_word' id='word_1_740' title='bbox 1009 5671 1063 5716; x_wconf 87' lang='lat' dir='ltr'><strong>et</strong></span> <span class='ocrx_word' id='word_1_741' title='bbox 1103 5663 1243 5716; x_wconf 83' lang='lat' dir='ltr'><strong>lunae</strong></span> <span class='ocrx_word' id='word_1_742' title='bbox 1291 5664 1460 5734; x_wconf 81' lang='lat' dir='ltr'><strong>cyclis</strong></span> <span class='ocrx_word' id='word_1_743' title='bbox 1493 5663 1800 5719; x_wconf 88' lang='lat' dir='ltr'><strong>conficitur.</strong></span> <span class='ocrx_word' id='word_1_744' title='bbox 1831 5663 2026 5720; x_wconf 87' lang='lat' dir='ltr'><strong>Iisdem</strong></span> 
     </span>
    </p>
   </div>
   <div class='ocr_carea' id='block_1_102' title="bbox 457 5749 2026 5825">
    <p class='ocr_par' dir='ltr' id='par_1_102' title="bbox 457 5749 2026 5825">
     <span class='ocr_line' id='line_1_102' title="bbox 457 5749 2026 5825; baseline 0.01 -29"><span class='ocrx_word' id='word_1_745' title='bbox 457 5763 672 5817; x_wconf 85' lang='lat' dir='ltr'><strong>quoque</strong></span> <span class='ocrx_word' id='word_1_746' title='bbox 701 5749 988 5807; x_wconf 89' lang='lat' dir='ltr'><strong>methodus</strong></span> <span class='ocrx_word' id='word_1_747' title='bbox 1041 5763 1268 5824; x_wconf 90' lang='lat' dir='ltr'><strong>utraque</strong></span> <span class='ocrx_word' id='word_1_748' title='bbox 1321 5755 1530 5816; x_wconf 89' lang='lat' dir='ltr'><strong>nititur,</strong></span> <span class='ocrx_word' id='word_1_749' title='bbox 1581 5763 1692 5809; x_wconf 90' lang='lat' dir='ltr'><strong>tam</strong></span> <span class='ocrx_word' id='word_1_750' title='bbox 1739 5771 1860 5825; x_wconf 71' lang='lat' dir='ltr'><strong>quae</strong></span> <span class='ocrx_word' id='word_1_751' title='bbox 1901 5763 2026 5812; x_wconf 88' lang='lat' dir='ltr'><strong>ante</strong></span> 
     </span>
    </p>
   </div>
   <div class='ocr_carea' id='block_1_103' title="bbox 457 5841 1918 5918">
    <p class='ocr_par' dir='ltr' id='par_1_103' title="bbox 457 5841 1918 5918">
     <span class='ocr_line' id='line_1_103' title="bbox 457 5841 1918 5918; baseline 0.008 -27"><span class='ocrx_word' id='word_1_752' title='bbox 457 5855 557 5894; x_wconf 83' lang='lat' dir='ltr'><strong>nos</strong></span> <span class='ocrx_word' id='word_1_753' title='bbox 586 5841 828 5906; x_wconf 78' lang='lat' dir='ltr'><strong>exstitit,</strong></span> <span class='ocrx_word' id='word_1_754' title='bbox 859 5859 1020 5912; x_wconf 86' lang='lat' dir='ltr'><strong>quam</strong></span> <span class='ocrx_word' id='word_1_755' title='bbox 1050 5861 1170 5914; x_wconf 74' lang='lat' dir='ltr'><strong>quae</strong></span> <span class='ocrx_word' id='word_1_756' title='bbox 1201 5861 1232 5902; x_wconf 90' lang='lat' dir='ltr'><strong>a</strong></span> <span class='ocrx_word' id='word_1_757' title='bbox 1265 5847 1424 5903; x_wconf 87' lang='lat' dir='ltr'><strong>nobis</strong></span> <span class='ocrx_word' id='word_1_758' title='bbox 1455 5849 1762 5918; x_wconf 77' lang='lat' dir='ltr'><strong>excogitata</strong></span> <span class='ocrx_word' id='word_1_759' title='bbox 1795 5847 1918 5904; x_wconf 86' lang='lat' dir='ltr'><strong>fuit.</strong></span> 
     </span>
    </p>
   </div>
   <div class='ocr_carea' id='block_1_104' title="bbox 2135 4667 3718 4740">
    <p class='ocr_par' dir='ltr' id='par_1_104' title="bbox 2135 4667 3718 4740">
     <span class='ocr_line' id='line_1_104' title="bbox 2135 4667 3718 4740; baseline 0.002 -21"><span class='ocrx_word' id='word_1_760' title='bbox 2135 4667 2192 4719; x_wconf 86' lang='grc' dir='ltr'><strong>αί</strong></span> <span class='ocrx_word' id='word_1_761' title='bbox 2219 4667 2634 4738; x_wconf 85' lang='grc' dir='ltr'>περιττεύουσαι</span> <span class='ocrx_word' id='word_1_762' title='bbox 2670 4667 2790 4720; x_wconf 82' lang='grc' dir='ltr'>καθ’</span> <span class='ocrx_word' id='word_1_763' title='bbox 2819 4668 3049 4720; x_wconf 71' lang='grc' dir='ltr'>ἕκαστον</span> <span class='ocrx_word' id='word_1_764' title='bbox 3081 4667 3226 4738; x_wconf 85' lang='grc' dir='ltr'>μῆνα</span> <span class='ocrx_word' id='word_1_765' title='bbox 3267 4667 3376 4720; x_wconf 85' lang='grc' dir='ltr'>ἀπὸ</span> <span class='ocrx_word' id='word_1_766' title='bbox 3421 4667 3514 4720; x_wconf 82' lang='grc' dir='ltr'>τοῦ</span> <span class='ocrx_word' id='word_1_767' title='bbox 3564 4669 3718 4740; x_wconf 86' lang='grc' dir='ltr'>Μαρ-</span> 
     </span>
    </p>
   </div>
   <div class='ocr_carea' id='block_1_105' title="bbox 2133 4755 3717 4828">
    <p class='ocr_par' dir='ltr' id='par_1_105' title="bbox 2133 4755 3717 4828">
     <span class='ocr_line' id='line_1_105' title="bbox 2133 4755 3717 4828; baseline 0 -18"><span class='ocrx_word' id='word_1_768' title='bbox 2133 4757 2248 4810; x_wconf 86' lang='grc' dir='ltr'>τίου</span> <span class='ocrx_word' id='word_1_769' title='bbox 2283 4757 2444 4828; x_wconf 88' lang='grc' dir='ltr'>μέχρι</span> <span class='ocrx_word' id='word_1_770' title='bbox 2469 4756 2564 4810; x_wconf 82' lang='grc' dir='ltr'>καὶ</span> <span class='ocrx_word' id='word_1_771' title='bbox 2591 4755 2713 4810; x_wconf 83' lang='grc' dir='ltr'>ὅλου</span> <span class='ocrx_word' id='word_1_772' title='bbox 2740 4756 2834 4809; x_wconf 79' lang='grc' dir='ltr'>τοῦ</span> <span class='ocrx_word' id='word_1_773' title='bbox 2865 4756 3222 4828; x_wconf 86' lang='grc' dir='ltr'>Δεκεμϐρίου,</span> <span class='ocrx_word' id='word_1_774' title='bbox 3248 4759 3328 4820; x_wconf 86' lang='grc' dir='ltr'><strong>είς</strong></span> <span class='ocrx_word' id='word_1_775' title='bbox 3353 4756 3449 4820; x_wconf 77' lang='grc' dir='ltr'><strong>τὰς</strong></span> <span class='ocrx_word' id='word_1_776' title='bbox 3481 4763 3548 4811; x_wconf 84' lang='grc' dir='ltr'>ια’</span> <span class='ocrx_word' id='word_1_777' title='bbox 3579 4775 3717 4828; x_wconf 86' lang='grc' dir='ltr'>συμ-</span> 
     </span>
    </p>
   </div>
   <div class='ocr_carea' id='block_1_106' title="bbox 2135 4845 3718 4920">
    <p class='ocr_par' dir='ltr' id='par_1_106' title="bbox 2135 4845 3718 4920">
     <span class='ocr_line' id='line_1_106' title="bbox 2135 4845 3718 4920; baseline 0.003 -22"><span class='ocrx_word' id='word_1_778' title='bbox 2135 4846 2490 4917; x_wconf 87' lang='grc' dir='ltr'>ποσούμεναι,</span> <span class='ocrx_word' id='word_1_779' title='bbox 2535 4845 2634 4910; x_wconf 81' lang='grc' dir='ltr'>τὰς</span> <span class='ocrx_word' id='word_1_780' title='bbox 2661 4846 2769 4900; x_wconf 83' lang='grc' dir='ltr'>ἀπὸ</span> <span class='ocrx_word' id='word_1_781' title='bbox 2817 4847 2911 4900; x_wconf 74' lang='grc' dir='ltr'>τοῦ</span> <span class='ocrx_word' id='word_1_782' title='bbox 2955 4848 3282 4920; x_wconf 85' lang='grc' dir='ltr'>Ἰανουαρίου</span> <span class='ocrx_word' id='word_1_783' title='bbox 3331 4847 3574 4902; x_wconf 84' lang='grc' dir='ltr'>ποιοῦσιν</span> <span class='ocrx_word' id='word_1_784' title='bbox 3617 4852 3718 4902; x_wconf 83' lang='grc' dir='ltr'>ἐπ-</span> 
     </span>
    </p>
   </div>
   <div class='ocr_carea' id='block_1_107' title="bbox 2133 4937 3718 5011">
    <p class='ocr_par' dir='ltr' id='par_1_107' title="bbox 2133 4937 3718 5011">
     <span class='ocr_line' id='line_1_107' title="bbox 2133 4937 3718 5011; baseline 0.003 -22"><span class='ocrx_word' id='word_1_785' title='bbox 2133 4937 2334 5001; x_wconf 66' lang='grc' dir='ltr'>ακτάς*</span> <span class='ocrx_word' id='word_1_786' title='bbox 2363 4937 2586 5000; x_wconf 83' lang='grc' dir='ltr'>αἵτινες,</span> <span class='ocrx_word' id='word_1_787' title='bbox 2614 4939 2735 5001; x_wconf 88' lang='grc' dir='ltr'>ταῖς</span> <span class='ocrx_word' id='word_1_788' title='bbox 2757 4937 2851 4991; x_wconf 82' lang='grc' dir='ltr'>τοῦ</span> <span class='ocrx_word' id='word_1_789' title='bbox 2879 4938 3236 5011; x_wconf 80' lang='grc' dir='ltr'>παρελθόντος</span> <span class='ocrx_word' id='word_1_790' title='bbox 3267 4939 3586 5009; x_wconf 84' lang='grc' dir='ltr'>σεληνιακοῦ</span> <span class='ocrx_word' id='word_1_791' title='bbox 3619 4942 3718 4994; x_wconf 82' lang='grc' dir='ltr'>κύ-</span> 
     </span>
    </p>
   </div>
   <div class='ocr_carea' id='block_1_108' title="bbox 2133 5031 3569 5102">
    <p class='ocr_par' dir='ltr' id='par_1_108' title="bbox 2133 5031 3569 5102">
     <span class='ocr_line' id='line_1_108' title="bbox 2133 5031 3569 5102; baseline 0.001 -19"><span class='ocrx_word' id='word_1_792' title='bbox 2133 5031 2262 5084; x_wconf 87' lang='grc' dir='ltr'>κλου</span> <span class='ocrx_word' id='word_1_793' title='bbox 2297 5031 2739 5102; x_wconf 87' lang='grc' dir='ltr'>προστιθέμεναι,</span> <span class='ocrx_word' id='word_1_794' title='bbox 2773 5031 2874 5094; x_wconf 86' lang='grc' dir='ltr'>τὰς</span> <span class='ocrx_word' id='word_1_795' title='bbox 2901 5032 2995 5084; x_wconf 83' lang='grc' dir='ltr'>τοῦ</span> <span class='ocrx_word' id='word_1_796' title='bbox 3019 5031 3312 5096; x_wconf 76' lang='grc' dir='ltr'>ἐνεστῶτος</span> <span class='ocrx_word' id='word_1_797' title='bbox 3339 5031 3569 5085; x_wconf 82' lang='grc' dir='ltr'>ποιοῦσι.</span> 
     </span>
    </p>
   </div>
   <div class='ocr_carea' id='block_1_109' title="bbox 2639 5119 3192 5190">
    <p class='ocr_par' dir='ltr' id='par_1_109' title="bbox 2639 5119 3192 5190">
     <span class='ocr_line' id='line_1_109' title="bbox 2639 5119 3192 5190; baseline 0.004 -17"><span class='ocrx_word' id='word_1_798' title='bbox 2639 5119 2780 5188; x_wconf 81' lang='grc' dir='ltr'>Περὶ</span> <span class='ocrx_word' id='word_1_799' title='bbox 2815 5121 2922 5174; x_wconf 81' lang='grc' dir='ltr'>τοῦ</span> <span class='ocrx_word' id='word_1_800' title='bbox 2955 5122 3192 5190; x_wconf 83' lang='grc' dir='ltr'>Πάσχα.</span> 
     </span>
    </p>
   </div>
   <div class='ocr_carea' id='block_1_110' title="bbox 2201 5207 3716 5283">
    <p class='ocr_par' dir='ltr' id='par_1_110' title="bbox 2201 5207 3716 5283">
     <span class='ocr_line' id='line_1_110' title="bbox 2201 5207 3716 5283; baseline 0.003 -21"><span class='ocrx_word' id='word_1_801' title='bbox 2201 5211 2255 5263; x_wconf 83' lang='lat' dir='ltr'><strong>I&#39;.</strong></span> <span class='ocrx_word' id='word_1_802' title='bbox 2293 5211 2508 5264; x_wconf 86' lang='grc' dir='ltr'>Τούτων</span> <span class='ocrx_word' id='word_1_803' title='bbox 2528 5212 2591 5283; x_wconf 84' lang='grc' dir='ltr'><strong>δὴ</strong></span> <span class='ocrx_word' id='word_1_804' title='bbox 2616 5207 2866 5278; x_wconf 81' lang='grc' dir='ltr'>οὖν,¹τῶν</span> <span class='ocrx_word' id='word_1_805' title='bbox 2899 5213 3039 5267; x_wconf 86' lang='grc' dir='ltr'>κατὰ</span> <span class='ocrx_word' id='word_1_806' title='bbox 3077 5211 3168 5266; x_wconf 81' lang='grc' dir='ltr'><strong>τὸν</strong></span> <span class='ocrx_word' id='word_1_807' title='bbox 3205 5211 3354 5280; x_wconf 76' lang='grc' dir='ltr'>ἣλιον</span> <span class='ocrx_word' id='word_1_808' title='bbox 3389 5211 3590 5283; x_wconf 84' lang='grc' dir='ltr'>δηλαδὴ</span> <span class='ocrx_word' id='word_1_809' title='bbox 3619 5211 3716 5266; x_wconf 83' lang='grc' dir='ltr'>καὶ</span> 
     </span>
    </p>
   </div>
   <div class='ocr_carea' id='block_1_111' title="bbox 2130 5300 3712 5376">
    <p class='ocr_par' dir='ltr' id='par_1_111' title="bbox 2130 5300 3712 5376">
     <span class='ocr_line' id='line_1_111' title="bbox 2130 5300 3712 5376; baseline 0.002 -22"><span class='ocrx_word' id='word_1_810' title='bbox 2130 5300 2227 5373; x_wconf 82' lang='grc' dir='ltr'>τὴν</span> <span class='ocrx_word' id='word_1_811' title='bbox 2253 5301 2501 5373; x_wconf 87' lang='grc' dir='ltr'>σελήνην,</span> <span class='ocrx_word' id='word_1_812' title='bbox 2535 5303 2610 5368; x_wconf 84' lang='grc' dir='ltr'>ὡς</span> <span class='ocrx_word' id='word_1_813' title='bbox 2635 5305 2782 5376; x_wconf 85' lang='grc' dir='ltr'>ἐνῆν,</span> <span class='ocrx_word' id='word_1_814' title='bbox 2825 5305 2949 5374; x_wconf 75' lang='grc' dir='ltr'>ἐμοὶ</span> <span class='ocrx_word' id='word_1_815' title='bbox 2995 5303 3550 5376; x_wconf 86' lang='grc' dir='ltr'>προτεθεωρημένων,</span> <span class='ocrx_word' id='word_1_816' title='bbox 3585 5303 3712 5375; x_wconf 78' lang='grc' dir='ltr'>ἑξῆς</span> 
     </span>
    </p>
   </div>
   <div class='ocr_carea' id='block_1_112' title="bbox 2131 5393 3788 5470">
    <p class='ocr_par' dir='ltr' id='par_1_112' title="bbox 2131 5393 3788 5470">
     <span class='ocr_line' id='line_1_112' title="bbox 2131 5393 3788 5470; baseline 0 -24"><span class='ocrx_word' id='word_1_817' title='bbox 2131 5394 2258 5464; x_wconf 76' lang='grc' dir='ltr'>περὶ</span> <span class='ocrx_word' id='word_1_818' title='bbox 2289 5393 2382 5446; x_wconf 80' lang='grc' dir='ltr'>τοῦ</span> <span class='ocrx_word' id='word_1_819' title='bbox 2419 5395 2612 5466; x_wconf 83' lang='grc' dir='ltr'>Πάσχα</span> <span class='ocrx_word' id='word_1_820' title='bbox 2647 5395 2738 5448; x_wconf 85' lang='grc' dir='ltr'><strong>τὸν</strong></span> <span class='ocrx_word' id='word_1_821' title='bbox 2781 5395 2938 5464; x_wconf 87' lang='grc' dir='ltr'>λόγον</span> <span class='ocrx_word' id='word_1_822' title='bbox 2981 5395 3339 5466; x_wconf 87' lang='grc' dir='ltr'>ποιησόμεθα.</span> <span class='ocrx_word' id='word_1_823' title='bbox 3381 5396 3458 5448; x_wconf 81' lang='grc' dir='ltr'><strong>Δι’</strong></span> <span class='ocrx_word' id='word_1_824' title='bbox 3487 5395 3712 5448; x_wconf 80' lang='grc' dir='ltr'>ἐκείνων</span> <span class='ocrx_word' id='word_1_825' title='bbox 3785 5467 3788 5470; x_wconf 83' lang='lat'><em>_</em></span> 
     </span>
    </p>
   </div>
   <div class='ocr_carea' id='block_1_113' title="bbox 2129 5479 3714 5559">
    <p class='ocr_par' dir='ltr' id='par_1_113' title="bbox 2129 5479 3714 5559">
     <span class='ocr_line' id='line_1_113' title="bbox 2129 5479 3714 5559; baseline 0.001 -22"><span class='ocrx_word' id='word_1_826' title='bbox 2129 5483 2237 5556; x_wconf 84' lang='grc' dir='ltr'>γὰρ</span> <span class='ocrx_word' id='word_1_827' title='bbox 2278 5479 2430 5549; x_wconf 77' lang='grc' dir='ltr'>οὗτος</span> <span class='ocrx_word' id='word_1_828' title='bbox 2477 5487 2815 5559; x_wconf 83' lang='grc' dir='ltr'>περαίνεται·</span> <span class='ocrx_word' id='word_1_829' title='bbox 2849 5487 2909 5540; x_wconf 87' lang='grc' dir='ltr'><strong>τό</strong></span> <span class='ocrx_word' id='word_1_830' title='bbox 2947 5503 3007 5539; x_wconf 81' lang='grc' dir='ltr'><strong>τε</strong></span> <span class='ocrx_word' id='word_1_831' title='bbox 3045 5487 3154 5556; x_wconf 77' lang='grc' dir='ltr'>γὰρ</span> <span class='ocrx_word' id='word_1_832' title='bbox 3197 5487 3514 5558; x_wconf 85' lang='grc' dir='ltr'>ἐκκείμενον</span> <span class='ocrx_word' id='word_1_833' title='bbox 3555 5485 3714 5540; x_wconf 88' lang='grc' dir='ltr'>κανό-</span> 
     </span>
    </p>
   </div>
   <div class='ocr_carea' id='block_1_114' title="bbox 2127 5573 3712 5650">
    <p class='ocr_par' dir='ltr' id='par_1_114' title="bbox 2127 5573 3712 5650">
     <span class='ocr_line' id='line_1_114' title="bbox 2127 5573 3712 5650; baseline 0 -22"><span class='ocrx_word' id='word_1_834' title='bbox 2127 5591 2260 5640; x_wconf 86' lang='grc' dir='ltr'>νιον,</span> <span class='ocrx_word' id='word_1_835' title='bbox 2283 5577 2348 5629; x_wconf 86' lang='grc' dir='ltr'><strong>δι’</strong></span> <span class='ocrx_word' id='word_1_836' title='bbox 2369 5573 2431 5631; x_wconf 77' lang='grc' dir='ltr'>οὗ</span> <span class='ocrx_word' id='word_1_837' title='bbox 2475 5579 2780 5650; x_wconf 85' lang='grc' dir='ltr'>προχείρως</span> <span class='ocrx_word' id='word_1_838' title='bbox 2829 5578 2890 5631; x_wconf 87' lang='grc' dir='ltr'><strong>τὸ</strong></span> <span class='ocrx_word' id='word_1_839' title='bbox 2937 5577 3172 5631; x_wconf 78' lang='grc' dir='ltr'>τοιοῦτον</span> <span class='ocrx_word' id='word_1_840' title='bbox 3213 5578 3405 5648; x_wconf 81' lang='grc' dir='ltr'>Πάσχα</span> <span class='ocrx_word' id='word_1_841' title='bbox 3435 5577 3712 5648; x_wconf 82' lang='grc' dir='ltr'>λαμϐάνο-</span> 
     </span>
    </p>
   </div>
   <div class='ocr_carea' id='block_1_115' title="bbox 2133 5667 3710 5740">
    <p class='ocr_par' dir='ltr' id='par_1_115' title="bbox 2133 5667 3710 5740">
     <span class='ocr_line' id='line_1_115' title="bbox 2133 5667 3710 5740; baseline -0.001 -22"><span class='ocrx_word' id='word_1_842' title='bbox 2133 5683 2249 5736; x_wconf 89' lang='grc' dir='ltr'>μεν,</span> <span class='ocrx_word' id='word_1_843' title='bbox 2278 5667 2366 5721; x_wconf 85' lang='grc' dir='ltr'><strong>διὰ</strong></span> <span class='ocrx_word' id='word_1_844' title='bbox 2391 5668 2500 5722; x_wconf 86' lang='grc' dir='ltr'><strong>τῶν</strong></span> <span class='ocrx_word' id='word_1_845' title='bbox 2526 5668 2766 5739; x_wconf 87' lang='grc' dir='ltr'>ἡλιακῶν</span> <span class='ocrx_word' id='word_1_846' title='bbox 2790 5669 2883 5722; x_wconf 74' lang='grc' dir='ltr'><strong>καὶ</strong></span> <span class='ocrx_word' id='word_1_847' title='bbox 2910 5667 3240 5740; x_wconf 86' lang='grc' dir='ltr'>σεληνιακῶν</span> <span class='ocrx_word' id='word_1_848' title='bbox 3263 5667 3478 5722; x_wconf 82' lang='grc' dir='ltr'>κύκλων</span> <span class='ocrx_word' id='word_1_849' title='bbox 3502 5683 3710 5737; x_wconf 86' lang='grc' dir='ltr'>πεπρα-</span> 
     </span>
    </p>
   </div>
   <div class='ocr_carea' id='block_1_116' title="bbox 2127 5757 3710 5832">
    <p class='ocr_par' dir='ltr' id='par_1_116' title="bbox 2127 5757 3710 5832">
     <span class='ocr_line' id='line_1_116' title="bbox 2127 5757 3710 5832; baseline 0 -20"><span class='ocrx_word' id='word_1_850' title='bbox 2127 5757 2431 5828; x_wconf 84' lang='grc' dir='ltr'>γμάτευται</span> <span class='ocrx_word' id='word_1_851' title='bbox 2452 5775 2467 5790; x_wconf 91' lang='grc'><strong>·</strong></span> <span class='ocrx_word' id='word_1_852' title='bbox 2493 5760 2631 5830; x_wconf 78' lang='grc' dir='ltr'>πρὸς</span> <span class='ocrx_word' id='word_1_853' title='bbox 2661 5761 2720 5814; x_wconf 82' lang='grc' dir='ltr'><strong>δέ</strong></span> <span class='ocrx_word' id='word_1_854' title='bbox 2751 5762 2842 5814; x_wconf 70' lang='grc' dir='ltr'>καὶ</span> <span class='ocrx_word' id='word_1_855' title='bbox 2868 5763 2920 5816; x_wconf 85' lang='grc' dir='ltr'><strong>αί</strong></span> <span class='ocrx_word' id='word_1_856' title='bbox 2945 5763 3072 5832; x_wconf 71' lang='grc' dir='ltr'>περὶ</span> <span class='ocrx_word' id='word_1_857' title='bbox 3097 5759 3286 5814; x_wconf 86' lang='grc' dir='ltr'>τούτου</span> <span class='ocrx_word' id='word_1_858' title='bbox 3321 5759 3554 5831; x_wconf 87' lang='grc' dir='ltr'>μέθοδοι,</span> <span class='ocrx_word' id='word_1_859' title='bbox 3581 5759 3617 5828; x_wconf 81' lang='grc' dir='ltr'>ἥ</span> <span class='ocrx_word' id='word_1_860' title='bbox 3647 5773 3710 5812; x_wconf 74' lang='grc' dir='ltr'>τι</span> 
     </span>
    </p>
   </div>
   <div class='ocr_carea' id='block_1_117' title="bbox 2129 5849 3386 5924">
    <p class='ocr_par' dir='ltr' id='par_1_117' title="bbox 2129 5849 3386 5924">
     <span class='ocr_line' id='line_1_117' title="bbox 2129 5849 3386 5924; baseline 0.003 -22"><span class='ocrx_word' id='word_1_861' title='bbox 2129 5849 2235 5920; x_wconf 85' lang='grc' dir='ltr'><strong>πρὸ</strong></span> <span class='ocrx_word' id='word_1_862' title='bbox 2273 5850 2427 5920; x_wconf 88' lang='grc' dir='ltr'>ἡμῶν</span> <span class='ocrx_word' id='word_1_863' title='bbox 2453 5851 2748 5923; x_wconf 81' lang='grc' dir='ltr'>εὑρημένη,</span> <span class='ocrx_word' id='word_1_864' title='bbox 2785 5853 2879 5906; x_wconf 72' lang='grc' dir='ltr'><strong>καὶ</strong></span> <span class='ocrx_word' id='word_1_865' title='bbox 2907 5855 2940 5922; x_wconf 90' lang='grc' dir='ltr'><strong>ἡ</strong></span> <span class='ocrx_word' id='word_1_866' title='bbox 2967 5851 3060 5906; x_wconf 85' lang='grc' dir='ltr'>νῦν</span> <span class='ocrx_word' id='word_1_867' title='bbox 3083 5852 3173 5921; x_wconf 76' lang='grc' dir='ltr'><strong>ὑφ’</strong></span> <span class='ocrx_word' id='word_1_868' title='bbox 3207 5850 3386 5924; x_wconf 86' lang='grc' dir='ltr'>ἡμῶν.</span> 
     </span>
    </p>
   </div>
  </div>
