4124 6438
495 443 634 502 1299
1532 445 1626 502 ΔΙ)
1661 444 1928 501 EUSEBII
1965 444 2358 503 CHRONICON
2396 443 2754 499 APPENDIX.
3585 445 3726 500 1300

563 559 718 628 Quod
739 561 787 618 si
819 560 944 632 quis
981 561 1214 620 fortasse
1242 570 1470 634 quaarat,
1504 579 1604 620 cur
1641 579 1751 621 non
1772 566 2052 638 cyclorum

2227 567 2337 622 Καὶ
2362 566 2491 638 περὶ
2527 565 2730 622 τούτων
2745 565 2802 618 δὲ
2818 563 2872 617 εἴ
2887 581 2971 640 τις
3003 564 3257 636 ἀποροίη,
3277 563 3362 618 διὸ
3384 562 3448 618 τδ
3472 563 3549 636 μὴ
3579 564 3728 622 κατά

495 666 754 708 numeros
779 655 970 710 ordine
991 654 1468 725 descripserimus,
1499 655 1628 712 huic
1654 672 1760 712 nos
1793 658 1869 712 ita
1907 672 2056 727 quaa-

2165 655 2307 722 τάξιν
2345 657 2560 710 κεῖσθαι
2583 657 2710 721 τοὺς
2738 657 3004 728 ἀριθμοὺς
3025 656 3132 710 τῶν
3154 656 3390 718 κύκλων,
3412 658 3594 727 ἡμεῖς,
3627 659 3727 712 καὶ

497 745 665 801 stioni
704 747 1177 817 respondebimus,
1204 757 1263 803 ut
1314 749 1592 819 proposita
1629 751 1766 805 recti
1801 765 2058 805 numero-

2165 749 2358 821 ταύτην
2384 749 2601 812 λύοντες
2623 749 2722 820 τὴν
2737 749 2987 821 ἀπορίαν,
3003 748 3248 820 δείξομεν
3267 747 3361 803 καὶ
3377 748 3444 801 δι’
3459 748 3727 814 ἐκθέσεως

495 851 620 890 rum
659 837 870 893 ordinis
901 837 1098 893 tabella
1140 845 1376 903 constet,
1409 839 1543 894 nihil
1597 839 1738 894 hanc
1785 841 1855 895 ab
1887 841 2057 897 altera

2165 842 2306 908 τάξιν
2328 841 2556 912 ἐχούσης
2589 841 2754 913 μηδὲν
2782 841 3055 912 διαφέρειν
3087 841 3301 912 ὲκείνης
3338 842 3435 912 τῆς
3461 857 3728 912 συγκεχυ-

496 927 736 992 dilferre,
758 943 880 999 quae
913 929 1263 998 perturbatos
1295 929 1516 985 eosdem
1546 932 1811 986 continet.
1841 930 2060 988 Descri-

2165 933 2348 1005 μένης.
2428 933 2728 988 Ἐκκείσθω
2776 933 2885 1004 γὰρ
2931 933 3181 986 ἐνταυθοῖ
3242 934 3300 987 ὲν
3347 935 3729 1004 καταγραφαῖς

497 1018 694 1073 bantur
721 1019 868 1073 enim
898 1019 1000 1073 hoc
1041 1019 1162 1074 loco
1197 1019 1402 1089 duplici
1441 1020 1498 1075 in
1554 1021 1770 1086 tabella,
1819 1023 2054 1092 primum

2165 1023 2373 1094 πρῶτον
2406 1023 2505 1094 μὲν
2556 1025 2590 1095 ή
2621 1025 2677 1076 έν
2707 1022 2787 1094 τῷ
2813 1023 3086 1095 εἰρημένῳ
3124 1021 3353 1093 κανονίῳ
3383 1022 3727 1094 συγκεχυμέ-

495 1107 705 1173 ordine,
726 1114 787 1162 ut
808 1107 862 1162 in
883 1109 1165 1178 superiore
1196 1109 1479 1177 laterculo,
1509 1111 1777 1178 confuso;
1807 1121 1922 1168 tum
1968 1129 2056 1170 re-

2165 1129 2266 1177 νως
2301 1114 2617 1185 ὲκκειμένη,
2647 1113 2836 1168 ἔπειτα
2865 1113 2922 1168 δὲ
2949 1116 2984 1186 ἡ
3017 1113 3323 1178 εὐτάκτως·
3359 1113 3455 1168 καὶ
3486 1111 3730 1165 εστωσαν

495 1205 585 1253 cto
611 1216 625 1252 :
650 1212 714 1254 ac
743 1198 854 1256 sint
873 1199 1162 1271 ejusmodi.

2165 1201 2320 1260 αὗται
2339 1221 2355 1238 ο

1882 1355 1940 1410 A'
1975 1358 2337 1430 Καταγραερή.

1436 1466 1485 1514 α’
1658 1461 1704 1530 β’
1880 1469 1928 1530 γ’
2097 1462 2142 1516 θ’
2317 1471 2347 1516 ι’
2533 1473 2572 1518 ε’
2735 1474 2787 1532 ς’

1440 1552 1487 1616 ξ’
1633 1559 1700 1622 ιγ
1841 1560 1920 1606 κε’
2074 1559 2138 1606 ιε’
2285 1561 2372 1608 καν
2505 1555 2589 1627 κβ’
2733 1560 2796 1624 ιε

1429 1650 1499 1714 ιη’
1641 1645 1706 1699 ιθ¹
1858 1646 1919 1699 ιδ’
2051 1654 2142 1710 κς¹
2295 1645 2378 1710 κζ’
2527 1656 2596 1703 ια’
2725 1659 2812 1720 κγ’

1431 1737 1498 1808 ιβ’
1637 1737 1714 1792 κδ’
1869 1745 1918 1810 η’
2081 1745 2132 1794 κ’
2310 1741 2353 1796 δ’
2522 1751 2596 1808 ις’
2725 1755 2810 1818 κη’
2888 1742 2894 1746 ’

1883 1850 1942 1904 Β⁶
1974 1853 2336 1926 Καταγραφή.

1441 1972 1490 2022 α’
1659 1966 1704 2038 β’
1854 1973 1904 2035 γ’
2309 1967 2355 2023 δ’
2546 1979 2585 2024 ε’
2757 1979 2812 2040 ς’

1448 2057 1494 2124 ζ’
1858 2063 1907 2129 η’
2072 2057 2117 2112 θ’
2308 2097 2328 2116 .
2525 2069 2590 2117 ιαί

1430 2150 1496 2220 ιβ’
1642 2155 1708 2216 ιγ’
1844 2146 1903 2200 ιδ’
2049 2155 2108 2202 ιε’
2519 2163 2591 2221 ις’
2735 2160 2799 2226 ις,

1422 2247 1490 2312 ιη’
1638 2238 1702 2291 ιθ¹
2063 2244 2113 2291 κ’
2269 2249 2354 2296 κα¹
2505 2246 2589 2316 κβ¹
2726 2258 2811 2320 κγ’

1633 2330 1710 2384 κδ’
1841 2336 1918 2384 κε’
2051 2337 2143 2395 κς¹
2266 2333 2347 2399 κζ’
2732 2359 2802 2414 κη

561 2491 1010 2549 Animadvertere
1043 2491 1211 2565 igitur
1238 2495 1480 2562 oportet,
1509 2484 1967 2576 quemadmodum
1998 2482 2055 2538 in

2225 2487 2500 2544 Σκεπτέον
2555 2493 2754 2561 τοίνυν,
2786 2497 2862 2562 ὡς
2896 2498 2954 2553 έν
2981 2503 3047 2572 τῇ
3107 2500 3336 2575 δευτέρᾳ
3378 2507 3731 2576 καταγραφῇ,

492 2583 735 2641 secunda
765 2582 972 2648 tabula,
1001 2597 1124 2652 quae
1149 2580 1431 2637 ordinatos
1459 2577 1620 2632 habet
1655 2575 1936 2648 cyclorum
1955 2589 2060 2628 nu-

492 2691 675 2734 meros
699 2713 714 2741 ,
763 2685 962 2748 quarta
1003 2689 1234 2746 quaeque
1267 2673 1449 2728 areola
1486 2669 1731 2725 numeris
1759 2680 1930 2722 vacua
1973 2680 2062 2720 re-

491 2769 620 2824 licta
646 2768 722 2825 sit
762 2783 776 2819 :
818 2783 939 2838 quae
969 2782 1060 2823 res
1093 2766 1320 2831 indicat,
1352 2769 1476 2834 post
1497 2775 1672 2817 annos
1702 2766 1941 2830 quatuor
1965 2771 2063 2810 an-

491 2875 624 2916 num
657 2874 768 2914 uno
802 2859 891 2914 die
919 2859 1157 2930 priorem
1181 2856 1431 2912 ordinem
1462 2852 1855 2909 transcendere
1882 2843 1896 2904 ἑ
1921 2849 2062 2905 situs

493 2966 660 3025 porro
679 2964 1030 3007 humerorum
1066 2949 1124 3003 in
1157 2947 1402 3018 quolibet
1433 2961 1600 3002 versu
1626 2942 1769 2999 idem
1796 2951 1880 2998 est
1906 2948 2062 2996 utro-

479 3043 676 3114 ,bique,
711 3056 776 3096 ac
812 3041 998 3106 videre
1052 3039 1184 3094 licet
1214 3039 1272 3094 in
1314 3038 1510 3109 primis
1548 3035 1800 3098 .versibus
1837 3033 2062 3089 eosdem

491 3133 768 3204 cyclorum
811 3144 1071 3184 numeros
1109 3127 1427 3183 collocatos.
1464 3125 1578 3182 Etsi
1618 3125 1764 3181 enim
1793 3125 1850 3178 in
1878 3123 2063 3194 priore

492 3224 693 3279 tabella
719 3239 854 3278 xvm
885 3235 1049 3292 supra
1083 3237 1159 3274 xu
1183 3219 1398 3292 positus
1443 3219 1553 3282 sit;
1585 3225 1765 3272 tamen
1799 3231 1923 3272 cum
1967 3229 2062 3270 eo-

491 3317 615 3372 dem
646 3324 878 3386 uterque
897 3330 1061 3371 versu
1095 3314 1465 3376 contineatur,
1500 3313 1710 3367 nullum
1745 3326 1810 3366 ex
1842 3317 2060 3380 pertur-

489 3407 619 3463 bata
649 3407 745 3462 illa
788 3406 1151 3477 dispositione
1176 3404 1473 3461 discrimen
1501 3403 1701 3458 oritur.
1732 3401 1878 3458 Idem
1916 3410 1971 3458 et
2003 3403 2061 3458 in

490 3491 723 3563 reliquis
746 3491 996 3548 versibus
1013 3496 1260 3561 apparet,
1282 3496 1345 3544 ut
1370 3488 1621 3559 quamvis
1645 3485 2061 3541 tumultuarium

491 3583 748 3640 videatur
778 3597 922 3646 esse,
953 3597 1066 3636 non
1095 3590 1279 3636 tamen
1325 3578 1556 3635 excedat
1589 3578 1858 3634 ordinem.
1893 3577 2063 3632 Cate-

489 3689 616 3730 rum
648 3671 964 3729 istiusmodi
994 3672 1275 3744 cyclorum
1301 3672 1574 3727 ordinatio
1624 3671 1694 3726 ab
1715 3686 1782 3727 eo
1817 3671 1910 3741 qui
1949 3670 2062 3740 pri-

491 3779 619 3820 mus
657 3763 983 3818 laterculum
1031 3762 1310 3826 condidit,
1351 3762 1406 3817 in
1445 3777 1570 3818 eum
1616 3770 1702 3818 est
1750 3762 2060 3832 excogitata

493 3854 682 3918 ﬁnem,
715 3860 776 3908 ut
800 3867 864 3908 ea
891 3852 1177 3908 intervalla
1214 3853 1547 3922 repleantur,
1573 3867 1696 3923 quae
1730 3853 1786 3908 in
1818 3851 2058 3908 secunda
2085 3832 2129 3892 α

493 3943 865 4014 descriptione
901 3943 974 3998 ob
1023 3957 1144 3997 eam
1197 3957 1362 4014 quam
1392 3943 1636 4000 diximus
1673 3957 1895 4000 causam
1931 3951 2061 4000 sunt

493 4035 680 4092 inania
711 4036 926 4091 relicta.
975 4026 994 4037 ’

561 4125 933 4196 Quamobrem
969 4133 1031 4182 ut
1079 4126 1138 4182 in
1193 4133 1432 4198 quatuor
1461 4127 1715 4183 versibus
1759 4127 2062 4184 ordinatior

494 4218 590 4274 ﬂat
620 4233 651 4273 a
683 4218 844 4274 nobis
885 4218 1201 4290 descriptio,
1234 4219 1290 4273 in
1327 4218 1506 4289 primo
1561 4226 1836 4290 ponantur
1873 4218 1986 4284 isti,
2018 4233 2058 4283 ι,

492 4325 593 4374 νιι,
634 4324 736 4374 xu,
764 4323 938 4378 xvm;
973 4309 1030 4365 in
1071 4309 1318 4366 secundo
1351 4295 1514 4364 iidem
1553 4316 1906 4377 remaneant;
1950 4317 2062 4364 ter-

493 4401 606 4458 tius
642 4401 780 4458 istos
807 4400 1024 4466 habeat,
1063 4417 1150 4469 ιιι,
1190 4417 1310 4468 νιιι,
1349 4417 1463 4468 xlv,
1499 4417 1640 4469 xxv;
1688 4408 1942 4471 quartus,
1982 4415 2058 4465 Ix,

495 4511 587 4559 xv,
629 4511 721 4560 xx,
751 4509 915 4559 xxvr;
943 4493 1189 4565 quintus,
1220 4509 1295 4558 ιν,
1331 4511 1388 4558 x,
1419 4511 1532 4559 xxI,
1565 4502 1980 4560 xxvu;sextus,
2005 4509 2058 4558 ν,

493 4604 574 4651 xl,
615 4604 895 4658 xvt,xxn;
923 4589 977 4642 in
1007 4591 1236 4660 septimo
1258 4589 1396 4644 nihil
1423 4596 1682 4644 mutetur.

567 4677 626 4735 ln
678 4697 894 4737 summo
947 4683 1215 4737 laterculo
1245 4682 1383 4753 cycli
1413 4682 1570 4749 solis,
1598 4691 1660 4736 ut
1705 4680 1913 4736 dictum
1956 4690 2060 4745 est,

496 4772 620 4827 ideo
653 4779 955 4842 ponuntur,
987 4781 1048 4828 ut
1079 4773 1426 4835 ostendatur,
1463 4788 1623 4844 quam
1669 4773 1726 4826 in
1783 4772 1927 4826 diem
1969 4772 2065 4825 he-

495 4863 790 4936 bdomadis
805 4863 1090 4920 Iudaicum
1116 4864 1326 4920 Pascha
1343 4880 1444 4920 suo
1472 4865 1726 4935 quodque
1751 4864 1892 4919 luna:
1911 4864 2064 4934 cyclo

496 4956 801 5027 contingat.
835 4955 954 5011 Non
1000 4959 1146 5012 enim
1183 4956 1621 5013 Christianorum
1673 4956 1884 5014 Pascha
1925 4958 2066 5013 dun-

495 5057 648 5102 taxat
681 5063 776 5118 per
803 5061 1244 5118 unumquemque
1277 5049 1420 5104 luna:
1459 5050 1672 5120 cyclum
1705 5058 1910 5122 septem
1943 5065 2066 5104 ver-

2160 2580 2282 2650 ἥτις
2315 2584 2411 2636 καὶ
2438 2585 2582 2640 κατά
2612 2588 2764 2656 τάξιν
2791 2590 2900 2662 ἔχει
2926 2595 3050 2656 τοὺς
3075 2594 3342 2667 ἀριθμοὺς
3377 2596 3485 2650 τῶν
3515 2597 3732 2653 κύκλων

2160 2674 2532 2746 ἐκκειμένους,
2583 2681 2722 2735 κατά
2769 2683 2813 2736 δ’
2861 2685 2960 2756 μὲν
3007 2686 3188 2759 χώρας
3237 2687 3634 2760 παραλείπεται
3681 2696 3730 2742 α’

2161 2766 2333 2838 χώρα.
2394 2770 2468 2842 μὴ
2511 2770 2774 2847 δεχομένη
2804 2775 3053 2848 ἀριθμὸν,
3097 2782 3178 2844 εἰς
3207 2779 3430 2847 ἔνδειξιν
3465 2781 3559 2836 τοῦ
3589 2781 3733 2836 κατά

2160 2858 2200 2912 δ’
2234 2859 2328 2932 ἐτη
2362 2862 2454 2914 τὸν
2486 2864 2730 2918 ἐνιαυτὸν
2773 2868 2960 2940 ἡμέρᾳ
3005 2871 3104 2940 μιᾷ
3132 2870 3231 2942 τὴν
3269 2872 3541 2944 προτέραν
3578 2873 3733 2940 τάξιν

2163 2953 2510 3026 ὑπερὸσίνειν
2535 2971 2548 2984 ·
2573 2957 2606 3027 ἡ
2628 2957 2778 3022 θέσις
2808 2959 2864 3013 δὲ
2905 2962 3013 3014 τῶν
3032 2961 3172 3034 -ἀριθ
3182 2963 3296 3034 μῶν
3316 2965 3374 3019 έν
3397 2965 3610 3036 ἑκάστῳ
3645 2983 3736 3020 σε-

2161 3043 2310 3116 λιδίῳ
2343 3048 2375 3117 ἡ
2401 3047 2536 3119 αὐτή
2564 3049 2680 3103 ἐστι
2713 3052 2807 3105 καὶ
2841 3053 2897 3106 έν
2943 3055 3281 3128 ἀμφοτέραις
3303 3059 3424 3122 ταῖς
3449 3075 3735 3130 καταγραο

2162 3141 2311 3206 φαῖς,
2343 3139 2420 3204 ώς
2457 3140 2602 3196 ἐστιν
2635 3144 2766 3216 ὁρᾷν
2806 3147 2864 3200 ὲν
2894 3150 3006 3212 τοῖς
3051 3145 3288 3221 πρώτοις
3343 3150 3590 3216 σελιδίοις
3608 3152 3736 3216 τοὺς

2161 3231 2358 3296 αὐτοὺς
2387 3232 2496 3286 τῶν
2520 3233 2737 3288 κύκλων
2785 3238 3136 3309 ἐκκειμένους
3160 3239 3445 3312 ἀριθμούς.
3489 3242 3606 3296 Κάν
3626 3242 3736 3313 γὰρ

2161 3323 2220 3375 ὲν
2246 3325 2312 3395 τῇ
2352 3323 2544 3399 πρώτῃ
2573 3332 2902 3400 καταγραφῇ
2935 3331 2965 3383 ὁ
2990 3336 3057 3402 ιη’
3085 3329 3289 3385 ἄνωθεν
3317 3330 3412 3385 τοῦ
3449 3331 3516 3402 ιβ’
3534 3334 3734 3394 κεῖται,

2161 3413 2273 3466 ἀλλ’
2307 3415 2402 3468 ἐπὶ
2461 3416 2554 3470 τοῦ
2580 3417 2744 3472 αὑτοῦ
2789 3419 3015 3473 σελιδίου
3061 3421 3157 3474 καὶ
3189 3422 3391 3492 ἀμφοῖν
3443 3421 3736 3493 κειμένων,

2159 3508 2218 3559 οὐ
2240 3507 2447 3576 γίνεταί
2503 3527 2587 3574 τις
2616 3510 2846 3583 διαφορά
2889 3511 2979 3566 διὰ
3001 3513 3100 3584 τὴν
3132 3514 3302 3584 αὐτὴν
3330 3513 3738 3586 ὲνηλλαγμένην

2161 3596 2331 3653 θέσιν.
2366 3599 2440 3653 To
2467 3600 2598 3654 αὐτὸ
2628 3601 2684 3654 δὲ
2723 3602 2820 3656 καὶ
2852 3602 2945 3656 ἐπὶ
2990 3603 3098 3656 τῶν
3131 3602 3336 3658 λοιπῶν
3366 3603 3607 3657 σελιδίων
3638 3606 3740 3676 ἐμ-

2160 3690 2430 3760 φαίνεται,
2481 3689 2741 3745 έκτακτον
2788 3692 2887 3764 μὲν
2942 3693 3154 3760 δοκοῦν,
3201 3693 3298 3766 τὴν
3342 3694 3494 3762 τάξιν
3527 3692 3584 3748 δὲ
3638 3696 3740 3766 οὐχ

2161 3781 2508 3852 ὑπερϐαῖνον.
2543 3781 2742 3850 Γέγονε
2770 3783 2827 3836 δὲ
2863 3786 2895 3856 η
2940 3785 3162 3856 τοιαύτη
3196 3786 3344 3850 θέσις
3379 3787 3490 3841 τῶν
3521 3787 3740 3844 κύκλων

2163 3871 2242 3943 τῷ
2269 3875 2803 3947 κανονογραφήσαντι
2835 3875 2893 3942 ἐξ
2915 3877 3087 3948 ἀρχῆς
3109 3876 3546 3949 ἀναπληρώσεως
3578 3879 3740 3952 χάριν

2164 3965 2274 4018 τῶν
2301 3965 2537 4038 χωρίων,
2559 3965 2743 4020 ἀκενά
2756 3967 3120 4040 καταλείπειή
3151 3969 3379 4042 δευτέρα
3408 3969 3742 4043 καταγραφὴ

2163 4055 2254 4110 διὰ
2284 4056 2383 4128 τὴν
2415 4057 2711 4130 εἰρημένην
2742 4059 2939 4114 αἰτίαν.

2237 4148 2356 4202 Ἵνα
2401 4147 2466 4221 δὴ
2523 4144 2616 4204 οὖν
2658 4150 2756 4223 τὴν
2787 4153 2844 4206 έν
2887 4153 2998 4215 τοῖς
3041 4149 3086 4204 δ’
3130 4151 3335 4222 στίχοις
3379 4151 3744 4225 καταγραφὴν

2166 4241 2560 4314 εὐτακτοτέραν
2608 4243 2956 4314 ποιήσωμεν,
3001 4241 3064 4296 τὸ
3105 4241 3204 4314 μὲν
3262 4243 3476 4315 πρῶτον
3514 4243 3746 4298 σελίδιον

2167 4332 2338 4404 ἐχέτω
2361 4334 2628 4405 ἀριθμοὺς
2645 4333 2714 4397 α’,
2734 4333 2799 4402 ζ’,
2832 4331 2918 4405 ιβ’,
2955 4333 3025 4406 ιη’
3046 4351 3063 4368 ο
3095 4335 3158 4388 τὸ
3184 4335 3240 4388 δὲ
3271 4335 3520 4408 δεύτερον
3548 4335 3740 4406 ἐχέτω,

2167 4426 2242 4488 ὡς
2264 4425 2405 4497 ἔχει·
2440 4426 2500 4479 τὸ
2531 4425 2589 4479 δὲ
2621 4425 2802 4499 τρίτον
2829 4426 2901 4494 γ’,
2939 4425 3010 4498 η’,
3039 4425 3120 4490 ιδ’,
3157 4428 3234 4480 κε’
3253 4444 3266 4458 ·
3303 4425 3362 4480 τὺ
3389 4427 3445 4480 δὲ
3482 4427 3745 4498 τέταρτον

2169 4514 2234 4578 θ’,
2269 4515 2351 4580 ιε’,
2387 4514 2456 4582 κ’,
2484 4517 2607 4583 κς’·
2637 4517 2698 4570 τὸ
2731 4517 2790 4570 δὲ
2844 4517 3092 4588 πέμπτον
3118 4517 3182 4583 δ’,
3210 4517 3264 4582 ι’,
3287 4517 3394 4584 κα’,
3425 4516 3509 4582 κζ’
3529 4535 3542 4548 ο
3585 4516 3646 4568 τὸ
3683 4515 3748 4570 δὲ

2169 4605 2327 4660 ἕκτον
2360 4607 2424 4674 ε’,
2455 4607 2544 4672 ια’,
2577 4607 2675 4673 ις’,
2705 4608 2791 4679 κβ⁹
2811 4625 2823 4638 ’
2857 4609 2918 4662 τὸ
2943 4609 3001 4662 δὲ
3033 4609 3259 4680 ἕϐδομον
3290 4609 3451 4662 πάλιν
3481 4608 3572 4673 οὓς
3606 4609 3742 4679 ἔχει.

2241 4698 2492 4754 Τίθενται
2509 4699 2562 4752 δὲ
2581 4699 2785 4754 ἄνωθεν
2806 4699 2896 4754 τοῦ
2921 4701 3165 4755 κανονίου
3180 4701 3230 4753 οἱ
3251 4700 3344 4753 τοῦ
3363 4699 3508 4772 ἡλίου
3533 4699 3747 4764 κύκλοι,

2167 4787 2243 4851 ώς
2269 4788 2503 4861 εἴρηται,
2537 4790 2616 4852 εἰς
2641 4789 2871 4859 δήλωσιν
2896 4790 2990 4844 τοῦ
3018 4793 3075 4844 ὲν
3106 4791 3234 4863 ποίᾳ
3258 4791 3444 4864 ἡμέρᾳ
3467 4791 3566 4861 τῆς
3591 4791 3750 4844 £650-

2175 4880 2339 4950 μάδος
2367 4881 2426 4932 τὸ
2469 4880 2755 4934 Ἰουδαϊκὸν
2791 4881 2980 4954 Πάσχα
3010 4882 3151 4936 κατὰ
3189 4883 3280 4936 τὸν
3311 4884 3510 4936 οίκεῖον
3527 4881 3626 4952 τῆς
3659 4898 3752 4936 σε-

2169 4971 2338 5042 λήνης
2393 4971 2590 5026 κύκλον
2643 4973 2897 5027 τελεῖται.
2933 4973 3008 5028 Οὐ
3049 4974 3207 5044 μόνον
3239 4974 3349 5046 γὰρ
3384 4973 3446 5026 τὸ
3477 4973 3584 5026 τῶν
3613 4973 3752 5044 Χρι-

2173 5063 2402 5117 στιανῶν
2461 5063 2652 5134 Πάσχα
2707 5064 2828 5118 καθ’
2874 5064 3104 5118 ἕκαστον
3149 5063 3346 5118 κύκλον
3405 5063 3635 5134 σελήνης
3688 5063 3751 5115 ὲν

498 5137 654 5192 sibus
682 5137 1019 5207 descriptum
1053 5146 1174 5205 est;
1213 5155 1402 5194 verum
1437 5155 1547 5194 una
1576 5155 1701 5194 cum
1734 5140 1882 5195 illius
1913 5156 2065 5193 men-

2173 5155 2423 5220 σελιδίοις
2469 5155 2773 5222 έκκειταιζ
2803 5174 2816 5187 ·
2878 5156 3014 5212 ἀλλά
3066 5157 3163 5209 σὺν
3209 5155 3288 5226 τῷ
3337 5155 3559 5228 ἀριθμῷ
3592 5154 3754 5208 τοῦδέ

497 5229 598 5292 sis,
642 5235 773 5298 puta
798 5227 1002 5294 Martii,
1035 5231 1122 5286 vel
1160 5229 1367 5302 Aprilis
1393 5247 1644 5297 numero,
1668 5233 1762 5302 qui
1793 5240 1877 5287 est
1905 5232 2064 5286 index

2169 5267 2314 5312 τινος
2380 5249 2567 5321 μηνὸς,
2609 5249 2641 5320 ἢ
2689 5249 2783 5304 τοῦ
2815 5249 3082 5322 Μαρτίου,
3120 5249 3154 5320 ἢ
3189 5247 3283 5302 τοῦ
3327 5246 3624 5319 ’Λπριλίου,
3652 5244 3752 5298 τοῦ

497 5316 802 5382 l’aschatis,
832 5318 954 5376 dies
999 5321 1164 5376 etiam
1206 5322 1564 5380 hebdomadis
1612 5324 1926 5392 ascribitur,
1959 5339 2070 5398 quo

496 5407 584 5462 die
609 5406 898 5466 Judaicum
939 5411 1148 5467 Pascha
1183 5413 1513 5468 celebratur.

815 5543 1096 5600 Methodus
1122 5548 1420 5602 inveniendi
1449 5548 1752 5604 Paschalis.

569 5652 660 5708 XI.
694 5657 862 5727 [gitur
879 5660 1022 5717 scire
1045 5676 1169 5717 cum
1196 5663 1450 5719 volumus
1471 5679 1631 5734 quem
1662 5664 1718 5718 in
1740 5680 1980 5721 mensem
2004 5665 2072 5722 de

497 5744 737 5813 duobus,
773 5747 968 5808 Martio
1019 5762 1073 5809 et
1125 5753 1324 5824 Aprili,
1358 5755 1804 5814 Christianorum
1854 5757 2070 5815 Pascha

499 5846 754 5897 sanctum
795 5842 1018 5913 incidat,
1073 5859 1403 5918 praesentem
1453 5851 1509 5910 in
1559 5861 1812 5922 promptu
1853 5856 2066 5925 cyclum

2170 5338 2454 5404 δηλοῦντος
2503 5338 2562 5392 τὸ
2614 5339 2828 5409 Πάσχα,
2882 5341 3059 5394 κεῖται
3108 5338 3202 5390 καὶ
3243 5339 3276 5406 ή
3323 5337 3424 5406 τῆς
3458 5334 3755 5406 ἑϐδομάδος

2171 5428 2372 5500 ἡμέρα,
2408 5428 2528 5483 καθ’
2557 5429 2623 5499 ἦν
2649 5428 2769 5482 τότε
2802 5427 2863 5480 τὸ
2898 5427 3186 5480 Ἰουδαϊκὸν
3203 5425 3458 5478 τελεῖται.

2363 5557 2628 5625 Μέθοδος
2657 5557 2732 5612 δι’
2758 5553 2835 5629 ἧς
2866 5558 3204 5628 εὑρήσομεν
3230 5556 3298 5612 τὸ
3323 5555 3558 5627 Πάσχα.

2247 5675 2350 5729 IA'.
2384 5674 2551 5729 Ὅταν
2591 5673 2770 5727 τοίνυν
2809 5673 3200 5746 προαιρώμεθα
3237 5671 3524 5741 γινώσκειν
3561 5671 3619 5723 ὲν
3643 5668 3754 5722 τίνι

2175 5763 2284 5817 τῶν
2324 5764 2418 5818 δύο
2467 5764 2650 5836 μηνῶν
2688 5765 2994 5837 Μαρτίουῆ
3043 5764 3340 5836 Ἀπριλίου,
3385 5763 3479 5817 καὶ
3519 5764 3574 5815 ὲν
3619 5759 3753 5830 ποίᾳ

2177 5853 2358 5927 ἡμέρα
2405 5856 2523 5921 ἐνὸς
2568 5857 2747 5911 αὐτῶν
2781 5857 2842 5911 τὸ
2873 5856 2981 5913 τῶν
3004 5856 3344 5914 Χριστιανῶν
3375 5853 3528 5924 ἅγιον
3557 5851 3753 5924 Πάσχα
