4124 6482
454 391 587 471 iaci

1342 409 1565 466 ISAACI
1602 407 1907 467 MONACHI
1946 405 2320 464 COMPUTUS
2356 402 2796 467 ECCLESIAST.

3561 392 3707 454 +302

450 496 701 593 τελεῖται,
753 524 1057 599 προχείρως
1120 523 1218 593 μὲν
1244 522 1592 596 λαμϐάνομεν
1627 524 1717 579 τὸν
1760 524 1997 579 ὶνεστῶτ

2100 575 2103 584 .
2133 524 2268 581 solis
2300 523 2564 579 habemus
2598 523 2654 576 in
2685 532 2901 577 summo
2932 513 3198 571 laterculo
3226 531 3240 568 :
3272 512 3362 568 cui
3392 510 3694 581 subiectam

449 619 545 673 τοῦ
579 618 730 691 ἡλίου
757 618 973 681 κύκλον,
1004 615 1207 671 ἄνωθεν
1228 615 1479 685 κείμενον
1500 613 1596 669 τοῦ
1629 616 1896 683 κανονίου,
1926 616 2021 669 καὶ

449 708 827 783 κατερχόμεθα
852 711 914 763 τὸ
943 708 1009 761 δι’
1030 706 1192 761 αὐτοῦ
1214 706 1458 772 σελίδιον,
1493 706 1598 771 ἕως
1628 707 1694 760 ἂν
1728 706 2018 776 φθάσωμεν

449 802 529 863 είς
555 800 647 853 τὸν
669 799 870 870 στίχον,
900 799 985 868 ἐφ’
1005 790 1066 850 οὗ
1093 799 1151 850 ὲν
1181 798 1321 868 ἀρχῇ
1352 800 1379 850 ὁ
1395 798 1493 868 τῆς
1514 798 1741 869 σελὴνης
1752 798 2018 869 γράφεται

451 892 680 956 κύκλος’
709 894 803 947 καὶ
853 892 913 945 τὸ
943 891 1083 945 οὕτω
1119 892 1367 961 κείμενον
1409 892 1636 963 ἀντικρὺ
1684 890 1825 944 κατὰ
1859 889 2018 960 βάθος

453 985 553 1055 μὲν
577 983 672 1038 τοῦ
706 983 994 1047 ἐνεστῶτος
1032 982 1257 1055 ἡλιακοῦ
1298 983 1519 1050 κύκλου,
1548 985 1690 1038 κατὰ
1716 983 1917 1047 πλάτος
1960 984 2018 1038 δὲ

448 1072 543 1128 τοῦ
585 1074 926 1146 σεληνιακοῦ,
971 1076 1213 1145 φήσομεν
1266 1069 1404 1127 εἶναι
1446 1075 1508 1127 τὸ
1539 1075 1647 1129 τῶν
1676 1075 2018 1147 Χριστιανῶν

448 1166 602 1235 ἄγιον
624 1167 846 1238 Πάσχα·
881 1167 976 1237 τήν
1005 1166 1049 1220 δ’
1080 1167 1169 1219 ὑπ’
1203 1166 1334 1219 αὐτὸ
1372 1167 1585 1239 ἡμέραν
1612 1166 1712 1237 τὴν
1739 1167 1837 1237 τῆς
1868 1166 2019 1219 ἑϐδο-

452 1259 617 1323 μάδος
672 1261 907 1332 ἡμέραν,
952 1259 1073 1312 καθ’
1118 1259 1186 1329 ἡν
1236 1258 1425 1327 γέγονε
1455 1259 1517 1312 τὸ
1550 1258 1671 1311 τότε
1710 1257 2012 1312 Ἰουδαϊκόν.

516 1346 661 1415 Οἷον,
691 1351 767 1415 ὡς
812 1353 872 1404 ὲν
923 1350 1299 1421 ὑποδείγματι,
1326 1349 1466 1404 ἔστω
1493 1350 1672 1421 ζητεῖν
1699 1352 1848 1421 ἡμᾶς
1874 1349 2015 1403 κατά

444 1442 507 1497 τὸ
562 1442 792 1505 ἐνεστὼς
841 1441 958 1506 ἔτος
1007 1441 1067 1494 τὺ
1107 1441 1214 1495 ἀπὸ
1253 1441 1351 1511 τῆς
1374 1440 1466 1494 τοῦ
1510 1440 1712 1512 κόσμου
1751 1441 2015 1509 γενέσεως

446 1532 646 1599 ,ςωπα’
684 1532 823 1597 ἔτος,
854 1534 911 1586 ὲν
971 1533 1100 1604 ποίᾳ
1160 1532 1343 1603 ἡμέρᾳ,
1402 1532 1494 1586 τοῦ
1546 1532 1789 1603 Μαρτίου
1843 1531 1875 1602 ἢ
1918 1531 2012 1585 τοῦ

456 1626 733 1697 Ἀπριλίου
762 1626 824 1680 τὸ
838 1624 947 1679 τῶν
969 1623 1306 1697 Χριστιανῶν
1334 1623 1486 1677 ἔσται
1523 1625 1733 1696 Πάσχα.
1767 1626 1877 1679 Καὶ
1889 1627 2013 1678 ἐπεὶ

442 1716 654 1788 ἐδείχθη
684 1718 802 1771 κατ’
838 1717 969 1771 αὐτὸ
996 1717 1055 1770 τὸ
1086 1716 1225 1782 ἔτος,
1263 1716 1414 1787 ἡλίου
1449 1719 1545 1789 μὲν
1577 1717 1651 1771 ὢν
1680 1717 1876 1783 κύκλος
1901 1718 2007 1784 κα’,

2125 614 2367 668 tabulam
2405 614 2593 667 tandiu
2616 610 3014 683 percurrimus,
3047 608 3176 662 dum
3211 604 3280 659 ad
3304 618 3427 661 eum
3477 617 3693 657 versum

2126 704 2533 774 perveniamus,
2556 703 2717 772 cujus
2749 699 2906 755 initio
2932 700 3076 752 lunae
3100 696 3292 769 cyclus
3328 693 3617 749 ascribitur
3639 699 3701 745 et

2128 796 2220 867 qui
2246 796 2298 850 in
2325 794 2599 865 proselide
2617 807 2883 848 numerus
2912 788 3158 845 occurrit
3189 786 3350 857 202
3387 784 3540 857 cyclo
3561 783 3699 839 solis

2124 891 2180 944 in
2212 887 2504 953 directum,
2533 886 2676 939 lunae
2710 884 2767 938 in
2804 891 3178 937 transversum
3208 878 3527 942 attributus,
3567 889 3692 930 eum

2122 979 2564 1035 Christianorum
2593 975 2838 1030 indicare
2860 971 3072 1028 Pascha
3105 970 3381 1033 dicemus;
3411 967 3540 1020 huic
3561 979 3693 1020 vero

2123 1073 2423 1143 subjectam
2449 1070 2617 1134 diem,
2646 1068 2838 1124 feriam
2867 1081 3011 1133 esse,
3041 1078 3150 1136 qua
3172 1061 3456 1118 Judaicum
3479 1059 3693 1115 Pascha

2123 1164 2434 1235 contigerit.

2194 1353 2442 1423 Exempli
2475 1365 2643 1407 causa
2675 1369 2688 1403 :
2729 1357 3006 1419 quaeratur
3026 1346 3130 1400 hoc
3161 1358 3325 1408 anno,
3373 1341 3466 1412 qui
3494 1346 3579 1396 est
3619 1339 3690 1395 ab

2120 1449 2255 1505 orbe
2290 1445 2511 1501 condito
2535 1441 2698 1507 6881,
2731 1450 2898 1512 quoto
2928 1439 3018 1494 die
3046 1436 3246 1501 Martii,
3269 1438 3354 1490 vel
3372 1433 3574 1505 Aprilis
3602 1432 3687 1486 in-

2119 1538 2254 1595 cidit
2301 1536 2536 1591 Pascha.
2572 1532 2843 1600 Quoniam
2895 1545 3025 1601 ergo
3077 1542 3243 1598 supra
3289 1523 3687 1581 demonstravi-

2116 1646 2263 1695 mus,
2314 1629 2527 1700 cyclum
2593 1642 2659 1681 eo
2708 1640 2853 1680 anno
2896 1624 3030 1680 solis
3080 1636 3205 1677 esse
3248 1634 3365 1681 χιι,
3411 1617 3551 1672 lunae
3599 1631 3684 1677 ιιι,

2117 1730 2414 1792 utrumque
2451 1720 2508 1774 in
2565 1718 2830 1773 laterculo
2862 1714 3197 1787 quaerimus,
3230 1710 3363 1767 solis
3401 1711 3457 1762 in
3505 1706 3686 1762 fronte

442 1808 671 1880 σελήνης
699 1810 755 1863 δὲ
775 1808 974 1879 τρίτος,
1008 1808 1354 1880 λαμϐάνομεν
1380 1810 1572 1873 αὐτοὺς
1595 1810 1652 1862 ἐν
1672 1809 1749 1880 τῷ
1782 1811 1997 1881 κανονίιῳ

2114 1813 2336 1876 tabulae,
2370 1811 2516 1865 lunae
2564 1816 2744 1864 autem
2802 1807 2868 1862 ad
2910 1806 3095 1872 latus;
3127 1812 3181 1859 et
3234 1802 3361 1873 quia
3400 1798 3579 1855 media
3626 1798 3684 1853 in

440 1899 646 1954 ἄνωθεν
689 1900 788 1971 μὲν
835 1900 926 1954 τὸν
982 1899 1073 1954 τοῦ
1120 1900 1291 1972 ἡλίου,
1322 1902 1387 1954 ὲκ
1415 1900 1643 1969 πλαγίου
1684 1901 1741 1953 δὲ
1785 1902 1878 1955 τὸν
1914 1905 1997 1972 τῆς

2116 1917 2243 1960 area
2275 1902 2586 1958 communis
2615 1901 2847 1972 angulus
2875 1913 2987 1953 xvn
3026 1897 3168 1953 diem
3205 1894 3409 1965 Aprilis
3437 1891 3678 1957 exhibet,

440 1991 707 2063 σελήνης·
763 1992 993 2064 κάπειδὴ
1049 1994 1455 2065 συνερχομένων
1515 1995 1572 2046 ὲν
1614 1992 1690 2064 τῷ
1742 1994 1889 2065 μέσῳ
1916 1995 2012 2050 τοῦ

436 2081 684 2135 κανονίου
710 2083 849 2139 κατὰ
872 2083 970 2154 τὴν
988 2083 1295 2138 συνέλευσιν
1318 2083 1385 2149 ιζ’
1421 2082 1515 2136 τοῦ
1546 2084 1822 2155 Ἀπριλίου
1855 2103 2016 2140 κατα-

434 2174 726 2245 γράφεται,
774 2176 1014 2247 φήσομεν
1068 2176 1390 2247 γενήσεσθαι
1425 2170 1488 2229 τὸ
1520 2178 1786 2249 ἡμέτερον
1817 2178 2008 2249 Πάσχα

432 2267 574 2320 κατὰ
616 2266 713 2338 τὴν
756 2267 847 2320 τοῦ
900 2267 1174 2339 Ἀπριλίου
1221 2267 1326 2330 ιζ’·
1386 2271 1486 2340 τὴν
1523 2268 1579 2321 δὲ
1619 2269 1723 2322 ὑπὸ
1758 2269 1849 2324 τὸν
1886 2271 2009 2342 ἀρι-

433 2357 568 2428 θμδν
608 2358 796 2413 τοῦτον
828 2359 878 2412 α’
925 2360 1167 2429 ἡμέραν,
1213 2360 1379 2430 ἡγουν
1434 2359 1533 2430 τὴν
1586 2359 1837 2431 πρώτην,
1900 2364 2006 2434 φή-

433 2464 599 2518 σομεν
665 2446 803 2504 εἶναι
858 2452 1072 2523 ἡμέραν
1128 2451 1228 2521 τῆς
1292 2452 1587 2523 ἑϐδομάδος
1632 2452 1681 2506 α’
1745 2454 1847 2524 τὴν
1901 2455 2008 2526 πρὸ

428 2538 523 2591 τοῦ
554 2541 930 2610 Χριστιανικοῦ
977 2542 1163 2595 τούτου
1205 2542 1430 2614 Πάσχα,
1469 2545 1591 2599 καθ’
1644 2546 1711 2616 ἢν
1746 2547 1895 2600 ἔσται
1945 2548 2006 2601 τὸ

443 2630 749 2686 Ἰουδαϊκόν,
780 2633 948 2703 Δῆλον
994 2633 1124 2706 γάρ,
1156 2635 1253 2700 ὡς,
1301 2636 1423 2689 ἐπεὶ
1452 2639 1486 2708 ἡ
1512 2640 1886 2710 παρακειμένη
1920 2641 1998 2712 τῷ

428 2724 597 2794 τρίτῳ
653 2723 838 2796 κύκλῳ
866 2726 965 2797 τῆς
1000 2726 1227 2797 σελήνης
1263 2726 1295 2780 ι’
1324 2726 1419 2782 τοῦ
1459 2730 1734 2802 Ἀπριλίου
1768 2733 1829 2785 τὸ
1872 2733 2001 2786 ἰου-

427 2813 610 2869 δαῖκδν
658 2815 851 2887 Πάσχα
896 2817 1064 2888 δηλοῖ,
1094 2812 1377 2891 γενήσεται
1400 2820 1456 2873 δὲ
1490 2821 1632 2875 κατὰ
1658 2821 1869 2892 ἡμέραν
1903 2826 2000 2896 τῆς

427 2905 718 2976 ἑϐδομάδος
763 2914 830 2973 α’,
877 2908 970 2962 ἐὰν
1015 2913 1083 2981 τῇ
1141 2917 1172 2964 ι’
1233 2910 1328 2965 τοῦ
1375 2912 1651 2983 Ἀπριλίου
1710 2914 1921 2986 ἡμέρας
1955 2915 1999 2980 ζ’

426 2998 751 3071 προσθῶμεν
799 3000 899 3063 τὰς
952 3001 1081 3074 ἄχρι
1101 3004 1199 3074 τῆς
1240 2996 1540 3074 ἐρχομένης
1561 3006 1866 3077 Κυριακῆς,
1899 3007 1997 3071 τὰς

2114 2010 2182 2053 eo
2209 1995 2298 2051 die
2323 1993 2536 2051 Pascha
2551 2000 2800 2048 nostrum
2825 1990 2940 2046 fore
2960 1988 3414 2060 pronuntiamus;
3441 1998 3561 2053 quae
3582 1998 3679 2037 au-

2114 2098 2225 2146 tem
2255 2104 2485 2146 numero
2513 2096 2599 2144 est
2628 2086 2804 2143 eidem
2837 2084 3083 2155 subjecta
3131 2083 3264 2138 feria
3296 2080 3493 2151 prima,
3532 2077 3679 2133 diem

2112 2179 2473 2236 hebdomadis
2493 2193 2616 2234 esse
2634 2176 2902 2241 dicemus,
2933 2190 3053 2245 quae
3075 2172 3285 2229 Pascha
3302 2170 3679 2227 Christianum

2112 2273 2420 2338 antecedit,
2473 2279 2528 2327 et
2583 2272 2638 2326 in
2683 2285 2845 2341 quam
2893 2268 3181 2324 Iudaicum
3229 2267 3490 2320 incurret.
3539 2263 3678 2318 Cum

2111 2365 2258 2421 enim
2301 2364 2368 2419 ad
2421 2365 2645 2419 tertium
2699 2362 2912 2434 cyclum
2943 2359 3192 2431 apposita
3236 2375 3271 2412 x
3316 2357 3435 2412 dies
3473 2354 3677 2426 Aprilis

2110 2456 2322 2514 Pascha
2346 2456 2660 2512 Judaaorum
2696 2454 2923 2519 indicet,
2953 2453 3118 2523 idque
3144 2452 3373 2522 primam
3406 2448 3461 2503 in
3484 2449 3677 2504 feriam

2108 2546 2337 2611 incidat,
2368 2547 2716 2618 perspicuum
2744 2553 2851 2610 est,
2891 2544 2938 2601 si
2969 2543 3038 2597 ad
3060 2543 3205 2598 diem
3245 2540 3450 2610 Aprilis
3482 2554 3515 2591 χ
3550 2553 3675 2606 sep—

2108 2647 2219 2696 tem
2263 2639 2381 2696 dies
2416 2639 2713 2703 accedant,
2765 2652 2887 2708 qua:
2934 2636 3004 2691 ad
3059 2635 3309 2705 proxime
3359 2638 3677 2701 sequentem

2105 2732 2501 2801 hebdomadam
2537 2730 2873 2802 pertingunt,
2905 2743 3020 2783 xvn
3044 2726 3249 2797 Aprilis
3272 2725 3418 2780 diem
3453 2720 3674 2788 conﬁci,

2104 2840 2215 2896 quo
2235 2824 2609 2879 Christianum
2639 2822 2850 2877 Pascha
2883 2829 3192 2892 peragetur.
3225 2818 3303 2871 Ita
3320 2832 3386 2872 ex
3408 2813 3674 2870 laterculo

2106 2914 2263 2970 facile
2278 2912 2425 2984 quod
2446 2913 2736 2984 quaesitum
2760 2920 2844 2967 est
2863 2911 3165 2967 extricatur
3197 2927 3209 2963 :
3233 2907 3379 2977 quod
3405 2904 3574 2961 etiam
3602 2918 3670 2959 ex

2104 3006 2365 3063 methodo
2397 3011 2479 3061 sic
2517 3006 2768 3060 habetur.
3276 3028 3279 3029 ν

429 3087 493 3151 ιζ’
527 3090 618 3143 τοῦ
649 3092 923 3163 Ἀπριλίου
952 3095 1268 3165 ποιήσομεν,
1297 3094 1418 3147 καθ’
1441 3094 1507 3159 ἃς
1560 3096 1620 3150 τὺ
1651 3097 1841 3168 Πάσχα
1903 3099 2054 3154 ἔσται
2097 3098 2500 3172 Χριστιανικόν.
2549 3098 2659 3150 Καὶ
2705 3095 2877 3159 οὕτως
2922 3095 3020 3166 μὲν
3047 3094 3111 3148 ὲκ
3138 3110 3230 3147 του
3258 3090 3506 3146 κανονίου
3536 3103 3672 3163 προ-

424 3180 623 3251 χείρως
665 3181 1017 3257 λαμϐάνεται,
1042 3183 1103 3236 τὸ
1128 3182 1463 3253 ζητούμενον
1484 3201 1497 3215 ·
1538 3185 1631 3238 καὶ
1663 3186 1750 3240 διὰ
1775 3187 1996 3258 μεθόδου
2044 3191 2101 3244 δὲ
2128 3190 2223 3244 καὶ
2246 3188 2419 3252 οὕτως
2447 3205 2460 3219 ·

527 3295 727 3365 Ἑτέρα
760 3296 1014 3366 μέθοδος
1043 3295 1155 3365 τῆς
1179 3297 1287 3353 τοῦ
1334 3298 1550 3368 Πάσχα
1583 3301 1894 3370 εὑρέσεως.

506 3412 658 3465 Ἐπεὶ
683 3409 878 3482 ἔχομεν
899 3410 1019 3465 καθ’
1043 3411 1272 3467 ἕκαστον
1294 3413 1402 3467 τῶν
1421 3412 1751 3484 σεληνιακῶν
1780 3413 1994 3469 κύκλων

419 3502 520 3574 τὴν
552 3503 646 3557 ἐπὶ
675 3502 771 3556 τοῦ
807 3502 1051 3573 Μαρτίου
1094 3504 1222 3575 ἄχρι
1243 3505 1335 3558 καὶ
1374 3506 1471 3576 τῆς
1500 3505 1563 3569 ιζ’
1585 3504 1679 3558 τοῦ
1719 3506 1991 3577 Ἀπριλίου

418 3594 708 3665 γινομένην
752 3594 1105 3666 πανσέληνον,
1163 3595 1286 3667 ἥτις
1337 3596 1398 3649 τὸ
1467 3597 1753 3651 Ἰουδαϊκὸν
1800 3598 1993 3668 Πάσχα

423 3684 651 3758 μηνύει’
705 3686 791 3741 διὰ
842 3687 935 3740 τοῦ
981 3687 1428 3758 ἡμεροευρεσίου,
1459 3688 1534 3752 ὡς
1561 3689 1990 3760 προειλήφαμεν,

418 3779 747 3851 εὑρίσκομεν
803 3781 861 3835 ὲν
890 3780 1020 3852 ποίᾳ
1047 3780 1229 3853 ἡμέρᾳ
1252 3780 1361 3835 τῶν
1386 3780 1486 3852 τῆς
1515 3781 1805 3853 ἑϐδομάδος
1842 3782 1995 3837 ἔσται

417 3870 478 3924 τὸ
503 3872 724 3942 νομικὸν
752 3871 944 3944 Πάσχα
984 3873 1046 3926 τὸ
1092 3874 1494 3945 παρακείμενον
1518 3873 1595 3945 τῷ
1618 3874 1873 3930 ἐνεστῶτι
1900 3891 1992 3928 σε-

416 3960 659 4034 ληνιακῷ
688 3961 872 4034 κύκλῳ
891 3980 904 3994 ·
939 3956 984 4031 ᾧ
1009 3963 1387 4035 προστιθέντες
1410 3964 1506 4029 τάς
1542 3966 1740 4035 ἐφεξῆς
1781 3965 1991 4037 ἡμέρας

415 4052 516 4124 τῆς
545 4053 837 4124 ἑϐδομάδος
860 4054 987 4126 ἄχρι
1019 4056 1113 4110 καὶ¹
1139 4055 1305 4127 αὐτῆς
1335 4056 1434 4126 τῆς
1464 4055 1768 4126 Κυριακῆς,
1799 4057 1992 4130 ἔχομεν

418 4142 591 4196 καὶτὸ
610 4142 731 4197 καθ’
761 4145 907 4214 ἡμᾶς
938 4145 1092 4211 ἅγιον
1125 4143 1336 4215 Πάσχα,
1367 4145 1425 4197 ὲν
1444 4144 1551 4198 τίνι
1580 4143 1689 4199 τῶν
1720 4144 1812 4199 τοῦ
1843 4147 1995 4217 Μαρ-

415 4233 530 4286 τίου
558 4233 591 4304 ἢ
618 4233 709 4287 τοῦ
754 4234 1028 4307 ’Δπριλίου
1069 4235 1292 4308 ἡμερῶν
1319 4236 1546 4306 γίνεται.
1582 4236 1694 4290 Καὶ
1729 4235 1869 4290 ἔστω
1898 4237 1991 4290 ἐπὶ

417 4324 810 4395 ὑποδείγματος
840 4326 932 4380 τοῦ
958 4327 1377 4399 προειρημένου.
1432 4328 1585 4381 Ἐπεὶ
1614 4326 1692 4399 τῷ
1733 4326 1988 4382 ἐνεστῶτι

412 4414 535 4468 τότε
592 4415 778 4488 κύκλῳ
834 4417 931 4486 τῆς
984 4419 1216 4490 σελήνης
1278 4420 1445 4491 τρίτῳ
1482 4419 1595 4472 δντι
1638 4418 1671 4471 ι’
1710 4419 1985 4490 Ἀπριλίου

413 4505 762 4575 παράκειται,
810 4506 1043 4579 δηλοῦσα
1080 4510 1198 4563 κατ’
1225 4509 1395 4581 αὐτὴν
1436 4505 1574 4563 εἶναι
1602 4510 1664 4562 τὸ
1698 4509 1986 4563 Ἰουδαῖκὸν

2309 3301 2588 3358 Methodus
2618 3303 2791 3357 attera
2823 3299 3103 3357 Paro/tatis
3135 3297 3450 3354 inveniendi.

2165 3418 2301 3476 Cum
2341 3419 2398 3474 in
2424 3432 2755 3489 unoquoque
2782 3416 2937 3488 cyclo
2970 3414 3151 3470 lunari
3177 3411 3475 3484 plenilunia
3502 3409 3663 3465 nobis

2094 3508 2276 3564 omnia
2305 3513 2578 3572 constent,
2616 3521 2741 3577 quae
2786 3506 2845 3560 in
2875 3503 3092 3571 Martio,
3131 3510 3187 3557 et
3224 3502 3293 3557 ad
3325 3515 3439 3556 xvii
3459 3499 3663 3571 Aprilis

2095 3615 2272 3671 usque
2317 3600 2694 3662 continentur,
2732 3606 2787 3653 et
2840 3595 3128 3651 Judaicum
3178 3593 3391 3648 Pascha
3435 3592 3666 3647 demon-

2092 3700 2291 3758 strant,
2330 3708 2429 3763 per
2448 3690 2774 3746 laterculum
2810 3686 3118 3760 septizonii,
3156 3694 3216 3740 ut
3246 3695 3371 3741 ante
3399 3684 3680 3748 diximus,_

2089 3781 2401 3853 indaganda
2420 3790 2505 3838 est
2532 3781 2667 3836 feria
2692 3780 2883 3851 legalis
2903 3777 3211 3839 Paschatis,
3239 3776 3384 3848 quod
3425 3777 3492 3831 ad
3522 3792 3664 3848 pra:-

2091 3885 2299 3934 sentem
2332 3877 2476 3932 luna:
2502 3876 2715 3948 cyclum
2741 3874 3065 3941 adnotatur;
3085 3873 3172 3929 cui
3203 3871 3444 3941 reliquas
3464 3871 3530 3925 ad
3556 3869 3661 3925 Do-

2090 3969 2350 4026 minicam
2395 3966 2756 4024 hebdomadis
2809 3963 2974 4021 ferias
3036 3962 3334 4028 addentes,
3396 3962 3660 4017 habemus

2091 4061 2294 4125 Martii.
2337 4060 2420 4115 vel
2449 4059 2655 4130 Aprilis
2681 4058 2849 4123 diem,
2886 4057 2943 4111 in
2975 4071 3137 4127 quem
3175 4063 3423 4117 nostrum
3448 4051 3660 4117 Pascha

2094 4152 2479 4209 committitur.
2513 4150 2675 4206 Verbi
2717 4149 2893 4219 gratia
2922 4155 3202 4218 repetatur
3244 4145 3497 4221 superius
3525 4145 3659 4199 illud

2092 4244 2420 4314 exemplum.
2474 4242 2742 4309 Quoniam
2796 4241 2942 4295 enim
2996 4240 3065 4295 ad
3116 4240 3402 4301 ineuntem.
3444 4237 3657 4307 cyclum

2090 4335 2236 4390 lunae
2275 4335 2498 4390 tertium
2531 4350 2565 4388 ι
2592 4334 2710 4388 dies
2753 4332 2964 4402 Aprilis
2985 4331 3322 4401 adiungitur,
3358 4327 3660 4385 ostendens

2089 4426 2148 4481 in
2191 4442 2316 4482 eum
2344 4427 2488 4482 diem
2534 4424 2732 4480 cadere
2773 4422 2983 4483 Pascha
3029 4419 3431 4486 Judaicum;si
3476 4418 3657 4474 eidem

2089 4518 2296 4574 mensis
2324 4518 2471 4574 illius
2504 4516 2769 4577 addamus
2796 4521 3068 4584 epactam,
3112 4528 3232 4582 qua:
3260 4517 3344 4567 est
3368 4525 3415 4577 t;
3438 4524 3655 4564 necnon

414 4595 606 4666 Πάσχα
626 4614 639 4627 ·
666 4596 991 4667 προσθέντες
1013 4598 1183 4671 ταύτῃ
1214 4599 1312 4671 τὴν
1348 4598 1442 4652 τοῦ
1477 4598 1638 4653 αὐτοῦ
1680 4598 1848 4669 μηνὸς
1883 4600 1983 4651 έπ-

2100 4611 2400 4680 przeteritos
2433 4608 2568 4671 solis
2598 4624 2669 4663 xx
2700 4607 2884 4679 cyclos
2906 4647 2922 4673 ,
2959 4612 3013 4661 et
3053 4619 3243 4660 eorum
3294 4601 3652 4672 quadrantes,

412 4688 584 4757 ακτὴν
607 4688 658 4741 α’
703 4682 888 4752 οὖσαν,
912 4689 992 4743 ἔτι
1013 4707 1073 4742 τε
1099 4691 1225 4755 τοὺς
1256 4690 1620 4764 παρελθόντας
1641 4690 1690 4744 κ’
1724 4691 1981 4761 ἡλιακοὺς

411 4776 662 4843 κύκλους,
712 4779 806 4832 καὶ
832 4779 899 4833 τά
937 4781 1141 4835 τούτων
1162 4782 1205 4864 δ’
1236 4784 1448 4854 ἡμέρας
1477 4783 1538 4836 ε”
1563 4782 1659 4845 τὰς
1687 4782 1982 4854 γενομένας

409 4868 544 4939 ὁμοῦ
580 4870 789 4942 ἡμέρας
826 4871 914 4936 λς’
948 4873 1268 4943 μερίσαντες
1323 4876 1476 4946 παρὰ
1520 4875 1611 4928 τὸν
1635 4875 1700 4939 ζ’,
1741 4875 1841 4946 τὴν
1894 4877 1981 4930 ὲν·-

408 4961 824 5031 απολειφθεῖσαν
840 4963 887 5017 α’
900 4966 1140 5036 φήσομεν
1161 4965 1373 5038 ἡμέραν
1388 4963 1837 5039 εῖναιΚυριακὴν,
1857 4967 1979 5022 καθ’

408 5052 535 5125 ἡνὴ
578 5055 780 5125 δεκάτη
829 5057 922 5110 τοῦ
964 5056 1242 5128 Ἀπριλίου
1297 5059 1619 5128 συμπίπτει.
1662 5061 1774 5114 Καὶ
1806 5061 1978 5133 ταύτῃ

408 5142 733 5213 προσθέντες
745 5144 842 5208 τὰς
856 5146 955 5216 τῆς
983 5146 1178 5217 ἐφεξῆς
1208 5147 1497 5218 ἑϐδομάδος
1527 5149 1655 5220 ἄχρι
1683 5152 1778 5205 καὶ
1809 5152 1978 5221 αὐτῆς

405 5231 506 5302 τῆς
557 5236 855 5307 ἐρχομένης
906 5239 1189 5308 Κυριακῆς
1239 5239 1453 5310 ἡμέρας
1515 5240 1580 5305 ζ’,
1636 5242 1827 5313 ἕξομεν
1883 5245 1977 5297 καὶ

402 5318 576 5383 οὕτως
597 5322 656 5374 τὸ
689 5323 811 5377 καθ’
846 5327 992 5396 ἡμᾶς
1040 5326 1192 5395 ἅγιον
1225 5328 1419 5400 Πάσχα
1446 5332 1516 5401 τῇ
1556 5329 1619 5394 ιζ’
1653 5332 1746 5385 τοῦ
1786 5334 1974 5386 Ἄποι-

404 5410 518 5464 λίου
548 5412 826 5484 ἐσόμενον.

644 5530 799 5598 Περί
825 5529 935 5599 τῆς
983 5532 1275 5600 εὑρέσεως
1304 5513 1415 5603 siit:
1442 5536 1736 5604 ἀπόκρεω.

474 5640 573 5692 ΙΒ’.
592 5641 748 5695 Μετὰ
772 5643 829 5695 δὲ
850 5644 910 5697 τὸ
929 5645 1112 5699 λαϐεῖν
1135 5647 1234 5719 τὴν
1260 5647 1358 5700 τοῦ
1393 5649 1559 5719 μηνὸς
1589 5650 1825 5721 ἡμέραν,
1850 5651 1907 5703 ὲν

401 5729 462 5783 τὸ
490 5730 640 5799 ἅγιον
672 5733 862 5804 Πάσχα
902 5738 1222 5807 συμπίπτει,
1259 5740 1641 5812 προστιθέντες
1676 5741 1813 5811 αὐτῇ
1839 5741 1971 5812 ἡμέ-

406 5836 502 5891 ρας
533 5825 697 5893 τρεῖς,
751 5824 992 5895 βισέξτου
1031 5829 1087 5883 δὲ
1120 5830 1271 5896 ὄντος
1298 5831 1361 5897 δ’,
1396 5833 1722 5905 εὑρίσκομεν
1750 5833 1842 5889 καὶ
1871 5833 1968 5905 τὴν

2084 4702 2210 4758 dies
2227 4720 2281 4769 v,
2304 4716 2518 4757 summa
2550 4700 2782 4756 conflata
2811 4699 3022 4753 dierum
3040 4711 3224 4759 xxxvi,
3258 4694 3303 4749 si
3341 4708 3439 4763 per
3463 4707 3539 4747 vit
3568 4691 3653 4746 di-

2082 4794 2322 4861 vidatur,
2352 4793 2622 4862 reliquam
2653 4791 2816 4845 faciet
2842 4790 2983 4845 diem
3002 4806 3041 4852 ι,
3061 4788 3165 4841 hoc
3186 4795 3269 4841 est
3289 4783 3663 4847 Dominicam,_

2082 4883 2140 4939 in
2164 4897 2328 4954 quam
2357 4881 2563 4953 Aprilis
2592 4898 2625 4934 κ
2655 4880 2965 4935 conveniet.
2983 4876 3064 4931 Ad
3083 4877 3225 4931 hanc
3255 4889 3447 4930 rursus
3477 4878 3655 4927 totam

2082 4973 2410 5035 addentibus
2472 4972 2852 5043 insequentem
2910 4968 3301 5024 hebdomadem
3352 4979 3527 5035 usque
3581 4965 3648 5018 ad

2079 5064 2327 5133 proxime
2355 5072 2673 5133 sequentem
2707 5059 3068 5125 Dominicam,
3106 5072 3228 5128 quae
3261 5064 3390 5111 sunt
3416 5055 3651 5117 diesvn,

2079 5153 2453 5209 Christianum
2485 5152 2698 5209 Pascha
2731 5151 2891 5206 nobis
2935 5159 3212 5214 occurret,
3257 5147 3406 5219 quod
3443 5146 3659 5218 Aprilis.
3744 5148 3745 5155 ‘

2080 5261 2194 5300 xvtt
2227 5247 2526 5319 continget.
3542 5224 3545 5227 Ι

2076 5534 2152 5593 De
2180 5535 2404 5590 introitu
2441 5535 2585 5589 sacri
2608 5533 2805 5604 jejunii
2822 5572 2836 5599 ,
2865 5540 2917 5587 et
2957 5532 3290 5587 abstinentia:
3313 5548 3345 5584 a
3370 5530 3641 5586 carnibus.

2146 5649 2263 5705 XII.
2302 5649 2531 5706 Inventa
2560 5648 2649 5704 die
2680 5647 2910 5712 mensis,
2963 5648 3019 5702 in
3051 5662 3213 5719 quam
3251 5644 3462 5701 Pascha
3514 5660 3646 5701 san-

2073 5753 2221 5799 ctum
2252 5743 2476 5805 incidit,
2514 5750 2624 5797 tres
2659 5740 2725 5793 ad
2758 5739 2906 5795 illam
2944 5738 3063 5794 dies
3092 5738 3375 5805 addimus;
3404 5737 3642 5792 bisextili

2072 5853 2208 5894 vero.
2229 5852 2394 5895 anno.
2433 5835 2625 5901 nulla,
2662 5832 2913 5890 Januarii
2959 5833 3042 5891 vel
3078 5829 3359 5893 Februarii
3388 5830 3541 5887 diem
3556 5844 3646 5886 ro-
