4124 6424
467 364 608 420 i303

1453 364 1547 420 AD
1583 365 1855 424 EUSKBII
1892 367 2290 428 CHRONICON
2329 369 2693 429 APPENDIX.

3575 379 3717 436 ιδυι

463 488 732 563 perimus,
759 501 870 557 quo
901 499 1045 540 anno
1089 484 1184 540 illo
1233 484 1516 540 Dominica
1556 486 1734 557 prima
1777 487 2029 543 introitus

2143 490 2266 543 κατ’
2313 492 2492 545 ἐκεῖνο
2535 493 2598 546 τδ
2649 493 2770 558 ἐτος
2807 491 3084 566 άπόκρεω,
3111 495 3171 548 ἐν
3199 495 3326 569 ποία
3347 497 3532 572 ἡμέρᾳ
3566 499 3717 554 ἔσται

459 583 796 656 jejuniorum
823 579 1056 636 accidet.
1084 577 1219 632 Nam
1253 578 1300 633 si
1328 576 1536 632 Pascha
1575 578 1630 632 in
1656 578 1898 648 Aprilem
1938 595 2033 634 ca-

463 676 566 742 dit,
595 673 1030 744 Carnisprivium
1080 671 1376 728 Februario
1415 671 1724 741 continget;
1763 672 1849 726 sin
1884 671 2032 726 Illar—

463 769 602 822 tium
634 767 904 832 obtineat,
935 780 1109 836 usquc
1149 763 1216 818 ad
1266 779 1437 818 xxvm
1482 764 1535 818 in
1575 764 1816 818 bisextili
1865 779 2031 829 anno,

463 861 551 914 vel
582 875 712 913 xxix
751 858 895 913 diem
917 899 932 921 ,
971 858 1026 912 in
1057 858 1356 921 communi,
1381 855 1817 930 CarniSpriviurn
1855 857 1910 912 in
1944 857 2034 912 Ja-

465 953 720 1006 nuarium
747 957 1037 1019 competet.
1067 946 1202 1001 Nam
1233 948 1278 1003 si
1323 946 1498 1002 Martii
1530 963 1724 1013 xxvm,
1757 955 1852 1002 aut
1883 965 2032 1010 xxix.

467 1051 561 1098 aut
593 1059 721 1108 xxx,
755 1049 848 1095 aut
881 1057 1008 1095 xxxi
1047 1038 1259 1095 Pascha
1292 1038 1406 1105 ﬁat,
1438 1040 1882 1111 Carnisprivium
1929 1041 2035 1096 erit

466 1135 524 1190 in
550 1132 868 1188 Februario.
899 1132 972 1189 Ut
1006 1132 1061 1186 in
1087 1133 1336 1202 exemplo
1359 1133 1487 1186 anni
1525 1133 1771 1202 proxime
1801 1147 2036 1202 sequen-

463 1227 536 1282 tis
553 1225 902 1297 perspicuum
927 1225 1052 1280 erit.
1091 1223 1228 1280 Cum
1259 1225 1406 1279 enim
1433 1223 1636 1293 Aprilis
1669 1239 1805 1290 xvn,
1841 1225 1921 1278 uti
1951 1223 2037 1278 di-

464 1325 612 1372 ctum
645 1325 752 1382 est,
795 1315 1006 1372 Pascha
1057 1318 1130 1371 sit
1169 1315 1450 1382 futurum;
1485 1317 1534 1372 si
1582 1315 1820 1372 triduum
1862 1315 1931 1370 ad
1978 1316 2034 1371 id

464 1412 688 1468 accedat
735 1412 868 1485 (non
905 1412 1048 1468 enim
1093 1411 1362 1468 bisextilis
1397 1410 1486 1466 hic
1519 1425 1698 1466 annus
1733 1410 1859 1483 est),
1915 1409 2034 1466 dies

464 1507 580 1569 ille,
615 1505 707 1577 qui
752 1505 1009 1562 residuus
1054 1506 1181 1573 erit,
1231 1502 1519 1561 Februarii
1553 1504 1866 1569 vicesimus,
1899 1501 2036 1558 Car-

463 1597 793 1668 nisprivium
829 1595 1127 1650 exhibebit.

624 1709 912 1767 Hethodus
947 1711 1058 1764 alia
1087 1708 1372 1764 Paschalis
1400 1717 1450 1764 et
1482 1707 1853 1779 Carnisprivii.

2137 583 2234 636 106
2300 584 2627 658 Ἰανουαρίου
2673 585 2707 656 ἢ
2757 585 2851 638 τοῦ
2903 586 3292 660 ⁴ιεϐρουαρίου.
3341 591 3430 643 Ἐν
3475 591 3572 660 μὲν
3607 592 3719 662 γὰρ

2149 674 2406 745 Ἀπριλίῳ
2453 675 2549 728 106
2595 677 2786 746 Πάσχα
2835 676 3007 742 ὄντος,
3055 680 3088 750 ἡ
3124 680 3414 752 άπόκρεως
3453 681 3606 735 ἐσται
3655 685 3719 735 ἐν

2133 763 2501 836 Φεϐρουαρίῳ·
2533 767 2589 818 ἐν
2623 765 2681 820 δὲ
2706 767 2934 838 Μαρτίῳ
2959 769 3086 838 ἄχρι
3121 769 3220 841 τῆς
3254 771 3340 841 κη’
3376 773 3434 825 ἐν
3467 771 3716 842 βισέξτῳ,

2135 855 2168 926 ἡ
2219 855 2320 926 τῆς
2363 854 2444 908 κθ¹
2502 856 2564 909 ἐν
2604 856 2664 908 οὐ
2721 855 2988 926 βισέξτῳ,
3049 861 3083 928 ἡ
3143 859 3429 929 ἀπόκρεως
3491 863 3548 914 ἐν
3609 862 3717 915 Ἰα-

2135 943 2367 1016 νουαρίῳ
2413 943 2582 1000 ἔσται.
2642 945 2728 998 Ἐν
2757 945 2864 1017 γὰρ
2906 949 2972 1018 τῇ
3020 947 3106 1019 κη’
3130 947 3224 1001 τοῦ
3253 949 3518 1021 Μαρτίου,
3565 951 3599 1022 ἢ
3647 953 3716 1023 τῇ

2135 1033 2236 1098 κθ’,
2291 1034 2326 1104 ἢ
2372 1037 2437 1105 τῇ
2487 1034 2554 1099 λ’,
2603 1035 2740 1107 ἢτῇ
2781 1035 2864 1089 λα’
2916 1037 3315 1108 συμπίπτοντος
3355 1040 3450 1093 τοῦ
3501 1041 3716 1111 Πάσχα,

2135 1124 2174 1195 ἡ
2224 1123 2510 1194 άπόκρεως
2559 1125 2618 1179 ἐν
2660 1123 3010 1196 Φεϐρουαρίῳ
3059 1125 3241 1179 ἔσται·
3301 1127 3378 1191 ὼς
3439 1128 3532 1180 ἐπὶ
3585 1129 3720 1182 ὑπο-

2133 1215 2420 1286 δείγματος
2483 1214 2576 1268 τοῦ
2650 1215 2944 1288 ἐρχομένου
2992 1217 3089 1270 σὺν
3143 1217 3264 1288 Θεῷ
3325 1219 3516 1288 Πάσχα
3563 1219 3717 1275 ἐσται

2135 1307 2386 1378 φανερόν.
2451 1307 2604 1360 Ἐπεὶ
2662 1307 2772 1379 γὰρ
2814 1309 2880 1380 τῇ
2933 1306 2998 1374 ιζ’
3051 1308 3204 1364 ἔσται
3257 1309 3352 1363 τοῦ
3415 1311 3718 1383 ’Δπριλίου,

2132 1397 2210 1461 ὡς
2247 1398 2452 1452 ἄνωθεν
2504 1399 2742 1470 εἴρηται,
2773 1399 2948 1472 ταύτῃ
2996 1401 3326 1471 προσθέντες
3370 1403 3420 1471 γ’
3467 1404 3548 1473 (οὐ
3604 1405 3716 1476 γάρ

2134 1491 2250 1544 ἐστι
2277 1491 2338 1544 τὸ
2367 1489 2538 1560 παρὸν
2582 1489 2702 1554 ἔτος
2737 1489 3022 1562 βίσεξτον),
3054 1491 3156 1557 τὰς
3201 1494 3502 1565 γενομένας
3540 1502 3590 1549 κ’
3615 1495 3715 1551 τοῦ

2132 1582 2499 1655 Φεϐρουαρίου
2527 1582 2627 1656 τὴν
2658 1583 2918 1654 ἀπόκρεω
2945 1583 3160 1656 ἕξομεν.

2144 1694 2344 1762 Ἑτέρα
2363 1692 2618 1764 μέθοδος
2638 1695 2770 1765 περὶ
2800 1695 2912 1765 τῆς
2937 1697 3207 1765 ἀπόκρεω
3237 1697 3462 1754 καὶτοῦ
3479 1698 3716 1768 Πάσχα.

529 1823 671 1880 Xlll.
707 1823 969 1894 Exposita
995 1833 1080 1879 est
1124 1823 1394 1879 hactenus
1427 1822 1722 1879 methodus
1761 1822 1875 1890 illa,
1913 1837 2029 1894 qua!

2206 1805 2306 1862 ll".
2327 1807 2438 1860 Καὶ
2471 1805 2607 1879 αὕτη
2639 1807 2741 1879 μὲν
2771 1809 2986 1880 ήμέχρι
3014 1810 3046 1880 ἡ
3056 1809 3173 1880 μῶν
3199 1801 3454 1879 φθάσασα
3495 1811 3720 1882 μέθοδος

460 1933 492 1972 a
518 1916 820 1988 majoribus
852 1924 1100 1989 accepta,
1123 1918 1192 1974 ad
1239 1932 1342 1973 nos
1375 1932 1552 1988 usque
1602 1927 1900 1988 propagata
1927 1924 2032 1973 est.

457 2009 648 2064 Altera
674 2024 825 2071 vero,
857 2023 1022 2079 quam
1061 2007 1493 2078 excogitavimus
1531 2009 1668 2078 ipsi,
1707 2009 1922 2063 ratione
1971 2021 2036 2062 ac

459 2099 931 2157 demonstratione
967 2107 1337 2164 constantem,
1361 2114 1637 2170 quamque
1672 2114 1773 2155 nos
1795 2099 2036 2170 explica-

459 2201 619 2248 turos
645 2192 1010 2259 ostendimus,
1053 2198 1139 2248 est
1164 2191 1459 2262 ejusmodi.
1490 2189 1764 2257 Quoniam
1795 2205 1828 2245 a
1855 2191 2036 2246 lunari

459 2283 628 2346 coitu,
654 2282 750 2353 qui
786 2279 1109 2338 .lanuarium
1137 2282 1452 2346 antecessit,
1477 2281 1546 2336 ad
1579 2282 1742 2352 hujus
1770 2283 1901 2337 anni
1937 2279 2037 2336 Ju-

460 2376 681 2431 daicum
714 2374 949 2442 Pascha,
979 2375 1126 2447 quod
1150 2375 1202 2428 in
1232 2374 1596 2444 plenilunium
1627 2375 1840 2442 incidit,
1877 2375 2036 2430 luna-

461 2479 554 2522 res
582 2481 803 2522 menses
833 2467 1182 2522 intercedunt
1214 2474 1325 2521 tres
1355 2480 1479 2521 cum
1505 2465 1754 2533 dimidio,
1785 2467 1879 2537 qui
1917 2465 2035 2522 dies

461 2558 732 2628 cnlligunt
761 2573 886 2625 CIII;
923 2559 980 2613 in
1021 2559 1290 2614 laterculo
1329 2573 1458 2613 vero
1504 2555 1757 2612 Paschali
1801 2557 2034 2613 Judaica

459 2649 734 2706 Paschata
768 2650 937 2706 biduo
963 2651 1270 2707 redundare
1307 2650 1560 2706 videntur
1592 2665 1756 2720 supra
1777 2659 2031 2706 exactum

458 2743 853 2814 plenilunium;
888 2743 1349 2814 quemadmodum
1387 2751 1576 2814 postea
1625 2743 2032 2800 demonstrabi-

470 2842 594 2902 tur;
643 2833 868 2890 biduum
902 2833 1050 2891 istud
1102 2833 1297 2892 diebus
1347 2835 1461 2890 illis
1499 2849 1599 2889 cm
1645 2835 1927 2901 addentes,
1963 2835 2033 2890 de

467 2939 679 2982 summa
721 2924 932 2981 dierum
976 2940 1043 2980 cv
1080 2925 1332 2982 deductis
1363 2925 1796 2997 quadragesima!
1835 2925 2031 2981 diebus

460 3031 650 3082 xum,
673 3031 798 3072 cum
853 3016 1051 3074 diebus
1089 3026 1298 3089 septem
1318 3018 1716 3091 'l‘yr0phagi,id
1740 3024 1845 3086 est,
1881 3036 1900 3070 ι
1937 3017 2033 3074 he-

467 3107 778 3174 bdomadis,
820 3109 875 3163 in
904 3124 1010 3178 qua
1047 3125 1178 3166 esus
1211 3110 1358 3167 casei
1393 3111 1734 3175 conceditur,
1774 3129 1794 3164 ι
1830 3111 1875 3166 si
1899 3110 2028 3164 reli—

455 3215 596 3270 quos
627 3215 659 3254 ι,
681 3199 803 3256 dies
829 3214 861 3254 a
891 3201 1069 3256 lunari
1117 3200 1356 3272 synodo,
1391 3217 1514 3272 qua:
1553 3202 1798 3273 proxime
1829 3199 2028 3256 Janua-

455 3291 598 3346 rium
630 3293 931 3361 praecessit,
959 3301 1360 3364 computemus,
1395 3293 1616 3364 planum
1647 3299 1734 3348 est
1755 3293 2026 3347 calculum

454 3393 707 3438 nostrum
737 3383 806 3438 ad
857 3383 1256 3442 hebdomadam
1301 3383 1663 3456 Carnisprivii
1702 3383 2026 3454 perductum

454 3474 545 3542 iri,
573 3475 678 3531 hoc
717 3486 802 3532 est
828 3490 860 3530 a
913 3474 1199 3532 Dominica
1231 3495 1252 3529 ι
1285 3477 1529 3549 Prodigi,
1563 3496 1582 3528 ι
1620 3477 1687 3532 ad
1727 3475 2028 3533 Sabbatum

455 3575 584 3623 ante
597 3566 961 3638 Carnisprivii
979 3567 1340 3628 Dominicam.
1370 3568 1614 3640 Adjectis
1638 3569 1798 3640 203
1828 3569 2028 3625 deinde

452 3658 684 3729 reliquis
713 3658 784 3713 ad
812 3657 1151 3716 Dominicam
1181 3659 1408 3725 diebus,
1451 3661 1813 3731 Carnisprivii
1842 3658 2030 3715 Domi-

453 3749 637 3803 nicam
663 3763 1065 3820 assequemur:
1098 3751 1245 3807 unde
1271 3761 1326 3808 et
1350 3750 1563 3808 Pascha
1601 3751 1899 3808 constabit.
1920 3750 2028 3806 Ex-

454 3841 736 3909 periamur
773 3839 827 3894 in
886 3841 1134 3911 exemplo
1191 3842 1442 3911 proxime
1490 3842 1688 3898 futura;
1730 3841 2028 3898 Dominica

453 3929 834 4001 Carnisprivii.
852 3930 1018 4002 Cyclo
1045 3932 1188 3987 luna:
1207 3948 1259 3986 vr
1285 3932 1508 3989 ineunte
1525 3932 1787 3990 Kalendis
1818 3931 2026 3987 Janua-

455 4021 557 4078 riis
585 4031 790 4094 epactaa
831 4032 962 4080 sunt
994 4041 1071 4079 ri.
1110 4024 1252 4098 Ergo
1292 4041 1390 4082 sex
1426 4026 1622 4083 diebus
1659 4031 1787 4082 ante
1824 4025 2026 4082 Kalen-

453 4112 553 4169 das
581 4112 877 4172 Januarias
921 4116 1131 4173 lunaris
1191 4117 1412 4190 syzygia
1462 4118 1759 4172 commissa
1805 4124 1912 4173 est.
1941 4117 2026 4172 Ab

451 4202 557 4257 hac
595 4203 641 4259 si
672 4219 704 4258 ι
734 4205 853 4260 dies
901 4207 1272 4276 explicemus,
1324 4223 1446 4278 qua:
1477 4204 1728 4262 conﬂatm
1777 4214 1908 4262 sunt
1955 4223 2026 4264 ex

451 4290 776 4349 Ianuarium
808 4297 1262 4354 antecedentibus
1294 4315 1370 4362 νι,
1401 4305 1457 4353 et
1479 4287 1630 4353 ’χχιιι
1663 4296 1936 4364 Januarii,
1969 4309 2026 4356 et

451 4384 738 4442 Februarii
768 4405 870 4443 xm
921 4389 1071 4460 (nam
1111 4407 1302 4448 omnes
1333 4392 1453 4447 istae
1493 4391 1547 4446 in
1573 4407 1740 4446 unum
1779 4393 2025 4448 collecta:

450 4478 849 4550 quinquaginta
897 4481 1147 4550 faciunt),
1178 4483 1628 4555 quinquagesima
1672 4485 1790 4539 dies
1819 4484 1876 4538 in
1920 4499 2021 4538 xm
2051 4509 2099 4564 ι)

448 4566 736 4625 Februarii
770 4571 1016 4641 desinet;
1045 4590 1208 4646 quam
1244 4575 1300 4630 in
1325 4575 1665 4630 Dominicam
1695 4575 1893 4632 cadere
1920 4576 2018 4632 de—

449 4662 876 4732 prehendemus,
908 4667 1161 4723 videlicet
1191 4670 1246 4724 in
1278 4684 1423 4733 eam,
1451 4685 1572 4740 quae
1593 4667 1813 4742 Prodigi
1845 4670 2021 4726 nomi—

449 4761 636 4806 natur.
670 4754 750 4806 Ad
793 4751 1079 4810 Februarii
1109 4772 1206 4812 xm
1232 4757 1381 4826 dies,
1422 4775 1546 4830 qua:
1580 4759 1636 4813 in
1675 4757 2020 4815 Dominicam

447 4841 726 4904 desinunt.
747 4849 826 4897 uti
851 4843 1057 4898 dictum
1078 4856 1161 4902 est
1181 4885 1196 4910 ,
1229 4847 1458 4918 adjectis
1481 4857 1689 4920 septem
1721 4851 2020 4905 hebdoma-

447 4934 532 4988 dis
554 4933 866 5006 Tyrophagi
907 4935 1133 5002 diebus,
1164 4941 1364 4993 contlet
1394 4939 1656 4996 vicesima
1709 4939 2016 5005 Februarii,

445 5039 566 5094 quae
581 5025 686 5079 erit
715 5023 996 5080 Dominica
1013 5025 1374 5100 Carnisprivii
1398 5048 1410 5096 ;
1437 5045 1501 5085 ac
1518 5030 1776 5102 deinceps
1805 5030 2017 5088 Pascha

445 5132 868 5188 consequemur.

857 5383 1135 5441 Methodas
1157 5387 1268 5442 alia
1301 5386 1601 5442 Paschalis.

512 5495 656 5554 XIV.
679 5499 814 5554 Cum
843 5517 874 5555 ιι
897 5501 1107 5572 synodo
1141 5503 1341 5568 lunari,
1375 5518 1500 5574 quae
1524 5503 1770 5573 proxime
1809 5501 2017 5559 Janua-

442 5589 583 5644 rium
607 5593 911 5660 pmcessit,
941 5595 1009 5650 ad
1030 5594 1275 5662 ejusdem
1311 5597 1438 5650 anni
1460 5594 1748 5652 Judaicum
1780 5595 2011 5662 Pascha,

443 5681 558 5736 sive
581 5681 961 5752 plenilunium,
994 5693 1107 5740 tres
1131 5701 1252 5741 cum
1302 5685 1528 5742 dimidio
1553 5687 1773 5744 lunares
1795 5702 2014 5744 mcnscs

444 5773 806 5844 intercedant,
835 5776 930 5846 qui
985 5784 1113 5834 sunt
1141 5776 1256 5835 dies
1311 5793 1400 5834 Civ
1451 5778 1710 5836 circiter:
1742 5796 1905 5852 porro
1953 5781 2008 5838 in

2137 1897 2242 1952 ὑπὸ
2278 1897 2390 1952 τῶν
2418 1899 2525 1969 πρὸ
2584 1898 2740 1970 ήμῶν
2769 1900 3054 1954 ἐκτεθεῖσα
3073 1918 3087 1931 ·
3125 1901 3192 1970 ἢν
3223 1901 3268 1955 δ’
3297 1904 3456 1973 ἡμεῖς
3483 1902 3720 1975 εὕρομεν

2138 1989 2276 2063 μετὰ
2309 1989 2404 2043 καὶ
2441 1989 2665 2062 λογικῆς
2704 1991 3050 2059 ἀποδείξεως,
3098 1993 3194 2046 καὶ
3229 1993 3435 2065 ταύτην
3473 1993 3722 2049 ἐνταυθοῖ

2134 2082 2388 2136 ἐκθέσθαι
2437 2081 2918 2154 ἐπηγγειλάμεθα,
2966 2083 3052 2155 εἴη
3100 2083 3166 2138 ἂν
3204 2083 3364 2157 αὓτη.
3426 2087 3578 2140 Ἐπεὶ
3611 2085 3722 2141 ἀπὸ

2132 2173 2235 2244 τῆς
2255 2174 2362 2247 πρὸ
2389 2173 2484 2228 τοῦ
2549 2175 2881 2246 Ἰανουαρίου
2915 2175 3208 2248 γινομένης
3251 2176 3534 2249 συνοδικῆς
3558 2176 3719 2241 συζυ-

2133 2264 2259 2332 γίας
2287 2263 2396 2316 τῶν
2423 2261 2616 2334 φώτων
2633 2262 2777 2342 ’ἄχρι
2816 2261 2909 2316 106
2945 2265 3068 2316 κατ’
3095 2263 3226 2317 αὐτὸ
3253 2264 3314 2316 τὸ
3343 2263 3462 2329 ἔτος
3497 2264 3720 2318 Ἰουδαῖ-

2135 2354 2231 2408 κοῦ
2257 2355 2466 2426 Πάσχα,
2499 2357 2556 2408 ἐν
2609 2349 2654 2424 ᾧ
2695 2355 3098 2426 πανσεληνιακὴ
3132 2355 3364 2425 συζυγία
3392 2356 3533 2421 ἐστὶ,
3564 2355 3614 2426 γ’
3650 2353 3722 2413 Σ¹¹

2137 2444 2444 2515 σεληνιακοὶ
2489 2445 2655 2516 μῆνές
2702 2446 2830 2508 είσι,
2873 2447 2969 2498 καὶ
3021 2447 3365 2517 περιέχουσιν
3386 2447 3602 2520 ἡμέρας
3638 2447 3720 2518 ργ⁹
3773 2491 3784 2497 .

2136 2535 2396 2606 ἔγγιστα·
2442 2538 2784 2608 εὑρίσκονται
2824 2536 2869 2590 δ’
2907 2539 2965 2591 ἐν
3005 2537 3084 2608 τῷ
3125 2539 3356 2610 κανονίῳ
3386 2538 3480 2594 106
3510 2541 3721 2611 Πασχα-

2131 2628 2245 2684 λίου
2293 2629 2361 2683 τὰ
2401 2628 2876 2700 διαλαμϐανόμενα
2937 2630 3204 2686 Ἰουδαϊκὰ
3250 2631 3535 2702 Πασχάλια
3565 2632 3721 2688 δυσὶν

2131 2721 2370 2792 ἡμέραις
2425 2719 2786 2785 πλεονάζοντα
2815 2721 2908 2775 106
2953 2721 3214 2794 ἀκριϐοῦς
3240 2723 3600 2796 πανσελήνου,
3642 2723 3720 2789 ὡς

2131 2811 2413 2883 προϊόντες
2435 2811 2502 2865 δι’
2528 2811 2856 2878 ἀποδείξεως
2872 2812 2961 2866 τὸν
2995 2813 3124 2885 περὶ
3156 2812 3346 2866 τούτου
3377 2814 3720 2886 ποιησόμεθα

2130 2900 2289 2968 λόγον
2311 2916 2325 2931 ο
2360 2899 2564 2965 ταύτας
2590 2900 2690 2964 τὰς
2719 2900 2813 2954 δύο
2837 2900 3048 2974 ἡμέρας
3080 2902 3408 2974 προσθέντες
3428 2905 3546 2968 ταῖς
3569 2906 3720 2976 εἰρη-

2133 2993 2320 3064 μέναις
2371 2993 2474 3066 ργ’,
2523 2993 2633 3046 τῶν
2691 2994 3112 3067 γενομένων.ρε’
3147 2995 3440 3064 ἀφελόντες
3488 2997 3588 3061 τὰς
3616 2997 3720 3067 τῆς

2129 3085 2572 3156 τεσσαρακοστῆς
2634 3083 2848 3156 ἡμέρας
2899 3083 3012 3156 μη’,
3080 3086 3216 3156 πρὸς
3244 3085 3302 3138 δὲ
3345 3086 3440 3140 κειὶ
3479 3087 3579 3152 τὰς
3617 3089 3720 3159 τῆς

2053 3167 2096 3226 C
2129 3175 2448 3248 Τυροφάγου
2467 3174 2531 3241 ξ’,
2561 3174 2654 3230 ἐὰν
2686 3175 2785 3240 τὰς
2815 3174 3006 3239 λοιπὰς
3034 3174 3080 3229 ν’
3123 3177 3584 3249 προσεκϐάλωμεν
3609 3178 3720 3232 ἀπὸ

2128 3269 2227 3338 τῆς
2279 3267 2384 3338 πρὸ
2429 3266 2522 3321 τοῦ
2562 3267 2892 3340 Ἰανουαρίου
2941 3267 3185 3331 συνόδου.
3231 3269 3488 3341 φανερόνο
3529 3269 3604 3334 ὡς
3636 3273 3718 3336 είς

2126 3359 2225 3430 τὴν
2258 3359 2528 3430 ἑϐδομάδα
2566 3358 2666 3430 τῆς
2694 3360 2951 3432 ἀπόκρεω
3007 3363 3424 3432 καταντήσομεν
3471 3361 3580 3415 άπὸ
3615 3361 3720 3432 τῆς

2127 3451 2410 3523 Κυριακῆς
2439 3469 2459 3502 ι
2490 3450 2584 3505 τοῦ
2617 3451 2850 3505 Ἀσὼτου
2878 3471 2897 3504 ι
2929 3453 3055 3524 ἄχρι
3078 3453 3289 3506 καὶτοῦ
3319 3453 3424 3524 πρὸ
3457 3454 3554 3525 τῆς
3577 3453 3719 3506 ἀπό-

2127 3561 2280 3616 κρεω
2308 3543 2610 3598 Σαϐϐάτου.
2641 3537 2738 3607 Ai;
2773 3544 3103 3617 προσθέντες
3140 3547 3238 3608 τὰς
3278 3543 3476 3617 ἐφεξῆς
3502 3545 3719 3616 ἡμέρας

2127 3633 2257 3705 ἄχρι
2288 3635 2386 3705 τῆς
2412 3633 2718 3705 Κυριακῆς,
2749 3632 2848 3704 τὴν
2875 3634 3129 3705 ἀπόκρεω
3151 3632 3363 3703 ἕξομεν·
3397 3636 3492 3690 καὶ
3516 3635 3718 3706 ἐφεξῆς

2127 3725 2189 3779 τὸ
2222 3726 2413 3796 Πάσχα
2442 3725 2601 3796 δῆλον
2629 3725 2801 3779 ἔσται.
2829 3727 3010 3780 Ἔστω
3035 3726 3092 3780 δὲ
3123 3728 3217 3781 καὶ
3253 3727 3346 3781 ἐπὶ
3373 3727 3715 3798 ὑποδείγμα-

2125 3833 2218 3880 τος
2248 3817 2348 3888 τῆς
2389 3817 2689 3889 ἐρχομένης
2741 3817 3017 3889 ἀπόκρεω·
3054 3819 3206 3874 Ἐπεὶ
3245 3819 3388 3874 κατὰ
3413 3819 3512 3890 τὴν
3538 3820 3716 3890 ἀρχὴν

2125 3907 2220 3962 τοῦ
2251 3907 2546 3979 ἐρχομένου
2593 3909 2944 3981 Ἰανουαρίου,
3005 3909 3207 3964 κύκλου
3261 3911 3492 3984 σελήνης
3522 3910 3711 3983 τρίτου

2127 3999 2451 4070 ἀρχομένου,
2515 3999 2754 4054 ἐπακταί
2807 4002 2942 4055 εἰσιν
3001 4001 3081 4070 ἒξ,
3112 4003 3368 4075 φανερὸν,
3410 4004 3486 4068 ὡς
3521 4003 3627 4076 πρὸ
3656 4009 3714 4069 ς’

2127 4089 2352 4162 ἡμερῶν
2396 4091 2499 4161 τῆς
2560 4092 2736 4164 ἀρχῆς
2785 4091 2880 4146 τοῦ
2952 4093 3282 4166 ἰανουαρίου
3341 4094 3493 4148 ἔσται
3535 4096 3568 4166 ή
3603 4093 3715 4167 πρὸ

2127 4181 2292 4236 αὑτοῦ
2327 4181 2562 4247 σύνοδος.
2603 4183 3108 4254 Προσεκϐάλλοντες
3134 4181 3228 4240 οὖν
3256 4186 3364 4239 ἀπὸ
3394 4185 3496 4256 τῆς
3522 4185 3710 4239 τοιαύ-

2124 4291 2226 4344 της
2253 4273 2464 4328 συνόδου
2487 4274 2586 4338 τὰς
2611 4274 2909 4346 εἰρημένας
2936 4283 3000 4342 ν’,
3035 4277 3238 4341 αἵτινες
3269 4277 3583 4349 περιέχουσι
3607 4277 3710 4340 τάς

2124 4380 2186 4416 τε
2240 4363 2346 4435 πρὸ
2397 4365 2490 4418 106
2538 4365 2868 4436 Ὶανουαρίου
2903 4371 2977 4430 ς’,
3011 4366 3107 4419 καὶ
3151 4365 3251 4430 τὰς
3280 4365 3444 4419 αὑτοῦ
3472 4365 3566 4419 106
3599 4366 3707 4418 Ἰα-

2125 4456 2375 4528 νουαρίου
2429 4457 2532 4524 λα’,
2567 4458 2661 4512 καὶ
2707 4457 2802 4511 τοῦ
2865 4459 3232 4530 Φεϐρουαρίου
3273 4465 3340 4526 ιγ’
3369 4451 3551 4530 (αὗται
3595 4457 3710 4529 γὰρ

2125 4547 2570 4621 συμποσούμεναι
2622 4555 2666 4603 ν’
2703 4550 3120 4622 άπαρτίζουσι)’
3165 4551 3267 4623 τὴν
3293 4557 3333 4604 ν’
3365 4551 3579 4622 ἡμέραν
3603 4549 3706 4622 λή-

2123 4657 2330 4710 γουσαν
2385 4642 2582 4712 ἕξομεν
2620 4645 2691 4713 τῇ
2750 4642 2842 4696 τοῦ
2873 4643 3237 4715 Φεϐρουαρίου
3271 4649 3337 4712 ιγ’
3358 4660 3372 4674 ’
3414 4644 3512 4714 τὴν
3536 4641 3592 4695 δέ
3633 4650 3706 4710 ιγ’

2119 4733 2215 4790 τοῦ
2243 4734 2608 4806 Φεϐρουαρίου
2644 4737 2701 4790 ἐν
2733 4735 2916 4807 ἡμέρᾳ
2943 4736 3249 4808 εὑρήσομεν
3283 4735 3707 4806 συμπίπτουσαν

2119 4825 2396 4896 Κυριακῇ,
2446 4824 2689 4894 δηλονότι
2729 4827 2796 4896 τῇ
2821 4825 2916 4878 106
2960 4825 3217 4879 ’Δσὼτου.
3256 4826 3389 4889 Ταῖς
3427 4823 3492 4894 ιγ’
3524 4825 3580 4878 δέ
3605 4825 3705 4878 τοῦ

2117 4915 2482 4988 Φεϐρουαρίου
2528 4915 2780 4986 ἡμέραις,
2811 4916 3014 4980 αἵτινες
3067 4915 3469 4987 συμποσοῦνται
3496 4919 3552 4970 ἐν
3585 4918 3705 4970 Κυ-

2120 5009 2304 5078 ριακῇ,
2347 5007 2422 5071 ὼς
2473 5005 2709 5078 εἴρηται,
2748 5008 3072 5079 προσθέντες
3115 5009 3214 5072 τὰς
3241 5009 3340 5078 τῆς
3379 5007 3704 5078 Τυροφάγου

2118 5097 2408 5169 ἑϐδομάδος
2438 5097 2654 5169 ἡμέρας
2687 5097 2754 5165 ζ’,
2785 5098 2884 5164 τὰς
2896 5099 3190 5170 γενομένας
3229 5106 3277 5152 κ’
3305 5099 3400 5153 τοῦ
3431 5099 3705 5169 Φεϐρουα-

2123 5189 2261 5260 ρίου,
2287 5187 2482 5260 ἕξομεν
2509 5189 2606 5261 τὴν
2622 5191 2906 5262 Κυριακὴν
2935 5190 3032 5244 τὴν
3059 5191 3338 5263 ἀπόκρεω·
3371 5191 3466 5245 καὶ
3499 5192 3704 5264 ἐφεξῆς

2116 5279 2178 5338 τὸ
2209 5280 2398 5351 Πάσχα
2423 5281 2748 5353 εἰλημμένον
2782 5282 2956 5336 ἔσται.

2375 5394 2576 5464 Ἑτέρα
2607 5396 2860 5465 μέθοδος
2897 5398 3030 5466 περὶ
3070 5397 3176 5452 τοῦ
3211 5397 3450 5468 Πάσχα.

2187 5508 2284 5559 1Δ’.
2337 5507 2489 5560 Ἐπεὶ
2515 5507 2622 5561 ἀπὸ
2652 5508 2754 5576 τῆς
2775 5510 2881 5580 πρὸ
2906 5508 3000 5562 τοῦ
3037 5509 3366 5581 Ἰανουαρίου
3399 5508 3697 5581 γενομένης

2117 5599 2400 5669 συνοδικῆς
2445 5599 2706 5669 συζυγίας
2746 5601 2854 5654 τῶν
2903 5601 3095 5670 φώτων
3139 5601 3266 5672 ἄχρι
3307 5603 3401 5655 καὶ
3434 5601 3528 5654 106
3570 5603 3693 5655 κατ’

2115 5690 2250 5744 αὐτὸ
2277 5692 2346 5744 τὸ.
2373 5690 2488 5756 ἔτος
2523 5691 2812 5746 Ἰουδαῖκοῦ
2841 5693 3054 5764 Πάσχα,
3088 5694 3146 5746 ἐν
3172 5687 3218 5762 ᾧ
3241 5693 3570 5762 πανσέληνος
3599 5709 3694 5744 συ-

2116 5782 2276 5852 ζυγία
2314 5783 2452 5850 ἐστὶ,
2491 5791 2538 5852 γ’
2576 5784 2640 5840 S"
2679 5785 2981 5857 σεληνιακοὶ
3023 5786 3189 5857 μῆνές
3231 5787 3355 5851 εἰσι,
3399 5787 3490 5842 καὶ
3532 5801 3689 5855 περι-
