4124 6442
387 393 526 452 1505

1294 388 1516 445 ISAACI
1555 387 1865 444 MONACIII
1902 387 2274 443 COMPUTUS
2309 388 2746 445 ECCLESIAST.

3415 374 3420 380 ’
3488 395 3626 449 ιεοο

386 524 599 581 εχουσιν
643 509 854 580 ἡμέρας
899 506 972 579 ρδ¹
1009 506 1255 575 ἔγγιστα·
1300 505 1641 576 εὑρίσκονται
1677 504 1733 557 δὲ
1776 507 1833 558 ὲν
1877 503 1956 574 τῷ

2062 506 2322 560 laterculo
2352 504 2637 561 Paschalis
2667 506 2893 562 Judaica
2920 506 3205 564 Paschalia
3260 510 3423 564 biduo
3467 526 3630 563 exeo-

388 601 617 671 κανονίῳ
661 600 754 653 τοῦ
802 599 990 669 Πάσχα
1042 599 1111 652 τὰ
1158 596 1632 673 διαλαμϐανέμενα
1692 597 1957 650 Ἰουδαϊκὰ

389 688 667 758 Πασχάλια
696 689 846 741 δυσὶν
887 688 1120 759 ἡμέραις
1166 687 1528 750 πλεονάζοντα
1564 687 1660 757 τῆς
1697 686 1956 757 ἀκριὸοῦς

389 778 745 849 πανσελήνου,
786 780 860 841 ὡς
907 778 1187 848 προϊόντες
1232 779 1298 833 δι’
1333 777 1657 842 ἀποδείξεως
1694 778 1785 831 τὸν
1829 779 1959 849 περὶ

386 868 575 922 τούτου
607 868 943 939 ποιησόμεθα
971 868 1146 935 λόγον’
1185 867 1278 921 ἐὰν
1308 866 1406 930 τὰς
1434 866 1730 937 γενομένας
1756 865 1958 929 ταύτας

388 960 598 1030 ἡμέρας
636 960 726 1012 ἐπὶ
765 960 861 1021 μὲν
895 958 1003 1011 τῶν
1033 958 1206 1013 ἄλλων
1238 960 1335 1028 τῆς
1370 958 1595 1030 σελήνης
1623 957 1838 1012 κύκλων
1870 964 1958 1028 pg’

387 1050 618 1120 ἡμέρας,
647 1049 680 1119 ἢ
714 1050 808 1102 καὶ
840 1047 939 1120 ρξ’,
964 1049 1055 1102 ἐπὶ
1075 1049 1131 1102 δὲ
1156 1048 1248 1101 τοῦ
1276 1048 1361 1112 ιζ’,
1397 1050 1491 1102 καὶ
1525 1048 1613 1120 ιη’,
1645 1049 1738 1101 καὶ
1772 1048 1835 1101 ιθ’
1864 1047 1962 1102 κύ-

388 1137 515 1190 κλου
561 1144 633 1208 ρε¹
660 1138 818 1207 μόνον
846 1137 1053 1207 ἡμέρας
1084 1126 1542 1208 προσεκῶλωμεν
1577 1138 1685 1191 ἀπὸ
1718 1138 1817 1208 τῆς
1854 1137 1961 1208 πρὸ

386 1227 479 1279 τοῦ
526 1228 850 1299 Ἰανουαρίου
884 1229 1182 1299 γενομένης
1230 1228 1511 1300 συνοδικῆς
1561 1229 1837 1297 συζυγίας,
1879 1229 1958 1282 δι-

386 1317 565 1380 δόντες
598 1319 808 1387 ἑκάστῳ
843 1320 972 1389 μηνὶ
1004 1319 1102 1383 τὰς
1132 1320 1337 1382 οἰκείας
1372 1319 1604 1391 ἡμέρας
1640 1318 1833 1389 ἕξομεν
1861 1319 1959 1389 τὴν

385 1407 700 1462 τελευταίαν
733 1410 945 1480 ἡμέραν
973 1411 1382 1479 καταλήγουσαν
1408 1413 1488 1474 εἰς
1510 1411 1607 1481 τὴν
1630 1411 1959 1481 πανσέληνον

390 1499 646 1568 συζυγίαν
680 1501 772 1554 τοῦ
816 1501 1100 1555 Ἰουδαϊκοῦ
1132 1502 1342 1571 Πάσχαο
1371 1502 1438 1571 ἡν
1468 1503 1561 1555 καὶ
1585 1502 1673 1555 διὰ
1702 1502 1794 1555 τοῦ
1825 1503 1962 1572 ἡμε-

391 1591 698 1661 ροευρεσίου
737 1591 988 1661 εὑρόντες
1010 1593 1169 1646 ὁποία
1200 1592 1283 1655 τίς
1320 1594 1434 1645 ἐστι
1464 1593 1570 1645 τῶν
1600 1594 1698 1663 τῆς
1725 1593 1957 1665 ἑϐδομά-

386 1683 475 1747 δος
496 1683 739 1755 ἡμερῶν,
780 1683 876 1747 τὰς
907 1683 1096 1744 λοιπὰς
1132 1683 1459 1755 προσθέντες
1487 1685 1614 1755 ἄχρι
1639 1684 1740 1755 τῆς
1757 1687 1959 1758 Κυρια-

387 1775 511 1847 κῆς,
552 1775 742 1847 ἕξομεν
774 1777 868 1830 καὶ
908 1775 968 1828 τὸ
1007 1776 1270 1847 ἡμέτερον
1314 1776 1465 1844 ἆγιον
1506 1777 1698 1846 Πάσχα
1728 1777 1785 1829 ὲν
1828 1780 1958 1849 ποίᾳ

386 1864 538 1918 ἔσται
557 1865 664 1917 τῶν
686 1864 777 1919 τοῦ
800 1865 1042 1938 Μαρτίου
1067 1865 1230 1936 μηνὸς
1249 1865 1391 1935 ἢτοῦ
1421 1866 1693 1936 ’Δπριλίου
1716 1868 1955 1939 ἡμερῶν.
1992 1860 2035 1915 Β

459 1957 577 2028 Χρὴ
604 1957 784 2027 μέντοι
816 1958 907 2010 καὶ
931 1957 1089 2010 τοῦτο
1123 1957 1339 2023 εἰδέναι,
1362 1957 1438 2022 ὡς
1458 1959 1550 2013 ἐπὶ
1574 1957 1668 2011 τοῦ
1696 1958 1738 2011 ε’
1769 1960 1863 2012 καὶ
1888 1959 1964 2026 ις’

387 2049 584 2104 κύκλου
597 2051 694 2121 τῆς
719 2049 944 2122 σελήνης
965 2051 1061 2121 ούχ
1079 2051 1107 2103 ὁ
1130 2050 1460 2122 προρρηθεὶς
1478 2051 1712 2122 ἀριθμὸς
1735 2051 1843 2105 τῶν
1871 2059 1965 2124 ρς⁹

387 2140 640 2212 ἡμερῶν,
675 2141 708 2211 ἢ
742 2141 835 2194 καὶ
870 2138 949 2213 ρξ’
978 2142 1269 2209 συνάγεται
1299 2141 1387 2195 διὰ
1424 2144 1523 2210 τῆς
1560 2141 1668 2193 τῶν
1708 2141 1962 2195 ὲπακτῶν

387 2230 783 2293 ἐπιωνθέσεως
825 2230 962 2300 μετὰ
999 2230 1107 2282 τῶν
1148 2228 1349 2281 λοιπῶν
1378 2230 1458 2291 είς
1486 2229 1554 2282 τὰ
1583 2228 1821 2297 ἑπόμενα
1855 2247 1963 2301 μη-

388 2321 512 2375 νῶν·
548 2322 661 2375 ἀλλ’
692 2322 783 2374 ἐπὶ
816 2320 913 2391 μὲν
939 2320 1032 2374 τοῦ
1068 2327 1108 2373 ε’
1137 2319 1337 2373 κύκλου
1370 2318 1512 2390 ρλς’,
1542 2319 1634 2371 ἐπὶ
1669 2319 1726 2372 δὲ
1759 2319 1853 2373 τοῦ
1889 2313 1966 2386 ις’

389 2404 499 2484 ρλζ⁹
524 2414 613 2468 διὰ
636 2414 726 2467 τὸν
757 2413 996 2484 βίσεξτον
1019 2413 1250 2483 ἀριθμὸν
1274 2413 1584 2480 συνάγεται·
1610 2405 1686 2466 ὧν
1705 2413 1969 2483 ἀνθυφαι-

390 2507 651 2577 ρουμένου
694 2505 1184 2577 τριακονθημέρου,
1224 2507 1252 2559 ὁ
1284 2505 1470 2568 λοιπὸς
1498 2504 1730 2576 ἀριθμὸς
1758 2507 1837 2569 είς
1869 2506 1967 2577 τὴν

387 2596 555 2666 αὐτὴν
588 2596 859 2665 ποσότητα
884 2599 997 2659 τοῖς
1030 2597 1087 2649 ὲν
1119 2599 1230 2660 τοῖς
1263 2595 1470 2659 λοιποῖς
1496 2595 1715 2659 κύκλοις
1744 2595 1845 2666 τῆς
1874 2614 1965 2651 σε-

387 2684 553 2758 λήνης
584 2686 919 2758 περαίνεται.

458 2776 574 2831 ἰνα
598 2778 654 2831 δὲ
686 2779 780 2831 καὶ
816 2779 907 2831 ἐπὶ
944 2778 1341 2847 ὑποδείγματπ
1385 2778 1595 2852 φανερὰ
1635 2779 1859 2849 γένηται
1895 2779 1968 2834 τὰ

388 2870 671 2942 εἰρημένα,
701 2870 821 2924 ἐπεὶ
863 2869 1007 2924 κατά
1042 2871 1139 2942 τήν
1170 2870 1344 2942 ἀρχὴν
1384 2871 1478 2925 τοῦ
1515 2874 1572 2925 ὲν
1606 2871 1684 2943 τῷ
1709 2873 1967 2928 ἐνεστῶτι

387 2962 561 3034 χρόνῳ
602 2962 950 3033 Ἰανουαρίου,
994 2962 1178 3033 τρίτου
1224 2961 1422 3015 κύκλου
1468 2963 1697 3035 σελήνης
1733 2965 1969 3035 ἀρχομέ-

387 3070 499 3117 νου,
544 3052 776 3106 ὲπακταί
810 3055 945 3105 εἰσιν
979 3059 1050 3118 ς’·
1094 3052 1347 3123 φανερὸν,
1389 3053 1464 3116 ὡς
1501 3054 1608 3125 πρὸ
1648 3052 1707 3118 ἒξ
1746 3054 1965 3125 ἡμερῶν

385 3142 480 3198 τοῦ
523 3144 850 3215 Ἰανουαρίου
883 3143 1105 3213 γέγονεν
1135 3146 1168 3216 ἡ
1205 3143 1435 3212 συζυγία
1468 3145 1736 3216 συνοδική·
1777 3146 1870 3214 ἀφ’
1897 3141 1966 3217 ἦς

2059 596 2196 650 dunt
2238 606 2496 651 accurata
2549 599 2870 668 plenilunia,
2943 603 3396 671 quemadmodum
3440 612 3629 672 pOStca

2058 698 2211 741 certa
2265 689 2480 743 ratione
2533 691 3085 747 demonstrabimus:
3130 694 3177 745 si
3198 694 3455 748 collectos
3507 694 3628 747 illos

2060 778 2175 835 dies
2238 796 2466 835 numero
2493 797 2580 835 ενι
2630 783 2682 836 in
2741 786 2955 841 caneris
3010 787 3292 842 lunaribus
3321 788 3508 858 cyclis,
3536 798 3628 843 aut

2058 884 2166 925 cvu
2227 885 2351 924 cum
2391 872 2663 927 hisextilis
2728 888 2906 928 annus
2967 875 3195 941 incidit;
3228 877 3280 929 in
3308 877 3477 946 cyclis
3502 893 3629 931 vero

2061 977 2195 1025 xvn,
2224 978 2355 1016 xvm
2387 972 2441 1018 et
2470 979 2587 1027 XIX,
2624 967 3004 1020 tantummodo
3035 982 3121 1030 cv,
3150 983 3178 1021 a
3200 969 3408 1039 synodo
3450 970 3627 1024 lunari

2061 1050 2383 1107 Januarium
2410 1055 2761 1110 antecedente
2791 1057 3180 1126 producamus,
3229 1068 3283 1114 ct
3334 1060 3629 1129 unicuique

2060 1142 2237 1197 mensi
2303 1154 2670 1213 competentes
2735 1149 3096 1203 attribuamus
3144 1150 3290 1213 dies,
3356 1161 3628 1219 postrema

2061 1234 2220 1288 nobis
2260 1234 2315 1288 in
2359 1235 2714 1305 plenilunium
2740 1239 3002 1303 incurret,
3026 1241 3170 1310 quod
3197 1251 3280 1296 est
3295 1239 3504 1297 Pascha
3530 1241 3631 1297 Ju-

2061 1324 2313 1391 daicum;
2343 1341 2505 1396 quam
2541 1328 2595 1382 in
2629 1329 2893 1385 laterculo
2924 1330 3381 1401 feriarum,quam
3413 1333 3467 1386 in
3498 1332 3629 1387 heb-

2060 1415 2309 1470 domadis
2347 1414 2506 1469 cadat
2564 1416 2741 1485 diem,
2788 1419 3216 1489 investigantes,
3260 1420 3484 1490 reliquis
3558 1419 3628 1474 ad

2060 1507 2398 1563 Dominicam
2452 1524 2627 1579 usque
2689 1510 2910 1575 additis,
2961 1519 3367 1566 sacrosanctum
3420 1510 3625 1566 Pascha

2059 1605 2329 1662 nostrum,
2358 1614 2468 1669 quo
2500 1598 2677 1654 Martii
2702 1600 2783 1654 vel
2809 1597 3008 1671 Aprilis
3036 1599 3122 1655 die
3139 1601 3437 1672 contingat,
3460 1600 3630 1656 extri-

2063 1691 2338 1746 cahimus.

2138 1970 2429 2028 Sciendum
2454 1982 2633 2030 tamen
2655 1981 2740 2030 est
2766 1976 2821 2030 in
2858 1993 2888 2030 ν
2910 1976 2992 2031 vel
3021 1992 3110 2032 xvr
3137 1976 3290 2047 cyclo
3329 1976 3494 2040 luna,
3523 1988 3629 2029 nu-

2064 2078 2272 2117 merum
2303 2065 2453 2118 illum
2483 2079 2592 2129 cvr,
2626 2066 2738 2121 sive
2783 2081 2891 2121 cvn
2927 2066 3139 2122 dierum
3177 2067 3402 2122 minime
3447 2067 3629 2138 colligi

2063 2167 2131 2205 ex
2153 2160 2467 2221 epactarum
2498 2168 2561 2209 ac
2601 2155 2935 2225 reliquorum
2965 2157 3159 2210 ordine
3192 2156 3459 2210 mensium
3484 2155 3631 2209 addi-

2064 2244 2212 2297 tione
2243 2263 2257 2299 :
2285 2242 2381 2299 sed
2413 2246 2467 2299 in
2495 2262 2528 2300 v
2554 2246 2729 2316 cyclo,
2751 2260 2945 2300 cxxxvr
2966 2264 2982 2314 ;
3003 2246 3060 2300 in
3089 2247 3243 2318 cyclo
3268 2262 3379 2309 xvr,
3411 2254 3632 2316 propter

2065 2334 2357 2399 hisextum,
2385 2348 2602 2389 cxxxvn
2627 2335 2745 2391 dies
2779 2335 3003 2390 conﬂari
3035 2355 3050 2392 :
3088 2337 3157 2391 de
3203 2334 3402 2407 quibus
3430 2335 3632 2392 subdu-

2067 2425 2175 2481 ctis
2205 2442 2335 2490 xxx,
2365 2428 2619 2483 residuus
2650 2443 2910 2484 numerus
2953 2428 3020 2484 ad
3055 2429 3323 2494 eamdem,
3362 2436 3523 2499 atque
3574 2429 3630 2482 in

2067 2517 2278 2572 caeteris
2298 2516 2441 2571 lunae
2466 2517 2661 2588 cyclis,
2697 2534 2966 2574 summam
3000 2519 3283 2591 redigitur.

2137 2776 2268 2843 Quae
2306 2786 2367 2831 ut
2411 2778 2665 2848 exemplo
2723 2778 2955 2833 eiariora
3015 2776 3168 2842 ﬁant,
3223 2777 3481 2849 quoniam
3530 2775 3635 2831 hoc

2066 2883 2234 2933 anno,
2261 2869 2483 2924 ineunte
2504 2867 2770 2924 Januario
2797 2869 3006 2939 pariter
3034 2884 3099 2924 ac
3115 2870 3269 2941 cyclo
3290 2870 3432 2923 lunae
3451 2867 3632 2929 tertio,

2064 2969 2271 3031 epacta:
2308 2970 2435 3017 sunt
2463 2976 2537 3029 νι,
2574 2961 2800 3016 evidens
2848 2970 2933 3016 est
2954 2961 3199 3015 lunarem
3230 2960 3496 3031 synodum
3524 2956 3635 3010 Ka-

2067 3052 2258 3108 lendas
2285 3051 2577 3108 Januarias
2608 3068 2704 3108 sex
2732 3052 2929 3107 diebus
2987 3053 3373 3107 antecessisse.
3437 3049 3521 3103 Ab
3569 3063 3635 3103 ea

2068 3143 2278 3215 synodo
2302 3144 2632 3213 computatis
2661 3143 2855 3198 diebus
2887 3158 2999 3207 ενι,
3034 3149 3089 3197 et
3120 3141 3358 3196 indidem
3391 3139 3634 3210 explica-

385 3233 787 3304 ἀριθμήσαντες
813 3232 1025 3305 ἡμέρας
1058 3240 1165 3304 pg’,
1195 3234 1288 3287 καὶ
1316 3233 1808 3305 προσεκϐάλλοντες
1834 3236 1964 3288 ταύ-

2065 3234 2156 3297 tis,
2183 3250 2304 3304 quae
2363 3234 2584 3304 quidem
2638 3232 2944 3288 conﬂantur
2974 3249 3040 3289 ex
3097 3230 3290 3286 diebus
3318 3246 3372 3284 νι
3393 3238 3517 3283 ante
3536 3227 3632 3283 Ja-

384 3346 486 3393 τας
510 3328 617 3382 ἀπὸ
641 3329 739 3399 τῆς
762 3328 1015 3400 τοιαύτης
1038 3329 1275 3395 συνόδου,
1299 3331 1498 3393 αἵτινες
1525 3331 1834 3401 περιέχουσι
1865 3332 1965 3396 τάς

385 3436 447 3473 τε
491 3418 597 3491 πρὸ
638 3418 731 3473 τοῦ
777 3420 1105 3490 Ἰανουαρίου
1139 3419 1212 3484 ς’,
1249 3419 1344 3472 καὶ
1379 3419 1476 3482 τὰς
1518 3418 1682 3472 αὑτοῦ
1716 3419 1810 3473 τοῦ
1858 3422 1965 3475 Ἰα-

388 3511 637 3583 νουαρίου
674 3511 786 3575 λα’,
827 3511 907 3564 ἔτι
945 3528 1004 3565 τε
1041 3511 1406 3582 Φεϐρουαρίου
1447 3511 1553 3583 κη’,
1591 3512 1684 3565 καὶ
1720 3513 1964 3584 Μαρτίου

386 3604 489 3668 λα’,
544 3604 639 3658 καὶ
699 3603 973 3674 Ἀπριλίου
1023 3609 1075 3667 ι’,
1124 3602 1449 3673 εὑρίσκομεν
1498 3600 1597 3672 τὴν
1652 3601 1964 3656 τελευταίαν

385 3697 599 3769 ἡμέραν
633 3698 712 3760 είς
739 3697 838 3768 τὴν
870 3701 900 3749 ι’
940 3692 1034 3747 τοῦ
1095 3694 1370 3764 Ἀπριλίου
1420 3693 1819 3764 ἐμπίπτουσαν,
1869 3693 1965 3746 καὶ

389 3789 722 3860 πανσέληνον
753 3783 917 3841 οὖσαν
954 3785 1168 3858 ἡμέραν
1208 3784 1497 3839 Ἰουδαῖκοῦ
1534 3784 1744 3856 Πάσχαο
1780 3786 1845 3855 ἢν
1872 3785 1966 3838 καὶ

386 3881 476 3935 διὰ
497 3881 589 3935 τοῦ
616 3879 1038 3952 ἡμεροευρεσίου
1068 3878 1316 3950 εὑρόντες
1347 3876 1558 3948 ἡμέραν
1588 3873 1751 3929 οὖσαν
1782 3894 1966 3948 παρα-

2063 3327 2342 3389 nuarium,
2397 3331 2453 3378 et
2513 3339 2640 3378 mu
2697 3322 2968 3389 Januarii,
3004 3339 3068 3377 ac
3122 3321 3405 3376 Februarii
3436 3335 3630 3384 xxvm,

2062 3417 2241 3472 Martii
2288 3432 2439 3481 xxxx,
2469 3426 2524 3471 et
2544 3415 2749 3486 Aprilis
2782 3432 2837 3482 x,
2877 3415 3123 3469 ultimam
3157 3414 3369 3469 dierum
3403 3412 3634 3467 istarum

2062 3510 2259 3564 cadere
2291 3508 2761 3579 deprehendemus
2815 3506 2870 3559 in
2901 3523 2933 3560 ιι
2964 3506 3191 3576 Aprilis,
3225 3520 3347 3574 qua:
3375 3510 3429 3556 et
3458 3500 3635 3572 pleni-

2062 3598 2269 3653 lunium
2307 3601 2432 3664 erit,
2469 3614 2532 3651 ac
2553 3596 2838 3654 Judaicmn
2868 3595 3098 3653 Pascha.
3128 3596 3305 3666 Hujus
3351 3611 3419 3651 ex
3466 3594 3635 3648 later.

2062 3688 2188 3743 culo
2221 3688 2441 3743 inventa
2491 3688 2650 3753 feria,
2712 3703 2835 3759 qua).
2872 3695 2956 3743 est
3004 3687 3328 3752 Parasceve,
3373 3691 3634 3755 sequente

2061 3779 2343 3835 Dominica
2376 3788 2793 3835 sacrosanctum
2821 3778 3035 3835 Pascha
3062 3789 3313 3834 nostrum
3359 3774 3635 3833 obtinebi-

2061 3888 2206 3936 mus,
2242 3887 2438 3942 nempe
2462 3872 2670 3942 Aprilis
2694 3886 2794 3926 xu.

389 3969 620 4039 σκευὴν,
660 3965 851 4037 ἕξομεν
880 3966 975 4019 καὶ
1018 3966 1080 4018 τὸ
1117 3963 1238 4020 καθ’
1266 3966 1413 4036 ἡμᾶς
1459 3962 1611 4032 ἆγιον
1651 3964 1843 4035 Πάσχα
1879 3966 1945 4035 τῇ
1985 3963 2182 4033 ἐφεξῆς
2207 3963 2459 4033 Κυριακῇ
2489 3960 2829 4033 τελούμενον,
2864 3961 3031 4031 ἡγουν
3077 3962 3144 4033 τῇ
3181 3959 3245 4030 ιβ’
3293 3957 3388 4013 τοῦ
3446 3957 3638 4029 Ἀπρι-

388 4060 504 4115 λίου
538 4060 726 4132 μηνός.

481 4180 622 4249 Περὶ
652 4178 762 4249 τῆς
788 4179 1075 4248 νηστείας
1099 4176 1219 4232 τῶν
1247 4178 1434 4249 ἁγίων
1455 4180 1859 4237 Ἀποστόλων.

457 4291 559 4344 1Ε’.
599 4290 724 4343 Ἐπὶ
746 4288 954 4352 τούτοις
976 4289 1068 4342 καὶ
1089 4291 1217 4360 περὶ
1239 4289 1336 4360 τῆς
1362 4289 1467 4360 πρὸ
1490 4290 1590 4360 τῆς
1615 4292 1834 4362 μνήμης
1854 4291 1962 4344 τῶν

390 4382 560 4450 ἁγίων
596 4380 931 4434 Ἀποστόλων
945 4380 1273 4450 τελουμένης
1298 4380 1547 4450 νηστείας
1567 4382 1784 4452 μέθοδον
1807 4383 1964 4455 ἐκθή-

2308 4172 2388 4228 De
2405 4174 2610 4244 jejunio
2636 4183 2940 4227 sanctorum
2977 4172 3369 4242 Apostolorum.

2138 4288 2254 4343 XV.
2280 4288 2409 4344 Post
2429 4287 2754 4358 haacjejunii
2783 4303 3018 4357 quoque,
3051 4287 3197 4356 quod
3231 4293 3356 4340 ante
3417 4294 3637 4341 sancto-

2066 4397 2187 4436 rum
2216 4383 2588 4451 apostolorum
2619 4380 2936 4433 memoriam
2968 4379 3167 4448 agitur,
3202 4377 3513 4432 methodum
3542 4394 3638 4432 ex-

389 4488 553 4542 σομεν
584 4470 672 4524 διὰ
699 4470 1064 4541 λογικωτέρας
1107 4470 1453 4534 ἀποδείξεως,
1497 4471 1724 4542 ἔχουσαν
1767 4472 1959 4538 οὕτως.

2066 4489 2338 4543 ponemus
2392 4475 2589 4527 rationi
2641 4487 2705 4525 ac
2750 4471 3198 4526 demonstrationi
3244 4470 3447 4524 certius
3494 4470 3638 4524 inni-

399 4563 554 4615 Ἐπεὶ
588 4562 681 4616 ἀπ’
710 4561 881 4631 αὐτῆς
929 4562 1027 4632 τῆς
1073 4562 1234 4629 ἁγίας
1274 4563 1369 4615 καὶ
1401 4561 1655 4634 λαμπρᾶς
1676 4565 1964 4636 Κυριακῆς

2066 4582 2213 4620 xam.
2247 4566 2382 4621 Cum
2412 4566 2554 4620 enim
2591 4579 2621 4617 a
2648 4571 2837 4619 sancta
2866 4570 2920 4616 et
2959 4570 3187 4633 augusta
3208 4562 3484 4619 Paschalis
3532 4563 3639 4617 Do-

384 4654 478 4707 τοῦ
512 4655 703 4725 Πάσχα
733 4654 893 4723 μέχρι
920 4654 1011 4706 καὶ
1034 4655 1202 4725 αὐτῆς
1228 4656 1327 4726 τῆς
1353 4654 1460 4708 τῶν
1497 4656 1666 4724 ἁγίων
1711 4656 1966 4709 Ἀποστό-

386 4744 492 4798 λων
511 4747 813 4817 Κυριακῆς,
836 4745 901 4815 ἢν
921 4744 1013 4797 καὶ
1037 4745 1294 4816 ἀπόκρεω
1315 4744 1573 4816 ποιοῦμεν
1594 4745 1681 4800 διὰ
1702 4746 1801 4817 τὴν
1823 4748 1969 4819 είρη-

390 4838 554 4908 μένην
578 4838 686 4891 τῶν
730 4837 898 4906 ἁγίων
934 4837 1269 4893 Ἀποστόλων
1306 4839 1579 4910 νηστείαν,
1612 4839 1733 4892 ὅσαι
1759 4839 1963 4911 ἡμέραι

385 4930 523 4981 εἰσιν
553 4929 679 4997 (εἰσὶ
711 4928 769 4981 δὲ
801 4928 930 4998 vC’),
967 4928 1221 4982 τοσαῦταί
1258 4931 1363 4982 είσι
1389 4930 1481 4983 καὶ
1510 4930 1618 4983 ἀπὸ
1644 4931 1743 5002 τῆς
1773 4931 1964 5002 τρίτης

384 5020 477 5073 τοῦ
503 5022 681 5075 Μαΐου
712 5020 837 5090 ἄχρι
870 5022 966 5090 τῆς
1002 5019 1091 5090 κη’
1130 5019 1223 5073 τοῦ
1266 5020 1505 5087 Ἰουνίου,
1537 5021 1657 5074 καθ’
1690 5023 1757 5094 ἢν
1790 5023 1823 5093 ή
1854 5038 1966 5076 τοι·

385 5110 522 5181 αύτη
556 5110 968 5182 συμπληροῦται
989 5111 1227 5181 νηστεία·
1253 5111 1348 5164 ἐὰν
1370 5111 1539 5173 αὐτὰς
1563 5114 1658 5165 ἀπ’
1676 5113 1843 5184 αὐτῆς
1864 5114 1963 5184 τῆς

383 5202 572 5272 τρίτης
595 5200 689 5254 τοῦ
705 5202 880 5254 Μαῖου
903 5202 1028 5273 ἄχρι
1055 5202 1154 5272 τῆς
1174 5202 1458 5273 Κυριακῆς
1483 5202 1590 5255 τῶν
1605 5204 1800 5272 Ἀγίων
1828 5205 1962 5258 πάν-

384 5311 491 5346 των
518 5293 699 5356 κοινὰς
719 5292 778 5346 οὔ
788 5310 883 5356 σας
903 5293 1208 5363 ἀφέλωμεν,
1239 5293 1337 5356 τὰς
1367 5295 1838 5365 καταλειφθείσας,
1861 5297 1960 5361 τάς

382 5401 437 5436 τε
456 5384 693 5455 δηλονότι
709 5387 802 5439 ἀπ’
825 5385 991 5454 αὐτῆς
1006 5384 1105 5452 τῆς
1117 5384 1373 5456 λαμπρᾶς
1386 5388 1669 5457 Κυριακῆς
1689 5388 1848 5460 μέχρι
1864 5389 1959 5442 καὶ

383 5473 484 5542 τῆς
513 5475 701 5543 τρίτης
728 5475 820 5527 τοῦ
838 5478 1032 5535 Μαΐου,
1058 5477 1152 5529 καὶ
1166 5477 1263 5538 τὰς
1286 5477 1381 5528 ἀπ’
1399 5477 1570 5547 ἀρχῆς
1589 5477 1688 5547 τῆς
1707 5479 1960 5551 τοιαύτης

385 5563 633 5633 νηστείας
657 5564 785 5637 ἄχρι
815 5566 911 5636 τῆς
940 5567 1019 5619 κθ¹
1042 5566 1134 5619 τοῦ
1179 5567 1416 5632 Ἰουνίου,
1453 5567 1572 5631 ίσας
1596 5567 1810 5638 ἕξομεν.

492 5703 568 5746 Aab
609 5708 773 5757 λαμπρᾶς
837 5701 916 5750 Aut
934 5716 997 5758 τῆς
1021 5709 1053 5762 γ’
1080 5717 1146 5751 τοῦ
1168 5713 1287 5751 Maian

438 5772 469 5812 Α
489 5775 664 5817 Κυριαιῆς
705 5773 767 5818 ἴοις
790 5776 813 5810 Β
828 5772 891 5816 ἵης
955 5780 1019 5818 τῆς

492 5832 610 5875 καῖε-δ
638 5833 681 5882 ι’.

1352 5705 1429 5752 Ᾱτὸ
1516 5719 1579 5761 γῆς
1646 5719 1829 5763 Rugini;

1105 5780 1282 5825 Κυριαῆς
1307 5780 1333 5814 ι·
1354 5781 1426 5815 τῶν
1494 5766 1607 5824 Irim
1687 5780 1830 5815 πάντων
1853 5784 1876 5816 Δ

842 5842 908 5872 τὶν
953 5827 1068 5884 λείων
1111 5838 1273 5877 πάντων.
1354 5838 1416 5885 ἰυις
1438 5843 1502 5885 τῆς
1524 5833 1578 5885 ιη’
1602 5843 1668 5876 τοῦ
1701 5828 1854 5877 las-air».

2066 4658 2289 4725 minica,
2319 4658 2385 4710 ad
2412 4667 2723 4713 sanctorum
2743 4656 3130 4725 Apostolorum
3186 4655 3547 4719 Dominicam,
3582 4657 3638 4710 in

2066 4765 2172 4819 qua
2224 4757 2447 4820 propter
2495 4750 2712 4803 illorum
2766 4748 3037 4818 jejunium
3096 4748 3260 4803 etiam
3305 4765 3335 4801 a
3377 4749 3638 4802 carnibus

2065 4841 2428 4905 abstinemus,
2460 4851 2592 4910 quot
2623 4848 2752 4895 sunt
2794 4841 2910 4895 dies
2939 4840 3090 4911 (sunt
3139 4848 3321 4894 autem
3348 4841 3501 4909 LVII),
3534 4848 3637 4892 tot-

2063 4936 2207 4990 idem
2256 4951 2377 4990 am
2418 4935 2543 4989 Maii
2587 4935 2655 4990 ad
2708 4951 2880 4990 xxvm
2913 4934 3060 4989 Junii
3096 4943 3378 5006 putantur,
3410 4950 3518 5005 quo
3549 4934 3642 4989 die

2058 5030 2329 5099 jejunium
2368 5029 2515 5085 istud
2542 5029 2828 5085 terminari
2861 5029 3001 5083 solet
3035 5044 3048 5080 :
3083 5029 3129 5084 si
3169 5043 3507 5083 communem
3535 5043 3639 5081 nu-

2062 5138 2268 5176 merum
2299 5122 2505 5177 dierum
2534 5136 2564 5174 a
2603 5138 2661 5175 Ill
2681 5121 2827 5184 Maii,
2853 5120 2919 5174 ad
2948 5120 3282 5174 Dominicam
3309 5118 3638 5173 Sanctorum

2060 5213 2301 5266 omnium
2330 5214 2736 5275 abstulerimus,
2756 5222 3043 5282 utramque
3057 5212 3268 5267 dierum
3300 5212 3635 5280 reliquorum

2061 5318 2351 5368 summam,
2406 5315 2519 5358 tam
2565 5305 2657 5375 qui
2704 5305 2774 5358 ab
2824 5314 3052 5374 augusta
3103 5303 3193 5356 illa
3235 5302 3516 5356 Dominica
3567 5300 3637 5356 ad

2061 5409 2121 5447 ιιι
2156 5392 2275 5446 Maii
2303 5396 2594 5462 pertinent.
2654 5409 2817 5464 quam
2865 5393 2957 5462 qui
2991 5394 3057 5448 ab
3106 5392 3262 5448 initio
3302 5393 3634 5461 jejuniorum

2059 5485 2125 5539 ad
2169 5501 2292 5539 xxrx
2337 5482 2711 5555 Junii,parem
2748 5496 2801 5542 et
2838 5487 3096 5557 aequalem
3132 5485 3472 5540 habebimus.

2199 5725 2226 5758 a
2248 5710 2500 5762 Dominica
2624 5727 2649 5761 a
2675 5714 2705 5761 5
2730 5713 2839 5761 Maii
2865 5713 2923 5762 ad
2950 5712 3048 5760 Do-
3178 5724 3203 5758 a
3230 5709 3484 5760 Dominica

2117 5769 2156 5821 Δ
2178 5772 2378 5824 Pascha
2394 5774 2498 5824 ad5
2544 5774 2585 5824 B
2631 5776 2856 5823 minicam
2924 5788 3027 5824 om-
3059 5772 3095 5823 C
3138 5771 3427 5821 Sanctorum
3444 5782 3543 5817 oms
3565 5768 3609 5818 ι]

2180 5832 2292 5883 Maii
2614 5837 2746 5885 nium
2764 5837 3051 5888 Sanctorum
3133 5838 3268 5887 nium
3285 5834 3343 5885 ad
3361 5831 3421 5881 28
3441 5831 3554 5882 Jun.
