2062 3214
249 183 317 212 15ῡῖ

248 294 304 313 LVII
331 286 439 314 dierum
464 288 585 321 illorum,
611 297 658 324 qui
675 297 691 316 a
705 289 830 318 Paschali
845 291 987 320 Dominiea
1002 293 1035 320 ad

252 332 423 360 Dominicam
453 338 610 362 sanctorum
637 336 831 371 Apostolorum
858 341 886 365 et
912 340 1034 367 omnium

250 377 415 406 Sanctorum
445 379 579 415 interiecti
603 386 677 413 sunt,
707 390 756 417 pro
772 391 827 410 LVII
844 391 910 411 vero
929 385 1001 417 aliis,
1019 392 1034 412 a

249 431 280 450 ιιι
291 423 352 451 Maii
368 423 401 450 ad
416 432 502 451 xxvui
515 424 601 457 Junii,
617 426 652 453 sit
666 431 741 454 recta
753 427 807 454 BD.
824 427 958 460 Quoniam
970 437 1034 464 ergo

249 477 310 504 quae
323 470 466 497 intervallo
483 478 498 497 a
513 470 575 498 Maii
597 480 637 505 ιιι,
651 472 685 499 ad
693 472 863 500 Dominicam
876 479 1033 502 sanctorum

249 516 371 543 omnium
389 517 545 551 respondet,
569 516 622 551 BC,
642 518 795 546 communis
810 523 852 546 est
869 527 876 544 ι
894 521 917 547 si
933 520 967 547 ab
984 528 1034 548 ex-

247 561 342 589 tremis
355 561 506 594 auferatur,
525 570 696 598 consequens
718 568 760 592 est
780 570 883 593 rectam
907 565 963 597 AB.
980 566 1033 594 hoc

246 610 288 634 est
297 607 469 634 intervallum
481 615 495 634 a
505 607 645 636 Dominiea
659 609 771 637 Pascha:
778 610 860 646 204
868 610 902 637 ad
915 619 946 639 ιιι
955 611 1030 645 Maii,

245 653 376 687 aequalem
387 660 448 681 esse
463 657 545 680 recta:
561 653 617 686 Cl),
633 655 692 682 sive
707 655 850 683 intervallo
861 664 876 683 a
890 656 1032 685 Dominica

247 697 411 725 Sanctorum
422 699 544 725 omnium
561 699 595 726 ad
609 708 695 727 xxvni
709 699 807 733 Junii”
819 702 846 729 in
866 710 920 737 qua
934 703 1031 738 jejunii

245 744 380 771 terminus
393 747 434 771 est
451 752 458 770 :
474 745 585 772 inventa
600 745 644 773 die
658 747 770 779 mensis,
787 748 814 775 in
828 755 910 783 quam
927 749 1030 778 incidet

245 789 361 822 Pascha,
377 790 399 818 si
413 790 473 817 dies
485 794 676 825 computemus
688 793 722 820 ab
732 794 826 820 eadem
841 794 982 823 Dominiea
996 796 1030 823 ad

246 842 276 861 ιιι
289 834 362 866 Maii,
381 835 494 863 totidem
520 835 682 865 habebimus
707 842 865 867 sanctorum
882 840 1029 875 Apostolo-

246 888 306 908 rum
317 880 424 915 jejunio
438 881 596 916 praﬁnitas.

246 978 284 1006 De
295 980 454 1008 correctione
469 980 621 1017 Paschalis,
636 984 705 1011 alias
734 985 766 1013 de
780 986 904 1014 laterculi
914 988 1026 1023 defectu.

279 1057 289 1072 ⁵
300 1057 367 1085 XVI.
379 1058 411 1085 Et
424 1059 481 1087 haec
490 1061 598 1095 quidem
612 1063 687 1090 satis.
699 1064 741 1091 Ab
756 1064 797 1092 his
805 1070 894 1093 autem
907 1069 1028 1102 proxime

246 1106 430 1132 necessarium
445 1112 496 1138 est,
513 1108 657 1135 ostendere
667 1117 790 1143 causam,
814 1119 864 1138 cur
880 1120 967 1140 canon
984 1115 1028 1141 ille

244 1149 387 1178 Paschalis
403 1160 457 1179 non
471 1156 529 1180 tuto
540 1153 630 1181 editus
643 1159 701 1182 est:
717 1160 744 1183 et
758 1161 848 1184 utrum
873 1159 908 1185 ita
924 1167 938 1185 a
955 1160 1028 1193 prin-

243 1196 315 1231 cipio
329 1198 418 1224 editus
431 1198 523 1231 fuerit,
543 1209 645 1233 necne;
669 1202 731 1229 item
743 1211 804 1230 cum
814 1205 850 1231 ita
865 1206 909 1237 sit,
919 1208 1027 1240 quando

244 1242 382 1277 contingat
392 1243 496 1271 Pascha
516 1253 531 1271 a
549 1247 626 1273 nobis
643 1247 693 1274 rite
715 1249 855 1282 celebrari,
876 1256 902 1277 et
918 1253 1026 1285 quando

243 1287 277 1314 ab
292 1292 385 1314 exacta
397 1289 488 1323 regula
505 1289 603 1317 deﬁcit.
615 1291 725 1323 lloruni,
739 1302 798 1327 qua:
809 1294 936 1327 diximus,
953 1299 1026 1324 nulla

243 1333 296 1360 alia
311 1342 390 1361 causa
410 1339 462 1367 est,
478 1341 576 1370 praeter
587 1346 666 1371 quam
683 1340 755 1373 quod
769 1340 839 1367 luna:
855 1342 887 1368 ad
900 1344 1024 1370 eumdem

243 1380 332 1407 locum
351 1388 398 1415 per
420 1382 512 1409 decem
530 1388 555 1409 et
574 1392 670 1410 novem
696 1393 781 1413 annos
793 1386 928 1416 Romanos
956 1390 1025 1416 redi-

243 1430 288 1453 tus
303 1435 356 1453 non
373 1432 467 1455 exacte
491 1436 504 1455 a
521 1429 599 1456 nobis
614 1435 770 1465 assumptus
785 1436 835 1465 est,
850 1435 1026 1468 quemadmo-

243 1473 308 1499 dum
325 1474 351 1500 in
364 1482 494 1508 processu
516 1483 563 1510 per
580 1477 659 1503 aliam
689 1481 839 1513 temporum
868 1482 1024 1509 conversio-

241 1526 303 1545 nem
321 1521 505 1552 osteademus,
536 1529 596 1557 qua:
617 1530 664 1556 per
690 1531 777 1551 annos
794 1526 890 1560 viginti
904 1528 1024 1562 quinque

241 1563 415 1598 Aigyptiacos
448 1566 486 1596 ﬁt,
519 1571 545 1593 et
574 1576 625 1601 qua
647 1568 779 1597 mirabilis
805 1570 965 1599 Ptolemaeus
996 1574 1022 1600 in

240 1618 322 1644 opere
337 1613 551 1639 constructionis
564 1621 631 1640 usus
648 1619 698 1646 est,
717 1615 786 1642 facta
801 1617 942 1652 utriusque
956 1626 1022 1645 con-

240 1658 374 1685 versionis
389 1658 460 1685 inter
475 1667 505 1686 se
528 1661 742 1694 comparatione.
764 1661 959 1697 Comparamus
975 1673 1023 1692 au-

240 1706 295 1729 tem
307 1706 355 1730 sic.
368 1703 645 1732 Decemnovennalem
659 1706 727 1734 luna:
740 1710 944 1737 conversionem
956 1719 1023 1746 qua-

239 1748 399 1782 druplamus
412 1749 494 1784 (quod
521 1758 569 1784 per
584 1751 793 1785 quadriennium
814 1761 901 1781 annus
920 1754 1020 1782 Roma-

240 1802 292 1821 nus
304 1802 337 1821 ex
347 1795 528 1829 quadrantum
544 1797 703 1825 diurnorum
721 1800 880 1827 accessione
893 1802 1022 1829 restitua-

239 1838 305 1873 tur).
326 1838 363 1866 lta
378 1839 444 1867 ﬁunt
455 1841 519 1867 anni
534 1841 647 1869 Romani
662 1851 752 1870 Lxxvi.
769 1844 924 1879 Triplamus
939 1847 1021 1873 etiam

239 1885 334 1911 eodem
354 1886 434 1912 modo
449 1885 544 1921 viginti
559 1888 678 1922 quinque
696 1897 829 1916 annorum
844 1890 1020 1926 [Egyptiaco-

239 1938 300 1957 rum
321 1930 447 1965 lustrum,
463 1937 489 1958 et
506 1932 570 1959 facit
587 1941 673 1961 annos
688 1942 767 1962 Lxxv.
785 1935 839 1962 Ilus
853 1944 924 1963 Lxxv
936 1937 1021 1972 [Egy-

239 1976 345 2010 ptiacos
373 1985 458 2005 annos
486 1982 581 2005 exacta
612 1980 682 2006 luna:
713 1982 850 2009 restitutio
884 1984 1022 2010 antevenit

238 2022 375 2057 scrupulis
394 2024 499 2051 diurnis
533 2026 715 2060 sexagenariis
743 2027 776 2058 8',
795 2027 853 2054 ειη.
872 2028 939 2061 Quia
957 2037 1020 2057 vero

239 2076 321 2095 Lxxvi
338 2070 400 2096 anni
426 2069 540 2097 Romani
557 2079 626 2098 Lxxv
641 2079 727 2100 annos
750 2072 925 2108 Egyptiacos
940 2082 1020 2110 supe—

237 2119 299 2143 rant
319 2116 415 2144 diebus
432 2125 592 2150 ccctxxxiv,
608 2119 662 2146 illis
677 2120 699 2146 si
716 2120 897 2154 adjecerimus
914 2123 1019 2156 portio-

235 2170 297 2189 ncm
319 2163 444 2190 diurnam
463 2164 496 2191 de
509 2169 604 2192 exacta
633 2166 703 2193 lunae
728 2168 917 2200 conversione,
942 2178 1020 2197 scru-

236 2208 300 2242 pula
312 2208 346 2240 8’,
363 2208 422 2241 ειν,
444 2212 471 2235 et
496 2209 529 2236 de
556 2209 682 2238 conﬂatis
705 2211 801 2239 diebus
831 2213 892 2245 584,
910 2214 943 2247 8⁸,
959 2215 1018 2247 ειη,

236 2253 431 2281 deduxerimus
444 2256 577 2282 mensium
594 2256 723 2283 tredecim
741 2257 878 2285 lunarium
901 2260 958 2287 dies
975 2269 1019 2295 ap—
1036 2270 1057 2297 ο

235 2301 364 2335 pendiecs
376 2301 438 2333 583,
452 2301 503 2333 53’,
521 2302 589 2330 5'2":
611 2303 772 2331 habebimus
800 2309 922 2332 exactam
949 2307 1020 2334 luna:

234 2346 445 2379 restitutionem,
462 2355 514 2382 qua
526 2348 787 2377 deccmnovcnnales
805 2355 924 2384 quatuor
939 2353 1019 2380 orch

234 2391 374 2421 Romanos
390 2395 527 2421 antevenit
539 2395 676 2429 scrupulis
690 2396 795 2423 diurnis
812 2397 863 2429 Μ’,
882 2398 943 2429 29",
959 2407 1019 2433 qua:

233 2438 341 2472 quidem
358 2442 399 2465 est
411 2439 498 2473 portio
509 2439 562 2466 diei
576 2440 665 2466 minor
681 2441 843 2474 quadrante.
860 2441 913 2469 Sed
931 2442 1018 2469 inter-

234 2492 267 2512 ea
298 2488 356 2511 esto
373 2484 512 2519 quadrans
529 2485 596 2512 ferc.
624 2484 653 2511 In
682 2491 800 2520 quatuor
832 2495 896 2522 ergo
925 2487 1020 2516 lustris

233 2531 404 2565 septuaginta
418 2538 464 2557 sex
478 2538 623 2561 annorum,
640 2531 691 2557 hoc
706 2535 748 2558 est
766 2531 792 2557 in
810 2533 938 2559 trecentis
952 2541 1018 2568 qua-

232 2582 294 2605 tuor
308 2577 386 2604 annis
401 2576 541 2608 Romanis,
555 2584 615 2611 quae
629 2584 675 2612 per
694 2577 779 2605 denos
795 2586 917 2606 novenos
932 2586 1019 2606 annos

231 2623 262 2650 ﬁt
278 2623 417 2650 restitutio
432 2629 486 2649 non
511 2627 617 2654 exacta,
633 2628 743 2657 superat
757 2624 959 2651 exactissimam
975 2625 1019 2651 die

231 2672 287 2692 uno
303 2665 420 2699 integro.
437 2664 526 2699 Atque
540 2664 644 2692 idcirco
660 2665 739 2692 facile
747 2664 913 2700 deprehendi
929 2671 1019 2701 potest

231 2719 366 2739 canonem
384 2711 557 2738 deﬁcientem
575 2711 656 2738 hodie
670 2711 776 2738 duabus
791 2711 887 2740 diebus
903 2720 918 2739 a
935 2713 1019 2747 pleni-

231 2758 308 2785 lunio
322 2757 429 2784 Pascha
440 2757 547 2784 Iudaici
557 2761 621 2784 ante
631 2757 673 2784 bis
694 2760 831 2784 trecentos
842 2762 961 2792 quatuor
972 2766 1017 2785 an-

231 2812 281 2831 nos
295 2803 433 2832 Romanos
452 2808 640 2831 constructum
669 2804 762 2832 fuisse.
778 2804 880 2837 Quodsi
896 2805 1015 2832 Pascha-

750 187 923 215 APPENDIX
940 188 986 215 AD
1003 188 1134 217 EUSEBll
1152 189 1361 219 CHRONICON.

285 240 327 268 Sit
352 242 424 268 enim
450 242 478 269 in
502 242 554 270 hoe
574 243 769 279 diagrammate
786 250 860 273 recta
877 247 922 273 AB
950 248 1036 274 instar
1050 250 1073 277 Α

1805 193 1873 220 I308

1124 248 1214 275 Ἔστω
1228 248 1282 284 γὰρ
1297 250 1357 275 ἀντὶ
1375 249 1423 284 μὲν
1438 249 1491 275 τῶν
1506 248 1545 281 νζ*
1560 249 1672 284 ἡμερῶν
1683 249 1738 276 τῶν
1752 249 1805 276 ἀπὸ
1821 251 1873 286 της

1085 293 1213 330 λαμπρᾶς
1224 295 1367 330 Κυριακῆς
1385 296 1454 331 ἄχρι,
1468 296 1515 322 καὶ
1528 296 1583 322 τῶν
1598 296 1683 331 ἁγίων
1703 297 1872 323 ’Δποστόλων

1085 340 1132 366 καὶ
1152 341 1259 367 πάντων
1274 341 1416 376 Κυριακῆς
1429 343 1445 377 ὴ
1459 341 1509 368 AB’
1530 342 1630 369 εὐθεῖα·
1646 342 1706 369 ἀντὶ
1721 342 1750 369 δὲ
1765 343 1820 369 τῶν
1832 343 1872 375 νζ¹

1083 386 1195 421 ἡμερῶν
1212 387 1342 418 ὡσαύτως
1356 387 1395 422 τῷ
1412 388 1466 414 ἀπὸ
1480 387 1529 422 τῆς
1540 388 1634 424 τρίτης
1647 388 1693 415 τοῦ
1707 389 1794 415 Μαΐου
1806 389 1872 424 ἄχρι

1084 430 1131 456 καὶ
1145 430 1195 465 τῆς
1211 430 1255 466 κη’
1271 431 1317 457 τοῦ
1341 431 1448 458 Ἰουνίου
1466 433 1482 467 ἡ
1496 432 1552 458 ΓΔ’.
1572 433 1627 458 Καὶ
1644 433 1705 459 ἐπεὶ
1720 434 1736 469 ἡ
1754 434 1808 460 ἀπὸ
1819 434 1871 469 τῆς

1083 476 1178 511 τρίτης
1194 476 1240 502 τοῦ
1254 477 1342 502 Μαΐου
1356 476 1418 512 ἄχρι
1435 478 1481 504 καὶ
1493 478 1542 513 τῆς
1555 478 1699 514 Κυριακῆς
1710 479 1763 505 τῶν
1771 480 1871 513 Ἀγίων

1083 520 1192 547 πάντων
1203 522 1279 557 κοινή
1292 522 1375 548 ἐστιν·
1389 523 1584 559 ἀφαιρεθείσης
1593 524 1693 559 ταύτης
1702 525 1756 551 τῶν
1765 525 1870 562 ἄκρων,

1082 566 1205 593 λείπεται
1219 568 1235 602 ἡ
1247 567 1302 595 ΑΓ⁴
1316 568 1453 595 τουτέστιν
1470 569 1551 604 ἡάπὺ
1563 570 1613 605 τῆς
1627 569 1756 605 λαμπρᾶς
1766 571 1873 607 Κυρια-

1082 611 1133 646 κῆς
1141 611 1203 647 ἄχρι
1216 613 1261 638 καὶ
1272 613 1321 648 τῆς
1331 613 1355 647 γ’
1368 614 1414 640 τοῦ
1423 615 1521 646 Μαΐου,
1536 615 1579 651 ίση
1591 613 1661 642 εἶναι
1673 617 1706 651 τῇ
1719 616 1777 648 ΒΔ¹,
1791 625 1872 644 τουτ-

1081 657 1138 684 έο-ιι
1152 660 1186 693 τῇ
1199 658 1252 685 ἀπὸ
1266 659 1315 694 τῆς
1328 659 1469 695 Κυριακῆς
1482 660 1536 686 τῶν
1556 661 1653 694 ’Δγίων
1669 661 1788 694 πάντων,
1804 662 1870 698 ἄχρι

1081 702 1128 728 καὶ
1146 702 1195 737 τῆς
1210 703 1252 738 κη’
1265 703 1312 729 τοῦ
1335 703 1454 735 Ἰουνίου,
1475 704 1536 731 καθ’
1554 705 1587 740 ἢν
1605 705 1663 731 ἐστι
1681 706 1711 732 τὸ
1726 706 1803 738 τέλος
1817 708 1870 742 τῆς

1080 748 1220 783 νηστείας·
1232 748 1302 783 μετὰ
1315 748 1346 774 τὸ
1356 748 1447 784 εὑρεῖν
1458 749 1507 784 τὴν
1517 749 1623 785 ἡμέραν
1637 750 1684 776 τοῦ
1701 751 1786 786 μηνὸς
1806 753 1870 780 καθ’

1079 793 1113 829 ἢν
1128 793 1203 820 ἔσται
1218 793 1248 819 τὸ
1267 793 1374 829 Πάσχα,
1389 794 1592 830 ἀριθμήσαντες
1603 796 1665 822 ὅσαι
1680 797 1782 832 ἡμέραι
1799 798 1870 824 είσὶν

1079 839 1127 866 ἀπ’
1138 839 1223 874 αὐτῆς
1235 839 1301 875 ἀχρι
1311 840 1420 875 καὶτῆς
1433 840 1480 867 τοῦ
1493 841 1582 867 Μαΐου
1596 842 1701 877 τρίτης,
1713 842 1763 875 τὰς
1773 845 1871 871 τοσαύ-

1079 893 1128 916 τας
1142 885 1238 920 ἓξομεν
1253 885 1300 912 τοῦ
1317 885 1436 921 πλήθους
1453 886 1509 913 τῶν
1526 887 1637 922 ἡμερῶν
1650 890 1700 924 τῆς
1714 888 1768 916 τῶν
1783 890 1869 924 ἁγίων

1044 921 1065 948 Β
1088 930 1255 957 Ἀποστόλων
1269 931 1406 966 νηστείας.

1080 986 1150 1021 Περὶ
1174 986 1239 1026 τῆςη
1251 987 1303 1013 τοῦ
1314 987 1432 1027 .Πάσχα
1446 988 1652 1028 ,διορθώσεως-γ,
1675 990 1776 1025 ἄλλως
1798 993 1868 1028 περὶ

1202 1021 1257 1054 τῆς
1276 1022 1328 1048 τοῦ
1347 1021 1738 1059 κανονίουὶ-ραλιςρῖῒητος.

1114 1067 1174 1100 ις’.
1199 1068 1254 1093 Καὶ
1276 1068 1361 1094 ταῦτα
1386 1069 1434 1103 μὲν
1461 1070 1568 1101 ἱκανῶς⁸
1590 1072 1689 1106 ἐφεξῆς
1711 1073 1739 1099 δὲ
1762 1074 1867 1106 τούτοις

1079 1113 1225 1147 ἀναγκαῖον
1241 1114 1325 1146 δεῖξαι
1338 1116 1387 1149 τήν
1401 1124 1429 1140 τε
1444 1116 1532 1142 αἰτίαν
1549 1116 1595 1142 τοῦ
1615 1118 1756 1153 σφαλερῶς
1774 1121 1866 1146 ἐκκεῖ-

1080 1158 1139 1184 σϐαι
1159 1159 1189 1184 τὸ
1211 1159 1352 1194 εἰρημένον
1376 1160 1428 1185 τῶν
1445 1161 1605 1195 Πασχαλίων
1627 1163 1759 1194 κανόνιον,
1780 1164 1827 1190 καὶ
1841 1167 1866 1192 ει

1078 1203 1124 1229 ἀπ’
1141 1204 1227 1239 ἀρχῆς
1249 1204 1335 1235 οὕτως
1356 1204 1484 1237 ἔκκειται,
1506 1206 1560 1231 εἴτε
1583 1207 1629 1233 καὶ
1647 1208 1695 1242 μή·
1709 1207 1748 1234 ἔτι
1763 1208 1802 1240 δὲ,
1818 1209 1866 1236 καὶ

1077 1250 1162 1280 οὕτως
1180 1250 1306 1284 ἔχοντος,
1324 1251 1388 1276 πότε
1408 1252 1550 1285 συμϐαίνει
1571 1253 1658 1287 ὀρθῶς
1677 1253 1812 1281 τελεῖσθαι
1833 1257 1866 1282 τό

1077 1296 1171 1329 Πάσχα
1259 1296 1346 1330 ήμὼψ
1372 1296 1436 1321 ποτε
1460 1297 1487 1322 δὲ
1504 1298 1551 1332 τῆς
1572 1298 1699 1333 ἀκριεοῦς
1720 1300 1866 1326 ἐκπίπτειν

1076 1341 1229 1376 ὀρθότητος,
1253 1342 1282 1367 'll
1305 1342 1352 1376 μὲν
1371 1340 1415 1368 οὖν
1431 1342 1503 1368 αἰτία
1519 1343 1571 1368 τῶν
1587 1344 1714 1371 τοιούτων
1731 1346 1780 1371 οὐκ
1796 1345 1864 1382 ἄλλη

1076 1387 1115 1417 τές
1131 1388 1217 1418 ἐστιν,
1236 1389 1258 1412 εἰ
1282 1388 1318 1422 μὴ
1336 1388 1404 1423 ὅτιὴ
1423 1388 1466 1414 διὰ
1480 1389 1532 1414 τῶν
1551 1389 1582 1414 ιθ¹
1605 1390 1766 1425 Ῥωμαῖκῶν
1785 1392 1862 1424 ἑτῶν,

1075 1433 1121 1464 οὓς
1135 1434 1182 1459 καὶ
1197 1433 1370 1468 σεληνιακοὺς
1384 1434 1499 1466 κύκλους
1514 1436 1659 1471 καλοῦμεν,
1672 1438 1802 1473 γινομένη
1815 1438 1865 1473 τῆς

1076 1479 1189 1513 σελήνης
1216 1479 1449 1511 ἀποκατάστασις,
1476 1481 1525 1506 οὐκ
1548 1481 1603 1507 ἔστι
1628 1482 1697 1509 κατά
1721 1483 1751 1509 τὸ
1775 1483 1864 1518 πάντη

1074 1524 1185 1559 ἀκριϐὲς
1197 1525 1358 1559 εἰλημμένη·
1375 1526 1411 1556 ὡς
1427 1527 1564 1560 προϊόντες
1580 1527 1700 1563 δείξομεν
1716 1528 1749 1555 δι’
1768 1529 1864 1564 ἐτέρας

1074 1571 1201 1605 χρονικῆς
1216 1571 1462 1603 ἀποκαταστάσεως
1483 1573 1532 1607 τῆς
1554 1573 1598 1599 διὰ
1618 1578 1656 1600 κε’
1669 1575 1864 1608 Αἰγυπτιακῶν

1077 1616 1144 1642 ὲτῶν
1168 1616 1238 1642 κατά
1260 1617 1289 1643 τὸ
1312 1618 1505 1653 ἀκριϐέστερον
1528 1619 1681 1654 γινομένης,
1700 1619 1771 1657 ᾗτινι
1792 1623 1864 1648 καὶὸ

1076 1663 1227 1697 θαυμάσιος
1240 1664 1374 1699 ἐχρήσατο
1383 1665 1546 1699 Πτολεμαῖος
1555 1667 1583 1692 ὲν
1592 1668 1623 1701 τῇ
1633 1667 1682 1701 τῆς
1689 1667 1864 1700 Συντάξεως

1076 1709 1262 1744 πραγματείᾳ,
1283 1710 1476 1744 συγκρίναντες
1492 1711 1592 1742 ταύτας
1609 1711 1746 1747 ἀλλήλαις.
1765 1713 1862 1739 Ποιοῦ-

1077 1762 1125 1789 μεν
1139 1754 1167 1780 δὲ
1186 1754 1234 1789 τὴν
1251 1754 1394 1789 σύγκρισιν
1415 1755 1495 1781 οὕτω·
1517 1757 1792 1793 Τετραπλασιάζομεν
1813 1759 1864 1794 τὴν

1075 1800 1330 1836 ἐννεαδεκαετηρίδα
1341 1802 1389 1836 τῆς
1401 1802 1522 1837 σελήνης.
1534 1804 1580 1829 καὶ
1590 1804 1708 1837 γίνονται
1720 1804 1864 1840 Ῥωμαϊκὰ

1075 1844 1121 1880 ἔτη
1138 1846 1191 1877 aq"
1210 1846 1439 1882 τριπλασιάζομεν
1453 1848 1474 1874 δ’
1489 1848 1617 1880 ὡσαύτως
1634 1851 1679 1876 καὶ
1694 1850 1742 1884 τὴν
1762 1852 1864 1878 εἰκοσι-

1075 1892 1269 1927 πενταετηρίδα
1283 1892 1337 1918 τῶν
1350 1894 1552 1926 Αἰγυπτιακῶν,
1567 1895 1613 1920 καὶ
1627 1897 1697 1921 ποιεῖ
1707 1896 1753 1923 05'.
1769 1896 1862 1923 Ταῦτα

1073 1936 1101 1962 δὲ
1115 1936 1149 1963 τὰ
1162 1937 1196 1962 σε’
1210 1938 1380 1971 Αἰγυπτιακὰ
1392 1938 1437 1973 ἔτη
1455 1939 1638 1974 προλαμϐάνει
1650 1941 1666 1974 ἡ
1678 1941 1860 1976 ἀκριϐεστάτη

1073 1983 1122 2017 τῆς
1148 1982 1261 2018 σελήνης
1283 1984 1504 2016 ἀποκατάστασις
1527 1985 1683 2020 ὲξηκοστοῖς
1704 1987 1811 2022 ἡμέρας
1835 1987 1862 2022 η’

1073 2028 1133 2054 κα¹’.
1157 2028 1233 2054 Ἐπεὶ
1253 2028 1280 2054 δὲ
1297 2030 1344 2055 καὶ
1362 2029 1395 2055 τὰ
1417 2030 1459 2061 [ις’
1479 2031 1618 2065 Ῥωμαϊκὰ
1634 2031 1680 2066 έτη
1697 2032 1750 2058 τῶν
1764 2036 1799 2059 οε’
1813 2034 1862 2059 Αί-

1073 2073 1230 2105 γυπτιακῶν
1253 2073 1430 2108 ὑπερέχουσιν
1454 2075 1571 2110 ἡμέραις
1591 2076 1659 2109 τπδ’,
1683 2077 1794 2108 ταύταις
1812 2078 1862 2105 ἐὰν

1073 2116 1235 2152 προσθῶμεν
1255 2118 1288 2144 τὰ
1308 2118 1361 2144 ἀπὺ
1380 2120 1428 2154 τῆς
1452 2120 1649 2154 ἀκριϐεστάτης
1670 2122 1862 2149 ἀποκαταστά-

1074 2169 1141 2193 σεως
1156 2162 1180 2197 η’
1197 2162 1256 2195 κα”,
1270 2164 1316 2189 καὶ
1332 2163 1385 2189 τῶν
1406 2165 1557 2200 γενομένων
1574 2166 1631 2191 τπδ’
1649 2167 1759 2202 ἡμερῶν
1773 2167 1796 2203 η’
1810 2168 1861 2194 κα¹¹

1073 2207 1215 2242 ἀφέλωμεν
1233 2209 1494 2245 τρισκαιδεκάμηνον
1510 2211 1638 2243 ἑπουσίας
1655 2212 1766 2247 ἡμερῶν
1780 2213 1861 2249 σελή-

1073 2262 1121 2288 νης
1133 2257 1205 2288 τπγ’,
1219 2255 1269 2288 νγ¹,
1279 2255 1334 2289 νβ¹’·
1350 2256 1444 2290 ἕξομεν
1460 2257 1507 2292 τὴν
1521 2258 1621 2292 ἀκριϐῆ
1638 2259 1862 2288 ἀποκατάστασιν

1071 2300 1121 2334 τῆς
1135 2300 1258 2336 σελήνης,
1278 2301 1520 2336 προλαμϐάνουσαι)
1539 2303 1587 2339 τὴν
1606 2304 1649 2330 διὰ
1667 2305 1720 2331 τῶν
1735 2306 1860 2333 ὲννεαδε-

1071 2346 1238 2380 καετηρίδων
1253 2345 1406 2381 ὲξηκοστοῖς
1420 2348 1526 2382 ἡμέρας
1542 2348 1573 2379 o’,
1590 2349 1630 2381 ιδ’,
1646 2349 1789 2386 κο”,ἆπερ
1804 2352 1862 2379 εἰσὶ

1073 2390 1155 2426 μέρος
1179 2391 1284 2425 ἡμέρας
1304 2392 1414 2417 ἔλασσον
1432 2393 1447 2427 ἦ
1468 2393 1497 2418 δ’.
1517 2394 1590 2425 Τέως
1611 2395 1680 2421 ἔστω
1696 2396 1717 2422 δ’
1733 2396 1860 2431 ἔγγιστα.

1071 2437 1153 2462 Ὥστε
1167 2438 1196 2463 ἐν
1208 2436 1245 2462 τδ¹
1268 2437 1430 2471 Ῥωμαϊκοῖς
1445 2438 1531 2465 ἔτεσιν
1543 2441 1559 2474 ὴ
1576 2440 1619 2466 διὰ
1631 2441 1684 2467 τῶν
1699 2443 1861 2470 ἐννεαδεκα-

1070 2482 1200 2517 ετηρίδων
1226 2483 1444 2515 ἀποκατάστασις
1475 2485 1511 2520 μὴ
1542 2485 1656 2521 ἀκριϐὴς
1679 2487 1788 2523 ὑστερεῖ
1808 2489 1862 2525 τῆς

1071 2528 1273 2563 ἀκριϐεστάτης
1286 2529 1376 2564 ἡμέρα
1392 2530 1481 2565 τελεία
1496 2530 1530 2557 α’.
1549 2532 1603 2558 Καὶ
1622 2532 1666 2559 διὰ
1684 2533 1763 2560 τοῦτο
1777 2535 1862 2562 εὐκα-

1070 2575 1200 2609 τανόητον
1215 2575 1300 2605 ἔσται,
1320 2576 1360 2601 ὅτι
1374 2576 1404 2601 τὸ
1418 2578 1540 2603 κανόνιον
1556 2578 1633 2604 δυσὶν
1646 2579 1764 2615 ἡμέραις
1780 2582 1862 2608 ἐκπί-

1071 2629 1136 2647 πτον
1148 2622 1197 2656 τῆς
1212 2621 1280 2647 κατὰ
1295 2621 1329 2648 τὰ
1346 2622 1475 2649 Ἰουδαϊκὰ
1487 2625 1628 2658 Πασχάλια
1641 2626 1863 2663 πανσεληνιακῆς

1070 2666 1176 2702 ἡμέρας
1187 2668 1214 2694 ἐν
1225 2669 1279 2699 τοῖς
1293 2668 1339 2694 νῦν
1353 2669 1470 2703 χρόνοις,
1486 2670 1536 2704 πρὸ
1547 2670 1583 2696 τδ’
1592 2672 1602 2685 ⁵
1615 2671 1776 2706 Ῥωμαϊκῶν
1789 2674 1862 2700 ἐτῶν

1075 2713 1197 2748 συνέστη.
1216 2714 1294 2739 ’Λλλά
1308 2715 1354 2740 καὶ
1366 2714 1423 2740 εἶπε
1428 2723 1443 2749 ρ
1456 2716 1471 2749 ἡ
1487 2715 1539 2741 τῶν
1552 2716 1712 2750 Πασχαλίων
1724 2719 1861 2753 πανσελη-

1071 2758 1151 2793 νιακὴ
1174 2759 1263 2794 ἡμέρα
1288 2760 1335 2794 τὴν
1360 2761 1458 2795 ἀκριϐῆ
1484 2761 1576 2796 ἐδήλου
1604 2762 1657 2789 τῶν
1683 2764 1862 2799 πανσελήνων

1069 2804 1153 2839 ὥραν,
1174 2806 1281 2839 εἴχομεν
1298 2806 1329 2831 ἂν
1346 2806 1457 2831 Fiunt?”
1473 2807 1677 2839 ἐπιλογίσασθαι
1690 2809 1736 2835 καὶ
1751 2809 1789 2835 ἔτι
1806 2810 1860 2846 πρὸ

266 2882 276 2896 ⁵
293 2880 378 2915 Hujus
391 2882 484 2916 cupitis
502 2881 621 2909 Latinam
637 2883 777 2910 versionem
792 2891 807 2909 α
818 2881 951 2918 Sraligero
967 2882 1064 2910 editam
1076 2884 1221 2917 posuimus.
1258 2884 1266 2896 "
1277 2883 1393 2918 διηιίίυιν·
1412 2884 1448 2909 Ini;
1465 2885 1513 2911 730i
1532 2885 1601 2919 Ie’gil.
