4124 6448
377 402 401 457 l
412 402 514 461 309

1283 399 1510 457 ISAACI
1549 399 1858 455 MONACHI
1895 398 2276 457 COMPUTUS
2320 395 2762 454 ECCLESIAST.

3474 401 3618 459 i310

377 514 556 569 πόσων
600 514 735 569 ἐτῶν
767 515 828 567 τὺ
870 513 1106 568 τοιοῦτον
1147 531 1392 569 κανονιον
1437 515 1689 584 συνέστη.
1726 515 1871 577 Τέως
1899 514 1942 566 δ’

2062 514 2178 568 .ium
2212 513 2636 584 pleniluniorum
2667 512 2786 567 dies
2836 512 3245 568 exactissimum
3310 515 3623 575 ostenderet

379 609 465 661 ἵνα
496 606 712 678 γνῶμεν
751 608 891 678 μετά
933 609 1075 660 πόσα
1108 607 1202 681 ἐτη
1239 607 1332 660 τοῦ
1369 608 1635 678 παρόντος
1662 608 1865 659 τέλειαι
1901 606 1945 676 β’

379 699 581 770 ἡμέραι
609 699 1103 772 ἀπαμισθὴσονται
1137 703 1192 753 αἱ
1223 704 1323 772 τῆς
1343 701 1628 772 ἀκριϐείας
1654 702 1948 755 ἐκπίπτου-

382 808 488 854 σαι,
515 792 845 862 ἐποιήσαμεν
863 792 1204 863 ψηφοφορίαν
1228 793 1662 863 πανσεληνιακῆς
1690 792 1948 861 συζυγίας

392 883 680 937 Ἰουδαϊκοῦ
716 886 908 955 Πάσχα
941 885 1349 956 παρακειμένου
1379 884 1456 955 τῷ
1494 884 1749 938 ἐνεστῶτι
1781 886 1949 956 τρίτῳ

380 972 563 1043 κύκλῳ
586 974 683 1043 τῆς
711 972 957 1044 σελήνης,
993 973 1021 1025 ι’
1047 973 1141 1026 τοῦ
1184 973 1460 1043 Ἀπριλίου
1490 972 1951 1044 καταγεγραμμέ-

380 1082 479 1135 νην
507 1064 739 1135 ἐχοντος.
775 1064 1017 1138 Εὖρομεν
1050 1065 1106 1118 δὲ
1136 1065 1339 1137 ταύτην
1368 1064 1738 1117 ἐκπίπτουσαν
1776 1062 1865 1116 διά
1889 1064 1952 1115 τὸ

384 1155 460 1227 μὴ
489 1154 734 1226 ἀκριϐὲς,
764 1156 838 1219 ὡς
867 1156 1100 1228 εἴρηται,
1143 1171 1246 1226 της
1280 1155 1797 1219 ἀποκαταστάσεως,
1827 1147 1863 1228 ᾗ
1891 1153 1953 1206 τὸ

381 1244 626 1299 κανόνιον
653 1245 872 1315 χρῆται,
917 1246 998 1308 είς
1032 1248 1131 1317 τήν
1162 1246 1212 1316 η’
1253 1245 1346 1298 τοῦ
1388 1245 1551 1298 αὑτοῦ
1601 1245 1767 1316 μηνὸς
1815 1244 1954 1315 μετὰ

380 1336 527 1409 ὥρας
553 1354 701 1408 τρεις
741 1336 1059 1408 ίσημερινάς
1089 1338 1187 1408 τῆς
1219 1337 1339 1391 κατ’
1372 1337 1540 1409 αὐτὴν
1571 1337 1833 1408 ἀνατολῆς
1857 1337 1952 1391 τοῦ

381 1428 556 1498 ἡλίου.
598 1430 749 1483 Ἐπεὶ
782 1426 874 1485 οὖν
905 1431 960 1483 αί
996 1431 1147 1501 τρεῖς
1177 1422 1316 1500 ὧραι
1358 1430 1672 1500 ἰσημεριναὶ
1703 1429 1753 1500 η’
1790 1429 1956 1500 μέρος

382 1522 490 1574 εἰσὶ
524 1520 618 1574 τοῦ
664 1521 1084 1592 ἡμερονυκτίου,
1128 1519 1224 1574 ἐὰν
1267 1519 1329 1573 τὸ
1365 1519 1473 1573 τῶν
1521 1519 1845 1589 Ῥωμαϊκῶν
1881 1517 1955 1572 τδ’

382 1611 517 1667 ἐτῶν
565 1611 658 1682 (ἐν
699 1608 781 1676 οἷς
818 1612 1207 1684 ἡμερονύκτιον
1253 1611 1455 1666 τέλειον
1507 1611 1878 1683 προλαμϐάνει
1920 1613 1954 1682 ἡ

381 1703 615 1776 ἀκριϐὴς
644 1700 1085 1767 ἀποκατάστασις
1108 1703 1205 1775 τὴν
1237 1704 1325 1757 διά
1358 1704 1450 1757 τὸν
1483 1703 1955 1775 ἐννεαδεκαετηρί-

379 1793 485 1847 δων
511 1796 585 1865 μὴ
607 1795 836 1866 ἀκριϐῆ)
878 1795 939 1848 τὸ
963 1794 1012 1866 η’
1032 1794 1308 1865 λάϐωμεν,
1334 1796 1362 1848 ὅ
1383 1799 1529 1848 ἐστιν
1552 1794 1646 1865 ἐτη
1675 1795 1955 1867 Ῥωμαῖκά

381 1884 484 1956 λη”
516 1885 708 1957 ἕξομεν
747 1885 866 1957 μεθ’
898 1887 999 1939 ὅσα
1044 1885 1141 1956 μὲν
1175 1885 1268 1956 ἐτη
1301 1885 1395 1938 τοῦ
1427 1886 1721 1948 ἐνεστῶτος
1752 1886 1954 1939 τέλειαι

382 1976 594 2031 ἔσονται
620 1976 820 2048 ἡμέραι
847 1976 892 2047 β’
916 1977 972 2031 αί
995 1977 1093 2046 τῆς
1120 1976 1402 2048 ἀκριϐείας
1428 1976 1808 2030 ἐκπίπτουσαι·
1839 1978 1955 2047 μετ’

384 2068 598 2139 ἐκείνην
622 2068 678 2125 δὲ
703 2069 801 2139 τὴν
831 2069 1276 2123 ἀποκατάστασιν
1304 2067 1464 2122 πάλιν
1485 2069 1705 2139 ἄρξεται
1728 2069 1821 2121 καὶ
1844 2067 1959 2120 ἐτέ-

386 2176 486 2231 ρας
522 2160 734 2231 ἡμέρας
777 2160 941 2232 μόρια
978 2161 1380 2232 προλαμϐάνειν
1407 2164 1441 2232 ἡ
1475 2161 1706 2232 ἀκριϐὴς
1746 2161 1843 2231 τὴν
1882 2160 1957 2231 μὴ

384 2250 608 2321 ἀκριϐῆ.
643 2251 717 2303 Τὸ
747 2251 886 2321 μετά
917 2250 999 2323 λη’
1027 2252 1084 2305 δὲ
1128 2251 1222 2322 ἐτη
1263 2251 1357 2305 τοῦ
1399 2251 1664 2322 παρόντος
1703 2250 1854 2303 ἔσται
1899 2250 1960 2302 τὸ

386 2340 560 2407 ,ςῇιθ
591 2341 731 2403 ἔτος.
757 2343 868 2396 Καὶ
896 2344 944 2395 εἰ
977 2341 1076 2413 μὲν
1108 2341 1249 2395 κατά
1280 2341 1381 2411 τὴν
1418 2340 1569 2413 παρὰ
1595 2341 1709 2402 τοῖς
1746 2339 1958 2403 πολλοῖς

386 2432 786 2503 ἐπικρατοῦσαν
825 2432 983 2496 δόξαν
1022 2432 1412 2503 συμπλήρωσις
1439 2430 1592 2483 ἔσται
1628 2428 1721 2481 τοῦ
1758 2431 1960 2494 παντὸς

386 2523 528 2577 κατά
589 2522 688 2594 τὴν
736 2521 830 2574 τοῦ
882 2523 927 2586 ,ζ
976 2520 1129 2584 ἔτους
1185 2520 1615 2591 συμπλήρωσιν,
1672 2518 1959 2591 περίεργον

386 2612 537 2667 ἔσται
569 2614 749 2685 ζητεῖν
777 2612 1023 2685 διορθοῦν
1045 2613 1144 2684 τὴν
1163 2614 1261 2684 τῆς
1283 2613 1408 2683 σελή
1419 2630 1511 2681 νης
1551 2612 1771 2683 μέθοδον
1800 2611 1957 2677 ἐτῶν,

390 2706 550 2777 μόνον
588 2706 678 2759 πα¹
712 2706 1311 2778 καταλειφθησομένων,
1347 2707 1408 2759 ἐν
1441 2700 1521 2768 οἷς
1548 2705 1628 2758 δεῖ
1652 2707 1717 2776 τῇ
1759 2704 1961 2775 μεθόδῳ

385 2799 560 2873 ταύτῃ
582 2799 720 2871 μετά
741 2799 1077 2872 διορθώσεως
1098 2798 1355 2871 χρῆσθαι,
1388 2798 1657 2869 μηδεμιᾶς
1682 2797 1959 2867 ἀξιολόγου

387 2890 760 2962 γενησομένης
785 2891 1046 2961 διαφορᾶς
1078 2892 1136 2945 ἐν
1167 2892 1278 2953 τοῖς
1308 2889 1617 2961 εἰρημένοις
1649 2888 1740 2942 πα¹
1763 2888 1957 2952 ἔτεσιν,

389 2984 438 3037 εί
470 2985 540 3058 τῇ
574 2981 883 3053 άδιορθώτῳ
924 2981 1163 3053 ἐχρῶντο
1193 2981 1401 3052 μεθόδῳ
1428 2982 1477 3034 οἱ
1504 2981 1625 3034 τότε
1658 2981 1957 3053 περιόντεςο

388 3074 439 3125 εί
465 3071 542 3139 δὲ,
571 3071 713 3126 καθά
734 3073 882 3126 δοκεῖ
902 3090 1046 3126 τισιν
1073 3072 1274 3136 ἄλλοις,
1306 3072 1557 3143 ἀόριστον
1583 3067 1723 3126 εἶναι
1746 3071 1836 3124 τὸν
1861 3072 1960 3143 τῆς

2049 604 2452 674 oppositionum
2487 612 2721 672 tempus,
2746 617 3033 673 possemus
3059 604 3369 659 accuratius
3396 606 3620 659 ratioci-

2050 694 2171 747 nari
2197 699 2322 747 ante
2355 700 2489 762 quot
2509 707 2685 747 annos
2707 693 2833 746 talis
2864 707 3041 749 canon
3069 696 3409 765 compositus
3435 695 3618 750 fuerit.

2049 786 2261 839 Interea
2288 793 2472 838 tamen
2502 792 2561 837 ut
2610 798 3006 853 cognoscamus
3035 794 3160 855 post
3208 793 3343 856 quot
3373 801 3547 842 annos
3589 802 3623 840 a

2052 877 2308 949 praesenti
2335 876 2562 947 integra:
2582 875 2700 931 dies
2726 876 2868 941 duae,
2908 893 3031 948 quae
3059 878 3376 934 desciscunt
3399 880 3469 933 ah
3491 894 3624 933 exa-

2051 971 2219 1035 mine,
2256 969 2702 1025 consummandae
2749 970 2881 1031 sint,
2941 970 3226 1040 plenilunii
3285 968 3496 1027 Pascha
3529 970 3624 1025 Ju-

2053 1060 2195 1115 daici
2222 1061 2479 1130 praesenti
2502 1060 2657 1131 cyclo
2683 1060 2938 1130 appositi,
2971 1060 3118 1129 quod
3148 1062 3419 1116 decimam
3458 1063 3625 1132 Apri—

2052 1152 2121 1208 lis
2145 1151 2285 1207 diem
2318 1151 2610 1222 ascriptam
2644 1150 2826 1218 habet,
2880 1151 3148 1207 rationem
3206 1152 3484 1208 inivimus.
3518 1152 3625 1208 De-

2054 1243 2445 1314 prehendimus
2475 1250 2678 1307 autem,
2707 1251 2930 1313 propter
2985 1258 3095 1298 non
3165 1252 3499 1311 accuratam,
3560 1252 3623 1299 ut

2054 1337 2262 1392 dictum
2305 1343 2410 1401 est,
2461 1335 2845 1390 conversionis
2898 1334 3109 1389 lunaris
3171 1335 3461 1399 rationem,
3510 1351 3621 1404 qua

2055 1444 2233 1484 canon
2254 1428 2448 1491 utitur,
2473 1425 2784 1482 desciscere
2806 1427 2859 1480 in
2877 1434 3125 1481 octavam
3147 1425 3348 1496 Aprilis
3374 1434 3497 1496 post
3522 1427 3624 1482 ho-

2055 1535 2145 1576 ras
2173 1527 2288 1575 tres
2315 1517 2722 1589 aequinoctiales
2760 1518 2831 1573 ab
2862 1526 2986 1572 ortu
3024 1518 3180 1582 solis,
3216 1517 3310 1587 qui
3346 1518 3400 1571 in
3431 1517 3621 1573 eadem

2056 1612 2144 1669 die
2169 1611 2419 1682 contigit.
2477 1609 2619 1675 Quia
2648 1624 2780 1664 vero
2836 1618 2950 1665 tres
3005 1609 3154 1664 horae
3212 1609 3623 1679 aequinoctiales

2057 1712 2185 1761 sunt
2204 1709 2394 1759 octava
2412 1718 2538 1773 pars
2566 1704 2827 1773 temporis
2854 1704 3109 1757 nocturni
3129 1712 3185 1758 et
3217 1701 3421 1766 diurni.
3452 1703 3497 1758 si
3525 1718 3625 1757 an-

2057 1812 2251 1852 norum
2278 1811 2433 1851 cccrv
2460 1794 2854 1859 Romanorum,
2891 1794 2947 1848 in
2978 1795 3178 1865 quibus
3226 1795 3492 1866 integram
3524 1810 3626 1850 ne-

2057 1896 2197 1944 ctem
2229 1893 2284 1942 et
2313 1887 2457 1942 diem
2497 1893 2688 1940 exacta
2711 1885 3001 1939 conversio
3032 1899 3145 1939 non
3198 1895 3464 1953 exactam,
3502 1899 3626 1954 quae

2057 1979 2192 2033 litin
2210 1995 2303 2032 xix
2326 1978 2507 2041 annis,
2548 1976 2831 2047 anticipat,
2884 1984 3130 2030 octavam
3164 1984 3371 2045 partem
3412 1992 3628 2032 assum-

2055 2071 2350 2142 pscrimtts,
2382 2068 2436 2123 id
2492 2076 2597 2133 est,
2632 2083 2805 2123 annos
2844 2066 3119 2123 Romanos
3164 2084 3374 2123 xxxvm
3408 2085 3422 2122 :
3456 2068 3625 2123 habe-

2057 2164 2238 2218 bimus
2262 2168 2385 2232 post
2409 2166 2544 2230 quot
2582 2176 2757 2216 annos
2806 2176 2837 2214 a
2881 2160 3138 2231 praesenti
3191 2161 3416 2232 integrae
3463 2170 3626 2216 erunt

2059 2252 2179 2308 dies
2209 2250 2331 2305 duae
2369 2251 2438 2305 ab
2459 2250 2713 2305 examine
2736 2248 3077 2306 deﬁcientes.
3109 2249 3241 2305 Post
3263 2250 3411 2304 illam
3440 2259 3624 2306 autem

2059 2343 2497 2404 conversionem,
2530 2354 2754 2395 rursum
2780 2339 2903 2395 aliis
2932 2339 3043 2395 diei
3082 2341 3358 2411 scrupulis
3403 2341 3624 2411 incipiet

2059 2441 2254 2490 exacta
2282 2431 2558 2487 restitutio
2589 2445 2700 2485 non
2734 2437 2985 2485 exactam
3024 2432 3341 2502 anticipare.
3375 2430 3505 2487 Post
3526 2412 3652 2486 an:

2060 2540 2164 2579 nos
2184 2530 2366 2578 autem
2399 2524 2620 2593 triginta
2649 2528 2774 2576 octo
2803 2535 2835 2575 a
2858 2523 3114 2590 praesenti
3138 2524 3440 2578 eritannus
3463 2523 3624 2579 6919.

2062 2609 2107 2682 Γ
2125 2611 2204 2665 Ac
2247 2611 2317 2672 si,
2340 2617 2401 2665 ut
2438 2609 2678 2680 vulgaris
2708 2616 2792 2665 est
2824 2609 3028 2679 opinio,
3063 2611 3294 2682 septimo
3337 2613 3629 2668 millesimo

2058 2708 2306 2757 vertente
2329 2701 2495 2756 totius
2517 2698 2705 2754 mundi
2734 2696 2915 2754 futura
2937 2703 3336 2757 consummatio
3368 2710 3484 2769 est;
3522 2702 3631 2759 fru-

2061 2802 2176 2850 stra
2204 2793 2261 2847 in
2291 2790 2608 2863 castiganda
2628 2791 2807 2844 lunari
2847 2792 3104 2847 methodo
3156 2793 3314 2848 labor
3345 2794 3629 2850 adhibebi-

2059 2892 2183 2949 tur;
2213 2899 2337 2938 cum
2371 2883 2502 2938 anni
2527 2881 2904 2937 tantummodo
2927 2882 2995 2938 de
3021 2898 3234 2938 summa
3261 2886 3453 2955 reliqui
3512 2887 3628 2942 sint

2060 2992 2247 3041 Lxxxt,
2261 2991 2358 3046 per
2377 2989 2516 3045 quos
2535 2974 2821 3029 emendata
2846 2974 2938 3028 illa
2960 2974 3250 3031 methodus
3275 2976 3329 3030 in
3354 2993 3456 3032 usu
3475 2979 3577 3032 erit
3611 2998 3625 3033 :

2062 3085 2185 3126 cum
2207 3069 2261 3123 in
2292 3068 2414 3124 istis
2443 3083 2609 3123 Lxxn
2648 3065 2808 3122 annis
2823 3079 2934 3121 non
2960 3067 3195 3121 multum
3229 3069 3462 3133 intersit,
3489 3070 3536 3124 si
3564 3070 3625 3133 ii,

391 3161 700 3225 συντελείας
727 3162 937 3232 καιρὸν,
968 3156 1047 3226 οἷς
1080 3162 1173 3217 καὶ
1204 3161 1365 3224 αὐτὸς
1392 3162 1727 3232 συντίθεμαιο
1755 3161 1961 3232 πρέπον

2064 3162 2160 3231 qui
2186 3169 2302 3216 tum
2338 3159 2660 3231 superstites
2683 3166 2865 3222 erunt.
2930 3166 3167 3215 veterem
3219 3176 3321 3215 nec
3381 3162 3631 3216 emenda-

390 3251 457 3308 ἂν
480 3251 568 3323 εἴη
593 3252 837 3323 διορθοῦν
859 3253 955 3324 τὴν
980 3252 1108 3323 περὶ
1127 3252 1226 3321 τῆς
1248 3251 1475 3324 σελήνης
1500 3251 1743 3323 μέθοδον,
1761 3252 1782 3284 ⁸
1803 3268 1965 3322 προσ-

389 3340 597 3399 τ-θέναι
624 3345 746 3406 ταῖς
768 3343 871 3414 τῆς
900 3342 1127 3415 σελήνης
1148 3343 1431 3409 ἐπακταῖς,
1460 3343 1525 3407 ἃς
1551 3344 1584 3415 ἡ
1614 3342 1710 3397 νῦν
1742 3342 1965 3414 μέθοδος

392 3431 740 3505 ὕπαγορεύει,
769 3434 864 3490 καὶ
903 3436 1189 3507 ἐπερευνᾷ,
1224 3434 1318 3490 καὶ
1354 3434 1496 3490 οὓτω
1529 3436 1603 3509 μὴ
1638 3433 1962 3507 σφάλλεσθαι

392 3527 494 3597 τῆς
524 3526 833 3599 ὀρθότητος.
857 3528 931 3581 Τὸ
956 3527 1138 3598 μέντοι
1160 3529 1462 3598 [Ιασχάλιον
1481 3530 1742 3595 κανόνιον,
1761 3531 1965 3600 ἀμετα-

392 3620 617 3691 ποίητον
641 3620 819 3690 μένον,
844 3621 937 3673 καὶ
967 3619 1047 3673 ἔτι
1082 3619 1491 3696 σφαλερώτερον
1519 3621 1689 3675 ἔσται⁸
1727 3622 1964 3693 παρόσον

394 3710 488 3768 νῦν
507 3710 603 3781 μὲν
617 3710 768 3764 δυσὶν
784 3710 1019 3784 ἡμέραις
1034 3711 1286 3768 ἐκπίπτει
1299 3711 1396 3782 τῆς
1414 3711 1689 3782 ἀληθείας,
1707 3712 1801 3766 ἀπ’
1825 3712 1967 3766 ἐκεί-

393 3818 484 3857 νου
509 3801 565 3854 δὲ
581 3800 674 3853 τοῦ
690 3800 862 3867 ἔτους,
878 3802 1077 3874 δηλαδὴ
1091 3803 1186 3857 τοῦ
1204 3803 1394 3870 ,ςῆᾗιθς
1409 3805 1602 3876 τρισίν.
1623 3807 1742 3859 Ἐπὶ
1758 3806 1966 3871 τούτοις

396 3891 741 3963 σκεψώμεθα,
764 3892 859 3945 καὶ
880 3895 929 3946 εί
958 3893 1078 3946 καθ’
1099 3893 1328 3949 ἕκαστον
1352 3895 1472 3959 ἐτος
1501 3896 1845 3968 σφάλλεταιὴ
1870 3897 1965 3951 τοῦ

397 3985 565 4062 μηνὸς
589 3984 790 4056 ἡμέρα,
814 3983 933 4038 καθ’
957 3985 1023 4056 ἢν
1042 3985 1201 4057 ἡμεῖς
1225 3986 1286 4039 τὸ
1308 3986 1460 4055 ἅγιον
1481 3988 1672 4058 Πάσχα
1686 3987 1965 4059 τελοῦμεν,

392 4070 427 4145 ἢ
461 4071 590 4124 ποτὲ
629 4071 748 4141 μὲν,
788 4072 918 4126 ποτέ
956 4072 1014 4129 δὲ
1043 4073 1125 4128 οὔ.
1171 4074 1451 4147 Γνώριμον
1482 4075 1540 4129 δὲ
1570 4075 1745 4142 ἔσται,
1788 4076 1884 4140 ὡς,
1919 4079 1968 4130 εί

395 4162 532 4234 μόνῃ
587 4165 652 4233 τῇ
697 4161 792 4217 τοῦ
839 4163 1004 4236 μηνὸς
1047 4165 1229 4238 ἡμέρᾳ.
1274 4166 1337 4220 τὸ
1393 4167 1662 4240 ἡμέτερον
1726 4170 1970 4223 ὲκανονί-

392 4253 535 4323 ζετο,
593 4253 686 4306 καὶ
733 4255 807 4325 μὴ
839 4255 1085 4326 ἀνάγκην
1129 4256 1349 4327 εἴχομεν
1389 4259 1485 4311 καὶ
1519 4258 1659 4313 κατά
1684 4258 1970 4331 Κυριακὴν

392 4346 605 4417 ἡμέραν
620 4345 776 4400 τοῦτο
793 4347 967 4403 τελεῖν
983 4365 996 4379 ·
1027 4348 1149 4402 καθ’
1172 4350 1399 4403 ἕκαστον
1422 4350 1486 4403 ἂν
1509 4349 1628 4414 έτος
1652 4351 1966 4420 ἐσφάλλετο,

392 4437 641 4509 καθάπερ
673 4440 768 4493 καὶ
805 4440 866 4497 τὸ
912 4440 1218 4509 Ἰουδαϊκὸν,
1276 4442 1372 4496 καὶ
1416 4445 1537 4506 ταῖς
1586 4443 1738 4497 δυσὶν
1779 4444 1970 4509 αὐταῖς

2064 3260 2177 3307 tam
2248 3251 2667 3321 assumpserint.
2726 3248 2845 3313 Sin,
2889 3256 2949 3305 ut
2985 3251 3259 3324 plerisque
3312 3252 3492 3309 visum
3543 3262 3630 3309 est

2064 3340 2209 3406 aliis,
2256 3340 2460 3411 quibus
2510 3347 2565 3395 et
2605 3339 2896 3405 assentior,
2946 3339 3124 3395 ultimi
3171 3355 3400 3396 occasus
3436 3342 3627 3396 mundi

2063 3433 2561 3505 tempusincertum
2583 3443 2695 3490 est:
2722 3448 3025 3503 congruum
3050 3432 3214 3487 fuerit
3274 3433 3416 3488 lunae
3459 3432 3628 3487 casti-

2065 3540 2194 3596 gare
2220 3524 2558 3591 methodum,
2595 3530 2652 3579 et
2687 3524 2755 3578 ad
2798 3529 3018 3594 epactas
3065 3522 3286 3586 addere,
3334 3538 3472 3593 quas
3507 3523 3627 3577 vui-

2064 3626 2187 3688 gata
2209 3618 2350 3671 ratio
2377 3616 2703 3686 prtescrihit,
2756 3622 2811 3670 et
2837 3614 3105 3684 explorat,
3153 3628 3218 3668 ac
3270 3614 3351 3670 sic
3380 3614 3451 3670 ab
3479 3622 3629 3668 recto

2064 3724 2177 3765 non
2208 3707 2516 3764 deﬂectere.
2543 3708 2682 3761 Nam
2729 3707 2777 3763 si
2808 3706 3135 3762 laterculum
3192 3704 3460 3763 Paschale
3509 3708 3632 3763 sine

2066 3801 2448 3857 emendatione
2486 3804 2726 3864 maneat,
2750 3798 2930 3869 majus
2966 3798 3117 3855 illius
3131 3798 3325 3853 vitium
3356 3797 3469 3855 ﬁet.
3493 3797 3632 3853 Cum

2066 3893 2212 3949 enim
2238 3883 2442 3948 ‘biduaa
2491 3890 2754 3945 duntaxat
2807 3902 2840 3943 a
2899 3888 3127 3943 veritate
3149 3888 3470 3959 {abhorreat
3527 3887 3632 3941 hoc

2067 3994 2330 4056 tempore,
2374 3984 2589 4054 expleto
2613 3996 2757 4036 anno
2788 3980 2949 4045 69l9,
2999 3980 3168 4035 tridui
3204 3994 3359 4035 error
3383 3978 3632 4050 incidet.]

2067 4076 2164 4133 His
2186 4077 2257 4132 ita
2290 4072 2707 4140 animadversis,
2745 4071 3177 4139 consideremus,
3216 4085 3285 4125 an
3310 4077 3366 4125 et
3405 4068 3636 4139 singulis

2068 4168 2226 4223 annis
2247 4172 2438 4237 peccat
2469 4164 2607 4228 dies,
2637 4163 2694 4216 in
2724 4176 2831 4231 qua
2856 4176 2958 4216 nos
2976 4166 3389 4215 sacrosanctum
3421 4155 3636 4211 Pascha

2068 4257 2431 4319 celebramus,
2498 4261 2594 4308 aut
2631 4252 2768 4307 alias
2798 4250 3018 4322 quidem
3074 4254 3286 4319 peccat,
3315 4246 3449 4302 alias
3501 4254 3663 4301 non.’

2068 4349 2282 4405 Patebit
2319 4361 2472 4412 vero,
2506 4345 2555 4401 si
2606 4343 2675 4399 ad
2703 4358 2871 4399 unum
2919 4341 3061 4397 diem
3107 4338 3315 4395 mensis
3372 4336 3636 4392 duntaxat

2068 4443 2277 4500 Pascha
2328 4449 2578 4497 nostrum
2644 4434 2972 4505 exigeretur,
3028 4431 3188 4503 205
3241 4438 3294 4488 et
3345 4445 3452 4485 non
3495 4444 3636 4500 opus

391 4530 651 4601 ἡμέραις,
685 4531 935 4605 καθάπερ
971 4535 1166 4589 ἐκεῖνο.
1195 4534 1293 4588 Διά
1320 4535 1377 4588 δὲ
1415 4536 1476 4588 τὸ
1513 4535 1653 4589 κατὰ
1679 4534 1960 4607 Κυριακὴν

2062 4545 2207 4597 esset
2253 4532 2388 4590 illud
2448 4528 2731 4585 Dominica
2768 4525 2857 4581 die
2901 4523 3198 4589 celebrare,
3253 4520 3483 4590 singulis
3540 4533 3639 4580 an.

394 4621 682 4686 τελεῖσθαι,
720 4624 1007 4694 συμϐαίνει
1057 4627 1158 4680 οὐκ
1192 4626 1259 4681 ἂν
1302 4627 1648 4698 σφάλλεσθαι.
1678 4628 1769 4682 Διὸ
1796 4645 1963 4700 προσ-

395 4714 581 4767 εκτέον
630 4717 690 4769 τὸ
723 4716 966 4788 ἀκριϐές.
1020 4717 1125 4771 Τοῦ
1170 4718 1455 4772 Ἰουδαϊκοῦ
1500 4720 1689 4791 Πάσχα
1729 4720 1865 4793 μόνῃ
1894 4723 1963 4792 τῇ

392 4804 489 4858 τοῦ
525 4804 692 4876 μηνὸς
722 4805 906 4876 ἡμέρᾳ
933 4806 1315 4877 ὑποκειμένου,
1352 4806 1739 4878 συμϐαίνοντος
1772 4807 1871 4877 μὲν
1907 4808 1965 4859 ἐν

395 4896 732 4969 Κυριακῇ,ἥ
764 4896 829 4967 β’,
857 4897 891 4968 ἢ
919 4897 1044 4968 γ’,ἢ
1076 4898 1137 4963 δ’,
1166 4899 1199 4969 ἢ
1229 4904 1291 4964 ε’,
1325 4899 1387 4953 τὺ
1434 4900 1563 4971 παρ’
1606 4901 1736 4971 ἡμῖν
1776 4900 1968 4970 Πάσχα

397 4986 457 5043 ού
498 4988 811 5056 σφάλλεται,
838 4991 905 5060 τῇ
947 4989 1145 5060 ἐφεξῆς
1170 4992 1420 5063 Κυριακῇ
1460 4992 1778 5062 τελούμενον
1805 5009 1818 5021 ο
1842 4992 1971 5046 ὅταν

398 5077 442 5132 δ’
459 5079 516 5132 ἐν
541 5083 861 5151 παρασκευῇ
896 5081 929 5149 ἢ
963 5080 1244 5153 Σαϐϐάτῳ,
1265 5084 1562 5154 τηνικαῦτα
1584 5085 1678 5137 καὶ
1707 5083 1851 5155 μάλα
1871 5085 1969 5155 τῆς

398 5172 686 5244 ὀρθότητος
715 5174 987 5229 ἐκπίπτει.
1031 5177 1437 5247 Συμπίπτοντος
1482 5179 1578 5249 μὲν
1620 5179 1728 5251 γὰρ
1773 5182 1830 5233 ἐν
1873 5198 1970 5233 πα-

403 5270 669 5339 ρασκευῇ,
702 5267 1008 5339 ὀφείλοντες
1034 5270 1195 5340 ἡμεῖς
1228 5270 1389 5334 εὐθὺς
1417 5274 1483 5342 τῇ
1515 5272 1713 5343 ἐφεξῆς
1727 5274 1977 5343 Κυριακῇ

399 5358 462 5413 τὸ
489 5359 681 5428 Πάσχα
714 5361 911 5428 τελεῖν,
936 5364 1018 5421 είς
1052 5362 1152 5432 τὴν
1188 5364 1304 5433 μετ’
1331 5364 1548 5433 ἐκείνην
1588 5364 1982 5435 μεταϐαίνομεν

401 5454 682 5523 Κυριακὴν
701 5470 714 5483 ·
753 5455 939 5525 ἐπειδὴ
973 5457 1120 5512 τὸέν
1138 5456 1214 5527 τῷ
1238 5458 1469 5527 κανονίῳ
1491 5455 1984 5527 διαλαμϐανόμενον

414 5543 697 5599 Ἰουδαϊκὸν
722 5546 913 5616 Πάσχα
940 5547 1088 5602 δυσὶν
1111 5550 1344 5621 ἡμέραις
1373 5547 1805 5619 ἀποδειχθείσαις
1828 5548 1985 5601 πλεο-

2067 4633 2153 4687 nis
2191 4633 2542 4699 peccaturum
2596 4617 2768 4683 illud,
2823 4612 3279 4687 quemadmodum
3332 4619 3387 4667 et
3450 4609 3639 4666 Iudai-

2069 4737 2195 4779 cum
2237 4714 2480 4778 Pascha,
2527 4717 2582 4767 et
2625 4709 2845 4780 quidem
2890 4706 3102 4763 duabus
3161 4704 3354 4760 diebus
3381 4743 3397 4769 ,
3449 4717 3639 4773 quem-

2071 4808 2361 4867 admodum
2415 4811 2470 4858 et
2525 4799 2681 4856 illud.
2750 4795 2859 4852 Sed
2904 4795 3032 4866 quia
3084 4793 3363 4849 Dominica
3417 4791 3504 4847 die
3548 4808 3640 4847 ce-

2072 4904 2334 4965 lebratur,
2372 4899 2661 4967 propterea
2690 4904 2804 4944 non
2830 4901 3046 4957 semper
3078 4893 3288 4957 peccat.
3323 4883 3430 4940 Sed
3463 4884 3641 4940 subti-

2072 4997 2181 5051 lius
2210 5007 2300 5048 res
2336 4995 2580 5061 putetur.
2615 4982 3065 5051 Quotiescunque
3085 4977 3375 5033 .ludaicum
3404 4975 3639 5042 Pascha,

2076 5087 2221 5158 quod
2250 5083 2344 5139 uni
2375 5080 2482 5136 diei
2510 5076 2716 5133 mensis
2741 5072 3049 5140 subjectum
3077 5079 3181 5134 est,
3209 5067 3483 5139 contingit
3526 5066 3638 5121 Do-

2078 5178 2302 5240 minica,
2342 5181 2437 5228 aut
2477 5170 2612 5225 feria
2646 5163 2911 5227 secunda,
2942 5169 3038 5217 aut
3073 5161 3257 5225 tertia,
3293 5167 3388 5214 aut
3420 5168 3641 5230 quarta,

2078 5278 2173 5327 aut
2200 5269 2413 5339 quinta,
2445 5272 2580 5319 tunc
2611 5266 2859 5316 nostrum
2889 5255 3101 5310 Pascha
3128 5268 3241 5308 non
3273 5258 3484 5324 peccat,
3515 5266 3642 5306 cum

2081 5361 2326 5433 sequenti
2374 5354 2657 5411 Dominica
2706 5351 3036 5406 celebretur.
3072 5343 3305 5411 Quando
3328 5358 3461 5399 vero
3507 5341 3645 5397 feria

2081 5461 2257 5521 sexta,
2288 5459 2383 5507 aut
2420 5449 2692 5512 Sahbato;
2734 5452 2866 5498 tunc
2918 5455 3050 5495 vero
3100 5437 3189 5495 vel
3220 5436 3448 5493 nimium
3471 5450 3647 5506 quan-

2081 5554 2198 5601 tum
2238 5561 2268 5599 a
2302 5550 2453 5599 recto
2500 5536 2796 5603 desciscit;
2844 5532 3121 5588 incidente
3157 5528 3303 5585 enim
3344 5528 3403 5585 in
3455 5525 3647 5584 feriam

448 5720 639 5778 -Ἠωε
662 5742 691 5778 α
717 5724 987 5797 Scaligcro
1024 5730 1377 5799 prictermissa
1400 5726 1767 5801 supplevimus,
1794 5745 1910 5801 qua:
1933 5736 2052 5784 sunt
2069 5728 2204 5784 notis
2229 5726 2350 5783 iisce
2383 5723 2639 5780 distracta
2658 5716 2724 5790 [1.
2793 5716 2813 5749 "
2843 5715 2882 5786 f.
2909 5714 3003 5769 καὶ
3030 5727 3221 5785 προστ-
