2062 3242
218 213 285 240 1511
731 209 778 236 Δί)
794 209 929 237 EUSEBIl
948 208 1006 237 Clll

1058 208 1148 237 llCON
1163 209 1344 237 APPENDIX.
1769 210 1839 238 1512

218 275 334 300 sextam,
350 275 412 296 cum
426 268 588 296 deberemus
609 267 731 302 proxime
756 272 886 302 sequente
911 268 1002 294 Domi-

1058 268 1127 300 ψάζει
1147 268 1194 295 τοῦ
1215 269 1316 304 κυρίως
1345 270 1408 304 παρ’
1418 269 1508 295 αὐτῶν
1533 268 1710 304 τελουμένου·
1743 269 1789 296 καὶ
1809 271 1839 295 ὲν

218 316 280 342 nica
305 314 409 341 Pascha
437 314 585 346 celebrare,
604 314 631 340 in
647 321 707 340 eam
735 313 918 345 Dominicam,
943 322 1004 348 quae

219 364 281 395 post
295 360 368 386 illam
386 361 518 394 sequitur,
533 359 763 392 transcendimus,
779 360 1001 394 quandoquidem

220 406 324 433 Pascha
347 405 501 437 Iudaicum,
526 405 597 440 quod
619 405 645 431 in
659 413 765 432 canone
780 406 940 436 assumitur,
962 406 1004 432 bi-

220 452 286 485 duo,
314 451 387 487 quod
412 459 427 477 a
452 451 531 478 nobis
548 451 763 478 demonstratum
790 456 843 483 est,
868 451 972 478 Pascha
989 459 1004 478 a

219 497 320 525 Iudaeis
345 497 478 524 celebrari
508 497 618 524 solitum
646 497 795 532 praevertit.
825 496 855 524 In
884 496 1004 525 Sabbato

220 551 328 579 quoque
356 543 426 570 idem
442 543 577 578 contingit
603 547 713 577 propter
727 543 850 570 eamdem
879 551 1003 571 causam.

220 589 287 616 Cum
298 589 369 616 enim
384 588 556 620 deberemus,
577 588 774 616 interveniente
789 588 923 623 postridie
949 589 1005 617 Do-

220 635 331 666 minira,
345 634 452 661 Pascha
474 635 624 667 celebrare,
648 635 676 662 in
691 635 776 666 illam,
792 643 853 670 qua:
870 640 932 670 post
945 643 1005 663 eam

220 679 353 713 sequitur,
370 679 518 706 transitum
531 679 658 707 facimus.
677 679 736 707 Uno
750 680 860 715 quidem
872 681 924 708 hoc
939 688 1005 708 casu

219 729 359 760 peccatur.
377 729 488 760 propter
501 733 625 758 causam,
635 734 717 761 quam
729 726 860 759 diximus,
874 734 929 754 non
941 734 1019 754 exa-'

219 773 271 797 etze
284 770 465 798 restitutionis
482 771 598 798 lunaris.
614 771 663 799 Est
674 775 701 799 et
718 772 790 799 alius
805 779 887 800 casus
910 772 1007 807 (quan-

220 823 302 850 quam
314 816 366 843 hoc
377 816 485 851 quidem
501 824 564 844 raro
575 817 692 851 accidat)
709 822 820 853 propter
832 818 909 845 verni
921 817 1007 853 atqui-

220 861 305 889 noctii
336 862 512 890 luxationem.
548 862 632 891 Retro
665 864 739 891 enim
767 863 941 899 progreditur
980 869 1008 891 et

220 907 309 942 ipsum
326 916 434 943 quoque
450 912 512 943 post
527 909 719 937 conversiones
731 917 880 942 annorum,
896 913 1007 945 propter

220 961 280 981 eam
297 961 419 986 causam,
440 961 522 989 quam
538 955 680 988 dicemus;
699 963 760 990 qua:
782 955 819 982 ita
840 955 921 982 habet
935 965 941 982 :
958 963 1006 983 so-

220 1000 273 1027 lem
291 1000 435 1028 intervallo
449 1000 502 1028 565
523 1000 629 1028 dior-um
645 1005 672 1028 et
686 1001 848 1036 quadrantis
860 1002 895 1029 ab
909 1001 1004 1029 eodem

221 1051 322 1080 puncto
345 1046 379 1073 ad
407 1046 478 1073 idem
495 1047 606 1079 reverti,
631 1047 759 1082 pinguius
777 1052 918 1082 acceptum
942 1052 1004 1075 est:

221 1092 370 1119 secundum
385 1100 449 1119 vero
467 1093 593 1120 subtilem
611 1094 755 1125 rationem,
774 1094 864 1128 aliqua
879 1094 931 1121 diei
947 1102 1008 1128 por-

220 1138 294 1165 tione
306 1139 407 1171 minus,
420 1142 449 1165 ut
460 1139 568 1173 quidem
586 1138 748 1167 Ptolemaeus
767 1140 793 1166 in
813 1140 1007 1174 Compositione

222 1183 271 1215 ait,
291 1185 503 1216 trecentesimo;
523 1187 552 1210 ut
580 1188 669 1210 autem
686 1183 835 1211 Persarum
855 1185 1007 1211 mathema—

222 1229 280 1261 tici,
296 1235 322 1256 et
337 1237 388 1257 nos
405 1230 552 1257 solstitium
568 1238 616 1264 per
630 1231 722 1264 plures
737 1230 796 1258 dies
815 1231 1005 1263 observantes,

222 1274 452 1309 deprehendimus
466 1276 617 1309 portionem
635 1276 707 1302 illam
731 1276 859 1309 majorem
876 1276 1006 1304 ducente-

223 1320 292 1346 sima
321 1325 408 1355 parte,
441 1328 521 1355 quam
548 1322 656 1356 quidem
682 1329 697 1347 a
716 1322 811 1348 diebus
826 1322 878 1349 ’565
890 1328 916 1349 et
939 1330 1007 1357 qua-

223 1366 319 1393 drante
336 1367 444 1394 auferre
460 1371 594 1401 oporteat.
621 1367 825 1402 [Equinoctium
846 1370 918 1395 enim
944 1377 1007 1396 vcr-

226 1420 289 1438 num
304 1413 342 1438 ait
357 1412 520 1439 Ptolemaeus
544 1413 644 1440 saaculo
662 1421 712 1440 suo
731 1414 826 1441 conﬁci
843 1423 886 1441 xxt
907 1414 1005 1441 Martii.

224 1456 280 1485 Nos
294 1462 382 1484 autem
396 1458 484 1492 ipsum
499 1458 727 1493 deprehendimus
742 1466 804 1487 ante
816 1469 848 1486 xv
863 1461 962 1492 Martii,
975 1469 1006 1487 ex

225 1505 334 1531 solstitii
350 1505 587 1532 observationibus
605 1505 693 1539 ipsum
708 1510 844 1539 putantes.
862 1506 930 1539 Quia
943 1515 1007 1534 vero

223 1551 267 1576 lex
293 1549 411 1576 Mosaica
436 1550 561 1584 proximo
589 1554 652 1584 post
675 1558 788 1577 vernum
813 1551 1005 1586 aequinoctium

1053 313 1184 349 Σαϐᾶάτῳ
1193 314 1221 341 δὲ
1231 315 1261 340 τὸ
1271 315 1362 349 ὅμοιον
1374 314 1517 349 συμεαίνει
1528 314 1571 341 διὰ
1581 315 1630 349 τὴν
1642 314 1726 350 αὐτὴν
1737 315 1837 341 αίτίαν.

1061 360 1225 394 ὐῳείλοντες
1239 361 1292 396 γὰρ
1307 361 1353 387 καὶ
1368 360 1454 392 οὕτως
1468 362 1501 396 τῇ
1518 359 1647 395 ἐπαύριον
1655 360 1781 395 κυριακῇ
1793 369 1839 386 τε-

1053 405 1109 431 λεῖν
1127 405 1158 431 τὸ
1173 406 1278 441 Πάσχα,
1295 407 1334 437 εἰς
1349 406 1398 441 τὴν
1410 406 1467 441 μετ’
1479 406 1565 441 αὐτὴν
1579 405 1773 441 μεταϐαίνομεν
1788 406 1840 432 οὐκ

1053 451 1150 487 ὀρθῶς.
1167 452 1214 478 Ἕν
1224 452 1272 487 μὲν
1289 452 1321 486 δὴ
1340 451 1429 483 τοῦτο,
1447 452 1494 478 καὶ
1512 452 1550 483 ὡς
1571 452 1617 478 ἐπὶ
1634 451 1664 478 τὸ
1686 451 1753 478 πολὺ
1768 460 1839 486 συμ-

1055 495 1145 523 ϐαῖνον
1161 497 1292 532 σφαλερὸν
1309 496 1384 531 παρὰ
1395 496 1444 531 τὴν
1460 496 1607 532 εἰρημένην
1619 495 1719 528 αἰτίαν,
1735 495 1786 531 τὴν
1801 495 1841 531 μὴ

1054 542 1108 569 ἀπὸ
1123 543 1172 577 τῆς
1184 542 1314 577 ἀκριϐοῦς
1327 542 1573 574 ἀποκαταστάσεως
1585 550 1592 557 ·
1606 542 1664 569 ἐστι
1676 542 1705 569 δὲ
1722 543 1769 569 καὶ
1779 543 1841 569 ’ἐτι-

1057 597 1102 623 ρον
1115 588 1195 623 (πλὴν
1217 587 1337 618 σπανίως
1358 587 1519 623 γινόμενον),
1543 586 1587 613 διὰ
1606 587 1656 622 τὴν
1671 587 1721 623 τῆς
1743 588 1841 622 ἰσημε-

1057 632 1117 668 ρίας
1135 632 1317 668 μετάπτωσιν.
1341 632 1546 673 Ὀπισθοδρομεῖ
1560 633 1615 668 γὰρ
1627 633 1674 659 καὶ
1686 632 1755 668 αὕτη
1768 633 1841 659 κατὰ

1056 679 1195 713 περιόδους
1205 678 1284 712 ἐτῶν,
1298 679 1331 705 δι’
1343 678 1377 714 ἢν
1384 679 1471 705 αἰτίαν
1481 679 1544 714 ὲροῦ
1548 687 1607 713 μεν,
1620 678 1732 714 ἔχουσαν
1743 678 1839 710 οὓτως-

1056 724 1093 752 To
1105 724 1149 751 διὰ
1165 724 1216 757 τξε¹
1229 725 1340 761 ἡμερῶν
1350 725 1397 752 καὶ
1415 725 1436 752 δ’
1456 725 1545 760 λέγειν
1567 725 1611 752 τὸν
1632 725 1707 760 ἥλιον
1722 725 1776 752 ἀπὸ
1792 725 1842 751 τοῦ

1056 770 1138 797 αὐτοῦ
1155 771 1267 806 σημείου
1284 771 1323 802 εἰς
1340 771 1370 797 τὸ
1390 770 1456 798 αὐτὸ
1475 770 1663 804 καθίστασθαι,
1683 771 1843 807 παχυμερέ-

1057 824 1152 851 στερον
1173 816 1296 851 εἴρηται·
1319 816 1388 842 κατὰ
1411 816 1441 842 δὲ
1461 816 1492 842 τὸ
1516 816 1709 852 ἀκριϐέστερον
1725 816 1801 852 παρά
1814 825 1843 842 τι

1059 863 1151 897 μόριον
1163 870 1170 877 ·
1185 863 1224 894 ὼς
1240 863 1289 898 μὲν
1304 863 1318 889 ὁ
1331 862 1494 898 Πτολεμαῖος
1511 864 1539 889 ὲν
1557 864 1590 898 τῇ
1605 862 1749 895 Συντάξει
1763 863 1843 897 φησὶ,

1058 908 1227 944 τριακοστὸν,
1244 909 1282 941 ὡς
1294 909 1323 935 δὲ
1335 909 1363 935 οἶ
1372 917 1402 935 τε
1415 909 1489 944 παρὰ
1502 909 1621 944 Πέρσαις
1634 908 1665 936 τὸ
1680 909 1730 944 τῆς
1745 909 1844 944 ἀστροο

1058 954 1154 989 νομίας
1180 954 1381 991 μετερχόμενοι,
1398 955 1445 981 καὶ
1464 955 1554 990 ἡμεῖς,
1579 954 1629 990 τὴν
1655 954 1764 990 θερινὴν
1781 963 1844 981 σκο-

1057 1000 1171 1032 ποῦντες
1187 1001 1290 1036 τροπὴν
1305 1000 1493 1033 ἀνατέλλοντος
1508 1001 1554 1028 τοῦ
1574 1001 1663 1036 ἡλίου,
1680 1001 1714 1028 δι’
1731 1001 1844 1036 ἡμερῶν

1057 1047 1184 1072 πλειόνων
1200 1047 1414 1081 ὲστοχασάμεθα,
1428 1047 1611 1073 διακοσιοστοῦ
1627 1046 1729 1082 μεῖζον,
1743 1047 1844 1083 μᾶλλον

1056 1092 1084 1117 δὲ
1098 1092 1108 1107 ⁹
1126 1092 1220 1128 βραχεῖ
1242 1101 1292 1118 τινι
1318 1092 1426 1119 ἔλαττον
1454 1092 1611 1125 ὲκατοστοῦ,
1629 1093 1792 1128 εὑρίσκομεν
1812 1093 1845 1120 τὸ

1059 1136 1151 1172 μόριον
1167 1137 1253 1170 τοῦτο,
1269 1137 1283 1163 ὂ
1296 1138 1348 1163 τῶν
1361 1137 1412 1169 τξεν
1425 1138 1471 1164 καὶ
1482 1138 1499 1163 δ’
1516 1139 1641 1173 ἀφαιρεῖν
1657 1138 1705 1164 δεῖ.
1720 1138 1776 1173 Τὴν
1789 1138 1844 1173 γὰρ

1058 1183 1167 1218 ἐαρινὴν
1186 1184 1329 1218 ἰσημερίαν
1343 1185 1374 1219 τῇ
1393 1188 1434 1210 κα¹
1451 1184 1498 1210 τοῦ
1514 1185 1635 1220 Μαρτίου
1650 1184 1731 1219 φησὶν
1743 1185 1757 1210 ὁ
1773 1185 1844 1210 Πτο-

1057 1230 1166 1264 λεμαῖος
1182 1231 1210 1256 ὲν
1223 1231 1278 1261 τοῖς
1300 1232 1359 1256 κατ’
1372 1231 1452 1257 αὐτὸν
1472 1231 1576 1266 χρόνοις
1592 1231 1725 1265 γίνεσθαι.
1749 1230 1847 1266 Ἡμεῖς

1057 1275 1086 1301 δὲ
1104 1276 1155 1311 πρὸ
1171 1278 1220 1311 τῆς
1240 1280 1269 1302 ιε’
1283 1276 1329 1302 τοῦ
1349 1276 1430 1302 αὐτοῦ
1448 1276 1532 1312 μηνὸς
1552 1278 1580 1302 ὲν
1603 1277 1659 1308 τοῖς
1684 1276 1744 1303 καθ’
1768 1277 1845 1312 ἡμᾶς

1058 1322 1163 1356 χρόνοις
1185 1322 1285 1356 ταύτην
1310 1322 1493 1357 λαμϐάνομεν,
1512 1322 1565 1348 ext
1581 1322 1631 1356 τῆς
1654 1322 1724 1348 κατὰ
1738 1322 1785 1357 τὴν
1797 1321 1844 1348 θε-

1059 1369 1134 1404 ρινὴν
1149 1368 1251 1403 τροπὴν
1267 1369 1408 1403 τηρήσεως
1431 1369 1532 1403 ταύτην
1554 1368 1640 1400 οὕτως
1655 1367 1850 1403 ἐπιλογιζόμε-

1058 1424 1107 1441 νοι.
1134 1415 1189 1441 Καὶ
1214 1414 1305 1449 ἐπειδὴ
1333 1416 1346 1440 ὁ
1369 1414 1513 1446 Μωσαῖκὸς
1539 1415 1620 1449 νόμος
1646 1415 1679 1450 τῇ
1704 1413 1773 1449 μετὰ
1793 1413 1846 1450 τὴν

1059 1461 1166 1496 ἐαρινὴν
1188 1460 1330 1496 ἰσημερίαν
1354 1464 1377 1486 α’
1402 1460 1560 1495 πανσελήνῳ
1584 1460 1665 1491 εὐθὺς
1694 1461 1757 1491 τοὺς
1779 1460 1845 1486 ’1ου-

1058 1507 1147 1537 Eata-.1;
1163 1506 1249 1532 τελεῖν
1268 1506 1298 1532 τὺ
1316 1506 1411 1541 Πάσχα
1428 1506 1628 1541 προτρέπεται·
1645 1505 1706 1532 καθ’
1727 1505 1774 1537 οὒς
1795 1506 1846 1540 μὲν

1058 1553 1168 1587 χρόνους
1186 1552 1297 1587 συνέστη
1313 1552 1342 1577 τὺ
1356 1552 1499 1587 εἰρημένον
1522 1551 1653 1583 κανόνιον,
1668 1551 1718 1586 τῆς
1734 1552 1846 1586 ἐαρινῆς

223 1596 371 1631 plenilunio
382 1596 473 1623 statim
486 1596 589 1623 Pascha
612 1596 748 1623 celebrare
761 1596 861 1624 Iudaeis
874 1598 1005 1632 praecipit:

1061 1598 1204 1634 ἰσημερίας
1218 1600 1249 1633 τῇ
1268 1602 1308 1624 κα¹
1322 1598 1454 1633 Μαρτίου,
1470 1597 1486 1632 ἢ
1500 1598 1546 1623 καὶ
1565 1598 1617 1632 πρὸ
1633 1597 1717 1632 αὐτῆς
1731 1597 1844 1632 ἔγγιστα

223 1651 277 1678 quo
291 1648 411 1677 tempore
426 1650 514 1669 canon
530 1642 671 1669 Paschalis
689 1647 866 1671 constructus
882 1648 932 1676 est,
945 1651 1007 1670 cum

224 1690 328 1717 scilicet
338 1696 450 1716 vernum
470 1689 664 1723 aequinoctium
685 1690 713 1716 in
730 1698 774 1716 xxx
801 1694 846 1717 aut
863 1698 899 1717 xx
920 1690 1007 1717 Martii

224 1736 419 1770 propemodum
446 1735 646 1767 conficeretur;
671 1736 881 1769 pleniluniorum
899 1737 956 1763 dics
980 1736 1007 1763 in

223 1788 328 1808 canone
342 1782 427 1808 notati
440 1785 466 1808 et
475 1780 619 1807 Judaicum
633 1780 738 1808 Pascha
751 1782 1007 1817 indicantes,prima

223 1827 331 1862 quidem
347 1832 411 1855 sunt
427 1827 478 1855 rite
493 1833 554 1862 post
565 1829 758 1863 aequinoctium
774 1830 936 1864 plenilunia.
949 1828 1008 1856 Non

223 1873 296 1899 cnim
306 1873 424 1907 reperies
438 1881 570 1901 canonem
583 1874 737 1909 transgredi
748 1875 925 1909 plenilunium
937 1875 1009 1903 vice-

224 1917 300 1944 simae
311 1918 404 1951 prima:
417 1917 516 1951 Martii,
532 1919 604 1952 quod
619 1919 727 1954 quidem
743 1924 808 1947 tunc
822 1924 880 1947 erat
891 1921 1008 1955 primum

226 1967 288 1997 post
304 1963 508 1997 aequinoctium,
530 1964 603 1991 aliud
620 1968 712 1991 autem
732 1965 819 1992 vicem
832 1966 891 2000 ejus
907 1966 1010 1993 substin

226 2013 313 2035 tuere.
332 2008 408 2035 Nunc
418 2017 481 2036 vero
495 2017 558 2036 cum
570 2017 683 2036 vernum
696 2010 888 2045 aequinoctium
903 2018 950 2038 sex
962 2014 1009 2037 aut

226 2055 351 2089 pluribus
372 2054 469 2083 diebus
494 2060 568 2083 retro
588 2064 761 2091 progressum
783 2056 874 2089 luerit,
896 2063 1009 2092 possent

226 2109 287 2128 csse
303 2102 353 2128 alia
370 2102 455 2136 prima
476 2102 623 2137 plenilunia
639 2107 702 2129 ante
716 2111 761 2129 χχι
776 2102 874 2135 Martii,
896 2104 923 2130 in
946 2104 1008 2138 qui-

225 2147 276 2174 bus
291 2146 376 2173 Judaei
394 2147 501 2182 quidem
519 2147 623 2174 Pascha
647 2148 794 2179 celebrent,
808 2156 859 2175 nos
874 2157 938 2176 vero
953 2150 1009 2184 ple-

224 2193 327 2220 nilunia
340 2194 453 2220 canonis
465 2199 610 2228 sequentes
624 2194 759 2229 integrum
776 2203 896 2222 mensem
913 2203 928 2222 a
946 2204 1009 2224 con-

223 2247 292 2274 gruo
308 2243 428 2274 tempore
444 2240 639 2268 desciscamus.
655 2240 726 2268 Ante
743 2248 830 2269 annos
843 2242 914 2268 enim
931 2243 1008 2277 quin-

224 2285 365 2320 quaginta,
392 2293 453 2312 cum
479 2286 568 2312 adhuc
587 2291 666 2313 aetate
683 2287 792 2321 juvenis
818 2295 917 2319 essem,
936 2293 962 2315 et
979 2289 1005 2315 in

223 2332 340 2366 quadam
357 2331 478 2359 Tliracize
491 2333 568 2365 urbe,
579 2334 622 2359 cui
642 2341 739 2360 nomen
755 2333 852 2365 (Eoos,
868 2334 1004 2369 degerem,

223 2379 278 2405 ridi
294 2379 345 2406 loci
361 2380 509 2414 inquilinos
524 2379 632 2407 Iudaeos
648 2381 778 2408 vicesima
796 2381 884 2409 Martii
901 2381 1006 2410 Pascha

224 2432 303 2451 suum
321 2425 439 2452 obivisse
455 2435 461 2452 :
480 2434 530 2453 nos
545 2434 609 2453 vero
622 2430 746 2454 nostrum
764 2432 888 2455 sanctum
903 2428 1007 2456 Pascha

223 2470 353 2498 vicesima
371 2472 450 2498 tertia
469 2471 570 2506 Aprilis
588 2473 796 2505 celebravimus,
823 2475 910 2501 secuti
935 2474 1007 2502 diem

224 2516 365 2550 plenilunii
379 2518 491 2544 canonis
503 2519 530 2544 in
545 2525 610 2544 xvnl
620 2518 722 2553 Aprilis
736 2522 867 2546 notatam.
878 2520 933 2555 Ego
947 2521 1008 2555 qui-

223 2562 283 2589 dem
299 2565 365 2589 tunc
379 2570 435 2589 rem
453 2562 603 2591 admiratus
621 2572 682 2591 sum
696 2564 785 2592 adhuc
803 2566 878 2593 rudis
903 2567 1008 2594 mathe—

222 2609 385 2635 niaticarum
401 2616 502 2635 rerum.
519 2610 617 2637 Postea
627 2618 693 2637 vero
704 2618 802 2639 causas
820 2612 858 2639 rei
873 2620 906 2639 ex
919 2617 1009 2640 astro-

223 2655 340 2681 nomicis
357 2654 510 2689 disciplinis
525 2656 637 2682 edoctus
655 2659 763 2691 percepi
781 2657 833 2685 hoc
849 2659 900 2686 rite
919 2661 1009 2686 conti-

223 2701 305 2735 gisse.
325 2700 363 2727 Ex
377 2700 420 2728 his
449 2701 532 2736 igitur
547 2705 665 2734 constat,
691 2703 797 2737 quoties
811 2704 933 2738 proxime
960 2713 1009 2732 ex-

224 2751 314 2774 actum
329 2754 441 2773 vernum
453 2747 656 2781 aequinoctium,
679 2748 730 2774 hoc
745 2752 786 2775 est
801 2757 834 2776 xv
850 2749 948 2781 Martii,
960 2759 1008 2778 us-

224 2799 276 2826 que
293 2792 325 2818 ad
341 2800 376 2818 xx
389 2792 523 2826 ejusdem,
538 2793 672 2828 contingit
687 2794 867 2828 plenilunium
879 2796 948 2828 ﬁeri,
959 2804 1009 2823 nos

225 2844 240 2863 a
256 2837 348 2872 regula
362 2837 494 2866 deficere:
510 2839 582 2873 quod
597 2839 628 2866 ad
641 2839 786 2874 plenilunia
805 2841 904 2876 Aprilis
920 2846 1009 2870 trans-

263 2916 273 2930 ⁹
288 2914 352 2942 "an:
369 2924 419 2942 non
436 2915 510 2942 habet
529 2915 657 2951 Scaliger.

1059 1644 1238 1678 τελο·.)μένης”
1258 1645 1285 1670 αἱ
1310 1645 1338 1669 ὲν
1361 1643 1400 1678 τῷ
1424 1643 1538 1678 κανονίῳ
1555 1642 1754 1678 παρακείμεναι
1777 1650 1845 1669 παν-

1060 1688 1216 1724 σεληνιακαὶ
1237 1690 1348 1724 ἡμέραι,
1373 1689 1417 1715 καὶ
1436 1689 1465 1714 τὸ
1481 1689 1624 1715 Ἰουδαϊκὸν
1641 1688 1768 1724 δηλοῦσαν.
1789 1689 1847 1717 Πά-

1060 1742 1124 1769 σχα.
1150 1734 1256 1769 πρῶταί
1280 1736 1347 1760 εἰσιν
1375 1735 1503 1768 ἀσφαλῶς
1532 1735 1600 1770 μετὰ
1624 1735 1673 1769 τὴν
1701 1735 1845 1770 ἰσημερίαν

1058 1780 1228 1814 πανσέληνοι.
1247 1780 1312 1806 Οὐδὲ
1325 1780 1378 1815 γὰρ
1399 1780 1488 1815 εὕροις
1507 1780 1539 1806 ἂν
1561 1780 1591 1806 τὸ
1615 1780 1736 1807 κανόνιον
1753 1789 1845 1816 παρα-

1057 1825 1153 1859 τρέχον
1170 1825 1218 1859 μὲν
1235 1826 1283 1860 τὴν
1295 1826 1323 1851 ἐν
1338 1827 1369 1860 τῇ
1386 1829 1427 1851 κα¹
1444 1826 1490 1851 τοῦ
1503 1826 1634 1861 ,Μαρτίου
1659 1825 1824 1861 πανσέληνον
1836 1834 1843 1841 ·

1058 1870 1117 1904 ἣτις
1131 1873 1154 1895 α’
1168 1868 1201 1904 ἦν
1217 1870 1285 1904 μετὰ
1305 1870 1354 1905 τὴν
1376 1871 1519 1905 ἰσημερίαν
1535 1871 1606 1902 τότε,
1624 1871 1679 1896 ἀντ’
1694 1871 1801 1906 ἐκείνης
1817 1871 1845 1897 δὲ

1059 1916 1153 1950 ἑτέραν
1168 1916 1217 1950 τὴν
1234 1916 1291 1950 μετ’
1307 1916 1413 1951 ἐκείνην
1428 1916 1544 1951 ἔκρινον.
1558 1916 1614 1942 Νῦν
1628 1916 1656 1943 δὲ
1672 1917 1720 1951 τῆς
1734 1917 1845 1952 ἐαρινῆς

1061 1961 1203 1997 ἰσημερίας
1223 1961 1251 1994 ἒξ
1271 1961 1398 1997 ἡμέραις,
1415 1962 1431 1996 ἢ
1449 1962 1495 1988 καὶ
1513 1962 1632 1988 πλείοσιν
1648 1963 1846 1998 ὀπισθοδρομη-

1060 2006 1154 2041 σασης,
1168 2007 1282 2033 δύναιντ’
1294 2008 1326 2034 ἂν
1340 2007 1417 2034 ἄλλαι
1433 2008 1539 2043 πρῶται
1554 2007 1715 2043 πανσέληνοι
1731 2008 1783 2043 πρὸ
1795 2008 1846 2043 τῆς

1059 2053 1157 2079 κα¹τοῦ
1175 2054 1297 2088 Μαρτίου
1317 2054 1447 2087 γίνεσθαι,
1465 2054 1525 2080 καθ’
1540 2054 1573 2085 ἃς
1595 2054 1649 2080 τῶν
1669 2054 1800 2081 Ἰουδαίων
1814 2053 1847 2081 τὸ

1059 2101 1154 2134 Πάσχα
1166 2100 1323 2131 τελούντων,
1337 2102 1416 2135 ἡμεῖς
1432 2102 1492 2131 ταῖς
1508 2101 1537 2126 ὲν
1560 2100 1598 2135 τῷ
1621 2101 1713 2126 κανόνι
1736 2100 1847 2127 ἀκολου-

1060 2145 1177 2176 θοῦντες,
1195 2145 1338 2180 ὁλόκληρον
1358 2147 1429 2180 μῆνα
1451 2145 1497 2171 τοῦ
1518 2146 1700 2181 προσήκοντος
1718 2145 1848 2180 ὑστεροῦ-

1061 2200 1109 2226 μεν
1129 2191 1235 2227 καιροῦ.
1257 2191 1313 2227 Πρὸ
1332 2192 1435 2226 χρόνων
1454 2190 1508 2225 γὰρ
1531 2191 1709 2225 πεντήκοντα,
1734 2190 1793 2222 νέος
1806 2189 1847 2218 ὢν

1060 2239 1099 2265 ἔτι
1112 2238 1159 2274 τὴν
1175 2238 1293 2273 ἡλικίαν,
1311 2238 1366 2272 ἐγὼ
1382 2238 1440 2273 μὲν,
1460 2238 1535 2273 παρά
1553 2247 1604 2264 τινι
1621 2238 1675 2264 τῶν
1700 2237 1845 2273 Θρᾳκικῶν

1060 2284 1162 2311 πόλεων
1180 2284 1334 2319 διατρίϐων,
1351 2285 1422 2319 Λίνῳ
1439 2283 1601 2319 καλουμένῃ,
1619 2280 1689 2310 εἶδον
1708 2284 1768 2310 τότε
1781 2283 1846 2315 τοὺς

1059 2332 1146 2357 ἐκεῖσε
1166 2331 1215 2365 τὴν
1230 2331 1336 2365 οἴκησιν
1358 2330 1533 2364 ποιουμένους
1552 2329 1695 2360 Ἰουδαίους
1711 2330 1743 2364 τῇ
1761 2332 1784 2355 κ’
1797 2329 1846 2356 τοῦ

1059 2377 1180 2412 Μαρτίου
1200 2377 1231 2403 τὸ
1243 2377 1340 2402 οἰκεῖον
1366 2376 1461 2410 Πάσχα
1481 2376 1659 2407 τελέσαντας·
1682 2375 1712 2401 τὸ
1732 2375 1760 2401 δὲ
1782 2375 1846 2402 καθ’

1060 2423 1132 2458 ἡμᾶς
1146 2422 1223 2456 ἂγιον
1239 2421 1334 2456 Πάσχα
1351 2423 1430 2456 ἡμεῖς
1443 2422 1475 2456 τῇ
1493 2424 1517 2446 κ’
1529 2420 1575 2446 τοῦ
1598 2420 1735 2455 Ἀπριλίου
1755 2420 1846 2447 ὲτελέ-
1884 2454 1890 2458 ἢ

1061 2478 1156 2504 σαμεν,
1173 2469 1404 2503 ἀκολουθήσαντες
1423 2469 1455 2503 τῇ
1480 2468 1508 2493 ἐν
1528 2466 1566 2501 τῷ
1579 2466 1692 2502 κανονίῳ
1713 2466 1760 2492 τοῦ
1777 2467 1845 2493 ’1ου-

1058 2516 1151 2543 δαῖκοῦ
1166 2516 1261 2550 Πάσχα
1284 2513 1518 2548 διαλαμϐανομένῃ
1538 2513 1738 2548 πανσεληνιακῇ
1754 2512 1846 2548 ἡμέρᾳ

1065 2561 1202 2598 Ἀπριλίου
1218 2565 1261 2596 ιη’.
1277 2561 1332 2586 Καὶ
1349 2560 1408 2586 τότε
1425 2560 1472 2594 μὲν
1497 2558 1551 2592 ἐγὼ
1568 2559 1596 2584 ὲν
1613 2558 1726 2594 ἀπόροις
1743 2558 1847 2594 ἐθέμην

1057 2609 1088 2636 τὺ
1108 2609 1234 2644 πρᾶγμα,
1254 2609 1335 2642 μήπω
1362 2605 1558 2641 μαθηματικῶν
1580 2605 1718 2640 ἁψάμενος
1737 2604 1845 2639 λόγωνο

1060 2655 1171 2690 ὕστερον
1184 2654 1221 2685 δὲ,
1240 2653 1288 2684 τὰς
1308 2652 1396 2683 αἰτίας
1414 2651 1467 2677 τῶν
1488 2650 1614 2677 τοιούτων
1636 2651 1667 2677 ὲκ
1683 2650 1733 2685 τῆς
1748 2651 1845 2686 ἀστροοι

1060 2702 1173 2736 νομικῆς
1189 2700 1281 2735 μαθὼν
1298 2699 1462 2733 ἐπιστήμης,
1474 2697 1558 2729 ἔγνων
1571 2697 1618 2723 καὶ
1628 2696 1706 2722 τοῦτο
1721 2696 1789 2722 κατὰ
1800 2696 1847 2723 τὸν

1061 2747 1153 2774 εἰκότα
1165 2746 1243 2780 λόγον
1259 2745 1376 2780 συμϐάν.
1399 2743 1514 2778 Φανερῦν
1538 2743 1591 2776 ἄρα
1613 2742 1723 2775 γέγονεν
1738 2742 1770 2768 ἐκ
1785 2741 1848 2768 τού-

1062 2805 1126 2825 των,
1141 2795 1192 2827 ὅτι,
1210 2793 1323 2828 ὁπηνίκα
1336 2791 1466 2824 σύνεγγυς
1480 2790 1528 2824 τῆς
1548 2788 1678 2824 ἀκριϐοῦς
1692 2787 1846 2823 ἰσημερίας,

1062 2840 1200 2868 τουτέστιν
1214 2838 1269 2866 ἀπὸ
1282 2838 1330 2871 τῆς
1345 2835 1390 2863 τοῦ
1402 2834 1523 2870 Μαρτίου
1539 2837 1578 2867 ιε’,
1591 2834 1642 2866 ἓως
1656 2833 1706 2868 τῆς
1717 2836 1740 2858 κ’
1752 2832 1857 2870 αὐτοῖς

1853 2775 1858 2792 l
