2062 3214
241 194 311 222 1515
757 195 802 222 AD
821 196 955 224 EUSEBII
973 196 1176 226 CilRONl‘CON
1198 198 1380 226 APPENDIX.
1798 200 1867 228 1516

557 251 588 280 F.
662 253 678 279 5
766 252 797 280 F.
835 252 851 279 9
940 253 970 280 F.
1010 254 1020 281 ξ

1116 254 1201 281 F.7
1291 255 1377 282 F.6
1465 254 1552 283 F.5
1641 255 1726 281 17.4

242 286 276 313 12
349 286 382 313 Μ.
437 288 471 315 50
612 287 627 312 7
804 289 816 313 1
976 289 994 315 2
1154 290 1171 316 5
1330 290 1347 317 4
1505 290 1521 317 5
1681 290 1697 316 6
1833 290 1868 317 15

303 332 307 337 -
555 321 590 349 Μ.
646 321 678 349 51
764 322 852 350 Α.6
940 323 1028 351 Α.5
1117 324 1206 352 Α.4
1293 325 1381 353 Α.5
1469 324 1726 353 Α.2,Α,1

566 368 590 396 J.
613 404 627 406 _
644 369 679 396 27
774 369 854 406 1.726
944 370 974 406 μ.
995 371 1020 398 2:

1129 371 1153 399 J.
1175 371 1209 398 24
1298 372 1323 399 .1.
1343 371 1379 398 25
1467 370 1498 399 F.
1518 372 1553 399 29
1648 371 1672 399 J.
1691 372 1725 400 28

242 403 275 429 15
348 402 382 429 Μ.
440 402 472 430 19
612 404 629 430 5
804 405 821 430 4
945 402 948 406 ’
981 406 997 433 5
1156 406 1172 433 6
1333 406 1348 433 7
1508 407 1520 433 1
1681 408 1699 434 2
1830 407 1867 435 26

555 437 591 465 M.
645 437 681 465 24
770 439 805 466 Μ.
826 440 861 467 25
939 440 974 468 Μ.
994 441 1020 468 21

1120 440 1155 467 M.
1170 442 1202 468 2|
1290 442 1325 468 M.
1340 441 1375 469 20
1463 441 1498 469 M.
1516 442 1550 469 26
1640 442 1675 470 Μ.
1690 443 1724 470 25

553 483 582 511 F.
640 484 675 511 17
770 484 801 512 F.
823 486 857 513 16
943 487 973 514 F.
994 488 1020 516 1E

1118 487 1150 514 Ρ.
1168 488 1201 515 14
1289 487 1319 515 F.
1342 488 1377 515 15
1464 488 1494 515 F.
1516 489 1549 515 12
1639 489 1721 516 1*.11

242 519 276 545 14
346 520 377 545 Δ.
452 519 466 545 7
607 520 620 546 1
799 521 817 548 2
974 523 992 550 5
1151 523 1168 549 4
1326 522 1343 549 5
1501 523 1518 550 6
1676 524 1691 550 7
1849 523 1866 550 7

554 554 587 580 A.
642 555 677 583 14
765 555 798 582 Α.
817 556 851 583 15
939 558 972 585 Α.
993 558 1027 584 12
1115 558 1146 584 Α.
1169 558 1199 584 11
1290 558 1322 584 Α.
1342 557 1375 584 10
1461 558 1492 585 Α.
1531 558 1547 586 9
1636 558 1668 585 Α.
1707 559 1723 586 8

553 600 584 628 F.
657 601 675 628 5
763 601 796 629 F.
832 602 851 629 2
937 602 968 630 F.
1008 604 1020 630 1

1118 603 1195 630 ,1.51
1289 602 1320 630 F.
1357 602 1374 630 6
1463 603 1495 632 F.
1534 604 1551 631 5
1637 603 1668 631 F.
1705 604 1722 631 4

241 635 274 661 15
347 635 382 661 Μ.
434 634 469 661 27
609 636 626 662 4
804 637 821 664 5
978 638 995 665 6

1151 637 1167 665 7
1327 637 1339 664 1
1499 638 1517 665 2
1675 639 1692 666 5
1829 639 1864 667 18

553 670 588 698 Μ.
639 672 670 699 51
759 671 794 699 M.
810 672 845 699 50
901 672 1020 714 29
1108 673 1143 701 M.
1159 673 1194 700 28
1282 673 1315 701 Δ.
1353 673 1370 700 5
1458 674 1490 700 Α.
1527 674 1545 700 2
1635 674 1669 701 Α.
1707 675 1721 702 1

554 717 586 745 F.
640 718 676 746 24
759 717 790 745 F.
810 718 846 746 25
932 718 963 746 F.
983 719 1019 746 22
1105 718 1136 747 F.
1156 719 1189 746 21
1279 718 1310 746 F.
1330 718 1366 745 20
1455 719 1485 747 F.
1511 720 1543 747 19
1638 720 1668 748 F.
1687 720 1722 748 25

240 750 274 778 16
344 751 375 778 Α.
433 752 465 779 15
606 753 623 780 2
798 754 816 780 5
957 754 974 781 4
1138 755 1155 781 5
1314 754 1331 781 6
1491 755 1506 782 7
1672 756 1684 782 1
1827 756 1863 785 29

551 787 584 814 A.
638 788 670 816 21
758 788 792 815 Δ.
811 788 846 816 20
933 789 967 816 Α.
988 789 1022 817 19
1109 790 1141 816 Δ.
1163 789 1197 816 18
1284 789 1316 817 Α.
1338 790 1372 817 17
1458 790 1490 817 A.
1511 791 1545 817 16
1633 791 1667 819 Α.
1687 790 1723 818 22

554 832 585 860 F.
641 833 674 860 10
762 833 792 860 F.
832 833 848 860 9
937 833 966 860 F.
993 830 1020 861 ’8

1112 834 1142 862 F.
1182 834 1198 860 7
1288 833 1374 861 F.15
1463 833 1493 861 F.
1515 835 1548 862 12
1636 836 1668 863 F.
1690 836 1719 864 11

240 866 273 892 17
343 867 376 895 Α.
430 868 464 894 25
603 868 620 895 4
800 869 815 896 5
974 869 990 896 6
1151 871 1166 896 7
1325 870 1335 895 1
1495 871 1512 897 2
1666 873 1687 899 -5
1829 871 1863 900 10

554 902 588 930 Α.
661 904 676 929 7
764 903 796 930 Α.
833 903 850 930 6
932 904 965 930 Δ.
1004 904 1021 931 5
1109 905 1141 931 Α.
1179 905 1195 931 4
1284 905 1316 932 Λ.
1340 907 1372 933 10
1460 906 1492 932 Α.
1530 906 1546 932 9
1634 907 1667 934 Α.
1705 908 1722 935 8

563 949 587 975 J.
643 950 676 976 27
769 951 800 978 F.
838 950 855 977 2
943 950 973 977 Ρ.
1013 951 1020 977 1

1125 951 1148 978 J.
1171 952 1201 979 51
1292 951 1316 978 J.
1338 953 1373 980 30
1466 952 1490 979 J.
1514 952 1549 979 29
1641 952 1666 981 εἰ.
1685 953 1720 980 28

239 983 274 1010 18
346 983 380 1010 11.
435 984 470 1010 23
610 985 626 1011 7
805 987 815 1012 1
977 986 994 1012 2
1148 987 1164 1013 5
1323 990 1340 1014 4
1498 988 1514 1014 5
1670 988 1686 1015 6
1824 988 1861 1016 22

555 1019 590 1047 M.
644 1020 679 1046 24
764 1020 799 1047 Μ.
821 1021 855 1047 50
940 1021 976 1048 Μ.
993 1021 1020 1048 2S

1114 1022 1149 1048 M.
1167 1022 1202 1049 28
1289 1023 1323 1049 M.
1339 1023 1373 1049 27
1462 1023 1497 1049 Μ.
1513 1022 1547 1049 26
1632 1023 1666 1049 111.
1682 1023 1716 1050 25

555 1066 586 1094 F.
642 1067 675 1093 17
762 1066 793 1094 F.
816 1067 849 1094 16
938 1067 969 1095 F.
993 1068 1020 1095 1E

1116 1068 1146 1096 F.
1165 1070 1196 1096 21
1290 1069 1319 1095 F.
1342 1070 1375 1096 15
1463 1069 1493 1096 F.
1516 1070 1549 1097 19
1638 1069 1668 1096 F.
1691 1070 1723 1096 18

242 1099 276 1128 19
346 1101 379 1127 Δ.
430 1101 460 1128 11
603 1102 620 1129 5
796 1103 812 1129 6
972 1103 987 1129 7
1147 1105 1159 1131 1
1319 1105 1336 1130 2
1495 1105 1511 1131 5
1668 1105 1685 1132 4
1841 1101 1862 1131 Ω

554 1138 586 1162 Δ.
641 1137 675 1164 14
763 1137 795 1164 Α.
817 1138 851 1165 15
931 1137 963 1164 Δ.
986 1138 1019 1164 12
1110 1139 1142 1165 Α.
1165 1139 1197 1166 18
1286 1141 1317 1167 Α.
1337 1141 1369 1166 12
1458 1140 1491 1167 Δ.
1511 1140 1543 1166 16
1631 1140 1662 1167 Α.
1685 1140 1718 1166 15

241 1213 1857 1233 ~—-———'————”—-—_———ﬁ

812 1293 1078 1339 ΜΕΘΟΔΟΣ
1116 1296 1286 1337 ΕΤΕΡΛ

313 1386 510 1422 Ἀνεπίγραφος
523 1386 660 1422 φερομένη
674 1387 702 1412 ὲν
719 1385 825 1420 παλαιῷ
840 1395 892 1412 τινι
908 1385 1011 1420 βιϐλίῳ,
1039 1385 1099 1419 ἥτις
1120 1385 1166 1411 καὶ
1182 1385 1228 1411 τοῦ
1245 1385 1327 1412 αὑτοῦ
1345 1384 1413 1413 εἶναι
1429 1386 1503 1414 δοκεῖ
1520 1388 1644 1414 Ἰσαάκου
1662 1388 1803 1424 μοναχοῦ..

471 1506 801 1553 METHODUS
837 1507 1089 1570 ALTERA,
1127 1509 1261 1555 SIVE
1307 1510 1627 1556 COMPUTUS

837 1611 950 1632 NULLIUS
975 1612 1076 1631 τιτυιο
1101 1612 1254 1632 INSCRIPTUS

484 1679 528 1706 lla
544 1680 629 1706 tamen
646 1684 673 1706 ut
688 1680 804 1714 ejusdem
828 1680 918 1707 Isaaci
934 1682 1054 1708 monachi
1068 1682 1186 1709 videatur
1202 1691 1267 1715 esse,
1283 1684 1328 1717 qui
1347 1684 1443 1718 prioris
1456 1689 1494 1711 est
1508 1689 1610 1712 auctor.

272 1795 351 1830 207
370 1793 438 1821 Cum
457 1798 496 1826 tu,
518 1795 713 1822 monachorum
734 1795 968 1830 prazstantissime,
991 1801 1018 1823 ct
1034 1803 1056 1829 Α

241 1841 356 1868 fratrum
370 1840 397 1867 in
411 1839 521 1867 Christo
537 1839 602 1866 mihi
617 1839 803 1873 optatissime,
827 1839 897 1866 scire
922 1839 955 1866 de
979 1847 1022 1866 me

237 1886 357 1914 volueris
371 1885 529 1912 methodum
546 1885 676 1920 aliquam,
689 1893 743 1920 qua
765 1885 924 1920 investigari
942 1884 1022 1913 facile

237 1933 325 1966 possit
339 1935 393 1958 tam
407 1930 567 1958 lndictionis
583 1931 687 1966 cyclus,
703 1938 784 1965 quam
801 1931 868 1958 solis
880 1934 907 1958 et
925 1931 996 1958 lunae
1014 1941 1019 1958 :

237 1983 296 2006 tum
311 1977 393 2012 huius
406 1982 536 2013 praeterea
554 1976 760 2004 fundamentum
780 1986 787 2004 :
808 1977 871 2004 item
883 1981 950 2012 quot
963 1977 1021 2004 haec

237 2024 343 2052 dierum
367 2023 403 2051 sit
424 2030 551 2050 crescens
574 2030 606 2049 ac
630 2022 816 2057 decrescens;
836 2027 956 2057 quotque
978 2023 1020 2050 lu-

237 2073 297 2097 ceat
319 2069 401 2096 horas
429 2076 444 2095 a
465 2075 577 2103 vespera
609 2068 749 2102 qualibet;
783 2075 888 2095 necnon
914 2068 1019 2095 initium

237 2116 309 2143 sacri
331 2115 454 2150 jejunii;
484 2114 570 2149 legale
597 2113 720 2146 Pascha,
757 2113 1019 2149 Christianumque,

236 2169 298 2188 cum
311 2161 407 2188 diebus
423 2160 520 2195 jejunii
540 2164 696 2187 sanctorum
708 2159 903 2194 Apostolorum
928 2169 934 2187 :
957 2160 1020 2187 huic

236 2215 286 2242 ego
298 2206 474 2242 postulationi
487 2205 661 2233 satisfaciens
679 2210 741 2237 tum,
758 2205 919 2240 singillatim
932 2206 1020 2240 expli-

237 2253 323 2285 cabo,
352 2252 581 2288 quemadmodum
621 2251 760 2286 quodlibet
792 2259 823 2278 ex
862 2251 922 2279 istis
951 2251 1020 2278 citra

235 2306 356 2327 errorem
384 2306 416 2326 ac
452 2299 589 2334 negotium
616 2298 701 2324 ullum
731 2297 847 2325 inveniri
870 2301 961 2332 queat.
987 2296 1020 2323 Et

234 2345 364 2381 quoniam
384 2345 455 2380 cycli
480 2344 640 2371 lndictionis
659 2343 765 2370 initium
796 2343 876 2377 lunzc,
901 2351 933 2370 ac
954 2343 1019 2370 solis

235 2391 327 2426 cyclos
341 2389 476 2418 antecedit
493 2399 500 2423 ;
516 2389 551 2417 ab
571 2390 618 2417 illo
642 2389 801 2416 disnutandi
821 2397 927 2416 sumam
939 2397 1019 2416 exor-

234 2437 319 2465 dium.

444 2493 483 2520 De
497 2492 644 2520 Indictione
660 2492 823 2526 reperienda.

268 2540 288 2567 1.
298 2539 422 2571 lndictio,
432 2546 493 2574 quae
503 2542 530 2565 et
539 2538 620 2565 Fusio
636 2537 803 2569 nominatur,
816 2537 922 2572 cyclum
936 2544 1016 2564 suum

233 2587 344 2614 inchoat
358 2593 373 2612 a
387 2583 501 2612 Kalend.
521 2583 699 2618 Septembris,
717 2582 790 2617 quod
807 2586 848 2609 est
865 2582 927 2609 anni
942 2582 1018 2617 prin-

232 2632 346 2667 cnpium.
369 2630 443 2658 Idem
460 2637 542 2665 porro
558 2628 651 2664 cyclus
672 2628 707 2655 ad
727 2635 812 2655 annos
829 2636 916 2663 usque
936 2627 1018 2662 quin-

232 2678 319 2705 decim
343 2676 489 2709 ascendit;
518 2675 634 2710 indeque
663 2681 763 2701 novum
787 2674 917 2708 deinceps
941 2674 1016 2708 capit

231 2723 384 2750 exordium.
407 2720 485 2748 Hunc
507 2721 590 2756 igitur
610 2720 774 2754 investigare
796 2720 818 2748 si
836 2721 914 2752 velis,
938 2727 1017 2747 sume

233 2776 320 2795 annos
342 2768 376 2795 ab
397 2768 463 2795 orbe
482 2768 592 2794 condito
609 2775 616 2794 :
632 2767 678 2802 qui
701 2767 752 2794 hoc
776 2770 898 2801 tempore
919 2773 1015 2793 nume-

233 2819 328 2841 rantur
352 2814 431 2846 6885,
444 2814 477 2841 de
493 2813 594 2848 quibus
614 2813 756 2845 subtrahe.
775 2813 865 2848 quoad
882 2813 952 2845 licet,
970 2812 1014 2839 in-

269 2890 292 2908 “
305 2890 383 2919 Dem
400 2891 510 2923 ἐθέλεις.
550 2891 583 2907 ¹⁰“
601 2891 620 2924 f.
639 2891 687 2926 τῆς
704 2889 766 2916 τῶν,

1111 1797 1290 1833 Ἐπειδήπερ,
1324 1798 1447 1833 μοναχῶν
1474 1797 1620 1833 τιμιώτατε
1631 1819 1638 1831 ,
1666 1799 1713 1825 καὶ
1735 1799 1858 1836 ἀδελφῶν

1075 1852 1118 1878 μοι
1134 1844 1204 1870 κατὰ
1221 1843 1336 1878 Χριστὸν
1360 1843 1542 1876 ποθεινότατε,
1568 1844 1667 1870 εἰδέναι
1689 1844 1800 1879 μέθοδον
1822 1846 1857 1879 ⁸⁸,

1072 1888 1105 1915 δι’
1130 1887 1163 1924 ἦς
1190 1898 1230 1915 σοι
1254 1889 1405 1924 βουλομένῳ
1428 1890 1525 1924 ῥᾳδίως
1542 1890 1718 1925 εὑρεθήσεται
1733 1891 1747 1917 ὃ
1763 1899 1793 1918 τε
1808 1891 1858 1918 κύ-

1073 1935 1135 1966 κλος
1151 1936 1199 1971 τῆς
1222 1935 1357 1967 Ἰνδίκτου,
1374 1936 1389 1961 ὁ
1404 1935 1452 1962 τοῦ
1475 1936 1561 1970 ἡλίου,
1583 1935 1649 1962 ἀλλὰ
1665 1936 1697 1972 δὴ
1716 1937 1763 1963 καὶ
1778 1937 1793 1962 ὀ
1806 1937 1857 1972 τῆς

1073 1981 1203 2016 σελήνης·
1221 1981 1261 2007 ἔτι
1278 1989 1305 2007 τε
1319 1982 1332 2007 ὀ
1352 1981 1452 2016 ταύτης
1475 1981 1613 2016 θεμέλιος·
1636 1982 1682 2008 καὶ
1697 1982 1767 2009 ὅσων
1785 1983 1855 2018 ἡμε-

1074 2027 1127 2061 ρῶν
1141 2027 1211 2062 αὕτη
1223 2028 1351 2061 τυγχάνει
1368 2027 1502 2062 αὐξομένη
1522 2036 1551 2053 τε
1569 2028 1616 2054 καὶ
1634 2028 1792 2064 μειουμένη,
1808 2029 1857 2056 καὶ

1071 2072 1157 2103 πόει-ας
1178 2071 1251 2107 ὥρας
1278 2072 1365 2106 φαίνει
1392 2072 1452 2098 καθ’
1475 2072 1593 2109 ἑκάστην
1623 2073 1758 2109 ἑσπέραν·
1787 2073 1857 2110 πρὸς

1071 2118 1174 2149 τούτοις
1192 2118 1208 2153 ἦ
1225 2127 1254 2144 τε
1272 2118 1425 2153 ἀπόκρεως,
1450 2118 1480 2144 τὸ
1497 2118 1606 2153 νομικὸν
1625 2119 1730 2153 Πάσχα,
1750 2120 1796 2146 καὶ
1823 2120 1857 2146 τὸ

1070 2164 1124 2190 τῶν
1149 2164 1317 2198 Χριστιανῶν
1346 2165 1422 2198 ἅγιον
1445 2164 1552 2199 Πάσχα,
1570 2164 1618 2191 σὺν
1649 2166 1711 2196 ταῖς
1728 2165 1857 2200 μὴμέραις

1072 2209 1110 2224 ¹⁰¹
1132 2209 1186 2235 τῶν
1212 2209 1297 2243 ἁγίων
1315 2208 1482 2235 ’Λποστόλων
1496 2209 1639 2244 νηστείας⁸
1658 2209 1712 2236 ἰδοὺ
1733 2210 1782 2245 τὴν
1804 2210 1856 2245 σὴν

1070 2254 1215 2289 ἐκπληρῶν
1234 2254 1341 2289 αἴτησιν
1361 2254 1494 2287 ὑποδείξω
1511 2263 1551 2280 σοι
1576 2255 1646 2290 κατᾲ
1670 2255 1763 2290 μέρος,
1779 2255 1856 2288 ὅπως

1069 2299 1184 2327 ἑκαστον
1209 2300 1310 2326 τούτων
1333 2300 1490 2331 ἀπταίστως
1508 2309 1547 2326 σοι
1563 2301 1609 2326 καὶ
1626 2301 1724 2337 ῥᾳδίως
1739 2302 1856 2338 εὑρεθή-

1071 2355 1156 2373 σεται.
1178 2346 1254 2372 Ἐπεὶ
1273 2346 1301 2372 δὲ
1319 2346 1371 2382 πρὸ
1389 2346 1442 2372 τῶν
1459 2346 1566 2373 κύκλων
1580 2347 1656 2382 ἡλίου
1677 2348 1724 2374 καὶ
1741 2348 1856 2384 σελήνης

1070 2394 1084 2419 ὁ
1109 2394 1157 2428 τῆς
1182 2393 1308 2419 Ἰνδίκτου
1334 2393 1466 2427 λαμϐάνει
1489 2394 1539 2428 τὴν
1561 2394 1658 2429 ἀρχὴν,
1684 2394 1738 2421 ἀπὸ
1758 2394 1855 2422 τούτου

1070 2438 1147 2471 κάγὼ
1159 2437 1208 2473 τὴν
1224 2438 1311 2473 ἀρχὴν
1327 2439 1484 2473 ποιήσομαι.

1223 2494 1293 2527 Περὶ
1314 2493 1459 2527 εὑρέσεως
1473 2494 1526 2527 τῆς
1547 2494 1702 2522 Ἰνὸἰκτου.

1103 2540 1142 2566 A’.
1170 2539 1202 2565 Ἦ
1219 2539 1358 2570 Ἰνδικτος,
1374 2540 1435 2574 ἥτις
1450 2540 1497 2566 καὶ
1520 2540 1664 2567 Ἰνδικτιὼν
1681 2541 1728 2567 καὶ
1745 2541 1855 2568 Ἐπινὲ-

1070 2593 1152 2620 μησις
1172 2584 1290 2619 λέγεται,
1314 2585 1371 2619 ἔχει
1394 2586 1544 2621 ἀρχόμενον
1560 2586 1605 2612 τὸν
1630 2586 1729 2621 ἑαυτῆς
1754 2587 1855 2614 κύκλον

1067 2630 1122 2657 ἀπὸ
1139 2630 1188 2665 τῆς
1205 2630 1227 2656 α’
1243 2631 1288 2656 τοῦ
1304 2631 1501 2667 Σεπτεμϐρίου,
1519 2631 1602 2666 ἤγουν
1623 2631 1672 2666 τῆς
1687 2631 1734 2658 τοῦ
1756 2631 1855 2667 χρόνου

1069 2675 1171 2710 ἀρχῆς*
1200 2676 1273 2707 ὅστις
1298 2676 1345 2702 καὶ
1372 2676 1513 2711 ἀνέρχεται
1540 2677 1580 2708 εἰς
1609 2677 1720 2712 χρόνους
1745 2675 1785 2709 ιε’,
1807 2676 1856 2703 καὶ

1068 2721 1149 2747 πάλιν
1166 2721 1298 2756 λαμϐάνει
1321 2722 1417 2757 ἀρχὴν.
1442 2722 1473 2747 Εἰ
1490 2719 1535 2748 οὖν
1560 2722 1648 2757 βούλει
1664 2721 1757 2748 τοῦτον
1777 2721 1855 2757 εὑρί-

1070 2776 1153 2798 σκειν,
1180 2768 1275 2803 κράτει
1298 2768 1333 2794 τὰ
1348 2768 1401 2794 ἀπὸ
1425 2768 1539 2799 κτίσεως
1569 2769 1671 2803 κόσμου
1697 2768 1756 2803 ἐτη,
1774 2767 1856 2794 ἅτινά

1069 2813 1120 2838 εἱσι
1135 2813 1164 2838 τὸ
1183 2814 1267 2848 παρ)ν
1284 2813 1393 2847 fonte"
1411 2814 1457 2840 καὶ
1481 2813 1563 2848 desis
1583 2813 1636 2840 ἀπὸ
1660 2813 1771 2846 τούτων,
1787 2812 1855 2840 ὁσάη
