4124 6496
413 448 551 502 1517

1302 451 1524 506 ISAACI
1563 449 1864 507 MONACIII
1900 444 2275 503 COMPUTUS
2332 444 2765 502 ECCLESIAST.

3515 452 3652 506 1518

413 583 502 628 κις
548 563 613 618 ἂν
655 565 902 638 δυνηθῇς,
937 568 1027 619 τὸν
1083 565 1175 619 τοῦ
1225 568 1422 622 κύκλου
1472 572 1568 642 τῆς
1632 569 1963 631 Ἰνδικτιῶνος

2080 564 2337 619 dictionis
2382 565 2622 634 cyclum,
2666 568 2781 620 sive
2815 580 2990 621 annos
3038 582 3108 619 xv
3161 585 3173 620 :
3223 567 3488 637 quidquid
3525 571 3653 622 reli-

413 655 664 728 ἁριθμὸν,
698 657 862 727 ήγουν
894 658 983 710 τὸν
1029 665 1086 709 ιε’
1108 676 1120 688 ·
1155 660 1248 712 καὶ
1280 660 1349 712 τὰ
1397 661 1833 732 καταλειπόμενα
1877 661 1976 714 κά-

413 744 600 808 τωθεν,
631 743 662 814 ἢ
699 746 790 797 καὶ
824 746 1013 816 μέχρις
1040 746 1218 800 αὐτῶν
1251 748 1358 803 τῶν
1396 748 1478 811 ιε’,
1515 748 1659 804 ἔστιν
1701 753 1728 803 6
1765 750 1978 803 ἐνιστά-

407 836 573 905 -μένος
604 835 799 900 κύκλος
833 838 1018 908 αὐτῆς.
1947 835 1961 840 ⁷

1011 953 1025 972 ⁹
1037 955 1386 1026 Υπόδειγμα.

479 1060 602 1117 Οἷον
635 1065 1030 1137 ῦποδείγματος
1061 1068 1219 1141 χάριν
1239 1088 1250 1100 ·
1303 1073 1456 1125 Ἐπεὶ
1499 1077 1568 1128 τά
1609 1075 1717 1129 ἀπὸ
1749 1076 1976 1140 κτίσεως

412 1157 616 1226 κόσμου
670 1160 825 1224 εἰσὶν,
878 1159 953 1222 ὡς
989 1160 1302 1231 δεδήλωται,
1348 1163 1440 1236 ἐτη
1490 1174 1696 1235 ,ςωπεκ
1722 1168 1970 1238 λέγομεν,

410 1249 493 1300 ὅτι
529 1251 1003 1316 πεντεκαιδεκάκις
1027 1254 1095 1307 τὰ
1141 1262 1184 1307 ν’
1219 1258 1323 1324 ψν’,
1369 1259 1462 1310 καὶ
1497 1260 1974 1324 πεντεκαιδεκάκις

405 1337 480 1392 ’τὰ
504 1346 552 1410 η’
582 1347 688 1411 ρκ’,
739 1343 998 1413 γινόμενα
1042 1347 1176 1416 ὁμοῦ
1213 1347 1376 1419 ,ςωο’.
1408 1349 1848 1420 Κατελείφθησαν
1880 1351 1974 1404 καὶ

412 1430 572 1502 μέχρι
597 1434 702 1487 τῶν
734 1443 919 1498 ,ςωπεθ
961 1436 1056 1506 ἔτη
1083 1445 1174 1490 ιε’·
1212 1438 1247 1491 ἂ
1289 1441 1380 1492 καί
1410 1443 1545 1493 εἰσιν
1576 1443 1604 1494 6
1627 1441 1972 1511 ἐνιστάμενος

405 1521 607 1586 ’κύκλος
633 1524 819 1594 αὐτῆς.
852 1527 988 1580 Ἀλλ’
1005 1529 1125 1580 ἐπεὶ
1144 1529 1407 1601 δυσχερὴς
1423 1527 1558 1584 εἶναι
1584 1532 1730 1584 δοκεῖ
1751 1536 1862 1596 τοῖς
1895 1531 1971 1604 μὴ

408 1614 601 1670 εἰδόσιν
632 1618 889 1688 ἐντέχνως
924 1620 1179 1689 ψηφίζειν
1208 1623 1240 1692 ἡ
1269 1623 1488 1693 τοιαύτη
1517 1624 1754 1693 μέθοδος,
1783 1626 1969 1677 ἐπενο-

407 1706 510 1778 ήθη
535 1724 619 1770 τις
649 1707 780 1781 άλλη
816 1713 1140 1784 σαφεστέρα,
1176 1713 1270 1767 καὶ
1299 1716 1469 1786 ῥᾴστη
1501 1719 1611 1780 τοῖς
1636 1716 1807 1790 ταύτῃ
1827 1734 1967 1788 χρω-

410 1797 610 1868 μένοις,
644 1799 837 1870 ἔχουσα
869 1801 1040 1866 οὕτως
1051 1820 1066 1835 ·

2077 672 2246 725 quum
2288 657 2392 710 erit
2432 657 2572 710 infra
2598 657 2851 712 eumdem
2884 675 3199 725 numerum,
3232 669 3326 714 aut
3355 662 3400 716 si
3438 663 3652 730 integer

2077 762 2340 802 numerus
2369 747 2486 816 ipse
2518 747 2772 803 residuus
2805 749 2896 815 sit,
2917 751 3019 804 erit
3041 767 3285 820 praesens
3317 751 3650 809 Indictionis

2079 837 2286 907 cyclus.

2695 950 3028 1021 Exemplum.

2145 1059 2389 1129 Exempli
2441 1061 2614 1130 gratia
2681 1081 2692 1115 :
2758 1061 3027 1128 Quoniam
3084 1065 3154 1118 ab
3225 1067 3357 1121 orbe
3426 1069 3646 1125 condito

2074 1160 2454 1218 numerantur,
2484 1162 2542 1207 ut
2581 1155 2692 1224 jam
2735 1156 2995 1219 diximus,
3044 1157 3172 1212 anni
3215 1158 3380 1224 6885,
3417 1163 3649 1229 quinde-

2074 1244 2187 1298 cies
2243 1247 2636 1316 quinquaginta
2687 1245 2896 1301 faciunt
2945 1249 3098 1314 750;
3147 1252 3463 1319 quindecies
3515 1256 3643 1310 item

2073 1344 2198 1392 octo
2229 1338 2362 1391 dant
2398 1337 2536 1404 120;
2571 1339 2707 1392 ﬁunt
2739 1341 2866 1393 anni
2911 1342 3074 1396 simul
3125 1343 3283 1398 6870.
3334 1345 3540 1402 Desunt
3573 1348 3643 1402 ad

2073 1427 2429 1497 complendos
2479 1430 2778 1484 6885-anni
2825 1431 2912 1498 15,
2965 1435 3059 1502 qui
3094 1444 3177 1490 est
3216 1451 3454 1505 praesens
3499 1441 3643 1494 Indi-

2072 1521 2276 1577 ctionis
2317 1522 2524 1592 cyclus.
2557 1521 2757 1576 Verum
2799 1525 2926 1594 quia
2960 1541 3176 1581 morosa
3215 1541 3298 1582 est
3335 1530 3640 1588 calculandi

2068 1613 2293 1668 minime
2330 1615 2519 1683 peritis
2569 1615 2672 1670 ista
2715 1619 3024 1682 methodus,
3065 1623 3371 1691 excogitata
3414 1632 3497 1680 est
3533 1627 3639 1680 alia

2069 1705 2315 1774 quaedam
2347 1710 2605 1776 apertior,
2655 1718 2710 1762 et
2748 1712 2995 1779 expedita
3031 1727 3154 1766 cum
3203 1715 3393 1784 primis
3433 1717 3503 1773 iis
3544 1719 3636 1788 qui

2069 1799 2147 1851 uti
2178 1815 2241 1853 ea
2270 1800 2542 1854 voluerint
2569 1819 2584 1868 ;
2617 1817 2739 1872 qua:
2765 1803 2844 1857 sic
2881 1803 3042 1859 habet
3084 1824 3096 1860 :

478 1891 763 1963 Κράτησον
791 1892 858 1945 τὰ
888 1893 1040 1962 ὀλίγα
1067 1893 1159 1966 ἔτη
1184 1895 1204 1926 ί
1233 1896 1386 1964 ὀλίγα
1414 1897 1471 1949 δὲ
1505 1897 1733 1968 λέγομεν
1767 1897 1836 1952 τὰ
1867 1899 1963 1952 κά-

2139 1889 2339 1960 Accipe
2383 1893 2650 1948 minorem
2700 1911 2988 1951 numerum
3031 1912 3336 1964 annorum,
3382 1901 3635 1960 videlicet

405 1982 574 2035 τωθεν
603 1983 708 2036 τῶν
746 2001 804 2036 τε
844 1984 1091 2053 χιλιάδων
1125 1989 1218 2040 καὶ
1266 1989 1662 2042 ἐκατοντάδωνο
1693 1991 1859 2059 ἤγουν
1897 1990 1965 2043 τά

405 2075 470 2125 ὲκ
505 2073 743 2140 μονάδων
791 2075 882 2127 καὶ
914 2075 1172 2144 δεκάδων,
1207 2078 1240 2148 ἢ
1274 2078 1367 2132 καὶ
1407 2079 1465 2145 ἐξ
1498 2079 1820 2150 ἀμφοτέρων
1843 2097 1967 2132 συν-

407 2163 707 2233 ιστάμενα,
762 2164 918 2220 ἅτινά
968 2169 1072 2220 εἰσι
1132 2168 1232 2238 τὴν
1286 2170 1524 2240 σήμερον
1581 2177 1682 2224 πε’.
1746 2171 1966 2234 Τούτοις

404 2253 641 2324 πρόσθες
666 2261 725 2319 ε’,
770 2255 862 2307 καὶ
912 2257 1146 2324 γίνονται
1178 2262 1246 2323 ιιν.
1282 2258 1480 2326 Ἀφελε
1509 2257 1616 2311 ἀπὸ
1647 2258 1852 2312 τούτων
1896 2260 1966 2313 τὰ

407 2348 502 2407 ιε’,
532 2344 716 2407 ὁσάκις
755 2344 1005 2415 ἐγχωρεῖ,
1052 2345 1250 2401 εἰπών’
1301 2348 1784 2413 Πεντεκαιδεκάκις
1813 2351 1881 2404 τὰ
1924 2357 1964 2403 ε’

405 2440 474 2486 οε¹
495 2451 507 2463 ·
539 2434 964 2506 κατελείφθησαν
991 2437 1149 2508 μέχρι
1171 2437 1278 2491 τῶν
1309 2443 1358 2505 l"
1386 2439 1480 2492 καὶ
1508 2437 1566 2492 ιε’
1587 2457 1599 2470 ·
1627 2441 1782 2495 ἆτινά
1807 2444 1962 2509 εἰσιν,

405 2527 480 2589 ὡς
513 2527 766 2598 ἀνωτέρω
797 2528 1106 2599 δεδήλωται,
1159 2531 1187 2581 6
1223 2531 1570 2601 ἐνιστάμενος
1620 2533 1816 2598 κύκλος
1864 2536 1966 2606 τῆς

417 2617 666 2672 Ἰνδίκτου
687 2637 700 2648 ·
721 2620 916 2689 ¹ὅντινα
957 2621 1049 2673 καὶ
1085 2622 1335 2699 εὑρήσεις
1374 2623 1628 2692 ἀσφαλῶς
1662 2628 1779 2690 ταῖς
1811 2617 1970 2699 είρηέ

408 2711 595 2780 μέναις
622 2711 899 2782 χρώμενος
922 2712 1147 2779 ἐφόδοις,
1177 2697 1410 2785 ὁποτέρᾳ
1444 2713 1626 2786 βούλῃ.

508 2844 648 2913 Περὶ
679 2843 788 2912 τῆς
814 2842 1103 2913 εὑρέσεως
1131 2844 1237 2899 τοῦ
1269 2846 1497 2899 κύκλου
1526 2845 1630 2899 τοῦ
1658 2847 1855 2914 ἡλίου.

475 2961 546 3013 B'.
582 2961 642 3013 Ὃ
658 2960 713 3014 δέ
755 2977 816 3029 γε
844 2960 935 3014 τοῦ
966 2960 1112 3031 ήλίου
1137 2960 1333 3024 κύκλος
1358 2960 1580 3031 ἄρχεται
1613 2961 1710 3032 μὲν
1739 2960 1845 3013 ἀπὸ
1863 2960 1962 3030 τῆς

403 3059 450 3103 α’
474 3052 564 3104 τοῦ
610 3051 933 3124 Ὀκτωϐρίου
977 3052 1162 3122 μηνὸς,
1207 3051 1488 3124 ἀνέρχεται
1516 3053 1572 3105 δὲ
1609 3054 1714 3117 ἕως
1741 3054 1962 3125 χρόνους

401 3141 508 3214 κη’,
541 3142 634 3196 καὶ
680 3138 836 3205 αὖθις
877 3142 1140 3212 λαμϐάνει
1181 3143 1279 3214 τὴν
1312 3144 1613 3214 ἀρχήν.,Εί
1655 3140 1747 3196 οῦν
1790 3145 1962 3207 θέλεις

2066 1997 2189 2034 eum
2233 1984 2326 2051 qui
2365 1983 2506 2036 infra
2543 1985 2879 2043 millenarios
2901 1996 2956 2042 et
2993 1992 3331 2046 centenarias
3355 1996 3631 2063 excurrit;

2066 2067 2169 2121 hoc
2193 2077 2276 2123 est
2308 2071 2400 2139 qui
2436 2087 2504 2125 ex
2542 2075 2843 2131 unitatibus
2877 2085 2930 2131 et
2956 2077 3268 2140 decadibus,
3308 2083 3392 2136 vel
3421 2099 3484 2137 ex
3512 2101 3631 2139 am-

2065 2156 2240 2211 bobus
2287 2167 2525 2224 constat,
2567 2163 2876 2232 cujusmodi
2915 2165 3076 2223 hodie
3107 2177 3190 2225 est
3219 2171 3307 2225 85.
3355 2173 3438 2226 Ad
3486 2174 3633 2229 hunc

2065 2249 2202 2302 adde
2244 2249 2276 2302 5
2317 2266 2330 2301 :
2381 2251 2514 2306 ﬁunt
2554 2252 2640 2308 90.
2675 2253 2906 2312 Detrahe
2950 2259 3036 2322 l5,
3082 2263 3261 2332 quoad
3309 2272 3484 2334 potes,
3524 2267 3632 2320 hoc

2065 2340 2227 2395 modo
2279 2358 2292 2393 :
2341 2343 2658 2409 quindecies
2712 2349 2954 2419 quinque
3003 2351 3135 2406 dant
3186 2353 3273 2419 75,
3318 2365 3525 2409 restant
3565 2357 3632 2412 l5

2065 2430 2132 2484 ad
2170 2433 2522 2502 complendos
2562 2435 2651 2490 90.
2701 2436 2800 2494 Hic
2828 2442 2930 2495 erit
2974 2443 3160 2514 cyclus
3195 2460 3440 2514 praesens
3482 2446 3629 2501 Indi-

2063 2523 2262 2579 ctionis
2305 2531 2324 2578 :‘
2354 2541 2514 2596 quem
2555 2536 2786 2601 utraque
2818 2535 3090 2603 methodo,
3129 2544 3293 2605 prout
3315 2539 3492 2594 visum
3525 2541 3631 2594 erit

2064 2623 2270 2681 exacte,
2309 2619 2570 2688 reperies.

2283 2841 2556 2907 Quomodo
2581 2845 2917 2900 inveniendus
2945 2847 3014 2900 sit
3045 2847 3173 2901 solis
3203 2847 3398 2917 cyclus.

2131 2955 2196 3011 Ii.
2236 2957 2436 3028 Cyclus
2486 2958 2619 3014 solis
2671 2975 2700 3012 a
2728 2959 2982 3015 Kalendis
3027 2959 3280 3017 Octobris
3317 2962 3627 3028 inchoatur,

2065 3055 2119 3100 et
2171 3048 2238 3102 ad
2281 3063 2456 3103 annos
2496 3063 2667 3102 xxvm
2717 3051 3078 3119 progreditur,
3120 3051 3265 3106 unde
3307 3067 3500 3108 rursus
3529 3069 3628 3107 no-

2061 3155 2189 3193 vum
2238 3141 2384 3209 capit
2440 3141 2680 3194 initium.
2728 3140 2883 3194 Hunc
2913 3157 3043 3211 ergo
3081 3143 3326 3212 reperire
3359 3144 3406 3198 si
3439 3145 3624 3199 volue-

405 3234 496 3286 καὶ
520 3233 702 3286 τοῦτον
727 3234 920 3304 εὑρεῖν,
951 3232 1079 3286 λάϐε
1109 3233 1177 3286 τὰ
1214 3234 1321 3286 ἀπὸ
1355 3234 1582 3298 κτίσεως
1604 3235 1807 3304 κόσμου
1841 3235 1958 3305 ἐτη,

2073 3231 2172 3298 ris,
2206 3232 2390 3302 accipe
2420 3247 2591 3286 annos
2631 3232 2700 3286 ab
2738 3233 2869 3287 orbe
2905 3233 3146 3298 condito,
3187 3243 3242 3288 et
3278 3251 3371 3290 eos
3421 3237 3628 3305 partire

404 3328 497 3380 καὶ
526 3326 745 3397 μέρισον
788 3325 924 3380 αὐτὰ
959 3326 1108 3396 παρὰ
1135 3327 1226 3379 τὸν
1253 3327 1482 3398 ἀριθμὸν
1504 3327 1612 3380 τῶν
1643 3326 1831 3381 τούτου
1860 3327 1960 3380 κύ-

402 3420 564 3482 κλων,
613 3419 776 3488 ἤγουν
819 3418 924 3470 τῶν
965 3425 1084 3488 κη’·
1137 3417 1207 3471 τὰ
1251 3418 1683 3490 καταλειπόμενα
1720 3417 1962 3473 κάτωθεν

403 3511 508 3562 τῶν
573 3517 678 3581 κη’,
727 3509 761 3578 ἢ
818 3509 912 3562 καὶ
959 3510 1062 3574 ἓως
1123 3509 1334 3576 αὐτῶν,
1392 3509 1535 3563 ἐστιν
1585 3510 1614 3561 6
1661 3509 1754 3562 τοῦ
1811 3508 1959 3579 ἡλίου

404 3601 617 3665 κύκλος.

1013 3713 1360 3784 Υπόδειγμα.

503 3847 592 3882 ινα
645 3829 702 3882 δὲ
755 3827 1030 3883 κάνταῦθα
1078 3829 1408 3899 σαφέστερον
1453 3827 1482 3881 ὃ
1525 3828 1667 3898 λέγω
1710 3827 1956 3899 γένηται,

401 3919 659 3988 λαμϐάνω
692 3919 762 3974 τὰ
793 3921 1054 3990 εἰρημένα
1103 3919 1196 3990 ἔτη
1250 3919 1318 3972 τά
1347 3917 1564 3991 ,ςωπέο
1615 3920 1708 3973 καὶ
1757 3917 1960 3990 μερίζω

401 4013 573 4066 ταῦτα
617 4012 766 4083 παρὰ
796 4011 902 4064 τῶν
956 4017 1039 4082 κη’
1065 4009 1234 4074 οὕτως
1259 4026 1273 4041 ⁸
1322 4011 1768 4074 ὐκτωεικοσάκις
1815 4011 1883 4064 τὰ
1915 4017 1959 4063 σθ

402 4111 492 4175 ,εχ’
515 4120 528 4132 ·
565 4104 982 4168 ὀκτωεικοσάκις
1011 4103 1078 4157 τὰ
1115 4110 1166 4173 μ’
1212 4110 1344 4174 ⁴αρκ’
1364 4119 1378 4131 ⁸
1425 4103 1518 4157 καὶ
1545 4103 1960 4167 ὀκτωεικοσάκις

401 4199 469 4251 τὰ
516 4204 555 4250 ε’
608 4203 727 4268 ρμ”
776 4197 1034 4266 γινόμενα
1077 4193 1210 4266 ὁμοῦ
1242 4193 1409 4266 ,ςωξκ
1459 4193 1800 4262 Κατελείφθη
1854 4193 1960 4255 ἓως

399 4285 508 4338 τῶν
544 4292 624 4339 πε⁹
654 4286 747 4339 καὶ
784 4284 876 4356 ἐτη
915 4292 1024 4338 κε’·
1063 4283 1222 4338 ἆτινά
1254 4285 1389 4337 εἰσιν
1419 4284 1448 4336 6
1492 4282 1635 4337 κατὰ
1678 4283 1739 4335 τὸ
1787 4282 1957 4354 παρὸν

399 4376 517 4440 ἔτος
546 4375 889 4447 ἐνιστάμενος
917 4375 1113 4438 κύκλος
1139 4373 1235 4428 τοῦ
1263 4374 1416 4446 ἡλίου
1445 4373 1686 4437 εἰκοστὸς
1713 4373 1958 4444 πέμπτος

398 4467 698 4537 τυγχάνων.

2060 3337 2157 3392 per
2204 3323 2307 3387 28,
2359 3323 2451 3393 qui
2513 3331 2598 3378 est
2647 3338 2908 3378 numerus
2961 3325 3237 3394 cyclorum
3320 3326 3623 3393 solarium;

2061 3413 2322 3484 quidquid
2350 3414 2620 3469 reliquum
2644 3417 2747 3470 erit
2770 3431 2878 3469 non
2907 3416 3084 3486 majus
3113 3432 3274 3487 quam
3297 3417 3388 3482 28,
3412 3417 3501 3472 hic
3519 3419 3626 3472 erit

2061 3507 2193 3561 solis
2220 3507 2426 3576 cyclus.

2670 3703 3005 3773 Exemplum.

2129 3811 2200 3868 Ut
2242 3822 2422 3869 autem
2473 3815 2676 3871 clarius
2731 3818 2802 3871 sit
2852 3819 2996 3888 quod
3046 3817 3190 3884 dico,
3243 3836 3400 3876 sumo
3449 3835 3624 3877 annos

2057 3905 2265 3971 mundi,
2297 3921 2435 3976 quos
2460 3905 2596 3973 dixi,
2637 3907 2798 3973 6885,
2842 3925 3046 3979 eosque
3083 3910 3264 3966 divido
3301 3927 3396 3980 per
3416 3912 3486 3966 28
3520 3915 3626 3969 hoc

2058 3997 2221 4052 modo
2279 4017 2291 4052 :
2355 3996 2538 4053 Vicies
2597 4000 2768 4054 octies
2816 3999 2921 4056 200
2978 4000 3186 4055 faciunt
3232 4001 3412 4069 5600;
3455 4004 3624 4060 vicies

2058 4089 2230 4145 octies
2275 4090 2364 4156 40,
2417 4091 2549 4146 dant
2598 4090 2778 4159 H20;
2826 4093 2994 4149 vicies
3036 4095 3207 4150 octies
3247 4095 3280 4148 5
3321 4105 3449 4150 sunt
3497 4097 3622 4152 MO.

2060 4179 2283 4236 Summa
2320 4181 2459 4238 6860
2481 4221 2497 4247 ,
2530 4183 2722 4254 reliqui
2758 4191 2887 4238 sunt
2935 4184 3001 4238 ad
3052 4187 3344 4255 explendos
3378 4187 3448 4241 85
3482 4189 3617 4241 anni

2056 4273 2146 4340 25,
2181 4275 2274 4345 qui
2303 4282 2386 4331 est
2410 4276 2537 4331 anni
2567 4276 2851 4347 praesentis
2880 4277 3074 4332 solaris
3105 4279 3290 4334 cvclus
3317 4278 3406 4333 25.

481 4533 633 4612 ’ἐπεὶ
671 4559 728 4611 δὲ
763 4558 823 4610 οὐ
859 4557 1015 4627 μόνον
1046 4558 1158 4621 τοῖς
1193 4556 1316 4628 ἄρτι
1352 4554 1686 4626 μαθημάτων
1719 4551 1957 4623 ἁπτομέ-

2127 4533 2193 4598 Et
2225 4543 2484 4612 quoniam
2531 4558 2640 4598 non
2689 4543 2863 4596 solum
2898 4543 3182 4613 tyronibus
3211 4543 3347 4598 artis
3387 4542 3618 4613 cujusli-

399 4668 530 4715 νοις,
561 4649 696 4704 ἀλλὰ
729 4650 822 4702 καὶ
849 4649 1058 4712 πολλοῖς
1083 4649 1189 4701 τῶν
1221 4646 1604 4717 ὲντελεστέρων
1627 4642 1959 4715 αἱρετώτερά

399 4748 503 4798 εἱσι
540 4744 608 4797 τὰ
659 4741 998 4812 σαφέστερα,
1037 4740 1114 4804 ὼς
1158 4740 1563 4811 εὐληπτότερα·
1609 4735 1958 4804 ὑποδείξομεν

397 4831 674 4888 κάνταῦθα
705 4832 802 4903 τὴν
832 4830 1166 4900 σαφεστέραν
1193 4829 1309 4883 ὁδὸν
1339 4828 1562 4898 ἔχουσαν
1597 4825 1787 4888 οὕτως·
1833 4825 1967 4906 Τοῖς.

397 4925 597 4993 ὀλίγοις
638 4923 833 4986 ἐτεσιν,
880 4921 1036 4975 ἅτινά
1071 4922 1208 4973 εἰσιν
1254 4919 1376 4991 ἄρτι
1418 4925 1521 4982 πεν,
1561 4915 1958 4990 προστιθέαμεν

397 5018 473 5071 κδ’
495 5037 508 5049 ·
540 5018 633 5070 καὶ
675 5016 911 5084 γίνονται
963 5012 1071 5084 ρθ’·
1102 5012 1274 5065 ταῦτα
1323 5010 1608 5081 ὑφείλομεν
1654 5007 1804 5078 παρὰ
1851 5005 1958 5059 τῶν

396 5118 522 5182 κη’,
574 5109 852 5177 λέγοντεςο
918 5104 1364 5167 Ὀκτωεικοσάκις
1423 5103 1492 5156 τά
1541 5108 1589 5170 γ’
1647 5099 1760 5154 τπδ’·
1829 5116 1959 5152 κατ-

397 5201 718 5272 ελείφθησαν
772 5201 930 5270 μέχρι
978 5197 1086 5250 τῶν
1135 5197 1210 5268 ρο’
1260 5195 1352 5247 καὶ
1411 5200 1516 5248 κε”
1551 5193 1625 5255 ὡς
1688 5187 1824 5245 εἶναι
1868 5191 1957 5243 τὸν

395 5295 741 5365 ἐνιστάμενον
768 5291 965 5346 κύκλον
997 5295 1095 5355 κε’,
1123 5290 1198 5352 ὡς
1227 5285 1642 5359 προδεδήλωται.

397 5514 596 5578 Ὅπως
624 5511 719 5585 δεῖ
757 5511 1060 5585 ερρίοξκεης
1103 5505 1388 5585 eadem?“
1408 5501 1601 5571 μηνὸς
1631 5499 1858 5585 ἡμέραν
1889 5499 1958 5552 ἐν·

569 5573 712 5649 itala
750 5573 869 5633 τῶν
901 5576 944 5638 ζ’
984 5578 1094 5647 τῆς
1134 5573 1456 5645 ἑϐδομάδος
1483 5573 1805 5642 τυγχάνει.-

463 5759 536 5812 Γ’.
578 5755 794 5811 Κείσθω
822 5772 902 5807 σοι
931 5753 987 5806 δὲ
1029 5754 1120 5806 καὶ
1147 5752 1302 5804 τοῦτο
1330 5751 1386 5802 ἐν
1426 5746 1641 5816 γνώσει,
1671 5745 1766 5807 ὡς,
1798 5744 1863 5814 ἢν
1891 5742 1957 5795 ἂν

392 5850 605 5924 ἡμέραν
641 5849 745 5904 τῶν
793 5846 884 5902 τοῦ
913 5847 1035 5901 ὅλου
1081 5843 1328 5900 ἐνιαυτοῦ
1385 5842 1449 5912 ιβ’
1497 5839 1680 5911 μηνῶν
1727 5837 1958 5907 ἐθελήσῃ

2060 4636 2169 4700 bet,
2205 4635 2301 4690 sed
2347 4649 2538 4689 eorum
2582 4635 2857 4705 plerisque
2908 4635 3002 4704 qui
3054 4635 3110 4688 in
3151 4651 3216 4690 ea
3265 4634 3620 4704 perfectiores

2061 4736 2207 4790 sunt,
2256 4727 2584 4796 iucundiora
2642 4727 2820 4781 solent
2861 4743 2984 4782 esse
3033 4743 3151 4796 quae
3201 4735 3330 4782 sunt
3363 4729 3616 4794 clariora,

2059 4821 2203 4892 quod
2237 4820 2457 4875 facili-us
2489 4820 2772 4889 capiantur
2806 4839 2818 4874 :
2859 4836 2959 4874 nos
3003 4819 3395 4889 expeditiorem
3427 4837 3622 4892 quam-

2058 4914 2181 4967 dam
2224 4913 2369 4966 viam
2410 4912 2501 4965 hic
2547 4911 2876 4981 aperiemus,
2914 4928 3034 4981 quae
3066 4919 3151 4966 est
3180 4913 3471 4981 ejusmodi.
3521 4913 3622 4966 Mi-

2057 5002 2178 5056 nori
2217 5016 2483 5056 annorum
2533 5016 2783 5066 numero,
2831 5002 2925 5070 qui
2973 5009 3056 5056 est
3101 5001 3189 5063 85,
3238 5000 3489 5057 addimus
3526 5004 3616 5068 24,

2059 5091 2192 5144 ﬁunt
2224 5090 2322 5144 109
2355 5110 2367 5144 :
2402 5091 2513 5146 hzcc
2542 5106 2637 5160 per
2656 5090 2726 5143 28
2758 5090 3076 5152 dividimus,
3110 5091 3295 5159 itaque
3322 5091 3621 5146 ratiocina—

2058 5199 2178 5237 mur
2235 5200 2246 5234 :
2293 5183 2460 5238 vicies
2519 5183 2689 5237 octies
2728 5184 2761 5236 '5
2812 5193 2939 5238 sunt
2989 5182 3076 5236 84.
3130 5183 3356 5237 Restant
3397 5183 3464 5236 ad
3516 5185 3620 5239 109

2059 5276 2433 5346 complendos,
2487 5277 2579 5341 25,
2625 5277 2717 5347 qui
2767 5285 2852 5331 est
2910 5278 3095 5346 cyclus
3134 5290 3376 5345 praesens
3421 5275 3514 5340 25,
3560 5285 3620 5330 ut

2054 5369 2166 5438 jam
2197 5367 2561 5422 ostendimus.

2059 5483 2222 5554 208
2250 5482 2368 5548 Qua
2406 5481 2611 5534 ratione
2649 5477 3124 5557 propositaguapis
3160 5476 3354 5557 prensis
3391 5473 3619 5557 alicuius

2129 5545 2660 5621 die,'cognoscatur
2714 5545 2871 5619 quam
2927 5545 2980 5600 in
3044 5545 3379 5599 hebdomadis
3433 5545 3623 5612 feriam

2132 5625 2387 5697 incyrrat.

2127 5737 2213 5790 Ill.
2249 5735 2476 5791 Noveris
2498 5747 2877 5804 quamcunque
2906 5733 3045 5786 diem
3079 5730 3136 5784 in
3164 5726 3453 5782 duodecim
3493 5727 3623 5780 anni

2061 5830 2340 5887 mensibus
2381 5836 2636 5884 accurate
2667 5828 2788 5898 quis
2823 5839 3155 5896 cognoscere
3183 5823 3333 5886 velit,
3378 5820 3433 5875 in
3462 5833 3626 5895 quam
