4124 6444
497 406 635 461 1519

1522 405 1611 459 ΔΙ)
1651 403 1919 461 EUSEBII
1961 404 2361 463 CIIRONICON
2407 405 2772 462 APPENDIX.

3612 406 3753 465 I320

495 521 853 578 hebdomadis
899 521 1090 578 feriam
1143 522 1368 584 incidat,
1413 524 1482 578 ad
1529 525 1633 578 hoc
1679 525 2066 580 extricandum

2167 543 2254 590 τις
2289 526 2533 598 ἀκριϐῶς
2577 526 2776 580 εἰδέναι
2815 527 2874 580 ὲν
2905 525 3036 597 ποίᾳ
3076 524 3188 580 τῶν
3239 526 3282 591 ζ’
3315 526 3414 597 τῆς
3459 527 3755 598 ἑϐδομάδος

495 614 760 668 utendum
795 614 872 668 illi
914 629 1038 670 esse
1083 616 1238 686 cyclo
1283 617 1438 678 solis,
1473 625 1527 670 et
1563 619 1998 688 congruentibus
2023 623 2074 675 ei

497 707 744 768 bisextis.
803 723 1012 763 necnon
1059 709 1265 778 epactis
1314 710 1603 764 mensium.
1652 711 1948 766 Sciendum
1990 722 2075 768 est

497 795 666 866 igitur
698 797 980 854 bisextiles
1013 800 1069 853 in
1113 815 1221 854 uno
1268 801 1422 869 cyclo
1470 803 1604 857 solis
1650 819 1773 858 esse
1819 812 2072 874 septem;

498 902 625 940 nam
663 897 854 958 quater
894 898 1117 959 septena
1149 889 1353 944 faciunt
1379 891 1470 944 28.
1505 891 1718 946 Etenim
1739 893 1817 947 'in
1843 909 1987 948 anno
2020 911 2076 948 IV

498 976 614 1030 dies
661 994 805 1033 unus
849 980 1126 1049 colligitur
1169 999 1182 1033 :
1219 996 1382 1050 porro
1418 982 1692 1036 mensium
1739 993 1966 1052 epactaa,
2026 984 2074 1040 si

499 1069 690 1125 diebus
736 1079 987 1126 constent
1037 1087 1186 1135 xxxi,
1243 1083 1371 1126 sunt
1419 1073 1500 1138 3;
1559 1073 1644 1128 sin
1707 1090 1812 1127 xxx
1861 1083 2074 1130 tantum

498 1162 753 1224 habeant,
784 1171 913 1216 sunt
933 1161 989 1214 2.
1018 1161 1296 1232 Incipiunt
1325 1172 1510 1220 autem
1553 1166 1620 1220 ab
1643 1163 1893 1232 Octobri,
1929 1167 2076 1222 unde

457 1263 552 1308 -et
607 1255 796 1324 cyclus
855 1256 988 1309 solis
1041 1257 1354 1311 inchoatur.
1405 1255 1576 1326 Igitur
1627 1269 1850 1328 epactas
1910 1260 2075 1314 habet

497 1345 735 1400 October
762 1347 814 1410 3,
847 1345 1154 1402 November
1183 1347 1239 1413 2,
1276 1347 1580 1402 December
1600 1349 1654 1413 5,
1687 1348 1981 1406 Januarius
2016 1353 2071 1414 5,

497 1436 729 1492 Martius
756 1438 810 1501 5,
843 1439 1044 1508 Aprilis
1074 1439 1130 1499 2,
1174 1439 1349 1495 Maius
1397 1440 1451 1504 5,
1497 1439 1694 1496 Junius
1724 1441 1780 1504 2,
1812 1440 1988 1497 Julius
2017 1443 2072 1508 5,

495 1529 778 1600 Augustus
824 1529 950 1584 item
999 1529 1054 1591 5,
1094 1528 1413 1600 September
1451 1531 1508 1584 2.
1551 1530 1839 1602 Proposita
1891 1535 2076 1604 itaque

500 1621 746 1692 qualibet
797 1621 1002 1675 mensis
1053 1621 1177 1684 die,
1234 1637 1395 1690 quam
1446 1622 1693 1677 invenire
1745 1623 1922 1694 placet
1971 1624 2068 1696 (sit

497 1719 678 1768 autem
706 1711 936 1781 exempli
961 1712 1134 1782 gratia
1155 1729 1280 1766 nix
1311 1712 1488 1766 Martii
1514 1713 1632 1770 dies
1653 1714 1818 1784 hujus
1843 1716 1994 1780 anni,
2017 1717 2074 1772 in

498 1817 662 1875 quam
686 1803 1130 1857 Christianorum
1154 1803 1561 1858 sanctissimum
1583 1803 1792 1859 Pascha
1822 1806 2068 1878 incidet),

497 1893 566 1948 ad
599 1893 744 1948 hunc
767 1893 985 1946 modum
1011 1893 1314 1947 invenietur
1337 1911 1351 1947 :

2175 617 2400 689 ἡμερῶν
2453 617 2730 687 τυγχάνει,
2784 616 2866 688 τῷ
2913 613 3009 670 τοῦ
3055 615 3206 686 ἡλίου
3260 615 3446 688 κύκλῳ
3500 618 3594 672 καὶ
3638 622 3756 683 τοῖς

2176 709 2460 780 ἑπομένοις
2496 709 2644 780 αὑτῷ
2682 709 2963 780 βισέξτοις,
2997 709 3078 763 ἔτι
3115 710 3172 763 δὲ
3211 709 3304 762 καὶ
3335 713 3454 774 ταῖς
3486 711 3756 774 ὲπακταῖς

2174 801 2284 854 τῶν
2321 801 2504 872 μηνῶν
2537 800 2670 872 πρὸς
2701 800 2802 872 τὴν
2831 800 3034 872 ταύτης
3081 800 3296 872 εὕρεσιν
3341 801 3623 873 χρήσεται.
3661 799 3756 854 Διὸ

2175 891 2466 962 γινώσκειν
2497 908 2556 944 σε
2589 891 2719 962 χρὴ,
2767 892 2842 956 ὼς
2889 891 3108 963 βίσεξτα
3141 893 3240 964 μὲν
3273 893 3314 924 ¹³
3344 893 3434 945 τὸν
3456 891 3546 946 τοῦ
3597 892 3753 962 ἡλίου

2175 986 2373 1040 κύκλον
2419 988 2554 1040 εἰσὶν
2587 987 2630 1051 ζ’
2651 1003 2666 1018 ·
2711 986 2964 1058 τετράκις
3009 985 3118 1058 γάρ
3162 985 3232 1038 τὰ
3264 985 3306 1050 ζ’
3335 992 3454 1055 κη’·
3486 985 3628 1039 κατά
3665 1001 3757 1037 τε·

2173 1074 2372 1147 τάρτου
2413 1074 2523 1146 γὰρ
2552 1075 2746 1146 χρόνου
2784 1077 3072 1144 συνάγεται
3103 1076 3192 1128 ἕν’
3235 1077 3290 1127 αί
3338 1074 3395 1126 δὲ
3429 1073 3536 1126 τῶν
3566 1074 3753 1144 μηνῶν

2175 1165 2410 1218 ἐπακταὶ
2447 1165 2556 1218 τῶν
2609 1165 2704 1236 μὲν
2741 1166 2971 1236 ἐχόντων
3023 1165 3127 1220 άνὰ
3175 1164 3254 1219 λα’
3284 1165 3496 1238 ἡμέρας
3543 1166 3650 1219 εἰσὶ
3677 1172 3751 1234 γ’,

2173 1258 2282 1312 τῶν
2327 1257 2383 1311 δὲ
2431 1257 2536 1312 ἀνά
2568 1256 2610 1312 λ’
2663 1255 2726 1328 β’.
2765 1261 3056 1330 Ἀρχονται
3093 1257 3224 1327 γοῦν
3257 1258 3366 1312 ἀπὸ
3406 1257 3500 1310 τοῦ
3546 1256 3751 1310 Ὀκτω-

2176 1348 2328 1420 ϐρίου
2371 1349 2558 1421 μηνὸς,
2588 1349 2681 1420 ἀφ’
2713 1345 2773 1404 οὗ
2817 1351 2910 1404 καὶ
2958 1351 2986 1402 6
3029 1347 3122 1403 τοῦ
3168 1349 3318 1420 ἡλίου
3353 1347 3550 1411 κύκλος
3588 1349 3754 1419 ἀρχε-

2172 1460 2284 1496 ται.
2313 1443 2422 1496 Καί
2453 1445 2559 1496 είσι
2595 1442 2690 1497 τοῦ
2734 1441 3064 1514 Ὀκτωϐρίου
3098 1448 3169 1512 γ’,
3200 1441 3292 1495 τοῦ
3343 1439 3649 1512 Νοεμϐρίω
3681 1441 3748 1511 β’,

2173 1535 2267 1588 τοῦ
2297 1535 2632 1606 Δεκεμϐρίου
2661 1543 2730 1606 γ’,
2760 1533 2853 1588 τοῦ
2899 1535 3226 1608 Ἰανουαρίου
3256 1541 3326 1604 γ’,
3362 1532 3456 1587 τοῦ
3502 1533 3749 1605 Μαρτίου

2174 1632 2247 1695 ’Υό
2274 1625 2368 1680 τοῦ
2415 1627 2690 1700 Ἀπριλίου
2723 1625 2789 1699 β’,
2817 1625 2910 1681 τοῦ
2955 1629 3132 1683 Μαΐου
3167 1634 3234 1697 γ’,
3269 1625 3362 1680 τοῦ
3419 1626 3632 1680 Ἰουνίου
3678 1625 3748 1694 β’,

2173 1717 2267 1772 τοῦ
2312 1717 2534 1772 Ἰουλίου
2569 1725 2640 1787 γ’,
2671 1718 2765 1772 καὶ
2793 1717 2902 1770 τοῦ
2932 1717 3240 1786 Αὐγούστου
3277 1723 3349 1785 γ’,
3385 1717 3480 1770 καὶ
3515 1717 3606 1770 τοῦ
3655 1717 3752 1770 Σε-

2173 1809 2474 1882 πτεμϐρίου
2493 1807 2558 1879 β’.
2576 1810 2640 1863 Et
2667 1807 2760 1864 οὖν
2797 1809 2972 1880 βούλει
2997 1809 3384 1881 όποιανδήποτε
3417 1808 3586 1881 μηνὸς
3611 1809 3752 1880 ἡμέε-

2105 1887 2152 1948 Β
2179 1918 2280 1972 ραν
2308 1901 2488 1972 εὑρεῖν
2541 1901 2762 1971 (κείσθω
2805 1900 2863 1954 δὲ
2909 1899 3068 1972 χάριν
3096 1900 3489 1971 ὑποδείγματος
3526 1901 3559 1971 ἡ
3606 1899 3750 1954 κατά

471 1990 558 2043 ’τὸ
599 1988 950 2060 ἐνιστάμενον
984 1987 1079 2042 νῦν
1108 1987 1228 2053 ἔτος
1267 1987 1350 2043 κθ’
1381 1988 1474 2044 τοῦ
1513 1991 1761 2063 Μαρτίου
1793 1992 1980 2064 μηνὸς,
2013 1996 2072 2050 ὲν
2109 1989 2263 2070 ᾖκαὶ
2290 1997 2351 2051 τὸ
2389 1997 2542 2068 ἅγιον
2584 1997 2740 2069 ἡμῶν
2790 1996 2897 2051 τῶν
2941 1995 3278 2069 Χριστιανῶν
3319 1995 3510 2066 Πάσχα
3561 1994 3747 2068 ἔσται)

497 2082 850 2158 εὑρεθήσεται
881 2081 1073 2146 οὕτως·

563 2174 730 2231 Sume
760 2174 1028 2229 labentem
1055 2173 1191 2230 solis
1217 2175 1454 2246 cyclum,
1494 2177 1586 2247 qui
1613 2185 1699 2233 est
1716 2179 1810 2244 25,
1845 2195 2074 2250 ejusque

496 2267 782 2325 bisextiles
811 2265 844 2320 6
873 2285 888 2334 ;
919 2281 1047 2320 nam
1074 2276 1268 2336 quater
1309 2282 1406 2322 sex
1435 2267 1678 2323 ediciuut
1703 2270 1795 2325 24.
1833 2269 2072 2327 Summa:

497 2359 744 2416 omnium
793 2359 855 2414 5|
912 2357 1054 2414 adde
1099 2357 1368 2413 mensium
1408 2368 1652 2429 epactas,
1689 2377 1884 2433 nempe
1911 2360 2078 2418 Octo-

496 2450 634 2513 bris,
675 2449 1020 2517 Novembris,
1051 2448 1364 2505 Decembris
1407 2457 1459 2504 et
1488 2449 1740 2506 Januarii
1771 2471 1786 2520 ;
1821 2452 1940 2509 dies
1968 2471 2074 2509 un-

498 2543 699 2604 decim,
743 2540 880 2596 ﬁunt
911 2540 1005 2595 42.
1067 2540 1316 2610 Adjunge
1364 2539 1545 2595 Martii
1587 2543 1659 2598 29
1727 2544 1864 2612 dies,
1917 2546 2079 2616 cujus

499 2633 690 2690 feriam
715 2632 966 2703 inquiris,
997 2632 1293 2688 coniiciunt
1329 2631 1415 2697 71,
1447 2647 1567 2704 quas
1589 2649 1686 2703 per
1724 2635 1756 2688 7
1783 2635 2078 2690 hebdoma-

497 2730 587 2786 dis
633 2729 836 2800 partire
875 2728 992 2784 dies
1033 2729 1088 2782 in
1141 2729 1286 2783 hunc
1332 2730 1554 2784 modum
1593 2744 1607 2780 :
1643 2728 1832 2784 Decies
1877 2728 1909 2782 7
1949 2735 2078 2784 sunt

498 2819 610 2891 70;
645 2827 816 2877 restat
845 2818 897 2882 Ι,
921 2834 1041 2890 quae
1063 2826 1148 2874 est
1179 2818 1542 2874 hebdomadis
1575 2818 1750 2888 prima
1782 2817 1935 2882 feria,
1964 2818 2079 2872 sive

497 2913 820 2976 Dominica,
866 2913 920 2966 in
963 2926 1127 2981 quam
1182 2909 1359 2965 Martii
1405 2909 1497 2973 29,
1547 2925 1711 2980 quam
1757 2912 2074 2981 quaerimus,

497 3004 715 3061 incidit.
745 3003 905 3070 Quod
941 3003 986 3057 si
1019 3003 1075 3056 in
1130 3001 1235 3056 alia
1279 3002 1580 3071 quaestione
1619 3001 2066 3071 collectioneque,

499 3104 626 3170 post
675 3097 1003 3153 divisionem
1035 3109 1132 3167 per
1161 3095 1216 3160 7,
1245 3093 1374 3158 duo,
1404 3103 1586 3150 tresve
1629 3095 1766 3156 dies,
1800 3101 1894 3147 aut
1935 3109 2068 3162 qua-

2245 2182 2392 2238 Λάϐε
2445 2200 2534 2254 μοι
2583 2183 2675 2238 τὸν
2705 2183 3050 2254 ἐνιστάμενον
3100 2181 3298 2236 κύκλον
3344 2179 3437 2235 τοῦ
3475 2180 3628 2252 ἡλίου
3668 2180 3748 2236 κε’

2177 2272 2532 2343 τυγχάνοντα,
2562 2272 2656 2326 καὶ
2687 2271 2755 2326 τά
2798 2271 2986 2325 τούτου
3018 2270 3272 2342 τέταρτα,
3305 2269 3471 2340 ἡγουν
3505 2267 3744 2338 βίσεξτα,

2179 2364 2337 2418 άτινά
2369 2365 2508 2418 εἰσιν
2539 2371 2611 2430 ς’.
2657 2364 2923 2436 Τετράκις
2957 2361 3066 2434 γὰρ
3107 2359 3160 2428 ς’
3190 2357 3266 2414 κδ’
3274 2403 3287 2416 .
3333 2358 3556 2424 Τούτοις
3583 2359 3746 2429 γεγό-

2179 2473 2333 2510 νασιν
2356 2459 2400 2489 ¹²
2430 2456 2512 2510 λα’
2544 2455 2777 2528 πρόσθες
2809 2455 2908 2518 τὰς
2934 2454 3043 2506 τῶν
3069 2452 3252 2525 μηνῶν
3285 2450 3549 2515 ὲπακτάς,
3580 2451 3748 2522 ἡγουν

2175 2545 2270 2601 τοῦ
2328 2546 2676 2618 Ὀκτωϐρίου,
2725 2543 3054 2616 Νοεμϐρίου,
3103 2542 3437 2615 Δεκεμϐρίου
3483 2541 3580 2596 καὶ
3644 2542 3748 2596 Ἷαε

2175 2638 2427 2710 νουαρίου
2469 2638 2679 2709 ἡμέρας
2720 2644 2786 2690 ια’
2809 2655 2826 2671 ο
2859 2636 2966 2690 ἰδοὺ
3011 2637 3117 2708 μβν.
3151 2634 3386 2698 Ταύταις
3428 2632 3746 2700 ἐπισύναξον

2177 2730 2272 2783 καὶ
2306 2728 2404 2792 τὰς
2431 2727 2525 2781 τοῦ
2562 2728 2806 2798 Μαρτίου
2841 2727 2922 2780 κθ¹
2943 2744 2955 2754 ·
2992 2725 3176 2797 ἐπειδὴ
3215 2724 3313 2796 τήν
3343 2723 3425 2778 κθ¹
3453 2721 3616 2778 αὑτοῦ
3645 2722 3744 2798 ζη-

2175 2823 2288 2883 τεῖς
2333 2819 2523 2891 μαθεῖν
2551 2822 2610 2874 ὲν
2645 2821 2774 2891 ποίᾳ
2799 2819 2900 2890 τῆς
2925 2817 3212 2890 ἑϐδομάδος
3239 2819 3422 2891 ἡμέρᾳ
3447 2820 3700 2890 τυγχάνει
3726 2833 3741 2847 ⁸

2177 2912 2272 2965 καὶ
2307 2910 2414 2964 ίδοὺ
2460 2911 2748 2980 γεγόνασιν
2791 2917 2890 2964 οα’.
2937 2909 3153 2973 Ταύτας
3185 2908 3401 2980 ὑφειλον
3432 2909 3524 2962 ἐπὶ
3550 2909 3658 2962 τῶν
3698 2907 3732 2972 ζ

2173 3003 2271 3073 τῆς
2325 3002 2616 3074 ἑϐδομάδος
2661 3001 2910 3075 ἡμερῶν,
2951 3001 3149 3056 εἰπών·
3199 3002 3433 3066 Δεκάκις
3477 3001 3543 3056 τὰ
3578 3001 3622 3065 ζ’
3666 3009 3742 3056 0"

2175 3095 2502 3166 κατελείφθη
2533 3095 2625 3148 καὶ
2664 3094 2780 3166 μία,
2807 3095 2930 3166 ἡτις
2966 3094 3082 3147 ἐστὶ
3111 3093 3300 3166 πρώτη
3327 3095 3424 3165 τῆς
3453 3094 3745 3166 ἑϐδομάδος

497 3199 624 3245 ιιιοι·
657 3189 855 3259 reliqui
901 3188 1032 3250 sint,
1071 3201 1134 3240 ac
1166 3185 1420 3256 deinceps
1463 3202 1636 3258 usque
1672 3186 1739 3240 ad
1769 3186 1820 3248 7,
1849 3187 2068 3241 contin-

2174 3187 2358 3266 ἡμέρα
2406 3189 2440 3258 ἡ
2466 3187 2720 3258 Κυριακὴ
2766 3187 2800 3257 ἡ
2848 3185 3154 3258 ζητουμένη
3193 3179 3326 3239 οὖσα
3359 3183 3452 3238 τοῦ
3497 3185 3743 3255 Μαρτίου

498 3288 626 3352 gent
649 3282 909 3336 nimirum
935 3287 1143 3336 caetera
1174 3278 1530 3335 hebdomadis
1559 3294 1626 3334 ex
1657 3280 1850 3334 ordine
1897 3278 2065 3334 ferias.

498 3371 615 3430 Hoc
657 3373 702 3429 si
760 3373 816 3428 in
862 3372 1145 3428 mensibus
1196 3371 1456 3427 omnibus
1518 3370 1742 3434 feceris,
1800 3379 1912 3425 tam
1972 3373 2068 3442 qui

498 3464 754 3520 Martium
802 3465 1154 3526 antecedunt,
1204 3479 1369 3534 quam
1403 3464 1498 3534 qui
1551 3472 1894 3534 sequuntur;
1943 3479 2066 3520 cer-

497 3557 710 3613 tissime
751 3571 844 3611 'ac
913 3557 1033 3612 sine
1087 3571 1274 3611 errore
1339 3556 1645 3627 comperies
1693 3555 2070 3628 cujuscunque

497 3649 725 3705 libuerit
765 3649 874 3706 diei
928 3649 1118 3704 feriam
1166 3649 1221 3703 in
1263 3648 1533 3704 duodenis
1585 3649 1714 3702 anni
1763 3647 2065 3703 mensibus.

497 3741 672 3798 Porro
713 3739 1046 3797 Februarius
1087 3741 1224 3795 nihil
1267 3754 1499 3811 prorsus
1554 3740 1610 3795 in
1663 3747 2069 3796 menstruarum

496 3843 812 3907 epactarum
840 3833 1128 3889 ratiocinia
1165 3831 1398 3886 confert.
1431 3830 1529 3887 Est
1555 3832 1701 3886 enim
1729 3830 2066 3897 deminutus,

498 3941 566 3983 ac
592 3927 785 3982 diebus
819 3933 1027 3981 tantum
1061 3929 1276 3979 constat
1304 3930 1430 3978 octo
1459 3930 1514 3978 et
1542 3923 1753 3996 viginti.
1785 3921 1852 3977 Et
1877 3938 2070 3994 quam-

498 4017 584 4073 vis
627 4016 685 4071 in
731 4030 877 4070 anno
927 4013 1168 4070 bisextili
1217 4029 1350 4068 xxxx
1410 4013 1629 4077 habeat,
1693 4027 1802 4068 uno
1859 4013 2070 4068 scilicet

498 4109 686 4164 addito
726 4108 858 4175 die;
918 4106 1010 4161 hic
1054 4105 1307 4162 videlicet
1367 4105 1457 4161 ille
1502 4105 1621 4161 dies
1656 4112 1762 4168 εει,
1805 4105 1897 4174 qui
1945 4111 2070 4175 post

499 4216 676 4256 annos
704 4216 758 4254 Iv
793 4200 848 4254 in
877 4201 1033 4271 cyclo
1063 4199 1197 4254 solis
1235 4197 1446 4253 accedit
1476 4212 1620 4252 anno
1645 4197 1907 4252 bisextili.
1939 4197 2068 4252 Ideo

497 4295 584 4350 bis
617 4293 894 4348 numerari
932 4307 1040 4346 non
1067 4291 1249 4347 debet.
1275 4289 1586 4356 Quinetiam
1619 4289 1675 4342 in
1704 4288 2067 4359 computanda

497 4385 630 4440 feria
676 4399 787 4438 non
836 4391 964 4439 ante
1009 4382 1258 4454 procedit
1299 4383 1354 4436 in
1407 4395 1700 4445 summam,
1745 4395 1909 4450 quam
1961 4379 2066 4436 Fe-

494 4475 752 4531 bruarius
803 4473 1050 4539 desierit,
1091 4472 1195 4529 hoc
1233 4479 1318 4528 est
1347 4471 1415 4527 ab
1457 4472 1682 4528 ineunte
1730 4469 1953 4535 Martio,
2003 4485 2068 4526 ac

493 4569 772 4639 deinceps.

2172 3280 2274 3334 κθ’.
2307 3280 2370 3333 Ei
2399 3279 2456 3333 δὲ
2503 3277 2683 3350 συμϐῇ
2723 3278 2782 3332 ὲν
2819 3277 2950 3350 ἄλλῃ
2977 3276 3203 3350 τοιαύτῃ
3239 3277 3462 3348 ζητήσει
3497 3277 3592 3330 καὶ
3620 3279 3746 3330 ὲπι-

2171 3373 2459 3442 συναγωγῇ
2505 3369 2643 3442 μετά
2676 3370 2766 3424 τὸν
2807 3367 2850 3435 ζ’
2880 3368 3140 3439 ὑφειλμδν
3173 3367 3593 3440 καταλειφθῆναι
3625 3368 3741 3433 δύο,

2165 3463 2202 3536 ἡ
2229 3463 2377 3537 τρία,
2407 3464 2441 3536 ἢ
2473 3464 2539 3529 δ’,
2580 3463 2676 3518 καὶ
2717 3461 2952 3534 καθεξῆς
2982 3462 3144 3534 μέχρι
3171 3462 3280 3516 τῶν
3313 3462 3379 3526 ζ’,
3411 3461 3621 3515 ἔσονται
3648 3460 3745 3532 δη-

2167 3555 2338 3610 λονότι
2389 3556 2530 3610 κατά
2567 3554 2721 3620 τάξιν
2749 3557 2803 3609 αί
2831 3555 3015 3609 λοιπαὶ
3045 3555 3144 3624 τῆς
3184 3553 3476 3626 ἑϐδομάδος
3512 3553 3738 3626 ἡμέραι.

2167 3647 2272 3702 Τὸν
2297 3647 2480 3718 ὅμοιον
2523 3643 2616 3702 οὖν
2659 3647 2826 3701 ποιῶν
2851 3647 3053 3719 τρόπον
3085 3647 3181 3700 καὶ
3220 3648 3300 3710 είς
3337 3647 3465 3710 τοὺς
3493 3645 3600 3718 πρὸ
3642 3645 3742 3700 τοῦ

2166 3739 2414 3812 Μαρτίου
2457 3739 2652 3812 μῆνας,
2701 3740 2794 3794 καὶ
2836 3741 2918 3804 είς
2961 3740 3089 3804 τοὺς
3132 3741 3249 3811 μετ’
3282 3739 3444 3794 αὑτὸν
3471 3739 3739 3804 ἅπαντας,

2168 3830 2424 3902 ἀσφαλῶς
2451 3831 2545 3884 καὶ
2572 3828 2882 3894 ἀπταίστως
2923 3830 3177 3902 εὑρήσεις
3202 3829 3270 3900 ἡν
3307 3829 3374 3883 ἀν
3403 3829 3741 3902 ὲπιξητήσγις

2168 3924 2378 3996 ἡμέραν
2427 3921 2537 3976 τῶν
2582 3920 2677 3975 τοῦ
2727 3921 2848 3975 ὅλου
2886 3919 3131 3976 ἐνιαυτοῦ
3181 3919 3386 3992 μηνῶν.
3449 3921 3509 3974 ὀ
3553 3919 3740 3991 μέντοι

2165 4013 2526 4088 Φεϐρουάριος
2551 4013 2612 4067 οὑ
2643 4013 2984 4085 συνεισφέρει
3008 4029 3060 4066 τι
3093 4012 3229 4077 δλως
3253 4014 3311 4066 ὲν
3353 4015 3474 4076 ταῖς
3514 4012 3742 4083 εἰρημέ-

2167 4110 2284 4171 ναῖς
2311 4107 2577 4170 ἐπακταῖς
2605 4105 2713 4160 τῶν
2747 4106 2953 4178 μηνῶν.
2989 4103 3397 4176 Ἦλαττωμένος
3429 4105 3539 4176 γάρ
3566 4106 3737 4172 ἐστιν,

2168 4205 2254 4272 κη’
2286 4200 2382 4254 καὶ
2412 4199 2576 4270 μόνας
2601 4199 2812 4272 ἡμέρας
2836 4181 3000 4270 ἔχων(
3033 4197 3098 4252 Ei
3125 4196 3182 4252 δὲ
3201 4198 3294 4252 καὶ
3317 4195 3560 4269 βισέξτου
3585 4197 3741 4262 ὄντος

2168 4289 2250 4344 κθ¹
2295 4290 2726 4362 προστιθεμένης
2771 4291 2919 4363 αὑτῷ
2970 4292 3096 4362 μιᾶς
3131 4289 3376 4362 ἡμέρας·
3435 4289 3550 4343 ἀλλ’
3596 4287 3738 4361 αὕτη

2167 4381 2314 4434 ἐστὶν
2349 4383 2382 4453 ἡ
2411 4381 2552 4435 κατὰ
2582 4380 2624 4434 δ’
2661 4380 2886 4452 χρόνους
2916 4380 3310 4453 προστιθεμένη
3346 4381 3403 4433 ὲν
3447 4379 3524 4451 τῷ
3553 4378 3741 4448 κύκλῳ

2168 4472 2260 4528 τοῦ
2293 4473 2468 4545 ἡλίου,
2507 4471 2746 4544 βισέξτου
2795 4473 2979 4537 δντος⁶
3019 4475 3114 4528 κα)⁸
3150 4473 3238 4526 διά
3269 4471 3425 4526 τοῦτο
3452 4472 3550 4525 οὑκ
3595 4471 3741 4524 ἑνδέ-

2170 4581 2321 4635 χεται
2369 4564 2747 4634 δισσευθῆναι·
2779 4565 2899 4636 ἥτις
2927 4566 3046 4618 οὑδὲ
3091 4565 3291 4635 ὀφείλει
3328 4564 3640 4634 εἰσάγεσθαι
3680 4567 3740 4617 ὲν

492 4663 574 4736 τῷ
607 4665 651 4696 ¹³
683 4662 867 4734 πούτῳ
901 4659 1326 4733 ἡμεροευρεσίῳ,
1360 4659 1666 4731 ἀρξαμένου
1694 4657 1788 4713 τοῦ
1814 4657 2055 4729 βισέξτου
2089 4660 2304 4732 χρόνου,
2374 4663 2441 4733 ἢν
2487 4661 2564 4734 μὴ
2602 4659 2844 4734 παρέλθῃ
2887 4663 2916 4715 6
2964 4661 3323 4736 Φεϐρουάριος
3343 4700 3358 4726 ,
3411 4661 3577 4732 ἡγουν
3639 4657 3738 4713 ἀπ’

491 4760 668 4833 ἀρχῆς
703 4758 796 4813 τοῦ
827 4758 1074 4831 Μαρτίου
1107 4757 1202 4810 καὶ
1228 4756 1554 4828 ἔμπροσθεν.

706 4877 778 4932 Dc
811 4879 1013 4931 ratione
1047 4877 1182 4948 cgcli
1219 4875 1420 4930 lunaris
1451 4875 1825 4947 investigandi.

557 4988 649 5045 IV.
713 4989 912 5062 Cyclus
961 4990 1164 5046 lunaaa
1208 4987 1464 5044 Kalendis
1517 4987 1794 5044 Januariis
1842 4985 2058 5057 incipit,

491 5091 654 5152 atque
697 5081 767 5136 ad
816 5096 988 5137 annos
1033 5097 1125 5135 xu
1175 5079 1476 5150 pcrductus
1516 5094 1720 5133 novum
1780 5077 1928 5147 capit
1966 5092 2063 5131 ex-

487 5175 726 5230 ordium.
760 5171 916 5226 Hunc
936 5187 1067 5245 ergo
1083 5173 1323 5242 reperire
1342 5171 1390 5224 si
1413 5171 1518 5234 vis,
1544 5185 1813 5226 annorum
1842 5169 1910 5222 ab
1931 5167 2064 5221 orbe

489 5265 709 5321 condito
749 5279 1018 5320 summam
1067 5263 1273 5335 partire
1323 5279 1420 5334 per
1460 5276 1752 5318 numerum
1793 5259 1932 5330 cycli
1978 5259 2064 5313 lu-

488 5359 660 5423 naris,
701 5357 755 5411 id
805 5364 891 5412 est
939 5373 1054 5424 nx,
1096 5357 1387 5425 reliquum,
1425 5353 1572 5426 quod
1625 5361 1710 5410 εει
1751 5352 1895 5408 infra
1937 5367 2055 5416 xu,

487 5457 582 5502 aut
616 5465 706 5503 XIX
737 5446 862 5517 ipsi,
891 5454 1076 5520 cyclus
1115 5455 1201 5504 est
1230 5448 1407 5503 iniens
1433 5447 1594 5501 lunae.
1634 5446 1924 5512 Qumratur
1953 5444 2060 5498 hoc

487 5555 628 5594 anno
653 5540 954 5595 68851υηιε
977 5541 1182 5612 cyclus,
1211 5540 1316 5595 hoc
1354 5539 1515 5595 modo
1552 5537 2004 5593 ratiocinabimur
2035 5553 2048 5589 :

485 5621 683 5679 Novies
728 5641 793 5680 ac
833 5626 1016 5684 decies
1053 5627 1416 5698 multiplicata
1467 5626 1572 5681 500
1627 5625 1836 5681 faciunt
1885 5622 2047 5679 5700.

2093 4879 2138 4934 1)
2167 4869 2499 4954 "Ossan-ﬁsi
2535 4870 2840 4938 εὑρίσκειν
2878 4869 2989 4922 τὸν
3033 4869 3263 4923 κύκλον
3301 4867 3410 4936 τῆς
3440 4866 3734 4937 σελήνης.

2231 4988 2304 5038 Δ’.
2356 4985 2415 5037 '0
2447 4983 2546 5052 τῆς
2582 4982 2809 5053 σελήνης
2847 4981 3044 5046 κύκλος
3071 4982 3295 5052 ἄρχεται
3335 4981 3434 5052 μὲν
3481 4981 3591 5035 ἀπὸ
3635 4983 3736 5054 τῆς

2163 5076 2387 5150 πρώτης
2415 5074 2506 5129 τοῦ
2547 5075 2872 5146 Ἰανουαρίου
2921 5074 3108 5145 μηνὸς,
3149 5074 3434 5145 ἀνέρχεται
3479 5073 3535 5128 δὲ
3571 5074 3736 5146 μέχρι

2162 5169 2369 5240 χρόνων
2397 5167 2485 5230 ιθ¹,
2534 5167 2628 5220 καί⁵
2663 5166 2824 5220 πάλιν
2851 5166 3114 5237 λαμϐάνει
3152 5167 3348 5237 ἀρχήν.
3385 5167 3448 5220 Εἰ
3485 5162 3580 5220 οὖν
3609 5165 3736 5236 βού-

2163 5259 2244 5312 λει
2291 5258 2384 5312 καὶ
2425 5258 2611 5312 τοῦτον
2658 5260 2856 5331 εὑρεῖν,
2906 5256 3124 5326 ὑφειλον
3173 5258 3327 5330 παρά
3373 5259 3465 5312 τὸν
3498 5258 3736 5328 ἀριθμὸν

2163 5348 2325 5403 αὑτοῦ
2359 5349 2558 5403 κύκλου
2580 5350 2767 5420 αὐτῆς,
2798 5351 2961 5421 ἤγουν
2993 5349 3101 5404 τῶν
3136 5349 3222 5412 ιθ’,
3257 5349 3326 5402 τὰ
3371 5349 3478 5403 ἀπὸ
3501 5349 3734 5413 κτίσεως

2163 5441 2367 5512 κόσμου
2401 5441 2497 5514 ἔτη
2519 5458 2532 5472 '
2562 5443 2656 5496 καὶ
2693 5441 2764 5494 τὰ
2797 5441 3220 5510 καταλειφθέντα
3249 5441 3319 5494 τὰ
3345 5439 3586 5494 κάτωθεν
3618 5440 3731 5492 τῶν

2161 5533 2248 5594 ιθ’,
2281 5533 2313 5604 ἢ
2348 5535 2441 5588 καὶ
2473 5534 2665 5605 μέχρις
2695 5533 2893 5598 αὐτῶν,
2923 5533 3156 5604 ὑπάρχει
3185 5534 3215 5587 6
3251 5532 3600 5603 ἐνιστάμενος
3631 5532 3732 5584 κύ-

2158 5623 2285 5689 κλος
2318 5625 2418 5697 τῆς
2465 5625 2714 5698 σελήνης.
2750 5626 2929 5680 Ἔστω
2973 5625 3037 5698 δὴ
3069 5624 3248 5698 ζητεῖν
3302 5627 3448 5697 ἡμᾶς
3491 5623 3636 5680 κατὰ
3666 5623 3732 5676 τὸ

560 5774 604 5806 ¹¹
636 5773 788 5829 Deest
817 5777 976 5833 κατά.
1052 5780 1095 5813 ι’
1127 5779 1254 5835 Cor.
1283 5779 1586 5848 γεγονόσιν.
1659 5780 1703 5812 ¹³
1729 5779 1810 5834 An
1841 5794 1936 5847 pro
1969 5777 2283 5850 κομπούτῳ.
