4124 6442
408 401 538 463 1321

1601 390 1817 458 iss-scr
1859 398 2163 459 nomen!
2200 392 2591 463 donemus.-

3498 377 3637 472 ιιιξί

409 525 581 594 παρὸν
609 529 794 595 ,ςωπεν
827 521 942 586 ἔτος
986 515 1076 574 τὸν
1108 515 1305 577 κύκλον
1339 523 1506 592 αὐτῆς
1526 539 1538 551 ο
1587 524 1680 576 καὶ
1711 524 1940 594 λέγομεν
1960 541 1973 554 ·

2084 527 2210 582 ltem
2244 527 2492 596 sexagies
2521 524 2892 580 noVemdecim
2939 525 3071 580 dant
3103 523 3272 595 114ος
3298 528 3388 583 bis
3410 544 3637 586 novem.

423 615 918 676 Ἐννεακαιδεκάκις
948 613 1016 666 τὰ
1052 620 1096 667 τ’
1129 613 1223 682 ,ειν
1244 630 1257 644 ·
1311 613 1776 677 ὲννεοικαιδεκάκις
1816 614 1886 667 τὰ
1929 615 1970 680 ξ’

411 709 580 772 ,αρμη
620 703 712 754 καὶ
739 701 1209 764 ὲννεακαιδεκάκις
1239 699 1308 754 τὰ
1338 700 1379 770 β’
1408 701 1486 771 λη’
1507 718 1520 731 ·
1560 703 1815 772 γινόμενα
1839 703 1970 772 ὁμοῦ

410 799 610 864 ιςωοηκ
653 791 1095 861 Κατελείφθησαν
1127 792 1285 862 μέχρι
1322 791 1430 844 τῶν
1460 798 1542 844 πε’
1571 793 1666 844 καὶ
1699 793 1740 856 ζ’
1768 809 1781 822 ·
1819 791 1976 846 ἅτινά

411 883 544 933 εἰσιν
567 883 910 952 ἐνιστάμενος
934 882 1033 950 τῆς
1067 879 1294 952 σελήνης
1313 879 1508 943 κύκλος
1537 880 1581 945 ζ’
1609 880 1703 935 ὢν.
1744 882 1853 934 Καὶ
1887 881 1976 935 διὰ

410 973 508 1042 τῆς
561 972 724 1043 ἄλλης
779 972 1000 1043 μεθόδου
1052 973 1306 1043 εὑρήσεις
1353 971 1540 1024 τοῦτον
1595 972 1971 1044 ἁπονωτέρως.

413 1065 537 1127 Τοῖς
601 1064 908 1136 εἰρημένοις
958 1063 1157 1132 ὀλίγοις
1209 1063 1417 1127 ἐτεσιν,
1472 1061 1637 1132 ἤγουν
1696 1066 1806 1127 τοῖς
1867 1071 1972 1128 πε’,

413 1152 648 1226 πρόσθες
675 1155 768 1206 καὶ
798 1151 882 1218 ιζ’,
918 1153 1011 1205 καὶ
1039 1152 1274 1220 γίνονται
1307 1151 1408 1222 ρ6’.
1448 1149 1630 1203 Ταῦτα
1698 1155 1746 1204 εί
1810 1153 2048 1222 ὑφείλεις

413 1244 540 1313 γοῦν
573 1245 668 1299 καὶ
698 1244 869 1307 οὕτως
897 1243 942 1308 ζ’
969 1244 1269 1314 τυγχάνων.

497 1335 816 1406 Ἀπορήσειε
845 1335 889 1389 δ’
906 1337 970 1390 ἄν
984 1353 1068 1398 τις
1082 1336 1190 1388 τῶν
1217 1333 1352 1405 μετά
1377 1333 1618 1404 σκέψεως
1641 1338 1760 1399 ταῖς
1777 1336 1980 1409 παρού-

415 1443 535 1489 σαις
555 1423 792 1496 μεθόδοις
818 1426 1268 1496 ἐντυγχανόντων,
1283 1426 1398 1490 πῶς
1417 1428 1474 1479 ἐν
1488 1429 1552 1496 τῇ
1564 1427 1795 1498 δευτέρᾳ
1809 1428 1980 1500 ταύτῃ

417 1517 624 1590 μεθόδῳ
648 1517 1007 1589 προστίθεμεν
1036 1519 1093 1570 έν
1117 1517 1214 1588 μὲν
1246 1517 1325 1588 τῷ
1346 1517 1443 1587 τῆς
1467 1518 1692 1570 ίνδίκτου
1718 1518 1900 1590 κύκλῳ
1915 1525 1976 1585 ε’,

415 1611 475 1661 ὲν
512 1608 568 1661 δὲ
607 1607 684 1679 τῷ
711 1607 804 1660 τοῦ
833 1608 982 1678 ἡλίου
1026 1607 1127 1670 κδ’,
1159 1607 1252 1660 καὶ
1280 1608 1338 1658 ὲν
1367 1607 1444 1676 τῷ
1475 1608 1573 1678 τῆς
1601 1606 1828 1678 σελήνης
1856 1607 1936 1673 κζ’
1960 1627 1974 1640 -

414 1699 509 1752 καὶ
533 1701 581 1751 εί
608 1697 842 1767 ἀσφαλές
865 1700 1012 1753 ἐστιν
1045 1700 1132 1752 ἀεὶ
1160 1697 1534 1771 προσχρῆσθαι
1561 1701 1681 1762 ταῖς
1705 1699 1978 1764 τοιαύταις

414 1789 769 1863 προσθήκαις.
801 1791 944 1863 Πρὸς
975 1789 1068 1854 οὒς
1094 1789 1343 1861 ἐροῦμεν,
1373 1791 1449 1853 ὡς
1484 1791 1583 1844 οὑκ
1607 1791 1693 1844 ἀεὶ
1720 1784 1878 1845 αὗται
1914 1791 1980 1844 τὸ

2080 620 2277 683 decim,
2309 620 2399 673 38.
2437 617 2778 687 Colliguntur
2812 619 2940 671 anni
2966 618 3128 674 6878.
3165 620 3365 676 Desunt
3391 623 3457 675 ad
3487 637 3637 677 com-'-

2081 709 2308 779 plendos
2339 709 2428 772 85,
2473 707 2602 761 anni
2643 708 2692 774 7,
2737 708 2830 778 qui
2873 717 2958 764 est
2985 713 3269 778 praesentis
3317 713 3446 766 anni
3481 713 3640 766 luna-

2080 801 2157 856 ris
2203 801 2411 872 cyclus.
2463 798 2618 856 Licet
2663 800 2767 854 hoc
2803 809 2858 856 et
2900 803 3006 856 alia
3045 804 3299 858 niethodo
3341 805 3639 875 periclitari

2080 891 2287 960 majore
2326 892 2668 960 compendio.
2712 891 2992 947 Annorum
3026 893 3221 948 minori
3256 911 3504 960 numero,
3537 895 3643 952 hoc

2080 989 2166 1036 est
2215 982 2304 1045 85,
2350 981 2527 1051 adjice
2561 982 2650 1046 17,
2695 983 2833 1036 ﬁunt
2871 981 2995 1037 102.
3038 982 3113 1038 Ea
3143 987 3187 1040 si
3230 997 3326 1056 per
3353 985 3421 1040 l9
3451 987 3642 1042 distri-

2080 1071 2236 1136 buas,
2269 1072 2646 1142 relinquentur
2672 1071 2723 1138 7,
2753 1073 2938 1130 itidem
2978 1084 3039 1130 ut
3067 1076 3121 1129 in
3157 1076 3338 1146 priore
3362 1078 3638 1132 methodo.

2083 1161 2235 1233 παρὰ
2275 1162 2367 1216 τὸν
2423 1163 2508 1228 ιθ’,
2554 1162 3076 1235 καταλειφθήσονται
3129 1165 3194 1230 ζ’.
3266 1167 3642 1237 ’Δναφαίνεται

2170 1337 2446 1396 Dubitabit
2487 1341 2717 1398 forsitan
2757 1344 2954 1415 aliquis
2999 1346 3091 1416 qui
3132 1347 3293 1418 paulo
3333 1355 3642 1409 accuratius

2085 1429 2142 1484 in
2189 1431 2288 1486 has
2327 1432 2610 1490 methodos
2648 1436 2888 1490 animum
2928 1437 3240 1505 intenderit,
3288 1456 3385 1494 cur
3437 1443 3491 1496 in
3541 1444 3645 1501 hac

2084 1524 2406 1591 posteriore,
2469 1538 2592 1578 cum
2646 1526 2858 1596 cyclum
2915 1527 3230 1585 indictionis
3289 1531 3642 1601 inquirimus;

2083 1611 2356 1666 addantur
2382 1613 2448 1680 5;
2489 1612 2544 1666 in
2578 1616 2730 1685 cyclo
2756 1617 2887 1673 solis
2911 1617 3016 1686 24;
3047 1620 3101 1672 in
3132 1620 3306 1675 lunari
3333 1623 3400 1675 2'7
3433 1641 3447 1689 ;
3483 1633 3646 1694 atque

2084 1710 2267 1757 utrum
2319 1714 2579 1775 perpetuo
2634 1706 2941 1765 additiones
3004 1711 3122 1766 istae
3179 1711 3442 1771 faciendae
3509 1718 3642 1770 sint.

2082 1791 2499 1864 Respondemus
2531 1813 2640 1851 non
2681 1814 2776 1854 eas
2817 1815 3032 1870 semper
3069 1809 3214 1858 tutas
3255 1819 3397 1871 esse,
3443 1807 3539 1861 sed
3575 1808 3646 1862 ad

417 1877 630 1955 βέϐαιον
657 1883 888 1954 ἔχουσιν,
933 1882 1068 1936 ἀλλά
1107 1881 1296 1952 μέχρις
1338 1882 1458 1935 ὅλου
1505 1880 1597 1934 τοῦ
1641 1880 1985 1950 ἐνενηκοποῦ

2089 1899 2289 1939 annum
2329 1887 2707 1942 tantummodo
2747 1890 2851 1945 900
2892 1892 3184 1962 expletum,
3215 1905 3337 1964 post
3359 1909 3483 1951 eum
3515 1912 3647 1953 vero

415 1976 510 2028 καὶ
542 1976 701 2046 μόνου
743 1974 893 2037 ἔτους
917 1988 928 2002 ·
964 1973 1101 2042 μετά
1144 1973 1201 2026 δὲ
1241 1973 1417 2037 τοῦτο,
1453 1972 1618 2044 ἄλλης
1666 1971 1982 2045 ἀρξαμένης

415 2062 936 2140 Ξκατονταετηρίδος,
971 2067 1128 2121 ¹ἄλλαι
1158 2067 1250 2120 καί¹
1290 2067 1596 2138 προσθῆκαι
1627 2067 1984 2139 παραληφθή-

419 2174 636 2215 σονται·
696 2162 860 2232 ἦγουν
907 2163 964 2214 ὲν
1030 2159 1128 2230 μὲν
1163 2159 1242 2230 τῷ
1285 2159 1384 2228 τῆς
1437 2160 1667 2213 ίνδίκτου
1712 2159 1896 2230 κύκλῳ
1948 2158 1982 2230 ἢ

415 2248 587 2316 οὐδὲν,
631 2251 664 2323 ἢ
699 2259 778 2318 ιε’,
818 2253 876 2304 ἐν
915 2251 970 2303 δὲ
1004 2249 1082 2320 τῷ
1126 2249 1219 2302 τοῦ
1252 2249 1405 2320 ἡλίου
1448 2248 1536 2312 ιϐ’,
1572 2251 1630 2302 ὲν
1673 2249 1730 2301 δὲ
1771 2248 1850 2320 τῷ
1889 2247 1986 2319 τῆς

419 2341 647 2413 σελήνης
673 2348 742 2411 γ’.
771 2341 954 2404 Οὕτως
980 2336 1072 2394 οὖν
1096 2339 1256 2392 πάλιν
1279 2340 1591 2403 ἀπταίστως
1617 2341 1650 2410 ἡ
1678 2338 1786 2392 τῶν
1813 2339 1988 2393 τοιού⁴

416 2450 524 2486 των
568 2434 898 2504 προϐήσεται
929 2431 1142 2485 κύκλων
1187 2430 1420 2501 εὕρεσις.
1454 2429 1706 2494 Πλείονος
1731 2427 1789 2483 δὲ
1824 2430 1987 2484 ἕνεκα

417 2523 669 2590 γνώσεως
694 2523 787 2577 καὶ
815 2522 906 2575 τὸν
929 2523 1130 2576 τούτων
1161 2522 1317 2592 λόγον
1349 2523 1684 2593 ἀποκαλύψω
1732 2539 1834 2585 σοι,
1866 2524 1987 2585 ταῖς

418 2616 632 2680 πολλοῖς
675 2615 806 2678 ἴσως
850 2614 924 2686 μὴ
969 2614 1387 2686 γινωσκόμενον.
1439 2615 1705 2684 Ἐκάστης
1735 2615 1851 2678 οἵας
1895 2604 1990 2687 δή-

418 2725 548 2761 ποτε
578 2707 960 2778 πληρουμένης
981 2707 1506 2778 ἑκατονταετηρίδος,
1551 2708 1672 2760 ὅσον
1717 2706 1784 2760 ἃν
1820 2701 1988 2777 εὕρῃς

419 2801 480 2852 ὲν
505 2798 583 2869 τῷ
612 2797 926 2869 τελευταίῳ,
961 2798 1128 2868 ήγουν
1155 2797 1232 2868 τῷ
1290 2803 1332 2868 ρ’
1378 2796 1579 2868 ταύτης
1629 2796 1759 2858 ἔτει,
1799 2795 1891 2848 τόν
1929 2812 1988 2849 τε

417 2889 618 2942 κύκλον
665 2887 756 2942 τοῦ
805 2888 954 2959 ἡλίου
1005 2887 1099 2942 καὶ
1144 2890 1243 2958 τῆς
1289 2888 1536 2958 σελήνης,
1573 2885 1667 2940 καὶ
1711 2887 1812 2956 τῆς
1861 2885 1988 2939 ίνδίι-

420 2997 570 3047 κτου,
601 2982 770 3050 αὑτὴν
791 2980 990 3052 ταύτην
1013 2980 1110 3051 τὴν
1142 2978 1371 3032 ἑκάστου
1400 2969 1672 3048 ποσότητα
1701 2977 1790 3047 ἔχε
1819 2993 1990 3047 προσ-

419 3074 594 3145 θήκην
627 3077 706 3137 εῐς
731 3073 800 3127 τά
834 3073 988 3140 ὀλίγα
1019 3071 1113 3144 ἔτη
1143 3073 1243 3143 τῆς
1270 3071 1575 3143 ἀρχομένης
1603 3068 1989 3138 ἑκατονταετη-

421 3164 596 3236 ρίδοςο
655 3163 749 3217 καὶ
809 3162 1063 3235 εὑρήσεις
1123 3159 1188 3212 δι’
1241 3159 1476 3228 ἑκάστης
1531 3156 1850 3228 προσθήκης
1900 3156 1990 3210 τὸν

2081 1977 2221 2031 alius
2254 1993 2514 2034 numerus
2557 1981 2840 2037 addendus
2873 1983 3000 2046 erit,
3041 1986 3187 2039 velut
3224 1987 3292 2042 ad
3333 1989 3645 2046 indictionis

2082 2069 2293 2140 cyclum
2321 2070 2408 2134 15,
2434 2073 2519 2126 vel
2555 2072 2608 2134 0,
2661 2073 2729 2127 ad
2773 2075 3006 2130 solarem
3060 2078 3147 2143 12,
3185 2080 3253 2134 ad
3298 2080 3539 2137 lunarem
3587 2085 3641 2148 5,

2083 2173 2315 2228 quorum
2357 2175 2459 2230 ope
2510 2161 2649 2244 cycli
2694 2177 2886 2221 omnes
2942 2165 3036 2221 isti
3072 2168 3190 2224 sine
3220 2177 3406 2225 errore
3450 2186 3647 2242 prove-

2084 2247 2254 2302 nient.
2302 2247 2409 2303 Sed
2443 2249 2714 2306 uberioris
2753 2251 3017 2308 doctrinae
3055 2269 3220 2311 causa
3261 2258 3423 2328 hujus
3447 2261 3646 2321 rei,tihl

2086 2341 2353 2395 rationem
2413 2344 2728 2412 explicabo,
2779 2360 2942 2416 quam
2999 2363 3110 2403 non
3172 2350 3330 2405 multi
3395 2352 3647 2409 fortassis

2087 2430 2416 2503 intelligunt.
2468 2433 2730 2491 Vertente
2773 2437 3017 2507 quolibet
3085 2443 3436 2508 centenario,
3489 2447 3651 2516 quid-

2086 2523 2218 2592 quid
2252 2523 2308 2577 in
2340 2526 2638 2581 centesimo
2670 2542 2813 2581 anno
2841 2529 3109 2599 reliquum
3137 2540 3220 2586 est
3252 2533 3320 2588 de
3345 2535 3650 2590 ratiuncula

2087 2614 2242 2680 solis,
2286 2615 2428 2671 lunae
2473 2617 2558 2671 vel
2601 2618 2938 2685 indictionis,
2988 2622 3155 2691 hujus
3192 2639 3479 2680 numerum
3511 2626 3652 2683 adde

2087 2719 2304 2775 semper
2356 2709 2668 2762 excu‘rrenti
2731 2724 2896 2779 supra
2949 2711 3225 2768 ineuntem
3276 2718 3651 2772 centenarium

2088 2797 2287 2851 minori
2323 2811 2588 2865 summae;
2639 2805 2700 2853 ut
2738 2815 2837 2870 per
2881 2801 3176 2871 cujuslibet
3230 2807 3446 2876 generis
3498 2809 3653 2877 adje-

2087 2887 2328 2942 ctionem
2371 2897 2762 2959 congruentem
2789 2891 2991 2950 habeas
3019 2896 3252 2964 cyclum,
3300 2905 3360 2951 ut
3400 2900 3652 2968 superius

2088 2977 2429 3033 ostendimus
2460 2997 2474 3033 :
2507 2979 2611 3034 hoc
2637 2987 2723 3035 est
2749 2982 2986 3037 solarem
3015 2984 3201 3039 addito
3233 2986 3365 3041 solis
3391 2993 3651 3058 proprio;

2090 3067 2336 3123 lunarem
2367 3067 2555 3124 addito
2585 3069 2763 3125 lunari
2788 3090 2803 3138 ;
2837 3079 2891 3127 et
2915 3072 3346 3140 indictionalem,
3373 3093 3439 3132 ex
3467 3094 3533 3134 eo
3556 3082 3652 3150 qui

2091 3157 2409 3214 indictionis
2433 3159 2690 3229 proprius
2719 3169 2822 3217 est.

418 3259 614 3313 οἰκεῖον
665 3255 870 3328 ἑκάστῃ
932 3253 1160 3318 κύκλον,
1213 3253 1289 3316 ὡς
1345 3250 1600 3322 ἀνωτέρω
1657 3247 1947 3322 δεδήλωται
1984 3259 2000 3280 ⁸
2040 3249 2209 3320 ἤγουν
2260 3254 2328 3325 τῇ
2374 3251 2468 3305 τοῦ
2511 3251 2663 3324 ήλίου
2698 3253 2792 3308 τὸν
2817 3253 2911 3308 τοῦ
2955 3254 3127 3328 ήλίου,
3166 3260 3232 3330 τῇ
3279 3250 3380 3330 τῆς
3427 3258 3654 3332 σελήνης

417 3345 510 3400 τδν
531 3347 629 3418 τῆς
664 3346 912 3418 σελήνης,
954 3345 1048 3400 καὶ
1085 3347 1150 3416 τῇ
1188 3343 1288 3413 τῆς
1343 3343 1574 3398 ίνδίκτσυ
1626 3340 1720 3396 τὸν
1762 3345 1876 3413 τῆς·
1909 3341 2158 3395 ίνδίκτου.

456 3459 659 3526 Ὅπως
714 3459 810 3512 δεῖ
851 3459 1163 3528 εὑρίσκειν.
1205 3456 1313 3510 τὸν
1360 3448 1634 3526 θεμέλιον
1677 3452 1788 3523 τῆς
1845 3467 1950 3507 σε-
2011 3457 2055 3515 C

1088 3525 1305 3594 λτίνηςε

490 3641 567 3694 E’.
603 3639 705 3692 Τὸν
729 3637 785 3692 δέ
813 3655 876 3706 γε
903 3637 1147 3709 θεμέλιον
1177 3633 1275 3708 τῆς
1302 3628 1526 3706 σελήνης
1551 3632 1660 3687 ἴσθι
1687 3631 1986 3704 ἀρχόμενον

420 3731 529 3785 ἀπὸ
565 3729 663 3800 τῆς
699 3736 745 3782 α’
776 3727 870 3782 τοῦ
911 3726 1236 3798 Ἰανουαρίου
1257 3741 1271 3757 ο
1323 3726 1416 3795 ἀφ’
1443 3720 1504 3780 οὗ
1549 3724 1790 3796 δηλονότι
1837 3724 1932 3778 καὶ
1958 3725 1987 3776 ό

418 3824 622 3894 ταύτης
658 3822 859 3885 κύκλος
890 3821 987 3893 τὴν
1033 3819 1208 3891 ἀρχὴν
1247 3815 1538 3889 λαμϐάνει.
1572 3817 1635 3868 El
1669 3810 1760 3868 οὖν
1807 3813 1984 3885 βούλει

421 3917 514 3970 καὶ
561 3913 748 3968 τοῦτον
796 3913 1098 3985 εὑρίσκειν,
1134 3905 1591 3970 ἐνδεκαπλασίαζε
1641 3907 1733 3959 τὸν
1775 3907 1986 3960 ἐνιστά-

423 4023 583 4077 μενον
629 4005 826 4060 κύκλον
873 4006 968 4058 καὶ
1011 4002 1089 4074 τῷ
1140 3994 1247 4054 ἀπὸ
1293 3999 1388 4054 τοῦ
1443 3995 1984 4066 ἐνδεκαπλασιασμοῦ

419 4098 686 4168 γινομένῳ
709 4095 926 4168 ἀριθμῷ
957 4092 1233 4166 προστίθει
1255 4097 1304 4160 γ’
1323 4109 1337 4123 ο
1366 4091 1459 4144 καὶ
1481 4089 1571 4142 τὸν
1600 4087 1984 4160 συναγόμενον,

419 4191 468 4242 εί
499 4190 597 4261 μὲν
627 4187 872 4242 κάτωθέν
906 4188 1022 4239 ὲστι
1053 4183 1162 4238 τῶν
1201 4183 1268 4246 λ’,
1294 4181 1455 4235 αὑτὸν
1496 4182 1702 4233 ἐκεῖνον
1731 4176 1868 4232 εἶναι
1897 4179 1983 4248 γί-

419 4295 594 4334 νωσκε
631 4278 724 4330 τὸν
763 4275 1008 4346 θεμέλιον
1030 4290 1044 4305 ·
1079 4275 1128 4326 εἰ
1171 4273 1217 4326 δ’
1243 4269 1453 4342 ὑπερϐῇ
1474 4309 1489 4333 ,
1527 4269 1718 4331 ὁσάκις
1752 4269 1988 4338 ἐγχωρεῖ

417 4370 509 4424 τὸν
554 4369 597 4422 λ’
631 4369 832 4422 τούτων
862 4365 1110 4436 ἀφελὼν,
1160 4359 1221 4417 τὸ
1269 4361 1729 4430 καταλειπόμενόν
1775 4361 1921 4412 ἐστιν
1955 4359 1985 4410 ό

421 4461 686 4532 θεμέλιος.
729 4459 839 4522 Τὰς
875 4457 1054 4528 μέντοι
1090 4456 1260 4527 τρεῖς,
1291 4453 1357 4516 a;
1388 4452 1599 4522 ἔφημεν
1637 4449 1984 4523 προστιθέναι

416 4551 497 4622 τῷ
519 4551 612 4604 τοῦ
653 4544 1189 4616 ὲνδεκαπλασιασμοῦ
1220 4543 1462 4616 ἀριθμῷ,
1502 4539 1830 4612 προσθήσεις
1858 4539 1980 4594 καθ’

417 4641 643 4694 ἕκαστον
691 4637 930 4692 ἐνιαυτὸν
973 4637 1164 4707 μέχρις
1203 4634 1328 4688 ὅλου
1383 4631 1479 4686 τοῦ
1525 4636 1600 4696 ις’
1645 4629 1843 4683 κύκλου
1885 4632 1984 4701 τῆς

421 4729 646 4801 σελήνης
666 4748 679 4760 ·
711 4731 768 4783 ὲν
797 4727 850 4781 δέ
879 4744 943 4796 γε
970 4729 1082 4788 τοῖς
1103 4725 1306 4787 λοιποῖς
1325 4722 1492 4795 τρισὶ,
1520 4719 1597 4790 τῷ
1631 4721 1693 4783 ιζ’
1721 4719 1980 4789 δηλονότι,

2333 3453 2608 3524 Quomodo
2653 3457 2792 3514 (una:
2827 3459 2986 3514 radix
3015 3462 3396 3535 investiganda.

2158 3627 2222 3684 V.
2244 3630 2534 3688 Sciendum
2564 3643 2648 3691 est
2678 3635 2918 3693 radicem
2951 3638 3093 3694 luna:
3120 3655 3151 3696 a
3181 3639 3436 3699 Kalendis
3458 3642 3657 3699 Janus-

2087 3720 2185 3776 riis
2201 3723 2494 3793 auspicari,
2520 3726 2762 3796 aquibus
2779 3728 2926 3784 illius
2952 3730 3143 3801 cyclus
3173 3733 3384 3803 incipit.
3399 3733 3571 3800 Quam
3595 3745 3656 3790 ut

2086 3811 2366 3878 invenias,
2404 3815 2514 3871 duc
2545 3817 2819 3875 ineuntem
2856 3821 2999 3876 lunae
3046 3823 3259 3893 cyclum
3301 3824 3357 3878 in
3415 3841 3493 3890 ιι,
3542 3829 3658 3881 col-

2085 3902 2281 3958 lectam
2308 3921 2578 3961 summam
2607 3923 2742 3979 auge
2762 3909 2797 3962 5
2829 3909 3065 3976 additis;
3115 3911 3377 3982 quidquid
3405 3915 3654 3980 exsistet.-

2086 3993 2141 4048 id
2180 3995 2227 4049 si
2259 3995 2438 4051 minus
2478 4005 2563 4052 est
2587 3999 2675 4064 30,
2706 4000 2863 4054 radix
2897 4009 2981 4055 est
3023 4001 3168 4057 luna:
3206 4004 3291 4058 :si
3321 4006 3500 4076 majus
3538 4017 3656 4072 est,

2086 4083 2156 4140 de
2187 4099 2252 4140 eo
2281 4087 2462 4155 quoad
2494 4088 2681 4144 licebit
2707 4090 2934 4145 detrahe
2963 4091 3054 4158 50,
3074 4093 3355 4150 residuum
3390 4105 3474 4152 est
3504 4097 3658 4152 radix

2087 4177 2249 4231 lunae.
2287 4177 2462 4233 Porro
2493 4182 2796 4235 ternarium
2849 4181 3036 4247 illum,
3092 4200 3253 4253 quem
3298 4187 3659 4257 multiplicato

2085 4281 2183 4338 per
2216 4284 2272 4322 ιι
2316 4286 2547 4326 numero
2586 4273 2894 4328 addendum
2935 4289 3057 4329 esse
3088 4274 3397 4340 docuimus,
3435 4278 3659 4347 adjicie-

2085 4373 2209 4414 mus
2251 4360 2307 4414 in
2334 4375 2480 4416 anno
2521 4364 2717 4432 quovis
2756 4379 2928 4432 usque
2965 4363 3032 4418 ad
3075 4373 3373 4420 vertentem
3413 4367 3481 4421 16
3515 4368 3659 4423 lunze‘

2087 4450 2342 4520 cyclum;
2386 4452 2440 4507 in
2491 4453 2719 4523 reliquis
2750 4454 2948 4520 tribus,
2982 4462 3042 4508 ut
3076 4455 3132 4509 in
3165 4455 3253 4520 17,
3289 4457 3378 4524 18,
3426 4458 3515 4522 19,
3558 4469 3660 4528 pro

2087 4541 2264 4596 tribus
2306 4543 2475 4598 addes
2502 4543 2557 4597 4.
2603 4543 2695 4598 Sic
2746 4544 2891 4599 enim
2936 4546 3146 4616 absque
3180 4561 3367 4602 errore
3412 4548 3657 4604 lunarem

2086 4631 2329 4686 radicem
2368 4633 2638 4690 invenies.
2668 4633 2834 4690 Potes
2871 4638 3204 4705 expeditiore
3227 4639 3482 4695 methodo
3509 4656 3658 4695 eam-

2087 4722 2210 4778 dem
2247 4723 2328 4778 sic
2362 4723 2706 4793 investigare.
2741 4726 2824 4780 Ad
2859 4743 3146 4782 numerum
3192 4729 3394 4786 radicis
3433 4745 3660 4785 curren-

328 4852 332 4854 -
418 4820 495 4891 τῷ
525 4827 615 4893 ιη’,
649 4819 743 4874 καὶ
773 4819 850 4889 τῷ
874 4819 959 4881 ιθ’,
985 4818 1106 4871 ἀντὶ
1136 4814 1244 4870 τῶν
1281 4822 1331 4884 γ’
1378 4812 1710 4885 προσθήσεις
1738 4811 1779 4863 δ’
1801 4829 1814 4841 ·
1845 4810 1985 4864 οὕτω

2091 4812 2164 4865 tis
2193 4812 2330 4867 adde
2359 4829 2436 4868 ιι.
2456 4813 2512 4867 Si
2546 4830 2758 4869 summa
2781 4824 3000 4886 superet
3022 4833 3153 4881 xxx,
3175 4817 3410 4888 demptis
3439 4819 3656 4886 iisdem,

417 4911 526 4983 γάρ
558 4929 638 4966 σοι
660 4911 971 4973 ἀπταίστως
991 4911 1024 4979 ή
1055 4907 1145 4960 τοῦ
1173 4906 1424 4977 θεμελίου
1448 4907 1619 4976 αὐτῆς
1649 4903 1983 4975 προὸήσεται

2092 4903 2362 4975 reliquum
2417 4907 2644 4962 sumito.
2703 4906 2760 4962 Si
2811 4909 2993 4962 minor
3042 4915 3126 4964 est
3173 4925 3454 4976 numerus,
3513 4911 3662 4965 hunc

416 5001 650 5074 εὕρεσις.
692 5001 802 5054 Καὶ
850 4998 1020 5061 οὕτως
1051 4995 1411 5066 ἀπονωτέρως
1455 4995 1708 5065 εὑρήσεις
1754 4991 1847 5045 τὸν
1883 4991 1984 5062 τῆς

2091 4995 2272 5065 ipsum
2314 5013 2417 5068 pro
2445 4999 2633 5054 radice
2675 5001 2884 5070 capies.
2910 5001 3049 5057 Cum
3083 5010 3265 5058 autem
3301 5019 3432 5059 xxxx
3466 5019 3663 5060 occur-

418 5092 646 5162 σελήνης
704 5089 972 5162 θεμέλιον.
1047 5085 1139 5156 Τῷ
1213 5083 1308 5138 τοῦ
1368 5083 1660 5146 ἐνεστῶτος
1729 5081 1979 5152 θεμελίου

2088 5087 2180 5150 rit,
2213 5087 2459 5144 addenda
2496 5100 2624 5145 sunt
2659 5105 2759 5146 ιιι.

415 5182 633 5253 ἀριθμῷ
663 5179 936 5253 προστίθει
957 5185 1044 5232 ια’.
1069 5178 1180 5231 Καὶ
1209 5179 1259 5228 εἰ
1285 5175 1383 5246 μὲν
1407 5173 1574 5228 πλείω
1600 5175 1708 5227 τῶν
1731 5173 1775 5226 λ’
1797 5171 1972 5242 ἀναϐῇ
2011 5175 2040 5226 ό
2072 5176 2326 5249 ἀριθμὸς,
2345 5182 2414 5236 τά
2442 5183 2484 5235 λ’
2542 5181 2792 5252 ἐμϐαλὼν
2817 5183 2883 5247 ⁸⁵,
2932 5185 3002 5237 τὰ
3034 5185 3468 5256 καταλειπόμενα
3527 5184 3639 5255 κράι

412 5284 528 5328 τει·
566 5275 697 5328 εἰδὲ
726 5273 967 5330 κάτωθεν
995 5271 1184 5325 τούτου
1217 5269 1383 5332 ἐστὶν,
1416 5266 1578 5319 αὑτὸν
1623 5267 1830 5319 ἐκεῖνον
1857 5261 1996 5319 εἶναι
2057 5271 2292 5336 γίνωσκε
2360 5275 2452 5330 τὸν
2492 5275 2759 5347 θεμέλιονε
2801 5275 2889 5329 Ἐν
2917 5275 3097 5346 μέντοι
3133 5275 3220 5347 τῷ·
3241 5278 3345 5341 κθ⁹,
3381 5276 3447 5329 ιϐ’
3488 5275 3569 5328 δεῖ
3603 5291 3662 5327 σε

415 5370 752 5443 προσθεῖναι.
1392 5436 1401 5444 _

413 5472 603 5548 Ὅπως
635 5481 940 5560 εὑρίσκειν
978 5479 1074 5534 δεῖ
1100 5479 1307 5615 agimur
1333 5469 1565 5545 ἡμερῶν
1603 5473 1777 5527 ἐστιν
1808 5474 1846 5543 ή
1873 5489 1984 5527 σε·

1150 5577 1152 5580 ,
1189 5565 1290 5615 νη,

485 5649 574 5715 ς’.
599 5644 711 5708 Τὰς
731 5643 942 5716 ἡμέρας
969 5641 1024 5694 δὲ
1051 5641 1150 5705 τὰς
1169 5641 1286 5695 ἀπὸ
1308 5638 1612 5709 γεννήσεως
1640 5635 1811 5709 αὐτῆς
1844 5634 1985 5691 οὕτω

2338 5479 2610 5546 Quomodo
2645 5481 2867 5537 inveniri
2896 5480 3065 5552 possit
3097 5489 3228 5535 tetas
3252 5479 3410 5536 (una.

2163 5630 2250 5690 Vl.
2282 5629 2519 5691 ditatem
2547 5634 2691 5691 lunae
2735 5631 2801 5689 ad
2845 5633 2992 5690 hunc
3025 5631 3249 5690 modum
3281 5632 3664 5707 investigablsa

485 5803 527 5832 ³⁸⁵
629 5798 890 5854 ἐκῦαλὼν.

721 5895 991 5956 Parnm.
1027 5892 1144 5953 Gn.
1169 5886 1346 5952 XIX:

3266 5873 3344 5942 hii
