4124 6460
465 378 614 438 1313

1531 382 1623 438 AD
1662 382 1932 440 EUSEBH
1965 383 2361 442 CHRONICON
2395 383 2760 443 APPENDIX.

3558 386 3582 444 1
3592 388 3695 443 ωδ

465 500 666 570 Accipe
685 507 997 556 currentem
1035 497 1185 555 illius
1213 499 1476 566 radicem,
1510 508 1564 555 et
1597 500 1754 555 initio
1783 500 1928 557 facto
1961 500 2010 555 al

2136 501 2351 573 μαθήσῃ
2372 520 2387 535 ο
2421 504 2627 576 Κράτει
2659 505 2750 557 τὸν
2781 503 3131 575 ἐνιστάμενον
3179 501 3380 574 ταύτης
3411 503 3690 575 θεμέλιον·

448 589 747 654 Januario,
797 588 866 646 de
899 587 1134 660 singulis
1175 587 1456 643 mensibus
1502 601 1676 655 sume,
1717 590 1765 644 si
1811 589 2030 659 quidem

451 679 662 736 diebus
678 695 809 736 xxxi
833 686 1106 744 constent,
1130 679 1152 733 1
1180 677 1284 749 1/2
1303 718 1318 743 ,
1347 677 1432 733 sin
1450 677 1727 734 tricenarii
1753 679 1883 746 sint,
1903 679 1925 733 1
1934 679 2028 750 /2.

465 770 638 826 Porro
663 769 866 825 mensis
900 769 1072 834 illius,
1101 771 1157 824 in
1189 784 1300 840 quo
1326 772 1583 836 vessaris,
1604 769 1723 827 dies
1755 771 1929 840 adiice
1961 771 2032 826 ab

463 863 586 932 ejus
607 860 866 917 Kalendis
903 861 973 917 ad
1022 861 1359 932 propositum
1404 860 1567 916 diem.
1612 861 1696 916 Ad
1744 862 2028 917 collectam

462 967 734 1008 summam
781 951 1019 1008 radicem
1071 951 1279 1007 addito.
1338 950 1536 1006 Totum
1593 952 1789 1008 deinde
1826 951 2031 1022 partire

451 1059 562 1115 iper
586 1043 656 1098 29
688 1043 1136 1115 1/2,residuum.
1168 1043 1283 1099 sive
1305 1042 1375 1098 29
1410 1043 1534 1116 1/2,
1559 1059 1656 1100 seu
1686 1044 1868 1100 minus
1905 1042 2025 1098 fue-

461 1136 561 1200 rit,
602 1142 816 1190 atatem
867 1134 1088 1190 exhibet
1128 1133 1292 1190 lunae.
1325 1133 1494 1204 Igitur
1549 1136 1596 1191 si
1655 1135 1724 1190 ab
1765 1134 2028 1190 Januario

460 1228 730 1283 calculum
767 1227 985 1298 incipis,
1019 1235 1072 1282 et
1111 1227 1408 1284 bissextilis
1452 1227 1774 1293 intercedat,
1813 1227 2028 1298 sesqui-

458 1319 600 1375 diem
628 1335 694 1374 ex
720 1319 812 1374 illo
833 1327 1110 1390 sumptum
1136 1318 1362 1390 adjicies
1384 1334 1480 1390 per
1507 1334 1706 1374 annum
1730 1319 2022 1390 integrum,

457 1413 562 1470 hoc
589 1420 675 1468 est
702 1427 876 1482 usque
910 1411 978 1466 ad
1017 1411 1393 1482 insequentem
1432 1410 1769 1466 Ianuarium.
1795 1410 1854 1466 In
1878 1427 2025 1467 anno

439 1503 731 1560 «communi
761 1503 1010 1559 eumdem
1050 1517 1225 1574 usque
1263 1502 1331 1557 ad
1375 1500 1659 1558 Februarii
1692 1503 1852 1558 linem
1876 1503 2020 1558 dun-

454 1602 606 1650 taxat
652 1609 924 1658 assumes,
969 1608 1146 1665 eoque
1193 1599 1474 1648 transacto
1527 1593 1717 1648 ambos
1776 1593 2018 1649 omitles.

453 1687 664 1757 Quippe
690 1685 960 1741 defectum
990 1686 1156 1743 unius
1197 1685 1426 1742 alterius
1467 1684 1830 1741 redundantia
1864 1699 2020 1740 com-

2133 595 2227 646 καὶ
2269 593 2567 665 ἀρχόμενος
2593 595 2700 648 άπὸ
2750 594 2845 648 τοῦ
2901 595 3266 668 ἰανουαρίου,
3312 594 3554 666 λάμϐανε
3602 595 3695 666 ἀφ’

2131 686 2362 740 ἑκάστου
2391 687 2579 758 μηνὸς,
2629 687 2739 742 ἀπὸ
2790 688 2888 759 μὲν
2928 687 3038 741 τῶν
3078 688 3310 759 ἑχόντων
3343 687 3423 742 λα’
3463 688 3694 760 ἡμέρας,

2129 784 2178 831 α’
2202 780 2294 834 καὶ
2315 777 2400 843 S",
2427 779 2534 832 ἀπὸ
2566 779 2624 832 δὲ
2643 779 2752 832 τῶν
2785 779 2850 844 λ’,
2883 780 2968 835 S".
2989 779 3095 833 Τοῦ
3131 780 3314 850 μέντοι
3343 780 3529 850 μηνὸς,
3564 781 3622 832 έν
3652 774 3697 847 ᾧ

2127 869 2227 941 τὴν
2259 867 2487 940 ζήτησιν
2515 872 2640 941 ποιῇ
2669 870 2776 923 τῶν
2806 869 3026 942 ήμερῶν
3058 870 3156 941 τῆς
3189 870 3438 942 σελήνης,
3463 871 3698 936 είσάξεις

2127 960 2296 1025 αὑτὰς
2314 960 2550 1024 ὲκείνας,
2576 961 2705 1025 ὅσας
2724 961 2856 1032 ἔχει,
2879 961 3181 1034 ἀρξάμενος
3205 961 3366 1032 μέχρι
3385 961 3482 1032 τῆς
3504 961 3695 1033 ζητου-

2131 1052 2296 1124 μένης
2329 1052 2563 1124 ἡμέρας.
2601 1053 2700 1116 ’Δς
2723 1054 2902 1116 πάσας
2933 1052 3175 1122 συνάψας
3213 1053 3290 1123 τῷ
3319 1052 3574 1124 θεμελίῳ,
3604 1052 3698 1106 τὸν

2127 1141 2390 1211 γεγονότα
2454 1142 2686 1214 ἀριθμὸν
2737 1142 2901 1212 ὖφελε
2946 1143 3040 1196 ἐπὶ
3086 1144 3194 1196 τῶν
3242 1141 3324 1196 κθ¹
3363 1141 3448 1208 S",
3491 1144 3584 1197 καὶ
3626 1142 3699 1198 τὰ

2129 1232 2358 1302 μένοντα
2388 1231 2593 1286 τούτων
2616 1231 2881 1296 κάτωθεν,
2916 1232 2949 1303 ἢ
2979 1232 3074 1287 καὶ
3105 1234 3302 1306 μέχρις
3329 1233 3530 1300 αὐτῶν,
3557 1235 3696 1289 είσὶν

2123 1324 2182 1376 αἱ
2199 1322 2307 1377 ἀπὸ
2322 1322 2421 1392 τῆς
2453 1325 2756 1395 γεννήσεως
2773 1325 2944 1395 αὐτῆς
2973 1325 3195 1396 ἡμέραι.
3232 1326 3554 1397 Ἀρχόμενος
3579 1323 3692 1394 οὖν,

2123 1409 2200 1473 ὡς
2225 1409 2462 1482 εἴρηται,
2494 1411 2602 1464 ἀπὸ
2627 1411 2721 1464 τοῦ
2761 1413 3107 1486 Ἰανουαρίου,
3135 1415 3183 1467 εί
3216 1415 3313 1484 μὲν
3344 1415 3422 1470 ἔνι
3447 1417 3475 1469 ό
3505 1417 3695 1488 χρόνος

2124 1499 2388 1570 βίσεξτος,
2424 1503 2611 1571 εἴσαγε
2641 1502 2740 1574 τὴν
2765 1503 2824 1570 ἐξ
2889 1501 3052 1558 αὐτοῦ
3086 1504 3500 1579 λαμϐανομένην
3549 1509 3681 1580 μίαν

2119 1594 2289 1665 ἥμισυ
2320 1594 2534 1666 ἡμέραν
2567 1595 2689 1649 καθ’
2717 1596 2836 1651 ὅλον
2866 1597 2957 1650 τὸν
2991 1599 3255 1660 ἐνιαυτὸν,
3284 1601 3450 1671 ήγουν
3500 1601 3694 1674 μέχρις

2121 1686 2188 1740 ἂν
2214 1685 2426 1759 φθάσῃς
2447 1687 2545 1760 τὴν
2576 1688 2748 1761 ἀρχὴν
2779 1688 2872 1742 τοῦ
2906 1691 2986 1753 είς
3014 1690 3074 1744 τὸ
3115 1692 3267 1745 έπιὸν
3299 1692 3419 1755 ἔτος
3459 1693 3693 1747 Ἰανουα-

442 1787 664 1850 .pensat.
695 1776 965 1848 Deinceps
987 1792 1119 1849 ergo
1148 1777 1220 1833 ab
1251 1777 1344 1833 illa
1371 1777 1779 1833 contributione
1798 1783 2010 1833 manent

2121 1776 2258 1849 ρίου·
2289 1779 2337 1831 εί
2373 1777 2418 1831 δ’
2458 1777 2558 1830 οὐκ
2582 1777 2693 1830 έστι
2717 1766 2975 1848 βίσεξτος,
3003 1780 3244 1851 λάμϐανε
3269 1781 3474 1852 ταύτην
3499 1781 3694 1855 μέχρις

452 1847 719 1926 immunes
743 1869 818 1924 illi
845 1847 955 1924 duo
983 1847 1204 1925 menses
1231 1885 1405 1940 usque
1428 1869 1494 1925 ad
1520 1883 1694 1925 annos
1720 1877 1832 1924 tres
1856 1868 2010 1924 abso-

2119 1847 2186 1922 ἂν
2208 1866 2469 1940 πληρώσῃ
2494 1869 2536 1901 ¹⁸
2569 1871 2599 1922 ὁ
2634 1847 2995 1942 Φεϐρουάριος
3024 1847 3116 1924 καὶ
3144 1871 3323 1940 μόνον,
3356 1847 3450 1924 καί.
3473 1847 3693 1941 μετάτδ

450 1964 613 2027 lutos,
639 1961 742 2018 hoc
765 1968 849 2017 est
881 1975 1054 2032 usque
1083 1962 1150 2017 ad
1181 1961 1520 2018 bissextilem
1539 1960 1791 2016 alterum.
1817 1958 2016 2027 Quam-

2120 1956 2477 2029 πληρωθῆναι
2521 1957 2680 2010 αὐτὸν
2719 1957 3097 2029 καταλίμπανε
3135 1959 3496 2031 ἀμφοτέρους.
3534 1960 3691 2031 Λαμ-

447 2053 634 2109 obrem
674 2051 1012 2108 transcensis
1048 2052 1193 2117 istis,
1236 2052 1316 2107 uti
1363 2050 1572 2106 dictum
1609 2056 1716 2115 est,
1748 2049 1941 2120 incipit
1983 2064 2010 2104 a

2122 2049 2274 2104 ϐάνει
2298 2048 2404 2118 γὰρ
2426 2047 2526 2118 τὴν
2554 2047 2646 2101 τοῦ
2690 2048 2808 2114 ένὸς
2846 2049 3162 2120 περισσείαν
3202 2053 3235 2121 ή
3272 2050 3499 2124 θατέρου
3531 2049 3691 2104 ὑστέ-

445 2143 662 2209 Ilartio,
700 2151 775 2212 et,
822 2151 882 2200 ut
919 2143 1379 2215 praescripsimus,
1411 2141 1530 2198 dies
1575 2141 1698 2197 illos
1731 2141 1918 2210 accipe
1947 2140 2010 2195 ad

2125 2155 2300 2212 ρησις.
2330 2136 2640 2191 Κάντεῦθεν
2676 2138 2899 2209 μένουσι
2943 2140 3036 2192 καὶ
3069 2142 3116 2194 οί
3149 2141 3245 2194 δύο
3289 2142 3599 2205 ἀσυντελεῖς
3633 2143 3692 2196 έν

392 2265 394 2267 -
445 2251 571 2292 eum
597 2250 772 2308 usque
792 2236 886 2304 qui
910 2236 1259 2307 proponitur.

2122 2233 2187 2302 τῇ
2216 2228 2440 2300 τοιαύτῃ
2473 2231 2802 2301 συνεισφορᾷ
2841 2230 3000 2303 μέχρι
3039 2233 3483 2305 συμπληρώσεως
3512 2235 3694 2288 ἐνιαυ-

441 2325 554 2382 τῦν
578 2326 774 2398 τριιῖινο
809 2327 975 2398 ἧγουν
1000 2325 1191 2398 μέχρις
1228 2324 1292 2379 ἂν
1315 2323 1541 2397 γένηται
1574 2323 1738 2379 πάλιν
1769 2325 1798 2378 ό
1826 2324 2016 2396 χρόνος
2052 2324 2313 2396 βίσεξτος.
2355 2323 2590 2387 Τούτους
2637 2320 2729 2379 οὖν
2753 2325 3118 2396 ὑπερϐαίνων,
3142 2327 3216 2391 ὡς
3247 2329 3482 2400 εἴρηται,
3519 2328 3691 2399 ἀρχου

443 2419 554 2473 ἀπὸ
596 2416 691 2472 τοῦ
758 2417 1035 2490 Μαρτίου,
1066 2416 1358 2489 λαμϐάνων
1399 2416 1498 2482 τὰς
1556 2415 1944 2488 διαληφθείσας
2007 2417 2219 2490 ἡμέρας
2265 2416 2356 2470 τὸν
2405 2417 2694 2487 εἰρημένον
2743 2417 2980 2489 τρόπον,
3033 2418 3192 2490 ἀχρις
3233 2419 3299 2476 ἂν
3339 2421 3549 2492 φθάσῃς
3589 2419 3692 2490 τὴν

443 2512 782 2584 ζητηυμένην
807 2511 1042 2585 ἡμέραν·

513 2605 692 2676 Atque
730 2615 790 2662 ut
821 2621 911 2662 res
946 2613 1062 2662 tota
1105 2605 1201 2661 ﬁat
1250 2605 1503 2678 exemplo
1544 2607 1730 2678 aliquo
1779 2605 2010 2672 clarior,

2187 2603 2306 2658 ἰνα
2330 2603 2387 2656 δὲ
2417 2601 2511 2657 καὶ
2545 2603 2613 2656 δι’
2648 2601 3042 2675 ὑποδείγματος
3073 2605 3403 2677 σαφέστερον
3438 2607 3499 2662 τὸ
3531 2609 3688 2680 λεγό-

435 2707 721 2768 -qua2ratur
752 2697 855 2754 hoc
886 2712 1052 2764 anno,
1075 2697 1171 2768 qui
1199 2705 1283 2754 est
1304 2697 1466 2768 6885,
1493 2707 1626 2771 quot
1647 2699 1858 2754 dierum
1886 2698 2010 2752 luna

2116 2713 2276 2768 μενον
2300 2694 2546 2766 γένηται,
2579 2693 2780 2748 κείσθω
2811 2693 2992 2767 ζητεῖν
3036 2697 3182 2766 ἡμᾶς
3215 2697 3354 2751 κατὰ
3383 2699 3444 2752 τὸ
3471 2701 3685 2755 ἐνιστά-

440 2790 514 2844 sit
534 2787 661 2843 Maii
689 2788 973 2846 vicesimo.
1010 2788 1253 2845 Primum
1295 2789 1536 2848 radicem
1580 2792 1751 2854 illius,
1785 2790 1888 2845 hoc
1928 2796 2010 2844 est

2115 2803 2274 2857 μενον
2295 2793 2484 2852 ,ςωπέ
2504 2786 2622 2850 ἔτος
2646 2785 2828 2840 πόσων
2844 2785 3068 2858 ἡμερῶν
3097 2790 3242 2841 ἐστιν
3269 2789 3296 2859 ή
3327 2789 3523 2861 σελήνη
3545 2793 3688 2846 κατά

437 2895 536 2944 ιι,
585 2881 904 2937 sumimus:
954 2896 1021 2937 ac
1067 2881 1457 2953 praetermissis
1507 2881 1772 2939 Januario
1814 2890 1868 2938 et
1918 2878 2010 2937 Fe-

2113 2879 2207 2950 τὴν
2235 2884 2284 2932 κ’
2316 2876 2409 2932 τοῦ
2443 2877 2640 2932 Μαΐου.
2684 2878 3028 2950 Κρατοῦντες
3055 2873 3147 2932 οὖν
3177 2879 3268 2933 τὸν
3309 2880 3556 2951 θεμέλιον
3586 2884 3686 2937 αὐ-

437 2965 683 3040 bruario,
724 2981 784 3028 ut
823 2973 920 3044 qui
951 2972 1089 3030 nihil
1123 2975 1348 3031 omnino
1374 2975 1683 3041 conferant,
1715 2973 2010 3046 incipimus

2113 2967 2237 3038 τῆς,
2272 2974 2321 3020 κ’
2373 2966 2720 3038 ὑπάρχοντα,
2753 2967 3166 3040 παρατρέχομεν
3217 2967 3310 3022 τόν
3348 2986 3407 3022 τε
3452 2971 3684 3026 Ἰανουά-

431 3080 469 3119 a
494 3063 708 3130 Martio,
742 3065 810 3122 de
853 3079 963 3137 quo
1011 3064 1156 3122 diem
1207 3065 1385 3137 [1χὲ
1441 3067 1806 3138 capimus,ex
1837 3064 2010 3136 Aprili

2119 3076 2231 3132 ριον
2269 3059 2362 3112 καὶ
2392 3058 2486 3114 τὸν
2515 3058 2895 3131 Φεϐρουάριον,
2919 3061 2995 3124 ὡς
3028 3061 3101 3132 μὴ
3133 3061 3355 3132 ἔχοντας
3381 3064 3685 3134 εἰσενέγκαι

439 3155 564 3228 1/2,
587 3157 680 3227 qui
715 3155 834 3212 dies
865 3170 990 3211 cum
1024 3155 1176 3213 horis
1205 3157 1274 3212 ad
1303 3173 1374 3212 xx
1404 3158 1646 3214 radicem
1679 3155 1870 3220 additi,
1900 3169 2008 3209 una

2113 3167 2187 3205 τι.
2236 3149 2553 3222 Ἀρχόμενοι
2610 3149 2668 3202 δὲ
2718 3150 2826 3203 ἀπὸ
2882 3149 2974 3204 τοῦ
3027 3153 3275 3225 Μαρτίου
3337 3153 3686 3228 λαμϐάνομεν

433 3262 561 3302 cum
597 3263 667 3302 xx
713 3246 908 3303 diebus
939 3245 1088 3312 Maii,
1119 3247 1421 3304 coniiciunt
1475 3247 1616 3304 duos
1653 3253 1710 3303 et
1765 3244 2004 3317 quadra-

2113 3239 2299 3294 τούτου
2356 3239 2481 3312 μίαν
2509 3239 2714 3310 ἥμισυ,
2768 3239 2980 3293 καὶτοῦ
3017 3241 3292 3312 Ἀπριλίου
3336 3244 3540 3316 ἦμισυ,
3586 3245 3679 3306 αἶ,

428 3339 605 3408 ginta.
640 3337 900 3396 Deductis
929 3353 1062 3412 ergo
1083 3355 1213 3395 xxix
1241 3339 1366 3413 1/2,
1387 3340 1773 3412 relinquuntur
1797 3353 1873 3394 xu
1898 3336 2004 3408 1/2

2113 3331 2252 3404 μετὰ
2273 3330 2378 3384 τῶν
2403 3337 2450 3384 κ’
2481 3329 2575 3384 τοῦ
2598 3330 2848 3402 θεμελίου
2875 3331 3319 3404 προστιθέμεναι,
3363 3335 3457 3388 καὶ
3484 3336 3542 3390 al
3584 3335 3680 3392 τοῦ

434 3429 573 3486 dies.
605 3427 774 3500 Igitur
795 3429 1057 3486 vicesimo
1086 3429 1174 3487 die
1191 3429 1316 3486 Maii
1345 3439 1562 3488 atatem
1590 3432 1734 3488 luna:
1763 3429 2001 3486 dicimus

2113 3424 2284 3478 Μαΐου
2314 3428 2384 3486 κ’,
2425 3422 2664 3491 γίνονται
2709 3422 2818 3493 μϐ’.
2851 3423 3298 3496 Ἐκϐεϐλημένων
3327 3423 3420 3480 οὖν
3451 3428 3561 3483 τῶν
3597 3430 3681 3484 κθ¹

429 3534 556 3577 esse
585 3520 794 3576 dierum
833 3537 908 3577 xu
933 3515 1059 3593 1/25

2113 3514 2174 3570 S"
2206 3513 2460 3585 ἡμερῶν,
2507 3513 2941 3586 κατελείφθησαν
2976 3516 3070 3569 καὶ
3111 3517 3176 3569 ιϐ’
3213 3515 3279 3571 S"
3313 3518 3540 3591 ήμέραι.
3577 3522 3680 3575 Λέ-

429 3633 600 3689 γομεν
655 3612 748 3672 οὖν
788 3613 926 3672 εἶναι
970 3619 1072 3691 τὴν
1119 3617 1348 3691 σελήνην
1372 3617 1516 3674 κατά
1555 3617 1657 3692 τὴν
1710 3617 2008 3692 εἰρημένην
2035 3610 2081 3670 κ’
2111 3609 2206 3666 τοῦ
2240 3609 2414 3662 Μαΐου
2457 3609 2625 3680 μηνὸς
2659 3607 2726 3661 ιϐ’
2752 3610 2924 3680 ἥμισυ
2951 3610 3193 3683 ἡμερῶν.

2107 3743 2296 3807 Ὅπως
2327 3739 2421 3794 δεῖ
2447 3741 2926 3816 εὑρίσκεινε-κ-αὶ-
2949 3742 3147 3816 πόσας
3179 3742 3336 3816 ὧρας
3367 3745 3406 3813 ἡ
3439 3746 3676 3816 σελήνη

995 3810 1163 3886 possit
1194 3817 1434 3870 inveniri.
1702 3810 1707 3812 ⁷
1751 3810 1764 3818 ⁷

2369 3813 2640 3880 φαίνεται
2666 3813 2794 3865 καθ’
2819 3810 3088 3880 ἑκάστην
3121 3810 3406 3882 ἑσπέραν.

502 3903 616 3960 Vll.
649 3901 805 3960 Scire
847 3903 1076 3962 forsitan
1107 3905 1346 3976 cupienti
1373 3905 1471 3962 tibi
1500 3917 1635 3976 quot
1661 3905 1826 3962 horas
1864 3907 1996 3961 luna

2173 3901 2246 3956 Z'.
2292 3901 2550 3956 Ποθοῦντί
2615 3919 2696 3955 σοι
2769 3901 2814 3955 δ’
2882 3900 3011 3965 ἴσως
3079 3903 3276 3958 εἰδέναι
3328 3905 3421 3959 καὶ
3504 3907 3678 3972 πόσας

431 4003 557 4067 post
582 4009 841 4065 vesperas
877 3995 1125 4067 singulas
1167 4011 1446 4060 crescens,
1485 3996 1879 4053 decrescensve
1910 3998 1994 4053 lu-

2113 3993 2250 4066 ὦρας
2287 3995 2321 4065 ἠ
2357 3993 2552 4066 σελήνη
2579 3995 2758 4063 φαίνει
2801 3993 2923 4048 καθ’
2964 3995 3202 4066 ἑκάστην
3251 3997 3487 4070 ἑσπέραν
3515 3999 3674 4066 αὐξο-

429 4093 574 4150 ceat,
608 4085 711 4141 boc
733 4085 979 4156 impigre,
1010 4100 1112 4140 nec
1136 4085 1445 4156 importune
1477 4087 1574 4141 tibi
1599 4093 1752 4142 certa
1784 4087 1998 4143 ratione

2113 4087 2244 4158 μένη
2273 4103 2333 4140 τε
2359 4086 2451 4140 καὶ
2479 4085 2795 4157 μειουμένη,
2826 4088 2925 4141 οὐκ
2958 4088 3143 4160 ἀργῶς
3179 4089 3287 4143 οὐδ’
3315 4090 3558 4162 ἀκαίρως
3589 4110 3672 4146 σοι

428 4176 948 4232 demonstrabimus.
987 4174 1163 4244 Luna,
1192 4187 1482 4248 postquam
1517 4186 1644 4232 nata
1667 4190 1774 4244 est,
1798 4180 1998 4235 crescit

2113 4177 2190 4230 ιαὶ
2208 4178 2298 4231 τὸν
2324 4178 2450 4249 περὶ
2473 4176 2664 4231 τούτου
2690 4177 2846 4246 λόγον
2869 4178 3204 4249 ¹έκθήσομεν.
3223 4181 3284 4233 Ἡ
3307 4180 3504 4254 σελήνη
3534 4183 3676 4252 μετά

427 4269 496 4324 ad
541 4285 613 4324 xv
664 4267 820 4336 dies;
870 4283 936 4324 ac
977 4268 1204 4324 totidem
1245 4271 1371 4339 plus
1433 4269 1618 4326 minus
1659 4269 1824 4340 pleno
1864 4269 2000 4326 orbe

2113 4268 2155 4322 τὸ
2182 4268 2506 4340 γεννηθῆναι
2539 4268 2758 4335 αὐξάνει
2796 4268 2894 4339 μὲν
2928 4269 3088 4340 μέχρι
3114 4273 3213 4342 τῆς
3238 4271 3298 4324 ιε’
3329 4273 3569 4344 ἡμέρας·
3605 4269 3676 4346 ἦς

427 4364 591 4418 lucet.
625 4359 755 4417 Inde
798 4361 1060 4432 paulatim
1102 4361 1170 4416 ad
1212 4361 1554 4417 tricesimum
1587 4377 1762 4433 usque
1807 4361 1998 4418 decre-

2113 4360 2245 4424 ιντὺς
2264 4361 2355 4414 ὲπί
2372 4378 2430 4415 τε
2455 4361 2516 4414 τὸ
2531 4359 2692 4416 πλέον
2715 4364 2809 4414 καὶ
2822 4360 2884 4413 τὸ
2899 4360 3117 4414 ἔλαττον
3139 4363 3348 4430 γίνεται
3375 4367 3469 4418 καὶ
3493 4367 3525 4436 ἡ
3547 4366 3674 4419 ταύ-

425 4454 550 4517 scit,
582 4468 694 4524 quo
723 4453 812 4508 die
842 4455 1060 4524 penitus
1087 4454 1210 4509 luce
1236 4453 1450 4510 defecta
1478 4469 1674 4510 rursus
1712 4453 1866 4509 nasci
1895 4468 1994 4508 no-

2113 4469 2193 4522 της
2210 4451 2492 4522 ἀπόχυσις.
2512 4451 2642 4504 ’Δπὸ
2663 4450 2866 4521 ταύτης
2885 4451 2928 4504 δ’
2949 4451 3175 4523 ἄρχεται
3204 4453 3486 4523 μειοῦσθαι
3509 4455 3675 4526 μέχρι

423 4559 490 4598 va
531 4545 744 4616 incipit.
779 4543 949 4616 Igitur
1002 4544 1312 4616 quindecim
1378 4545 1488 4601 illis
1540 4545 1862 4600 incrementi
1904 4544 1989 4600 sui

2230 4541 2294 4606 λ’,
2321 4514 2444 4595 καθ’
2475 4542 2539 4613 ἣν
2571 4514 2898 4594 ἐκλείπουσα
2928 4514 3168 4608 τελείως,
3204 4514 3484 4614 ἀρχομένη

423 4636 639 4702 diebus,
687 4635 790 4692 sub
829 4635 1062 4706 primam
1097 4650 1378 4706 vesperam
1430 4635 1709 4707 scrupulis
1753 4642 1994 4706 quatuor

2113 4636 2354 4702 γεννᾶται
2400 4634 2514 4688 νέα.
2571 4634 2659 4686 Ἐν
2699 4635 2817 4696 ταῖς
2843 4634 3164 4704 εἰρημέναις
3208 4631 3300 4688 οὖν
3330 4635 3390 4688 ιε’
3433 4636 3673 4706 ἡμέραις

427 4729 570 4782 lucet
629 4744 644 4781 :
702 4727 807 4782 sub
862 4726 1181 4792 secundam,
1239 4742 1372 4792 vui;
1423 4726 1532 4782 sub
1576 4725 1820 4790 tertiam,
1856 4741 1931 4781 xu
1973 4744 1988 4782 :

2113 4727 2196 4797 τῆς
2224 4724 2706 4796 αὐξήσεως-αὑτῆς
2739 4724 2942 4794 λάμπει
2981 4726 3081 4796 τὴν
3109 4726 3208 4797 μὲν
3255 4726 3478 4798 πρώτην
3509 4729 3672 4782 ἐσπέ-

433 3745 574 3812 Quot
612 3744 772 3799 horas
802 3746 930 3800 [una
976 3745 1211 3818 singulis,
1244 3746 1483 3818 noctibus
1513 3747 1713 3812 luceat,
1740 3745 2000 3818 quomodo

423 4828 588 4891 atque
615 4819 691 4874 ita
719 4819 979 4890 deinceps
1001 4834 1178 4890 usque
1205 4819 1274 4875 ad
1307 4818 1452 4876 diem
1481 4835 1574 4886 xv,
1603 4819 1680 4874 ita
1709 4826 1770 4873 ut
1797 4819 1988 4890 singu-

423 4910 488 4964 lae
520 4918 711 4964 noctes
737 4925 790 4964 Iv
819 4908 1022 4964 addant
1049 4910 1330 4980 scrupula,
1361 4909 1673 4980 cuiusmodi
1712 4910 1770 4964 in
1794 4910 1986 4966 horam

420 4998 720 5069 quamlibet
745 4999 1086 5070 imputantur
1112 5015 1166 5054 ν.
1197 4999 1386 5070 Itaque
1409 5014 1536 5054 cum
1583 4999 1650 5055 ad
1692 5015 1763 5054 xv
1790 5015 1990 5071 vespe-

421 5106 536 5147 ram
570 5093 908 5162 pervenerit,
942 5099 1000 5145 ut
1042 5090 1200 5161 plena
1232 5091 1466 5158 dicatur,
1493 5091 1641 5161 quod
1675 5100 1807 5152 tunc
1853 5093 1990 5148 solis

421 5183 588 5239 radiis
633 5191 746 5238 tota
795 5183 1182 5245 collustretur,
1216 5183 1474 5253 scrupula
1515 5198 1581 5238 ιι
1615 5198 1682 5238 ea
1714 5190 1875 5239 nocte
1905 5183 1992 5236 lu-

420 5281 524 5338 cet,
561 5290 683 5346 quae
736 5283 865 5330 sunt
900 5275 1048 5330 hora:
1092 5290 1192 5330 xu.
1248 5273 1384 5330 Nam
1426 5284 1621 5348 quater
1671 5274 1986 5344 quindeci

419 5372 548 5418 sunt
569 5380 658 5432 ιι,
705 5372 759 5420 et
795 5365 1088 5436 quinquies
1137 5364 1426 5420 duodecim
1457 5364 1644 5420 itidem
1678 5379 1770 5418 ιι.
1807 5365 1990 5430 Quare

420 5456 467 5514 si
528 5471 693 5514 nosse
743 5459 900 5528 cupis
945 5464 1080 5528 quot
1123 5457 1287 5512 horas
1323 5457 1555 5528 singulis
1583 5458 1840 5514 noctibus
1863 5471 1988 5512 cre-

418 5562 576 5606 locus
591 5550 717 5605 luna
745 5549 943 5617 luceat,
959 5549 1081 5606 vide
1105 5558 1238 5622 quot
1265 5550 1384 5608 dies
1411 5557 1545 5609 atas
1565 5550 1713 5608 illius
1746 5550 1983 5618 habeat;

495 5769 536 5802 "
563 5771 604 5839 f-
634 5767 918 5840 κληρωθῆο

2101 4835 2200 4891 ραν
2230 4817 2403 4871 λεπτὰ
2427 4816 2492 4882 δ’,
2522 4815 2620 4886 τὴν
2652 4816 2709 4870 δὲ
2738 4817 2997 4888 δευτέραν
3028 4817 3100 4888 η’,
3125 4817 3224 4889 τὴν
3261 4818 3318 4872 δὲ
3347 4819 3536 4890 τρίτην
3563 4819 3668 4872 ιϐ’·

2097 4912 2192 4966 καὶ
2207 4911 2436 4982 καθεξῆς
2454 4910 2652 4982 ὁμοίως
2669 4894 2829 4982 μέχρι
2845 4911 2952 4964 τῶν
2976 4911 3056 4974 ιε’,
3071 4911 3512 4983 προστιθεμένων
3530 4913 3670 4984 αὒτῇ

2097 5003 2222 5058 καθ’
2272 5003 2510 5072 ἑκάστην
2539 5002 2778 5072 ἑσπέραν
2821 5001 3032 5055 λεπτῶν
3061 5002 3126 5065 δ’,
3166 5001 3202 5056 ἃ
3241 5003 3305 5074 δὴ
3333 5004 3507 5057 λεπτὰ
3557 5006 3674 5059 sle-

2098 5097 2318 5163 άγονται
2353 5095 2410 5146 έν
2440 5094 2540 5163 μιᾷ
2568 5093 2770 5163 ἑκάστῃ
2792 5091 2912 5164 ὥρα
2939 5093 3001 5148 ε’.
3029 5093 3285 5146 Φθάσασα
3313 5093 3444 5162 γοῦν
3478 5093 3576 5165 τὴν
3607 5096 3672 5148 ιε’

2096 5184 2355 5254 ἑσπέραν.
2373 5184 2492 5253 ἣτις
2522 5182 2616 5235 καὶ
2647 5181 2978 5252 πανσέληνος
3004 5183 3266 5246 καλεῖται,
3287 5183 3376 5238 διὰ
3403 5187 3464 5237 τὸ
3489 5186 3675 5238 πᾶσαν

2099 5275 2228 5348 παρ’
2255 5276 2422 5346 αὐτῆς
2455 5272 2804 5343 φωτίζεσθαι,
2834 5273 3041 5344 λάμπει
3087 5276 3228 5330 κατὰ
3257 5276 3463 5348 ταύτην
3496 5277 3673 5331 λεπτὰ

2093 5367 2159 5434 ξ’,
2187 5368 2354 5438 ἡγουν
2391 5365 2539 5436 ὥρας
2571 5364 2660 5420 ιδ’·
2692 5365 2959 5436 Τετράκις
2982 5365 3090 5436 γὰρ
3134 5366 3203 5438 τὰ
3241 5367 3301 5418 ιε’
3331 5367 3372 5431 ξ’
3403 5368 3670 5436 γίνονται.

2091 5457 2187 5512 καὶ
2213 5457 2478 5521 πεντάκις
2498 5456 2567 5510 τά
2597 5455 2664 5509 ιϐ’
2695 5456 2856 5510 πάλιν
2876 5455 2940 5524 ξ’.
2965 5458 3028 5510 Et
3053 5453 3146 5510 οὖν
3170 5457 3349 5527 βούλει
3376 5460 3674 5527 γινώσκειν

2090 5549 2264 5614 πόσας
2280 5548 2428 5622 ὥρας
2454 5548 2636 5619 φαίνει
2653 5547 2773 5604 καθ’
2796 5547 3032 5604 ἑκάστην
3049 5548 3285 5620 ἑσπέραν
3304 5550 3673 5622 αὐξανομένη,
