4124 6410
397 389 531 444 1595

1528 383 1749 444 lSAACl
1787 381 2092 443 MONACHI
2129 380 2527 446 COMPUTUS.

3493 369 3628 432 {326

393 504 616 578 εὕρισκε
655 504 832 561 πόσων
858 506 1078 578 ἡμερῶν
1116 505 1390 577 τυγχάνει,
1416 507 1509 560 καὶ
1533 507 1756 572 ταύταις
1782 507 1959 571 διδοὺς

2077 522 2160 575 πο
2179 521 2508 577 unoquoque
2534 505 2622 560 die
2637 501 2892 572 scrupula
2921 509 2974 554 tv
2999 496 3186 568 accipe
3221 506 3235 548 ι
3269 508 3535 552 summam
3566 507 3633 548 ex

393 598 497 653 ἀνὰ
537 598 707 651 λεπτὰ
754 597 817 663 δ’,
861 599 929 652 τὰ
969 597 1306 667 συναγόμενα
1356 599 1528 652 λεπτά
1582 597 1768 670 μέριζε
1809 599 1961 670 παρὰ

393 689 485 744 τὸν
537 689 598 754 ε’,
629 688 949 760 μεταϐαλὼν
993 690 1073 752 εἰς
1109 687 1291 760 ὥρας’
1337 691 1430 742 καὶ
1475 690 1616 756 ἔξεις
1663 690 1722 743 τὺ
1766 690 1960 761 ζητού-

399 797 578 850 μενον.
611 780 880 843 Ὡσαύτως
913 781 1007 833 καὶ
1042 779 1178 850 μετὰ
1201 779 1298 850 τὴν
1323 780 1606 851 ἀπόχυσιν,
1628 783 1792 852 ἤγουν
1823 781 1961 852 μετὰ

395 870 493 940 τὴν
521 870 582 923 ιε’
605 871 776 940 αὐτῆς
812 870 1044 941 ἡμέραν,
1081 872 1128 922 εἰ
1157 869 1336 940 βούλει
1369 872 1644 942 εὑρίσκειν
1680 871 1778 935 τὰς
1813 872 1962 944 ὥρας

396 963 493 1033 τῆς
516 961 730 1030 φάσεως
751 963 941 1031 αὑτῆς,
969 961 1131 1031 ἄφελε
1164 963 1269 1016 ἀπὸ
1295 962 1405 1017 τῶν
1436 963 1500 1017 ιϐ’
1525 964 1683 1036 ὡρῶν
1712 965 1811 1036 τῆς
1835 965 1963 1036 ὅλης

399 1058 589 1116 νυκτὸς
653 1052 772 1106 καθ’
823 1054 1057 1124 ἑκάστην
1119 1055 1358 1128 ἑσπέραν
1402 1057 1509 1110 τῶν
1576 1057 1964 1127 παρελθουσῶν

398 1145 569 1198 λεπτά
598 1144 662 1208 δ’,
691 1146 782 1198 καὶ
821 1147 878 1198 αἱ
913 1147 1368 1218 καταλειπόμεναι
1405 1143 1567 1221 ὧραι,
1598 1149 1631 1220 ἢ
1663 1152 1755 1204 καὶ
1791 1151 1965 1205 λεπτά

402 1238 519 1306 μετ’
546 1236 743 1301 αὐτῶν,
777 1237 928 1291 ἔσται
963 1240 994 1309 ὴ
1024 1239 1221 1307 φαῦσις
1252 1241 1441 1311 αὑτῆς.
1469 1243 1539 1294 Ἢ
1571 1243 1664 1295 καὶ
1699 1243 1890 1306 ἄλλως.

470 1325 705 1396 Εὕρισκε
758 1328 938 1380 πόσων
981 1329 1202 1400 ἡμερῶν
1240 1331 1472 1402 ὑπάρχει
1511 1329 1617 1386 ἀπὸ
1647 1335 1744 1404 τῆς
1777 1336 1965 1406 γεννή-

403 1433 538 1480 σεως
576 1418 744 1488 αὐτῆς
779 1417 938 1488 μέχρι
963 1419 1059 1489 τῆς
1110 1421 1250 1490 μετὰ
1290 1422 1389 1494 τὴν
1437 1423 1699 1492 ἁπόχυσιν
1727 1426 1964 1497 ἡμέρας,

401 1505 522 1558 καθ’
549 1507 614 1576 ἢν
643 1507 822 1577 ζητεῖς
851 1509 948 1572 τὰς
994 1509 1141 1581 ὥρας
1172 1511 1264 1564 τοῦ
1310 1514 1588 1584 φωτισμοῦ
1630 1517 1819 1586 αὐτῆς.
1853 1518 1964 1580 Τὰς

401 1591 494 1648 οὖν
524 1596 778 1660 τοιαύτας
826 1600 1036 1670 ἡμέρας
1089 1601 1338 1673 ἀφαιρῶν
1381 1605 1488 1658 ἀπὸ
1529 1605 1636 1659 τῶν
1675 1607 1740 1672 λ’,
1778 1610 1966 1680 κράτει

399 1689 498 1750 τάς
531 1689 980 1758 καταλειφθείσας
1028 1694 1220 1766 μέχρις
1269 1695 1436 1766 αὐτῆς
1478 1697 1604 1767 ὅλης
1650 1699 1747 1769 τῆς
1775 1699 1841 1765 λ’,
1879 1698 1968 1767 αἷς

400 1777 574 1843 διδοὺς
607 1781 708 1834 ἀνὰ
741 1781 909 1835 λεπτὰ
939 1782 999 1848 δ’,
1030 1785 1096 1838 τὰ
1126 1786 1232 1839 ἀπὸ
1263 1788 1466 1842 τούτων
1493 1791 1753 1862 γινόμενα
1787 1794 1964 1848 πάντα

2066 600 2321 656 omnibus
2350 599 2636 654 collectam
2676 595 2880 667 partire
2908 607 3006 664 per
3040 607 3094 657 ν,
3136 598 3190 646 et
3223 604 3318 660 pro
3350 588 3416 642 iis
3441 586 3634 655 sing“-

2067 693 2149 748 las
2177 692 2342 746 horas
2368 705 2594 746 numera
2630 708 2643 744 :
2674 689 2900 744 habebis
2935 687 3039 741 hoc
3071 683 3235 739 modo
3265 676 3412 751 quod
3435 677 3637 748 quaeri-

2067 794 2176 840 tur.
2221 783 2486 839 Similiter
2523 790 2644 852 post
2685 778 3067 850 plenilunium,
3118 774 3222 829 hoc
3263 779 3351 827 est
3395 776 3520 841 post
3568 781 3635 820 xv

2068 875 2211 930 diem
2251 875 2412 937 lumr,
2441 880 2500 929 ut
2529 874 2714 939 horas,
2763 870 2966 941 quibus
3000 868 3164 929 lucet,
3195 875 3512 933 assequare,
3543 858 3633 912 des

2069 967 2225 1020 trahe
2281 966 2348 1020 de
2389 964 2542 1020 horis
2597 978 2672 1016 xu
2729 963 2953 1030 integra:
3006 956 3204 1022 noctis,
3247 968 3346 1024 pro
3397 948 3639 1022 qualibet

2069 1064 2260 1111 exacta
2306 1066 2465 1111 nocte
2495 1053 2754 1124 scrupula
2788 1068 2841 1106 tv
2879 1070 2894 1105 :
2931 1049 3076 1120 quod
3118 1046 3390 1117 reliquum
3423 1039 3508 1098 est
3537 1041 3639 1095 ho-

2069 1162 2280 1210 rarum,
2329 1147 2412 1201 vel
2461 1146 2878 1215 scrupulorum,
2932 1149 3150 1210 tempus
3191 1143 3276 1192 est
3314 1148 3424 1205 quo
3470 1132 3668 1187 luceta

2068 1234 2200 1292 Item
2229 1237 2334 1292 alio
2357 1237 2540 1292 modo.

2145 1327 2294 1382 Scito
2325 1337 2458 1400 quot
2511 1329 2629 1383 dies
2667 1323 2941 1394 interjccti
2993 1323 3102 1377 sint
3157 1335 3188 1373 a
3240 1330 3377 1372 nova
3413 1314 3538 1369 luna
3569 1311 3639 1366 ad

2069 1425 2410 1490 propositum
2446 1422 2589 1476 diem
2644 1417 2942 1490 plenilunio
2986 1412 3375 1485 posteriorem,
3412 1418 3520 1475 quo
3551 1403 3641 1457 die

2071 1515 2336 1588 quaeritur
2357 1519 2491 1583 quot
2520 1510 2671 1566 horis
2705 1510 2904 1562 luceat.
2939 1505 3218 1560 Summam
3244 1503 3456 1557 dierum
3486 1499 3641 1555 aufer

2075 1609 2144 1664 de
2176 1623 2282 1661 xxx
2309 1624 2320 1660 :
2355 1605 2499 1676 quod
2515 1607 2764 1673 superest
2793 1599 2860 1652 ad
2891 1596 3223 1652 tricesimam
3255 1608 3430 1664 usque
3453 1592 3639 1646 lunam

2075 1701 2287 1770 accipe;
2337 1715 2437 1769 pro
2481 1695 2711 1766 singulis
2761 1692 2954 1747 diebus
2997 1688 3232 1744 residuis
3292 1683 3550 1756 scrupula
3587 1696 3642 1735 iv

2074 1798 2327 1862 computa
2351 1809 2363 1844 :
2385 1788 2669 1843 collectam
2693 1800 2758 1840 ex
2786 1783 3042 1838 omnibus
3066 1793 3333 1836 summam
3355 1775 3641 1846 scrupulo—

402 1869 574 1924 λεπτὰ
610 1873 797 1945 μέριζε
842 1876 991 1948 παρὰ
1041 1877 1149 1930 τῶν
1190 1877 1264 1930 ε’·
1313 1875 1406 1934 καὶ
1458 1880 1679 1956 μαθήσῃ
1725 1883 1967 1956 ἀκριϐῶς

2077 1899 2190 1938 rum
2235 1882 2440 1953 partire
2479 1895 2575 1950 per
2606 1895 2634 1930 v
2663 1888 2675 1931 :
2703 1878 2774 1931 ita
2809 1882 2960 1930 certo
2987 1871 3290 1942 comperies
3319 1877 3451 1940 quot
3475 1866 3643 1922 horas

403 1963 577 2026 πόσας
604 1964 750 2035 ὥρας
783 1967 874 2019 καὶ
899 1967 1070 2022 λεπτὰ
1105 1970 1286 2040 μέλλει
1315 1971 1544 2043 λάμψαι.

487 2055 624 2107 Ἀλλ’
653 2057 879 2129 ἐπείπερ
920 2061 952 2130 ή
993 2060 1216 2131 τοιαύτη
1257 2061 1480 2132 μέθοδος
1513 2065 1568 2140 ἐν
1610 2065 1813 2129 πάσαις
1852 2068 1971 2131 ταῖς

403 2142 499 2197 τοῦ
533 2145 776 2198 ἐνιαυτοῦ
811 2146 932 2211 νυξὶ
961 2148 1038 2218 τῷ
1063 2149 1281 2221 ἀριθμῴ
1312 2151 1421 2204 τῶν
1450 2150 1516 2203 ιϐ’
1545 2152 1742 2223 χρῆται
1779 2153 1966 2225 ὼρῶψ

404 2234 536 2303 ἡμῖν
560 2233 604 2287 δ’
634 2237 687 2288 αἱ
729 2236 921 2300 νύκτες
959 2237 1098 2290 κατὰ
1151 2239 1247 2310 μὲν
1294 2240 1392 2311 τὴν
1444 2243 1665 2314 ἐαρινὴν
1708 2245 1801 2297 καὶ
1847 2245 1970 2313 φθι-

407 2326 708 2398 νοπωρινὴν
732 2328 817 2398 ίση
826 2345 890 2397 με
900 2327 1038 2399 ρίαν,
1057 2329 1221 2399 ἦγουν
1238 2331 1377 2384 κατά
1394 2333 1483 2384 τὸν
1497 2333 1562 2384 Σε
1569 2334 1666 2386 πτέ
1674 2334 1747 2404 μϐ
1755 2352 1866 2405 ριον
1881 2337 1974 2389 καὶ

406 2415 549 2466 κατὰ
567 2415 657 2468 τὸν
696 2417 933 2489 Μάρτιον
967 2419 1125 2489 μόνον
1162 2419 1375 2490 ἔχουσιν
1409 2422 1512 2475 ἀνὰ
1540 2423 1605 2476 ιϐ’
1635 2424 1815 2496 ὡρῶν,
1853 2425 1973 2478 καθ’

406 2503 465 2556 ὃν
494 2505 682 2576 καιρὸν
713 2508 806 2559 καὶ
841 2509 874 2579 ή
907 2508 1132 2578 ρηθεῖσα
1171 2511 1390 2579 μέθοδος
1420 2513 1664 2584 ἀσφαλής
1689 2517 1804 2567 ἐστι
1837 2516 1976 2570 κατὰ

407 2596 504 2656 τῖς
536 2593 683 2664 ὧρας
728 2594 1010 2659 ίσὰζουσαο
1046 2599 1183 2668 μετὰ
1221 2598 1276 2652 δὲ
1318 2601 1406 2654 τὸν
1438 2603 1826 2676 Σεπτέμϐριον,
1863 2624 1976 2677 χει-

410 2680 584 2752 μῶνος
614 2681 929 2750 φθάνοντος,
967 2684 1067 2748 τὰς
1104 2685 1170 2738 ιϐ’
1204 2686 1352 2759 ὥρας
1385 2691 1782 2762 ὑπερϐαίνουσα
1813 2696 1845 2767 ή
1880 2695 1976 2762 νὺξ

410 2773 548 2828 κατὰ
585 2776 780 2848 μικρὸν
818 2777 1099 2850 προϐαίνει
1139 2781 1266 2851 ἄχρι
1301 2782 1410 2835 τῶν
1445 2791 1532 2836 ιε’·
1577 2785 1839 2851 ὡσαύτως
1882 2790 1976 2842 καὶ

411 2865 547 2935 μετὰ
578 2867 670 2920 τὸν
697 2867 937 2938 Μάρτιον
969 2868 1097 2939 ἄχρι
1132 2871 1227 2923 τοῦ
1255 2870 1445 2943 θέρους
1475 2875 1736 2945 προϊοῦσα
1773 2878 1973 2949 κατέρο

408 2974 560 3028 χεται
603 2960 682 3022 είς
709 2958 858 3029 ὧρας
886 2959 964 3013 θ’⁶
1018 2962 1127 3015 κὰκ
1174 2963 1363 3017 τούτου
1406 2967 1779 3036 ἀναφαίνεται,
1808 2969 1884 3033 ὡς
1916 2969 1974 3024 ai

407 3051 557 3120 παρὰ
580 3050 680 3121 τῆς
706 3052 998 3123 εἰρημένης
1025 3053 1207 3125 ψήφου
1236 3056 1643 3130 λαμϐανόμεναι
1671 3052 1807 3130 ὧραι
1837 3061 1976 3115 κατὰ

411 3142 510 3212 μὲν
548 3143 650 3207 τὰς
701 3143 1084 3214 διαληφθείσας
1139 3147 1426 3219 ἰσημερίας
1467 3151 1604 3203 εἰσὶν
1650 3153 1835 3223 ὅμοιαι
1881 3154 1972 3207 καὶ

411 3234 543 3298 ἶσαι,
576 3236 714 3290 κατὰ
745 3236 802 3290 δὲ
833 3236 995 3291 λοιπά
1028 3237 1122 3292 τοῦ
1155 3241 1348 3310 χρόνου
1376 3243 1516 3313 μέρη
1548 3243 1676 3296 ποτὲ
1714 3244 1815 3315 μὲν
1857 3245 1972 3315 μεί-

408 3325 564 3390 ζονές
613 3330 752 3392 εἱσι,
814 3330 941 3383 ποτὲ
993 3330 1048 3383 δὲ
1087 3331 1400 3396 ἐλάττονες,
1448 3335 1505 3387 αἳ
1553 3337 1647 3388 καὶ
1689 3337 1976 3390 καλοῦνται

408 3418 656 3488 καιρικαι
679 3435 694 3450 ·
721 3421 852 3491 ημῖν
876 3421 931 3474 δὲ
953 3423 980 3476 ὀ
1006 3423 1205 3488 σκοπός
1233 3426 1348 3477 ὲστι
1373 3425 1461 3479 διὰ
1481 3426 1588 3479 τῶν
1609 3427 1730 3480 καθ’
1747 3427 1976 3482 ’ἑκαστον

413 3509 556 3580 μῆνα
606 3512 970 3582 ἐνισταμένων
1025 3512 1153 3568 ἴσων
1181 3513 1338 3587 ὡρῶν
1366 3556 1382 3582 ,
1430 3515 1732 3588 αὐξομένης
1771 3535 1832 3572 τε
1882 3519 1976 3572 καὶ

414 3603 742 3674 μειουμένης
771 3604 872 3675 τῆς
902 3603 1122 3671 νυκτὸς,
1155 3606 1430 3679 εὑρίσκειν
1456 3607 1554 3672 τὰς
1587 3609 1706 3663 καθ’
1741 3609 1976 3680 ἑκάστην

410 3691 650 3764 ἑσπέραν
679 3692 826 3764 ὥρας
858 3693 953 3747 τοῦ
977 3695 1258 3765 φωτισμοῦ
1289 3697 1457 3768 αὑτῆς
1477 3714 1490 3726 ·
1529 3698 1975 3770 ὑποδειχθήσεται

410 3785 608 3854 τρόπον
631 3785 694 3850 ¹⁶,
729 3786 876 3850 ὅπως
908 3787 1162 3856 ἀσφαλῶς
1205 3789 1298 3842 καὶ
1333 3789 1493 3843 τοῦτο
1522 3792 1829 3861 γενήσεται,
1883 3809 1978 3862 με-

410 3874 788 3947 ταϐαλομένων
815 3878 924 3931 τῶν
957 3879 1260 3950 εἰρημένων
1284 3881 1483 3934 ἀνίσων
1515 3880 1781 3952 καιρικῶν
1818 3881 1978 3956 ὡρῶν

411 3971 492 4032 είς
520 3969 618 4033 τὰς
649 3973 777 4042 παρ’
805 3973 934 4043 ἡμῖν
970 3972 1109 4036 ἴσας,
1139 3974 1238 4037 τὰς
1267 3973 1603 4045 καλουμένας
1632 3975 1973 4046 ίσημερινάς.

415 4060 571 4113 Ἐστι
601 4061 646 4114 δ’
675 4060 866 4126 οὕτως.

481 4151 716 4223 Εὖρισκε
739 4153 952 4226 πρῶτον
975 4155 1154 4210 πόσων
1182 4156 1403 4228 ήμερῶν
1430 4158 1663 4230 ὑπάρχει
1695 4158 1729 4228 ἠ
1758 4157 1976 4228 σελήνη,

413 4243 507 4295 καὶ
545 4245 717 4309 πόσας
748 4245 896 4318 ὥρας
942 4250 1196 4319 καιρικάς
1249 4249 1426 4320 μέλλει
1465 4251 1696 4321 λάμψαι,
1739 4250 1814 4314 ὡς
1839 4251 1980 4303 ἀνωο

410 4333 554 4404 τέρω
601 4337 866 4406 ἀκήκοας.
929 4340 1142 4404 Ταύτας
1183 4336 1275 4394 οὖν
1322 4340 1789 4395 πολλαπλασίασον
1839 4344 1978 4412 μετὰ

409 4425 521 4478 τῶν
563 4427 744 4498 ὡρῶν,
777 4429 844 4492 ἃς
871 4430 980 4501 ἔχει
1007 4433 1136 4504 παρ’
1174 4435 1303 4504 ἡμῖν
1327 4436 1360 4504 ή
1383 4433 1478 4500 νὺξ
1501 4434 1595 4487 τοῦ
1625 4434 1978 4504 ἐνισταμένου

2071 1984 2126 2032 et
2153 1973 2410 2043 scrupula
2439 1972 2621 2025 lucere
2645 1968 2861 2023 debeat.

2146 2065 2252 2120 Sed
2299 2063 2556 2135 quoniam
2604 2059 2888 2116 methodus
2921 2056 3024 2112 ista
3061 2061 3251 2110 noctes
3299 2063 3489 2106 omnes
3542 2058 3642 2120 per

2074 2173 2278 2214 annum
2326 2163 2500 2210 totum
2552 2154 2720 2210 sumit
2770 2153 3027 2206 horarum
3073 2163 3171 2211 xu,
3210 2143 3350 2215 apud
3396 2157 3498 2197 nos
3551 2157 3642 2194 aus

2073 2257 2184 2303 tem
2227 2247 2330 2304 sub
2371 2261 2597 2301 vernum
2646 2251 2700 2298 et
2754 2241 3069 2296 autumnale
3109 2237 3373 2292 duntaxat
3399 2233 3643 2304 aequino-

2074 2339 2269 2402 ctium,
2295 2338 2398 2392 hoc
2413 2346 2496 2391 est
2521 2333 2828 2404 Septembri
2856 2340 2910 2387 et
2936 2329 3148 2392 Martio,
3184 2335 3368 2381 noctes
3383 2326 3642 2378 horarum

2076 2440 2203 2487 sunt
2223 2446 2296 2484 xu
2318 2446 2334 2495 ;
2360 2442 2468 2498 quo
2502 2437 2743 2496 tempore
2781 2423 3070 2478 mcthodus
3097 2429 3448 2487 nostra,qua:
3479 2415 3644 2469 hora.

2076 2538 2197 2577 rum
2237 2521 2598 2592 aequalitatem
2622 2517 2891 2588 postuiat,
2920 2528 3107 2569 errore
3139 2518 3326 2566 vacat:
3359 2515 3480 2580 post
3509 2505 3646 2575 Sep-

2084 2614 2348 2669 tembrem
2371 2653 2386 2676 ,
2439 2610 2769 2667 succedente
2810 2606 3008 2671 hieme,
3037 2620 3144 2660 nox
3181 2619 3256 2658 xu
3291 2603 3456 2657 horas
3483 2617 3646 2655 exced-

2080 2703 2217 2760 deus
2249 2702 2512 2774 paulatim
2545 2700 2612 2753 ad
2646 2715 2714 2753 xv
2749 2711 2923 2767 usque
2955 2694 3335 2766 progreditur;
3361 2699 3482 2761 post
3505 2690 3648 2743 Mara-

2075 2796 2211 2848 tium
2241 2808 2457 2863 quoque
2483 2803 2656 2860 usque
2685 2787 2754 2842 ad
2787 2788 3032 2843 testivum
3061 2784 3354 2840 solstitium
3385 2795 3643 2852 progress

2077 2903 2198 2944 sum
2250 2886 2479 2950 faciens,
2518 2883 2585 2937 ad
2636 2882 2802 2938 horas
2851 2895 2905 2934 Ix
2936 2875 3236 2942 decrescit;
3274 2889 3339 2929 ex
3371 2887 3480 2943 quo
3509 2871 3642 2926 illud

2078 2985 2323 3050 apparet,
2363 2977 2526 3032 horas
2549 2974 2760 3029 calculo
2782 2964 2886 3028 isto
2914 2977 3152 3040 putatas,
3178 2967 3257 3021 uti
3292 2968 3347 3020 in
3376 2965 3645 3020 anibobus

2077 3067 2418 3138 aequinoctiis
2465 3063 2674 3120 similes
2720 3059 3065 3130 aequalesque
3103 3063 3256 3119 sunt,
3307 3055 3386 3110 sic
3429 3055 3484 3108 in
3520 3054 3648 3110 retia

2081 3160 2204 3230 quis
2238 3155 2578 3227 temporibus
2608 3154 2743 3207 alias
2767 3151 3026 3219 majores,
3071 3149 3208 3204 alias
3234 3147 3474 3200 minores
3499 3161 3644 3208 esse,

2076 3265 2197 3321 quae
2221 3257 2275 3304 et
2305 3245 2575 3320 καιρικαί,
2603 3243 2657 3298 id
2685 3251 2768 3298 est
2790 3241 3122 3310 temporaria:
3152 3239 3430 3293 dicuntur.
3458 3235 3527 3290 At
3559 3235 3646 3288 hic

2077 3343 2238 3398 nobis
2273 3338 2590 3411 prepositus
2623 3342 2706 3391 est
2736 3349 2958 3402 scopus,
2979 3339 3038 3386 ut
3063 3347 3157 3402 per
3189 3329 3429 3398 aequales
3458 3341 3649 3382 menso

2078 3431 2274 3502 quovis
2325 3428 2518 3488 horas.
2561 3429 2844 3480 crescente
2873 3423 2958 3476 vel
2987 3422 3337 3476 decrescente
3377 3416 3526 3478 luna,
3557 3430 3644 3468 re-

2077 3520 2353 3592 periamus
2377 3523 2583 3588 quanto
2611 3521 2734 3584 post
2780 3527 3063 3583 vesperam
3094 3523 3367 3580 quamque
3403 3517 3646 3576 tempore

2077 3613 2254 3668 luceat
2282 3628 2294 3664 :
2329 3611 2450 3665 Ideo
2480 3610 2620 3663 ratio
2647 3608 2895 3677 qumdam
2920 3605 3166 3660 tradetur
3192 3619 3221 3657 a
3246 3601 3424 3667 nobis,
3456 3617 3562 3671 qua
3592 3599 3647 3654 id

2077 3713 2226 3759 certo
2281 3701 2542 3771 consequi
2592 3701 2884 3770 possimus,
2930 3697 3010 3752 uti
3048 3697 3306 3751 nimirum
3353 3692 3649 3763 inaequales

2076 3794 2226 3848 hora:
2278 3793 2385 3847 illae
2428 3807 2492 3846 ac
2538 3790 2881 3862 temporariae
2927 3788 2984 3844 in
3033 3803 3148 3852 eas,
3203 3801 3341 3858 quas
3391 3797 3649 3840 vocamus

2075 3887 2504 3959 aequinoctiales,
2539 3891 2840 3939 mutentur.
2867 3881 2961 3937 Est
2992 3889 3172 3938 autem
3215 3877 3507 3950 ejusmodi.

2149 4158 2421 4230 Imprimis
2463 4163 2597 4228 quot
2625 4154 2838 4210 dierum
2885 4161 3020 4208 aetas
3065 4153 3209 4207 lunae
3249 4151 3320 4207 sit
3361 4150 3647 4220 investiga,

2079 4260 2318 4323 quotque
2363 4247 2723 4319 temporarias
2749 4244 3120 4310 horaslucere
3142 4257 3261 4297 eam
3293 4249 3558 4312 oporteat,
3592 4249 3651 4294 ut

2080 4345 2136 4400 in
2168 4341 2547 4414 superioribus
2570 4338 2910 4393 intellexisti.
2933 4335 3044 4392 Has
3070 4351 3193 4390 cum
3219 4334 3368 4390 horis
3390 4333 3651 4403 multipli-

2080 4451 2168 4501 ca,
2201 4450 2340 4505 quas
2377 4433 2518 4504 apud
2549 4446 2651 4484 nos
2681 4428 2946 4499 propositi
2979 4426 3183 4482 mensis
3213 4441 3322 4480 nox
3355 4425 3536 4488 habet,
3583 4427 3651 4478 tle

415 4516 604 4588 μηνὸς,
630 4520 751 4572 καθ’
779 4520 838 4572 ὃν
863 4521 1104 4594 δηλονότι
1135 4527 1168 4596 ἡ
1204 4525 1430 4598 ζήτησις
1471 4527 1700 4595 γίνεται.
1733 4529 1842 4582 Καὶ
1881 4530 1972 4582 τὸν

2087 4543 2195 4599 quo
2220 4523 2472 4580 videlicet
2499 4519 2784 4590 quieritur.
2827 4515 3107 4570 Summam
3126 4513 3409 4568 collectam
3440 4528 3506 4565 ex
3530 4527 3652 4582 per-

415 4608 776 4678 συναγόμενον
804 4609 911 4664 ἀπὺ
949 4613 1134 4666 τούτου
1170 4615 1400 4686 ἀριθμὸν
1456 4615 1643 4688 μέριζε
1687 4617 1776 4671 ἀεὶ
1824 4619 1976 4692 παρὰ

413 4697 504 4751 τὸν
535 4699 622 4762 ιϐ’,
651 4701 816 4771 ἦγουν
845 4698 936 4756 τὸν
972 4704 1202 4776 ἀριθμὸν
1226 4707 1334 4761 τῶν
1363 4709 1626 4781 καιρικῶν
1651 4707 1838 4779 ώρῶψ
1874 4709 1972 4763 καῖ⁸

413 4787 584 4855 οὕτως
614 4791 754 4856 ἔξεις
783 4792 882 4865 τὴν
905 4793 1015 4848 τῶν
1036 4796 1290 4853 τοιούτων
1319 4800 1477 4869 ὡρῶν
1505 4798 1822 4873 μεταϐολήν.
1852 4798 1977 4856 Οἷον

415 4877 554 4935 ἔστω
590 4883 819 4954 δοκιμῆς
843 4886 1034 4957 χάριν,
1095 4889 1353 4964 πέμπτης
1385 4892 1554 4964 ούσης
1601 4894 1700 4964 τῆς
1746 4894 1976 4965 σελήνης

413 4972 556 5026 κατὰ
581 4973 674 5026 τὸν
714 4975 1059 5048 Ἰανουάριον,
1092 4978 1213 5032 καθ’
1242 4981 1301 5034 ὃν
1335 4981 1446 5052 ἔχει
1495 4977 1624 5054 παρ’
1653 4985 1786 5055 ἡμῖν
1815 4981 1849 5054 ἡ
1879 4981 1978 5048 νὺξ

413 5064 565 5136 ὧρας
599 5067 681 5126 ιδ’.
714 5067 895 5138 ζητεῖν
938 5070 1087 5140 ἡμᾶς
1118 5069 1291 5134 πόσας
1318 5066 1467 5144 ὥρα-ς
1511 5071 1693 5144 μέλλει
1741 5072 1974 5143 λάμψαι,

413 5161 507 5213 καὶ
567 5161 892 5232 εὑρίσκομεν
934 5162 1076 5216 κατὰ
1111 5163 1209 5234 τήν
1257 5165 1749 5237 ἀναγεγραμμένην
1795 5164 1979 5234 ἔφοδον

414 5249 586 5305 λεπτά
613 5252 680 5316 κ’,
707 5253 868 5321 ἦγουν
893 5253 1040 5325 ὥρας
1065 5253 1320 5326 καιρικὰς
1345 5254 1387 5308 δ’
1405 5271 1419 5285 °
1445 5255 1512 5318 ag
1539 5256 1782 5319 θέλοντες
1814 5273 1980 5326 μετα-

417 5343 598 5398 ϐαλεῖν
628 5347 707 5408 είς
743 5348 1078 5419 ἰσημερινὰς,
1115 5347 1654 5421 πολλαπλασιάζομεν
1691 5351 1894 5415 ταύτας
1914 5352 1980 5424 δὴ

413 5435 512 5498 τὰς
540 5435 582 5488 δ’
613 5435 762 5508 ὥρας
790 5439 926 5508 μετὰ
957 5439 1066 5492 τῶν
1112 5439 1172 5492 ιδ’
1191 5439 1370 5511 ὡρῶν,
1413 5439 1479 5503 ἃς
1518 5440 1632 5510 ἔχει
1672 5440 1704 5513 ή
1740 5441 1865 5508 νὺξ,
1906 5443 1982 5506 ὡς

415 5527 651 5597 εἴρηται,
695 5528 834 5582 κατὰ
889 5528 978 5583 τὸν
1029 5531 1355 5602 Ἰανουάριον
1379 5547 1391 5562 ’
1423 5530 1684 5602 λέγομεν·
1715 5531 1983 5604 Τετράκις

415 5618 483 5672 τὰ
517 5618 598 5683 ιδ’,
621 5620 726 5684 νς·’.
759 5621 944 5676 Ταῦτα
971 5623 1026 5678 δὲ
1047 5623 1114 5678 τὰ
1140 5624 1226 5690 νς¹
1255 5624 1551 5698 μερίζομεν
1577 5626 1727 5696 παρὰ
1761 5626 1851 5682 τὸν
1892 5625 1979 5692 ιϐ’,

493 5807 535 5838 ¹⁶
561 5806 602 5874 Γο
634 5803 850 5876 τρόποςο

2082 4627 2243 4690 petua
2275 4614 2459 4683 regula
2489 4611 2693 4680 partire
2722 4624 2819 4678 per
2850 4624 2947 4670 xu,
2980 4606 3174 4676 quiest
3194 4605 3648 4674 temporariarum

2082 4720 2344 4763 numerus
2387 4703 2666 4758 horarum.
2692 4698 2808 4754 Hoc
2837 4696 2998 4752 modo
3023 4696 3438 4751 conversionem
3479 4696 3646 4750 horae

2083 4814 2203 4855 rum
2238 4793 2565 4866 assequeris.
2605 4789 2849 4860 Exempli
2888 4803 3075 4852 causa,
3111 4793 3171 4840 ut
3201 4784 3516 4841 methodum
3555 4801 3650 4854 ped

2083 4892 2426 4949 riclitemur:
2468 4885 2630 4941 Sexta
2676 4883 2747 4938 sit
2789 4882 2917 4935 luna
2967 4893 3153 4934 mense
3197 4875 3481 4941 Januario,
3541 4892 3651 4947 quo

2084 4983 2263 5040 noctis
2319 4981 2472 5035 horae
2540 4983 2669 5032 sunt
2718 4970 3133 5043 quatuordecim
3184 4987 3197 5024 :
3244 4977 3298 5023 et
3344 4967 3655 5039 inquiratur

2083 5083 2218 5147 quot
2275 5075 2437 5128 horas
2485 5071 2612 5124 luna
2668 5074 2831 5122 nocte
2890 5065 3092 5118 luceat.
3148 5060 3222 5115 Ex
3266 5060 3359 5114 illa
3415 5059 3648 5121 ratione.

2083 5181 2246 5238 quam
2285 5163 2536 5234 superius
2580 5158 2967 5231 exposuimus,
3019 5157 3155 5209 liunt
3197 5153 3406 5207 minuta
3459 5150 3650 5219 viginti

2085 5274 2208 5332 quae
2238 5265 2368 5312 sunt
2416 5255 2565 5310 horae
2600 5251 2942 5322 temporaria:
2987 5256 3256 5320 quatuor;
3305 5259 3444 5317 quas
3490 5251 3551 5297 ut
3596 5243 3652 5297 in

2085 5349 2380 5420 aequabiles
2426 5351 2845 5408 convertemus,
2887 5341 2988 5397 has
3031 5340 3179 5409 ipsas
3216 5335 3654 5406 quatuor-horas

2089 5445 2143 5499 in
2174 5437 2619 5512 quatuordecim,
2655 5448 2795 5504 quas
2837 5445 2942 5486 nox
2994 5429 3179 5492 habet,
3210 5434 3270 5482 ut
3311 5426 3516 5481 dictum
3547 5433 3654 5488 est,

2086 5534 2349 5590 Januario
2391 5545 2615 5592 mense,
2652 5527 2952 5586 ducentes:
3001 5523 3077 5578 ita
3117 5520 3352 5576 dicimus
3393 5536 3407 5572 :
3453 5516 3659 5584 Quater

2090 5623 2500 5699 quatuordecim
2527 5618 2766 5678 cilicium
2794 5632 2892 5674 sex
2921 5624 2978 5674 et
3015 5613 3425 5687 quinquaginta.
3456 5609 3532 5665 Ea
3563 5617 3660 5682 per
