4124 6424
427 385 566 442 1527

1409 375 1496 432 AD
1533 373 1804 432 EUSEBII
1841 367 2240 426 CHRONICO‘N
2279 368 2650 426 APPENDIX.

3521 367 3658 424 1328

427 499 712 556 duodecim
758 493 1052 568 partimur,
1094 493 1308 564 quoties
1351 499 1436 548 est
1473 491 1508 544 4
1555 491 1680 561 εχι.
1731 485 1980 545 Totidem
2013 539 2015 547 ,

2117 487 2182 540 Lat
2213 487 2404 558 ἀνήκει
2452 487 2637 550 αὐτοῖς
2680 487 2720 539 δ’
2765 487 2856 540 καὶ
2911 486 3186 558 δίμοιρον·
3233 485 3378 556 άπερ
3423 487 3562 540 είσὶν
3605 489 3660 540 αἱ

427 594 564 648 ﬁunt
617 590 766 646 horae
809 595 1044 660 quatuor
1093 599 1392 642 conversae.
1451 571 1559 638 Sed
1601 581 1669 636 de
1725 580 1811 636 his
1866 579 1996 633 hac-

427 695 612 742 tenus.

599 797 874 864 Quomodo
907 791 1269 848 inveniendum
1299 791 1368 846 sit
1395 789 1558 861 legale
1583 788 1813 844 Pascha.

491 905 638 961 'Vlll.
708 902 1178 975 Carnisprivium,
1231 903 1406 973 legale
1455 899 1706 964 Pascha,
1747 905 1996 954 sanctum

431 999 640 1055 Pascha
667 997 1143 1061 Christianorum,
1177 993 1385 1065 jejuuia
1418 1001 1732 1049 sanctorum
1775 997 1996 1062 aposto-

431 1093 610 1147 lorum
647 1089 748 1143 hoc
792 1087 952 1142 modo
983 1089 1243 1158 reperies.
1268 1085 1435 1140 Lunae
1467 1083 1738 1150 radicem,
1775 1083 1880 1136 hoc
1917 1091 2002 1138 est

433 1189 702 1252 epactam,
723 1197 842 1252 quae
865 1181 920 1234 in
945 1195 1112 1234 cursu
1141 1186 1246 1244 est,
1269 1194 1365 1248 per
1386 1175 1642 1231 undecim
1663 1173 1998 1244 multiplica;

432 1289 657 1332 summae
677 1273 815 1328 adde
851 1287 946 1327 sex
977 1272 1116 1334 dies,
1147 1271 1407 1325 nimirum
1438 1277 1571 1332 tres,
1589 1283 1710 1338 qua:
1725 1283 1790 1322 ex
1811 1273 2002 1336 postea

431 1375 733 1423 memorato
799 1365 1274 1438 sesquiscrupuli,
1347 1379 1410 1418 ac
1471 1363 1670 1418 triente
1721 1361 1999 1426 confiunt,

433 1473 554 1530 quae
585 1473 750 1529 snpra
781 1459 899 1514 dies
927 1457 996 1511 29
1030 1457 1132 1528 1/2
1165 1465 1504 1512 menstruum
1539 1456 1680 1509 lunae
1711 1453 2002 1508 circuitum

433 1551 636 1606 habere
677 1549 1208 1616 demonstravimus;
1247 1555 1359 1604 tres
1389 1549 1516 1602 item
1552 1548 1688 1602 alias
1730 1547 1798 1600 ad
1842 1545 2006 1616 quin-

435 1641 829 1712 quagenarium
887 1640 1212 1712 explendum
1267 1651 1578 1694 numerum.
1632 1636 1676 1689 A
1729 1651 1880 1700 xvn,
1941 1647 2004 1688 ac

437 1731 694 1803 deincéps
731 1747 831 1802 pro
877 1733 1056 1787 tribus
1107 1731 1244 1786 adde
1295 1736 1563 1800 quatuor;
1622 1725 1768 1797 quod
1825 1723 2004 1793 major

2099 577 2519 650 μεταϐληθεϊσαι
2555 572 2694 651 ὧραι
2743 578 2806 644 δ’,
2855 581 3130 646 γεγονυῖαι
3177 577 3220 631 δ’
3256 578 3350 632 καὶ
3393 577 3658 648 δίμοιρον.

2095 669 2206 723 Καὶ
2229 671 2358 742 περὶ
2391 671 2488 742 μὲν
2515 669 2718 724 τούτων
2741 671 2834 724 ἐπὶ
2856 669 3130 723 τοσοῦτον.

2227 782 2425 848 Ὀπως
2461 781 2556 836 δεῖ
2577 785 2883 852 εὑρίσκειν
2911 783 2976 836 τὸ
3008 781 3258 852 νομικὸν
3284 781 3520 850 Πάσχα.

2167 897 2251 951 Η⁹.
2267 895 2376 968 Τὴν
2400 897 2458 950 δέ
2482 914 2544 966 γε
2572 897 2870 968 Ἀπόκρεω,
2893 896 2954 950 τὸ
2977 895 3201 967 νομικὸν
3229 897 3442 968 Πάσχα,
3465 896 3527 949 τὸ
3555 893 3668 949 τῶν

2097 988 2439 1060 Χριστιανῶν
2464 989 2618 1056 ἅγιον
2649 989 2863 1058 Πάσχα,
2900 989 2994 1042 καὶ
3025 989 3122 1052 τὰς
3155 989 3252 1059 τῆς
3277 988 3528 1059 νηστείας
3558 989 3668 1042 τῶν

2099 1079 2269 1148 ἀγίων
2304 1080 2615 1134 ἀποστόλων
2645 1079 2858 1158 ήμέρας
2887 1081 3140 1152 εὑρήσεις
3165 1081 3338 1144 οὕτως
3359 1098 3372 1111 ·
3415 1080 3668 1134 Ἕνδεκα-

2101 1175 2364 1239 πλασίαζε
2399 1175 2490 1228 τὸν
2525 1174 2795 1228 ἐνεστῶτα
2836 1174 2933 1244 τῆς
2975 1175 3204 1244 σελήνης
3253 1173 3501 1245 θεμέλιον
3525 1191 3538 1205 ·
3573 1173 3671 1228 καὶ

2100 1267 2176 1338 τῷ
2207 1267 2450 1336 γεγονότι
2483 1265 2700 1338 ἀριθμῷ
2745 1264 3024 1336 προστίθει
3069 1265 3284 1338 ἡμέρας
3316 1265 3390 1332 ς’,
3423 1265 3524 1329 τὰς
3572 1266 3670 1336 μὲν

2101 1357 2151 1428 γ’
2176 1359 2272 1422 τὰς
2299 1359 2692 1428 συνισταμένας
2719 1359 2781 1412 ὲκ
2803 1355 2896 1410 τοῦ
2919 1357 3140 1410 ὄπισθεν
3163 1357 3450 1428 εἰρημένου
3471 1355 3671 1410 λεπτοῦ

2103 1451 2222 1514 ἐνὸς
2247 1451 2338 1504 καὶ
2369 1449 2613 1520 ἡμίσεος,
2643 1449 2736 1502 καὶ
2767 1449 2973 1521 τρίτου,
3015 1449 3155 1521 άπερ
3181 1449 3540 1503 κατεπέκεινα
3563 1449 3673 1502 τῶν

2104 1540 2187 1595 κθ¹
2211 1539 2278 1594 S"
2301 1539 2524 1612 ἡμερῶν
2555 1539 2693 1610 ἔχων
2721 1539 2986 1593 δέδεικται
3005 1539 3034 1590 ὁ
3053 1539 3152 1608 τῆς
3173 1539 3402 1609 σελήνης
3425 1543 3674 1610 μηνιαῖος

2104 1631 2302 1696 κύκλος
2324 1649 2337 1661 ·
2375 1630 2474 1696 τὰς
2508 1631 2565 1684 δὲ
2593 1631 2784 1702 ἐτέρας
2811 1632 2861 1699 γ’
2893 1632 2973 1696 είς
3005 1629 3389 1702 ἀναπλήρωσιν
3419 1631 3513 1685 τοῦ
3543 1649 3674 1686 πεν-

2103 1724 2369 1797 τηκοστοῦ
2393 1723 2647 1796 ἀριθμοῦ.
2681 1723 2812 1776 Ἀπὸ
2827 1723 2884 1776 δὲ
2900 1723 2993 1778 τοῦ
3011 1721 3078 1788 ιζ’
3099 1725 3192 1778 καὶ
3213 1723 3338 1796 ἑξῆς
3357 1725 3478 1777 ἀντὶ
3496 1721 3604 1777 τῶν
3625 1723 3676 1794 f

437 1825 654 1880 illorum
686 1824 879 1880 modus
904 1823 959 1878 in
989 1823 1057 1878 iis
1085 1823 1338 1878 exsistat.
1387 1819 1499 1874 Has
1529 1819 1647 1875 dies
1677 1818 1941 1888 adiunges
1973 1831 2003 1869 a

2117 1817 2486 1890 προστίθενται
2514 1817 2557 1869 δ’
2571 1834 2583 1847 ·
2619 1815 2805 1887 ἐπειδὴ
2830 1815 3028 1869 πλείων
3055 1819 3088 1888 ή
3111 1815 3334 1870 ἐκείνων
3358 1817 3594 1888 ποσότης
3615 1817 3674 1870 ἐν

435 1919 613 1990 primo
634 1917 786 1988 cyclo
808 1917 872 1972 ad
896 1917 1164 1987 integrum
1191 1914 1460 1969 decimum
1481 1920 1715 1968 sextum.
1743 1911 1802 1966 ιιι
1825 1909 2005 1966 tribus

2117 1910 2313 1973 τούτοις
2357 1908 2662 1977 συνάγεται.
2713 1907 2924 1971 Ταύτας
2960 1907 3018 1961 δὲ
3053 1907 3378 1980 προσθήσεις
3423 1909 3531 1962 ἀπὸ
3580 1907 3676 1963 τοῦ

436 2009 664 2080 reliquis
703 2023 800 2078 pro
823 2009 1000 2064 tribus
1029 2007 1196 2062 addes
1225 2015 1454 2076 septem.
1477 2003 1553 2059 De
1581 2017 1796 2057 summa
1827 2001 2004 2066 aufer,

435 2100 616 2174 quoad
652 2109 827 2172 potes,
859 2099 1105 2170 triginta.
1143 2097 1407 2160 Residuo,
1450 2095 1598 2165 quod
1625 2101 1709 2150 est
1738 2093 1882 2148 infra
1910 2093 2008 2146 tri-

439 2195 611 2264 ginta,
652 2193 819 2246 ducto
849 2191 1006 2246 initio
1035 2189 1104 2244 ab
1145 2187 1374 2248 Martio,
1423 2185 1558 2240 adde
1588 2193 1720 2255 quot
1758 2185 1862 2239 erit
1913 2199 2000 2236 ne-

438 2298 596 2340 cesse
619 2283 758 2348 dies,
800 2281 972 2337 donec
1001 2279 1398 2352 quinquaginta
1432 2277 1730 2345 compleas.
1775 2271 1833 2328 Si
1867 2271 2011 2326 Mar-

439 2375 551 2430 tius
583 2389 693 2429 non
743 2371 1006 2438 sufﬁciat,
1051 2371 1290 2440 reliquas
1327 2367 1444 2424 dies
1489 2383 1552 2421 ex
1584 2365 1755 2436 Aprili
1791 2364 2008 2428 suliice;

439 2467 614 2520 donec
657 2477 958 2526 summam,
992 2475 1158 2532 quam
1190 2458 1302 2512 dixi
1323 2498 1338 2521 ,
1372 2457 1768 2527 quinquaginta
1797 2453 2008 2508 dierum

439 2555 664 2613 eilicias.
711 2553 788 2609 Ea
827 2553 1138 2624 ubicunque
1191 2552 1446 2619 desierit;
1486 2557 1614 2620 puta
1655 2549 1712 2602 in
1743 2547 1886 2601 hanc
1920 2549 2013 2599 aut

441 2647 594 2704 illam
633 2645 836 2709 Martii,
869 2645 956 2698 vel
999 2642 1206 2714 Aprilis
1250 2639 1418 2704 diem,
1455 2639 1512 2693 in
1544 2653 1663 2694 eam
1686 2637 2010 2698 Iudaicum,

443 2739 614 2810 legale
651 2737 792 2794 scito
833 2735 1046 2791 Pascha
1076 2735 1387 2790 convenire.
1419 2731 1590 2805 Cujus
1619 2731 1808 2788 feriam
1839 2747 1906 2788 ex
1950 2745 2012 2786 ea

443 2829 722 2896 methodo,
749 2843 912 2899 quam
960 2843 1126 2899 supra
1171 2827 1578 2897 proposuimus,
1611 2825 1702 2880 ubi
1749 2825 2010 2896 reperies,

445 2921 696 2992 proxime
742 2925 1001 2989 sequente
1046 2916 1326 2973 Dominica
1367 2917 1612 2988 ejusdem
1663 2917 2015 2972 hebdomadas

445 3015 664 3069 noveris
699 3021 946 3068 sanctum
991 3009 1434 3066 Christianorum
1475 3007 1685 3066 Pascha
1727 3009 2011 3065 celebrari.

446 3105 563 3174 Qua
603 3122 664 3161 re
719 3113 1028 3176 comperta,
1087 3103 1192 3158 tria
1243 3103 1539 3173 quotannis
1580 3103 1786 3158 addens
1835 3111 2016 3174 quotaa

2109 2001 2327 2072 πρώτου
2361 1999 2561 2052 κύκλου
2599 1999 2790 2071 μέχρις
2819 2001 2942 2053 ὅλου
2989 2000 3084 2054 τοῦ
3120 2001 3224 2066 ις’·
3261 2002 3318 2055 ὲν
3343 2002 3401 2054 δὲ
3429 2004 3543 2066 τοῖς
3571 2003 3680 2056 λοι-

2107 2095 2228 2156 ποῖς
2261 2093 2438 2163 τρισὶν
2465 2093 2584 2148 ἀντὶ
2607 2093 2715 2145 τῶν
2739 2091 2906 2164 τριῶν
2935 2075 3266 2165 προσθήσεις
3284 2093 3328 2159 ζ’
3351 2095 3414 2149 ¹⁷.
3451 2097 3564 2150 Καὶ
3587 2097 3678 2150 τὸν

2111 2185 2472 2255 συναγόμενον
2503 2183 2664 2254 ὕφελε
2697 2185 2848 2256 παρά
2879 2183 2968 2238 τὸν
2996 2183 3061 2252 λ’,
3087 2186 3276 2250 ὁσάκις
3319 2187 3578 2258 ἐγχωρεῖ·
3607 2187 3678 2242 τά

2109 2275 2166 2328 δὲ
2212 2275 2650 2346 καταλειπόμενα
2704 2275 2946 2331 κάτωθεν
2995 2276 3104 2330 τῶν
3133 2277 3177 2330 λ’
3227 2279 3474 2350 κρατῶν,
3509 2279 3678 2350 ἄρχου

2111 2365 2219 2420 ἀπὸ
2249 2365 2343 2419 τοῦ
2400 2367 2679 2438 Μαρτίου,
2725 2367 3028 2422 ἐπιϐάλλων
3063 2369 3243 2433 αὐτοῖς
3293 2371 3504 2442 ἡμέρας
3552 2373 3681 2434 ὂσας

2111 2455 2298 2528 δεήσῃ,
2335 2457 2421 2510 ἵνα
2483 2457 2662 2532 σώσῃς
2688 2459 2751 2512 ν’.
2801 2459 2908 2512 Καὶ
2956 2461 3055 2514 ούκ
3097 2459 3140 2492 ³⁸
3194 2461 3416 2532 ἀρκέσει
3457 2461 3614 2534 μόνος
3655 2465 3684 2516 ὁ

2113 2549 2376 2620 Μάρτιος,
2405 2549 2650 2620 λάμϐανε
2685 2551 2781 2614 τάς
2827 2551 3154 2624 λειπομένας
3189 2555 3268 2616 είς
3312 2555 3682 2626 ίκανοποίησιν

2117 2639 2226 2692 τῶν
2261 2641 2567 2712 εἰρημένων
2595 2641 2636 2694 ν’
2669 2643 2776 2696 ἀπὸ
2813 2643 2906 2697 τοῦ
2957 2645 3254 2718 Ἀπριλίου.
3301 2646 3470 2700 Ἔνθα
3507 2647 3684 2701 τοίνυν

2114 2734 2393 2808 καταλήξῃ
2431 2735 2463 2806 ή
2505 2735 2726 2808 τοιαύτη
2766 2737 2986 2808 ἡμέρα,
3031 2739 3259 2811 ήγουνή
3304 2743 3680 2813 πεντηκοστὴ·

2113 2831 2280 2904 ήγουν
2315 2829 2426 2884 είτε
2457 2831 2542 2893 είς
2570 2829 2668 2892 τὰς
2699 2830 2862 2894 τόσας
2891 2831 2984 2884 τοῦ
3033 2833 3300 2902 Μαρτίου,
3329 2831 3440 2886 εἴτε
3477 2833 3558 2897 είς
3587 2833 3684 2898 τὰς

2114 2925 2276 2987 τόσας
2321 2921 2417 2976 τοῦ
2457 2921 2768 2996 Ἀπριλίου·
2819 2920 2941 2976 κατ’
2973 2922 3140 2996 αὐτὴν
3183 2923 3400 2997 εκείνην
3433 2919 3574 2980 εἶναι
3603 2925 3689 2995 γί-

2115 3033 2293 3072 νωσκε
2327 3017 2387 3069 τὸ
2422 3016 2710 3070 Ἰουδαϊκὸν
2749 3017 2960 3086 Πάσχα,
2997 3019 3160 3088 ἤγουν
3191 3017 3252 3072 τὺ
3285 3021 3526 3089 νομικόν.
3551 3019 3686 3073 Ἤν-

2115 3127 2240 3164 τινα
2273 3107 2370 3164 καὶ
2421 3109 2689 3181 εὑρίσκων
2731 3111 2790 3162 ὲν
2842 3109 2972 3180 ποίᾳ
3015 3109 3115 3180 τῆς
3165 3109 3458 3180 ἑϐδομάδος
3505 3111 3689 3184 ήμέρᾳ

447 3199 674 3265 mensis,
727 3199 782 3252 in
817 3213 925 3268 qua
973 3195 1184 3252 Pascha
1220 3194 1658 3267 deprehendisti,
1703 3193 2014 3263 Carnispri-

2117 3202 2375 3272 τυγχάνει
2403 3199 2490 3256 διὰ
2525 3201 2622 3272 τῆς
2651 3201 3142 3274 ἀναγεγραμμένης
3175 3203 3397 3273 μεθόδου
3430 3203 3524 3256 τοῦ
3552 3206 3690 3274 ἠμε-

445 3291 596 3343 vium
627 3288 876 3342 habebis.
915 3285 972 3340 Si
1011 3288 1082 3341 sit
1126 3302 1304 3341 annus
1347 3285 1668 3350 bissextilis,
1703 3299 1804 3354 pro
1843 3285 2021 3339 tribus

449 3379 587 3435 adde
639 3386 892 3450 quatuor.
940 3377 1111 3432 Porro
1161 3377 1207 3432 si
1253 3377 1392 3432 citra
1427 3392 1598 3432 xxvm
1641 3378 1782 3434 diem
1819 3375 2020 3442 Martii,

448 3467 888 3524 Christianorum
919 3479 1167 3523 sanctum
1197 3467 1410 3524 Pascha
1443 3467 1670 3531 incidat,
1700 3467 2022 3524 Januarium

449 3557 804 3630 Carnisprivii
837 3559 956 3616 dies
993 3560 1279 3616 obtinebit.
1341 3557 1438 3614 Sin
1486 3559 1630 3614 ultra
1674 3576 1845 3614 xxvm
1879 3560 2022 3616 diem

451 3658 732 3723 incurrat,
761 3655 1062 3711 Februario
1100 3655 1390 3725 contingit.
1423 3653 1480 3710 Si
1516 3653 1724 3710 Pascha
1756 3655 1812 3710 in
1843 3656 2022 3726 ipsum

451 3747 610 3802 cadat
653 3762 826 3801 xxvm
876 3746 1057 3812 diem;
1109 3745 1157 3800 si
1195 3745 1415 3815 quidem
1449 3745 1749 3802 bissextilis
1773 3761 1882 3800 non
1921 3747 2026 3802 erit

451 3851 654 3902 annus,
701 3834 948 3890 Januarii
985 3850 1112 3888 xm
1156 3835 1243 3890 die
1284 3833 1720 3906 Carnisprivium
1762 3839 1886 3893 erit.
1927 3837 2026 3892 Et-

449 3929 598 3984 enim
645 3937 772 3982 octo
810 3937 864 3982 et
903 3927 1096 3998 viginti
1130 3943 1254 3982 rum
1302 3927 1477 3983 tribus
1519 3929 1730 3986 faciunt
1757 3947 1925 3985 unum
1974 3941 2026 3988 et

451 4019 699 4091 triginta.
737 4017 832 4075 Sin
873 4019 1174 4076 bissextilis
1211 4021 1398 4085 fuerit,
1435 4020 1690 4078 Kalendis
1715 4021 2027 4078 Februariis

454 4111 699 4178 incidet;
739 4127 863 4164 nam
907 4111 1100 4181 viginti
1137 4119 1264 4166 octo
1319 4127 1441 4166 cum
1503 4122 1743 4184 quatuor
1788 4113 1927 4170 duos
1973 4123 2027 4170 et

452 4202 678 4272 triginta
702 4201 1002 4256 conﬁciunt
1033 4219 1046 4256 :
1082 4202 1149 4258 de
1177 4203 1378 4273 quibus
1407 4205 1612 4260 relictis
1628 4203 1892 4260 Januario
1921 4221 2028 4260 uno

451 4303 507 4348 et
545 4293 791 4364 triginta,
829 4293 1074 4364 reliquus
1121 4305 1206 4350 est
1259 4311 1423 4362 unus,
1458 4296 1551 4366 qui
1583 4305 1667 4352 est
1709 4297 1884 4368 prima
1925 4295 2028 4353 Fe-

451 4387 658 4443 bruarii
691 4387 829 4442 dies.
857 4387 1007 4441 ldem
1037 4385 1206 4443 facies
1240 4397 1294 4443 et
1329 4387 1386 4442 in
1421 4387 1600 4444 Martii
1631 4405 1864 4454 νηιάδα
1892 4407 2024 4455 xxx,

455 4477 538 4531 vel
569 4493 721 4540 xxxi,
755 4483 812 4530 ut
836 4477 889 4530 in
917 4476 1150 4548 reliquis
1181 4477 1341 4532 annis
1371 4477 1540 4533 addas
1569 4479 1674 4533 tria
1713 4497 1725 4533 :
1755 4479 2024 4535 bissextili

454 4559 592 4632 solo,
627 4575 879 4635 quatuor,
919 4576 1032 4620 tum
1081 4565 1354 4634 deductis,
1408 4575 1467 4622 ut
1520 4568 1727 4623 dictum
1759 4577 1842 4624 est
1871 4586 2022 4635 χχιιι,

453 4673 518 4710 ac
559 4655 821 4712 Januario
863 4657 1105 4722 tributis,
1139 4657 1282 4730 quod
1333 4659 1604 4730 reliquum
1647 4667 1752 4724 est,
1779 4661 2024 4732 assignes

453 4743 786 4812 Februario;
817 4763 1048 4818 quorum
1085 4749 1298 4804 dierum
1337 4750 1562 4806 ultimus
1595 4759 1680 4806 est
1707 4751 2025 4824 Carnispri—

454 4839 624 4892 vium.
670 4837 740 4892 At
779 4851 1094 4896 sanctorum
1122 4841 1493 4912 apostolorum
1527 4843 1743 4916 jejunio
1775 4847 2024 4902 attributi

455 4931 574 4988 dies
601 4931 676 4986 ita
707 4933 1067 5003 reperientur.

2125 3291 2432 3364 ροευρεσίου
2457 3331 2472 3356 ,
2507 3291 2606 3363 τὴν
2639 3291 2897 3346 ἐπιοῦσαν
2937 3291 3246 3363 ἔμπροσθεν
3291 3293 3560 3365 κυριακὴν
3587 3293 3690 3363 τῆς

2121 3385 2290 3455 αὐτῆς
2324 3384 2616 3455 ἑϐδομάδος
2653 3384 2762 3438 ἴσθι
2791 3383 3078 3455 τυγχάνειν
3103 3385 3166 3438 τδ
3199 3385 3310 3439 τῶν
3343 3387 3694 3459 Χριστιανῶν

2121 3478 2276 3546 ἅγιον
2320 3477 2534 3548 Πάσχα.
2583 3476 2785 3530 Τούτου
2835 3477 2894 3530 δέ
2938 3495 3018 3530 σοι
3065 3479 3342 3550 γνωρίμου
3385 3479 3692 3547 γεγονότος,

2121 3561 2172 3630 γ’
2202 3561 2322 3616 κατ’
2369 3563 2488 3626 ἔτος
2518 3563 2830 3634 προστιθεὶς
2877 3567 2944 3635 τῇ
2991 3566 3162 3638 πόστῃ
3195 3565 3287 3620 τοῦ
3325 3567 3525 3637 μηνὸς,
3563 3568 3621 3620 ὲν

2121 3653 2320 3726 εὑρέθη
2343 3653 2402 3706 τὸ
2428 3655 2638 3726 Πάσχα,
2659 3653 2800 3719 ἕξεις
2824 3655 2921 3727 τήν
2945 3655 3242 3728 Ἀπόκρεω.
3263 3657 3326 3710 Εί
3355 3657 3412 3710 δὲ
3439 3657 3696 3728 τυγχάνει

2122 3745 2151 3797 ό
2180 3745 2369 3818 χρόνος
2399 3745 2660 3817 βίσεξτος,
2690 3748 2810 3801 ἀντὶ
2861 3747 2970 3800 τῶν
2995 3753 3042 3815 γ’
3079 3747 3366 3822 προσθήσει
3389 3747 3453 3802 δ’.
3485 3749 3688 3802 Ἀλλέί

2128 3839 2225 3909 μὲν
2255 3839 2361 3892 ἀπὸ
2391 3839 2490 3909 τῆς
2519 3839 2606 3910 κη’
2635 3839 2729 3892 τοῦ
2765 3839 3011 3910 Μαρτίου
3045 3841 3139 3894 καὶ
3174 3840 3421 3894 κάτωθεν
3451 3841 3602 3912 τύχοι
3633 3841 3698 3895 τὸ

2127 3929 2238 3981 τῶν
2269 3929 2608 4001 Χριστιανῶν
2635 3929 2788 3999 ἅγιον
2818 3931 3030 4004 Πάσχα,
3067 3931 3210 3985 κατὰ
3245 3931 3338 3984 τὸν
3372 3933 3697 4005 Ἰανουάριον

2126 4019 2278 4074 ἔσται
2305 4023 2337 4092 ή
2383 4021 2723 4092 Ἀπόκρεως·
2760 4024 2808 4074 εί
2837 4021 2894 4074 δὲ
2943 4021 3052 4075 ἀπὸ
3079 4022 3179 4094 τῆς
3221 4024 3309 4094 κη’
3341 4025 3434 4078 καὶ
3467 4025 3696 4088 ἄνωθεν,

2127 4111 2268 4165 κατὰ
2311 4113 2401 4166 τὸν
2437 4113 2818 4186 Φεϐρουάριον.
2857 4115 2944 4168 Ἐν
2985 4115 3122 4186 αὐτῇ
3165 4113 3348 4187 μέντοι
3380 4118 3448 4187 τῇ
3477 4115 3564 4188 κη’
3603 4115 3698 4168 τοῦ

2125 4203 2393 4275 Μαρτίου,
2425 4207 2472 4257 εἰ
2497 4205 2595 4275 μὲν
2611 4207 2710 4260 οὐκ
2734 4207 2878 4260 ἔστιν
2909 4209 2936 4260 ό
2964 4209 3152 4278 χρόνος
3181 4205 3440 4276 βίσεξτος,
3483 4207 3564 4270 είς
3599 4205 3700 4278 τὴν

2126 4290 2206 4343 λα’
2235 4290 2387 4344 ἕσται
2427 4292 2520 4344 τοῦ
2559 4293 2916 4366 Ἰανουαρίου·
2950 4294 3034 4366 κη’
3057 4296 3166 4366 γάρ
3199 4297 3292 4349 καὶ
3321 4297 3372 4364 γ’
3396 4295 3476 4350 λα’
3499 4314 3516 4329 ο
3551 4299 3602 4350 εί
3641 4297 3704 4350 δὲ

2127 4377 2206 4432 ἔνι
2237 4379 2507 4450 βίσεξτος,
2539 4384 2617 4444 είς
2655 4381 2752 4453 τὴν
2797 4383 2846 4436 α’
2887 4382 2978 4436 τοῦ
3041 4383 3407 4455 Φεϐρουαρίου
3431 4399 3443 4408 ·
3479 4383 3565 4456 κη’
3593 4383 3705 4454 γὰρ

2127 4473 2222 4526 καὶ
2251 4473 2292 4526 δ’
2338 4473 2452 4526 λϐ”
2504 4477 2598 4544 ἀφ’
2627 4469 2702 4528 ὧν
2737 4477 2903 4541 ἐάσας
2939 4476 3018 4547 τῷ
3055 4477 3367 4548 Ἰανουαρίῳ
3408 4475 3510 4542 λα’,
3565 4493 3704 4530 κατ-

2131 4565 2350 4636 ελείφθη
2384 4567 2509 4638 μία·
2551 4569 2644 4622 καὶ
2677 4567 2754 4622 ἔνι
2775 4568 2868 4622 τοῦ
2910 4569 3273 4640 Φεϐρουαρίου
3309 4569 3378 4622 α’.
3413 4569 3514 4622 Τὸν
3543 4567 3708 4620 αὑτὸν

2132 4657 2188 4710 δὲ
2219 4659 2419 4729 τρόπον
2448 4661 2691 4730 ποιήσεις
2725 4659 2819 4712 καὶ
2849 4661 2990 4712 κατά
3021 4661 3120 4732 τήν
3145 4659 3249 4724 κθ’,
3281 4657 3376 4712 καὶ
3403 4658 3468 4724 λ’,
3493 4659 3586 4712 καὶ
3623 4657 3706 4710 λα’

2131 4747 2226 4800 τοῦ
2274 4749 2544 4828 Μαρτίου,
2575 4749 2886 4821 προστιθεὶς
2925 4751 3028 4804 ἀνὰ
3069 4751 3268 4822 τριῶν·
3304 4750 3346 4803 δ’
3373 4750 3428 4802 δὲ
3459 4750 3602 4820 μόνῳ
3628 4749 3711 4820 τῷ

2135 4839 2361 4912 βισέξτῳ
2380 4858 2392 4871 ⁸
2418 4839 2537 4894 εἶτα
2578 4841 2843 4906 ἐκϐαλὼν,
2867 4842 2943 4905 ὡς
2969 4841 3203 4915 εἴρηται,
3235 4841 3316 4894 λα’
3345 4841 3438 4894 τοῦ
3477 4843 3714 4896 Ἰανουα-

2138 4939 2276 5014 ρίου,
2303 4939 2401 5002 τὰς
2439 4935 2911 5006 καταλειπομένας
2943 4935 3084 4988 δίδου
3123 4933 3198 5006 τῷ
3227 4933 3575 5005 Φεϐρουαρίῳ
3593 4949 3606 4962 ·
3635 4927 3714 4986 ὧν

453 5027 488 5096 ή
519 5025 798 5080 τελευταία
822 5029 966 5082 ἐστὶν
1000 5031 1033 5099 ἡ
1082 5027 1380 5100 Ἀπόκρεω.
1413 5030 1476 5083 Ἦ
1510 5029 1565 5084 δὲ
1606 5031 1713 5086 τῶν
1749 5035 1970 5109 ἡμερῶν
2025 5040 2259 5109 ποσότης
2314 5037 2414 5106 τῆς
2459 5033 2710 5105 νηστείας
2746 5031 2854 5086 τῶν
2891 5033 3062 5102 ἁγίων
3107 5030 3418 5086 ἀποστόλων
3459 5029 3600 5082 οὕτω
3629 5045 3716 5082 σοι

459 5117 594 5190 δήλη
623 5120 934 5190 γενήσεται.

457 5235 574 5300 Qua
605 5237 808 5290 ratione
837 5237 1033 5308 jejunii
1079 5249 1384 5294 sanctorum
1417 5242 1782 5301 apostolorum
1811 5246 1922 5302 dies
1951 5247 2033 5302 ἰα-

1015 5311 1178 5363 ueniri
1225 5311 1464 5365 debeant.

527 5415 618 5472 IX.
651 5417 734 5472 Ab
776 5417 894 5487 ipso
927 5421 1280 5474 sanctissimo
1323 5421 1608 5480 Paschatis
1640 5423 1748 5488 die,
1797 5425 2031 5496 ipsemet

457 5509 705 5572 excluso,
735 5525 910 5578 usque
933 5509 999 5564 ad
1031 5511 1248 5564 tertium
1280 5511 1400 5566 Maii
1429 5521 1561 5582 quot
1587 5514 1698 5568 sint
1732 5515 1850 5570 dies
1880 5531 2032 5572 com--

457 5607 624 5670 puta;
673 5601 872 5670 quibus
911 5601 1191 5670 collectis,
1239 5603 1356 5658 sive
1405 5603 1636 5672 Martio,
1679 5607 1795 5661 sive
1853 5607 2027 5678 Aprili

533 5776 578 5809 "
605 5777 866 5834 Postulat
880 5781 1116 5848 superior
1149 5783 1286 5836 ratio
1317 5783 1358 5837 δ’
1393 5799 1495 5838 non
1537 5783 1604 5848 ζ’.

1647 5851 1676 5858 ..-

2139 5247 2332 5309 Ὅπως
2361 5243 2454 5297 δεῖ
2493 5244 2799 5310 εὑρίσκειν
2837 5241 2944 5307 τὰς
2969 5239 3194 5309 ἡμέρας
3233 5237 3346 5307 τῆς
3375 5235 3494 5292 τῶν
3529 5237 3718 5306 ἁγίων

2560 5313 2922 5367 ἀποστόλων
2943 5313 3250 5378 νηστείας.

2209 5425 2285 5478 6'.
2319 5425 2553 5497 Εύρισκε
2589 5425 2698 5478 ἀπὸ
2723 5425 2823 5495 τῆς
2847 5425 3062 5496 ἡμέρας
3092 5422 3186 5476 τοῦ
3223 5423 3378 5490 ἁγίου
3413 5419 3569 5492 ήμῶν
3601 5417 3718 5474 Πά-

2141 5535 2246 5590 σχα
2271 5557 2286 5580 ,
2319 5519 2442 5591 δίχα
2483 5519 2716 5590 ταύτης,
2769 5516 2932 5570 πόσαι
2977 5515 3117 5568 εἰσὶν
3167 5513 3374 5584 ἡμέραι
3405 5513 3568 5583 μέχρι
3618 5511 3716 5564 καὶ

2139 5611 2310 5682 αὐτῆς
2337 5611 2437 5681 τῆς
2461 5617 2510 5680 γ’
2534 5609 2626 5664 τοῦ
2655 5607 2832 5666 Μαΐου
2851 5625 2864 5640 ’
2899 5609 2992 5663 καὶ
3007 5607 3212 5672 ταύτας
3239 5604 3580 5675 συναγαγὼν,
3603 5603 3718 5656 sic:

1683 5783 1726 5818 “
1761 5781 1882 5858 Leg.
1915 5785 2006 5839 καὶ
2036 5787 2082 5840 εί
2109 5787 2224 5844 οὐκ.
