  <div class='ocr_page' id='page_1' title='image "/cluster/home/n/w/nwhite01/storage/ocr_20150623/19:no.1/coo.31924054872993/686.png"; bbox 0 0 4124 6418; ppageno 0'>
   <div class='ocr_carea' id='block_1_1' title="bbox 421 418 562 473">
    <p class='ocr_par' dir='ltr' id='par_1_1' title="bbox 421 418 562 473">
     <span class='ocr_line' id='line_1_1' title="bbox 421 418 562 473; baseline -0.021 0"><span class='ocrx_word' id='word_1_1' title='bbox 421 418 562 473; x_wconf 69' lang='lat'>15:29</span> 
     </span>
    </p>
   </div>
   <div class='ocr_carea' id='block_1_2' title="bbox 1075 389 3016 466">
    <p class='ocr_par' dir='ltr' id='par_1_2' title="bbox 1075 389 3016 466">
     <span class='ocr_line' id='line_1_2' title="bbox 1075 389 3016 466; baseline -0.01 0"><span class='ocrx_word' id='word_1_2' title='bbox 1075 411 1132 466; x_wconf 91' lang='lat' dir='ltr'><strong>S.</strong></span> <span class='ocrx_word' id='word_1_3' title='bbox 1174 408 1483 466; x_wconf 62' lang='lat' dir='ltr'>ANDREE</span> <span class='ocrx_word' id='word_1_4' title='bbox 1520 406 1906 464; x_wconf 80' lang='lat' dir='ltr'><strong>CRETENSlS</strong></span> <span class='ocrx_word' id='word_1_5' title='bbox 1944 403 2032 461; x_wconf 86' lang='lat' dir='ltr'><strong>DE</strong></span> <span class='ocrx_word' id='word_1_6' title='bbox 2069 401 2296 460; x_wconf 69' lang='grc' dir='ltr'>εγωιο</span> <span class='ocrx_word' id='word_1_7' title='bbox 2329 397 2581 458; x_wconf 77' lang='lat' dir='ltr'><strong>SOLARI</strong></span> <span class='ocrx_word' id='word_1_8' title='bbox 2609 395 2698 452; x_wconf 78' lang='grc' dir='ltr'>ΕΤ</span> <span class='ocrx_word' id='word_1_9' title='bbox 2732 389 3016 450; x_wconf 76' lang='lat' dir='ltr'>LUNARI.</span> 
     </span>
    </p>
   </div>
   <div class='ocr_carea' id='block_1_3' title="bbox 3525 393 3664 448">
    <p class='ocr_par' dir='ltr' id='par_1_3' title="bbox 3525 393 3664 448">
     <span class='ocr_line' id='line_1_3' title="bbox 3525 393 3664 448; baseline 0 0"><span class='ocrx_word' id='word_1_10' title='bbox 3525 393 3664 448; x_wconf 72' lang='grc'>1550</span> 
     </span>
    </p>
   </div>
   <div class='ocr_carea' id='block_1_4' title="bbox 417 501 1999 609">
    <p class='ocr_par' dir='ltr' id='par_1_4' title="bbox 417 501 1992 609">
     <span class='ocr_line' id='line_1_4' title="bbox 417 501 1992 609; baseline -0.005 -15"><span class='ocrx_word' id='word_1_11' title='bbox 417 544 496 604; x_wconf 72' lang='grc' dir='ltr'>εἰς</span> <span class='ocrx_word' id='word_1_12' title='bbox 517 541 607 593; x_wconf 71' lang='grc' dir='ltr'>τὸν</span> <span class='ocrx_word' id='word_1_13' title='bbox 631 538 892 609; x_wconf 78' lang='grc' dir='ltr'>Μάρτιον,</span> <span class='ocrx_word' id='word_1_14' title='bbox 923 539 1031 591; x_wconf 75' lang='grc' dir='ltr'>εἴτε</span> <span class='ocrx_word' id='word_1_15' title='bbox 1059 538 1139 600; x_wconf 81' lang='grc' dir='ltr'>εἰς</span> <span class='ocrx_word' id='word_1_16' title='bbox 1163 537 1252 590; x_wconf 78' lang='grc' dir='ltr'>τὸν</span> <span class='ocrx_word' id='word_1_17' title='bbox 1280 501 1556 607; x_wconf 82' lang='grc' dir='ltr'>Ἀπρίλιον</span> <span class='ocrx_word' id='word_1_18' title='bbox 1577 534 1773 605; x_wconf 85' lang='grc' dir='ltr'>εὑρεθῇ</span> <span class='ocrx_word' id='word_1_19' title='bbox 1799 533 1858 586; x_wconf 83' lang='grc' dir='ltr'>τὸ</span> <span class='ocrx_word' id='word_1_20' title='bbox 1879 532 1992 586; x_wconf 92' lang='grc' dir='ltr'>Πά-</span> 
     </span>
    </p>
   </div>
   <div class='ocr_carea' id='block_1_5' title="bbox 2104 501 3662 609">
    <p class='ocr_par' dir='ltr' id='par_1_5' title="bbox 2104 519 3662 598">
     <span class='ocr_line' id='line_1_5' title="bbox 2104 519 3662 598; baseline -0.006 -12"><span class='ocrx_word' id='word_1_21' title='bbox 2104 530 2309 586; x_wconf 89' lang='lat' dir='ltr'><strong>Pascha</strong></span> <span class='ocrx_word' id='word_1_22' title='bbox 2354 528 2663 598; x_wconf 79' lang='lat' dir='ltr'><strong>contingat,</strong></span> <span class='ocrx_word' id='word_1_23' title='bbox 2697 523 2922 579; x_wconf 86' lang='lat' dir='ltr'><strong>totidem</strong></span> <span class='ocrx_word' id='word_1_24' title='bbox 2970 521 3112 577; x_wconf 89' lang='lat' dir='ltr'><strong>scito</strong></span> <span class='ocrx_word' id='word_1_25' title='bbox 3139 519 3257 576; x_wconf 90' lang='lat' dir='ltr'><strong>dies</strong></span> <span class='ocrx_word' id='word_1_26' title='bbox 3285 535 3406 576; x_wconf 85' lang='lat' dir='ltr'><strong>esse</strong></span> <span class='ocrx_word' id='word_1_27' title='bbox 3443 530 3662 576; x_wconf 73' lang='lat' dir='ltr'><strong>sancte-</strong></span> 
     </span>
    </p>
   </div>
   <div class='ocr_carea' id='block_1_6' title="bbox 420 625 1985 704">
    <p class='ocr_par' dir='ltr' id='par_1_6' title="bbox 420 625 1985 704">
     <span class='ocr_line' id='line_1_6' title="bbox 420 625 1985 704; baseline -0.005 -18"><span class='ocrx_word' id='word_1_28' title='bbox 420 650 522 704; x_wconf 88' lang='grc' dir='ltr'>σχα</span> <span class='ocrx_word' id='word_1_29' title='bbox 543 674 558 698; x_wconf 91' lang='grc'>,</span> <span class='ocrx_word' id='word_1_30' title='bbox 593 631 860 696; x_wconf 82' lang='grc' dir='ltr'>τοσαύτας</span> <span class='ocrx_word' id='word_1_31' title='bbox 893 627 1031 684; x_wconf 80' lang='grc' dir='ltr'>εἶναι</span> <span class='ocrx_word' id='word_1_32' title='bbox 1060 630 1294 699; x_wconf 77' lang='grc' dir='ltr'>γίνωσκε</span> <span class='ocrx_word' id='word_1_33' title='bbox 1328 629 1422 683; x_wconf 76' lang='grc' dir='ltr'>καὶ</span> <span class='ocrx_word' id='word_1_34' title='bbox 1463 627 1560 691; x_wconf 82' lang='grc' dir='ltr'>τὰς</span> <span class='ocrx_word' id='word_1_35' title='bbox 1601 630 1698 700; x_wconf 83' lang='grc' dir='ltr'>τῆς</span> <span class='ocrx_word' id='word_1_36' title='bbox 1733 625 1985 700; x_wconf 82' lang='grc' dir='ltr'>νηστείας</span> 
     </span>
    </p>
   </div>
   <div class='ocr_carea' id='block_1_7' title="bbox 418 722 1342 794">
    <p class='ocr_par' dir='ltr' id='par_1_7' title="bbox 418 722 1342 794">
     <span class='ocr_line' id='line_1_7' title="bbox 418 722 1342 794; baseline -0.002 -18"><span class='ocrx_word' id='word_1_37' title='bbox 418 723 527 776; x_wconf 82' lang='grc' dir='ltr'>τῶν</span> <span class='ocrx_word' id='word_1_38' title='bbox 559 724 730 794; x_wconf 80' lang='grc' dir='ltr'>ἁγίων</span> <span class='ocrx_word' id='word_1_39' title='bbox 763 723 1077 778; x_wconf 83' lang='grc' dir='ltr'>ἀποστόλων</span> <span class='ocrx_word' id='word_1_40' title='bbox 1111 722 1342 793; x_wconf 74' lang='grc' dir='ltr'>ἡμέρας.</span> 
     </span>
    </p>
   </div>
   <div class='ocr_carea' id='block_1_8' title="bbox 2091 613 3104 693">
    <p class='ocr_par' dir='ltr' id='par_1_8' title="bbox 2091 613 3104 693">
     <span class='ocr_line' id='line_1_8' title="bbox 2091 613 3104 693; baseline -0.006 -15"><span class='ocrx_word' id='word_1_41' title='bbox 2091 639 2212 678; x_wconf 90' lang='lat' dir='ltr'>rum</span> <span class='ocrx_word' id='word_1_42' title='bbox 2236 620 2604 693; x_wconf 78' lang='lat' dir='ltr'>apostolorum</span> <span class='ocrx_word' id='word_1_43' title='bbox 2631 617 2840 688; x_wconf 85' lang='lat' dir='ltr'>jejunio</span> <span class='ocrx_word' id='word_1_44' title='bbox 2868 613 3104 672; x_wconf 87' lang='lat' dir='ltr'><strong>dicatos.</strong></span> 
     </span>
    </p>
   </div>
   <div class='ocr_carea' id='block_1_9' title="bbox 426 865 3637 900">
    <p class='ocr_par' dir='ltr' id='par_1_9' title="bbox 426 865 3637 900">
     <span class='ocr_line' id='line_1_9' title="bbox 426 865 3637 900; baseline -0.001 -15"><span class='ocrx_word' id='word_1_45' title='bbox 426 865 3637 900; x_wconf 51' lang='grc' dir='ltr'><em>Μ</em></span> 
     </span>
    </p>
   </div>
   <div class='ocr_carea' id='block_1_10' title="bbox 981 1024 3170 1121">
    <p class='ocr_par' dir='ltr' id='par_1_10' title="bbox 981 1024 3170 1121">
     <span class='ocr_line' id='line_1_10' title="bbox 981 1024 3170 1121; baseline -0.003 -3"><span class='ocrx_word' id='word_1_46' title='bbox 981 1033 1208 1119; x_wconf 86' lang='grc' dir='ltr'>ΤΟΥ</span> <span class='ocrx_word' id='word_1_47' title='bbox 1243 1031 2113 1121; x_wconf 83' lang='grc' dir='ltr'>ΜΑΚΑΡΙΩΤΑΤΟΥ</span> <span class='ocrx_word' id='word_1_48' title='bbox 2163 1025 2670 1116; x_wconf 87' lang='grc' dir='ltr'>ΑΝΔΡΕΟΥ</span> <span class='ocrx_word' id='word_1_49' title='bbox 2731 1024 3170 1111; x_wconf 87' lang='grc' dir='ltr'>ΚΡΗΤΗΣ</span> 
     </span>
    </p>
   </div>
   <div class='ocr_carea' id='block_1_11' title="bbox 1676 1210 2439 1280">
    <p class='ocr_par' dir='ltr' id='par_1_11' title="bbox 1676 1210 2439 1280">
     <span class='ocr_line' id='line_1_11' title="bbox 1676 1210 2439 1280; baseline -0.003 -14"><span class='ocrx_word' id='word_1_50' title='bbox 1676 1210 1813 1266; x_wconf 79' lang='grc' dir='ltr'>ΤΟΥ</span> <span class='ocrx_word' id='word_1_51' title='bbox 1844 1210 2397 1267; x_wconf 83' lang='grc' dir='ltr'>ΙΕΡΟΣΟΛΥΜΙΤΟΥ</span> <span class='ocrx_word' id='word_1_52' title='bbox 2423 1210 2439 1280; x_wconf 83' lang='grc' dir='ltr'>ι</span> 
     </span>
    </p>
   </div>
   <div class='ocr_carea' id='block_1_12' title="bbox 429 1367 3666 1497">
    <p class='ocr_par' dir='ltr' id='par_1_12' title="bbox 429 1367 3666 1497">
     <span class='ocr_line' id='line_1_12' title="bbox 429 1367 3666 1497; baseline -0.001 -68"><span class='ocrx_word' id='word_1_53' title='bbox 429 1372 792 1438; x_wconf 72' lang='grc' dir='ltr'>ΠΕΘΟΔΟΣ,</span> <span class='ocrx_word' id='word_1_54' title='bbox 831 1376 977 1429; x_wconf 86' lang='grc' dir='ltr'>ΠΩΣ</span> <span class='ocrx_word' id='word_1_55' title='bbox 1013 1373 1132 1428; x_wconf 76' lang='grc' dir='ltr'>ΔΕ]</span> <span class='ocrx_word' id='word_1_56' title='bbox 1165 1376 1213 1428; x_wconf 88' lang='grc' dir='ltr'><em>Ε</em></span> <span class='ocrx_word' id='word_1_57' title='bbox 1225 1375 1449 1428; x_wconf 77' lang='grc' dir='ltr'><em>ΥΡΕΙΝ</em></span> <span class='ocrx_word' id='word_1_58' title='bbox 1488 1374 1627 1429; x_wconf 86' lang='grc' dir='ltr'>ΤΟΝ</span> <span class='ocrx_word' id='word_1_59' title='bbox 1659 1373 2176 1497; x_wconf 46' lang='grc' dir='ltr'>1(Υῇβὲιῖἕῶ</span> <span class='ocrx_word' id='word_1_60' title='bbox 2184 1370 2425 1494; x_wconf 51' lang='grc' dir='ltr'>ἕὸὶᾶΟΥ,</span> <span class='ocrx_word' id='word_1_61' title='bbox 2465 1370 3057 1424; x_wconf 79' lang='grc' dir='ltr'>ΦΙΛΟΠΟΝΗΘΕΙΣΑ</span> <span class='ocrx_word' id='word_1_62' title='bbox 3090 1368 3408 1426; x_wconf 84' lang='grc' dir='ltr'>ΑΚΡῙΒΩΣ</span> <span class='ocrx_word' id='word_1_63' title='bbox 3439 1367 3666 1426; x_wconf 79' lang='grc' dir='ltr'>ΧΑΡΙΝ</span> 
     </span>
    </p>
   </div>
   <div class='ocr_carea' id='block_1_13' title="bbox 916 1682 3184 1812">
    <p class='ocr_par' dir='ltr' id='par_1_13' title="bbox 916 1682 3184 1812">
     <span class='ocr_line' id='line_1_13' title="bbox 916 1682 3184 1812; baseline -0.002 -33"><span class='ocrx_word' id='word_1_64' title='bbox 916 1685 1335 1779; x_wconf 85' lang='lat' dir='ltr'><strong>SANCTI</strong></span> <span class='ocrx_word' id='word_1_65' title='bbox 1410 1684 1926 1777; x_wconf 60' lang='lat' dir='ltr'>ANDREIE</span> <span class='ocrx_word' id='word_1_66' title='bbox 1996 1682 3085 1780; x_wconf 80' lang='lat' dir='ltr'>HIEROSOLYMITAN</span> <span class='ocrx_word' id='word_1_67' title='bbox 3105 1687 3184 1812; x_wconf 74' lang='grc' dir='ltr'>Ι,</span> 
     </span>
    </p>
   </div>
   <div class='ocr_carea' id='block_1_14' title="bbox 1653 1873 2397 1944">
    <p class='ocr_par' dir='ltr' id='par_1_14' title="bbox 1653 1873 2397 1944">
     <span class='ocr_line' id='line_1_14' title="bbox 1653 1873 2397 1944; baseline 0.004 -14"><span class='ocrx_word' id='word_1_68' title='bbox 1653 1873 1964 1933; x_wconf 85' lang='lat' dir='ltr'><strong>EPlSCOPl</strong></span> <span class='ocrx_word' id='word_1_69' title='bbox 1997 1873 2397 1944; x_wconf 81' lang='lat' dir='ltr'><strong>CRETENSIS,</strong></span> 
     </span>
    </p>
   </div>
   <div class='ocr_carea' id='block_1_15' title="bbox 423 2017 3662 2161">
    <p class='ocr_par' dir='ltr' id='par_1_15' title="bbox 423 2017 3662 2161">
     <span class='ocr_line' id='line_1_15' title="bbox 423 2017 3662 2161; baseline 0.001 -77"><span class='ocrx_word' id='word_1_70' title='bbox 423 2020 762 2085; x_wconf 75' lang='lat' dir='ltr'><strong>Melbodus</strong></span> <span class='ocrx_word' id='word_1_71' title='bbox 804 2019 1233 2104; x_wconf 76' lang='lat' dir='ltr'>investigandi</span> <span class='ocrx_word' id='word_1_72' title='bbox 1264 2017 1428 2102; x_wconf 83' lang='lat' dir='ltr'><strong>cycli</strong></span> <span class='ocrx_word' id='word_1_73' title='bbox 1462 2019 1718 2094; x_wconf 86' lang='lat' dir='ltr'><strong>solaris,</strong></span> <span class='ocrx_word' id='word_1_74' title='bbox 1753 2028 1816 2085; x_wconf 89' lang='lat' dir='ltr'>et</span> <span class='ocrx_word' id='word_1_75' title='bbox 1868 2019 2421 2161; x_wconf 52' lang='grc' dir='ltr'>Ιιῖἓὲἓὶῗιῃεεηοῐι</span> <span class='ocrx_word' id='word_1_76' title='bbox 2455 2022 2797 2100; x_wconf 81' lang='lat' dir='ltr'>Paschalis,</span> <span class='ocrx_word' id='word_1_77' title='bbox 2831 2024 2899 2086; x_wconf 89' lang='lat' dir='ltr'>in</span> <span class='ocrx_word' id='word_1_78' title='bbox 2931 2024 3362 2088; x_wconf 84' lang='lat' dir='ltr'>studiosorum</span> <span class='ocrx_word' id='word_1_79' title='bbox 3395 2027 3662 2104; x_wconf 82' lang='lat' dir='ltr'><strong>gratiam</strong></span> 
     </span>
     <span class='ocr_line' id='line_1_16' title="bbox 1876 2116 2216 2161; baseline 0 -1"><span class='ocrx_word' id='word_1_80' title='bbox 1876 2116 1910 2160; x_wconf 87' lang='lat' dir='ltr'>e</span> <span class='ocrx_word' id='word_1_81' title='bbox 1995 2155 2000 2158; x_wconf 91' lang='lat'>.</span> <span class='ocrx_word' id='word_1_82' title='bbox 2065 2117 2093 2160; x_wconf 88' lang='lat' dir='ltr'>r</span> <span class='ocrx_word' id='word_1_83' title='bbox 2159 2116 2216 2161; x_wconf 85' lang='lat' dir='ltr'><strong>a.</strong></span> 
     </span>
    </p>
   </div>
   <div class='ocr_carea' id='block_1_16' title="bbox 1876 2116 2216 2162">
    <p class='ocr_par' dir='ltr' id='par_1_16' title="bbox 1876 2116 2216 2162">
     <span class='ocr_line' id='line_1_17' title="bbox 1876 2116 2216 2162; baseline 0.006 -2"><span class='ocrx_word' id='word_1_84' title='bbox 1876 2116 2216 2162; x_wconf 69' lang='lat' dir='ltr'>BlﬂDONIIa.</span> 
     </span>
    </p>
   </div>
   <div class='ocr_carea' id='block_1_17' title="bbox 484 2340 1999 2413">
    <p class='ocr_par' dir='ltr' id='par_1_17' title="bbox 484 2340 1999 2413">
     <span class='ocr_line' id='line_1_18' title="bbox 484 2340 1999 2413; baseline 0.003 -19"><span class='ocrx_word' id='word_1_85' title='bbox 484 2341 695 2412; x_wconf 81' lang='grc' dir='ltr'>Κράτει</span> <span class='ocrx_word' id='word_1_86' title='bbox 726 2341 796 2396; x_wconf 84' lang='grc' dir='ltr'>τά</span> <span class='ocrx_word' id='word_1_87' title='bbox 827 2342 979 2396; x_wconf 88' lang='grc' dir='ltr'>κάτω</span> <span class='ocrx_word' id='word_1_88' title='bbox 1004 2341 1113 2396; x_wconf 85' lang='grc' dir='ltr'>τῶν</span> <span class='ocrx_word' id='word_1_89' title='bbox 1136 2340 1481 2413; x_wconf 85' lang='grc' dir='ltr'>χιλιοντάδων</span> <span class='ocrx_word' id='word_1_90' title='bbox 1505 2342 1601 2394; x_wconf 70' lang='lat' dir='ltr'><strong>ml.</strong></span> <span class='ocrx_word' id='word_1_91' title='bbox 1626 2342 1999 2399; x_wconf 82' lang='grc' dir='ltr'>ὲκατοντάδων</span> 
     </span>
    </p>
   </div>
   <div class='ocr_carea' id='block_1_18' title="bbox 2104 2340 3666 2413">
    <p class='ocr_par' dir='ltr' id='par_1_18' title="bbox 2181 2340 3666 2403">
     <span class='ocr_line' id='line_1_19' title="bbox 2181 2340 3666 2403; baseline -0.005 -1"><span class='ocrx_word' id='word_1_92' title='bbox 2181 2346 2348 2403; x_wconf 89' lang='lat' dir='ltr'><strong>Sume</strong></span> <span class='ocrx_word' id='word_1_93' title='bbox 2375 2360 2551 2402; x_wconf 85' lang='lat' dir='ltr'><strong>annos</strong></span> <span class='ocrx_word' id='word_1_94' title='bbox 2592 2343 2736 2399; x_wconf 82' lang='lat' dir='ltr'><strong>infra</strong></span> <span class='ocrx_word' id='word_1_95' title='bbox 2772 2342 3106 2398; x_wconf 88' lang='lat' dir='ltr'><strong>millenarios</strong></span> <span class='ocrx_word' id='word_1_96' title='bbox 3135 2348 3188 2397; x_wconf 88' lang='lat' dir='ltr'>et</span> <span class='ocrx_word' id='word_1_97' title='bbox 3220 2343 3564 2397; x_wconf 76' lang='lat' dir='ltr'><strong>centenarios</strong></span> <span class='ocrx_word' id='word_1_98' title='bbox 3598 2340 3666 2394; x_wconf 83' lang='lat' dir='ltr'>ab</span> 
     </span>
    </p>
   </div>
   <div class='ocr_carea' id='block_1_19' title="bbox 416 2431 1994 2506">
    <p class='ocr_par' dir='ltr' id='par_1_19' title="bbox 416 2431 1994 2506">
     <span class='ocr_line' id='line_1_20' title="bbox 416 2431 1994 2506; baseline 0.003 -22"><span class='ocrx_word' id='word_1_99' title='bbox 416 2434 526 2487; x_wconf 79' lang='grc' dir='ltr'>τῶν</span> <span class='ocrx_word' id='word_1_100' title='bbox 550 2434 659 2487; x_wconf 71' lang='grc' dir='ltr'>ἀπὸ</span> <span class='ocrx_word' id='word_1_101' title='bbox 677 2435 906 2499; x_wconf 84' lang='grc' dir='ltr'>κτίσεως</span> <span class='ocrx_word' id='word_1_102' title='bbox 926 2434 1131 2505; x_wconf 82' lang='grc' dir='ltr'>κόσμου</span> <span class='ocrx_word' id='word_1_103' title='bbox 1153 2448 1166 2462; x_wconf 89' lang='grc'><strong>·</strong></span> <span class='ocrx_word' id='word_1_104' title='bbox 1190 2432 1284 2487; x_wconf 76' lang='grc' dir='ltr'>καὶ</span> <span class='ocrx_word' id='word_1_105' title='bbox 1317 2431 1611 2505; x_wconf 88' lang='grc' dir='ltr'>πρόσθεττε</span> <span class='ocrx_word' id='word_1_106' title='bbox 1645 2433 1687 2465; x_wconf 88' lang='grc'>¹⁹</span> <span class='ocrx_word' id='word_1_107' title='bbox 1710 2435 1804 2488; x_wconf 76' lang='grc' dir='ltr'>καὶ</span> <span class='ocrx_word' id='word_1_108' title='bbox 1834 2435 1994 2506; x_wconf 69' lang='grc' dir='ltr'>ἕτερα</span> 
     </span>
    </p>
   </div>
   <div class='ocr_carea' id='block_1_20' title="bbox 417 2523 1998 2596">
    <p class='ocr_par' dir='ltr' id='par_1_20' title="bbox 417 2523 1998 2596">
     <span class='ocr_line' id='line_1_21' title="bbox 417 2523 1998 2596; baseline 0.003 -20"><span class='ocrx_word' id='word_1_109' title='bbox 417 2523 494 2576; x_wconf 81' lang='grc' dir='ltr'>κδ’</span> <span class='ocrx_word' id='word_1_110' title='bbox 520 2540 534 2554; x_wconf 89' lang='grc'><strong>·</strong></span> <span class='ocrx_word' id='word_1_111' title='bbox 591 2523 686 2577; x_wconf 73' lang='grc' dir='ltr'>καὶ</span> <span class='ocrx_word' id='word_1_112' title='bbox 744 2525 968 2596; x_wconf 71' lang='grc' dir='ltr'>ποίησον</span> <span class='ocrx_word' id='word_1_113' title='bbox 1013 2523 1284 2594; x_wconf 71' lang='grc' dir='ltr'>σταθμόν*</span> <span class='ocrx_word' id='word_1_114' title='bbox 1342 2523 1439 2577; x_wconf 75' lang='grc' dir='ltr'>καὶ</span> <span class='ocrx_word' id='word_1_115' title='bbox 1477 2523 1638 2594; x_wconf 79' lang='grc' dir='ltr'>ὕφελε</span> <span class='ocrx_word' id='word_1_116' title='bbox 1696 2525 1834 2580; x_wconf 74' lang='grc' dir='ltr'>αὐτὰ</span> <span class='ocrx_word' id='word_1_117' title='bbox 1893 2527 1998 2580; x_wconf 81' lang='grc' dir='ltr'>ὑπὸ</span> 
     </span>
    </p>
   </div>
   <div class='ocr_carea' id='block_1_21' title="bbox 415 2614 1998 2690">
    <p class='ocr_par' dir='ltr' id='par_1_21' title="bbox 415 2614 1998 2690">
     <span class='ocr_line' id='line_1_22' title="bbox 415 2614 1998 2690; baseline 0.003 -23"><span class='ocrx_word' id='word_1_118' title='bbox 415 2614 524 2668; x_wconf 87' lang='grc' dir='ltr'>τῶν</span> <span class='ocrx_word' id='word_1_119' title='bbox 563 2623 649 2687; x_wconf 86' lang='grc' dir='ltr'>κη’</span> <span class='ocrx_word' id='word_1_120' title='bbox 678 2633 692 2646; x_wconf 75' lang='grc' dir='ltr'><strong>ο</strong></span> <span class='ocrx_word' id='word_1_121' title='bbox 741 2617 835 2670; x_wconf 81' lang='grc' dir='ltr'>καὶ</span> <span class='ocrx_word' id='word_1_122' title='bbox 881 2615 952 2670; x_wconf 80' lang='grc' dir='ltr'>τὰ</span> <span class='ocrx_word' id='word_1_123' title='bbox 997 2615 1430 2686; x_wconf 82' lang='grc' dir='ltr'>ὲναπομείναντα</span> <span class='ocrx_word' id='word_1_124' title='bbox 1477 2617 1536 2669; x_wconf 71' lang='grc' dir='ltr'>ιν</span> <span class='ocrx_word' id='word_1_125' title='bbox 1583 2619 1650 2689; x_wconf 76' lang='grc' dir='ltr'>τῇ</span> <span class='ocrx_word' id='word_1_126' title='bbox 1702 2618 1847 2690; x_wconf 82' lang='grc' dir='ltr'>χειρί</span> <span class='ocrx_word' id='word_1_127' title='bbox 1902 2635 1998 2672; x_wconf 85' lang='grc' dir='ltr'>σου</span> 
     </span>
    </p>
   </div>
   <div class='ocr_carea' id='block_1_22' title="bbox 417 2707 1997 2780">
    <p class='ocr_par' dir='ltr' id='par_1_22' title="bbox 417 2707 1997 2780">
     <span class='ocr_line' id='line_1_23' title="bbox 417 2707 1997 2780; baseline 0.003 -20"><span class='ocrx_word' id='word_1_128' title='bbox 417 2707 582 2772; x_wconf 75' lang='grc' dir='ltr'>αὐτός</span> <span class='ocrx_word' id='word_1_129' title='bbox 628 2711 776 2763; x_wconf 80' lang='grc' dir='ltr'>ἐστιν</span> <span class='ocrx_word' id='word_1_130' title='bbox 811 2711 841 2764; x_wconf 84' lang='grc' dir='ltr'>ὁ</span> <span class='ocrx_word' id='word_1_131' title='bbox 889 2708 1090 2774; x_wconf 86' lang='grc' dir='ltr'>κύκλος</span> <span class='ocrx_word' id='word_1_132' title='bbox 1132 2707 1228 2763; x_wconf 81' lang='grc' dir='ltr'>τοῦ</span> <span class='ocrx_word' id='word_1_133' title='bbox 1268 2708 1443 2780; x_wconf 74' lang='grc' dir='ltr'>ἡλίου.</span> <span class='ocrx_word' id='word_1_134' title='bbox 1484 2710 1598 2763; x_wconf 81' lang='grc' dir='ltr'>Καὶ</span> <span class='ocrx_word' id='word_1_135' title='bbox 1636 2709 1810 2775; x_wconf 80' lang='grc' dir='ltr'>οὕτως</span> <span class='ocrx_word' id='word_1_136' title='bbox 1854 2711 1997 2765; x_wconf 87' lang='grc' dir='ltr'>ποίει</span> 
     </span>
    </p>
   </div>
   <div class='ocr_carea' id='block_1_23' title="bbox 419 2799 712 2864">
    <p class='ocr_par' dir='ltr' id='par_1_23' title="bbox 419 2799 712 2864">
     <span class='ocr_line' id='line_1_24' title="bbox 419 2799 712 2864; baseline 0.007 -10"><span class='ocrx_word' id='word_1_137' title='bbox 419 2801 540 2854; x_wconf 81' lang='grc' dir='ltr'>κατ’</span> <span class='ocrx_word' id='word_1_138' title='bbox 568 2799 712 2864; x_wconf 65' lang='grc' dir='ltr'>ἔπος.</span> 
     </span>
    </p>
   </div>
   <div class='ocr_carea' id='block_1_24' title="bbox 713 2911 1714 2982">
    <p class='ocr_par' dir='ltr' id='par_1_24' title="bbox 713 2911 1714 2982">
     <span class='ocr_line' id='line_1_25' title="bbox 713 2911 1714 2982; baseline 0.006 -17"><span class='ocrx_word' id='word_1_139' title='bbox 713 2911 950 2982; x_wconf 83' lang='grc' dir='ltr'>Ὁμοίως</span> <span class='ocrx_word' id='word_1_140' title='bbox 987 2912 1087 2966; x_wconf 77' lang='grc' dir='ltr'>καί</span> <span class='ocrx_word' id='word_1_141' title='bbox 1117 2912 1247 2981; x_wconf 81' lang='grc' dir='ltr'>περὶ</span> <span class='ocrx_word' id='word_1_142' title='bbox 1289 2913 1394 2982; x_wconf 78' lang='grc' dir='ltr'>τῆς</span> <span class='ocrx_word' id='word_1_143' title='bbox 1423 2913 1714 2982; x_wconf 79' lang='grc' dir='ltr'>σελήνης.</span> 
     </span>
    </p>
   </div>
   <div class='ocr_carea' id='block_1_25' title="bbox 489 3025 1997 3100">
    <p class='ocr_par' dir='ltr' id='par_1_25' title="bbox 489 3025 1997 3100">
     <span class='ocr_line' id='line_1_26' title="bbox 489 3025 1997 3100; baseline 0.002 -20"><span class='ocrx_word' id='word_1_144' title='bbox 489 3025 698 3097; x_wconf 84' lang='grc' dir='ltr'>Κράτει</span> <span class='ocrx_word' id='word_1_145' title='bbox 729 3025 797 3081; x_wconf 82' lang='grc' dir='ltr'>τὰ</span> <span class='ocrx_word' id='word_1_146' title='bbox 829 3026 969 3081; x_wconf 80' lang='grc' dir='ltr'>αὐτὰ</span> <span class='ocrx_word' id='word_1_147' title='bbox 1004 3025 1302 3099; x_wconf 88' lang='grc' dir='ltr'>κούντουρα</span> <span class='ocrx_word' id='word_1_148' title='bbox 1353 3027 1463 3082; x_wconf 85' lang='grc' dir='ltr'>τῶν</span> <span class='ocrx_word' id='word_1_149' title='bbox 1513 3028 1858 3100; x_wconf 79' lang='grc' dir='ltr'>χιλιοντάδων</span> <span class='ocrx_word' id='word_1_150' title='bbox 1903 3029 1997 3085; x_wconf 75' lang='grc' dir='ltr'>καὶ</span> 
     </span>
    </p>
   </div>
   <div class='ocr_carea' id='block_1_26' title="bbox 419 3117 1998 3194">
    <p class='ocr_par' dir='ltr' id='par_1_26' title="bbox 419 3117 1998 3194">
     <span class='ocr_line' id='line_1_27' title="bbox 419 3117 1998 3194; baseline 0.004 -24"><span class='ocrx_word' id='word_1_151' title='bbox 419 3119 807 3184; x_wconf 77' lang='grc' dir='ltr'>ἑκατοντάδων,</span> <span class='ocrx_word' id='word_1_152' title='bbox 839 3117 950 3172; x_wconf 86' lang='grc' dir='ltr'>τῶν</span> <span class='ocrx_word' id='word_1_153' title='bbox 977 3118 1085 3172; x_wconf 85' lang='grc' dir='ltr'>άπὸ</span> <span class='ocrx_word' id='word_1_154' title='bbox 1113 3120 1348 3183; x_wconf 82' lang='grc' dir='ltr'>κτίσεως</span> <span class='ocrx_word' id='word_1_155' title='bbox 1377 3120 1581 3190; x_wconf 83' lang='grc' dir='ltr'>κόσμου</span> <span class='ocrx_word' id='word_1_156' title='bbox 1599 3139 1612 3153; x_wconf 81' lang='lat'><strong>-</strong></span> <span class='ocrx_word' id='word_1_157' title='bbox 1648 3121 1882 3194; x_wconf 82' lang='grc' dir='ltr'>πρόσθες</span> <span class='ocrx_word' id='word_1_158' title='bbox 1903 3124 1998 3179; x_wconf 78' lang='grc' dir='ltr'>καὶ</span> 
     </span>
    </p>
   </div>
   <div class='ocr_carea' id='block_1_27' title="bbox 417 3208 1995 3284">
    <p class='ocr_par' dir='ltr' id='par_1_27' title="bbox 417 3208 1995 3284">
     <span class='ocr_line' id='line_1_28' title="bbox 417 3208 1995 3284; baseline 0.004 -21"><span class='ocrx_word' id='word_1_159' title='bbox 417 3210 584 3284; x_wconf 71' lang='grc' dir='ltr'>ἕτερα</span> <span class='ocrx_word' id='word_1_160' title='bbox 626 3208 725 3276; x_wconf 55' lang='lat' dir='ltr'>ig”</span> <span class='ocrx_word' id='word_1_161' title='bbox 776 3211 870 3264; x_wconf 83' lang='grc' dir='ltr'>καὶ</span> <span class='ocrx_word' id='word_1_162' title='bbox 909 3212 1134 3282; x_wconf 84' lang='grc' dir='ltr'>ποίησον</span> <span class='ocrx_word' id='word_1_163' title='bbox 1178 3211 1318 3265; x_wconf 83' lang='grc' dir='ltr'>αὐτά</span> <span class='ocrx_word' id='word_1_164' title='bbox 1365 3213 1640 3283; x_wconf 84' lang='grc' dir='ltr'>σταθμόν·</span> <span class='ocrx_word' id='word_1_165' title='bbox 1690 3215 1785 3268; x_wconf 77' lang='grc' dir='ltr'>καὶ</span> <span class='ocrx_word' id='word_1_166' title='bbox 1832 3213 1995 3283; x_wconf 81' lang='grc' dir='ltr'>ὓφελε</span> 
     </span>
    </p>
   </div>
   <div class='ocr_carea' id='block_1_28' title="bbox 419 3301 1995 3378">
    <p class='ocr_par' dir='ltr' id='par_1_28' title="bbox 419 3301 1995 3378">
     <span class='ocr_line' id='line_1_29' title="bbox 419 3301 1995 3378; baseline 0.005 -25"><span class='ocrx_word' id='word_1_167' title='bbox 419 3301 526 3354; x_wconf 79' lang='grc' dir='ltr'>ὑπὸ</span> <span class='ocrx_word' id='word_1_168' title='bbox 552 3301 662 3356; x_wconf 85' lang='grc' dir='ltr'>τῶν</span> <span class='ocrx_word' id='word_1_169' title='bbox 695 3301 758 3354; x_wconf 85' lang='grc' dir='ltr'>ιθ¹</span> <span class='ocrx_word' id='word_1_170' title='bbox 784 3318 797 3331; x_wconf 94' lang='grc'>·</span> <span class='ocrx_word' id='word_1_171' title='bbox 831 3301 928 3356; x_wconf 74' lang='grc' dir='ltr'>καὶ</span> <span class='ocrx_word' id='word_1_172' title='bbox 957 3301 1027 3356; x_wconf 83' lang='grc' dir='ltr'>τά</span> <span class='ocrx_word' id='word_1_173' title='bbox 1059 3301 1510 3373; x_wconf 82' lang='grc' dir='ltr'>ὲναπολειφθέντα</span> <span class='ocrx_word' id='word_1_174' title='bbox 1539 3304 1598 3358; x_wconf 87' lang='grc' dir='ltr'>ὲν</span> <span class='ocrx_word' id='word_1_175' title='bbox 1635 3306 1702 3376; x_wconf 80' lang='grc' dir='ltr'>τῇ</span> <span class='ocrx_word' id='word_1_176' title='bbox 1737 3305 1877 3378; x_wconf 80' lang='grc' dir='ltr'>χειρί</span> <span class='ocrx_word' id='word_1_177' title='bbox 1902 3323 1995 3361; x_wconf 89' lang='grc' dir='ltr'>σου</span> 
     </span>
    </p>
   </div>
   <div class='ocr_carea' id='block_1_29' title="bbox 417 3389 1436 3464">
    <p class='ocr_par' dir='ltr' id='par_1_29' title="bbox 417 3389 1436 3464">
     <span class='ocr_line' id='line_1_30' title="bbox 417 3389 1436 3464; baseline 0 -18"><span class='ocrx_word' id='word_1_178' title='bbox 417 3389 582 3454; x_wconf 76' lang='grc' dir='ltr'>αὑτός</span> <span class='ocrx_word' id='word_1_179' title='bbox 602 3393 751 3445; x_wconf 77' lang='grc' dir='ltr'>ἐστιν</span> <span class='ocrx_word' id='word_1_180' title='bbox 773 3392 802 3446; x_wconf 89' lang='grc' dir='ltr'>ὁ</span> <span class='ocrx_word' id='word_1_181' title='bbox 834 3390 1030 3454; x_wconf 79' lang='grc' dir='ltr'>κύκλος</span> <span class='ocrx_word' id='word_1_182' title='bbox 1060 3391 1161 3463; x_wconf 83' lang='grc' dir='ltr'>τῆς</span> <span class='ocrx_word' id='word_1_183' title='bbox 1187 3393 1436 3464; x_wconf 83' lang='grc' dir='ltr'>σελήνης.</span> 
     </span>
    </p>
   </div>
   <div class='ocr_carea' id='block_1_30' title="bbox 431 3489 1995 3628">
    <p class='ocr_par' dir='ltr' id='par_1_30' title="bbox 431 3489 1995 3628">
     <span class='ocr_line' id='line_1_31' title="bbox 431 3489 1995 3628; baseline 0.004 -71"><span class='ocrx_word' id='word_1_184' title='bbox 431 3505 667 3574; x_wconf 81' lang='grc' dir='ltr'>Ὁμοίως</span> <span class='ocrx_word' id='word_1_185' title='bbox 715 3503 818 3562; x_wconf 77' lang='grc' dir='ltr'>καί</span> <span class='ocrx_word' id='word_1_186' title='bbox 853 3505 893 3575; x_wconf 77' lang='grc' dir='ltr'>ἡ</span> <span class='ocrx_word' id='word_1_187' title='bbox 933 3503 1198 3628; x_wconf 60' lang='grc' dir='ltr'>ῖνδικτὲς</span> <span class='ocrx_word' id='word_1_188' title='bbox 1241 3489 1645 3569; x_wconf 67' lang='grc' dir='ltr'>ἀναϐιϐάζεται</span> <span class='ocrx_word' id='word_1_189' title='bbox 1691 3505 1823 3577; x_wconf 77' lang='grc' dir='ltr'>ἦτοι</span> <span class='ocrx_word' id='word_1_190' title='bbox 1867 3511 1995 3564; x_wconf 81' lang='grc' dir='ltr'>κατ’</span> 
     </span>
     <span class='ocr_line' id='line_1_32' title="bbox 1168 3593 1291 3628; baseline 0 0"><span class='ocrx_word' id='word_1_191' title='bbox 1168 3593 1291 3628; x_wconf 77' lang='grc' dir='ltr'>τοο.</span> 
     </span>
    </p>
   </div>
   <div class='ocr_carea' id='block_1_31' title="bbox 1168 3593 1291 3642">
    <p class='ocr_par' dir='ltr' id='par_1_31' title="bbox 1168 3593 1291 3642">
     <span class='ocr_line' id='line_1_33' title="bbox 1168 3593 1291 3642; baseline 0.016 -14"><span class='ocrx_word' id='word_1_192' title='bbox 1168 3593 1291 3642; x_wconf 86' lang='grc' dir='ltr'>τος.</span> 
     </span>
    </p>
   </div>
   <div class='ocr_carea' id='block_1_32' title="bbox 2099 2433 3666 2506">
    <p class='ocr_par' dir='ltr' id='par_1_32' title="bbox 2099 2433 3666 2506">
     <span class='ocr_line' id='line_1_34' title="bbox 2099 2433 3666 2506; baseline -0.006 -11"><span class='ocrx_word' id='word_1_193' title='bbox 2099 2439 2236 2496; x_wconf 88' lang='lat' dir='ltr'><strong>orbe</strong></span> <span class='ocrx_word' id='word_1_194' title='bbox 2289 2437 2562 2503; x_wconf 86' lang='lat' dir='ltr'><strong>condito;</strong></span> <span class='ocrx_word' id='word_1_195' title='bbox 2608 2436 2785 2506; x_wconf 88' lang='lat' dir='ltr'><strong>iisque</strong></span> <span class='ocrx_word' id='word_1_196' title='bbox 2814 2435 2950 2490; x_wconf 88' lang='lat' dir='ltr'><strong>alios</strong></span> <span class='ocrx_word' id='word_1_197' title='bbox 3001 2433 3138 2489; x_wconf 91' lang='lat' dir='ltr'><strong>adde</strong></span> <span class='ocrx_word' id='word_1_198' title='bbox 3168 2449 3318 2492; x_wconf 82' lang='grc' dir='ltr'>ιιιν.</span> <span class='ocrx_word' id='word_1_199' title='bbox 3356 2449 3424 2488; x_wconf 87' lang='grc' dir='ltr'>ει</span> <span class='ocrx_word' id='word_1_200' title='bbox 3468 2434 3666 2504; x_wconf 82' lang='lat' dir='ltr'>quibus</span> 
     </span>
    </p>
   </div>
   <div class='ocr_carea' id='block_1_33' title="bbox 2098 2525 3668 2596">
    <p class='ocr_par' dir='ltr' id='par_1_33' title="bbox 2098 2525 3668 2596">
     <span class='ocr_line' id='line_1_35' title="bbox 2098 2525 3668 2596; baseline -0.003 -13"><span class='ocrx_word' id='word_1_201' title='bbox 2098 2528 2348 2583; x_wconf 85' lang='lat' dir='ltr'><strong>confecta</strong></span> <span class='ocrx_word' id='word_1_202' title='bbox 2395 2541 2606 2582; x_wconf 82' lang='lat' dir='ltr'><strong>summa</strong></span> <span class='ocrx_word' id='word_1_203' title='bbox 2639 2541 2737 2596; x_wconf 90' lang='lat' dir='ltr'>per</span> <span class='ocrx_word' id='word_1_204' title='bbox 2771 2541 2938 2580; x_wconf 80' lang='lat' dir='ltr'><strong>xxvm</strong></span> <span class='ocrx_word' id='word_1_205' title='bbox 2983 2525 3178 2588; x_wconf 81' lang='lat' dir='ltr'><strong>divisa,</strong></span> <span class='ocrx_word' id='word_1_206' title='bbox 3213 2527 3360 2595; x_wconf 91' lang='lat' dir='ltr'><strong>quod</strong></span> <span class='ocrx_word' id='word_1_207' title='bbox 3398 2527 3668 2581; x_wconf 80' lang='lat' dir='ltr'><strong>relicuum</strong></span> 
     </span>
    </p>
   </div>
   <div class='ocr_carea' id='block_1_34' title="bbox 2100 2615 3386 2692">
    <p class='ocr_par' dir='ltr' id='par_1_34' title="bbox 2100 2615 3386 2692">
     <span class='ocr_line' id='line_1_36' title="bbox 2100 2615 3386 2692; baseline -0.002 -15"><span class='ocrx_word' id='word_1_208' title='bbox 2100 2628 2206 2686; x_wconf 90' lang='lat' dir='ltr'><strong>est,</strong></span> <span class='ocrx_word' id='word_1_209' title='bbox 2229 2620 2335 2678; x_wconf 88' lang='lat' dir='ltr'><strong>erit</strong></span> <span class='ocrx_word' id='word_1_210' title='bbox 2361 2619 2549 2692; x_wconf 86' lang='lat' dir='ltr'><strong>cyclus</strong></span> <span class='ocrx_word' id='word_1_211' title='bbox 2581 2618 2735 2675; x_wconf 87' lang='lat' dir='ltr'><strong>solis.</strong></span> <span class='ocrx_word' id='word_1_212' title='bbox 2764 2615 2848 2674; x_wconf 63' lang='lat' dir='ltr'><strong>lta&#39;</strong></span> <span class='ocrx_word' id='word_1_213' title='bbox 2871 2617 3165 2689; x_wconf 93' lang='lat' dir='ltr'><strong>quotannis</strong></span> <span class='ocrx_word' id='word_1_214' title='bbox 3198 2616 3386 2674; x_wconf 84' lang='lat' dir='ltr'>facies.</span> 
     </span>
    </p>
   </div>
   <div class='ocr_carea' id='block_1_35' title="bbox 2355 2902 3412 2972">
    <p class='ocr_par' dir='ltr' id='par_1_35' title="bbox 2355 2902 3412 2972">
     <span class='ocr_line' id='line_1_37' title="bbox 2355 2902 3412 2972; baseline 0 -14"><span class='ocrx_word' id='word_1_215' title='bbox 2355 2903 2560 2960; x_wconf 85' lang='lat' dir='ltr'><strong>Eodem</strong></span> <span class='ocrx_word' id='word_1_216' title='bbox 2593 2902 2746 2958; x_wconf 85' lang='lat' dir='ltr'><strong>modo</strong></span> <span class='ocrx_word' id='word_1_217' title='bbox 2775 2905 2902 2958; x_wconf 81' lang='lat' dir='ltr'><strong>etin</strong></span> <span class='ocrx_word' id='word_1_218' title='bbox 2935 2904 3062 2958; x_wconf 82' lang='lat' dir='ltr'><strong>(una</strong></span> <span class='ocrx_word' id='word_1_219' title='bbox 3095 2904 3412 2972; x_wconf 77' lang='lat' dir='ltr'>proceditur.</span> 
     </span>
    </p>
   </div>
   <div class='ocr_carea' id='block_1_36' title="bbox 2169 3017 3668 3091">
    <p class='ocr_par' dir='ltr' id='par_1_36' title="bbox 2169 3017 3668 3091">
     <span class='ocr_line' id='line_1_38' title="bbox 2169 3017 3668 3091; baseline -0.002 -17"><span class='ocrx_word' id='word_1_220' title='bbox 2169 3020 2370 3091; x_wconf 83' lang='lat' dir='ltr'>Accipe</span> <span class='ocrx_word' id='word_1_221' title='bbox 2433 3019 2685 3076; x_wconf 76' lang='lat' dir='ltr'><strong>similiter</strong></span> <span class='ocrx_word' id='word_1_222' title='bbox 2726 3026 3080 3075; x_wconf 83' lang='lat' dir='ltr'><strong>excurrentes</strong></span> <span class='ocrx_word' id='word_1_223' title='bbox 3119 3033 3284 3088; x_wconf 82' lang='lat' dir='ltr'><strong>supra</strong></span> <span class='ocrx_word' id='word_1_224' title='bbox 3333 3017 3668 3071; x_wconf 87' lang='lat' dir='ltr'><strong>millenarios</strong></span> 
     </span>
    </p>
   </div>
   <div class='ocr_carea' id='block_1_37' title="bbox 2099 3107 3666 3181">
    <p class='ocr_par' dir='ltr' id='par_1_37' title="bbox 2099 3107 3666 3181">
     <span class='ocr_line' id='line_1_39' title="bbox 2099 3107 3666 3181; baseline -0.004 -12"><span class='ocrx_word' id='word_1_225' title='bbox 2099 3120 2154 3169; x_wconf 89' lang='lat' dir='ltr'>et</span> <span class='ocrx_word' id='word_1_226' title='bbox 2185 3113 2531 3170; x_wconf 88' lang='lat' dir='ltr'><strong>centenarios</strong></span> <span class='ocrx_word' id='word_1_227' title='bbox 2576 3113 2647 3169; x_wconf 91' lang='lat' dir='ltr'>ab</span> <span class='ocrx_word' id='word_1_228' title='bbox 2684 3113 2817 3168; x_wconf 88' lang='lat' dir='ltr'><strong>orbe</strong></span> <span class='ocrx_word' id='word_1_229' title='bbox 2850 3113 3100 3169; x_wconf 88' lang='lat' dir='ltr'><strong>condito:</strong></span> <span class='ocrx_word' id='word_1_230' title='bbox 3135 3110 3333 3181; x_wconf 85' lang='lat' dir='ltr'><strong>quibus</strong></span> <span class='ocrx_word' id='word_1_231' title='bbox 3363 3107 3502 3163; x_wconf 87' lang='lat' dir='ltr'><strong>adde</strong></span> <span class='ocrx_word' id='word_1_232' title='bbox 3531 3125 3666 3172; x_wconf 83' lang='lat' dir='ltr'><strong>xvn,</strong></span> 
     </span>
    </p>
   </div>
   <div class='ocr_carea' id='block_1_38' title="bbox 2097 3201 3669 3279">
    <p class='ocr_par' dir='ltr' id='par_1_38' title="bbox 2097 3201 3669 3279">
     <span class='ocr_line' id='line_1_40' title="bbox 2097 3201 3669 3279; baseline -0.006 -16"><span class='ocrx_word' id='word_1_233' title='bbox 2097 3217 2154 3263; x_wconf 91' lang='lat' dir='ltr'>et</span> <span class='ocrx_word' id='word_1_234' title='bbox 2197 3207 2427 3263; x_wconf 88' lang='lat' dir='ltr'><strong>collecta</strong></span> <span class='ocrx_word' id='word_1_235' title='bbox 2463 3223 2676 3264; x_wconf 86' lang='lat' dir='ltr'><strong>summa</strong></span> <span class='ocrx_word' id='word_1_236' title='bbox 2717 3223 2813 3279; x_wconf 89' lang='lat' dir='ltr'>per</span> <span class='ocrx_word' id='word_1_237' title='bbox 2868 3221 2962 3261; x_wconf 87' lang='grc' dir='ltr'>ιιι</span> <span class='ocrx_word' id='word_1_238' title='bbox 3002 3205 3237 3276; x_wconf 60' lang='lat' dir='ltr'><strong>partita,</strong></span> <span class='ocrx_word' id='word_1_239' title='bbox 3261 3201 3540 3259; x_wconf 88' lang='lat' dir='ltr'><strong>residuum</strong></span> <span class='ocrx_word' id='word_1_240' title='bbox 3584 3210 3669 3257; x_wconf 86' lang='lat' dir='ltr'>est</span> 
     </span>
    </p>
   </div>
   <div class='ocr_carea' id='block_1_39' title="bbox 2101 3302 2481 3381">
    <p class='ocr_par' dir='ltr' id='par_1_39' title="bbox 2101 3302 2481 3381">
     <span class='ocr_line' id='line_1_41' title="bbox 2101 3302 2481 3381; baseline 0.003 -26"><span class='ocrx_word' id='word_1_241' title='bbox 2101 3302 2288 3381; x_wconf 77' lang='lat' dir='ltr'><strong>cyclus</strong></span> <span class='ocrx_word' id='word_1_242' title='bbox 2322 3303 2481 3358; x_wconf 68' lang='lat' dir='ltr'><strong>lunae.</strong></span> 
     </span>
    </p>
   </div>
   <div class='ocr_carea' id='block_1_40' title="bbox 2102 3503 3666 3632">
    <p class='ocr_par' dir='ltr' id='par_1_40' title="bbox 2102 3503 3666 3632">
     <span class='ocr_line' id='line_1_42' title="bbox 2102 3503 3666 3591; baseline -0.001 -31"><span class='ocrx_word' id='word_1_243' title='bbox 2102 3505 2306 3562; x_wconf 86' lang='lat' dir='ltr'><strong>Eadem</strong></span> <span class='ocrx_word' id='word_1_244' title='bbox 2347 3507 2588 3564; x_wconf 78' lang='lat' dir='ltr'><strong>methodo</strong></span> <span class='ocrx_word' id='word_1_245' title='bbox 2621 3517 2670 3563; x_wconf 86' lang='lat' dir='ltr'>et</span> <span class='ocrx_word' id='word_1_246' title='bbox 2703 3525 2795 3579; x_wconf 82' lang='lat' dir='ltr'>per</span> <span class='ocrx_word' id='word_1_247' title='bbox 2826 3525 2991 3591; x_wconf 66' lang='lat' dir='ltr'><strong>annos</strong></span> <span class='ocrx_word' id='word_1_248' title='bbox 3022 3507 3254 3578; x_wconf 76' lang='lat' dir='ltr'><strong>singulos</strong></span> <span class='ocrx_word' id='word_1_249' title='bbox 3283 3503 3501 3561; x_wconf 80' lang='lat' dir='ltr'><strong>indictio</strong></span> <span class='ocrx_word' id='word_1_250' title='bbox 3539 3521 3666 3559; x_wconf 70' lang='lat' dir='ltr'><strong>con-</strong></span> 
     </span>
     <span class='ocr_line' id='line_1_43' title="bbox 2789 3588 2978 3632; baseline 0 0"><span class='ocrx_word' id='word_1_251' title='bbox 2789 3588 2978 3632; x_wconf 73' lang='lat' dir='ltr'><strong>suum.</strong></span> 
     </span>
    </p>
   </div>
   <div class='ocr_carea' id='block_1_41' title="bbox 2789 3594 2978 3649">
    <p class='ocr_par' dir='ltr' id='par_1_41' title="bbox 2789 3594 2978 3649">
     <span class='ocr_line' id='line_1_44' title="bbox 2789 3594 2978 3649; baseline 0.005 -16"><span class='ocrx_word' id='word_1_252' title='bbox 2789 3594 2978 3649; x_wconf 64' lang='lat' dir='ltr'><strong>surgit.</strong></span> 
     </span>
    </p>
   </div>
   <div class='ocr_carea' id='block_1_42' title="bbox 492 3684 1999 3776">
    <p class='ocr_par' dir='ltr' id='par_1_42' title="bbox 492 3684 1994 3765">
     <span class='ocr_line' id='line_1_45' title="bbox 492 3684 1994 3765; baseline 0.007 -27"><span class='ocrx_word' id='word_1_253' title='bbox 492 3684 698 3758; x_wconf 81' lang='grc' dir='ltr'>Κράτει</span> <span class='ocrx_word' id='word_1_254' title='bbox 727 3687 797 3740; x_wconf 89' lang='grc' dir='ltr'>τά</span> <span class='ocrx_word' id='word_1_255' title='bbox 817 3687 925 3741; x_wconf 80' lang='grc' dir='ltr'>ἀπὸ</span> <span class='ocrx_word' id='word_1_256' title='bbox 953 3687 1183 3752; x_wconf 87' lang='grc' dir='ltr'>κτίσεως</span> <span class='ocrx_word' id='word_1_257' title='bbox 1211 3688 1416 3760; x_wconf 85' lang='grc' dir='ltr'>κόσμου</span> <span class='ocrx_word' id='word_1_258' title='bbox 1435 3705 1451 3721; x_wconf 76' lang='grc' dir='ltr'><strong>ο</strong></span> <span class='ocrx_word' id='word_1_259' title='bbox 1489 3690 1706 3745; x_wconf 76' lang='grc' dir='ltr'>ἅπαντα</span> <span class='ocrx_word' id='word_1_260' title='bbox 1731 3692 1994 3765; x_wconf 84' lang='grc' dir='ltr'>πρόσθες,</span> 
     </span>
    </p>
   </div>
   <div class='ocr_carea' id='block_1_43' title="bbox 2104 3684 3668 3776">
    <p class='ocr_par' dir='ltr' id='par_1_43' title="bbox 2177 3687 3668 3760">
     <span class='ocr_line' id='line_1_46' title="bbox 2177 3687 3668 3760; baseline -0.005 -16"><span class='ocrx_word' id='word_1_261' title='bbox 2177 3688 2384 3760; x_wconf 81' lang='lat' dir='ltr'><strong>Collige</strong></span> <span class='ocrx_word' id='word_1_262' title='bbox 2433 3703 2606 3746; x_wconf 89' lang='lat' dir='ltr'><strong>annos</strong></span> <span class='ocrx_word' id='word_1_263' title='bbox 2658 3689 2725 3744; x_wconf 88' lang='lat' dir='ltr'>ab</span> <span class='ocrx_word' id='word_1_264' title='bbox 2783 3689 2914 3745; x_wconf 91' lang='lat' dir='ltr'><strong>orbe</strong></span> <span class='ocrx_word' id='word_1_265' title='bbox 2982 3687 3238 3756; x_wconf 85' lang='lat' dir='ltr'><strong>condito,</strong></span> <span class='ocrx_word' id='word_1_266' title='bbox 3294 3693 3349 3742; x_wconf 92' lang='lat' dir='ltr'>et</span> <span class='ocrx_word' id='word_1_267' title='bbox 3398 3699 3668 3742; x_wconf 83' lang='lat' dir='ltr'><strong>summam</strong></span> 
     </span>
    </p>
   </div>
   <div class='ocr_carea' id='block_1_44' title="bbox 421 3778 1999 3853">
    <p class='ocr_par' dir='ltr' id='par_1_44' title="bbox 421 3778 1999 3853">
     <span class='ocr_line' id='line_1_47' title="bbox 421 3778 1999 3853; baseline 0.006 -23"><span class='ocrx_word' id='word_1_268' title='bbox 421 3778 517 3831; x_wconf 76' lang='grc' dir='ltr'>καὶ</span> <span class='ocrx_word' id='word_1_269' title='bbox 549 3778 711 3846; x_wconf 80' lang='grc' dir='ltr'>ύφελε</span> <span class='ocrx_word' id='word_1_270' title='bbox 739 3778 878 3832; x_wconf 81' lang='grc' dir='ltr'>αὐτά</span> <span class='ocrx_word' id='word_1_271' title='bbox 912 3780 1015 3833; x_wconf 83' lang='grc' dir='ltr'>ὑπὸ</span> <span class='ocrx_word' id='word_1_272' title='bbox 1042 3779 1151 3833; x_wconf 87' lang='grc' dir='ltr'>τῶν</span> <span class='ocrx_word' id='word_1_273' title='bbox 1192 3787 1281 3832; x_wconf 82' lang='grc' dir='ltr'>ιε’·</span> <span class='ocrx_word' id='word_1_274' title='bbox 1316 3782 1411 3836; x_wconf 73' lang='grc' dir='ltr'>καὶ</span> <span class='ocrx_word' id='word_1_275' title='bbox 1436 3780 1507 3836; x_wconf 83' lang='grc' dir='ltr'>τά</span> <span class='ocrx_word' id='word_1_276' title='bbox 1545 3783 1999 3853; x_wconf 71' lang='grc' dir='ltr'>ὲναπολειφθέντα</span> 
     </span>
    </p>
   </div>
   <div class='ocr_carea' id='block_1_45' title="bbox 2104 3778 3286 3853">
    <p class='ocr_par' dir='ltr' id='par_1_45' title="bbox 2104 3779 3286 3853">
     <span class='ocr_line' id='line_1_48' title="bbox 2104 3779 3286 3853; baseline -0.003 -18"><span class='ocrx_word' id='word_1_277' title='bbox 2104 3781 2310 3853; x_wconf 86' lang='lat' dir='ltr'><strong>partire</strong></span> <span class='ocrx_word' id='word_1_278' title='bbox 2341 3793 2436 3850; x_wconf 89' lang='lat' dir='ltr'>per</span> <span class='ocrx_word' id='word_1_279' title='bbox 2466 3795 2535 3834; x_wconf 86' lang='lat' dir='ltr'><strong>xv</strong></span> <span class='ocrx_word' id='word_1_280' title='bbox 2561 3797 2576 3835; x_wconf 88' lang='lat'><strong>:</strong></span> <span class='ocrx_word' id='word_1_281' title='bbox 2606 3779 2874 3850; x_wconf 88' lang='lat' dir='ltr'><strong>reliquum</strong></span> <span class='ocrx_word' id='word_1_282' title='bbox 2900 3779 3006 3836; x_wconf 89' lang='lat' dir='ltr'><strong>erit</strong></span> <span class='ocrx_word' id='word_1_283' title='bbox 3039 3779 3286 3840; x_wconf 83' lang='lat' dir='ltr'><strong>indictio.</strong></span> 
     </span>
    </p>
   </div>
   <div class='ocr_carea' id='block_1_46' title="bbox 421 3867 1482 3942">
    <p class='ocr_par' dir='ltr' id='par_1_46' title="bbox 421 3867 1482 3942">
     <span class='ocr_line' id='line_1_49' title="bbox 421 3867 1482 3942; baseline 0.008 -24"><span class='ocrx_word' id='word_1_284' title='bbox 421 3869 479 3919; x_wconf 82' lang='grc' dir='ltr'>ὲν</span> <span class='ocrx_word' id='word_1_285' title='bbox 510 3870 575 3939; x_wconf 82' lang='grc' dir='ltr'>τῇ</span> <span class='ocrx_word' id='word_1_286' title='bbox 608 3870 749 3942; x_wconf 88' lang='grc' dir='ltr'>χειρί</span> <span class='ocrx_word' id='word_1_287' title='bbox 775 3885 868 3923; x_wconf 89' lang='grc' dir='ltr'>σου</span> <span class='ocrx_word' id='word_1_288' title='bbox 894 3867 1031 3941; x_wconf 84' lang='grc' dir='ltr'>α’ύτη</span> <span class='ocrx_word' id='word_1_289' title='bbox 1063 3871 1208 3925; x_wconf 78' lang='grc' dir='ltr'>ἐστὶν</span> <span class='ocrx_word' id='word_1_290' title='bbox 1231 3871 1482 3936; x_wconf 76' lang='grc' dir='ltr'>ἵνδικτος.</span> 
     </span>
    </p>
   </div>
   <div class='ocr_carea' id='block_1_47' title="bbox 493 3960 2002 4041">
    <p class='ocr_par' dir='ltr' id='par_1_47' title="bbox 493 3960 2002 4041">
     <span class='ocr_line' id='line_1_50' title="bbox 493 3960 2002 4041; baseline 0.008 -29"><span class='ocrx_word' id='word_1_291' title='bbox 493 3960 732 4013; x_wconf 86' lang='grc' dir='ltr'>Γίνωσκε</span> <span class='ocrx_word' id='word_1_292' title='bbox 757 3962 815 4014; x_wconf 86' lang='grc' dir='ltr'>δὲ</span> <span class='ocrx_word' id='word_1_293' title='bbox 861 3963 953 4015; x_wconf 77' lang='grc' dir='ltr'>καὶ</span> <span class='ocrx_word' id='word_1_294' title='bbox 985 3961 1165 4027; x_wconf 78' lang='grc' dir='ltr'>τοῦτο,</span> <span class='ocrx_word' id='word_1_295' title='bbox 1211 3964 1292 4018; x_wconf 84' lang='grc' dir='ltr'>ὅτι</span> <span class='ocrx_word' id='word_1_296' title='bbox 1323 3965 1471 4036; x_wconf 78' lang='grc' dir='ltr'>ἥλιος</span> <span class='ocrx_word' id='word_1_297' title='bbox 1505 3966 1730 4039; x_wconf 80' lang='grc' dir='ltr'>ἄρχεται</span> <span class='ocrx_word' id='word_1_298' title='bbox 1769 3967 1876 4022; x_wconf 79' lang='grc' dir='ltr'>ἀπὸ</span> <span class='ocrx_word' id='word_1_299' title='bbox 1900 3969 2002 4041; x_wconf 84' lang='grc' dir='ltr'>τῆς</span> 
     </span>
    </p>
   </div>
   <div class='ocr_carea' id='block_1_48' title="bbox 421 4052 2004 4132">
    <p class='ocr_par' dir='ltr' id='par_1_48' title="bbox 421 4052 2004 4132">
     <span class='ocr_line' id='line_1_51' title="bbox 421 4052 2004 4132; baseline 0.006 -28"><span class='ocrx_word' id='word_1_300' title='bbox 421 4058 470 4104; x_wconf 81' lang='grc' dir='ltr'>α’</span> <span class='ocrx_word' id='word_1_301' title='bbox 507 4052 600 4105; x_wconf 75' lang='grc' dir='ltr'>τοῦ</span> <span class='ocrx_word' id='word_1_302' title='bbox 631 4053 1004 4126; x_wconf 81' lang='grc' dir='ltr'>Ὀκτωμϐρίου</span> <span class='ocrx_word' id='word_1_303' title='bbox 1047 4056 1215 4126; x_wconf 89' lang='grc' dir='ltr'>μηνός</span> <span class='ocrx_word' id='word_1_304' title='bbox 1237 4073 1252 4086; x_wconf 89' lang='grc'><strong>·</strong></span> <span class='ocrx_word' id='word_1_305' title='bbox 1279 4059 1312 4129; x_wconf 88' lang='grc' dir='ltr'>ή</span> <span class='ocrx_word' id='word_1_306' title='bbox 1344 4057 1400 4111; x_wconf 84' lang='grc' dir='ltr'>δὲ</span> <span class='ocrx_word' id='word_1_307' title='bbox 1428 4058 1624 4131; x_wconf 86' lang='grc' dir='ltr'>σελήνη</span> <span class='ocrx_word' id='word_1_308' title='bbox 1657 4058 1766 4112; x_wconf 85' lang='grc' dir='ltr'>ἀπό</span> <span class='ocrx_word' id='word_1_309' title='bbox 1808 4062 1908 4132; x_wconf 82' lang='grc' dir='ltr'>τῆς</span> <span class='ocrx_word' id='word_1_310' title='bbox 1951 4075 2004 4115; x_wconf 75' lang='grc' dir='ltr'>α⁹</span> 
     </span>
    </p>
   </div>
   <div class='ocr_carea' id='block_1_49' title="bbox 422 4144 2002 4224">
    <p class='ocr_par' dir='ltr' id='par_1_49' title="bbox 422 4144 2002 4224">
     <span class='ocr_line' id='line_1_52' title="bbox 422 4144 2002 4224; baseline 0.009 -28"><span class='ocrx_word' id='word_1_311' title='bbox 422 4144 515 4197; x_wconf 82' lang='grc' dir='ltr'>τοῦ</span> <span class='ocrx_word' id='word_1_312' title='bbox 555 4145 881 4216; x_wconf 85' lang='grc' dir='ltr'>Ἰανουαρίου</span> <span class='ocrx_word' id='word_1_313' title='bbox 924 4148 1119 4217; x_wconf 86' lang='grc' dir='ltr'>μηνός·</span> <span class='ocrx_word' id='word_1_314' title='bbox 1165 4147 1258 4202; x_wconf 79' lang='grc' dir='ltr'>καὶ</span> <span class='ocrx_word' id='word_1_315' title='bbox 1308 4150 1342 4220; x_wconf 81' lang='grc' dir='ltr'><strong>ὴ</strong></span> <span class='ocrx_word' id='word_1_316' title='bbox 1387 4148 1615 4215; x_wconf 85' lang='grc' dir='ltr'>ῐνδικτος</span> <span class='ocrx_word' id='word_1_317' title='bbox 1659 4151 1766 4205; x_wconf 84' lang='grc' dir='ltr'>άπὸ</span> <span class='ocrx_word' id='word_1_318' title='bbox 1805 4152 1904 4224; x_wconf 88' lang='grc' dir='ltr'>τῆς</span> <span class='ocrx_word' id='word_1_319' title='bbox 1950 4153 2002 4210; x_wconf 78' lang='grc' dir='ltr'>α’</span> 
     </span>
    </p>
   </div>
   <div class='ocr_carea' id='block_1_50' title="bbox 422 4238 1130 4312">
    <p class='ocr_par' dir='ltr' id='par_1_50' title="bbox 422 4238 1130 4312">
     <span class='ocr_line' id='line_1_53' title="bbox 422 4238 1130 4312; baseline 0.006 -21"><span class='ocrx_word' id='word_1_320' title='bbox 422 4238 514 4292; x_wconf 79' lang='grc' dir='ltr'>τοῦ</span> <span class='ocrx_word' id='word_1_321' title='bbox 545 4240 714 4292; x_wconf 88' lang='grc' dir='ltr'>Σεπτε</span> <span class='ocrx_word' id='word_1_322' title='bbox 722 4239 915 4312; x_wconf 80' lang='grc' dir='ltr'>μὸρίου</span> <span class='ocrx_word' id='word_1_323' title='bbox 943 4241 1130 4312; x_wconf 87' lang='grc' dir='ltr'>μηνός.</span> 
     </span>
    </p>
   </div>
   <div class='ocr_carea' id='block_1_51' title="bbox 493 4331 2000 4410">
    <p class='ocr_par' dir='ltr' id='par_1_51' title="bbox 493 4331 2000 4410">
     <span class='ocr_line' id='line_1_54' title="bbox 493 4331 2000 4410; baseline 0.007 -26"><span class='ocrx_word' id='word_1_324' title='bbox 493 4331 588 4394; x_wconf 81' lang='lat' dir='ltr'>El;</span> <span class='ocrx_word' id='word_1_325' title='bbox 618 4331 681 4385; x_wconf 82' lang='grc' dir='ltr'>τὸ</span> <span class='ocrx_word' id='word_1_326' title='bbox 714 4333 892 4402; x_wconf 85' lang='grc' dir='ltr'>εὑρεῖν</span> <span class='ocrx_word' id='word_1_327' title='bbox 931 4349 989 4385; x_wconf 87' lang='grc' dir='ltr'>σε</span> <span class='ocrx_word' id='word_1_328' title='bbox 1022 4332 1081 4385; x_wconf 89' lang='grc' dir='ltr'>τὸ</span> <span class='ocrx_word' id='word_1_329' title='bbox 1109 4334 1329 4405; x_wconf 80' lang='grc' dir='ltr'>νομικὸν</span> <span class='ocrx_word' id='word_1_330' title='bbox 1357 4333 1568 4407; x_wconf 82' lang='grc' dir='ltr'>Πάσχα,</span> <span class='ocrx_word' id='word_1_331' title='bbox 1599 4335 1870 4410; x_wconf 88' lang='grc' dir='ltr'>κράτησον</span> <span class='ocrx_word' id='word_1_332' title='bbox 1904 4337 2000 4394; x_wconf 82' lang='grc' dir='ltr'>τοῦ</span> 
     </span>
    </p>
   </div>
   <div class='ocr_carea' id='block_1_52' title="bbox 423 4422 2002 4502">
    <p class='ocr_par' dir='ltr' id='par_1_52' title="bbox 423 4422 2002 4502">
     <span class='ocr_line' id='line_1_55' title="bbox 423 4422 2002 4502; baseline 0.008 -28"><span class='ocrx_word' id='word_1_333' title='bbox 423 4422 850 4494; x_wconf 77' lang='grc' dir='ltr'>ὲπιζητουμένου</span> <span class='ocrx_word' id='word_1_334' title='bbox 878 4424 1030 4490; x_wconf 78' lang='grc' dir='ltr'>ἔτους</span> <span class='ocrx_word' id='word_1_335' title='bbox 1057 4426 1146 4480; x_wconf 77' lang='grc' dir='ltr'>τὸν</span> <span class='ocrx_word' id='word_1_336' title='bbox 1176 4426 1374 4481; x_wconf 86' lang='grc' dir='ltr'>κύκλον</span> <span class='ocrx_word' id='word_1_337' title='bbox 1400 4429 1501 4499; x_wconf 84' lang='grc' dir='ltr'>τῆς</span> <span class='ocrx_word' id='word_1_338' title='bbox 1533 4430 1783 4502; x_wconf 80' lang='grc' dir='ltr'>σελήνης,</span> <span class='ocrx_word' id='word_1_339' title='bbox 1809 4432 2002 4496; x_wconf 84' lang='grc' dir='ltr'>ὁπόσος</span> 
     </span>
    </p>
   </div>
   <div class='ocr_carea' id='block_1_53' title="bbox 424 4515 2005 4594">
    <p class='ocr_par' dir='ltr' id='par_1_53' title="bbox 424 4515 2005 4594">
     <span class='ocr_line' id='line_1_56' title="bbox 424 4515 2005 4594; baseline 0.006 -27"><span class='ocrx_word' id='word_1_340' title='bbox 424 4515 562 4578; x_wconf 74' lang='grc' dir='ltr'>ἐστὶ,</span> <span class='ocrx_word' id='word_1_341' title='bbox 597 4515 690 4568; x_wconf 74' lang='grc' dir='ltr'>καὶ</span> <span class='ocrx_word' id='word_1_342' title='bbox 742 4515 1236 4574; x_wconf 80' lang='grc' dir='ltr'>ὲνδεκαπλασίασον</span> <span class='ocrx_word' id='word_1_343' title='bbox 1279 4520 1476 4575; x_wconf 79' lang='grc' dir='ltr'>αὐτόν’</span> <span class='ocrx_word' id='word_1_344' title='bbox 1525 4523 1758 4594; x_wconf 78' lang='grc' dir='ltr'>πρόσθες</span> <span class='ocrx_word' id='word_1_345' title='bbox 1799 4523 1855 4577; x_wconf 80' lang='grc' dir='ltr'>δὲ</span> <span class='ocrx_word' id='word_1_346' title='bbox 1909 4527 2005 4579; x_wconf 79' lang='grc' dir='ltr'>καὶ</span> 
     </span>
    </p>
   </div>
   <div class='ocr_carea' id='block_1_54' title="bbox 425 4605 2002 4677">
    <p class='ocr_par' dir='ltr' id='par_1_54' title="bbox 425 4605 2002 4677">
     <span class='ocr_line' id='line_1_57' title="bbox 425 4605 2002 4677; baseline 0.005 -19"><span class='ocrx_word' id='word_1_347' title='bbox 425 4606 622 4677; x_wconf 78' lang='grc' dir='ltr'>ἑτέρας</span> <span class='ocrx_word' id='word_1_348' title='bbox 664 4612 716 4670; x_wconf 83' lang='grc' dir='ltr'>ς’</span> <span class='ocrx_word' id='word_1_349' title='bbox 751 4605 860 4659; x_wconf 85' lang='grc' dir='ltr'>τῶν</span> <span class='ocrx_word' id='word_1_350' title='bbox 895 4607 994 4661; x_wconf 77' lang='grc' dir='ltr'>ἀπ’</span> <span class='ocrx_word' id='word_1_351' title='bbox 1020 4607 1280 4662; x_wconf 54' lang='grc' dir='ltr'>αἰώνων</span> <span class='ocrx_word' id='word_1_352' title='bbox 1329 4610 1504 4666; x_wconf 77' lang='grc' dir='ltr'>ἰστέον</span> <span class='ocrx_word' id='word_1_353' title='bbox 1542 4611 1620 4675; x_wconf 79' lang='grc' dir='ltr'>δὲ,</span> <span class='ocrx_word' id='word_1_354' title='bbox 1669 4613 1751 4666; x_wconf 84' lang='grc' dir='ltr'>δτι</span> <span class='ocrx_word' id='word_1_355' title='bbox 1789 4613 1870 4676; x_wconf 83' lang='grc' dir='ltr'>εἰς</span> <span class='ocrx_word' id='word_1_356' title='bbox 1911 4612 2002 4666; x_wconf 80' lang='grc' dir='ltr'>τὸν</span> 
     </span>
    </p>
   </div>
   <div class='ocr_carea' id='block_1_55' title="bbox 429 4695 2000 4775">
    <p class='ocr_par' dir='ltr' id='par_1_55' title="bbox 429 4695 2000 4775">
     <span class='ocr_line' id='line_1_58' title="bbox 429 4695 2000 4775; baseline 0.007 -28"><span class='ocrx_word' id='word_1_357' title='bbox 429 4697 492 4762; x_wconf 74' lang='grc' dir='ltr'>ις’</span> <span class='ocrx_word' id='word_1_358' title='bbox 519 4695 735 4762; x_wconf 85' lang='grc' dir='ltr'>κύκλον,</span> <span class='ocrx_word' id='word_1_359' title='bbox 769 4699 861 4751; x_wconf 79' lang='grc' dir='ltr'>καὶ</span> <span class='ocrx_word' id='word_1_360' title='bbox 902 4705 990 4770; x_wconf 88' lang='grc' dir='ltr'>ιη’,</span> <span class='ocrx_word' id='word_1_361' title='bbox 1021 4699 1114 4752; x_wconf 73' lang='grc' dir='ltr'>καὶ</span> <span class='ocrx_word' id='word_1_362' title='bbox 1158 4699 1222 4754; x_wconf 84' lang='grc' dir='ltr'>ιθ’</span> <span class='ocrx_word' id='word_1_363' title='bbox 1257 4701 1317 4754; x_wconf 83' lang='grc' dir='ltr'>ού</span> <span class='ocrx_word' id='word_1_364' title='bbox 1356 4702 1656 4775; x_wconf 75' lang='grc' dir='ltr'>προστίθης</span> <span class='ocrx_word' id='word_1_365' title='bbox 1684 4710 1737 4769; x_wconf 82' lang='grc' dir='ltr'>ς’</span> <span class='ocrx_word' id='word_1_366' title='bbox 1763 4702 1871 4758; x_wconf 84' lang='grc' dir='ltr'>τῶν</span> <span class='ocrx_word' id='word_1_367' title='bbox 1907 4703 2000 4758; x_wconf 85' lang='grc' dir='ltr'>ἀπ’</span> 
     </span>
    </p>
   </div>
   <div class='ocr_carea' id='block_1_56' title="bbox 426 4789 2002 4864">
    <p class='ocr_par' dir='ltr' id='par_1_56' title="bbox 426 4789 2002 4864">
     <span class='ocr_line' id='line_1_59' title="bbox 426 4789 2002 4864; baseline 0.004 -21"><span class='ocrx_word' id='word_1_368' title='bbox 426 4789 658 4854; x_wconf 82' lang='grc' dir='ltr'>αίώνων,</span> <span class='ocrx_word' id='word_1_369' title='bbox 688 4791 822 4845; x_wconf 83' lang='grc' dir='ltr'>ἄλλα</span> <span class='ocrx_word' id='word_1_370' title='bbox 860 4791 934 4856; x_wconf 83' lang='grc' dir='ltr'>ζ’·</span> <span class='ocrx_word' id='word_1_371' title='bbox 969 4792 1028 4846; x_wconf 84' lang='grc' dir='ltr'>ὲν</span> <span class='ocrx_word' id='word_1_372' title='bbox 1067 4793 1125 4846; x_wconf 81' lang='grc' dir='ltr'>δὲ</span> <span class='ocrx_word' id='word_1_373' title='bbox 1155 4796 1267 4858; x_wconf 84' lang='grc' dir='ltr'>τοῖς</span> <span class='ocrx_word' id='word_1_374' title='bbox 1303 4793 1483 4859; x_wconf 81' lang='grc' dir='ltr'>ἄλλοις</span> <span class='ocrx_word' id='word_1_375' title='bbox 1526 4795 1668 4860; x_wconf 84' lang='grc' dir='ltr'>ὅλοις</span> <span class='ocrx_word' id='word_1_376' title='bbox 1698 4796 1916 4862; x_wconf 83' lang='grc' dir='ltr'>κύκλοις</span> <span class='ocrx_word' id='word_1_377' title='bbox 1949 4804 2002 4864; x_wconf 82' lang='grc' dir='ltr'>ς’</span> 
     </span>
    </p>
   </div>
   <div class='ocr_carea' id='block_1_57' title="bbox 427 4883 2003 4956">
    <p class='ocr_par' dir='ltr' id='par_1_57' title="bbox 427 4883 2003 4956">
     <span class='ocr_line' id='line_1_60' title="bbox 427 4883 2003 4956; baseline 0.004 -18"><span class='ocrx_word' id='word_1_378' title='bbox 427 4883 521 4938; x_wconf 80' lang='grc' dir='ltr'>καὶ</span> <span class='ocrx_word' id='word_1_379' title='bbox 566 4883 754 4954; x_wconf 85' lang='grc' dir='ltr'>μόνας,</span> <span class='ocrx_word' id='word_1_380' title='bbox 793 4883 868 4948; x_wconf 87' lang='grc' dir='ltr'>ὼς</span> <span class='ocrx_word' id='word_1_381' title='bbox 911 4883 1142 4956; x_wconf 76' lang='grc' dir='ltr'>ἔφημεν.</span> <span class='ocrx_word' id='word_1_382' title='bbox 1184 4883 1301 4938; x_wconf 76' lang='grc' dir='ltr'>Εἶθ’</span> <span class='ocrx_word' id='word_1_383' title='bbox 1348 4885 1522 4950; x_wconf 77' lang='grc' dir='ltr'>οὕτως</span> <span class='ocrx_word' id='word_1_384' title='bbox 1561 4885 1825 4941; x_wconf 85' lang='grc' dir='ltr'>άνάλυσον</span> <span class='ocrx_word' id='word_1_385' title='bbox 1864 4887 2003 4944; x_wconf 81' lang='grc' dir='ltr'>αὐτὰ</span> 
     </span>
    </p>
   </div>
   <div class='ocr_carea' id='block_1_58' title="bbox 426 4975 2005 5052">
    <p class='ocr_par' dir='ltr' id='par_1_58' title="bbox 426 4975 2005 5052">
     <span class='ocr_line' id='line_1_61' title="bbox 426 4975 2005 5052; baseline 0.004 -22"><span class='ocrx_word' id='word_1_386' title='bbox 426 4977 514 5030; x_wconf 87' lang='grc' dir='ltr'>διά</span> <span class='ocrx_word' id='word_1_387' title='bbox 539 4977 648 5030; x_wconf 82' lang='grc' dir='ltr'>τῶν</span> <span class='ocrx_word' id='word_1_388' title='bbox 679 4975 721 5030; x_wconf 85' lang='grc' dir='ltr'>λ’</span> <span class='ocrx_word' id='word_1_389' title='bbox 742 4993 756 5006; x_wconf 75' lang='grc' dir='ltr'><strong>ο</strong></span> <span class='ocrx_word' id='word_1_390' title='bbox 785 4977 878 5030; x_wconf 74' lang='grc' dir='ltr'>καὶ</span> <span class='ocrx_word' id='word_1_391' title='bbox 913 4977 981 5030; x_wconf 84' lang='grc' dir='ltr'>τά</span> <span class='ocrx_word' id='word_1_392' title='bbox 1009 4977 1253 5032; x_wconf 84' lang='grc' dir='ltr'>κάτωθεν</span> <span class='ocrx_word' id='word_1_393' title='bbox 1280 4977 1388 5032; x_wconf 84' lang='grc' dir='ltr'>τῶν</span> <span class='ocrx_word' id='word_1_394' title='bbox 1425 4979 1468 5032; x_wconf 82' lang='grc' dir='ltr'>λ’</span> <span class='ocrx_word' id='word_1_395' title='bbox 1500 4979 1770 5052; x_wconf 89' lang='grc' dir='ltr'>κράτησον</span> <span class='ocrx_word' id='word_1_396' title='bbox 1790 4996 1804 5010; x_wconf 89' lang='grc'><strong>·</strong></span> <span class='ocrx_word' id='word_1_397' title='bbox 1837 4979 2005 5052; x_wconf 81' lang='grc' dir='ltr'>ἀρξά-</span> 
     </span>
    </p>
   </div>
   <div class='ocr_carea' id='block_1_59' title="bbox 2181 3961 3673 4035">
    <p class='ocr_par' dir='ltr' id='par_1_59' title="bbox 2181 3961 3673 4035">
     <span class='ocr_line' id='line_1_62' title="bbox 2181 3961 3673 4035; baseline -0.006 -11"><span class='ocrx_word' id='word_1_398' title='bbox 2181 3968 2474 4024; x_wconf 82' lang='lat' dir='ltr'><strong>Sciendum</strong></span> <span class='ocrx_word' id='word_1_399' title='bbox 2523 3975 2607 4024; x_wconf 89' lang='lat' dir='ltr'>est</span> <span class='ocrx_word' id='word_1_400' title='bbox 2648 3974 2830 4022; x_wconf 89' lang='lat' dir='ltr'><strong>autem</strong></span> <span class='ocrx_word' id='word_1_401' title='bbox 2874 3966 3043 4022; x_wconf 91' lang='lat' dir='ltr'><strong>solem</strong></span> <span class='ocrx_word' id='word_1_402' title='bbox 3099 3965 3336 4035; x_wconf 86' lang='lat' dir='ltr'><strong>incipere</strong></span> <span class='ocrx_word' id='word_1_403' title='bbox 3361 3961 3673 4019; x_wconf 83' lang='lat' dir='ltr'><strong>aKalendis</strong></span> 
     </span>
    </p>
   </div>
   <div class='ocr_carea' id='block_1_60' title="bbox 2102 4053 3674 4121">
    <p class='ocr_par' dir='ltr' id='par_1_60' title="bbox 2102 4053 3674 4121">
     <span class='ocr_line' id='line_1_63' title="bbox 2102 4053 3674 4121; baseline -0.004 -11"><span class='ocrx_word' id='word_1_404' title='bbox 2102 4053 2359 4113; x_wconf 75' lang='lat' dir='ltr'><strong>Octobris</strong></span> <span class='ocrx_word' id='word_1_405' title='bbox 2399 4072 2412 4108; x_wconf 90' lang='lat'><strong>:</strong></span> <span class='ocrx_word' id='word_1_406' title='bbox 2465 4055 2651 4111; x_wconf 88' lang='lat' dir='ltr'><strong>lunam</strong></span> <span class='ocrx_word' id='word_1_407' title='bbox 2681 4072 2712 4110; x_wconf 90' lang='lat' dir='ltr'>a</span> <span class='ocrx_word' id='word_1_408' title='bbox 2756 4054 2877 4110; x_wconf 73' lang='lat' dir='ltr'><strong>Kal.</strong></span> <span class='ocrx_word' id='word_1_409' title='bbox 2918 4053 3216 4121; x_wconf 87' lang='lat' dir='ltr'><strong>Januariis,</strong></span> <span class='ocrx_word' id='word_1_410' title='bbox 3260 4053 3608 4110; x_wconf 85' lang='lat' dir='ltr'><strong>indictionem</strong></span> <span class='ocrx_word' id='word_1_411' title='bbox 3644 4067 3674 4104; x_wconf 91' lang='lat' dir='ltr'>a</span> 
     </span>
    </p>
   </div>
   <div class='ocr_carea' id='block_1_61' title="bbox 2106 4147 2746 4222">
    <p class='ocr_par' dir='ltr' id='par_1_61' title="bbox 2106 4147 2746 4222">
     <span class='ocr_line' id='line_1_64' title="bbox 2106 4147 2746 4222; baseline 0.003 -18"><span class='ocrx_word' id='word_1_412' title='bbox 2106 4148 2361 4207; x_wconf 85' lang='lat' dir='ltr'><strong>Kalendis</strong></span> <span class='ocrx_word' id='word_1_413' title='bbox 2393 4147 2746 4222; x_wconf 84' lang='lat' dir='ltr'><strong>Septembris.</strong></span> 
     </span>
    </p>
   </div>
   <div class='ocr_carea' id='block_1_62' title="bbox 2172 4327 3673 4401">
    <p class='ocr_par' dir='ltr' id='par_1_62' title="bbox 2172 4327 3673 4401">
     <span class='ocr_line' id='line_1_65' title="bbox 2172 4327 3673 4401; baseline -0.002 -18"><span class='ocrx_word' id='word_1_414' title='bbox 2172 4328 2252 4384; x_wconf 81' lang='lat' dir='ltr'><strong>Ad</strong></span> <span class='ocrx_word' id='word_1_415' title='bbox 2283 4329 2664 4386; x_wconf 85' lang='lat' dir='ltr'><strong>inveniendum</strong></span> <span class='ocrx_word' id='word_1_416' title='bbox 2697 4331 2867 4401; x_wconf 79' lang='lat' dir='ltr'><strong>legale</strong></span> <span class='ocrx_word' id='word_1_417' title='bbox 2919 4328 3150 4395; x_wconf 86' lang='lat' dir='ltr'><strong>Pascha,</strong></span> <span class='ocrx_word' id='word_1_418' title='bbox 3196 4329 3378 4399; x_wconf 87' lang='lat' dir='ltr'><strong>accipe</strong></span> <span class='ocrx_word' id='word_1_419' title='bbox 3425 4327 3673 4382; x_wconf 87' lang='lat' dir='ltr'><strong>lunarem</strong></span> 
     </span>
    </p>
   </div>
   <div class='ocr_carea' id='block_1_63' title="bbox 2101 4419 3673 4494">
    <p class='ocr_par' dir='ltr' id='par_1_63' title="bbox 2101 4419 3673 4494">
     <span class='ocr_line' id='line_1_66' title="bbox 2101 4419 3673 4494; baseline -0.003 -18"><span class='ocrx_word' id='word_1_420' title='bbox 2101 4423 2317 4494; x_wconf 85' lang='lat' dir='ltr'><strong>cyclum</strong></span> <span class='ocrx_word' id='word_1_421' title='bbox 2368 4423 2495 4477; x_wconf 88' lang='lat' dir='ltr'><strong>anni</strong></span> <span class='ocrx_word' id='word_1_422' title='bbox 2536 4422 2824 4493; x_wconf 89' lang='lat' dir='ltr'><strong>propositi,</strong></span> <span class='ocrx_word' id='word_1_423' title='bbox 2853 4436 3088 4492; x_wconf 89' lang='lat' dir='ltr'><strong>eumque</strong></span> <span class='ocrx_word' id='word_1_424' title='bbox 3123 4436 3217 4492; x_wconf 88' lang='lat' dir='ltr'>per</span> <span class='ocrx_word' id='word_1_425' title='bbox 3246 4419 3498 4474; x_wconf 82' lang='lat' dir='ltr'><strong>undecim</strong></span> <span class='ocrx_word' id='word_1_426' title='bbox 3531 4419 3673 4473; x_wconf 88' lang='lat' dir='ltr'><strong>mul—</strong></span> 
     </span>
    </p>
   </div>
   <div class='ocr_carea' id='block_1_64' title="bbox 2106 4512 3672 4586">
    <p class='ocr_par' dir='ltr' id='par_1_64' title="bbox 2106 4512 3672 4586">
     <span class='ocr_line' id='line_1_67' title="bbox 2106 4512 3672 4586; baseline -0.003 -16"><span class='ocrx_word' id='word_1_427' title='bbox 2106 4517 2314 4586; x_wconf 78' lang='lat' dir='ltr'><strong>tiplica,</strong></span> <span class='ocrx_word' id='word_1_428' title='bbox 2367 4515 2434 4570; x_wconf 90' lang='lat' dir='ltr'>ad</span> <span class='ocrx_word' id='word_1_429' title='bbox 2478 4530 2746 4570; x_wconf 85' lang='lat' dir='ltr'><strong>summam</strong></span> <span class='ocrx_word' id='word_1_430' title='bbox 2793 4513 2969 4584; x_wconf 87' lang='lat' dir='ltr'><strong>adjice</strong></span> <span class='ocrx_word' id='word_1_431' title='bbox 3016 4530 3144 4578; x_wconf 88' lang='lat' dir='ltr'><strong>sex,</strong></span> <span class='ocrx_word' id='word_1_432' title='bbox 3193 4528 3316 4583; x_wconf 66' lang='lat' dir='ltr'><strong>quae</strong></span> <span class='ocrx_word' id='word_1_433' title='bbox 3377 4531 3410 4567; x_wconf 81' lang='grc' dir='ltr'>α</span> <span class='ocrx_word' id='word_1_434' title='bbox 3463 4512 3672 4567; x_wconf 68' lang='lat' dir='ltr'><strong>saeculis</strong></span> 
     </span>
    </p>
   </div>
   <div class='ocr_carea' id='block_1_65' title="bbox 2115 4600 3673 4679">
    <p class='ocr_par' dir='ltr' id='par_1_65' title="bbox 2115 4600 3673 4679">
     <span class='ocr_line' id='line_1_68' title="bbox 2115 4600 3673 4679; baseline -0.002 -17"><span class='ocrx_word' id='word_1_435' title='bbox 2115 4609 2410 4679; x_wconf 89' lang='lat' dir='ltr'><strong>appellant.</strong></span> <span class='ocrx_word' id='word_1_436' title='bbox 2447 4600 2647 4662; x_wconf 68' lang='lat' dir='ltr'><strong>verum</strong></span> <span class='ocrx_word' id='word_1_437' title='bbox 2696 4609 2749 4662; x_wconf 89' lang='lat' dir='ltr'>in</span> <span class='ocrx_word' id='word_1_438' title='bbox 2797 4607 2952 4678; x_wconf 78' lang='lat' dir='ltr'><strong>cyelo</strong></span> <span class='ocrx_word' id='word_1_439' title='bbox 2997 4622 3133 4672; x_wconf 77' lang='lat' dir='ltr'><strong>xvu,</strong></span> <span class='ocrx_word' id='word_1_440' title='bbox 3176 4614 3229 4660; x_wconf 89' lang='lat' dir='ltr'>et</span> <span class='ocrx_word' id='word_1_441' title='bbox 3262 4619 3414 4669; x_wconf 71' lang='lat' dir='ltr'><strong>xvnu,</strong></span> <span class='ocrx_word' id='word_1_442' title='bbox 3466 4612 3519 4659; x_wconf 90' lang='lat' dir='ltr'>et</span> <span class='ocrx_word' id='word_1_443' title='bbox 3557 4619 3673 4668; x_wconf 79' lang='grc' dir='ltr'>ιιι,</span> 
     </span>
    </p>
   </div>
   <div class='ocr_carea' id='block_1_66' title="bbox 2103 4695 3675 4771">
    <p class='ocr_par' dir='ltr' id='par_1_66' title="bbox 2103 4695 3675 4771">
     <span class='ocr_line' id='line_1_69' title="bbox 2103 4695 3675 4771; baseline -0.004 -14"><span class='ocrx_word' id='word_1_444' title='bbox 2103 4717 2216 4757; x_wconf 88' lang='lat' dir='ltr'>non</span> <span class='ocrx_word' id='word_1_445' title='bbox 2254 4716 2372 4766; x_wconf 89' lang='lat' dir='ltr'><strong>sex,</strong></span> <span class='ocrx_word' id='word_1_446' title='bbox 2419 4701 2512 4756; x_wconf 90' lang='lat' dir='ltr'>sed</span> <span class='ocrx_word' id='word_1_447' title='bbox 2554 4707 2764 4771; x_wconf 89' lang='lat' dir='ltr'><strong>septem</strong></span> <span class='ocrx_word' id='word_1_448' title='bbox 2809 4699 3055 4754; x_wconf 91' lang='lat' dir='ltr'><strong>addenda</strong></span> <span class='ocrx_word' id='word_1_449' title='bbox 3095 4706 3261 4765; x_wconf 90' lang='lat' dir='ltr'><strong>sunt;</strong></span> <span class='ocrx_word' id='word_1_450' title='bbox 3291 4700 3345 4751; x_wconf 89' lang='lat' dir='ltr'>in</span> <span class='ocrx_word' id='word_1_451' title='bbox 3377 4695 3501 4752; x_wconf 90' lang='lat' dir='ltr'><strong>aliis</strong></span> <span class='ocrx_word' id='word_1_452' title='bbox 3524 4711 3675 4760; x_wconf 80' lang='lat' dir='ltr'><strong>vero,</strong></span> 
     </span>
    </p>
   </div>
   <div class='ocr_carea' id='block_1_67' title="bbox 2104 4789 3675 4862">
    <p class='ocr_par' dir='ltr' id='par_1_67' title="bbox 2104 4789 3675 4862">
     <span class='ocr_line' id='line_1_70' title="bbox 2104 4789 3675 4862; baseline -0.006 -11"><span class='ocrx_word' id='word_1_453' title='bbox 2104 4812 2226 4852; x_wconf 87' lang='lat' dir='ltr'><strong>sex.</strong></span> <span class='ocrx_word' id='word_1_454' title='bbox 2263 4793 2458 4851; x_wconf 86' lang='lat' dir='ltr'><strong>Postea</strong></span> <span class='ocrx_word' id='word_1_455' title='bbox 2509 4795 2795 4850; x_wconf 89' lang='lat' dir='ltr'><strong>collectam</strong></span> <span class='ocrx_word' id='word_1_456' title='bbox 2836 4807 3104 4849; x_wconf 91' lang='lat' dir='ltr'><strong>summam</strong></span> <span class='ocrx_word' id='word_1_457' title='bbox 3158 4789 3362 4862; x_wconf 86' lang='lat' dir='ltr'><strong>partire</strong></span> <span class='ocrx_word' id='word_1_458' title='bbox 3406 4805 3502 4862; x_wconf 90' lang='lat' dir='ltr'>per</span> <span class='ocrx_word' id='word_1_459' title='bbox 3543 4805 3675 4852; x_wconf 82' lang='grc' dir='ltr'>ιιι,</span> 
     </span>
    </p>
   </div>
   <div class='ocr_carea' id='block_1_68' title="bbox 2107 4881 3678 4959">
    <p class='ocr_par' dir='ltr' id='par_1_68' title="bbox 2107 4881 3678 4959">
     <span class='ocr_line' id='line_1_71' title="bbox 2107 4881 3678 4959; baseline -0.004 -15"><span class='ocrx_word' id='word_1_460' title='bbox 2107 4888 2259 4959; x_wconf 90' lang='lat' dir='ltr'><strong>quod</strong></span> <span class='ocrx_word' id='word_1_461' title='bbox 2292 4888 2561 4959; x_wconf 88' lang='lat' dir='ltr'><strong>reliquum</strong></span> <span class='ocrx_word' id='word_1_462' title='bbox 2594 4886 2720 4950; x_wconf 82' lang='lat' dir='ltr'><strong>erit,</strong></span> <span class='ocrx_word' id='word_1_463' title='bbox 2753 4902 2782 4940; x_wconf 92' lang='lat' dir='ltr'>a</span> <span class='ocrx_word' id='word_1_464' title='bbox 2807 4883 3075 4940; x_wconf 83' lang='lat' dir='ltr'><strong>Kalendis</strong></span> <span class='ocrx_word' id='word_1_465' title='bbox 3110 4883 3318 4938; x_wconf 81' lang='lat' dir='ltr'><strong>Martiis</strong></span> <span class='ocrx_word' id='word_1_466' title='bbox 3358 4891 3551 4954; x_wconf 89' lang='lat' dir='ltr'><strong>putare</strong></span> <span class='ocrx_word' id='word_1_467' title='bbox 3593 4881 3678 4938; x_wconf 88' lang='lat' dir='ltr'><strong>in-</strong></span> 
     </span>
    </p>
   </div>
   <div class='ocr_carea' id='block_1_69' title="bbox 2105 4974 3676 5050">
    <p class='ocr_par' dir='ltr' id='par_1_69' title="bbox 2105 4974 3676 5050">
     <span class='ocr_line' id='line_1_72' title="bbox 2105 4974 3676 5050; baseline -0.004 -17"><span class='ocrx_word' id='word_1_468' title='bbox 2105 4978 2263 5050; x_wconf 88' lang='lat' dir='ltr'><strong>cipe,</strong></span> <span class='ocrx_word' id='word_1_469' title='bbox 2305 4977 2480 5035; x_wconf 90' lang='lat' dir='ltr'><strong>donec</strong></span> <span class='ocrx_word' id='word_1_470' title='bbox 2529 4977 2924 5048; x_wconf 80' lang='lat' dir='ltr'><strong>quinquaginta</strong></span> <span class='ocrx_word' id='word_1_471' title='bbox 2966 4975 3084 5050; x_wconf 85' lang='lat' dir='ltr'><strong>dies</strong></span> <span class='ocrx_word' id='word_1_472' title='bbox 3125 4974 3427 5045; x_wconf 83' lang='lat' dir='ltr'><strong>expleveris</strong></span> <span class='ocrx_word' id='word_1_473' title='bbox 3463 4991 3478 5029; x_wconf 92' lang='lat'><strong>:</strong></span> <span class='ocrx_word' id='word_1_474' title='bbox 3514 4987 3676 5042; x_wconf 86' lang='lat' dir='ltr'><strong>quem</strong></span> 
     </span>
    </p>
   </div>
   <div class='ocr_carea' id='block_1_70' title="bbox 430 5060 1999 5142">
    <p class='ocr_par' dir='ltr' id='par_1_70' title="bbox 430 5069 1999 5142">
     <span class='ocr_line' id='line_1_73' title="bbox 430 5069 1999 5142; baseline 0.002 -20"><span class='ocrx_word' id='word_1_475' title='bbox 430 5087 590 5140; x_wconf 87' lang='grc' dir='ltr'>μενος</span> <span class='ocrx_word' id='word_1_476' title='bbox 614 5069 722 5124; x_wconf 82' lang='grc' dir='ltr'>άπὸ</span> <span class='ocrx_word' id='word_1_477' title='bbox 742 5069 837 5122; x_wconf 84' lang='grc' dir='ltr'>τοῦ</span> <span class='ocrx_word' id='word_1_478' title='bbox 865 5069 1106 5142; x_wconf 85' lang='grc' dir='ltr'>Μαρτίου</span> <span class='ocrx_word' id='word_1_479' title='bbox 1133 5071 1322 5142; x_wconf 83' lang='grc' dir='ltr'>μηνὸς,</span> <span class='ocrx_word' id='word_1_480' title='bbox 1347 5070 1570 5142; x_wconf 86' lang='grc' dir='ltr'>άρίθμει</span> <span class='ocrx_word' id='word_1_481' title='bbox 1596 5073 1780 5127; x_wconf 74' lang='grc' dir='ltr'>ἐπάνω</span> <span class='ocrx_word' id='word_1_482' title='bbox 1803 5071 1999 5138; x_wconf 81' lang='grc' dir='ltr'>αὐτῶν,</span> 
     </span>
    </p>
   </div>
   <div class='ocr_carea' id='block_1_71' title="bbox 2104 5060 3680 5142">
    <p class='ocr_par' dir='ltr' id='par_1_71' title="bbox 2108 5064 3680 5135">
     <span class='ocr_line' id='line_1_74' title="bbox 2108 5064 3680 5135; baseline -0.005 -9"><span class='ocrx_word' id='word_1_483' title='bbox 2108 5085 2396 5127; x_wconf 88' lang='lat' dir='ltr'><strong>numerum</strong></span> <span class='ocrx_word' id='word_1_484' title='bbox 2448 5071 2495 5126; x_wconf 91' lang='lat' dir='ltr'>si</span> <span class='ocrx_word' id='word_1_485' title='bbox 2540 5070 2684 5124; x_wconf 89' lang='lat' dir='ltr'><strong>intra</strong></span> <span class='ocrx_word' id='word_1_486' title='bbox 2726 5067 2979 5122; x_wconf 85' lang='lat' dir='ltr'><strong>Martium</strong></span> <span class='ocrx_word' id='word_1_487' title='bbox 3023 5065 3234 5121; x_wconf 72' lang='lat' dir='ltr'><strong>edicere</strong></span> <span class='ocrx_word' id='word_1_488' title='bbox 3287 5065 3487 5135; x_wconf 90' lang='lat' dir='ltr'><strong>possis,</strong></span> <span class='ocrx_word' id='word_1_489' title='bbox 3541 5064 3680 5118; x_wconf 88' lang='lat' dir='ltr'><strong>bene</strong></span> 
     </span>
    </p>
   </div>
   <div class='ocr_carea' id='block_1_72' title="bbox 426 5159 2004 5233">
    <p class='ocr_par' dir='ltr' id='par_1_72' title="bbox 426 5159 2004 5233">
     <span class='ocr_line' id='line_1_75' title="bbox 426 5159 2004 5233; baseline 0.001 -19"><span class='ocrx_word' id='word_1_490' title='bbox 426 5161 531 5226; x_wconf 73' lang='grc' dir='ltr'>ἕως</span> <span class='ocrx_word' id='word_1_491' title='bbox 563 5163 683 5216; x_wconf 79' lang='grc' dir='ltr'>ὅτου</span> <span class='ocrx_word' id='word_1_492' title='bbox 715 5160 985 5232; x_wconf 83' lang='grc' dir='ltr'>ίκανώσῃς</span> <span class='ocrx_word' id='word_1_493' title='bbox 1010 5167 1052 5214; x_wconf 82' lang='grc' dir='ltr'>ν’</span> <span class='ocrx_word' id='word_1_494' title='bbox 1091 5160 1303 5233; x_wconf 80' lang='grc' dir='ltr'>ἡμέρας</span> <span class='ocrx_word' id='word_1_495' title='bbox 1327 5177 1340 5191; x_wconf 91' lang='grc'><strong>·</strong></span> <span class='ocrx_word' id='word_1_496' title='bbox 1383 5159 1476 5214; x_wconf 70' lang='grc' dir='ltr'>καὶ</span> <span class='ocrx_word' id='word_1_497' title='bbox 1509 5161 1693 5232; x_wconf 68' lang='grc' dir='ltr'>εἰμὲν</span> <span class='ocrx_word' id='word_1_498' title='bbox 1727 5161 2004 5215; x_wconf 81' lang='grc' dir='ltr'>ἱκανωθῶ-</span> 
     </span>
    </p>
   </div>
   <div class='ocr_carea' id='block_1_73' title="bbox 429 5253 1996 5327">
    <p class='ocr_par' dir='ltr' id='par_1_73' title="bbox 429 5253 1996 5327">
     <span class='ocr_line' id='line_1_76' title="bbox 429 5253 1996 5327; baseline -0.001 -19"><span class='ocrx_word' id='word_1_499' title='bbox 429 5272 514 5309; x_wconf 89' lang='grc' dir='ltr'>σιν</span> <span class='ocrx_word' id='word_1_500' title='bbox 540 5257 597 5310; x_wconf 84' lang='grc' dir='ltr'>αἱ</span> <span class='ocrx_word' id='word_1_501' title='bbox 629 5262 672 5308; x_wconf 86' lang='grc' dir='ltr'>ν’</span> <span class='ocrx_word' id='word_1_502' title='bbox 699 5255 901 5327; x_wconf 78' lang='grc' dir='ltr'>ἡμέραι</span> <span class='ocrx_word' id='word_1_503' title='bbox 926 5255 1077 5319; x_wconf 73' lang='grc' dir='ltr'>ἐντὸς</span> <span class='ocrx_word' id='word_1_504' title='bbox 1111 5254 1219 5306; x_wconf 84' lang='grc' dir='ltr'>τῶν</span> <span class='ocrx_word' id='word_1_505' title='bbox 1246 5253 1513 5325; x_wconf 81' lang='grc' dir='ltr'>Μαρτίου,</span> <span class='ocrx_word' id='word_1_506' title='bbox 1539 5253 1698 5326; x_wconf 83' lang='grc' dir='ltr'>χάρις</span> <span class='ocrx_word' id='word_1_507' title='bbox 1716 5271 1730 5282; x_wconf 73' lang='grc' dir='ltr'><strong>ο</strong></span> <span class='ocrx_word' id='word_1_508' title='bbox 1766 5254 1816 5307; x_wconf 85' lang='grc' dir='ltr'>εἰ</span> <span class='ocrx_word' id='word_1_509' title='bbox 1841 5254 1887 5306; x_wconf 83' lang='grc' dir='ltr'>δ’</span> <span class='ocrx_word' id='word_1_510' title='bbox 1911 5253 1996 5318; x_wconf 85' lang='grc' dir='ltr'>οὓ,</span> 
     </span>
    </p>
   </div>
   <div class='ocr_carea' id='block_1_74' title="bbox 429 5345 2002 5419">
    <p class='ocr_par' dir='ltr' id='par_1_74' title="bbox 429 5345 2002 5419">
     <span class='ocr_line' id='line_1_77' title="bbox 429 5345 2002 5419; baseline -0.003 -17"><span class='ocrx_word' id='word_1_511' title='bbox 429 5348 670 5418; x_wconf 76' lang='grc' dir='ltr'>λάμϐανε</span> <span class='ocrx_word' id='word_1_512' title='bbox 697 5349 790 5402; x_wconf 75' lang='grc' dir='ltr'>καὶ</span> <span class='ocrx_word' id='word_1_513' title='bbox 822 5349 929 5402; x_wconf 82' lang='grc' dir='ltr'>άπὸ</span> <span class='ocrx_word' id='word_1_514' title='bbox 952 5347 1046 5402; x_wconf 79' lang='grc' dir='ltr'>τοῦ</span> <span class='ocrx_word' id='word_1_515' title='bbox 1079 5347 1352 5419; x_wconf 84' lang='grc' dir='ltr'>Ἀπριλίου</span> <span class='ocrx_word' id='word_1_516' title='bbox 1379 5345 1569 5416; x_wconf 86' lang='grc' dir='ltr'>μηνὸς,</span> <span class='ocrx_word' id='word_1_517' title='bbox 1597 5345 1702 5410; x_wconf 77' lang='grc' dir='ltr'>ἕως</span> <span class='ocrx_word' id='word_1_518' title='bbox 1733 5348 1854 5400; x_wconf 82' lang='grc' dir='ltr'>ὅτου</span> <span class='ocrx_word' id='word_1_519' title='bbox 1883 5347 2002 5399; x_wconf 87' lang='grc' dir='ltr'>ίκα-</span> 
     </span>
    </p>
   </div>
   <div class='ocr_carea' id='block_1_75' title="bbox 429 5433 2002 5515">
    <p class='ocr_par' dir='ltr' id='par_1_75' title="bbox 429 5433 2002 5515">
     <span class='ocr_line' id='line_1_78' title="bbox 429 5433 2002 5515; baseline -0.001 -20"><span class='ocrx_word' id='word_1_520' title='bbox 429 5440 606 5512; x_wconf 82' lang='grc' dir='ltr'>νώσῃς</span> <span class='ocrx_word' id='word_1_521' title='bbox 647 5441 836 5505; x_wconf 85' lang='grc' dir='ltr'>αὑτάς.</span> <span class='ocrx_word' id='word_1_522' title='bbox 881 5443 969 5494; x_wconf 88' lang='grc' dir='ltr'>Ἐν</span> <span class='ocrx_word' id='word_1_523' title='bbox 1094 5441 1139 5494; x_wconf 76' lang='grc' dir='ltr'>δ’</span> <span class='ocrx_word' id='word_1_524' title='bbox 1169 5441 1235 5495; x_wconf 76' lang='grc' dir='ltr'>ἂν</span> <span class='ocrx_word' id='word_1_525' title='bbox 1273 5437 1458 5511; x_wconf 74' lang='grc' dir='ltr'>ἡμέρᾳ</span> <span class='ocrx_word' id='word_1_526' title='bbox 1505 5437 1836 5492; x_wconf 84' lang='grc' dir='ltr'>ἱκανωθῶσιν</span> <span class='ocrx_word' id='word_1_527' title='bbox 1868 5440 1924 5491; x_wconf 82' lang='grc' dir='ltr'>αἱ</span> <span class='ocrx_word' id='word_1_528' title='bbox 1959 5445 2002 5493; x_wconf 87' lang='grc' dir='ltr'>ν’</span> 
     </span>
    </p>
   </div>
   <div class='ocr_carea' id='block_1_76' title="bbox 429 5529 2002 5605">
    <p class='ocr_par' dir='ltr' id='par_1_76' title="bbox 429 5529 2002 5605">
     <span class='ocr_line' id='line_1_79' title="bbox 429 5529 2002 5605; baseline -0.001 -19"><span class='ocrx_word' id='word_1_529' title='bbox 429 5533 655 5605; x_wconf 80' lang='grc' dir='ltr'>ἡμέραι,</span> <span class='ocrx_word' id='word_1_530' title='bbox 699 5536 757 5588; x_wconf 80' lang='grc' dir='ltr'>ὲν</span> <span class='ocrx_word' id='word_1_531' title='bbox 795 5535 932 5604; x_wconf 80' lang='grc' dir='ltr'>αὐτῇ</span> <span class='ocrx_word' id='word_1_532' title='bbox 971 5535 1038 5604; x_wconf 83' lang='grc' dir='ltr'>τῇ</span> <span class='ocrx_word' id='word_1_533' title='bbox 1082 5531 1264 5604; x_wconf 80' lang='grc' dir='ltr'>ἡμέρᾳ</span> <span class='ocrx_word' id='word_1_534' title='bbox 1297 5529 1437 5587; x_wconf 81' lang='grc' dir='ltr'>κατὰ</span> <span class='ocrx_word' id='word_1_535' title='bbox 1482 5530 1543 5584; x_wconf 80' lang='grc' dir='ltr'>τὸ</span> <span class='ocrx_word' id='word_1_536' title='bbox 1581 5529 2002 5603; x_wconf 77' lang='grc' dir='ltr'>ἐπιζητούμενον</span> 
     </span>
    </p>
   </div>
   <div class='ocr_carea' id='block_1_77' title="bbox 429 5627 1699 5700">
    <p class='ocr_par' dir='ltr' id='par_1_77' title="bbox 429 5627 1699 5700">
     <span class='ocr_line' id='line_1_80' title="bbox 429 5627 1699 5700; baseline -0.003 -18"><span class='ocrx_word' id='word_1_537' title='bbox 429 5629 546 5692; x_wconf 79' lang='grc' dir='ltr'>ἔτος</span> <span class='ocrx_word' id='word_1_538' title='bbox 575 5628 780 5699; x_wconf 84' lang='grc' dir='ltr'>γίνεται</span> <span class='ocrx_word' id='word_1_539' title='bbox 812 5629 873 5680; x_wconf 80' lang='grc' dir='ltr'>τὸ</span> <span class='ocrx_word' id='word_1_540' title='bbox 901 5627 1122 5700; x_wconf 81' lang='grc' dir='ltr'>νομικὸν</span> <span class='ocrx_word' id='word_1_541' title='bbox 1151 5627 1359 5696; x_wconf 82' lang='grc' dir='ltr'>Πάσχα.</span> <span class='ocrx_word' id='word_1_542' title='bbox 1696 5651 1699 5658; x_wconf 87' lang='grc'><strong>·</strong></span> 
     </span>
    </p>
   </div>
   <div class='ocr_carea' id='block_1_78' title="bbox 479 5759 950 5872">
    <p class='ocr_par' dir='ltr' id='par_1_78' title="bbox 479 5759 950 5872">
     <span class='ocr_line' id='line_1_81' title="bbox 479 5759 950 5872; baseline 0.002 -32"><span class='ocrx_word' id='word_1_543' title='bbox 479 5785 526 5872; x_wconf 25' lang='grc'>⁸⁸³.</span> <span class='ocrx_word' id='word_1_544' title='bbox 549 5785 588 5857; x_wconf 78' lang='grc' dir='ltr'>Ῑ.</span> <span class='ocrx_word' id='word_1_545' title='bbox 625 5759 854 5857; x_wconf 81' lang='grc' dir='ltr'>πρόσθες</span> <span class='ocrx_word' id='word_1_546' title='bbox 874 5802 950 5841; x_wconf 80' lang='grc' dir='ltr'>τε.</span> 
     </span>
    </p>
   </div>
   <div class='ocr_carea' id='block_1_79' title="bbox 2110 5154 3676 5225">
    <p class='ocr_par' dir='ltr' id='par_1_79' title="bbox 2110 5154 3676 5225">
     <span class='ocr_line' id='line_1_82' title="bbox 2110 5154 3676 5225; baseline -0.004 -9"><span class='ocrx_word' id='word_1_547' title='bbox 2110 5161 2294 5218; x_wconf 90' lang='lat' dir='ltr'><strong>habet.</strong></span> <span class='ocrx_word' id='word_1_548' title='bbox 2325 5161 2422 5217; x_wconf 90' lang='lat' dir='ltr'><strong>Sin</strong></span> <span class='ocrx_word' id='word_1_549' title='bbox 2445 5161 2648 5225; x_wconf 89' lang='lat' dir='ltr'><strong>minus,</strong></span> <span class='ocrx_word' id='word_1_550' title='bbox 2687 5173 2843 5214; x_wconf 81' lang='lat' dir='ltr'><strong>sume</strong></span> <span class='ocrx_word' id='word_1_551' title='bbox 2865 5156 3144 5213; x_wconf 88' lang='lat' dir='ltr'><strong>residuum</strong></span> <span class='ocrx_word' id='word_1_552' title='bbox 3172 5171 3203 5211; x_wconf 92' lang='lat' dir='ltr'>e</span> <span class='ocrx_word' id='word_1_553' title='bbox 3227 5154 3420 5210; x_wconf 90' lang='lat' dir='ltr'><strong>diebus</strong></span> <span class='ocrx_word' id='word_1_554' title='bbox 3454 5155 3676 5224; x_wconf 85' lang='lat' dir='ltr'><strong>Aprilis,</strong></span> 
     </span>
    </p>
   </div>
   <div class='ocr_carea' id='block_1_80' title="bbox 2106 5246 3678 5326">
    <p class='ocr_par' dir='ltr' id='par_1_80' title="bbox 2106 5246 3678 5326">
     <span class='ocr_line' id='line_1_83' title="bbox 2106 5246 3678 5326; baseline -0.007 -16"><span class='ocrx_word' id='word_1_555' title='bbox 2106 5254 2281 5311; x_wconf 90' lang='lat' dir='ltr'><strong>donec</strong></span> <span class='ocrx_word' id='word_1_556' title='bbox 2303 5255 2720 5326; x_wconf 80' lang='lat' dir='ltr'><strong>quinquagenos</strong></span> <span class='ocrx_word' id='word_1_557' title='bbox 2745 5251 3018 5306; x_wconf 83' lang='lat' dir='ltr'><strong>absolvas.</strong></span> <span class='ocrx_word' id='word_1_558' title='bbox 3051 5247 3385 5318; x_wconf 85' lang='lat' dir='ltr'><strong>Quocunque</strong></span> <span class='ocrx_word' id='word_1_559' title='bbox 3413 5246 3500 5302; x_wconf 91' lang='lat' dir='ltr'>die</span> <span class='ocrx_word' id='word_1_560' title='bbox 3522 5247 3678 5317; x_wconf 88' lang='lat' dir='ltr'><strong>quin-</strong></span> 
     </span>
    </p>
   </div>
   <div class='ocr_carea' id='block_1_81' title="bbox 2112 5331 3678 5422">
    <p class='ocr_par' dir='ltr' id='par_1_81' title="bbox 2112 5331 3678 5422">
     <span class='ocr_line' id='line_1_84' title="bbox 2112 5331 3678 5422; baseline -0.006 -18"><span class='ocrx_word' id='word_1_561' title='bbox 2112 5331 2370 5422; x_wconf 80' lang='lat' dir='ltr'><strong>quaginta</strong></span> <span class='ocrx_word' id='word_1_562' title='bbox 2417 5347 2668 5419; x_wconf 88' lang='lat' dir='ltr'><strong>completi</strong></span> <span class='ocrx_word' id='word_1_563' title='bbox 2721 5345 2944 5406; x_wconf 83' lang='lat' dir='ltr'><strong>fuerint.</strong></span> <span class='ocrx_word' id='word_1_564' title='bbox 2996 5345 3053 5402; x_wconf 90' lang='lat' dir='ltr'>in</span> <span class='ocrx_word' id='word_1_565' title='bbox 3099 5359 3221 5400; x_wconf 90' lang='lat' dir='ltr'>eum</span> <span class='ocrx_word' id='word_1_566' title='bbox 3253 5341 3463 5398; x_wconf 88' lang='lat' dir='ltr'><strong>Pascha</strong></span> <span class='ocrx_word' id='word_1_567' title='bbox 3509 5341 3678 5412; x_wconf 68' lang='lat' dir='ltr'><strong>legale</strong></span> 
     </span>
    </p>
   </div>
   <div class='ocr_carea' id='block_1_82' title="bbox 2111 5443 2872 5518">
    <p class='ocr_par' dir='ltr' id='par_1_82' title="bbox 2111 5443 2872 5518">
     <span class='ocr_line' id='line_1_85' title="bbox 2111 5443 2872 5518; baseline -0.005 -18"><span class='ocrx_word' id='word_1_568' title='bbox 2111 5447 2236 5502; x_wconf 88' lang='lat' dir='ltr'><strong>anni</strong></span> <span class='ocrx_word' id='word_1_569' title='bbox 2272 5445 2538 5518; x_wconf 89' lang='lat' dir='ltr'><strong>propositi</strong></span> <span class='ocrx_word' id='word_1_570' title='bbox 2565 5443 2872 5500; x_wconf 83' lang='lat' dir='ltr'><strong>conveniet.</strong></span> 
     </span>
    </p>
   </div>
  </div>
