4124 6440
457 424 590 477 1531

1456 421 1548 475 AD
1591 419 1856 477 EUSEBII
1898 423 2292 480 CHHONICON
2328 425 2690 482 APPENDIX.

3557 417 3694 476 ιδῡε

459 543 579 612 Qua
613 545 822 599 ratione
851 543 985 614 [cria
1028 542 1214 614 legalis
1261 539 1542 596 Paschalis
1589 540 1892 612 indaganda
1929 542 2020 598 sit.

2129 547 2232 610 Είς
2265 545 2330 597 τὸ
2373 543 2569 613 εὑρεῖν
2607 561 2682 599 σε
2718 543 2788 597 ἐν
2827 541 2965 614 ποίᾳ
2997 539 3184 611 ἡμέρᾳ
3225 539 3305 608 ἦν
3336 536 3404 590 τὸ
3449 537 3698 604 νομικὸν

527 691 727 764 Accipe
755 693 998 754 solarem,
1019 693 1252 764 cyclum,
1285 702 1339 749 et
1361 694 1674 750 hissextiles
1695 695 1812 750 dies
1849 711 2022 750 anno-

458 799 580 838 rum
633 785 963 855 elapsorum.
1010 785 1160 840 Adde
1211 785 1328 842 dies
1365 788 1571 843 mensis
1618 787 1672 842 in
1721 803 1881 856 quem
1911 785 2018 840 Pa-

461 877 594 930 scha
649 875 818 947 legale
861 877 1072 942 incidit,
1112 877 1180 931 ad
1229 871 1406 946 ip'sum
1465 894 1640 949 usque
1685 877 1914 956 Pascha.
1961 877 2020 932 Si

461 967 654 1024 Martio
701 983 886 1023 mense
937 969 1105 1038 legale
1150 967 1358 1024 Pascha
1407 973 1707 1039 contingat,
1759 968 1824 1024 ad
1871 983 2024 1022 sum-

463 1075 605 1114 mam
639 1059 812 1129 adjice
847 1061 1120 1126 undecim,
1153 1071 1374 1132 propter
1421 1077 1636 1116 menses
1667 1069 1922 1131 quatuor,
1948 1061 2016 1116 ab

460 1149 682 1205 Octobri
765 1149 972 1206 scilicet
1051 1152 1116 1206 ad
1194 1149 1510 1204 Januarium
1579 1170 1594 1206 :
1656 1150 1728 1203 ita
1789 1159 1848 1204 ut
1921 1163 2020 1219 pro

459 1256 525 1296 eo
562 1256 749 1296 mense
786 1241 877 1310 qui
932 1257 1036 1296 xxx
1077 1241 1194 1297 dies
1241 1241 1419 1297 habet.
1472 1239 1580 1295 duo
1625 1238 1810 1308 capias
1854 1253 1869 1290 :
1921 1253 2022 1307 pro

455 1347 524 1386 eo
575 1344 724 1408 vero,
771 1330 864 1400 qui
916 1346 1040 1388 xxx!
1098 1339 1343 1394 constat,
1383 1331 1522 1392 atria.
1564 1330 1718 1396 Quod
1767 1330 1810 1385 si
1863 1329 2021 1398 Apri-

457 1423 562 1476 lem
627 1423 683 1476 in
749 1437 990 1477 mensem
1045 1423 1212 1492 legale
1275 1421 1482 1476 Pascha
1530 1429 1819 1491 competat,
1883 1421 2022 1476 adde

459 1519 682 1584 propter
738 1510 988 1566 Martium
1038 1512 1162 1566 tria.
1221 1511 1558 1582 Colligentur
1627 1527 1740 1566 xw.
1811 1511 2022 1576 Quibus

459 1603 714 1659 omnibus
756 1603 809 1657 in
857 1617 1019 1658 unam
1067 1617 1332 1658 summam
1371 1601 1629 1664 redactis.
1665 1617 1784 1657 eam
1821 1603 2024 1670 partire

461 1709 559 1764 per
618 1701 821 1765 septem
859 1711 875 1762 ς
921 1693 1204 1762 residuum
1247 1694 1396 1749 dabit
1452 1693 1641 1750 feriam
1689 1693 1878 1764 legalis
1918 1691 2022 1748 Pa—

461 1786 686 1841 schalis.
743 1785 861 1852 Qua
919 1797 1128 1856 reperta
1176 1785 1504 1858 progredere
1571 1800 1748 1854 usque
1802 1783 1867 1839 ad
1928 1783 2024 1840 Duo

2791 612 3024 681 Πάσχα.

2198 705 2488 778 Κράτησον
2517 705 2622 760 τὸν·
2641 705 2836 760 κύκλον
2871 703 2965 758 τοῦ
2994 703 3166 775 ἡλίου,
3231 701 3324 758 καὶ
3355 703 3422 758 τὰ
3457 700 3694 772 βίσεξτα,

2127 799 2300 853 ὁπόσα
2333 799 2460 854 εἰσί.
2501 798 2746 870 Πρόσθες
2777 797 2834 850 δὲ
2858 797 2951 850 καὶ
2979 795 3077 858 τὰς
3113 795 3326 867 ἡμέρας
3348 793 3440 848 τοῦ
3470 790 3696 864 νομικοΰ

2123 889 2336 960 Πάσχα,
2370 889 2484 942 οἴου
2526 887 2690 960 μηνὸς
2727 882 2815 958 ἦν,
2851 886 2945 940 καί⁵
2974 885 3166 940 ὁπόσαι
3203 886 3329 938 είσί.
3361 884 3470 938 Kal
3505 886 3552 936 εί
3595 885 3696 954 μὲν

2123 981 2238 1035 ἔστι
2270 981 2330 1034 τὸ
2360 981 2582 1052 νομικὸν
2604 980 2792 1050 Πάσχα
2825 980 2904 1042 είς
2927 977 3016 1032 τὸν
3055 979 3295 1049 Μάρτιον
3325 977 3488 1047 μῆνα,
3525 975 3697 1047 πρόσ⁴

2125 1074 2217 1138 θες
2241 1075 2334 1128 καὶ
2381 1081 2450 1128 ια’
2477 1073 2616 1144 ὑπὲρ
2643 1072 2750 1126 τῶν
2786 1071 3002 1142 μηνῶν·
3041 1069 3237 1132 οἵτινές
3269 1071 3406 1122 εἰσιν
3447 1067 3556 1120 ἀπὸ
3597 1065 3694 1120 τοῦ

2137 1167 2506 1238 Ὀκτωμθρίου
2539 1164 2705 1238 μηνὸς
2733 1165 2857 1234 ἄχρι
2893 1161 2986 1217 τοῦ
3022 1161 3347 1232 ’ῐανουαρίου
3379 1160 3472 1214 καὶ
3495 1158 3691 1212 αὑτοῦ⁵

2121 1255 2229 1308 ἀπὸ
2259 1255 2356 1326 μὲν
2391 1254 2484 1308 τοῦ
2523 1253 2688 1325 μηνὸς
2721 1251 2815 1306 τοῦ
2857 1251 3068 1321 ἔχοντος
3097 1251 3307 1320 ἡμέρας
3327 1249 3370 1302 λ’
3397 1248 3698 1319 λαμϐάνεις

2123 1345 2333 1417 ἡμέρας
2364 1344 2457 1398 δύο
2475 1361 2489 1375 ⁸
2539 1343 2647 1398 ἀπὸ
2669 1343 2726 1396 δὲ
2761 1341 2856 1396 τοῦ
2883 1341 3094 1412 ἔχοντος
3123 1341 3200 1394 λα’
3229 1340 3440 1413 ἡμέρας
3476 1337 3696 1409 rance-

2123 1452 2233 1499 νεις
2266 1441 2352 1504 γ’·
2406 1437 2454 1487 εί
2496 1435 2540 1486 δ’
2587 1434 2736 1486 ἐστὶν
2782 1435 2860 1495 είς
2906 1431 2998 1484 τὸν
3049 1432 3321 1503 Ἀπρίλιον
3369 1431 3429 1484 τὸ
3473 1430 3696 1500 νομικὸν

2123 1529 2337 1597 Πάσχα,
2386 1527 2620 1597 πρόσθες
2658 1527 2753 1580 καὶ
2795 1527 2936 1598 ὑπὲρ
2967 1525 3059 1580 τοῦ
3101 1525 3343 1596 Μαρτίου
3373 1524 3582 1596 ἡμέρας
3619 1529 3693 1591 γ’.

2123 1619 2234 1672 Καὶ
2268 1619 2376 1672 ἰδοὺ
2403 1619 2641 1686 γίνονται
2675 1617 2752 1672 ιδ’.
2772 1618 2880 1671 Kal
2907 1617 3077 1680 οὕτως
3099 1615 3305 1678 ὲνώσας
3333 1616 3528 1678 πάντα,
3559 1615 3697 1669 ἀνάς

2123 1710 2281 1764 λυσον
2319 1709 2409 1766 διὰ
2459 1710 2568 1763 τῶν
2599 1707 2644 1773 t',’
2663 1728 2676 1742 ·
2709 1711 2802 1764 καὶ
2851 1711 2952 1764 ὅσα
2981 1709 3224 1763 κάτωθεν
3251 1707 3360 1762 τῶν
3389 1705 3432 1773 ζ’
3485 1707 3699 1761 ἐναπο-

2127 1802 2392 1873 μείνουσι,
2436 1801 2654 1872 δηλοῦσι
2691 1801 2794 1874 τὴν
2833 1801 3045 1874 ἡμέραν
3091 1799 3182 1854 τοῦ
3213 1799 3436 1871 νομικοῦ
3479 1798 3693 1868 Πάσχα.

457 1877 754 1942 minicam,
817 1876 1272 1947 quemadmodum
1333 1877 1596 1933 didicisti.
1665 1873 1746 1932 ita
1811 1875 2020 1932 Pascha

2135 1893 2304 1948 Ἐπὰν
2329 1893 2386 1950 δὲ
2417 1891 2582 1966 εὕρῃς
2619 1873 2808 1964 αὐτὴν,
2840 1873 3028 1948 ἄνελθε
3071 1893 3232 1964 ἄχρις
3258 1893 3358 1962 τῆς
3385 1891 3694 1962 Κυριακῆς.

458 1969 828 2025 Christianum
861 1969 1125 2025 invenies.

611 2169 890 2225 Methodns
917 2170 1210 2227 Christiani
1237 2169 1515 2226 Paxehatis
1547 2170 1858 2226 inveniendi.

531 2261 696 2317 Sume
742 2263 953 2333 cyclum
1001 2263 1135 2318 solis
1175 2262 1302 2316 anni
1343 2261 1610 2332 propositi
1643 2278 1656 2314 :
1691 2261 1818 2316 huic
1849 2260 2024 2329 adjice

457 2352 770 2409 bissextiles
793 2353 1129 2424 praeteritas;
1163 2354 1245 2408 sic
1271 2361 1329 2407 ut
1355 2353 1500 2408 diem
1535 2367 1702 2408 unum
1739 2369 1838 2422 pro
1863 2353 2024 2408 annis

458 2451 695 2511 quatuor
755 2441 1021 2512 accipias.
1081 2441 1222 2496 Tum
1273 2443 1318 2498 si
1374 2441 1566 2496 Martio
1615 2457 1802 2498 mense
1854 2443 2025 2512 legale

457 2531 668 2589 Pascha
701 2534 1001 2604 contingat,
1035 2533 1175 2589 adde
1213 2541 1434 2604 epactas
1463 2534 1582 2604 ejus
1620 2535 1879 2604 quinque.
1925 2532 2022 2588 Sin

458 2625 620 2681 cadat
657 2627 714 2681 in
747 2626 1012 2697 Aprilem,
1051 2626 1170 2696 ejus
1216 2634 1408 2696 epacta
1432 2643 1462 2677 ιι
1520 2641 1536 2680 ι
1586 2625 1780 2694 adiice.
1825 2625 2023 2694 Confe-

459 2728 604 2774 ctam
652 2735 922 2775 summam
959 2719 1142 2776 divide
1179 2736 1276 2792 per
1321 2721 1372 2786 7,
1405 2720 1549 2792 quod
1605 2720 1876 2789 reliquum
1915 2723 2019 2784 est,

460 2811 718 2868 Kalendis
774 2813 980 2868 mensis
1021 2813 1171 2868 illius
1229 2811 1421 2867 feriam
1479 2811 1720 2876 exhibet,
1765 2810 1822 2866 in
1859 2823 2024 2880 quem

459 2905 628 2968 legale
665 2903 876 2960 Pascha
909 2905 1190 2975 competit.
1237 2904 1508 2974 Deinceps
1539 2919 1670 2974 ergo
1703 2903 2018 2958 numerabis

457 3008 490 3054 ι
519 2992 774 3049 Kalendis
793 2993 949 3064 ipsis,
979 3002 1041 3048 ut
1071 2993 1315 3048 invenias
1340 3008 1502 3063 quam
1534 2993 1590 3048 in
1616 2991 1808 3048 feriam
1837 2993 2022 3048 incur-

456 3092 544 3140 rat
571 3085 736 3156 legale
768 3083 999 3141 Pascha.
1031 3083 1088 3138 ld
1124 3084 1215 3140 ubi
1239 3085 1352 3146 eris
1381 3093 1690 3148 assecutus.
1725 3083 1770 3139 si
1803 3083 2022 3156 quidem

457 3174 740 3233 Dominica
783 3176 877 3242 sit,
928 3175 1256 3247 progredere
1301 3191 1475 3244 usque
1515 3175 1583 3230 ad
1642 3175 2020 3246 insequentem

2122 1985 2266 2042 καθὰ
2311 1985 2614 2058 ἐδιδάχθης,
2666 1987 2761 2042 καὶ
2806 1987 3058 2058 εὑρήσεις
3096 1985 3158 2040 τὸ
3205 1984 3314 2038 τῶν
3355 1981 3698 2056 Χριστιανῶν

2121 2077 2313 2147 Πάσχα
2325 2117 2338 2134 .

2297 2171 2404 2234 Εις
2447 2169 2515 2222 τὸ
2552 2167 2752 2236 εὑρεῖν
2789 2167 2855 2222 τὸ
2891 2165 3248 2236 Χριστιανὸν
3281 2165 3517 2235 Πάσχα.

2191 2261 2480 2334 Κράτησω
2505 2261 2596 2318 τοῦ
2626 2261 2880 2331 ἐπιζητου
2889 2261 3052 2333 μένου
3083 2259 3235 2324 ἔτους
3259 2257 3351 2312 τδν
3381 2257 3578 2312 κύκλον
3599 2255 3696 2311 τοῦ

2121 2355 2273 2426 ἡλίου
2295 2371 2311 2388 ο
2346 2353 2583 2426 πρόσθες
2611 2353 2668 2406 δὲ
2693 2355 2787 2408 καὶ
2818 2353 2886 2406 τὰ
2912 2352 3247 2424 παρελθόντα
3269 2350 3513 2422 βίσεξταο
3537 2367 3694 2404 τουτ-

2123 2450 2238 2502 tam
2277 2447 2416 2502 κατὰ
2457 2447 2497 2500 δ’
2535 2447 2768 2511 κύκλους
2799 2448 3012 2519 ἡμέραν
3051 2452 3120 2500 α’.
3145 2441 3259 2499 Εἴθ’
3285 2443 3477 2507 οὓτως,
3511 2445 3559 2496 εί
3596 2444 3698 2514 μέν

2123 2539 2240 2591 ἐστι
2263 2539 2324 2592 τὸ
2345 2537 2564 2609 νομικὸν
2597 2539 2787 2608 Πάσχα
2823 2539 2903 2604 είς
2931 2537 3024 2594 τὸν
3053 2537 3298 2608 Μάρτιον
3329 2536 3494 2606 μῆνα,
3523 2535 3698 2605 πρόσ-

2123 2629 2214 2694 θες
2245 2631 2342 2696 τὰς
2375 2630 2619 2696 suam;
2651 2630 2812 2684 αὐτοῦ
2838 2637 2878 2683 ε’
2897 2647 2912 2660 ·
2939 2632 2986 2683 εί
3019 2629 3076 2683 δέ
3108 2631 3254 2682 ἐστιν
3280 2630 3360 2692 είς
3391 2627 3483 2680 τὸν
3517 2625 3698 2697 Ἀπρί-

2122 2721 2256 2786 λιον,
2307 2723 2541 2794 πρόσθες
2589 2727 2637 2775 α’
2683 2719 2781 2791 τὴν
2837 2719 3000 2774 αὐτοῦ
3053 2719 3316 2788 ὲπακτήν.
3357 2715 3593 2779 Ἐνώσας
3637 2715 3696 2772 δὲ

2123 2815 2324 2877 πάντα,
2359 2813 2626 2868 άνάλυσον
2659 2812 2747 2866 διὰ
2777 2811 2886 2864 τῶν
2918 2810 2963 2874 ζ’
2983 2827 2996 2842 ·
3031 2811 3124 2864 καὶ
3166 2809 3234 2863 τὰ
3259 2809 3504 2863 κάτωθεν
3526 2809 3632 2862 τῶν
3649 2807 3694 2872 ζ’

2121 2903 2338 2976 δηλοῦσι
2369 2904 2468 2974 τὴν
2513 2902 2840 2974 άρχιμηνίαν
2869 2901 2960 2954 τοῦ
3011 2899 3196 2972 μηνὸς,
3227 2901 3284 2953 ὲν
3327 2893 3370 2967 ᾧ
3403 2900 3610 2969 γίνεται
3633 2897 3696 2952 τὺ

2123 2995 2344 3066 νομικὸν
2371 2995 2584 3066 Πάσχα.
2611 2991 2723 3048 Εἶθ’
2751 2992 2923 3058 οὕτως
2955 2991 3258 3063 ἀρίθμησον
3283 2991 3376 3044 ἀπ’
3397 2992 3566 3060 αὐτῆς
3595 2991 3696 3060 τῆς

2121 3085 2468 3160 ἀρχιμηνίας,
2512 3088 2659 3152 ὅπως
2703 3085 2870 3160 εὕρῃς
2913 3087 2970 3138 ὲν
3007 3084 3135 3157 ποίᾳ
3172 3086 3354 3156 ἡμέρα
3389 3085 3598 3154 γίνεται
3633 3081 3697 3138 τὺ

2123 3177 2340 3248 νομικὸν
2380 3177 2588 3246 Πάσχα.
2629 3176 2796 3230 Ἐπάν
2835 3175 2890 3229 δὲ
2915 3174 3080 3246 εὕρῃς
3117 3175 3302 3245 αὐτὴν,
3347 3176 3397 3228 εί
3447 3175 3547 3245 μὲν
3580 3174 3698 3227 Ku-

457 3271 686 3324 alteram
733 3237 1093 3324 Dominicam.
1141 3265 1200 3322 in
1265 3282 1330 3322 ea
1381 3237 2022 3322 Christianum-accidet

2131 3237 2290 3341 ριακὴ
2336 3269 2445 3339 εἴη,
2475 3237 2661 3323 άνελθε
2705 3271 2784 3332 είς
2827 3267 2924 3339 τὴν
2969 3237 3344 3340 έππερχομένήν
3371 3237 3691 3338 Κύριακήν·

458 3359 667 3418 Pascha
741 3360 798 3416 Si
850 3361 985 3418 feria
1038 3377 1078 3416 ιι
1124 3362 1236 3428 sit,
1287 3377 1397 3416 non
1445 3362 1627 3416 minus
1668 3363 1773 3417 erit
1813 3359 2024 3418 Pascha

458 3453 706 3526 proxima
733 3449 1037 3518 Dominica,
1079 3460 1244 3524 atque
1279 3452 1354 3511 ita
1385 3465 1554 3523 porro
1578 3467 1750 3521 usque
1781 3451 1850 3505 ad
1881 3449 2023 3504 Sab-

457 3545 664 3600 batum.
695 3541 906 3600 Etenim
933 3545 988 3598 in
1015 3543 1260 3599 eamdem
1290 3541 1685 3602 hebdomadem
1717 3541 1878 3596 ambo
1915 3539 2020 3594 Pa-

459 3635 650 3692 schata
689 3643 1048 3698 concurrunt,
1085 3649 1192 3690 non
1220 3643 1402 3689 tamen
1431 3638 1682 3691 eumdem
1711 3633 1878 3692 diem.

528 3727 638 3784 Sed
685 3727 818 3783 illud
867 3727 1146 3783 sciendum
1183 3735 1288 3790 est,
1331 3725 1788 3796 quemadmodum
1819 3731 2026 3794 epactaa

459 3827 752 3876 menstrua:
797 3817 1055 3874 conﬂant.
1103 3817 1294 3872 Annus
1324 3815 1516 3872 diebus
1557 3821 1772 3870 constat
1797 3829 2020 3872 cccuv.

456 3911 567 3978 Eae,
602 3927 700 3983 per
736 3927 813 3965 vn
853 3911 1062 3974 divisae,
1096 3925 1259 3964 unam
1305 3909 1446 3964 diem
1485 3908 1824 3978 relinquunt.
1869 3905 2025 3962 lianc

457 4009 626 4078 igitur
672 4005 875 4074 addito,
925 4021 1134 4060 necnon
1178 4021 1246 4061 ex
1291 4003 1514 4060 Octobri
1550 4010 1696 4069 tres,
1749 4002 1888 4060 ﬂunt
1947 4019 2021 4058 Iv.

461 4099 572 4156 llas
615 4097 903 4156 Novembri
931 4097 1123 4168 adiice.
1159 4097 1388 4154 Easdem
1418 4111 1610 4152 rursus
1639 4111 1774 4167 auge
1811 4094 2024 4152 duabus

455 4207 486 4242 e
533 4187 824 4254 Novembri
879 4189 1078 4259 captis,
1154 4187 1283 4242 ﬁent
1331 4203 1386 4242 Vl
1430 4193 1635 4258 cpacta:
1687 4185 2020 4242 Decembris.

453 4279 668 4354 Quibus
705 4280 978 4352 accedant,
999 4285 1161 4334 trese
1183 4277 1490 4342 Decembri,
1521 4285 1574 4332 et
1607 4293 1672 4332 ex
1705 4291 1915 4332 summa
1945 4293 2021 4340 ιιι,

455 4369 631 4441 abjice
661 4387 759 4434 vn,
800 4379 1008 4425 restant
1037 4369 1167 4434 duo,
1203 4379 1408 4440 epactze
1435 4365 1701 4422 Januarii.
1737 4368 1890 4428 Adde
1917 4367 2021 4422 tria

453 4463 525 4516 ob
567 4459 907 4525 Ianuarium,
954 4461 1220 4516 exsislcnt
1263 4477 1298 4516 v
1327 4468 1530 4528 epactze
1557 4458 1859 4523 Februarii,
1899 4475 2020 4529 quae

451 4563 506 4608 et
532 4553 726 4608 Martio
771 4561 1099 4626 congruunt.
1147 4552 1264 4607 Jam
1305 4550 1372 4606 ad
1406 4567 1440 4606 v
1481 4553 1613 4607 istas
1657 4551 1835 4606 Martii
1883 4553 2019 4610 adde
2052 4583 2096 4640 ο

454 4653 590 4701 tres.
611 4641 951 4713 Colliguntur
977 4658 1096 4705 Vill,
1129 4657 1160 4697 e
1194 4643 1392 4712 quibus
1435 4643 1694 4697 detractis
1720 4657 1820 4703 vn,
1855 4641 2020 4696 relin-

457 4732 644 4799 quitur
691 4747 706 4786 ι
755 4732 958 4801 Aprilis
1004 4741 1211 4802 epacta.
1262 4731 1344 4788 Ob
1395 4733 1635 4803 Aprilem
1693 4731 1830 4786 adde
1867 4731 2018 4796 duo,

459 4826 586 4878 Iient
609 4824 734 4885 tria,
761 4832 966 4894 epactaa
1001 4823 1126 4878 Maii
1163 4843 1177 4879 :
1221 4825 1312 4896 qui
1343 4825 1543 4879 additis
1571 4825 1770 4887 tribus,
1797 4831 2018 4894 epactas

454 4913 584 4968 facit
606 4912 753 4968 Junii
795 4931 870 4970 νι.
899 4915 1125 4971 Accedit
1157 4916 1380 4970 biduum
1412 4925 1632 4986 propter
1669 4915 1918 4978 Junium,
1965 4925 2020 4971 et

449 5022 516 5060 ex
572 5021 786 5062 summa
828 5021 921 5061 vm
965 5005 1200 5077 demptis
1235 5024 1332 5072 vn,
1363 5015 1535 5062 restat
1576 5023 1592 5060 ι
1626 5005 1754 5061 Julii
1802 5015 2015 5076 epacta.

451 5095 589 5150 Tum
649 5105 874 5168 propter
931 5097 1134 5152 Julium
1203 5099 1482 5167 adjunctis
1533 5099 1752 5160 tribus,
1815 5107 2021 5168 cpactaa

453 5189 589 5243 ﬁunt
613 5189 838 5260 Augusti
873 5207 944 5245 IV.
977 5191 1256 5261 Augustus
1283 5191 1471 5259 adjicit
1497 5191 1620 5253 tria.
1655 5207 1828 5262 eoque
1859 5189 2021 5246 modo

447 5297 525 5334 vn
546 5291 889 5352 consurgunt
910 5292 1114 5354 epactaa
1142 5282 1498 5354 Septembris.
1531 5281 1689 5339 Hunc
1719 5285 1773 5338 in
1801 5285 2021 5338 modum

449 5371 754 5441 explicatur
796 5383 1110 5444 cpactarum
1151 5375 1511 5445 pmpagatio;
1545 5389 1666 5445 quae
1698 5373 2022 5445 compendio

449 5461 525 5520 ita
554 5465 898 5535 proponitur.

2125 3362 2346 3415 κάκεῖσε
2393 3357 2460 3432 ἦν
2497 3361 2558 3414 τὸ
2618 3360 2958 3432 Χριστιανῶν
3011 3361 3237 3432 Πάσχα·
3284 3361 3334 3412 εί
3373 3357 3430 3412 δὲ
3466 3357 3698 3428 δευτέρα

2121 3455 2290 3516 ἐστὶν,
2317 3452 2578 3516 ὡσαύτως
2607 3455 2672 3523 τῇ
2707 3451 2977 3524 ἐρχομένῃ
3022 3453 3297 3522 Κυριακῇ,
3327 3449 3424 3502 καὶ
3460 3447 3696 3518 καθεξῆς

2121 3547 2250 3616 ἄχρι
2281 3544 2375 3598 τοῦ
2426 3543 2726 3597 σαϐϐάτου·
2775 3545 2833 3598 ὲν
2871 3541 2980 3613 γὰρ
3025 3543 3122 3614 μιᾷ
3165 3540 3416 3611 ἑὸδομάδι
3452 3539 3694 3609 γίνονται

2122 3638 2288 3708 ἄμφω
2319 3636 2388 3690 τὰ
2417 3635 2625 3706 Πάσχα,
2661 3637 2718 3694 ἐν
2761 3636 2861 3706 μιᾷ
2887 3633 2942 3687 δὲ
2967 3635 3151 3706 ἡμέρα
3177 3633 3447 3703 οὐδαμῶς.

2193 3728 2285 3780 Δεῖ
2311 3725 2600 3795 γινώσκειν
2630 3725 2746 3790 πῶς
2792 3726 3033 3792 γίνονται
3064 3725 3120 3776 αἱ
3157 3723 3390 3776 ὲπακταὶ
3430 3721 3540 3775 τῶν
3584 3737 3692 3790 μη-

2121 3819 2247 3872 νῶν.
2294 3819 2622 3882 ’θ’ὲνιαυτὸς
2647 3818 2758 3888 ἔχει
2790 3817 3001 3888 ἡμέρας
3029 3816 3153 3882 τξε⁹.
3177 3815 3394 3878 Ταύτας
3421 3812 3698 3878 ἀναλύσας

2121 3911 2208 3966 διὰ
2231 3911 2341 3964 τῶν
2373 3911 2438 3976 ζ’,
2468 3912 2730 3983 ἀπομένει
2761 3913 2878 3982 μία.
2922 3910 3142 3982 Ταύτην
3187 3909 3286 3982 τὴν
3315 3908 3442 3980 μίαν
3475 3904 3696 3978 πρηστίς

2121 4005 2266 4075 θητι,
2299 4006 2393 4058 καὶ
2423 4005 2533 4060 άπὸ
2567 4003 2663 4058 τοῦ
2704 4002 3078 4074 Ὀκτωμϐρίου
3107 4007 3188 4070 γ’·
3219 4002 3315 4055 καὶ
3352 3999 3588 4069 γίνονται
3625 3996 3692 4051 δ’.

2122 4097 2338 4162 Ταύτας
2395 4097 2628 4168 πρόσθες
2669 4096 2746 4166 τῷ
2795 4094 3105 4166 Νοεμϐρίῳ.
3153 4093 3359 4165 Κράτει
3400 4091 3562 4146 πάλιν
3593 4089 3696 4154 τὰς

2119 4189 2184 4252 δ’,
2217 4189 2448 4261 πρόσθες
2476 4189 2569 4242 καὶ
2614 4187 2722 4242 ἀπὸ
2755 4187 2850 4242 τοῦ
2891 4185 3193 4258 Νοεμϐρίου
3225 4185 3289 4255 β’·
3326 4185 3419 4239 καὶ
3453 4184 3696 4253 γίνονται

2125 4285 2176 4346 ς’
2223 4282 2302 4342 είς
2329 4279 2418 4332 τὸν
2461 4281 2812 4350 Δεκέμϐριον.
2857 4277 3023 4332 Πάλιν
3061 4277 3335 4348 κράτησον
3376 4275 3474 4340 τὰς
3523 4275 3696 4337 αὐτάς

2123 4379 2202 4438 ς’,
2227 4373 2320 4425 καὶ
2356 4371 2587 4443 πρόσθες
2611 4373 2704 4424 καὶ
2735 4371 2841 4430 ἀπὸ
2865 4369 2960 4424 τοῦ
2987 4369 3318 4440 Δεκεμϐρίου
3350 4375 3397 4438 γ’
3423 4383 3434 4396 ·
3478 4367 3572 4420 καὶ
3609 4367 3698 4435 γι..

2121 4481 2303 4518 νονται
2337 4463 2402 4517 θ’.
2438 4463 2764 4541 Ἀπόρῤιψον
2789 4463 2885 4526 τὰς
2917 4463 2960 4528 ζ’
2979 4481 2992 4494 ·
3029 4463 3122 4515 καὶ
3149 4461 3479 4532 ἀπομένουσι
3500 4459 3593 4513 δύο
3617 4461 3698 4523 είς

2122 4555 2214 4610 τὸν
2255 4557 2600 4627 Ἰανουάριον.
2653 4556 2893 4628 Πρόσθες
2935 4555 3028 4610 καὶ
3065 4561 3114 4624 γ’
3160 4555 3268 4609 ἀπὸ
3312 4553 3406 4606 τοῦ
3459 4553 3699 4606 Ἰανουα-

2133 4649 2269 4720 ρίου,
2303 4649 2398 4703 καὶ
2437 4649 2676 4718 γίνονται
2705 4654 2745 4699 ε’
2775 4649 2854 4710 είς
2885 4647 2974 4700 τὸν
3001 4647 3381 4717 Φεϐρουάριον.
3415 4646 3478 4697 Al
3511 4643 3558 4697 δ’
3597 4643 3698 4696 αύ-

2123 4735 2212 4788 ταί
2243 4737 2352 4793 είσι
2392 4735 2488 4789 καὶ
2533 4737 2614 4798 εἰς
2647 4735 2736 4789 τὸν
2779 4735 3040 4806 Μάρτιον.
3077 4735 3248 4788 Πάλιν
3293 4733 3564 4806 κράτησον
3599 4733 3699 4796 τὰς

2123 4827 2307 4891 πέντε,
2339 4829 2432 4881 καὶ
2459 4826 2694 4900 πρόσθες
2721 4827 2815 4880 καὶ
2850 4827 2958 4880 ἀπὺ
2992 4825 3086 4880 τοῦ
3111 4825 3354 4898 Μαρτίου
3384 4831 3454 4894 γ”
3479 4823 3572 4878 καὶ
3607 4821 3700 4892 γί-

2123 4935 2301 4972 νονται
2343 4925 2417 4989 η’.
2458 4919 2784 4990 Ἀπόρριψον
2827 4919 2926 4983 τὰς
2958 4919 3022 4983 ζ’,
3051 4919 3372 4990 ὲναπομένει
3419 4917 3514 4971 καὶ
3543 4921 3592 4968 α’
3615 4915 3700 4978 εἰς

2123 5010 2214 5064 τὸν
2240 5011 2532 5081 Ἀπρίλιον.
2556 5011 2844 5081 Κράτησον
2861 5008 3021 5062 πάλιν
3045 5009 3213 5081 αὐτὴν
3236 5007 3332 5078 τὴν
3354 5014 3402 5062 α’
3421 5024 3436 5037 °
3463 5005 3700 5078 πρόσθες

2125 5103 2220 5157 καὶ
2261 5101 2354 5155 δύο
2395 5103 2505 5155 ἀπὸ
2536 5101 2629 5154 τοῦ
2663 5103 2959 5175 ’Λπριλίου,
2991 5103 3084 5156 καὶ
3127 5101 3366 5166 γίνονται
3401 5105 3449 5168 γ’
3491 5101 3572 5162 είς
3605 5097 3700 5151 τὸν

2121 5194 2316 5248 Μάϊον.
2351 5195 2520 5248 Πάλιν
2555 5195 2826 5267 κράτησον
2859 5193 3027 5258 αὐτὰς
3058 5193 3157 5257 τὰς
3198 5199 3246 5262 γ’
3271 5211 3283 5224 ·
3335 5191 3571 5264 πρόσθες
3601 5189 3700 5242 καὶ

2122 5285 2231 5339 ἀπὸ
2273 5283 2367 5339 τοῦ
2401 5287 2578 5340 Μαΐου
2610 5293 2679 5355 γ’,
2721 5287 2814 5340 καὶ
2843 5287 3083 5355 γίνονται
3125 5291 3180 5350 ς’
3206 5285 3286 5348 εἰς
3325 5285 3414 5337 τὴν
3457 5281 3696 5336 Ἰούνιον.

2123 5376 2291 5430 Πάλιν
2321 5377 2596 5448 κράτησον
2626 5379 2792 5441 αὐτὰς
2839 5379 2936 5440 τὰς
2965 5384 3036 5442 ς’.
3069 5379 3163 5430 καὶ
3194 5376 3430 5447 πρόσθες
3463 5372 3570 5428 ἀπὸ
3601 5369 3697 5426 τοῦ

2135 5467 2352 5522 Ἰουνίου
2387 5469 2452 5540 β’,
2488 5469 2728 5538 γίνονται
2763 5475 2834 5538 η’.
2881 5469 3204 5542 Ἀπόρῤιψον
3228 5467 3326 5531 τὰς
3343 5466 3408 5531 ζ’,
3434 5465 3700 5535 ἁπομένει

449 5561 499 5608 α’
537 5555 618 5618 είς
651 5555 743 5610 τδν
779 5556 1016 5611 Ἰούλιον.
1049 5557 1217 5612 Πάλιν
1250 5557 1524 5629 κράτησεν
1553 5557 1651 5630 τὴν
1673 5565 1754 5612 α’·
1787 5559 2022 5630 πρόσθες
2053 5557 2149 5613 καὶ
2178 5561 2282 5614 ἀπὸ
2305 5561 2397 5615 τοῦ
2435 5563 2652 5618 Ἰουλίου
2681 5567 2849 5635 τρεῖς,
2880 5564 3116 5633 γίνονται
3161 5563 3206 5616 δ’
3235 5563 3312 5626 είς
3353 5559 3444 5615 τὸν
3498 5557 3698 5627 Αὔγου-

451 5663 594 5704 στον.
638 5651 806 5705 Πάλιν
844 5652 1116 5725 κράτησον
1157 5654 1326 5718 αὑτὰς
1369 5653 1470 5720 τὰς
1513 5654 1592 5708 δ’·
1639 5655 1876 5727 πρόσθες
1917 5655 2024 5710 ἀπὸ
2050 5657 2146 5711 τοῦ
2179 5659 2486 5728 Αὐγούστου
2528 5668 2598 5730 γ’,
2661 5665 2756 5715 καὶ
2800 5663 3036 5731 γίνονται
3095 5659 3138 5724 ζ’
3175 5661 3256 5724 είς
3298 5657 3389 5712 τὸν
3447 5655 3698 5726 Σεπτεμ-

449 5737 622 5810 σριον.
663 5743 776 5798 Kal
807 5744 980 5799 ταῦτα
1023 5747 1120 5817 μὲν
1159 5747 1424 5822 ἐντέχνως
1471 5749 1840 5821 κατέστρωται
1878 5753 2008 5828 περὶ
2045 5753 2290 5808 πάντων⁸
2321 5755 2458 5811 ἔστω
2481 5773 2562 5810 σοι
2583 5756 2638 5811 δὲ
2665 5755 2834 5811 ταῦτα
2891 5757 2959 5814 τὰ
3005 5755 3310 5828 δηλωθέντα
3359 5753 3434 5818 ὡς
3487 5753 3543 5806 AV
3577 5753 3696 5804 ἔπε’

449 5835 612 5912 τομῇ·
