4124 6482
479 438 621 495 1333
1360 433 1543 490 ΛΕΤΙΙ
1576 431 1666 487 DE
1694 430 2107 490 SlGNlFlCA'l‘ll

2079 429 2353 489 IONIBUS
2390 430 2829 489 STELLARUM.
3570 436 3707 495 1334

824 550 892 603 ΑΙ
919 544 1168 601 ἐπακται
1191 543 1451 598 ἑκάστου
1473 544 1688 615 μηνός.
2062 547 2116 604 Α

2062 547 2116 604 Α
2534 542 2754 613 Epactc
2784 559 3042 599 mensium
3069 542 3322 600 omnium.

475 679 597 750 Μὴν
639 678 1006 750 Ὀκτώμϐριος
1137 684 1186 732 α’
1326 678 1450 747 Μὴν
1485 676 1760 748 Ἀπρίλιος
1989 684 2038 731 α’
2141 677 2373 736 October
2818 695 2834 736 ι
3016 681 3233 753 Αρνίιίε⁹
3294 674 3301 683 ’
3685 701 3704 739 ι

475 769 600 840 Μὴν
637 769 935 840 Νοέμϐριος
1143 768 1187 822 δ’
1328 767 1452 838 Μὴν
1484 767 1658 831 Μάῐος
1990 774 2038 838 γ’

2139 771 2438 828 November
2786 789 2841 828 Iv
3024 773 3197 829 Maius
3641 789 3702 830 ιιι

475 859 597 928 Μὴν
627 859 955 930 Δεκέμϐριος
1140 865 1182 911 ε’
1324 857 1447 928 Μὴν
1485 857 1702 921 Ἰούνιος
1739 905 1744 910 .
1984 865 2038 923 ς’

2139 865 2433 922 December
2807 881 2840 920 ν
3018 864 3214 922 Junius
3649 882 3703 923 νι

477 952 601 1022 Μὴν
643 950 960 1021 ἰανουάριος
1138 949 1183 1021 β’
1325 950 1449 1020 Μὴν
1485 949 1704 1013 Ἰούλιος
1988 955 2038 1002 α’

2137 955 2430 1010 Ianuarius
2801 971 2840 1008 ιι
3017 953 3195 1010 Julius
3684 974 3699 1014 ι

478 1042 603 1112 Μὴν
631 1041 990 1113 Φεϐρουάριος
1141 1047 1182 1095 ε’
1325 1041 1450 1111 Μὴν
1476 1038 1785 1110 Αὔγουστος
1992 1039 2039 1093 δ’

2137 1045 2468 1102 Februarius
2811 1062 2844 1100 ν
3016 1045 3297 1114 Augustus
3648 1065 3703 1104 ιν

477 1132 598 1204 Μὴν
628 1133 868 1204 Μάρτιος
1142 1139 1181 1187 ε’
1323 1131 1448 1204 Μὴν
1485 1131 1856 1205 Σεπτέμόριος
1992 1132 2037 1196 ζ’

2138 1137 2363 1192 Martius
2810 1153 2845 1192 ν
3023 1136 3339 1207 September
3624 1155 3701 1195 vn

546 1248 609 1301 Et
662 1246 822 1319 βούλῃ
877 1247 1057 1319 εὑρεῖν
1091 1264 1151 1301 σε
1197 1253 1258 1300 τὸ
1307 1246 1552 1318 θεμέλιον
1595 1246 1688 1301 τοῦ
1719 1247 2036 1317 φεγγαρίου,

2213 1249 2269 1304 Si
2327 1250 2470 1305 lunae
2519 1248 2934 1306 fundamentum
2975 1249 3282 1320 cuiusmodi
3330 1258 3432 1318 snt,
3474 1249 3696 1316 oblitus.

475 1336 635 1392 ὁπότε
684 1337 819 1411 λήθη
862 1338 1102 1408 γίνεται·
1148 1341 1419 1411 κράτησον
1464 1338 1560 1392 τοῦ
1612 1338 2036 1410 ὲπιζητουμένου

2140 1343 2466 1413 investigare
2493 1342 2665 1398 velis:
2700 1342 2887 1411 accipe
2916 1343 3158 1398 lunarem
3197 1341 3410 1414 cyclum
3443 1342 3571 1396 anni
3603 1360 3700 1400 cu-

475 1427 630 1493 ἔτυυς
653 1429 744 1482 τὸν
776 1429 970 1484 κύκλον
990 1431 1090 1502 τῆς
1118 1431 1346 1502 σελήνης
1367 1431 1561 1494 ὁπόσος
1593 1430 1686 1484 καὶ
1712 1425 1779 1501 ὴν
1798 1445 1811 1459 '
1845 1429 1935 1483 καὶ
1960 1431 2040 1484 έν-

2138 1434 2382 1505 juslibet,
2413 1449 2649 1504 eumque
2679 1449 2775 1504 per
2810 1433 3066 1488 undecim
3094 1433 3393 1505 multiplica
3425 1450 3441 1490 :
3473 1450 3699 1490 summa

473 1517 902 1574 δεκαπλασίασον
950 1523 1109 1577 αὐτόν
1135 1538 1150 1552 °
1207 1522 1302 1575 καὶ
1353 1521 1588 1593 πρόσθες
1634 1521 1821 1575 ἐπάνω
1872 1521 2036 1576 αὑτοῦ

2135 1526 2274 1581 adde
2302 1527 2430 1580 tria.
2465 1524 2739 1596 Quidquid
2766 1525 2873 1588 erit
2901 1525 3186 1582 collectum
3222 1541 3317 1596 per
3339 1541 3446 1581 xu
3475 1525 3651 1582 divide
3677 1545 3692 1582 :

473 1609 632 1681 ἕτερα
669 1617 736 1679 γ’.
785 1610 894 1667 Εἶθ’
920 1614 1090 1678 οὕτως
1118 1613 1384 1668 ἁνάλυσον
1409 1613 1548 1668 αύτά
1577 1612 1666 1666 διὰ
1699 1615 1808 1667 τῶν
1836 1613 1913 1667 λ’·
1943 1614 2036 1670 καὶ

2135 1615 2414 1671 residuum
2465 1615 2510 1670 si
2562 1615 2634 1670 sit
2671 1612 2814 1668 infra
2854 1604 2984 1681 xxi,
3007 1615 3291 1686 quaesitum
3321 1613 3462 1670 luna
3500 1611 3697 1669 funda-

470 1697 540 1751 τὰ
579 1701 820 1757 κάτωθεν
860 1704 966 1758 τῶν
999 1705 1042 1758 λ’
1072 1703 1291 1777 δηλοῦσι
1320 1705 1381 1758 τὸ
1416 1703 1662 1776 θεμέλιον
1693 1704 1788 1759 τοῦ
1833 1722 2035 1775 φεγγα-

1008 1706 1042 1758 λ’
1072 1703 1291 1777 δηλοῦσι
1320 1705 1381 1758 τὸ
1416 1703 1662 1776 θεμέλιον
1693 1704 1788 1759 τοῦ
1833 1722 2035 1775 φεγγα-
2134 1715 2376 1763 mentum
2401 1705 2636 1762 exhibet.

475 1789 592 1862 ρίου

1540 2081 1800 2168 ΠΕΡΙ
1854 2082 2618 2171 ΕΠΙΣΗΜΑΣΙΩΝ

1935 2257 2244 2316 ΔΣΤΕΡΩΝ

1274 2405 1373 2459 Ἕκ
1403 2403 1496 2459 τοῦ
1529 2403 1713 2478 τριτον
1742 2405 2031 2476 τμήματος
2060 2402 2268 2458 ’Δετίου
2294 2401 2747 2475 ’Δμιδηνοῦ,κεφ.
2786 2401 2912 2476 ρξθ.

977 2651 1130 2743 DE
1203 2650 2398 2744 SIGNIFICATIONIBUS
2465 2649 3169 2741 STELLARUM

1301 2842 1386 2900 Ea:
1412 2842 1660 2900 Sermone
1687 2841 1788 2898 111
1818 2841 2114 2900 Tetrabibli
2133 2843 2275 2899 Aetii
2297 2841 2561 2910 Amidem',
2585 2855 2736 2913 caput
2770 2843 2894 2898 164.

1726 2987 2024 3058 lnterprete
2050 2985 2336 3045 Comario.

547 3203 765 3276 Ἐπειδὴ
780 3203 836 3257 δὲ
853 3205 944 3259 καὶ
964 3205 1011 3258 οὶ
1033 3208 1154 3259 κατ’
1169 3206 1394 3280 οὐρανὸν
1409 3207 1637 3282 ἀστέρες
1652 3209 2029 3278 ἀνατέλλοντες
2061 3221 2102 3277 Β

2069 3221 2102 3277 Β
2200 3204 2650 3277 Quandoquidem
2706 3204 2868 3260 etiam
2934 3203 3105 3260 stellae
3161 3203 3218 3260 in
3275 3204 3417 3260 coelo
3455 3204 3697 3266 oriente;

468 3293 611 3348 κατὰ
626 3295 752 3358 τοὺς
781 3295 1142 3366 τεταγμένους
1168 3297 1351 3361 αὐτοῖς
1372 3297 1479 3351 ὑπὸ
1501 3298 1598 3352 τοῦ
1626 3299 1762 3354 Θεοῦ
1785 3303 2028 3373 καιροὺς,

2128 3298 2286 3370 juxta
2314 3304 2559 3366 tempora
2613 3310 2644 3350 a
2700 3294 2813 3350 Deo
2859 3294 2996 3365 ipsis
3026 3294 3304 3360 ordinata,
3355 3303 3411 3350 et
3439 3295 3694 3355 similiter

465 3387 562 3440 καὶ
593 3386 839 3451 δύνοντες
881 3387 1084 3459 ὁμοίως
1122 3388 1214 3443 τὸν
1241 3389 1380 3461 ἀέρα
1424 3389 1745 3454 ἀλλοιοῦσιν,
1787 3392 1861 3456 ὡς
1895 3410 2033 3460 συμ-

2133 3388 2448 3448 occidentes
2470 3403 2595 3444 aera
2633 3394 2871 3452 mutant,
2909 3394 2972 3441 ut
2994 3387 3275 3458 contingat
3301 3403 3369 3443 ex
3403 3387 3504 3443 hoc
3529 3389 3694 3445 etiam

464 3475 670 3530 ϐαίνειν
696 3479 759 3530 ὲκ
787 3476 974 3531 τούτου
1013 3478 1107 3532 καὶ
1140 3479 1372 3550 ἀνέμους
1408 3480 1592 3534 ἄλλοτε
1635 3482 1810 3547 ἄλλως
1843 3488 1995 3538 πνεῖν
2014 3501 2028 3516 ⁸

2131 3486 2331 3536 ventos
2357 3479 2496 3534 alias
2524 3477 2681 3533 aliter
2719 3477 2951 3548 spirare,
2999 3478 3374 3533 necessarium
3426 3477 3554 3534 duxi
3608 3478 3695 3536 hic

465 3568 762 3635 ἀναγκαῖον
790 3567 1016 3639 ἐνόμισα
1047 3567 1280 3622 ἐνταῦθα
1314 3569 1550 3639 δηλῶσαι
1583 3573 1826 3643 καιροὺς,
1867 3574 1924 3626 ὲν
1950 3569 2034 3637 οἷς

2132 3579 2376 3642 tempora
2406 3569 2671 3634 indicare,
2698 3569 2752 3624 in
2785 3568 2982 3640 quibus
3005 3583 3214 3634 earum,
3251 3585 3372 3640 quae
3399 3570 3578 3641 palam
3606 3585 3697 3626 ae-

465 3659 664 3724 αὐτῶν,
705 3659 890 3729 σαφῶς
930 3660 1282 3716 ἀλλοιούντων
1317 3661 1409 3716 τὸν
1456 3663 1612 3734 ἀέρα,
1653 3664 1907 3719 ἀνατολαὶ
1939 3666 2034 3720 καὶ

2119 3677 2245 3720 rem
2269 3662 2523 3727 alterant,
2546 3669 2699 3717 ortus
2733 3667 2788 3717 et
2826 3675 3057 3716 occasus
3082 3659 3238 3715 ﬁunt.
3261 3659 3396 3716 Nam
3436 3676 3707 3718 sanorum-

461 3748 644 3813 δύσεις
690 3749 946 3818 γίνονται.
977 3751 1089 3805 Καὶ
1141 3751 1252 3822 γὰρ
1295 3752 1403 3806 τῶν
1439 3753 1791 3821 ὑγιαινόντων
1819 3753 1888 3808 τὰ
1925 3752 2032 3808 σώ-

2131 3767 2387 3824 corpora,
2429 3759 2486 3810 et
2533 3751 2705 3806 multo
2746 3751 2922 3823 magis
2964 3759 3314 3824 agrotoru—m,
3344 3751 3500 3824 juxta
3551 3753 3695 3810 aris

469 3856 632 3909 ματα,
665 3840 760 3894 καὶ
789 3839 970 3911 πολλῷ
1003 3842 1201 3913 μᾶλλον
1237 3842 1345 3896 τῶν
1382 3843 1701 3911 νοσούντων,
1731 3845 2033 3901 ἀλλοιοῦται

1068 3842 1201 3897 ἱλλον
1237 3842 1345 3896 τῶν
1382 3843 1701 3911 νοσούντων,
1731 3845 2033 3901 ἀλλοιοῦται
2133 3851 2338 3900 statum
2373 3843 2696 3898 alterantur.

465 3931 602 4003 πρὸς
628 3932 728 4004 τὴν
755 3932 848 3986 τοῦ
875 3933 1034 4005 ἀέρος
1057 3933 1405 3988 κατάστασιν.

535 4024 681 4094 Μηνὶ
713 4023 953 4095 Δύστρῳ,
1003 4026 1033 4079 δ
1089 4027 1204 4080 ἐστι
1247 4025 1474 4098 Μαρτίῳ
1521 4025 1608 4092 ιθ’,
1659 4027 1689 4079 ὁ
1746 4025 2033 4098 λεγόμενος

2203 4023 2389 4081 Mense
2425 4023 2646 4096 Dystro,
2681 4022 2776 4094 qui
2805 4022 3034 4080 Martius
3059 4031 3176 4090 est.
3192 4021 3381 4095 Equus
3400 4039 3560 4081 mane
3588 4024 3699 4080 ori--

469 4114 663 4176 Ἵππος
689 4115 985 4168 ἀνατέλλει.

2133 4122 2225 4170 tur
2248 4114 2459 4170 decima
2484 4128 2626 4168 nona
2661 4111 2771 4168 die.

534 4203 682 4275 Μηνὶ
711 4203 789 4275 τῷ
822 4205 971 4276 αὐτῷ
1007 4211 1091 4275 κγ’
1123 4207 1380 4280 ἰσημερῑα
1408 4208 1594 4280 ὲαρινή
1614 4223 1628 4238 ·
1659 4207 1754 4263 καί
1790 4209 1906 4264 ἐστι
1937 4227 2035 4282 με-

2202 4204 2388 4264 Mense
2434 4205 2660 4273 eodem.
2701 4204 2790 4261 die
2833 4220 2991 4270 nm,
3029 4205 3418 4276 zquinoctium
3470 4220 3697 4262 vernum

465 4293 626 4368 γιστη
649 4297 860 4368 ταραχὴ
888 4295 984 4350 τοῦ
1011 4297 1188 4370 ἀέρος.

2132 4305 2239 4361 est,
2258 4304 2326 4352 .et
2343 4296 2580 4351 maxima
2602 4297 2747 4352 aeris
2773 4296 3032 4354 turbatio.

537 4386 685 4457 Μηνὶ
732 4385 998 4457 Ξανθικῷ,
1041 4388 1320 4443 τουτέστιν
1359 4388 1618 4462 Ἀπριλίῳ
1655 4396 1727 4455 α’,
1769 4389 2040 4462 nauseae;

2205 4385 2388 4442 Mense
2403 4384 2698 4451 Xanthico,
2721 4385 2816 4456 qui
2837 4393 2924 4441 est
2941 4384 3168 4456 Aprilis,
3181 4384 3355 4456 prima
3375 4381 3464 4444 die
3477 4381 3699 4443 ineunte

464 4473 753 4544 ἀκρόνυχοι
786 4475 1084 4543 φαίνονται.

2133 4487 2294 4534 nocte
2319 4477 2365 4510 ’°
2394 4476 2642 4533 Pleiades
2666 4484 2946 4547 apparent.

533 4563 780 4636 Μηνὶτῷ
808 4563 956 4635 αὑτῷ
986 4565 1050 4618 ιϐ’
1072 4567 1336 4638 Πληῖάδες
1365 4567 1606 4641 ἑσπέριοι
1627 4567 1981 4644 κρύπτονται.
2058 4554 2104 4613 C

2067 4554 2104 4613 Ε
2203 4567 2390 4624 Mense
2429 4566 2644 4630 eodem,
2686 4566 2774 4622 die
2807 4580 2922 4632 xix,
2973 4563 3222 4620 Pleiades
3262 4568 3474 4636 vesperi
3508 4566 3695 4622 occul-

534 4655 683 4726 Μηνὶ
713 4655 790 4726 τῷ
831 4655 980 4728 αὺτῷ
1009 4664 1094 4712 κα¹
1135 4659 1398 4729 Πληῖάδες
1440 4660 1556 4730 ἅμα
1604 4659 1755 4730 ἡλίου
1799 4661 2040 4740 ἀνατολῇ,
2136 4668 2339 4714 tantur.

464 4745 835 4802 ἄπιτέλλουσι·
865 4749 956 4805 καί
987 4751 1102 4804 ἐστι
1137 4751 1366 4823 μεγίστη
1392 4754 1426 4824 ή
1470 4751 1599 4824 περὶ
1629 4751 1721 4805 τὸν
1765 4753 1905 4825 ἀέρα
1935 4770 2030 4808 τα·-

2205 4749 2388 4808 Mense
2415 4750 2769 4819 θοᾶοιιι,ᾼιςι,
2785 4750 3034 4812 Pleiades
3052 4763 3176 4804 cum
3205 4747 3342 4805 solis
3365 4756 3492 4804 ortu
3519 4751 3698 4805 oriun-

466 4840 626 4911 ρακήο
2134 4851 2262 4901 tur:
2299 4855 2354 4899 et
2382 4843 2731 4900 estunaxima
2756 4843 2906 4898 circa
2939 4853 3120 4898 aerem
3153 4837 3414 4899 turbatio.

531 4931 682 5004 Μηνὶ
703 4930 782 5003 τῷ
809 4930 956 5003 αὐτῷ
978 4931 1058 4996 κζ’
1091 4932 1280 5005 Ὠρίων
1305 4934 1555 5006 ἑσπέριος
1577 4934 1895 5008 κρύπτεται.

2205 4933 2389 4990 Mense
2411 4931 2624 4998 eodem,
2653 4948 2826 4998 xxvn,
2853 4931 3022 4987 Orion
3055 4930 3268 5001 vesperi
3300 4929 3625 4986 occultatur.

532 5024 680 5096 Μηνὶ
728 5024 1074 5096 ’Δρτεμισίῳ,
1124 5026 1153 5079 ὃ
1194 5027 1308 5079 ἐστι
1345 5029 1509 5102 Μαΐῳ
1553 5033 1624 5091 α’,
1673 5028 1864 5094 Ὑάδες
1911 5029 2028 5100 ἅμα

2203 5023 2388 5080 Mense
2406 5022 2722 5092 Artemisio,
2753 5024 2856 5079 hoc
2877 5032 2961 5080 est
2988 5021 3150 5086 Maio,
3175 5021 3352 5092 prima
3375 5019 3463 5075 die
3482 5018 3693 5091 Hyadu-

463 5113 616 5185 ὴλίου
647 5114 879 5186 ἀνατολῇ
911 5114 1266 5169 ὲπιτέλλουσι.

1238 5136 1266 5169 ι.
2133 5131 2259 5172 cum
2295 5117 2425 5173 solis
2450 5128 2571 5172 ortu
2595 5115 2866 5171 oriuntur.

533 5204 778 5276 Μηνὶτῷ
797 5203 946 5276 αὐτῷ
973 5204 1038 5270 δ’,
1071 5204 1224 5276 Λύρα
1242 5205 1495 5278 ἑσπέριος
1516 5207 1805 5273 ἐπιτέλλει,
1833 5209 1924 5262 καὶ
1943 5207 2032 5264 ἀλ-

2207 5204 2392 5260 Mense
2417 5205 2628 5269 eodem,
2665 5221 2720 5260 ιν
2749 5204 2862 5270 die,
2883 5201 3023 5276 Lyra
3051 5200 3263 5273 vesperi
3296 5201 3492 5268 oritur,
3526 5207 3582 5255 et
3605 5216 3700 5256 aer

463 5293 698 5349 λοιοῦται
719 5294 827 5367 ἀὴρ
861 5295 1077 5358 ἱκανῶς.

2135 5299 2369 5353 multum
2402 5298 2683 5352 alteratur.

532 5387 681 5457 Μηνὶ
709 5386 786 5457 τῷ
823 5384 970 5459 αὐτῷ
996 5393 1049 5451 ς’
1080 5385 1179 5453 Αἲξ
1217 5388 1327 5458 ἑῴα
1371 5387 1658 5454 ἐπιτέλλει,
1701 5389 1794 5442 καὶ
1825 5388 2029 5459 σφόδρα

2204 5387 2390 5444 Mense
2408 5386 2620 5452 eodem,
2646 5403 2722 5454 vr,
2745 5387 2918 5457 Capra
2940 5398 3101 5440 mane
3119 5383 3316 5449 oritur,
3337 5392 3383 5438 et
3399 5381 3554 5437 valde
3575 5382 3702 5437 alte-

462 5476 764 5530 ἀλλοιοῦται
787 5479 817 5531 ό
840 5479 950 5549 ἀὴρ
982 5477 1088 5549 πρὸ
1127 5480 1256 5550 μιᾶς
1284 5479 1318 5551 ἢ
1346 5478 1458 5532 δύο.

802 5479 950 5549 δαὴρ
982 5477 1088 5549 πρὸ
1127 5480 1256 5550 μιᾶς
1284 5479 1318 5551 ἢ
1346 5478 1458 5532 δύο.
2133 5486 2289 5534 ratur
2321 5494 2430 5534 aer.

531 5568 678 5638 Μηνὶ
701 5569 862 5639 Μαΐῳ
887 5567 932 5635 ζ’
957 5569 1218 5639 Πληϊάδες
1237 5569 1368 5640 έῷαι
1398 5569 1696 5639 φαίνονται,
1737 5569 1831 5624 καὶ
1866 5570 2027 5642 ἀρχε-

2205 5568 2332 5626 Maii
2360 5585 2433 5626 vn
2455 5567 2699 5627 Pleiades
2725 5583 2886 5626 mane
2912 5574 3194 5640 apparent.
3216 5574 3270 5622 et
3293 5579 3387 5621 aer
3407 5561 3590 5622 sedari
3613 5563 3701 5619 in~

467 5669 554 5709 ται
582 5657 612 5710 ό
635 5656 742 5727 ἀὴρ
774 5656 1148 5714 καθίστασθαι.
2129 5659 2281 5731 cipit.

539 5809 584 5843 ³⁸
609 5808 900 5866 Carnarius
937 5811 1090 5879 male,
1123 5814 1440 5884 intempesta
1484 5822 1660 5871 nocte.
