  <div class='ocr_page' id='page_1' title='image "/cluster/home/n/w/nwhite01/storage/ocr_20150623/19:no.1/coo.31924054872993/689.png"; bbox 0 0 4124 6482; ppageno 0'>
   <div class='ocr_carea' id='block_1_1' title="bbox 430 422 571 490">
    <p class='ocr_par' dir='ltr' id='par_1_1' title="bbox 430 422 571 490">
     <span class='ocr_line' id='line_1_1' title="bbox 430 422 571 490; baseline -0.057 0"><span class='ocrx_word' id='word_1_1' title='bbox 430 422 571 490; x_wconf 66' lang='grc' dir='ltr'>ωδ</span> 
     </span>
    </p>
   </div>
   <div class='ocr_carea' id='block_1_2' title="bbox 1480 415 2726 485">
    <p class='ocr_par' dir='ltr' id='par_1_2' title="bbox 1480 415 2726 485">
     <span class='ocr_line' id='line_1_2' title="bbox 1480 415 2726 485; baseline 0.005 -9"><span class='ocrx_word' id='word_1_2' title='bbox 1480 422 1572 476; x_wconf 81' lang='lat' dir='ltr'>AD</span> <span class='ocrx_word' id='word_1_3' title='bbox 1611 418 1885 478; x_wconf 80' lang='lat' dir='ltr'>EUSEBII</span> <span class='ocrx_word' id='word_1_4' title='bbox 1919 415 2316 475; x_wconf 73' lang='lat' dir='ltr'>CHRONICON</span> <span class='ocrx_word' id='word_1_5' title='bbox 2353 416 2726 485; x_wconf 56' lang='lat' dir='ltr'><strong>APPENDIX.</strong></span> 
     </span>
    </p>
   </div>
   <div class='ocr_carea' id='block_1_3' title="bbox 3529 418 3668 477">
    <p class='ocr_par' dir='ltr' id='par_1_3' title="bbox 3529 418 3668 477">
     <span class='ocr_line' id='line_1_3' title="bbox 3529 418 3668 477; baseline 0.029 -4"><span class='ocrx_word' id='word_1_6' title='bbox 3529 418 3668 477; x_wconf 75' lang='lat' dir='ltr'>i533</span> 
     </span>
    </p>
   </div>
   <div class='ocr_carea' id='block_1_4' title="bbox 498 536 2015 615">
    <p class='ocr_par' dir='ltr' id='par_1_4' title="bbox 498 538 2007 613">
     <span class='ocr_line' id='line_1_4' title="bbox 498 538 2007 613; baseline -0.001 -19"><span class='ocrx_word' id='word_1_7' title='bbox 498 538 626 595; x_wconf 85' lang='lat' dir='ltr'><strong>Maii</strong></span> <span class='ocrx_word' id='word_1_8' title='bbox 657 555 770 605; x_wconf 74' lang='lat' dir='ltr'>nx,</span> <span class='ocrx_word' id='word_1_9' title='bbox 810 539 1024 613; x_wconf 80' lang='lat' dir='ltr'>Hyades</span> <span class='ocrx_word' id='word_1_10' title='bbox 1074 556 1236 598; x_wconf 89' lang='lat' dir='ltr'><strong>mane</strong></span> <span class='ocrx_word' id='word_1_11' title='bbox 1286 550 1569 613; x_wconf 79' lang='lat' dir='ltr'>apparent,</span> <span class='ocrx_word' id='word_1_12' title='bbox 1615 550 1670 596; x_wconf 89' lang='lat' dir='ltr'>et</span> <span class='ocrx_word' id='word_1_13' title='bbox 1704 556 1800 597; x_wconf 87' lang='lat' dir='ltr'>aer</span> <span class='ocrx_word' id='word_1_14' title='bbox 1848 538 2007 594; x_wconf 82' lang='lat' dir='ltr'><strong>valde</strong></span> 
     </span>
    </p>
   </div>
   <div class='ocr_carea' id='block_1_5' title="bbox 2110 536 3673 615">
    <p class='ocr_par' dir='ltr' id='par_1_5' title="bbox 2172 536 3673 615">
     <span class='ocr_line' id='line_1_5' title="bbox 2172 536 3673 615; baseline -0.003 -21"><span class='ocrx_word' id='word_1_15' title='bbox 2172 542 2317 611; x_wconf 90' lang='grc' dir='ltr'>Μηνὶ</span> <span class='ocrx_word' id='word_1_16' title='bbox 2344 540 2505 615; x_wconf 75' lang='grc' dir='ltr'>Μαΐῳ</span> <span class='ocrx_word' id='word_1_17' title='bbox 2528 542 2592 597; x_wconf 87' lang='grc' dir='ltr'>ιθ¹</span> <span class='ocrx_word' id='word_1_18' title='bbox 2626 542 2813 606; x_wconf 85' lang='grc' dir='ltr'>’Υάδες</span> <span class='ocrx_word' id='word_1_19' title='bbox 2834 539 2965 612; x_wconf 85' lang='grc' dir='ltr'>ἑῷαι</span> <span class='ocrx_word' id='word_1_20' title='bbox 2999 540 3297 611; x_wconf 84' lang='grc' dir='ltr'>φαίνονται,</span> <span class='ocrx_word' id='word_1_21' title='bbox 3325 538 3417 593; x_wconf 85' lang='grc' dir='ltr'>καὶ</span> <span class='ocrx_word' id='word_1_22' title='bbox 3437 536 3673 592; x_wconf 78' lang='grc' dir='ltr'>ἀλλοιοῦ-</span> 
     </span>
    </p>
   </div>
   <div class='ocr_carea' id='block_1_6' title="bbox 430 631 1786 704">
    <p class='ocr_par' dir='ltr' id='par_1_6' title="bbox 430 631 1786 704">
     <span class='ocr_line' id='line_1_6' title="bbox 430 631 1786 704; baseline 0.003 -20"><span class='ocrx_word' id='word_1_23' title='bbox 430 631 695 691; x_wconf 81' lang='lat' dir='ltr'><strong>alteratur</strong></span> <span class='ocrx_word' id='word_1_24' title='bbox 718 631 912 702; x_wconf 86' lang='lat' dir='ltr'><strong>pridie.</strong></span> <span class='ocrx_word' id='word_1_25' title='bbox 940 640 1036 688; x_wconf 86' lang='lat' dir='ltr'>aut</span> <span class='ocrx_word' id='word_1_26' title='bbox 1065 633 1265 689; x_wconf 88' lang='lat' dir='ltr'><strong>nudius</strong></span> <span class='ocrx_word' id='word_1_27' title='bbox 1288 634 1482 689; x_wconf 86' lang='lat' dir='ltr'><strong>tertius</strong></span> <span class='ocrx_word' id='word_1_28' title='bbox 1515 633 1636 704; x_wconf 85' lang='lat' dir='ltr'><strong>ejus</strong></span> <span class='ocrx_word' id='word_1_29' title='bbox 1658 633 1786 689; x_wconf 90' lang='lat' dir='ltr'><strong>diei.</strong></span> 
     </span>
    </p>
   </div>
   <div class='ocr_carea' id='block_1_7' title="bbox 505 722 1997 798">
    <p class='ocr_par' dir='ltr' id='par_1_7' title="bbox 505 722 1997 798">
     <span class='ocr_line' id='line_1_7' title="bbox 505 722 1997 798; baseline 0.003 -23"><span class='ocrx_word' id='word_1_30' title='bbox 505 723 629 777; x_wconf 86' lang='lat' dir='ltr'><strong>Maii</strong></span> <span class='ocrx_word' id='word_1_31' title='bbox 673 738 802 777; x_wconf 77' lang='lat' dir='ltr'><strong>xxiv</strong></span> <span class='ocrx_word' id='word_1_32' title='bbox 833 722 1010 798; x_wconf 85' lang='lat' dir='ltr'><strong>Capra</strong></span> <span class='ocrx_word' id='word_1_33' title='bbox 1041 725 1255 796; x_wconf 86' lang='lat' dir='ltr'>vesperi</span> <span class='ocrx_word' id='word_1_34' title='bbox 1307 726 1659 790; x_wconf 75' lang='lat' dir='ltr'>occultatur;</span> <span class='ocrx_word' id='word_1_35' title='bbox 1687 732 1745 782; x_wconf 89' lang='lat' dir='ltr'><strong>et</strong></span> <span class='ocrx_word' id='word_1_36' title='bbox 1793 725 1997 793; x_wconf 78' lang='lat' dir='ltr'><strong>nudius</strong></span> 
     </span>
    </p>
   </div>
   <div class='ocr_carea' id='block_1_8' title="bbox 434 810 1340 882">
    <p class='ocr_par' dir='ltr' id='par_1_8' title="bbox 434 810 1340 882">
     <span class='ocr_line' id='line_1_8' title="bbox 434 810 1340 882; baseline 0.006 -17"><span class='ocrx_word' id='word_1_37' title='bbox 434 810 629 876; x_wconf 79' lang='lat' dir='ltr'><strong>tertius</strong></span> <span class='ocrx_word' id='word_1_38' title='bbox 654 811 775 882; x_wconf 85' lang='lat' dir='ltr'>ejus</span> <span class='ocrx_word' id='word_1_39' title='bbox 805 812 911 868; x_wconf 88' lang='lat' dir='ltr'><strong>diei</strong></span> <span class='ocrx_word' id='word_1_40' title='bbox 944 828 1038 868; x_wconf 89' lang='lat' dir='ltr'>aer</span> <span class='ocrx_word' id='word_1_41' title='bbox 1067 822 1340 870; x_wconf 75' lang='lat' dir='ltr'>movetur.</span> 
     </span>
    </p>
   </div>
   <div class='ocr_carea' id='block_1_9' title="bbox 502 902 1873 979">
    <p class='ocr_par' dir='ltr' id='par_1_9' title="bbox 502 902 1873 979">
     <span class='ocr_line' id='line_1_9' title="bbox 502 902 1873 979; baseline 0.004 -22"><span class='ocrx_word' id='word_1_42' title='bbox 502 902 704 960; x_wconf 82' lang='lat' dir='ltr'>Mensis</span> <span class='ocrx_word' id='word_1_43' title='bbox 730 903 879 960; x_wconf 81' lang='lat' dir='ltr'><strong>Junii</strong></span> <span class='ocrx_word' id='word_1_44' title='bbox 921 905 1184 970; x_wconf 90' lang='lat' dir='ltr'><strong>secunda,</strong></span> <span class='ocrx_word' id='word_1_45' title='bbox 1211 906 1407 976; x_wconf 84' lang='lat' dir='ltr'><strong>Aquila</strong></span> <span class='ocrx_word' id='word_1_46' title='bbox 1435 906 1646 979; x_wconf 76' lang='lat' dir='ltr'>vesperi</span> <span class='ocrx_word' id='word_1_47' title='bbox 1675 906 1873 967; x_wconf 87' lang='lat' dir='ltr'><strong>oritur.</strong></span> 
     </span>
    </p>
   </div>
   <div class='ocr_carea' id='block_1_10' title="bbox 500 989 1807 1060">
    <p class='ocr_par' dir='ltr' id='par_1_10' title="bbox 500 989 1807 1060">
     <span class='ocr_line' id='line_1_10' title="bbox 500 989 1807 1060; baseline 0.008 -18"><span class='ocrx_word' id='word_1_48' title='bbox 500 989 705 1046; x_wconf 84' lang='lat' dir='ltr'>Mensis</span> <span class='ocrx_word' id='word_1_49' title='bbox 732 990 975 1060; x_wconf 80' lang='lat' dir='ltr'>ejusdem</span> <span class='ocrx_word' id='word_1_50' title='bbox 1001 1008 1057 1047; x_wconf 83' lang='lat' dir='ltr'><strong>vt</strong></span> <span class='ocrx_word' id='word_1_51' title='bbox 1093 992 1360 1050; x_wconf 86' lang='lat' dir='ltr'><strong>Arcturus</strong></span> <span class='ocrx_word' id='word_1_52' title='bbox 1386 1011 1549 1050; x_wconf 89' lang='lat' dir='ltr'><strong>mane</strong></span> <span class='ocrx_word' id='word_1_53' title='bbox 1584 996 1807 1057; x_wconf 81' lang='lat' dir='ltr'><strong>occidit.</strong></span> 
     </span>
    </p>
   </div>
   <div class='ocr_carea' id='block_1_11' title="bbox 501 1080 1801 1157">
    <p class='ocr_par' dir='ltr' id='par_1_11' title="bbox 501 1080 1801 1157">
     <span class='ocr_line' id='line_1_11' title="bbox 501 1080 1801 1157; baseline 0.006 -23"><span class='ocrx_word' id='word_1_54' title='bbox 501 1080 704 1136; x_wconf 83' lang='lat' dir='ltr'><strong>Mensis</strong></span> <span class='ocrx_word' id='word_1_55' title='bbox 728 1083 974 1152; x_wconf 87' lang='lat' dir='ltr'><strong>ejusdem</strong></span> <span class='ocrx_word' id='word_1_56' title='bbox 1003 1099 1062 1146; x_wconf 64' lang='lat' dir='ltr'><strong>ix</strong></span> <span class='ocrx_word' id='word_1_57' title='bbox 1095 1084 1322 1156; x_wconf 86' lang='lat' dir='ltr'><strong>Delphin</strong></span> <span class='ocrx_word' id='word_1_58' title='bbox 1350 1101 1579 1157; x_wconf 87' lang='lat' dir='ltr'><strong>vespere</strong></span> <span class='ocrx_word' id='word_1_59' title='bbox 1606 1088 1801 1142; x_wconf 91' lang='lat' dir='ltr'><strong>oritur.</strong></span> 
     </span>
    </p>
   </div>
   <div class='ocr_carea' id='block_1_12' title="bbox 502 1171 2003 1249">
    <p class='ocr_par' dir='ltr' id='par_1_12' title="bbox 502 1171 2003 1249">
     <span class='ocr_line' id='line_1_12' title="bbox 502 1171 2003 1249; baseline 0.005 -22"><span class='ocrx_word' id='word_1_60' title='bbox 502 1171 772 1231; x_wconf 79' lang='lat' dir='ltr'><strong>Vicesima</strong></span> <span class='ocrx_word' id='word_1_61' title='bbox 801 1175 992 1244; x_wconf 83' lang='lat' dir='ltr'><strong>quinta</strong></span> <span class='ocrx_word' id='word_1_62' title='bbox 1027 1175 1196 1239; x_wconf 81' lang='lat' dir='ltr'><strong>Orion</strong></span> <span class='ocrx_word' id='word_1_63' title='bbox 1231 1194 1391 1233; x_wconf 88' lang='lat' dir='ltr'><strong>mane</strong></span> <span class='ocrx_word' id='word_1_64' title='bbox 1438 1178 1572 1233; x_wconf 88' lang='lat' dir='ltr'><strong>oriri</strong></span> <span class='ocrx_word' id='word_1_65' title='bbox 1614 1179 1826 1249; x_wconf 89' lang='lat' dir='ltr'><strong>incipit.</strong></span> <span class='ocrx_word' id='word_1_66' title='bbox 1861 1179 2003 1241; x_wconf 83' lang='lat' dir='ltr'><strong>Sunt</strong></span> 
     </span>
    </p>
   </div>
   <div class='ocr_carea' id='block_1_13' title="bbox 433 1265 1999 1335">
    <p class='ocr_par' dir='ltr' id='par_1_13' title="bbox 433 1265 1999 1335">
     <span class='ocr_line' id='line_1_13' title="bbox 433 1265 1999 1335; baseline 0.006 -18"><span class='ocrx_word' id='word_1_67' title='bbox 433 1272 612 1317; x_wconf 79' lang='lat' dir='ltr'><strong>autem</strong></span> <span class='ocrx_word' id='word_1_68' title='bbox 647 1265 885 1320; x_wconf 90' lang='lat' dir='ltr'><strong>solstitia</strong></span> <span class='ocrx_word' id='word_1_69' title='bbox 930 1267 1141 1335; x_wconf 75' lang='lat' dir='ltr'><strong>aestiva,</strong></span> <span class='ocrx_word' id='word_1_70' title='bbox 1168 1277 1223 1324; x_wconf 90' lang='lat' dir='ltr'>et</span> <span class='ocrx_word' id='word_1_71' title='bbox 1263 1285 1358 1324; x_wconf 92' lang='lat' dir='ltr'>aer</span> <span class='ocrx_word' id='word_1_72' title='bbox 1390 1270 1569 1326; x_wconf 86' lang='lat' dir='ltr'><strong>tribus</strong></span> <span class='ocrx_word' id='word_1_73' title='bbox 1614 1270 1806 1326; x_wconf 86' lang='lat' dir='ltr'><strong>diebus</strong></span> <span class='ocrx_word' id='word_1_74' title='bbox 1840 1280 1999 1328; x_wconf 82' lang='lat' dir='ltr'><strong>antea</strong></span> 
     </span>
    </p>
   </div>
   <div class='ocr_carea' id='block_1_14' title="bbox 430 1355 907 1412">
    <p class='ocr_par' dir='ltr' id='par_1_14' title="bbox 430 1355 907 1412">
     <span class='ocr_line' id='line_1_14' title="bbox 430 1355 907 1412; baseline 0.002 -2"><span class='ocrx_word' id='word_1_75' title='bbox 430 1355 584 1411; x_wconf 81' lang='lat' dir='ltr'><strong>valde</strong></span> <span class='ocrx_word' id='word_1_76' title='bbox 609 1356 907 1412; x_wconf 84' lang='lat' dir='ltr'><strong>alteratur.‘</strong></span> 
     </span>
    </p>
   </div>
   <div class='ocr_carea' id='block_1_15' title="bbox 501 1447 1652 1512">
    <p class='ocr_par' dir='ltr' id='par_1_15' title="bbox 501 1447 1652 1512">
     <span class='ocr_line' id='line_1_15' title="bbox 501 1447 1652 1512; baseline 0.009 -10"><span class='ocrx_word' id='word_1_77' title='bbox 501 1447 702 1505; x_wconf 85' lang='lat' dir='ltr'><strong>Mensis</strong></span> <span class='ocrx_word' id='word_1_78' title='bbox 735 1449 866 1505; x_wconf 86' lang='lat' dir='ltr'><strong>Julii</strong></span> <span class='ocrx_word' id='word_1_79' title='bbox 895 1452 1057 1507; x_wconf 90' lang='lat' dir='ltr'><strong>tertio</strong></span> <span class='ocrx_word' id='word_1_80' title='bbox 1083 1451 1252 1509; x_wconf 88' lang='lat' dir='ltr'><strong>Orion</strong></span> <span class='ocrx_word' id='word_1_81' title='bbox 1276 1461 1424 1512; x_wconf 88' lang='lat' dir='ltr'><strong>totus</strong></span> <span class='ocrx_word' id='word_1_82' title='bbox 1454 1456 1652 1512; x_wconf 91' lang='lat' dir='ltr'><strong>oritur.</strong></span> 
     </span>
    </p>
   </div>
   <div class='ocr_carea' id='block_1_16' title="bbox 466 1537 1638 1615">
    <p class='ocr_par' dir='ltr' id='par_1_16' title="bbox 466 1537 1638 1615">
     <span class='ocr_line' id='line_1_16' title="bbox 466 1537 1638 1615; baseline 0.009 -23"><span class='ocrx_word' id='word_1_83' title='bbox 466 1598 471 1604; x_wconf 60' lang='grc'>,</span> <span class='ocrx_word' id='word_1_84' title='bbox 504 1537 728 1594; x_wconf 90' lang='lat' dir='ltr'><strong>Decima</strong></span> <span class='ocrx_word' id='word_1_85' title='bbox 755 1548 952 1611; x_wconf 89' lang='lat' dir='ltr'><strong>quarta</strong></span> <span class='ocrx_word' id='word_1_86' title='bbox 984 1540 1229 1615; x_wconf 81' lang='lat' dir='ltr'><strong>Procyon</strong></span> <span class='ocrx_word' id='word_1_87' title='bbox 1260 1560 1420 1599; x_wconf 90' lang='lat' dir='ltr'><strong>mane</strong></span> <span class='ocrx_word' id='word_1_88' title='bbox 1441 1546 1638 1604; x_wconf 90' lang='lat' dir='ltr'><strong>oritur.</strong></span> 
     </span>
    </p>
   </div>
   <div class='ocr_carea' id='block_1_17' title="bbox 504 1629 2003 1710">
    <p class='ocr_par' dir='ltr' id='par_1_17' title="bbox 504 1629 2003 1710">
     <span class='ocr_line' id='line_1_17' title="bbox 504 1629 2003 1710; baseline 0.007 -27"><span class='ocrx_word' id='word_1_89' title='bbox 504 1629 723 1686; x_wconf 85' lang='lat' dir='ltr'><strong>Decima</strong></span> <span class='ocrx_word' id='word_1_90' title='bbox 771 1647 915 1686; x_wconf 89' lang='lat' dir='ltr'><strong>nona</strong></span> <span class='ocrx_word' id='word_1_91' title='bbox 956 1632 1122 1690; x_wconf 87' lang='lat' dir='ltr'><strong>Canis</strong></span> <span class='ocrx_word' id='word_1_92' title='bbox 1176 1650 1337 1691; x_wconf 90' lang='lat' dir='ltr'><strong>mane</strong></span> <span class='ocrx_word' id='word_1_93' title='bbox 1386 1638 1599 1699; x_wconf 89' lang='lat' dir='ltr'><strong>oritur;</strong></span> <span class='ocrx_word' id='word_1_94' title='bbox 1649 1648 1703 1694; x_wconf 89' lang='lat' dir='ltr'>et</span> <span class='ocrx_word' id='word_1_95' title='bbox 1735 1640 2003 1710; x_wconf 75' lang='lat' dir='ltr'><strong>contingit</strong></span> 
     </span>
    </p>
   </div>
   <div class='ocr_carea' id='block_1_18' title="bbox 430 1724 1998 1798">
    <p class='ocr_par' dir='ltr' id='par_1_18' title="bbox 430 1724 1998 1798">
     <span class='ocr_line' id='line_1_18' title="bbox 430 1724 1998 1798; baseline 0.009 -21"><span class='ocrx_word' id='word_1_96' title='bbox 430 1724 666 1778; x_wconf 77' lang='lat' dir='ltr'><strong>maxima</strong></span> <span class='ocrx_word' id='word_1_97' title='bbox 714 1725 856 1780; x_wconf 87' lang='lat' dir='ltr'><strong>aeris</strong></span> <span class='ocrx_word' id='word_1_98' title='bbox 905 1726 1182 1795; x_wconf 82' lang='lat' dir='ltr'><strong>turbatio;</strong></span> <span class='ocrx_word' id='word_1_99' title='bbox 1240 1728 1538 1798; x_wconf 86' lang='lat' dir='ltr'><strong>aliquando</strong></span> <span class='ocrx_word' id='word_1_100' title='bbox 1573 1731 1737 1787; x_wconf 89' lang='lat' dir='ltr'><strong>etiam</strong></span> <span class='ocrx_word' id='word_1_101' title='bbox 1792 1733 1998 1791; x_wconf 89' lang='lat' dir='ltr'><strong>nudius</strong></span> 
     </span>
    </p>
   </div>
   <div class='ocr_carea' id='block_1_19' title="bbox 432 1816 930 1886">
    <p class='ocr_par' dir='ltr' id='par_1_19' title="bbox 432 1816 930 1886">
     <span class='ocr_line' id='line_1_19' title="bbox 432 1816 930 1886; baseline 0.006 -15"><span class='ocrx_word' id='word_1_102' title='bbox 432 1817 626 1872; x_wconf 83' lang='lat' dir='ltr'><strong>tertius</strong></span> <span class='ocrx_word' id='word_1_103' title='bbox 649 1816 771 1886; x_wconf 87' lang='lat' dir='ltr'><strong>ejus</strong></span> <span class='ocrx_word' id='word_1_104' title='bbox 800 1816 930 1874; x_wconf 90' lang='lat' dir='ltr'><strong>diei.</strong></span> 
     </span>
    </p>
   </div>
   <div class='ocr_carea' id='block_1_20' title="bbox 2102 628 3629 705">
    <p class='ocr_par' dir='ltr' id='par_1_20' title="bbox 2102 628 3629 705">
     <span class='ocr_line' id='line_1_20' title="bbox 2102 628 3629 705; baseline 0.001 -20"><span class='ocrx_word' id='word_1_105' title='bbox 2102 650 2193 687; x_wconf 89' lang='grc' dir='ltr'>ται</span> <span class='ocrx_word' id='word_1_106' title='bbox 2222 632 2361 687; x_wconf 82' lang='grc' dir='ltr'>πάνυ</span> <span class='ocrx_word' id='word_1_107' title='bbox 2388 635 2417 687; x_wconf 84' lang='grc' dir='ltr'>ὁ</span> <span class='ocrx_word' id='word_1_108' title='bbox 2450 632 2557 705; x_wconf 81' lang='grc' dir='ltr'>ἀὴρ</span> <span class='ocrx_word' id='word_1_109' title='bbox 2580 632 2687 705; x_wconf 79' lang='grc' dir='ltr'>πρὸ</span> <span class='ocrx_word' id='word_1_110' title='bbox 2715 633 2844 702; x_wconf 80' lang='grc' dir='ltr'>μιᾶς</span> <span class='ocrx_word' id='word_1_111' title='bbox 2862 631 2895 702; x_wconf 89' lang='grc' dir='ltr'><strong>ῆ</strong></span> <span class='ocrx_word' id='word_1_112' title='bbox 2916 631 3010 685; x_wconf 88' lang='grc' dir='ltr'>δύο</span> <span class='ocrx_word' id='word_1_113' title='bbox 3035 628 3281 702; x_wconf 76' lang='grc' dir='ltr'>ἡμερῶν.</span> <span class='ocrx_word' id='word_1_114' title='bbox 3624 664 3629 669; x_wconf 90' lang='grc'><strong>-</strong></span> 
     </span>
    </p>
   </div>
   <div class='ocr_carea' id='block_1_21' title="bbox 2169 718 3677 798">
    <p class='ocr_par' dir='ltr' id='par_1_21' title="bbox 2169 718 3677 798">
     <span class='ocr_line' id='line_1_21' title="bbox 2169 718 3677 798; baseline -0.001 -18"><span class='ocrx_word' id='word_1_115' title='bbox 2169 726 2316 797; x_wconf 88' lang='grc' dir='ltr'>Μηνὶ</span> <span class='ocrx_word' id='word_1_116' title='bbox 2351 726 2431 798; x_wconf 84' lang='grc' dir='ltr'>τῷ</span> <span class='ocrx_word' id='word_1_117' title='bbox 2471 726 2619 797; x_wconf 78' lang='grc' dir='ltr'>αὐτῷ</span> <span class='ocrx_word' id='word_1_118' title='bbox 2651 725 2727 780; x_wconf 84' lang='grc' dir='ltr'>κδ’</span> <span class='ocrx_word' id='word_1_119' title='bbox 2756 723 2855 790; x_wconf 80' lang='grc' dir='ltr'>Αἲξ</span> <span class='ocrx_word' id='word_1_120' title='bbox 2891 725 3143 796; x_wconf 75' lang='grc' dir='ltr'>ἑσπέριος</span> <span class='ocrx_word' id='word_1_121' title='bbox 3196 721 3494 796; x_wconf 71' lang='grc' dir='ltr'>κρύπτεται</span> <span class='ocrx_word' id='word_1_122' title='bbox 3516 737 3532 752; x_wconf 84' lang='grc'>⁶</span> <span class='ocrx_word' id='word_1_123' title='bbox 3575 718 3677 778; x_wconf 74' lang='grc' dir='ltr'>καὶ</span> 
     </span>
    </p>
   </div>
   <div class='ocr_carea' id='block_1_22' title="bbox 2102 814 3036 887">
    <p class='ocr_par' dir='ltr' id='par_1_22' title="bbox 2102 814 3036 887">
     <span class='ocr_line' id='line_1_22' title="bbox 2102 814 3036 887; baseline -0.005 -14"><span class='ocrx_word' id='word_1_124' title='bbox 2102 819 2331 874; x_wconf 72' lang='grc' dir='ltr'>κινεῖται</span> <span class='ocrx_word' id='word_1_125' title='bbox 2358 818 2388 870; x_wconf 86' lang='grc' dir='ltr'><strong>ὁ</strong></span> <span class='ocrx_word' id='word_1_126' title='bbox 2411 816 2519 887; x_wconf 77' lang='grc' dir='ltr'>ἀὴρ</span> <span class='ocrx_word' id='word_1_127' title='bbox 2550 815 2656 887; x_wconf 81' lang='grc' dir='ltr'>πρὸ</span> <span class='ocrx_word' id='word_1_128' title='bbox 2682 814 2775 870; x_wconf 90' lang='grc' dir='ltr'>δύο</span> <span class='ocrx_word' id='word_1_129' title='bbox 2797 814 3036 886; x_wconf 79' lang='grc' dir='ltr'>ἡμερῶν.</span> 
     </span>
    </p>
   </div>
   <div class='ocr_carea' id='block_1_23' title="bbox 2171 902 3442 979">
    <p class='ocr_par' dir='ltr' id='par_1_23' title="bbox 2171 902 3442 979">
     <span class='ocr_line' id='line_1_23' title="bbox 2171 902 3442 979; baseline -0.002 -18"><span class='ocrx_word' id='word_1_130' title='bbox 2171 908 2318 979; x_wconf 90' lang='grc' dir='ltr'>Μηνὶ</span> <span class='ocrx_word' id='word_1_131' title='bbox 2354 906 2556 978; x_wconf 81' lang='grc' dir='ltr'>’ῐουνίῳ</span> <span class='ocrx_word' id='word_1_132' title='bbox 2585 906 2628 977; x_wconf 85' lang='grc' dir='ltr'>β’</span> <span class='ocrx_word' id='word_1_133' title='bbox 2670 906 2850 969; x_wconf 84' lang='grc' dir='ltr'>Ἀετὸς</span> <span class='ocrx_word' id='word_1_134' title='bbox 2875 905 3127 978; x_wconf 79' lang='grc' dir='ltr'>ἑσπέριος</span> <span class='ocrx_word' id='word_1_135' title='bbox 3156 902 3442 958; x_wconf 74' lang='grc' dir='ltr'>ἐπιτέλλει.</span> 
     </span>
    </p>
   </div>
   <div class='ocr_carea' id='block_1_24' title="bbox 2172 993 3409 1069">
    <p class='ocr_par' dir='ltr' id='par_1_24' title="bbox 2172 993 3409 1069">
     <span class='ocr_line' id='line_1_24' title="bbox 2172 993 3409 1069; baseline -0.005 -16"><span class='ocrx_word' id='word_1_136' title='bbox 2172 999 2319 1069; x_wconf 97' lang='grc' dir='ltr'>Μηνὶ</span> <span class='ocrx_word' id='word_1_137' title='bbox 2350 998 2430 1069; x_wconf 82' lang='grc' dir='ltr'>τῷ</span> <span class='ocrx_word' id='word_1_138' title='bbox 2460 997 2611 1068; x_wconf 83' lang='grc' dir='ltr'>αὐτῷ</span> <span class='ocrx_word' id='word_1_139' title='bbox 2641 1003 2693 1061; x_wconf 82' lang='grc' dir='ltr'>ς’</span> <span class='ocrx_word' id='word_1_140' title='bbox 2739 995 3059 1069; x_wconf 78' lang='grc' dir='ltr'>Ἀρκτοῦρος</span> <span class='ocrx_word' id='word_1_141' title='bbox 3087 994 3219 1064; x_wconf 86' lang='grc' dir='ltr'>ἑῷος</span> <span class='ocrx_word' id='word_1_142' title='bbox 3243 993 3409 1048; x_wconf 80' lang='grc' dir='ltr'>δύνει.</span> 
     </span>
    </p>
   </div>
   <div class='ocr_carea' id='block_1_25' title="bbox 2173 1083 3491 1160">
    <p class='ocr_par' dir='ltr' id='par_1_25' title="bbox 2173 1083 3491 1160">
     <span class='ocr_line' id='line_1_25' title="bbox 2173 1083 3491 1160; baseline -0.003 -16"><span class='ocrx_word' id='word_1_143' title='bbox 2173 1090 2319 1160; x_wconf 90' lang='grc' dir='ltr'>Μηνὶ</span> <span class='ocrx_word' id='word_1_144' title='bbox 2346 1087 2425 1158; x_wconf 86' lang='grc' dir='ltr'>τῷ</span> <span class='ocrx_word' id='word_1_145' title='bbox 2454 1087 2603 1159; x_wconf 79' lang='grc' dir='ltr'>αὐτῷ</span> <span class='ocrx_word' id='word_1_146' title='bbox 2637 1088 2681 1141; x_wconf 87' lang='grc' dir='ltr'>θ’</span> <span class='ocrx_word' id='word_1_147' title='bbox 2705 1086 2900 1154; x_wconf 83' lang='grc' dir='ltr'>Δελφὶς</span> <span class='ocrx_word' id='word_1_148' title='bbox 2927 1085 3177 1156; x_wconf 77' lang='grc' dir='ltr'>ἑσπέριος</span> <span class='ocrx_word' id='word_1_149' title='bbox 3203 1083 3491 1140; x_wconf 75' lang='grc' dir='ltr'>ἐπιτέλλει.</span> 
     </span>
    </p>
   </div>
   <div class='ocr_carea' id='block_1_26' title="bbox 2172 1172 3671 1253">
    <p class='ocr_par' dir='ltr' id='par_1_26' title="bbox 2172 1172 3671 1253">
     <span class='ocr_line' id='line_1_26' title="bbox 2172 1172 3671 1253; baseline -0.002 -22"><span class='ocrx_word' id='word_1_150' title='bbox 2172 1179 2318 1249; x_wconf 89' lang='grc' dir='ltr'>Μηνὶ</span> <span class='ocrx_word' id='word_1_151' title='bbox 2345 1176 2422 1249; x_wconf 89' lang='grc' dir='ltr'>τῷ</span> <span class='ocrx_word' id='word_1_152' title='bbox 2475 1175 2623 1253; x_wconf 82' lang='grc' dir='ltr'>αὐτῷ</span> <span class='ocrx_word' id='word_1_153' title='bbox 2654 1182 2733 1232; x_wconf 82' lang='grc' dir='ltr'>κε’</span> <span class='ocrx_word' id='word_1_154' title='bbox 2780 1176 2971 1248; x_wconf 84' lang='grc' dir='ltr'>Ὠρίων</span> <span class='ocrx_word' id='word_1_155' title='bbox 3020 1174 3154 1245; x_wconf 85' lang='grc' dir='ltr'>ἑῷος</span> <span class='ocrx_word' id='word_1_156' title='bbox 3192 1173 3417 1245; x_wconf 81' lang='grc' dir='ltr'>ἄρχεται</span> <span class='ocrx_word' id='word_1_157' title='bbox 3456 1172 3671 1228; x_wconf 78' lang='grc' dir='ltr'>ἐπιτέλ-</span> 
     </span>
    </p>
   </div>
   <div class='ocr_carea' id='block_1_27' title="bbox 2101 1265 3674 1341">
    <p class='ocr_par' dir='ltr' id='par_1_27' title="bbox 2101 1265 3674 1341">
     <span class='ocr_line' id='line_1_27' title="bbox 2101 1265 3674 1341; baseline -0.001 -18"><span class='ocrx_word' id='word_1_158' title='bbox 2101 1271 2234 1325; x_wconf 84' lang='grc' dir='ltr'>λειν.</span> <span class='ocrx_word' id='word_1_159' title='bbox 2265 1270 2387 1323; x_wconf 81' lang='grc' dir='ltr'>Εἰσὶ</span> <span class='ocrx_word' id='word_1_160' title='bbox 2416 1270 2473 1323; x_wconf 83' lang='grc' dir='ltr'>δέ</span> <span class='ocrx_word' id='word_1_161' title='bbox 2495 1270 2693 1341; x_wconf 89' lang='grc' dir='ltr'>τροπαὶ</span> <span class='ocrx_word' id='word_1_162' title='bbox 2716 1266 2922 1339; x_wconf 84' lang='grc' dir='ltr'>θεριναί</span> <span class='ocrx_word' id='word_1_163' title='bbox 2941 1282 2957 1297; x_wconf 84' lang='grc'>⁶</span> <span class='ocrx_word' id='word_1_164' title='bbox 3002 1268 3097 1320; x_wconf 91' lang='grc' dir='ltr'>καὶ</span> <span class='ocrx_word' id='word_1_165' title='bbox 3131 1265 3434 1321; x_wconf 81' lang='grc' dir='ltr'>ἀλλοιοῦται</span> <span class='ocrx_word' id='word_1_166' title='bbox 3465 1265 3674 1338; x_wconf 79' lang='grc' dir='ltr'>σφόδρα</span> 
     </span>
    </p>
   </div>
   <div class='ocr_carea' id='block_1_28' title="bbox 2100 1359 2861 1433">
    <p class='ocr_par' dir='ltr' id='par_1_28' title="bbox 2100 1359 2861 1433">
     <span class='ocr_line' id='line_1_28' title="bbox 2100 1359 2861 1433; baseline -0.005 -16"><span class='ocrx_word' id='word_1_167' title='bbox 2100 1364 2129 1417; x_wconf 82' lang='grc' dir='ltr'>ὀ</span> <span class='ocrx_word' id='word_1_168' title='bbox 2156 1360 2264 1433; x_wconf 84' lang='grc' dir='ltr'>ἀὴρ</span> <span class='ocrx_word' id='word_1_169' title='bbox 2290 1361 2394 1433; x_wconf 81' lang='grc' dir='ltr'>πρὸ</span> <span class='ocrx_word' id='word_1_170' title='bbox 2424 1360 2589 1433; x_wconf 86' lang='grc' dir='ltr'>τριῶν</span> <span class='ocrx_word' id='word_1_171' title='bbox 2617 1359 2861 1432; x_wconf 78' lang='grc' dir='ltr'>ἡμερῶν.</span> 
     </span>
    </p>
   </div>
   <div class='ocr_carea' id='block_1_29' title="bbox 2172 1451 3334 1531">
    <p class='ocr_par' dir='ltr' id='par_1_29' title="bbox 2172 1451 3334 1531">
     <span class='ocr_line' id='line_1_29' title="bbox 2172 1451 3334 1531; baseline 0 -25"><span class='ocrx_word' id='word_1_172' title='bbox 2172 1453 2319 1523; x_wconf 81' lang='grc' dir='ltr'>Μηνὶ</span> <span class='ocrx_word' id='word_1_173' title='bbox 2363 1451 2565 1522; x_wconf 81' lang='grc' dir='ltr'>Ἰουλίῳ</span> <span class='ocrx_word' id='word_1_174' title='bbox 2589 1458 2637 1520; x_wconf 73' lang='grc' dir='ltr'>γ’</span> <span class='ocrx_word' id='word_1_175' title='bbox 2678 1451 2868 1531; x_wconf 81' lang='grc' dir='ltr'>Ὠρίων</span> <span class='ocrx_word' id='word_1_176' title='bbox 2896 1451 3018 1517; x_wconf 86' lang='grc' dir='ltr'>ὅλος</span> <span class='ocrx_word' id='word_1_177' title='bbox 3046 1451 3334 1507; x_wconf 70' lang='grc' dir='ltr'>ἐπιτέλλει.</span> 
     </span>
    </p>
   </div>
   <div class='ocr_carea' id='block_1_30' title="bbox 2167 1541 3452 1615">
    <p class='ocr_par' dir='ltr' id='par_1_30' title="bbox 2167 1541 3452 1615">
     <span class='ocr_line' id='line_1_30' title="bbox 2167 1541 3452 1615; baseline 0.001 -18"><span class='ocrx_word' id='word_1_178' title='bbox 2167 1543 2314 1615; x_wconf 86' lang='grc' dir='ltr'>Μηνὶ</span> <span class='ocrx_word' id='word_1_179' title='bbox 2344 1542 2422 1614; x_wconf 88' lang='grc' dir='ltr'>τῷ</span> <span class='ocrx_word' id='word_1_180' title='bbox 2450 1542 2598 1614; x_wconf 77' lang='grc' dir='ltr'>αὐτῷ</span> <span class='ocrx_word' id='word_1_181' title='bbox 2630 1542 2689 1596; x_wconf 88' lang='grc' dir='ltr'>ιδ’</span> <span class='ocrx_word' id='word_1_182' title='bbox 2715 1541 2975 1615; x_wconf 89' lang='grc' dir='ltr'>Προκύων</span> <span class='ocrx_word' id='word_1_183' title='bbox 2998 1542 3131 1615; x_wconf 88' lang='grc' dir='ltr'>ἑῷος</span> <span class='ocrx_word' id='word_1_184' title='bbox 3163 1542 3452 1599; x_wconf 84' lang='grc' dir='ltr'>ἐπιτέλλει.</span> 
     </span>
    </p>
   </div>
   <div class='ocr_carea' id='block_1_31' title="bbox 2171 1634 3674 1707">
    <p class='ocr_par' dir='ltr' id='par_1_31' title="bbox 2171 1634 3674 1707">
     <span class='ocr_line' id='line_1_31' title="bbox 2171 1634 3674 1707; baseline 0.001 -19"><span class='ocrx_word' id='word_1_185' title='bbox 2171 1636 2319 1707; x_wconf 88' lang='grc' dir='ltr'>Μηνὶ</span> <span class='ocrx_word' id='word_1_186' title='bbox 2344 1634 2422 1705; x_wconf 88' lang='grc' dir='ltr'>τῷ</span> <span class='ocrx_word' id='word_1_187' title='bbox 2454 1634 2601 1707; x_wconf 84' lang='grc' dir='ltr'>αύτῷ</span> <span class='ocrx_word' id='word_1_188' title='bbox 2632 1634 2697 1688; x_wconf 79' lang='grc' dir='ltr'>ιθ¹</span> <span class='ocrx_word' id='word_1_189' title='bbox 2723 1634 2885 1692; x_wconf 82' lang='grc' dir='ltr'>Κύων</span> <span class='ocrx_word' id='word_1_190' title='bbox 2917 1635 3051 1707; x_wconf 89' lang='grc' dir='ltr'>ἑῷος</span> <span class='ocrx_word' id='word_1_191' title='bbox 3070 1636 3366 1691; x_wconf 89' lang='grc' dir='ltr'>ἐπιτέλλει·</span> <span class='ocrx_word' id='word_1_192' title='bbox 3403 1636 3496 1691; x_wconf 87' lang='grc' dir='ltr'>καὶ</span> <span class='ocrx_word' id='word_1_193' title='bbox 3524 1638 3674 1705; x_wconf 86' lang='grc' dir='ltr'>γίνε-</span> 
     </span>
    </p>
   </div>
   <div class='ocr_carea' id='block_1_32' title="bbox 2101 1724 3674 1798">
    <p class='ocr_par' dir='ltr' id='par_1_32' title="bbox 2101 1724 3674 1798">
     <span class='ocr_line' id='line_1_32' title="bbox 2101 1724 3674 1798; baseline 0.001 -20"><span class='ocrx_word' id='word_1_194' title='bbox 2101 1741 2191 1778; x_wconf 89' lang='grc' dir='ltr'>ται</span> <span class='ocrx_word' id='word_1_195' title='bbox 2236 1725 2467 1797; x_wconf 80' lang='grc' dir='ltr'>μεγίστη</span> <span class='ocrx_word' id='word_1_196' title='bbox 2498 1724 2589 1780; x_wconf 84' lang='grc' dir='ltr'>τοῦ</span> <span class='ocrx_word' id='word_1_197' title='bbox 2615 1725 2775 1798; x_wconf 82' lang='grc' dir='ltr'>ἀέρος</span> <span class='ocrx_word' id='word_1_198' title='bbox 2826 1725 3059 1798; x_wconf 83' lang='grc' dir='ltr'>ταραχὴ,</span> <span class='ocrx_word' id='word_1_199' title='bbox 3091 1726 3265 1780; x_wconf 81' lang='grc' dir='ltr'>ἐνίοτε</span> <span class='ocrx_word' id='word_1_200' title='bbox 3299 1727 3394 1780; x_wconf 85' lang='grc' dir='ltr'>καὶ</span> <span class='ocrx_word' id='word_1_201' title='bbox 3435 1725 3540 1798; x_wconf 78' lang='grc' dir='ltr'>πρὸ</span> <span class='ocrx_word' id='word_1_202' title='bbox 3577 1725 3674 1780; x_wconf 86' lang='grc' dir='ltr'>δύο</span> 
     </span>
    </p>
   </div>
   <div class='ocr_carea' id='block_1_33' title="bbox 2100 1817 2342 1889">
    <p class='ocr_par' dir='ltr' id='par_1_33' title="bbox 2100 1817 2342 1889">
     <span class='ocr_line' id='line_1_33' title="bbox 2100 1817 2342 1889; baseline 0.008 -1"><span class='ocrx_word' id='word_1_203' title='bbox 2100 1817 2342 1889; x_wconf 79' lang='grc' dir='ltr'>ἡμερῶν-</span> 
     </span>
    </p>
   </div>
   <div class='ocr_carea' id='block_1_34' title="bbox 502 1876 2015 1983">
    <p class='ocr_par' dir='ltr' id='par_1_34' title="bbox 502 1876 2002 1983">
     <span class='ocr_line' id='line_1_34' title="bbox 502 1876 2002 1983; baseline 0.006 -22"><span class='ocrx_word' id='word_1_204' title='bbox 502 1876 779 1964; x_wconf 72' lang='lat' dir='ltr'><strong>Vicesima</strong></span> <span class='ocrx_word' id='word_1_205' title='bbox 809 1909 1003 1979; x_wconf 91' lang='lat' dir='ltr'><strong>quinta</strong></span> <span class='ocrx_word' id='word_1_206' title='bbox 1029 1909 1230 1981; x_wconf 83' lang='lat' dir='ltr'><strong>Aquila</strong></span> <span class='ocrx_word' id='word_1_207' title='bbox 1273 1925 1434 1968; x_wconf 85' lang='lat' dir='ltr'><strong>mane</strong></span> <span class='ocrx_word' id='word_1_208' title='bbox 1468 1912 1703 1983; x_wconf 84' lang='lat' dir='ltr'><strong>occidit;</strong></span> <span class='ocrx_word' id='word_1_209' title='bbox 1749 1923 2002 1972; x_wconf 79' lang='lat' dir='ltr'><strong>movetur</strong></span> 
     </span>
    </p>
   </div>
   <div class='ocr_carea' id='block_1_35' title="bbox 2110 1876 3676 1983">
    <p class='ocr_par' dir='ltr' id='par_1_35' title="bbox 2121 1876 3676 1981">
     <span class='ocr_line' id='line_1_35' title="bbox 2121 1876 3676 1981; baseline 0.001 -19"><span class='ocrx_word' id='word_1_210' title='bbox 2121 1876 2318 1980; x_wconf 46' lang='grc' dir='ltr'>’.Μηνὶ</span> <span class='ocrx_word' id='word_1_211' title='bbox 2341 1906 2419 1980; x_wconf 87' lang='grc' dir='ltr'>τῷ</span> <span class='ocrx_word' id='word_1_212' title='bbox 2437 1908 2585 1981; x_wconf 86' lang='grc' dir='ltr'>αὐτῷ</span> <span class='ocrx_word' id='word_1_213' title='bbox 2611 1915 2689 1963; x_wconf 78' lang='grc' dir='ltr'>κε’</span> <span class='ocrx_word' id='word_1_214' title='bbox 2725 1908 2905 1974; x_wconf 78' lang='grc' dir='ltr'>Ἀετὸς</span> <span class='ocrx_word' id='word_1_215' title='bbox 2932 1909 3065 1981; x_wconf 83' lang='grc' dir='ltr'>ἑῷος</span> <span class='ocrx_word' id='word_1_216' title='bbox 3091 1909 3237 1965; x_wconf 85' lang='grc' dir='ltr'>δύνει</span> <span class='ocrx_word' id='word_1_217' title='bbox 3254 1923 3269 1939; x_wconf 91' lang='grc'><strong>·</strong></span> <span class='ocrx_word' id='word_1_218' title='bbox 3298 1911 3525 1963; x_wconf 79' lang='grc' dir='ltr'>κινεῖται</span> <span class='ocrx_word' id='word_1_219' title='bbox 3559 1908 3617 1963; x_wconf 89' lang='grc' dir='ltr'>δέ</span> <span class='ocrx_word' id='word_1_220' title='bbox 3642 1911 3676 1964; x_wconf 84' lang='grc' dir='ltr'>δ</span> 
     </span>
    </p>
   </div>
   <div class='ocr_carea' id='block_1_36' title="bbox 432 2001 1197 2061">
    <p class='ocr_par' dir='ltr' id='par_1_36' title="bbox 432 2001 1197 2061">
     <span class='ocr_line' id='line_1_36' title="bbox 432 2001 1197 2061; baseline 0.001 -6"><span class='ocrx_word' id='word_1_221' title='bbox 432 2006 613 2061; x_wconf 65' lang='lat' dir='ltr'><strong>autem</strong></span> <span class='ocrx_word' id='word_1_222' title='bbox 645 2014 739 2055; x_wconf 90' lang='lat' dir='ltr'>aer</span> <span class='ocrx_word' id='word_1_223' title='bbox 770 2010 894 2057; x_wconf 89' lang='lat' dir='ltr'><strong>ante</strong></span> <span class='ocrx_word' id='word_1_224' title='bbox 932 2001 1197 2057; x_wconf 88' lang='lat' dir='ltr'><strong>triduum.</strong></span> 
     </span>
    </p>
   </div>
   <div class='ocr_carea' id='block_1_37' title="bbox 506 2090 1686 2166">
    <p class='ocr_par' dir='ltr' id='par_1_37' title="bbox 506 2090 1686 2166">
     <span class='ocr_line' id='line_1_37' title="bbox 506 2090 1686 2166; baseline 0.006 -21"><span class='ocrx_word' id='word_1_225' title='bbox 506 2090 711 2148; x_wconf 82' lang='lat' dir='ltr'><strong>Mensis</strong></span> <span class='ocrx_word' id='word_1_226' title='bbox 738 2092 969 2164; x_wconf 79' lang='lat' dir='ltr'><strong>Augusti</strong></span> <span class='ocrx_word' id='word_1_227' title='bbox 1007 2108 1076 2147; x_wconf 80' lang='lat' dir='ltr'>xv</span> <span class='ocrx_word' id='word_1_228' title='bbox 1110 2092 1251 2166; x_wconf 81' lang='lat' dir='ltr'><strong>Lyra</strong></span> <span class='ocrx_word' id='word_1_229' title='bbox 1280 2109 1442 2151; x_wconf 83' lang='lat' dir='ltr'><strong>mane</strong></span> <span class='ocrx_word' id='word_1_230' title='bbox 1466 2096 1686 2152; x_wconf 89' lang='lat' dir='ltr'><strong>occidit.</strong></span> 
     </span>
    </p>
   </div>
   <div class='ocr_carea' id='block_1_38' title="bbox 507 2182 2007 2258">
    <p class='ocr_par' dir='ltr' id='par_1_38' title="bbox 507 2182 2007 2258">
     <span class='ocr_line' id='line_1_38' title="bbox 507 2182 2007 2258; baseline 0.003 -17"><span class='ocrx_word' id='word_1_231' title='bbox 507 2182 726 2241; x_wconf 85' lang='lat' dir='ltr'><strong>Decima</strong></span> <span class='ocrx_word' id='word_1_232' title='bbox 762 2200 908 2241; x_wconf 89' lang='lat' dir='ltr'><strong>nona</strong></span> <span class='ocrx_word' id='word_1_233' title='bbox 955 2183 1187 2255; x_wconf 89' lang='lat' dir='ltr'><strong>Delphin</strong></span> <span class='ocrx_word' id='word_1_234' title='bbox 1222 2200 1385 2243; x_wconf 82' lang='lat' dir='ltr'><strong>mane</strong></span> <span class='ocrx_word' id='word_1_235' title='bbox 1414 2187 1660 2258; x_wconf 89' lang='lat' dir='ltr'><strong>occidit;</strong></span> <span class='ocrx_word' id='word_1_236' title='bbox 1689 2195 1747 2247; x_wconf 91' lang='lat' dir='ltr'><strong>et</strong></span> <span class='ocrx_word' id='word_1_237' title='bbox 1773 2199 1858 2248; x_wconf 88' lang='lat' dir='ltr'><strong>est</strong></span> <span class='ocrx_word' id='word_1_238' title='bbox 1885 2206 2007 2256; x_wconf 84' lang='lat' dir='ltr'>mu-</span> 
     </span>
    </p>
   </div>
   <div class='ocr_carea' id='block_1_39' title="bbox 435 2274 1296 2347">
    <p class='ocr_par' dir='ltr' id='par_1_39' title="bbox 435 2274 1296 2347">
     <span class='ocr_line' id='line_1_39' title="bbox 435 2274 1296 2347; baseline 0.003 -18"><span class='ocrx_word' id='word_1_239' title='bbox 435 2275 570 2335; x_wconf 81' lang='lat' dir='ltr'><strong>tatio</strong></span> <span class='ocrx_word' id='word_1_240' title='bbox 596 2274 805 2332; x_wconf 67' lang='lat' dir='ltr'><strong>aestatis</strong></span> <span class='ocrx_word' id='word_1_241' title='bbox 826 2276 892 2331; x_wconf 89' lang='lat' dir='ltr'>ad</span> <span class='ocrx_word' id='word_1_242' title='bbox 921 2275 1296 2347; x_wconf 78' lang='lat' dir='ltr'><strong>frigiditatem.</strong></span> 
     </span>
    </p>
   </div>
   <div class='ocr_carea' id='block_1_40' title="bbox 505 2368 2007 2443">
    <p class='ocr_par' dir='ltr' id='par_1_40' title="bbox 505 2368 2007 2443">
     <span class='ocr_line' id='line_1_40' title="bbox 505 2368 2007 2443; baseline 0.008 -20"><span class='ocrx_word' id='word_1_243' title='bbox 505 2368 779 2426; x_wconf 73' lang='lat' dir='ltr'><strong>Vicesima</strong></span> <span class='ocrx_word' id='word_1_244' title='bbox 828 2378 1021 2426; x_wconf 90' lang='lat' dir='ltr'><strong>octava</strong></span> <span class='ocrx_word' id='word_1_245' title='bbox 1067 2368 1439 2427; x_wconf 81' lang='lat' dir='ltr'><strong>Vindemiator</strong></span> <span class='ocrx_word' id='word_1_246' title='bbox 1485 2376 1905 2443; x_wconf 78' lang='lat' dir='ltr'><strong>mane&#39;oritur.</strong></span> <span class='ocrx_word' id='word_1_247' title='bbox 1951 2386 2007 2437; x_wconf 92' lang='lat' dir='ltr'>et</span> 
     </span>
    </p>
   </div>
   <div class='ocr_carea' id='block_1_41' title="bbox 436 2459 2008 2541">
    <p class='ocr_par' dir='ltr' id='par_1_41' title="bbox 436 2459 2008 2541">
     <span class='ocr_line' id='line_1_41' title="bbox 436 2459 2008 2541; baseline 0.01 -28"><span class='ocrx_word' id='word_1_248' title='bbox 436 2460 615 2515; x_wconf 81' lang='lat' dir='ltr'><strong>malus</strong></span> <span class='ocrx_word' id='word_1_249' title='bbox 641 2459 807 2517; x_wconf 85' lang='lat' dir='ltr'><strong>Navis</strong></span> <span class='ocrx_word' id='word_1_250' title='bbox 839 2462 1043 2517; x_wconf 88' lang='lat' dir='ltr'><strong>occidit</strong></span> <span class='ocrx_word' id='word_1_251' title='bbox 1072 2480 1086 2516; x_wconf 90' lang='lat'>:</span> <span class='ocrx_word' id='word_1_252' title='bbox 1119 2470 1174 2518; x_wconf 91' lang='lat' dir='ltr'>et</span> <span class='ocrx_word' id='word_1_253' title='bbox 1203 2468 1288 2517; x_wconf 88' lang='lat' dir='ltr'><strong>est</strong></span> <span class='ocrx_word' id='word_1_254' title='bbox 1310 2461 1435 2521; x_wconf 79' lang='lat' dir='ltr'><strong>ﬁnis</strong></span> <span class='ocrx_word' id='word_1_255' title='bbox 1466 2465 1676 2523; x_wconf 88' lang='lat' dir='ltr'><strong>dierum</strong></span> <span class='ocrx_word' id='word_1_256' title='bbox 1702 2478 1826 2541; x_wconf 87' lang='lat' dir='ltr'><strong>post</strong></span> <span class='ocrx_word' id='word_1_257' title='bbox 1847 2486 2008 2528; x_wconf 81' lang='lat' dir='ltr'><strong>exor-</strong></span> 
     </span>
    </p>
   </div>
   <div class='ocr_carea' id='block_1_42' title="bbox 436 2548 1105 2615">
    <p class='ocr_par' dir='ltr' id='par_1_42' title="bbox 436 2548 1105 2615">
     <span class='ocr_line' id='line_1_42' title="bbox 436 2548 1105 2615; baseline 0.007 -13"><span class='ocrx_word' id='word_1_258' title='bbox 436 2556 551 2615; x_wconf 75' lang='lat' dir='ltr'><strong>tum</strong></span> <span class='ocrx_word' id='word_1_259' title='bbox 579 2548 743 2605; x_wconf 84' lang='lat' dir='ltr'><strong>Canis</strong></span> <span class='ocrx_word' id='word_1_260' title='bbox 773 2549 983 2606; x_wconf 87' lang='lat' dir='ltr'><strong>dierum</strong></span> <span class='ocrx_word' id='word_1_261' title='bbox 1014 2567 1105 2607; x_wconf 76' lang='grc' dir='ltr'>τι..</span> 
     </span>
    </p>
   </div>
   <div class='ocr_carea' id='block_1_43' title="bbox 507 2638 2005 2719">
    <p class='ocr_par' dir='ltr' id='par_1_43' title="bbox 507 2638 2005 2719">
     <span class='ocr_line' id='line_1_43' title="bbox 507 2638 2005 2719; baseline 0.009 -26"><span class='ocrx_word' id='word_1_262' title='bbox 507 2638 714 2696; x_wconf 81' lang='lat' dir='ltr'><strong>Mensis</strong></span> <span class='ocrx_word' id='word_1_263' title='bbox 746 2638 1082 2713; x_wconf 88' lang='lat' dir='ltr'><strong>Septembris</strong></span> <span class='ocrx_word' id='word_1_264' title='bbox 1108 2647 1337 2717; x_wconf 89' lang='lat' dir='ltr'><strong>septima</strong></span> <span class='ocrx_word' id='word_1_265' title='bbox 1365 2647 1545 2719; x_wconf 85' lang='lat' dir='ltr'><strong>Capra</strong></span> <span class='ocrx_word' id='word_1_266' title='bbox 1574 2649 1786 2719; x_wconf 88' lang='lat' dir='ltr'><strong>vesperi</strong></span> <span class='ocrx_word' id='word_1_267' title='bbox 1809 2650 2005 2706; x_wconf 88' lang='lat' dir='ltr'><strong>oritur.</strong></span> 
     </span>
    </p>
   </div>
   <div class='ocr_carea' id='block_1_44' title="bbox 510 2729 2008 2807">
    <p class='ocr_par' dir='ltr' id='par_1_44' title="bbox 510 2729 2008 2807">
     <span class='ocr_line' id='line_1_44' title="bbox 510 2729 2008 2807; baseline 0.009 -20"><span class='ocrx_word' id='word_1_268' title='bbox 510 2729 733 2788; x_wconf 88' lang='lat' dir='ltr'><strong>Decima</strong></span> <span class='ocrx_word' id='word_1_269' title='bbox 765 2734 997 2805; x_wconf 90' lang='lat' dir='ltr'><strong>septima</strong></span> <span class='ocrx_word' id='word_1_270' title='bbox 1034 2735 1302 2797; x_wconf 83' lang='lat' dir='ltr'><strong>Arcturus</strong></span> <span class='ocrx_word' id='word_1_271' title='bbox 1339 2740 1537 2807; x_wconf 89' lang='lat' dir='ltr'><strong>oritur,</strong></span> <span class='ocrx_word' id='word_1_272' title='bbox 1565 2746 1621 2797; x_wconf 90' lang='lat' dir='ltr'>et</span> <span class='ocrx_word' id='word_1_273' title='bbox 1647 2741 1844 2799; x_wconf 88' lang='lat' dir='ltr'><strong>alterat</strong></span> <span class='ocrx_word' id='word_1_274' title='bbox 1880 2758 2008 2800; x_wconf 79' lang='lat' dir='ltr'><strong>vero</strong></span> 
     </span>
    </p>
   </div>
   <div class='ocr_carea' id='block_1_45' title="bbox 438 2824 818 2885">
    <p class='ocr_par' dir='ltr' id='par_1_45' title="bbox 438 2824 818 2885">
     <span class='ocr_line' id='line_1_45' title="bbox 438 2824 818 2885; baseline -0.003 -7"><span class='ocrx_word' id='word_1_275' title='bbox 438 2824 689 2885; x_wconf 76' lang='lat' dir='ltr'><strong>sequenti</strong></span> <span class='ocrx_word' id='word_1_276' title='bbox 711 2824 818 2879; x_wconf 90' lang='lat' dir='ltr'><strong>die.</strong></span> 
     </span>
    </p>
   </div>
   <div class='ocr_carea' id='block_1_46' title="bbox 510 2913 2009 2991">
    <p class='ocr_par' dir='ltr' id='par_1_46' title="bbox 510 2913 2009 2991">
     <span class='ocr_line' id='line_1_46' title="bbox 510 2913 2009 2991; baseline 0.008 -22"><span class='ocrx_word' id='word_1_277' title='bbox 510 2913 732 2971; x_wconf 88' lang='lat' dir='ltr'><strong>Decima</strong></span> <span class='ocrx_word' id='word_1_278' title='bbox 763 2932 909 2973; x_wconf 91' lang='lat' dir='ltr'><strong>nona</strong></span> <span class='ocrx_word' id='word_1_279' title='bbox 944 2916 1108 2990; x_wconf 84' lang='lat' dir='ltr'><strong>Spiea</strong></span> <span class='ocrx_word' id='word_1_280' title='bbox 1157 2936 1319 2979; x_wconf 89' lang='lat' dir='ltr'><strong>mane</strong></span> <span class='ocrx_word' id='word_1_281' title='bbox 1359 2923 1556 2991; x_wconf 89' lang='lat' dir='ltr'><strong>oritur,</strong></span> <span class='ocrx_word' id='word_1_282' title='bbox 1606 2924 1871 2981; x_wconf 87' lang='lat' dir='ltr'><strong>alteratur</strong></span> <span class='ocrx_word' id='word_1_283' title='bbox 1913 2940 2009 2983; x_wconf 89' lang='lat' dir='ltr'><strong>aer</strong></span> 
     </span>
    </p>
   </div>
   <div class='ocr_carea' id='block_1_47' title="bbox 439 3006 1091 3068">
    <p class='ocr_par' dir='ltr' id='par_1_47' title="bbox 439 3006 1091 3068">
     <span class='ocr_line' id='line_1_47' title="bbox 439 3006 1091 3068; baseline 0.006 -5"><span class='ocrx_word' id='word_1_284' title='bbox 439 3006 654 3063; x_wconf 84' lang='lat' dir='ltr'><strong>duobus</strong></span> <span class='ocrx_word' id='word_1_285' title='bbox 685 3009 880 3066; x_wconf 89' lang='lat' dir='ltr'><strong>diebus</strong></span> <span class='ocrx_word' id='word_1_286' title='bbox 911 3020 1091 3068; x_wconf 87' lang='lat' dir='ltr'><strong>antea.</strong></span> 
     </span>
    </p>
   </div>
   <div class='ocr_carea' id='block_1_48' title="bbox 511 3099 2008 3175">
    <p class='ocr_par' dir='ltr' id='par_1_48' title="bbox 511 3099 2008 3175">
     <span class='ocr_line' id='line_1_48' title="bbox 511 3099 2008 3175; baseline 0.007 -23"><span class='ocrx_word' id='word_1_287' title='bbox 511 3099 779 3159; x_wconf 79' lang='lat' dir='ltr'><strong>Vieesima</strong></span> <span class='ocrx_word' id='word_1_288' title='bbox 802 3101 992 3174; x_wconf 85' lang='lat' dir='ltr'><strong>quinta</strong></span> <span class='ocrx_word' id='word_1_289' title='bbox 1014 3104 1401 3175; x_wconf 81' lang='lat' dir='ltr'><strong>aequinoctium</strong></span> <span class='ocrx_word' id='word_1_290' title='bbox 1425 3104 1485 3162; x_wconf 83' lang='lat' dir='ltr'><strong>ﬁt</strong></span> <span class='ocrx_word' id='word_1_291' title='bbox 1498 3106 1902 3171; x_wconf 87' lang='lat' dir='ltr'><strong>autumnale,et</strong></span> <span class='ocrx_word' id='word_1_292' title='bbox 1922 3112 2008 3164; x_wconf 81' lang='lat' dir='ltr'><strong>est</strong></span> 
     </span>
    </p>
   </div>
   <div class='ocr_carea' id='block_1_49' title="bbox 2102 1999 2861 2087">
    <p class='ocr_par' dir='ltr' id='par_1_49' title="bbox 2102 1999 2861 2087">
     <span class='ocr_line' id='line_1_49' title="bbox 2102 1999 2861 2087; baseline 0.004 -33"><span class='ocrx_word' id='word_1_293' title='bbox 2102 1999 2211 2071; x_wconf 83' lang='grc' dir='ltr'>ἀὴρ</span> <span class='ocrx_word' id='word_1_294' title='bbox 2249 2000 2356 2071; x_wconf 80' lang='grc' dir='ltr'>πρὸ</span> <span class='ocrx_word' id='word_1_295' title='bbox 2385 1999 2549 2073; x_wconf 83' lang='grc' dir='ltr'>τριῶν</span> <span class='ocrx_word' id='word_1_296' title='bbox 2573 2000 2817 2073; x_wconf 76' lang='grc' dir='ltr'>ἡμερῶν.</span> <span class='ocrx_word' id='word_1_297' title='bbox 2855 2080 2861 2087; x_wconf 34' lang='grc'><em>,</em></span> 
     </span>
    </p>
   </div>
   <div class='ocr_carea' id='block_1_50' title="bbox 2173 2089 3260 2164">
    <p class='ocr_par' dir='ltr' id='par_1_50' title="bbox 2173 2089 3260 2164">
     <span class='ocr_line' id='line_1_50' title="bbox 2173 2089 3260 2164; baseline 0.003 -21"><span class='ocrx_word' id='word_1_298' title='bbox 2173 2089 2638 2160; x_wconf 75' lang='grc' dir='ltr'>ΜηνὶοΔύγούστῳ</span> <span class='ocrx_word' id='word_1_299' title='bbox 2673 2098 2734 2144; x_wconf 89' lang='grc' dir='ltr'>ιε’</span> <span class='ocrx_word' id='word_1_300' title='bbox 2763 2090 2916 2164; x_wconf 89' lang='grc' dir='ltr'>Λύρα</span> <span class='ocrx_word' id='word_1_301' title='bbox 2940 2091 3074 2164; x_wconf 88' lang='grc' dir='ltr'>ἑῷος</span> <span class='ocrx_word' id='word_1_302' title='bbox 3094 2091 3260 2147; x_wconf 85' lang='grc' dir='ltr'>δύνει.</span> 
     </span>
    </p>
   </div>
   <div class='ocr_carea' id='block_1_51' title="bbox 2172 2180 3674 2254">
    <p class='ocr_par' dir='ltr' id='par_1_51' title="bbox 2172 2180 3674 2254">
     <span class='ocr_line' id='line_1_51' title="bbox 2172 2180 3674 2254; baseline 0.003 -19"><span class='ocrx_word' id='word_1_303' title='bbox 2172 2181 2318 2254; x_wconf 87' lang='grc' dir='ltr'>Μηνὶ</span> <span class='ocrx_word' id='word_1_304' title='bbox 2347 2181 2427 2253; x_wconf 84' lang='grc' dir='ltr'>τῷ</span> <span class='ocrx_word' id='word_1_305' title='bbox 2468 2180 2617 2253; x_wconf 84' lang='grc' dir='ltr'>αὐτῷ</span> <span class='ocrx_word' id='word_1_306' title='bbox 2667 2182 2732 2237; x_wconf 88' lang='grc' dir='ltr'>ιθ¹</span> <span class='ocrx_word' id='word_1_307' title='bbox 2773 2183 2970 2253; x_wconf 86' lang='grc' dir='ltr'>Δελφὶς</span> <span class='ocrx_word' id='word_1_308' title='bbox 3023 2183 3155 2254; x_wconf 83' lang='grc' dir='ltr'>ἑῷος</span> <span class='ocrx_word' id='word_1_309' title='bbox 3200 2184 3378 2239; x_wconf 86' lang='grc' dir='ltr'>δύνει·</span> <span class='ocrx_word' id='word_1_310' title='bbox 3414 2184 3508 2239; x_wconf 85' lang='grc' dir='ltr'>καὶ</span> <span class='ocrx_word' id='word_1_311' title='bbox 3557 2184 3674 2240; x_wconf 80' lang='grc' dir='ltr'>ἑστι</span> 
     </span>
    </p>
   </div>
   <div class='ocr_carea' id='block_1_52' title="bbox 2102 2272 3156 2348">
    <p class='ocr_par' dir='ltr' id='par_1_52' title="bbox 2102 2272 3156 2348">
     <span class='ocr_line' id='line_1_52' title="bbox 2102 2272 3156 2348; baseline 0.005 -21"><span class='ocrx_word' id='word_1_312' title='bbox 2102 2272 2280 2346; x_wconf 83' lang='grc' dir='ltr'>τροπὴ</span> <span class='ocrx_word' id='word_1_313' title='bbox 2313 2272 2407 2327; x_wconf 77' lang='grc' dir='ltr'>τοῦ</span> <span class='ocrx_word' id='word_1_314' title='bbox 2439 2273 2630 2345; x_wconf 83' lang='grc' dir='ltr'>θέρους</span> <span class='ocrx_word' id='word_1_315' title='bbox 2656 2274 2750 2329; x_wconf 87' lang='grc' dir='ltr'>ἐπὶ</span> <span class='ocrx_word' id='word_1_316' title='bbox 2782 2275 2844 2329; x_wconf 81' lang='grc' dir='ltr'>τὺ</span> <span class='ocrx_word' id='word_1_317' title='bbox 2862 2275 3067 2348; x_wconf 77' lang='grc' dir='ltr'>ψυχρόν</span> <span class='ocrx_word' id='word_1_318' title='bbox 3089 2278 3156 2332; x_wconf 75' lang='grc'>⁸⁸.</span> 
     </span>
    </p>
   </div>
   <div class='ocr_carea' id='block_1_53' title="bbox 2175 2365 3673 2441">
    <p class='ocr_par' dir='ltr' id='par_1_53' title="bbox 2175 2365 3673 2441">
     <span class='ocr_line' id='line_1_53' title="bbox 2175 2365 3673 2441; baseline 0.003 -20"><span class='ocrx_word' id='word_1_319' title='bbox 2175 2366 2323 2437; x_wconf 84' lang='grc' dir='ltr'>Μηνὶ</span> <span class='ocrx_word' id='word_1_320' title='bbox 2351 2365 2432 2438; x_wconf 87' lang='grc' dir='ltr'>τῷ</span> <span class='ocrx_word' id='word_1_321' title='bbox 2459 2367 2609 2439; x_wconf 85' lang='grc' dir='ltr'>αὐτῷ</span> <span class='ocrx_word' id='word_1_322' title='bbox 2651 2375 2739 2439; x_wconf 85' lang='grc' dir='ltr'>κη’</span> <span class='ocrx_word' id='word_1_323' title='bbox 2771 2368 3162 2441; x_wconf 76' lang='grc' dir='ltr'>Προτρυγητὴς</span> <span class='ocrx_word' id='word_1_324' title='bbox 3206 2368 3340 2441; x_wconf 88' lang='grc' dir='ltr'>ἑῷος</span> <span class='ocrx_word' id='word_1_325' title='bbox 3384 2369 3673 2436; x_wconf 80' lang='grc' dir='ltr'>ἐπιτέλλει,</span> 
     </span>
    </p>
   </div>
   <div class='ocr_carea' id='block_1_54' title="bbox 2106 2459 3676 2536">
    <p class='ocr_par' dir='ltr' id='par_1_54' title="bbox 2106 2459 3676 2536">
     <span class='ocr_line' id='line_1_54' title="bbox 2106 2459 3676 2536; baseline 0.003 -21"><span class='ocrx_word' id='word_1_326' title='bbox 2106 2459 2201 2515; x_wconf 87' lang='grc' dir='ltr'>καὶ</span> <span class='ocrx_word' id='word_1_327' title='bbox 2230 2461 2260 2514; x_wconf 86' lang='grc' dir='ltr'>δ</span> <span class='ocrx_word' id='word_1_328' title='bbox 2295 2459 2462 2525; x_wconf 72' lang='grc' dir='ltr'>’ἱστὸς</span> <span class='ocrx_word' id='word_1_329' title='bbox 2492 2459 2657 2515; x_wconf 91' lang='grc' dir='ltr'>δύνει.</span> <span class='ocrx_word' id='word_1_330' title='bbox 2690 2462 2846 2515; x_wconf 88' lang='grc' dir='ltr'>Ἔστι</span> <span class='ocrx_word' id='word_1_331' title='bbox 2881 2462 3003 2515; x_wconf 82' lang='grc' dir='ltr'>τότε</span> <span class='ocrx_word' id='word_1_332' title='bbox 3023 2461 3176 2525; x_wconf 81' lang='grc' dir='ltr'>τέλος</span> <span class='ocrx_word' id='word_1_333' title='bbox 3207 2462 3343 2535; x_wconf 89' lang='grc' dir='ltr'>μετά</span> <span class='ocrx_word' id='word_1_334' title='bbox 3369 2462 3468 2536; x_wconf 81' lang='grc' dir='ltr'>τὴν</span> <span class='ocrx_word' id='word_1_335' title='bbox 3495 2466 3676 2519; x_wconf 84' lang='grc' dir='ltr'>ἐπιτο-</span> 
     </span>
    </p>
   </div>
   <div class='ocr_carea' id='block_1_55' title="bbox 2105 2550 2905 2625">
    <p class='ocr_par' dir='ltr' id='par_1_55' title="bbox 2105 2550 2905 2625">
     <span class='ocr_line' id='line_1_55' title="bbox 2105 2550 2905 2625; baseline 0.004 -20"><span class='ocrx_word' id='word_1_336' title='bbox 2105 2550 2203 2624; x_wconf 77' lang='grc' dir='ltr'>λὴν</span> <span class='ocrx_word' id='word_1_337' title='bbox 2225 2551 2321 2607; x_wconf 81' lang='grc' dir='ltr'>τοῦ</span> <span class='ocrx_word' id='word_1_338' title='bbox 2351 2551 2530 2616; x_wconf 73' lang='grc' dir='ltr'>Κυνὸς</span> <span class='ocrx_word' id='word_1_339' title='bbox 2559 2552 2780 2625; x_wconf 82' lang='grc' dir='ltr'>ἡμερῶν</span> <span class='ocrx_word' id='word_1_340' title='bbox 2815 2560 2905 2624; x_wconf 69' lang='lat' dir='ltr'><strong>pl.’</strong></span> 
     </span>
    </p>
   </div>
   <div class='ocr_carea' id='block_1_56' title="bbox 2175 2638 3515 2719">
    <p class='ocr_par' dir='ltr' id='par_1_56' title="bbox 2175 2638 3515 2719">
     <span class='ocr_line' id='line_1_56' title="bbox 2175 2638 3515 2719; baseline 0.003 -21"><span class='ocrx_word' id='word_1_341' title='bbox 2175 2638 2323 2716; x_wconf 75' lang='grc' dir='ltr'>Μηνὶ</span> <span class='ocrx_word' id='word_1_342' title='bbox 2353 2644 2709 2716; x_wconf 79' lang='grc' dir='ltr'>Σεπτεμϐρίῳ</span> <span class='ocrx_word' id='word_1_343' title='bbox 2743 2644 2789 2710; x_wconf 78' lang='grc' dir='ltr'>ζ⁴</span> <span class='ocrx_word' id='word_1_344' title='bbox 2822 2645 2921 2711; x_wconf 79' lang='grc' dir='ltr'>Αἲξ</span> <span class='ocrx_word' id='word_1_345' title='bbox 2952 2646 3206 2719; x_wconf 79' lang='grc' dir='ltr'>ἑσπέριος</span> <span class='ocrx_word' id='word_1_346' title='bbox 3230 2646 3515 2704; x_wconf 78' lang='grc' dir='ltr'>ἐπιτέλλει.</span> 
     </span>
    </p>
   </div>
   <div class='ocr_carea' id='block_1_57' title="bbox 2176 2735 3678 2810">
    <p class='ocr_par' dir='ltr' id='par_1_57' title="bbox 2176 2735 3678 2810">
     <span class='ocr_line' id='line_1_57' title="bbox 2176 2735 3678 2810; baseline 0.003 -19"><span class='ocrx_word' id='word_1_347' title='bbox 2176 2736 2325 2806; x_wconf 86' lang='grc' dir='ltr'>Μηνὶ</span> <span class='ocrx_word' id='word_1_348' title='bbox 2362 2735 2441 2806; x_wconf 88' lang='grc' dir='ltr'>τῷ</span> <span class='ocrx_word' id='word_1_349' title='bbox 2486 2735 2638 2807; x_wconf 86' lang='grc' dir='ltr'>αὐτῷ</span> <span class='ocrx_word' id='word_1_350' title='bbox 2682 2735 2746 2801; x_wconf 80' lang='grc' dir='ltr'>ιζ’</span> <span class='ocrx_word' id='word_1_351' title='bbox 2768 2737 2814 2770; x_wconf 78' lang='grc'>’³</span> <span class='ocrx_word' id='word_1_352' title='bbox 2855 2736 3181 2810; x_wconf 80' lang='grc' dir='ltr'>’Δρκτοῦρος</span> <span class='ocrx_word' id='word_1_353' title='bbox 3221 2739 3487 2793; x_wconf 85' lang='grc' dir='ltr'>ἐπιτέλλει</span> <span class='ocrx_word' id='word_1_354' title='bbox 3508 2757 3522 2770; x_wconf 76' lang='grc'><strong>’</strong></span> <span class='ocrx_word' id='word_1_355' title='bbox 3582 2739 3678 2795; x_wconf 83' lang='grc' dir='ltr'>καὶ</span> 
     </span>
    </p>
   </div>
   <div class='ocr_carea' id='block_1_58' title="bbox 2106 2826 2856 2901">
    <p class='ocr_par' dir='ltr' id='par_1_58' title="bbox 2106 2826 2856 2901">
     <span class='ocr_line' id='line_1_58' title="bbox 2106 2826 2856 2901; baseline 0.004 -21"><span class='ocrx_word' id='word_1_356' title='bbox 2106 2826 2309 2881; x_wconf 80' lang='grc' dir='ltr'>ἀλλοιοῖ</span> <span class='ocrx_word' id='word_1_357' title='bbox 2332 2829 2401 2900; x_wconf 76' lang='grc' dir='ltr'>τῇ</span> <span class='ocrx_word' id='word_1_358' title='bbox 2428 2826 2557 2900; x_wconf 79' lang='grc' dir='ltr'>ἑξῆς</span> <span class='ocrx_word' id='word_1_359' title='bbox 2582 2828 2767 2901; x_wconf 75' lang='grc' dir='ltr'>ἡμέρᾳ</span> <span class='ocrx_word' id='word_1_360' title='bbox 2790 2828 2856 2883; x_wconf 77' lang='grc'>⁸³.</span> 
     </span>
    </p>
   </div>
   <div class='ocr_carea' id='block_1_59' title="bbox 2176 2916 3682 2992">
    <p class='ocr_par' dir='ltr' id='par_1_59' title="bbox 2176 2916 3682 2992">
     <span class='ocr_line' id='line_1_59' title="bbox 2176 2916 3682 2992; baseline 0.003 -21"><span class='ocrx_word' id='word_1_361' title='bbox 2176 2918 2323 2991; x_wconf 87' lang='grc' dir='ltr'>Μηνὶ</span> <span class='ocrx_word' id='word_1_362' title='bbox 2346 2917 2424 2989; x_wconf 87' lang='grc' dir='ltr'>τῷ</span> <span class='ocrx_word' id='word_1_363' title='bbox 2445 2917 2595 2990; x_wconf 82' lang='grc' dir='ltr'>αὐτῷ</span> <span class='ocrx_word' id='word_1_364' title='bbox 2631 2918 2694 2972; x_wconf 81' lang='grc' dir='ltr'>ιθ’</span> <span class='ocrx_word' id='word_1_365' title='bbox 2726 2919 2937 2991; x_wconf 81' lang='grc' dir='ltr'>Στάχυς</span> <span class='ocrx_word' id='word_1_366' title='bbox 2969 2916 3102 2992; x_wconf 86' lang='grc' dir='ltr'>ἑῷος</span> <span class='ocrx_word' id='word_1_367' title='bbox 3120 2920 3386 2975; x_wconf 79' lang='grc' dir='ltr'>ἐπιτέλλει</span> <span class='ocrx_word' id='word_1_368' title='bbox 3405 2937 3421 2952; x_wconf 80' lang='grc'><em>’</em></span> <span class='ocrx_word' id='word_1_369' title='bbox 3445 2920 3682 2976; x_wconf 78' lang='grc' dir='ltr'>ἀλλοιοῦ-</span> 
     </span>
    </p>
   </div>
   <div class='ocr_carea' id='block_1_60' title="bbox 2105 3009 2982 3084">
    <p class='ocr_par' dir='ltr' id='par_1_60' title="bbox 2105 3009 2982 3084">
     <span class='ocr_line' id='line_1_60' title="bbox 2105 3009 2982 3084; baseline 0.006 -22"><span class='ocrx_word' id='word_1_370' title='bbox 2105 3026 2196 3065; x_wconf 82' lang='grc' dir='ltr'>ται</span> <span class='ocrx_word' id='word_1_371' title='bbox 2220 3009 2279 3064; x_wconf 82' lang='grc' dir='ltr'>δὲ</span> <span class='ocrx_word' id='word_1_372' title='bbox 2302 3012 2331 3065; x_wconf 85' lang='grc' dir='ltr'><strong>ὁ</strong></span> <span class='ocrx_word' id='word_1_373' title='bbox 2357 3011 2465 3084; x_wconf 84' lang='grc' dir='ltr'>ἀὴρ</span> <span class='ocrx_word' id='word_1_374' title='bbox 2495 3010 2603 3084; x_wconf 80' lang='grc' dir='ltr'>πρὸ</span> <span class='ocrx_word' id='word_1_375' title='bbox 2623 3011 2717 3066; x_wconf 91' lang='grc' dir='ltr'>δύο</span> <span class='ocrx_word' id='word_1_376' title='bbox 2741 3012 2982 3084; x_wconf 80' lang='grc' dir='ltr'>ἡμερῶν.</span> 
     </span>
    </p>
   </div>
   <div class='ocr_carea' id='block_1_61' title="bbox 2175 3100 3681 3174">
    <p class='ocr_par' dir='ltr' id='par_1_61' title="bbox 2175 3100 3681 3174">
     <span class='ocr_line' id='line_1_61' title="bbox 2175 3100 3681 3174; baseline 0 -19"><span class='ocrx_word' id='word_1_377' title='bbox 2175 3101 2325 3174; x_wconf 86' lang='grc' dir='ltr'>Μηνὶ</span> <span class='ocrx_word' id='word_1_378' title='bbox 2359 3101 2438 3173; x_wconf 85' lang='grc' dir='ltr'>τῷ</span> <span class='ocrx_word' id='word_1_379' title='bbox 2456 3100 2606 3168; x_wconf 80' lang='grc' dir='ltr'>αὐτῷ</span> <span class='ocrx_word' id='word_1_380' title='bbox 2636 3108 2715 3155; x_wconf 83' lang='grc' dir='ltr'>κε’</span> <span class='ocrx_word' id='word_1_381' title='bbox 2741 3101 3000 3173; x_wconf 73' lang='grc' dir='ltr'>ἰσημερίαι</span> <span class='ocrx_word' id='word_1_382' title='bbox 3026 3100 3389 3174; x_wconf 77' lang='grc' dir='ltr'>φθινοπωρινή</span> <span class='ocrx_word' id='word_1_383' title='bbox 3411 3119 3425 3132; x_wconf 91' lang='grc'><strong>·</strong></span> <span class='ocrx_word' id='word_1_384' title='bbox 3455 3103 3552 3156; x_wconf 87' lang='grc' dir='ltr'>καὶ</span> <span class='ocrx_word' id='word_1_385' title='bbox 3596 3102 3681 3170; x_wconf 90' lang='grc' dir='ltr'>γί-</span> 
     </span>
    </p>
   </div>
   <div class='ocr_carea' id='block_1_62' title="bbox 435 3190 2015 3276">
    <p class='ocr_par' dir='ltr' id='par_1_62' title="bbox 435 3190 2005 3268">
     <span class='ocr_line' id='line_1_62' title="bbox 435 3190 2005 3268; baseline 0.007 -24"><span class='ocrx_word' id='word_1_386' title='bbox 435 3190 675 3246; x_wconf 76' lang='lat' dir='ltr'><strong>maxima</strong></span> <span class='ocrx_word' id='word_1_387' title='bbox 706 3193 852 3250; x_wconf 84' lang='lat' dir='ltr'><strong>aeris</strong></span> <span class='ocrx_word' id='word_1_388' title='bbox 886 3194 1128 3251; x_wconf 84' lang='lat' dir='ltr'><strong>turbatio</strong></span> <span class='ocrx_word' id='word_1_389' title='bbox 1165 3195 1344 3253; x_wconf 88' lang='lat' dir='ltr'><strong>tribus</strong></span> <span class='ocrx_word' id='word_1_390' title='bbox 1367 3204 1528 3253; x_wconf 89' lang='lat' dir='ltr'><strong>antea</strong></span> <span class='ocrx_word' id='word_1_391' title='bbox 1556 3197 1752 3254; x_wconf 85' lang='lat' dir='ltr'><strong>diebus</strong></span> <span class='ocrx_word' id='word_1_392' title='bbox 1784 3216 1799 3253; x_wconf 88' lang='lat'><strong>:</strong></span> <span class='ocrx_word' id='word_1_393' title='bbox 1834 3212 2005 3268; x_wconf 85' lang='lat' dir='ltr'><strong>quare</strong></span> 
     </span>
    </p>
   </div>
   <div class='ocr_carea' id='block_1_63' title="bbox 2110 3190 3682 3276">
    <p class='ocr_par' dir='ltr' id='par_1_63' title="bbox 2110 3190 3682 3264">
     <span class='ocr_line' id='line_1_63' title="bbox 2110 3190 3682 3264; baseline -0.001 -18"><span class='ocrx_word' id='word_1_394' title='bbox 2110 3208 2256 3247; x_wconf 88' lang='grc' dir='ltr'>νεται</span> <span class='ocrx_word' id='word_1_395' title='bbox 2274 3192 2502 3263; x_wconf 84' lang='grc' dir='ltr'>μεγίστη</span> <span class='ocrx_word' id='word_1_396' title='bbox 2513 3190 2725 3264; x_wconf 80' lang='grc' dir='ltr'>ταραχὴ</span> <span class='ocrx_word' id='word_1_397' title='bbox 2738 3191 2832 3245; x_wconf 83' lang='grc' dir='ltr'>τοῦ</span> <span class='ocrx_word' id='word_1_398' title='bbox 2848 3190 3009 3264; x_wconf 82' lang='grc' dir='ltr'>ἀέρος</span> <span class='ocrx_word' id='word_1_399' title='bbox 3035 3191 3141 3264; x_wconf 72' lang='grc' dir='ltr'>πρδ</span> <span class='ocrx_word' id='word_1_400' title='bbox 3160 3192 3326 3264; x_wconf 82' lang='grc' dir='ltr'>τριῶν</span> <span class='ocrx_word' id='word_1_401' title='bbox 3342 3192 3583 3264; x_wconf 68' lang='grc' dir='ltr'>ἡμερῶν*</span> <span class='ocrx_word' id='word_1_402' title='bbox 3598 3192 3682 3246; x_wconf 78' lang='grc' dir='ltr'>διὸ</span> 
     </span>
    </p>
   </div>
   <div class='ocr_carea' id='block_1_64' title="bbox 435 3282 2010 3361">
    <p class='ocr_par' dir='ltr' id='par_1_64' title="bbox 435 3282 2010 3361">
     <span class='ocr_line' id='line_1_64' title="bbox 435 3282 2010 3361; baseline 0.006 -25"><span class='ocrx_word' id='word_1_403' title='bbox 435 3288 524 3336; x_wconf 90' lang='lat' dir='ltr'><strong>est</strong></span> <span class='ocrx_word' id='word_1_404' title='bbox 562 3282 864 3339; x_wconf 78' lang='lat' dir='ltr'><strong>cavendum</strong></span> <span class='ocrx_word' id='word_1_405' title='bbox 904 3301 973 3342; x_wconf 85' lang='lat' dir='ltr'>ne</span> <span class='ocrx_word' id='word_1_406' title='bbox 1010 3301 1207 3343; x_wconf 84' lang='lat' dir='ltr'><strong>venam</strong></span> <span class='ocrx_word' id='word_1_407' title='bbox 1254 3302 1540 3351; x_wconf 82' lang='lat' dir='ltr'><strong>seeemus,</strong></span> <span class='ocrx_word' id='word_1_408' title='bbox 1587 3302 1767 3358; x_wconf 88' lang='lat' dir='ltr'><strong>neque</strong></span> <span class='ocrx_word' id='word_1_409' title='bbox 1806 3304 2010 3361; x_wconf 76' lang='lat' dir='ltr'><strong>purge-</strong></span> 
     </span>
    </p>
   </div>
   <div class='ocr_carea' id='block_1_65' title="bbox 438 3376 2010 3449">
    <p class='ocr_par' dir='ltr' id='par_1_65' title="bbox 438 3376 2010 3449">
     <span class='ocr_line' id='line_1_65' title="bbox 438 3376 2010 3449; baseline 0.006 -23"><span class='ocrx_word' id='word_1_410' title='bbox 438 3388 598 3437; x_wconf 85' lang='lat' dir='ltr'><strong>mus,</strong></span> <span class='ocrx_word' id='word_1_411' title='bbox 627 3389 806 3444; x_wconf 88' lang='lat' dir='ltr'><strong>neque</strong></span> <span class='ocrx_word' id='word_1_412' title='bbox 846 3376 984 3431; x_wconf 86' lang='lat' dir='ltr'><strong>alias</strong></span> <span class='ocrx_word' id='word_1_413' title='bbox 1016 3392 1220 3449; x_wconf 80' lang='lat' dir='ltr'><strong>corpus</strong></span> <span class='ocrx_word' id='word_1_414' title='bbox 1254 3377 1561 3435; x_wconf 84' lang='lat' dir='ltr'><strong>vehementi</strong></span> <span class='ocrx_word' id='word_1_415' title='bbox 1607 3385 1759 3433; x_wconf 86' lang='lat' dir='ltr'><strong>motu</strong></span> <span class='ocrx_word' id='word_1_416' title='bbox 1789 3394 2010 3435; x_wconf 87' lang='lat' dir='ltr'><strong>movea-</strong></span> 
     </span>
    </p>
   </div>
   <div class='ocr_carea' id='block_1_66' title="bbox 438 3463 2011 3543">
    <p class='ocr_par' dir='ltr' id='par_1_66' title="bbox 438 3463 2011 3543">
     <span class='ocr_line' id='line_1_66' title="bbox 438 3463 2011 3543; baseline 0.006 -25"><span class='ocrx_word' id='word_1_417' title='bbox 438 3470 565 3519; x_wconf 83' lang='lat' dir='ltr'><strong>tuus</strong></span> <span class='ocrx_word' id='word_1_418' title='bbox 590 3479 620 3516; x_wconf 90' lang='lat' dir='ltr'>a</span> <span class='ocrx_word' id='word_1_419' title='bbox 655 3463 869 3520; x_wconf 88' lang='lat' dir='ltr'><strong>decima</strong></span> <span class='ocrx_word' id='word_1_420' title='bbox 915 3467 1108 3537; x_wconf 84' lang='lat' dir='ltr'><strong>quinta</strong></span> <span class='ocrx_word' id='word_1_421' title='bbox 1145 3467 1482 3541; x_wconf 84' lang='lat' dir='ltr'><strong>Septembris</strong></span> <span class='ocrx_word' id='word_1_422' title='bbox 1509 3485 1684 3543; x_wconf 85' lang='lat' dir='ltr'><strong>usque</strong></span> <span class='ocrx_word' id='word_1_423' title='bbox 1716 3472 1785 3527; x_wconf 92' lang='lat' dir='ltr'>ad</span> <span class='ocrx_word' id='word_1_424' title='bbox 1813 3471 2011 3528; x_wconf 76' lang='lat' dir='ltr'><strong>vicesi-</strong></span> 
     </span>
    </p>
   </div>
   <div class='ocr_carea' id='block_1_67' title="bbox 440 3559 1888 3632">
    <p class='ocr_par' dir='ltr' id='par_1_67' title="bbox 440 3559 1888 3632">
     <span class='ocr_line' id='line_1_67' title="bbox 440 3559 1888 3632; baseline 0.01 -21"><span class='ocrx_word' id='word_1_425' title='bbox 440 3570 585 3611; x_wconf 86' lang='lat' dir='ltr'><strong>mam</strong></span> <span class='ocrx_word' id='word_1_426' title='bbox 614 3566 862 3627; x_wconf 84' lang='lat' dir='ltr'><strong>quartam</strong></span> <span class='ocrx_word' id='word_1_427' title='bbox 892 3559 1136 3629; x_wconf 83' lang='lat' dir='ltr'><strong>ejusdem</strong></span> <span class='ocrx_word' id='word_1_428' title='bbox 1158 3561 1387 3621; x_wconf 86' lang='lat' dir='ltr'><strong>mensis.</strong></span> <span class='ocrx_word' id='word_1_429' title='bbox 1881 3625 1888 3632; x_wconf 85' lang='grc'>,</span> 
     </span>
    </p>
   </div>
   <div class='ocr_carea' id='block_1_68' title="bbox 511 3643 2010 3720">
    <p class='ocr_par' dir='ltr' id='par_1_68' title="bbox 511 3643 2010 3720">
     <span class='ocr_line' id='line_1_68' title="bbox 511 3643 2010 3720; baseline 0.008 -22"><span class='ocrx_word' id='word_1_430' title='bbox 511 3643 709 3701; x_wconf 82' lang='lat' dir='ltr'><strong>Mensis</strong></span> <span class='ocrx_word' id='word_1_431' title='bbox 732 3644 984 3704; x_wconf 83' lang='lat' dir='ltr'><strong>Octobris</strong></span> <span class='ocrx_word' id='word_1_432' title='bbox 1010 3659 1164 3704; x_wconf 78' lang='lat' dir='ltr'><strong>sexta</strong></span> <span class='ocrx_word' id='word_1_433' title='bbox 1197 3648 1411 3707; x_wconf 88' lang='lat' dir='ltr'><strong>Corona</strong></span> <span class='ocrx_word' id='word_1_434' title='bbox 1436 3666 1598 3709; x_wconf 88' lang='lat' dir='ltr'><strong>mane</strong></span> <span class='ocrx_word' id='word_1_435' title='bbox 1622 3654 1817 3720; x_wconf 89' lang='lat' dir='ltr'><strong>oritur,</strong></span> <span class='ocrx_word' id='word_1_436' title='bbox 1845 3661 1900 3712; x_wconf 90' lang='lat' dir='ltr'><strong>et</strong></span> <span class='ocrx_word' id='word_1_437' title='bbox 1925 3662 2010 3712; x_wconf 89' lang='lat' dir='ltr'>est</span> 
     </span>
    </p>
   </div>
   <div class='ocr_carea' id='block_1_69' title="bbox 436 3737 1185 3797">
    <p class='ocr_par' dir='ltr' id='par_1_69' title="bbox 436 3737 1185 3797">
     <span class='ocr_line' id='line_1_69' title="bbox 436 3737 1185 3797; baseline 0.003 -2"><span class='ocrx_word' id='word_1_438' title='bbox 436 3737 734 3795; x_wconf 78' lang='lat' dir='ltr'><strong>vehemens</strong></span> <span class='ocrx_word' id='word_1_439' title='bbox 765 3738 908 3795; x_wconf 86' lang='lat' dir='ltr'><strong>aeris</strong></span> <span class='ocrx_word' id='word_1_440' title='bbox 936 3744 1185 3797; x_wconf 88' lang='lat' dir='ltr'><strong>mutatio.</strong></span> 
     </span>
    </p>
   </div>
   <div class='ocr_carea' id='block_1_70' title="bbox 511 3827 1478 3905">
    <p class='ocr_par' dir='ltr' id='par_1_70' title="bbox 511 3827 1478 3905">
     <span class='ocr_line' id='line_1_70' title="bbox 511 3827 1478 3905; baseline 0.008 -21"><span class='ocrx_word' id='word_1_441' title='bbox 511 3827 754 3900; x_wconf 89' lang='lat' dir='ltr'><strong>Septima</strong></span> <span class='ocrx_word' id='word_1_442' title='bbox 786 3830 945 3887; x_wconf 63' lang='lat' dir='ltr'><strong>Haedi</strong></span> <span class='ocrx_word' id='word_1_443' title='bbox 969 3835 1182 3905; x_wconf 72' lang='lat' dir='ltr'><strong>vesperi</strong></span> <span class='ocrx_word' id='word_1_444' title='bbox 1205 3836 1478 3892; x_wconf 86' lang='lat' dir='ltr'><strong>oriuntur.</strong></span> 
     </span>
    </p>
   </div>
   <div class='ocr_carea' id='block_1_71' title="bbox 513 3920 2012 4000">
    <p class='ocr_par' dir='ltr' id='par_1_71' title="bbox 513 3920 2012 4000">
     <span class='ocr_line' id='line_1_71' title="bbox 513 3920 2012 4000; baseline 0.008 -27"><span class='ocrx_word' id='word_1_445' title='bbox 513 3920 735 3977; x_wconf 88' lang='lat' dir='ltr'><strong>Decima</strong></span> <span class='ocrx_word' id='word_1_446' title='bbox 792 3925 1023 3993; x_wconf 90' lang='lat' dir='ltr'><strong>septima</strong></span> <span class='ocrx_word' id='word_1_447' title='bbox 1068 3925 1284 3998; x_wconf 83' lang='lat' dir='ltr'><strong>Hyades</strong></span> <span class='ocrx_word' id='word_1_448' title='bbox 1330 3944 1558 4000; x_wconf 83' lang='lat' dir='ltr'><strong>vespere</strong></span> <span class='ocrx_word' id='word_1_449' title='bbox 1612 3930 1914 3987; x_wconf 89' lang='lat' dir='ltr'><strong>oriuntur:</strong></span> <span class='ocrx_word' id='word_1_450' title='bbox 1957 3939 2012 3988; x_wconf 91' lang='lat' dir='ltr'>et</span> 
     </span>
    </p>
   </div>
   <div class='ocr_carea' id='block_1_72' title="bbox 440 4014 1182 4083">
    <p class='ocr_par' dir='ltr' id='par_1_72' title="bbox 440 4014 1182 4083">
     <span class='ocr_line' id='line_1_72' title="bbox 440 4014 1182 4083; baseline 0.009 -16"><span class='ocrx_word' id='word_1_451' title='bbox 440 4026 639 4083; x_wconf 74' lang='lat' dir='ltr'><strong>magna</strong></span> <span class='ocrx_word' id='word_1_452' title='bbox 663 4014 720 4067; x_wconf 86' lang='lat' dir='ltr'>tit</span> <span class='ocrx_word' id='word_1_453' title='bbox 746 4016 891 4070; x_wconf 75' lang='lat' dir='ltr'><strong>aeris</strong></span> <span class='ocrx_word' id='word_1_454' title='bbox 919 4018 1182 4074; x_wconf 89' lang='lat' dir='ltr'><strong>turbatio.</strong></span> 
     </span>
    </p>
   </div>
   <div class='ocr_carea' id='block_1_73' title="bbox 515 4101 2012 4174">
    <p class='ocr_par' dir='ltr' id='par_1_73' title="bbox 515 4101 2012 4174">
     <span class='ocr_line' id='line_1_73' title="bbox 515 4101 2012 4174; baseline 0.009 -17"><span class='ocrx_word' id='word_1_455' title='bbox 515 4101 791 4160; x_wconf 79' lang='lat' dir='ltr'><strong>Vicesima</strong></span> <span class='ocrx_word' id='word_1_456' title='bbox 819 4107 1000 4174; x_wconf 83' lang='lat' dir='ltr'><strong>tertia,</strong></span> <span class='ocrx_word' id='word_1_457' title='bbox 1030 4124 1140 4164; x_wconf 89' lang='lat' dir='ltr'>una</span> <span class='ocrx_word' id='word_1_458' title='bbox 1169 4126 1292 4166; x_wconf 91' lang='lat' dir='ltr'><strong>cum</strong></span> <span class='ocrx_word' id='word_1_459' title='bbox 1323 4112 1458 4169; x_wconf 91' lang='lat' dir='ltr'><strong>solis</strong></span> <span class='ocrx_word' id='word_1_460' title='bbox 1496 4122 1619 4169; x_wconf 89' lang='lat' dir='ltr'><strong>ortu</strong></span> <span class='ocrx_word' id='word_1_461' title='bbox 1643 4112 1891 4170; x_wconf 84' lang='lat' dir='ltr'><strong>Pleiades</strong></span> <span class='ocrx_word' id='word_1_462' title='bbox 1912 4128 2012 4169; x_wconf 83' lang='lat' dir='ltr'><strong>oc-</strong></span> 
     </span>
    </p>
   </div>
   <div class='ocr_carea' id='block_1_74' title="bbox 440 4197 2008 4275">
    <p class='ocr_par' dir='ltr' id='par_1_74' title="bbox 440 4197 2008 4275">
     <span class='ocr_line' id='line_1_74' title="bbox 440 4197 2008 4275; baseline 0.006 -22"><span class='ocrx_word' id='word_1_463' title='bbox 440 4197 636 4253; x_wconf 82' lang='lat' dir='ltr'><strong>cidunt</strong></span> <span class='ocrx_word' id='word_1_464' title='bbox 668 4217 683 4254; x_wconf 90' lang='lat'><strong>:</strong></span> <span class='ocrx_word' id='word_1_465' title='bbox 714 4206 769 4256; x_wconf 91' lang='lat' dir='ltr'><strong>et</strong></span> <span class='ocrx_word' id='word_1_466' title='bbox 797 4201 1066 4274; x_wconf 77' lang='lat' dir='ltr'><strong>contingit</strong></span> <span class='ocrx_word' id='word_1_467' title='bbox 1095 4203 1271 4275; x_wconf 82' lang='lat' dir='ltr'><strong>pridie</strong></span> <span class='ocrx_word' id='word_1_468' title='bbox 1300 4206 1541 4261; x_wconf 78' lang='lat' dir='ltr'><strong>maxime</strong></span> <span class='ocrx_word' id='word_1_469' title='bbox 1575 4208 1720 4263; x_wconf 87' lang='lat' dir='ltr'><strong>aeris</strong></span> <span class='ocrx_word' id='word_1_470' title='bbox 1745 4206 2008 4263; x_wconf 84' lang='lat' dir='ltr'><strong>turbatio.</strong></span> 
     </span>
    </p>
   </div>
   <div class='ocr_carea' id='block_1_75' title="bbox 514 4378 2009 4457">
    <p class='ocr_par' dir='ltr' id='par_1_75' title="bbox 514 4378 2009 4457">
     <span class='ocr_line' id='line_1_75' title="bbox 514 4378 2009 4457; baseline 0.006 -24"><span class='ocrx_word' id='word_1_471' title='bbox 514 4378 716 4437; x_wconf 80' lang='lat' dir='ltr'><strong>Mensis</strong></span> <span class='ocrx_word' id='word_1_472' title='bbox 740 4379 1067 4441; x_wconf 83' lang='lat' dir='ltr'><strong>Novembris</strong></span> <span class='ocrx_word' id='word_1_473' title='bbox 1095 4391 1249 4441; x_wconf 79' lang='lat' dir='ltr'><strong>sexta</strong></span> <span class='ocrx_word' id='word_1_474' title='bbox 1268 4384 1518 4444; x_wconf 85' lang='lat' dir='ltr'><strong>Pleiades</strong></span> <span class='ocrx_word' id='word_1_475' title='bbox 1538 4401 1698 4444; x_wconf 89' lang='lat' dir='ltr'><strong>mane</strong></span> <span class='ocrx_word' id='word_1_476' title='bbox 1722 4386 2009 4457; x_wconf 75' lang='lat' dir='ltr'><strong>occidunt;</strong></span> 
     </span>
    </p>
   </div>
   <div class='ocr_carea' id='block_1_76' title="bbox 439 4473 1064 4541">
    <p class='ocr_par' dir='ltr' id='par_1_76' title="bbox 439 4473 1064 4541">
     <span class='ocr_line' id='line_1_76' title="bbox 439 4473 1064 4541; baseline 0.01 -15"><span class='ocrx_word' id='word_1_477' title='bbox 439 4481 496 4536; x_wconf 83' lang='lat' dir='ltr'>et</span> <span class='ocrx_word' id='word_1_478' title='bbox 523 4473 715 4541; x_wconf 88' lang='lat' dir='ltr'><strong>incipit</strong></span> <span class='ocrx_word' id='word_1_479' title='bbox 744 4489 838 4531; x_wconf 89' lang='lat' dir='ltr'>aer</span> <span class='ocrx_word' id='word_1_480' title='bbox 860 4476 1064 4532; x_wconf 89' lang='lat' dir='ltr'><strong>sedari.</strong></span> 
     </span>
    </p>
   </div>
   <div class='ocr_carea' id='block_1_77' title="bbox 510 4556 1384 4638">
    <p class='ocr_par' dir='ltr' id='par_1_77' title="bbox 510 4556 1384 4638">
     <span class='ocr_line' id='line_1_77' title="bbox 510 4556 1384 4638; baseline 0.008 -20"><span class='ocrx_word' id='word_1_481' title='bbox 510 4561 808 4620; x_wconf 84' lang='lat' dir='ltr'><strong>Undecima</strong></span> <span class='ocrx_word' id='word_1_482' title='bbox 833 4566 974 4638; x_wconf 87' lang='lat' dir='ltr'><strong>Lyra</strong></span> <span class='ocrx_word' id='word_1_483' title='bbox 1000 4583 1161 4626; x_wconf 90' lang='lat' dir='ltr'><strong>mane</strong></span> <span class='ocrx_word' id='word_1_484' title='bbox 1191 4556 1384 4626; x_wconf 87' lang='lat' dir='ltr'><strong>oritur.</strong></span> 
     </span>
    </p>
   </div>
   <div class='ocr_carea' id='block_1_78' title="bbox 511 4653 2016 4733">
    <p class='ocr_par' dir='ltr' id='par_1_78' title="bbox 511 4653 2016 4733">
     <span class='ocr_line' id='line_1_78' title="bbox 511 4653 2016 4733; baseline 0.009 -24"><span class='ocrx_word' id='word_1_485' title='bbox 511 4653 783 4711; x_wconf 77' lang='lat' dir='ltr'><strong>Vicesima</strong></span> <span class='ocrx_word' id='word_1_486' title='bbox 816 4660 1012 4729; x_wconf 87' lang='lat' dir='ltr'><strong>prima,</strong></span> <span class='ocrx_word' id='word_1_487' title='bbox 1054 4659 1270 4733; x_wconf 84' lang='lat' dir='ltr'><strong>Hyades</strong></span> <span class='ocrx_word' id='word_1_488' title='bbox 1318 4678 1479 4718; x_wconf 89' lang='lat' dir='ltr'><strong>mane</strong></span> <span class='ocrx_word' id='word_1_489' title='bbox 1520 4663 1779 4720; x_wconf 87' lang='lat' dir='ltr'><strong>occidunt</strong></span> <span class='ocrx_word' id='word_1_490' title='bbox 1803 4680 1819 4731; x_wconf 90' lang='lat'><strong>;</strong></span> <span class='ocrx_word' id='word_1_491' title='bbox 1847 4670 1902 4720; x_wconf 87' lang='lat' dir='ltr'><strong>et</strong></span> <span class='ocrx_word' id='word_1_492' title='bbox 1925 4678 2016 4721; x_wconf 83' lang='lat' dir='ltr'>se-</span> 
     </span>
    </p>
   </div>
   <div class='ocr_carea' id='block_1_79' title="bbox 439 4749 1515 4820">
    <p class='ocr_par' dir='ltr' id='par_1_79' title="bbox 439 4749 1515 4820">
     <span class='ocr_line' id='line_1_79' title="bbox 439 4749 1515 4820; baseline 0.011 -19"><span class='ocrx_word' id='word_1_493' title='bbox 439 4749 628 4820; x_wconf 88' lang='lat' dir='ltr'><strong>quenti</strong></span> <span class='ocrx_word' id='word_1_494' title='bbox 658 4749 748 4805; x_wconf 90' lang='lat' dir='ltr'><strong>die</strong></span> <span class='ocrx_word' id='word_1_495' title='bbox 774 4753 1015 4808; x_wconf 87' lang='lat' dir='ltr'><strong>turbatio</strong></span> <span class='ocrx_word' id='word_1_496' title='bbox 1037 4753 1096 4808; x_wconf 83' lang='lat' dir='ltr'><strong>ﬁt</strong></span> <span class='ocrx_word' id='word_1_497' title='bbox 1126 4755 1277 4811; x_wconf 90' lang='lat' dir='ltr'><strong>circa</strong></span> <span class='ocrx_word' id='word_1_498' title='bbox 1309 4771 1515 4813; x_wconf 87' lang='lat' dir='ltr'><strong>aerem.</strong></span> 
     </span>
    </p>
   </div>
   <div class='ocr_carea' id='block_1_80' title="bbox 515 4837 2006 4918">
    <p class='ocr_par' dir='ltr' id='par_1_80' title="bbox 515 4837 2006 4918">
     <span class='ocr_line' id='line_1_80' title="bbox 515 4837 2006 4918; baseline 0.007 -24"><span class='ocrx_word' id='word_1_499' title='bbox 515 4837 785 4896; x_wconf 81' lang='lat' dir='ltr'><strong>Vieesima</strong></span> <span class='ocrx_word' id='word_1_500' title='bbox 835 4845 1066 4915; x_wconf 86' lang='lat' dir='ltr'><strong>septima</strong></span> <span class='ocrx_word' id='word_1_501' title='bbox 1092 4844 1258 4903; x_wconf 89' lang='lat' dir='ltr'><strong>Orion</strong></span> <span class='ocrx_word' id='word_1_502' title='bbox 1311 4848 1511 4918; x_wconf 87' lang='lat' dir='ltr'><strong>oritur,</strong></span> <span class='ocrx_word' id='word_1_503' title='bbox 1557 4857 1614 4906; x_wconf 89' lang='lat' dir='ltr'><strong>et</strong></span> <span class='ocrx_word' id='word_1_504' title='bbox 1648 4848 1868 4905; x_wconf 83' lang='lat' dir='ltr'><strong>Corona</strong></span> <span class='ocrx_word' id='word_1_505' title='bbox 1916 4862 2006 4904; x_wconf 91' lang='lat' dir='ltr'><strong>oc-</strong></span> 
     </span>
    </p>
   </div>
   <div class='ocr_carea' id='block_1_81' title="bbox 438 4929 590 4986">
    <p class='ocr_par' dir='ltr' id='par_1_81' title="bbox 438 4929 590 4986">
     <span class='ocr_line' id='line_1_81' title="bbox 438 4929 590 4986; baseline 0.02 -3"><span class='ocrx_word' id='word_1_506' title='bbox 438 4929 590 4986; x_wconf 84' lang='lat' dir='ltr'><strong>cidit.</strong></span> 
     </span>
    </p>
   </div>
   <div class='ocr_carea' id='block_1_82' title="bbox 510 5021 2085 5102">
    <p class='ocr_par' dir='ltr' id='par_1_82' title="bbox 510 5021 2085 5102">
     <span class='ocr_line' id='line_1_82' title="bbox 510 5021 2085 5102; baseline 0.007 -25"><span class='ocrx_word' id='word_1_507' title='bbox 510 5021 714 5081; x_wconf 78' lang='lat' dir='ltr'><strong>Mensis</strong></span> <span class='ocrx_word' id='word_1_508' title='bbox 733 5023 1049 5084; x_wconf 73' lang='lat' dir='ltr'><strong>Decembris</strong></span> <span class='ocrx_word' id='word_1_509' title='bbox 1075 5030 1274 5100; x_wconf 88' lang='lat' dir='ltr'><strong>prima,</strong></span> <span class='ocrx_word' id='word_1_510' title='bbox 1300 5030 1455 5088; x_wconf 84' lang='lat' dir='ltr'><strong>canis</strong></span> <span class='ocrx_word' id='word_1_511' title='bbox 1476 5047 1636 5088; x_wconf 89' lang='lat' dir='ltr'><strong>mane</strong></span> <span class='ocrx_word' id='word_1_512' title='bbox 1656 5031 1881 5088; x_wconf 87' lang='lat' dir='ltr'><strong>occidit.</strong></span> <span class='ocrx_word' id='word_1_513' title='bbox 1905 5028 2015 5087; x_wconf 90' lang='lat' dir='ltr'>0b-</span> <span class='ocrx_word' id='word_1_514' title='bbox 2073 5088 2085 5102; x_wconf 76' lang='grc'>,</span> 
     </span>
    </p>
   </div>
   <div class='ocr_carea' id='block_1_83' title="bbox 437 5121 2013 5192">
    <p class='ocr_par' dir='ltr' id='par_1_83' title="bbox 437 5121 2013 5192">
     <span class='ocr_line' id='line_1_83' title="bbox 437 5121 2013 5192; baseline 0.004 -24"><span class='ocrx_word' id='word_1_515' title='bbox 437 5121 715 5169; x_wconf 88' lang='lat' dir='ltr'><strong>servatum</strong></span> <span class='ocrx_word' id='word_1_516' title='bbox 742 5123 829 5171; x_wconf 89' lang='lat' dir='ltr'><strong>est</strong></span> <span class='ocrx_word' id='word_1_517' title='bbox 863 5123 1045 5173; x_wconf 87' lang='lat' dir='ltr'><strong>autem</strong></span> <span class='ocrx_word' id='word_1_518' title='bbox 1075 5134 1107 5173; x_wconf 92' lang='lat' dir='ltr'>a</span> <span class='ocrx_word' id='word_1_519' title='bbox 1138 5122 1349 5184; x_wconf 87' lang='lat' dir='ltr'><strong>multis,</strong></span> <span class='ocrx_word' id='word_1_520' title='bbox 1388 5121 1531 5192; x_wconf 89' lang='lat' dir='ltr'><strong>quod</strong></span> <span class='ocrx_word' id='word_1_521' title='bbox 1565 5123 1611 5177; x_wconf 86' lang='lat' dir='ltr'><strong>si</strong></span> <span class='ocrx_word' id='word_1_522' title='bbox 1643 5130 2013 5192; x_wconf 86' lang='lat' dir='ltr'><strong>tempestuosa</strong></span> 
     </span>
    </p>
   </div>
   <div class='ocr_carea' id='block_1_84' title="bbox 437 5204 2015 5285">
    <p class='ocr_par' dir='ltr' id='par_1_84' title="bbox 437 5204 2015 5285">
     <span class='ocr_line' id='line_1_84' title="bbox 437 5204 2015 5285; baseline 0.007 -26"><span class='ocrx_word' id='word_1_523' title='bbox 437 5204 605 5261; x_wconf 80' lang='lat' dir='ltr'><strong>fuerit</strong></span> <span class='ocrx_word' id='word_1_524' title='bbox 645 5206 760 5263; x_wconf 59' lang='lat' dir='ltr'><strong>haec</strong></span> <span class='ocrx_word' id='word_1_525' title='bbox 787 5209 926 5274; x_wconf 85' lang='lat' dir='ltr'><strong>dies,</strong></span> <span class='ocrx_word' id='word_1_526' title='bbox 955 5220 1271 5281; x_wconf 88' lang='lat' dir='ltr'><strong>perseverat</strong></span> <span class='ocrx_word' id='word_1_527' title='bbox 1305 5214 1627 5285; x_wconf 85' lang='lat' dir='ltr'><strong>plerumque</strong></span> <span class='ocrx_word' id='word_1_528' title='bbox 1673 5214 1919 5270; x_wconf 87' lang='lat' dir='ltr'><strong>turbatio</strong></span> <span class='ocrx_word' id='word_1_529' title='bbox 1946 5216 2015 5270; x_wconf 89' lang='lat' dir='ltr'><strong>ad</strong></span> 
     </span>
    </p>
   </div>
   <div class='ocr_carea' id='block_1_85' title="bbox 438 5292 2013 5375">
    <p class='ocr_par' dir='ltr' id='par_1_85' title="bbox 438 5292 2013 5375">
     <span class='ocr_line' id='line_1_85' title="bbox 438 5292 2013 5375; baseline 0.007 -24"><span class='ocrx_word' id='word_1_530' title='bbox 438 5297 557 5353; x_wconf 93' lang='lat' dir='ltr'><strong>dies</strong></span> <span class='ocrx_word' id='word_1_531' title='bbox 596 5315 801 5355; x_wconf 77' lang='lat' dir='ltr'><strong>xxxvii.</strong></span> <span class='ocrx_word' id='word_1_532' title='bbox 836 5300 895 5356; x_wconf 92' lang='lat' dir='ltr'>Si</span> <span class='ocrx_word' id='word_1_533' title='bbox 922 5292 1054 5358; x_wconf 76' lang='lat' dir='ltr'><strong>vero</strong></span> <span class='ocrx_word' id='word_1_534' title='bbox 1087 5319 1281 5361; x_wconf 80' lang='lat' dir='ltr'><strong>serena</strong></span> <span class='ocrx_word' id='word_1_535' title='bbox 1313 5304 1497 5371; x_wconf 75' lang='lat' dir='ltr'><strong>fuerit,</strong></span> <span class='ocrx_word' id='word_1_536' title='bbox 1536 5320 1632 5375; x_wconf 89' lang='lat' dir='ltr'><strong>per</strong></span> <span class='ocrx_word' id='word_1_537' title='bbox 1663 5312 1746 5361; x_wconf 89' lang='lat' dir='ltr'>tot</span> <span class='ocrx_word' id='word_1_538' title='bbox 1774 5307 1891 5363; x_wconf 84' lang='lat' dir='ltr'><strong>dies</strong></span> <span class='ocrx_word' id='word_1_539' title='bbox 1926 5321 2013 5362; x_wconf 90' lang='lat' dir='ltr'><strong>se-</strong></span> 
     </span>
    </p>
   </div>
   <div class='ocr_carea' id='block_1_86' title="bbox 437 5391 1205 5467">
    <p class='ocr_par' dir='ltr' id='par_1_86' title="bbox 437 5391 1205 5467">
     <span class='ocr_line' id='line_1_86' title="bbox 437 5391 1205 5467; baseline 0.004 -20"><span class='ocrx_word' id='word_1_540' title='bbox 437 5391 725 5456; x_wconf 80' lang='lat' dir='ltr'><strong>renitatem</strong></span> <span class='ocrx_word' id='word_1_541' title='bbox 757 5391 876 5449; x_wconf 84' lang='lat' dir='ltr'><strong>fore</strong></span> <span class='ocrx_word' id='word_1_542' title='bbox 913 5394 1205 5467; x_wconf 78' lang='lat' dir='ltr'><strong>signiﬁcat.</strong></span> 
     </span>
    </p>
   </div>
   <div class='ocr_carea' id='block_1_87' title="bbox 509 5480 1454 5549">
    <p class='ocr_par' dir='ltr' id='par_1_87' title="bbox 509 5480 1454 5549">
     <span class='ocr_line' id='line_1_87' title="bbox 509 5480 1454 5549; baseline 0.012 -14"><span class='ocrx_word' id='word_1_543' title='bbox 509 5480 754 5549; x_wconf 89' lang='lat' dir='ltr'><strong>Decima,</strong></span> <span class='ocrx_word' id='word_1_544' title='bbox 787 5483 944 5541; x_wconf 72' lang='lat' dir='ltr'><strong>Hmdi</strong></span> <span class='ocrx_word' id='word_1_545' title='bbox 986 5503 1145 5545; x_wconf 87' lang='lat' dir='ltr'><strong>mane</strong></span> <span class='ocrx_word' id='word_1_546' title='bbox 1175 5488 1454 5546; x_wconf 91' lang='lat' dir='ltr'><strong>occidunt.</strong></span> 
     </span>
    </p>
   </div>
   <div class='ocr_carea' id='block_1_88' title="bbox 509 5570 2019 5654">
    <p class='ocr_par' dir='ltr' id='par_1_88' title="bbox 509 5570 2019 5654">
     <span class='ocr_line' id='line_1_88' title="bbox 509 5570 2019 5654; baseline 0.005 -26"><span class='ocrx_word' id='word_1_547' title='bbox 509 5570 835 5641; x_wconf 83' lang='lat' dir='ltr'><strong>Undecima,</strong></span> <span class='ocrx_word' id='word_1_548' title='bbox 876 5576 1053 5648; x_wconf 88' lang='lat' dir='ltr'><strong>Capra</strong></span> <span class='ocrx_word' id='word_1_549' title='bbox 1093 5594 1255 5637; x_wconf 90' lang='lat' dir='ltr'><strong>mane</strong></span> <span class='ocrx_word' id='word_1_550' title='bbox 1309 5582 1535 5648; x_wconf 85' lang='lat' dir='ltr'><strong>occidit,</strong></span> <span class='ocrx_word' id='word_1_551' title='bbox 1587 5587 1641 5637; x_wconf 94' lang='lat' dir='ltr'><strong>et</strong></span> <span class='ocrx_word' id='word_1_552' title='bbox 1679 5579 2019 5654; x_wconf 78' lang='lat' dir='ltr'><strong>perturbatio</strong></span> 
     </span>
    </p>
   </div>
   <div class='ocr_carea' id='block_1_89' title="bbox 436 5666 988 5739">
    <p class='ocr_par' dir='ltr' id='par_1_89' title="bbox 436 5666 988 5739">
     <span class='ocr_line' id='line_1_89' title="bbox 436 5666 988 5739; baseline 0 -16"><span class='ocrx_word' id='word_1_553' title='bbox 436 5666 584 5731; x_wconf 66' lang='lat' dir='ltr'><strong>aeris</strong></span> <span class='ocrx_word' id='word_1_554' title='bbox 618 5667 677 5723; x_wconf 78' lang='lat' dir='ltr'><strong>ﬁt</strong></span> <span class='ocrx_word' id='word_1_555' title='bbox 704 5668 988 5739; x_wconf 86' lang='lat' dir='ltr'><strong>postridie.</strong></span> 
     </span>
    </p>
   </div>
   <div class='ocr_carea' id='block_1_90' title="bbox 2110 3282 3681 3358">
    <p class='ocr_par' dir='ltr' id='par_1_90' title="bbox 2110 3282 3681 3358">
     <span class='ocr_line' id='line_1_90' title="bbox 2110 3282 3681 3358; baseline -0.002 -19"><span class='ocrx_word' id='word_1_556' title='bbox 2110 3285 2624 3357; x_wconf 82' lang='grc' dir='ltr'>παραφυλάττεσθαι</span> <span class='ocrx_word' id='word_1_557' title='bbox 2649 3284 2754 3358; x_wconf 79' lang='grc' dir='ltr'>χρὴ</span> <span class='ocrx_word' id='word_1_558' title='bbox 2787 3284 2920 3357; x_wconf 84' lang='grc' dir='ltr'>μηδέ</span> <span class='ocrx_word' id='word_1_559' title='bbox 2936 3284 3305 3355; x_wconf 78' lang='grc' dir='ltr'>φλεδοτομεῖν,</span> <span class='ocrx_word' id='word_1_560' title='bbox 3326 3283 3460 3355; x_wconf 87' lang='grc' dir='ltr'>μηδέ</span> <span class='ocrx_word' id='word_1_561' title='bbox 3484 3282 3681 3337; x_wconf 82' lang='grc' dir='ltr'>καθαί-</span> 
     </span>
    </p>
   </div>
   <div class='ocr_carea' id='block_1_91' title="bbox 2114 3375 3609 3452">
    <p class='ocr_par' dir='ltr' id='par_1_91' title="bbox 2114 3375 3609 3452">
     <span class='ocr_line' id='line_1_91' title="bbox 2114 3375 3609 3452; baseline -0.001 -20"><span class='ocrx_word' id='word_1_562' title='bbox 2114 3396 2248 3452; x_wconf 85' lang='grc' dir='ltr'>ρειν,</span> <span class='ocrx_word' id='word_1_563' title='bbox 2285 3378 2409 3449; x_wconf 86' lang='grc' dir='ltr'>μηδ’</span> <span class='ocrx_word' id='word_1_564' title='bbox 2447 3375 2621 3441; x_wconf 75' lang='grc' dir='ltr'>ἄλλως</span> <span class='ocrx_word' id='word_1_565' title='bbox 2647 3377 2709 3431; x_wconf 84' lang='grc' dir='ltr'>τὸ</span> <span class='ocrx_word' id='word_1_566' title='bbox 2735 3377 3085 3448; x_wconf 81' lang='grc' dir='ltr'>σῶμακινεῖν</span> <span class='ocrx_word' id='word_1_567' title='bbox 3105 3375 3308 3448; x_wconf 78' lang='grc' dir='ltr'>σφοδρᾷ</span> <span class='ocrx_word' id='word_1_568' title='bbox 3337 3378 3548 3451; x_wconf 78' lang='grc' dir='ltr'>κινήσει</span> <span class='ocrx_word' id='word_1_569' title='bbox 3573 3378 3609 3431; x_wconf 87' lang='grc' dir='ltr'>ἀ</span> 
     </span>
    </p>
   </div>
   <div class='ocr_carea' id='block_1_92' title="bbox 2112 3467 3599 3542">
    <p class='ocr_par' dir='ltr' id='par_1_92' title="bbox 2112 3467 3599 3542">
     <span class='ocr_line' id='line_1_92' title="bbox 2112 3467 3599 3542; baseline -0.005 -14"><span class='ocrx_word' id='word_1_570' title='bbox 2112 3478 2175 3530; x_wconf 81' lang='grc' dir='ltr'>ιε’</span> <span class='ocrx_word' id='word_1_571' title='bbox 2202 3470 2296 3526; x_wconf 82' lang='grc' dir='ltr'>τοῦ</span> <span class='ocrx_word' id='word_1_572' title='bbox 2323 3469 2701 3542; x_wconf 76' lang='grc' dir='ltr'>Σεπτεμϐρίου</span> <span class='ocrx_word' id='word_1_573' title='bbox 2729 3468 2891 3541; x_wconf 78' lang='grc' dir='ltr'>μέχρι</span> <span class='ocrx_word' id='word_1_574' title='bbox 2919 3467 3020 3524; x_wconf 79' lang='grc' dir='ltr'>κδ’.</span> <span class='ocrx_word' id='word_1_575' title='bbox 3591 3493 3599 3501; x_wconf 93' lang='grc'><strong>·</strong></span> 
     </span>
    </p>
   </div>
   <div class='ocr_carea' id='block_1_93' title="bbox 2178 3643 3685 3722">
    <p class='ocr_par' dir='ltr' id='par_1_93' title="bbox 2178 3643 3685 3722">
     <span class='ocr_line' id='line_1_93' title="bbox 2178 3643 3685 3722; baseline -0.005 -15"><span class='ocrx_word' id='word_1_576' title='bbox 2178 3651 2329 3722; x_wconf 86' lang='grc' dir='ltr'>Μηνὶ</span> <span class='ocrx_word' id='word_1_577' title='bbox 2365 3647 2682 3722; x_wconf 80' lang='grc' dir='ltr'>Ὀκτωϐρίῳ</span> <span class='ocrx_word' id='word_1_578' title='bbox 2709 3653 2764 3714; x_wconf 79' lang='grc' dir='ltr'>ς’</span> <span class='ocrx_word' id='word_1_579' title='bbox 2795 3646 3065 3717; x_wconf 78' lang='grc' dir='ltr'>Στέφανος</span> <span class='ocrx_word' id='word_1_580' title='bbox 3100 3643 3234 3717; x_wconf 84' lang='grc' dir='ltr'>ἑῷος</span> <span class='ocrx_word' id='word_1_581' title='bbox 3264 3644 3564 3701; x_wconf 75' lang='grc' dir='ltr'>ἐπιτέλλειο</span> <span class='ocrx_word' id='word_1_582' title='bbox 3586 3646 3685 3703; x_wconf 87' lang='grc' dir='ltr'>καί</span> 
     </span>
    </p>
   </div>
   <div class='ocr_carea' id='block_1_94' title="bbox 2110 3738 3097 3813">
    <p class='ocr_par' dir='ltr' id='par_1_94' title="bbox 2110 3738 3097 3813">
     <span class='ocr_line' id='line_1_94' title="bbox 2110 3738 3097 3813; baseline -0.005 -17"><span class='ocrx_word' id='word_1_583' title='bbox 2110 3743 2227 3796; x_wconf 82' lang='grc' dir='ltr'>ἐστι</span> <span class='ocrx_word' id='word_1_584' title='bbox 2256 3740 2462 3813; x_wconf 79' lang='grc' dir='ltr'>σφοδρά</span> <span class='ocrx_word' id='word_1_585' title='bbox 2491 3738 2761 3813; x_wconf 80' lang='grc' dir='ltr'>μεταϐολὴ</span> <span class='ocrx_word' id='word_1_586' title='bbox 2787 3738 2884 3793; x_wconf 79' lang='grc' dir='ltr'>τοῦ</span> <span class='ocrx_word' id='word_1_587' title='bbox 2916 3738 3097 3809; x_wconf 87' lang='grc' dir='ltr'>ἀέρος.</span> 
     </span>
    </p>
   </div>
   <div class='ocr_carea' id='block_1_95' title="bbox 2179 3828 3582 3907">
    <p class='ocr_par' dir='ltr' id='par_1_95' title="bbox 2179 3828 3582 3907">
     <span class='ocr_line' id='line_1_95' title="bbox 2179 3828 3582 3907; baseline -0.003 -19"><span class='ocrx_word' id='word_1_588' title='bbox 2179 3835 2326 3907; x_wconf 90' lang='grc' dir='ltr'>Μηνὶ</span> <span class='ocrx_word' id='word_1_589' title='bbox 2348 3833 2427 3903; x_wconf 83' lang='grc' dir='ltr'>τῷ</span> <span class='ocrx_word' id='word_1_590' title='bbox 2456 3831 2604 3903; x_wconf 78' lang='grc' dir='ltr'>αὐτῷ</span> <span class='ocrx_word' id='word_1_591' title='bbox 2631 3830 2677 3895; x_wconf 76' lang='grc' dir='ltr'>ζ’</span> <span class='ocrx_word' id='word_1_592' title='bbox 2713 3834 2931 3903; x_wconf 79' lang='grc' dir='ltr'>Ἕριφοι</span> <span class='ocrx_word' id='word_1_593' title='bbox 2956 3829 3202 3901; x_wconf 82' lang='grc' dir='ltr'>ἑσπέριοι</span> <span class='ocrx_word' id='word_1_594' title='bbox 3227 3828 3582 3884; x_wconf 84' lang='grc' dir='ltr'>ἑπιτέλλουσι.</span> 
     </span>
    </p>
   </div>
   <div class='ocr_carea' id='block_1_96' title="bbox 2181 3918 3686 3996">
    <p class='ocr_par' dir='ltr' id='par_1_96' title="bbox 2181 3918 3686 3996">
     <span class='ocr_line' id='line_1_96' title="bbox 2181 3918 3686 3996; baseline -0.004 -15"><span class='ocrx_word' id='word_1_595' title='bbox 2181 3925 2329 3996; x_wconf 89' lang='grc' dir='ltr'>Μηνὶ</span> <span class='ocrx_word' id='word_1_596' title='bbox 2349 3923 2427 3996; x_wconf 88' lang='grc' dir='ltr'>τῷ</span> <span class='ocrx_word' id='word_1_597' title='bbox 2450 3922 2599 3993; x_wconf 80' lang='grc' dir='ltr'>αὐτῷ</span> <span class='ocrx_word' id='word_1_598' title='bbox 2628 3921 2693 3987; x_wconf 82' lang='grc' dir='ltr'>ιζ’</span> <span class='ocrx_word' id='word_1_599' title='bbox 2727 3921 2915 3985; x_wconf 81' lang='grc' dir='ltr'>Ὑάδες</span> <span class='ocrx_word' id='word_1_600' title='bbox 2930 3919 3171 3991; x_wconf 86' lang='grc' dir='ltr'>ἑσπέριοι</span> <span class='ocrx_word' id='word_1_601' title='bbox 3191 3918 3529 3974; x_wconf 87' lang='grc' dir='ltr'>ἐπιτέλλουσι</span> <span class='ocrx_word' id='word_1_602' title='bbox 3546 3937 3560 3951; x_wconf 87' lang='grc'><strong>·</strong></span> <span class='ocrx_word' id='word_1_603' title='bbox 3588 3920 3686 3975; x_wconf 88' lang='grc' dir='ltr'>καὶ</span> 
     </span>
    </p>
   </div>
   <div class='ocr_carea' id='block_1_97' title="bbox 2114 4011 3063 4089">
    <p class='ocr_par' dir='ltr' id='par_1_97' title="bbox 2114 4011 3063 4089">
     <span class='ocr_line' id='line_1_97' title="bbox 2114 4011 3063 4089; baseline -0.006 -17"><span class='ocrx_word' id='word_1_604' title='bbox 2114 4018 2272 4089; x_wconf 75' lang='grc' dir='ltr'>ἱκανὴ</span> <span class='ocrx_word' id='word_1_605' title='bbox 2294 4013 2507 4088; x_wconf 83' lang='grc' dir='ltr'>ταραχὴ</span> <span class='ocrx_word' id='word_1_606' title='bbox 2528 4011 2623 4067; x_wconf 82' lang='grc' dir='ltr'>τοῦ</span> <span class='ocrx_word' id='word_1_607' title='bbox 2651 4012 2814 4085; x_wconf 78' lang='grc' dir='ltr'>ἀέρος</span> <span class='ocrx_word' id='word_1_608' title='bbox 2835 4013 3063 4082; x_wconf 85' lang='grc' dir='ltr'>γίνεται.</span> 
     </span>
    </p>
   </div>
   <div class='ocr_carea' id='block_1_98' title="bbox 2180 4096 3687 4181">
    <p class='ocr_par' dir='ltr' id='par_1_98' title="bbox 2180 4096 3687 4181">
     <span class='ocr_line' id='line_1_98' title="bbox 2180 4096 3687 4181; baseline -0.007 -16"><span class='ocrx_word' id='word_1_609' title='bbox 2180 4110 2327 4181; x_wconf 88' lang='grc' dir='ltr'>Μηνὶ</span> <span class='ocrx_word' id='word_1_610' title='bbox 2351 4109 2431 4180; x_wconf 84' lang='grc' dir='ltr'>τῷ</span> <span class='ocrx_word' id='word_1_611' title='bbox 2451 4104 2600 4176; x_wconf 82' lang='grc' dir='ltr'>αὐτῷ</span> <span class='ocrx_word' id='word_1_612' title='bbox 2621 4111 2705 4174; x_wconf 85' lang='grc' dir='ltr'>κγ’</span> <span class='ocrx_word' id='word_1_613' title='bbox 2728 4104 2844 4176; x_wconf 73' lang='grc' dir='ltr'>ἅμα</span> <span class='ocrx_word' id='word_1_614' title='bbox 2870 4104 3019 4177; x_wconf 83' lang='grc' dir='ltr'>ήλίου</span> <span class='ocrx_word' id='word_1_615' title='bbox 3045 4103 3276 4174; x_wconf 85' lang='grc' dir='ltr'>ἀνατολῇ</span> <span class='ocrx_word' id='word_1_616' title='bbox 3300 4102 3569 4172; x_wconf 80' lang='grc' dir='ltr'>Πληῖάδες</span> <span class='ocrx_word' id='word_1_617' title='bbox 3592 4096 3687 4156; x_wconf 87' lang='grc' dir='ltr'>δύ-</span> 
     </span>
    </p>
   </div>
   <div class='ocr_carea' id='block_1_99' title="bbox 2112 4193 3687 4271">
    <p class='ocr_par' dir='ltr' id='par_1_99' title="bbox 2112 4193 3687 4271">
     <span class='ocr_line' id='line_1_99' title="bbox 2112 4193 3687 4271; baseline -0.008 -14"><span class='ocrx_word' id='word_1_618' title='bbox 2112 4218 2261 4256; x_wconf 78' lang='grc' dir='ltr'>νουσι</span> <span class='ocrx_word' id='word_1_619' title='bbox 2280 4218 2294 4232; x_wconf 77' lang='grc'><strong>’</strong></span> <span class='ocrx_word' id='word_1_620' title='bbox 2327 4200 2420 4255; x_wconf 88' lang='grc' dir='ltr'>καί</span> <span class='ocrx_word' id='word_1_621' title='bbox 2452 4201 2568 4253; x_wconf 87' lang='grc' dir='ltr'>ἐστι</span> <span class='ocrx_word' id='word_1_622' title='bbox 2597 4198 2827 4271; x_wconf 74' lang='grc' dir='ltr'>μεγίστη</span> <span class='ocrx_word' id='word_1_623' title='bbox 2851 4195 3064 4269; x_wconf 79' lang='grc' dir='ltr'>ταραχὴ</span> <span class='ocrx_word' id='word_1_624' title='bbox 3093 4193 3186 4250; x_wconf 84' lang='grc' dir='ltr'>τοῦ</span> <span class='ocrx_word' id='word_1_625' title='bbox 3222 4195 3381 4268; x_wconf 88' lang='grc' dir='ltr'>ἀέρος</span> <span class='ocrx_word' id='word_1_626' title='bbox 3408 4193 3515 4266; x_wconf 81' lang='grc' dir='ltr'>πρὸ</span> <span class='ocrx_word' id='word_1_627' title='bbox 3556 4194 3687 4264; x_wconf 76' lang='grc' dir='ltr'>μιῶ</span> 
     </span>
    </p>
   </div>
   <div class='ocr_carea' id='block_1_100' title="bbox 2261 4311 2347 4359">
    <p class='ocr_par' dir='ltr' id='par_1_100' title="bbox 2261 4311 2347 4359">
     <span class='ocr_line' id='line_1_100' title="bbox 2261 4311 2347 4359; baseline 0 -11"><span class='ocrx_word' id='word_1_628' title='bbox 2261 4311 2347 4359; x_wconf 87' lang='grc' dir='ltr'>ας.</span> 
     </span>
    </p>
   </div>
   <div class='ocr_carea' id='block_1_101' title="bbox 2111 4294 3690 4459">
    <p class='ocr_par' dir='ltr' id='par_1_101' title="bbox 2111 4294 3690 4459">
     <span class='ocr_line' id='line_1_101' title="bbox 2111 4294 3690 4459; baseline -0.009 -16"><span class='ocrx_word' id='word_1_629' title='bbox 2111 4294 2463 4459; x_wconf 85' lang='grc' dir='ltr'>Νοε</span> <span class='ocrx_word' id='word_1_630' title='bbox 2472 4383 2651 4457; x_wconf 79' lang='grc' dir='ltr'>μϐρίῳ</span> <span class='ocrx_word' id='word_1_631' title='bbox 2675 4389 2729 4448; x_wconf 70' lang='grc' dir='ltr'>ς’</span> <span class='ocrx_word' id='word_1_632' title='bbox 2757 4378 3021 4452; x_wconf 68' lang='grc' dir='ltr'>Πληιάδες</span> <span class='ocrx_word' id='word_1_633' title='bbox 3046 4376 3177 4450; x_wconf 86' lang='grc' dir='ltr'>ἑῷαι</span> <span class='ocrx_word' id='word_1_634' title='bbox 3207 4376 3421 4431; x_wconf 89' lang='grc' dir='ltr'>δύνουσι</span> <span class='ocrx_word' id='word_1_635' title='bbox 3439 4392 3453 4406; x_wconf 94' lang='grc'><strong>·</strong></span> <span class='ocrx_word' id='word_1_636' title='bbox 3480 4372 3573 4429; x_wconf 86' lang='grc' dir='ltr'>καὶ</span> <span class='ocrx_word' id='word_1_637' title='bbox 3590 4373 3690 4446; x_wconf 78' lang='grc' dir='ltr'>ἄρ-</span> 
     </span>
    </p>
   </div>
   <div class='ocr_carea' id='block_1_102' title="bbox 2113 4475 2889 4555">
    <p class='ocr_par' dir='ltr' id='par_1_102' title="bbox 2113 4475 2889 4555">
     <span class='ocr_line' id='line_1_102' title="bbox 2113 4475 2889 4555; baseline -0.012 -19"><span class='ocrx_word' id='word_1_638' title='bbox 2113 4498 2267 4555; x_wconf 85' lang='grc' dir='ltr'>χεται</span> <span class='ocrx_word' id='word_1_639' title='bbox 2298 4475 2659 4534; x_wconf 85' lang='grc' dir='ltr'>καθίστασθαι</span> <span class='ocrx_word' id='word_1_640' title='bbox 2695 4475 2723 4528; x_wconf 83' lang='grc' dir='ltr'><strong>ὁ</strong></span> <span class='ocrx_word' id='word_1_641' title='bbox 2761 4476 2889 4548; x_wconf 84' lang='grc' dir='ltr'>ἀήρ.</span> 
     </span>
    </p>
   </div>
   <div class='ocr_carea' id='block_1_103' title="bbox 2043 4553 3454 4644">
    <p class='ocr_par' dir='ltr' id='par_1_103' title="bbox 2043 4553 3454 4644">
     <span class='ocr_line' id='line_1_103' title="bbox 2043 4553 3454 4644; baseline 0.005 -35"><span class='ocrx_word' id='word_1_642' title='bbox 2043 4553 2088 4609; x_wconf 89' lang='lat' dir='ltr'><strong>D</strong></span> <span class='ocrx_word' id='word_1_643' title='bbox 2117 4553 2146 4555; x_wconf 23' lang='lat' dir='ltr'>ﬂ</span> <span class='ocrx_word' id='word_1_644' title='bbox 2184 4573 2333 4644; x_wconf 73' lang='grc' dir='ltr'>Μηνὶ</span> <span class='ocrx_word' id='word_1_645' title='bbox 2362 4570 2441 4642; x_wconf 78' lang='grc' dir='ltr'>τῷ</span> <span class='ocrx_word' id='word_1_646' title='bbox 2467 4567 2616 4638; x_wconf 81' lang='grc' dir='ltr'>αὐτῷ</span> <span class='ocrx_word' id='word_1_647' title='bbox 2648 4564 2716 4620; x_wconf 88' lang='grc' dir='ltr'>ια’</span> <span class='ocrx_word' id='word_1_648' title='bbox 2758 4565 2806 4604; x_wconf 60' lang='grc' dir='ltr'>η</span> <span class='ocrx_word' id='word_1_649' title='bbox 2833 4563 2987 4634; x_wconf 87' lang='grc' dir='ltr'>Λύρα</span> <span class='ocrx_word' id='word_1_650' title='bbox 3007 4559 3139 4632; x_wconf 85' lang='grc' dir='ltr'>ἑῷος</span> <span class='ocrx_word' id='word_1_651' title='bbox 3164 4558 3454 4616; x_wconf 71' lang='grc' dir='ltr'>ἐπιτέλλει.</span> 
     </span>
    </p>
   </div>
   <div class='ocr_carea' id='block_1_104' title="bbox 2188 4651 3693 4738">
    <p class='ocr_par' dir='ltr' id='par_1_104' title="bbox 2188 4651 3693 4738">
     <span class='ocr_line' id='line_1_104' title="bbox 2188 4651 3693 4738; baseline -0.011 -18"><span class='ocrx_word' id='word_1_652' title='bbox 2188 4664 2335 4738; x_wconf 89' lang='grc' dir='ltr'>Μηνὶ</span> <span class='ocrx_word' id='word_1_653' title='bbox 2359 4662 2437 4735; x_wconf 83' lang='grc' dir='ltr'>τῷ</span> <span class='ocrx_word' id='word_1_654' title='bbox 2479 4660 2629 4732; x_wconf 81' lang='grc' dir='ltr'>αὐτῷ</span> <span class='ocrx_word' id='word_1_655' title='bbox 2664 4664 2750 4712; x_wconf 80' lang='grc' dir='ltr'>κα⁹</span> <span class='ocrx_word' id='word_1_656' title='bbox 2789 4656 2977 4720; x_wconf 78' lang='grc' dir='ltr'>Ὑάδες</span> <span class='ocrx_word' id='word_1_657' title='bbox 3020 4652 3151 4725; x_wconf 84' lang='grc' dir='ltr'>ἐῷαι</span> <span class='ocrx_word' id='word_1_658' title='bbox 3197 4652 3445 4707; x_wconf 82' lang='grc' dir='ltr'>δύνουσι·</span> <span class='ocrx_word' id='word_1_659' title='bbox 3475 4651 3568 4707; x_wconf 86' lang='grc' dir='ltr'>καὶ</span> <span class='ocrx_word' id='word_1_660' title='bbox 3594 4667 3693 4704; x_wconf 88' lang='grc' dir='ltr'>τα-</span> 
     </span>
    </p>
   </div>
   <div class='ocr_carea' id='block_1_105' title="bbox 2119 4747 3196 4832">
    <p class='ocr_par' dir='ltr' id='par_1_105' title="bbox 2119 4747 3196 4832">
     <span class='ocr_line' id='line_1_105' title="bbox 2119 4747 3196 4832; baseline -0.007 -19"><span class='ocrx_word' id='word_1_661' title='bbox 2119 4758 2258 4832; x_wconf 82' lang='grc' dir='ltr'>ραχὴ</span> <span class='ocrx_word' id='word_1_662' title='bbox 2288 4757 2415 4831; x_wconf 88' lang='grc' dir='ltr'>περὶ</span> <span class='ocrx_word' id='word_1_663' title='bbox 2442 4754 2536 4810; x_wconf 74' lang='grc' dir='ltr'>τὸν</span> <span class='ocrx_word' id='word_1_664' title='bbox 2561 4753 2700 4826; x_wconf 87' lang='grc' dir='ltr'>ἀέρα</span> <span class='ocrx_word' id='word_1_665' title='bbox 2725 4750 2932 4821; x_wconf 81' lang='grc' dir='ltr'>γίνεται</span> <span class='ocrx_word' id='word_1_666' title='bbox 2951 4751 3017 4821; x_wconf 77' lang='grc' dir='ltr'>τῇ</span> <span class='ocrx_word' id='word_1_667' title='bbox 3046 4747 3196 4817; x_wconf 80' lang='grc' dir='ltr'>ἑξῆς.</span> 
     </span>
    </p>
   </div>
   <div class='ocr_carea' id='block_1_106' title="bbox 2186 4835 3692 4924">
    <p class='ocr_par' dir='ltr' id='par_1_106' title="bbox 2186 4835 3692 4924">
     <span class='ocr_line' id='line_1_106' title="bbox 2186 4835 3692 4924; baseline -0.011 -18"><span class='ocrx_word' id='word_1_668' title='bbox 2186 4850 2334 4924; x_wconf 88' lang='grc' dir='ltr'>Μηνὶ</span> <span class='ocrx_word' id='word_1_669' title='bbox 2363 4849 2443 4922; x_wconf 86' lang='grc' dir='ltr'>τῷ</span> <span class='ocrx_word' id='word_1_670' title='bbox 2475 4845 2622 4917; x_wconf 82' lang='grc' dir='ltr'>αὐτῷ</span> <span class='ocrx_word' id='word_1_671' title='bbox 2653 4843 2734 4910; x_wconf 79' lang='grc' dir='ltr'>κζ’</span> <span class='ocrx_word' id='word_1_672' title='bbox 2783 4844 2974 4916; x_wconf 87' lang='grc' dir='ltr'>Ὠρίων</span> <span class='ocrx_word' id='word_1_673' title='bbox 3015 4839 3305 4906; x_wconf 80' lang='grc' dir='ltr'>ἐπιτέλλει,</span> <span class='ocrx_word' id='word_1_674' title='bbox 3344 4835 3438 4893; x_wconf 83' lang='grc' dir='ltr'>καὶ</span> <span class='ocrx_word' id='word_1_675' title='bbox 3480 4837 3692 4906; x_wconf 83' lang='grc' dir='ltr'>Στέφα-</span> 
     </span>
    </p>
   </div>
   <div class='ocr_carea' id='block_1_107' title="bbox 2115 4941 2404 5008">
    <p class='ocr_par' dir='ltr' id='par_1_107' title="bbox 2115 4941 2404 5008">
     <span class='ocr_line' id='line_1_107' title="bbox 2115 4941 2404 5008; baseline -0.014 -10"><span class='ocrx_word' id='word_1_676' title='bbox 2115 4961 2206 5008; x_wconf 89' lang='grc' dir='ltr'>νος</span> <span class='ocrx_word' id='word_1_677' title='bbox 2238 4941 2404 4998; x_wconf 86' lang='grc' dir='ltr'>δύνει.</span> 
     </span>
    </p>
   </div>
   <div class='ocr_carea' id='block_1_108' title="bbox 2186 5023 3694 5105">
    <p class='ocr_par' dir='ltr' id='par_1_108' title="bbox 2186 5023 3694 5105">
     <span class='ocr_line' id='line_1_108' title="bbox 2186 5023 3694 5105; baseline -0.011 -14"><span class='ocrx_word' id='word_1_678' title='bbox 2186 5034 2335 5105; x_wconf 90' lang='grc' dir='ltr'>Μηνὶ</span> <span class='ocrx_word' id='word_1_679' title='bbox 2367 5029 2685 5103; x_wconf 80' lang='grc' dir='ltr'>Δεκεμΰρίῳ</span> <span class='ocrx_word' id='word_1_680' title='bbox 2719 5035 2769 5083; x_wconf 88' lang='grc' dir='ltr'>α’</span> <span class='ocrx_word' id='word_1_681' title='bbox 2797 5027 2960 5083; x_wconf 79' lang='grc' dir='ltr'>Κύων</span> <span class='ocrx_word' id='word_1_682' title='bbox 3003 5025 3139 5098; x_wconf 88' lang='grc' dir='ltr'>ἑῷος</span> <span class='ocrx_word' id='word_1_683' title='bbox 3174 5023 3339 5079; x_wconf 89' lang='grc' dir='ltr'>δύνει.</span> <span class='ocrx_word' id='word_1_684' title='bbox 3386 5023 3694 5094; x_wconf 79' lang='grc' dir='ltr'>Τετήρηται</span> 
     </span>
    </p>
   </div>
   <div class='ocr_carea' id='block_1_109' title="bbox 2115 5113 3691 5190">
    <p class='ocr_par' dir='ltr' id='par_1_109' title="bbox 2115 5113 3691 5190">
     <span class='ocr_line' id='line_1_109' title="bbox 2115 5113 3691 5190; baseline -0.011 -9"><span class='ocrx_word' id='word_1_685' title='bbox 2115 5127 2173 5182; x_wconf 82' lang='grc' dir='ltr'>δὲ</span> <span class='ocrx_word' id='word_1_686' title='bbox 2221 5128 2336 5189; x_wconf 83' lang='grc' dir='ltr'>τοῖς</span> <span class='ocrx_word' id='word_1_687' title='bbox 2392 5122 2625 5186; x_wconf 85' lang='grc' dir='ltr'>πολλοῖς,</span> <span class='ocrx_word' id='word_1_688' title='bbox 2663 5121 2758 5185; x_wconf 83' lang='grc' dir='ltr'>ὡς,</span> <span class='ocrx_word' id='word_1_689' title='bbox 2812 5119 2867 5173; x_wconf 70' lang='grc' dir='ltr'>εἴ</span> <span class='ocrx_word' id='word_1_690' title='bbox 2905 5135 2971 5189; x_wconf 91' lang='grc' dir='ltr'>γε</span> <span class='ocrx_word' id='word_1_691' title='bbox 3016 5116 3266 5190; x_wconf 79' lang='grc' dir='ltr'>χειμάσει</span> <span class='ocrx_word' id='word_1_692' title='bbox 3308 5115 3367 5167; x_wconf 89' lang='grc' dir='ltr'>ἐν</span> <span class='ocrx_word' id='word_1_693' title='bbox 3416 5113 3590 5187; x_wconf 82' lang='grc' dir='ltr'>ταύτῃ</span> <span class='ocrx_word' id='word_1_694' title='bbox 3623 5115 3691 5185; x_wconf 78' lang='grc' dir='ltr'>τῇ</span> 
     </span>
    </p>
   </div>
   <div class='ocr_carea' id='block_1_110' title="bbox 2119 5201 3694 5287">
    <p class='ocr_par' dir='ltr' id='par_1_110' title="bbox 2119 5201 3694 5287">
     <span class='ocr_line' id='line_1_110' title="bbox 2119 5201 3694 5287; baseline -0.008 -20"><span class='ocrx_word' id='word_1_695' title='bbox 2119 5212 2323 5287; x_wconf 76' lang='grc' dir='ltr'>ἡμέρᾳ,</span> <span class='ocrx_word' id='word_1_696' title='bbox 2349 5210 2600 5283; x_wconf 81' lang='grc' dir='ltr'>ἐπιμένει</span> <span class='ocrx_word' id='word_1_697' title='bbox 2622 5209 2700 5274; x_wconf 83' lang='grc' dir='ltr'>ὡς</span> <span class='ocrx_word' id='word_1_698' title='bbox 2729 5207 2985 5277; x_wconf 77' lang='grc' dir='ltr'>ἐπίπανὴ</span> <span class='ocrx_word' id='word_1_699' title='bbox 3025 5205 3236 5278; x_wconf 82' lang='grc' dir='ltr'>ταραχὴ</span> <span class='ocrx_word' id='word_1_700' title='bbox 3274 5201 3369 5257; x_wconf 75' lang='grc' dir='ltr'>τοῦ</span> <span class='ocrx_word' id='word_1_701' title='bbox 3403 5201 3562 5274; x_wconf 82' lang='grc' dir='ltr'>ἀέρος</span> <span class='ocrx_word' id='word_1_702' title='bbox 3592 5220 3694 5272; x_wconf 84' lang='grc' dir='ltr'>με-</span> 
     </span>
    </p>
   </div>
   <div class='ocr_carea' id='block_1_111' title="bbox 2118 5293 3690 5391">
    <p class='ocr_par' dir='ltr' id='par_1_111' title="bbox 2118 5293 3690 5391">
     <span class='ocr_line' id='line_1_111' title="bbox 2118 5293 3690 5391; baseline -0.008 -31"><span class='ocrx_word' id='word_1_703' title='bbox 2118 5325 2208 5391; x_wconf 87' lang='grc' dir='ltr'>χρι</span> <span class='ocrx_word' id='word_1_704' title='bbox 2238 5303 2463 5378; x_wconf 81' lang='grc' dir='ltr'>ἡμερῶν</span> <span class='ocrx_word' id='word_1_705' title='bbox 2502 5303 2601 5369; x_wconf 80' lang='grc' dir='ltr'>λζ’.</span> <span class='ocrx_word' id='word_1_706' title='bbox 2636 5302 2700 5355; x_wconf 78' lang='lat' dir='ltr'>El</span> <span class='ocrx_word' id='word_1_707' title='bbox 2730 5300 2787 5355; x_wconf 83' lang='grc' dir='ltr'>δέ</span> <span class='ocrx_word' id='word_1_708' title='bbox 2818 5298 3072 5362; x_wconf 85' lang='grc' dir='ltr'>εύδιάσει,</span> <span class='ocrx_word' id='word_1_709' title='bbox 3102 5295 3165 5350; x_wconf 84' lang='grc' dir='ltr'>τδ</span> <span class='ocrx_word' id='word_1_710' title='bbox 3192 5295 3325 5349; x_wconf 76' lang='grc' dir='ltr'>αὐτὸ</span> <span class='ocrx_word' id='word_1_711' title='bbox 3351 5293 3690 5366; x_wconf 82' lang='grc' dir='ltr'>σημαίνει⁹⁸.</span> 
     </span>
    </p>
   </div>
   <div class='ocr_carea' id='block_1_112' title="bbox 2182 5473 3374 5559">
    <p class='ocr_par' dir='ltr' id='par_1_112' title="bbox 2182 5473 3374 5559">
     <span class='ocr_line' id='line_1_112' title="bbox 2182 5473 3374 5559; baseline -0.015 -15"><span class='ocrx_word' id='word_1_712' title='bbox 2182 5487 2332 5559; x_wconf 83' lang='grc' dir='ltr'>Μηνὶ</span> <span class='ocrx_word' id='word_1_713' title='bbox 2358 5485 2436 5557; x_wconf 81' lang='grc' dir='ltr'>τῷ</span> <span class='ocrx_word' id='word_1_714' title='bbox 2473 5482 2622 5554; x_wconf 80' lang='grc' dir='ltr'>αὐτῷ</span> <span class='ocrx_word' id='word_1_715' title='bbox 2652 5489 2684 5535; x_wconf 87' lang='grc' dir='ltr'>ι’</span> <span class='ocrx_word' id='word_1_716' title='bbox 2723 5481 2941 5553; x_wconf 83' lang='grc' dir='ltr'>Ἔριφοι</span> <span class='ocrx_word' id='word_1_717' title='bbox 2979 5476 3103 5549; x_wconf 85' lang='grc' dir='ltr'>ἑῷοι</span> <span class='ocrx_word' id='word_1_718' title='bbox 3137 5473 3374 5531; x_wconf 84' lang='grc' dir='ltr'>δύνουσι.</span> 
     </span>
    </p>
   </div>
   <div class='ocr_carea' id='block_1_113' title="bbox 2184 5557 3694 5652">
    <p class='ocr_par' dir='ltr' id='par_1_113' title="bbox 2184 5557 3694 5652">
     <span class='ocr_line' id='line_1_113' title="bbox 2184 5557 3694 5652; baseline -0.013 -18"><span class='ocrx_word' id='word_1_719' title='bbox 2184 5557 2444 5652; x_wconf 83' lang='grc' dir='ltr'>Μηνὶτῷ</span> <span class='ocrx_word' id='word_1_720' title='bbox 2498 5574 2647 5645; x_wconf 85' lang='grc' dir='ltr'>αὐτῷ</span> <span class='ocrx_word' id='word_1_721' title='bbox 2693 5581 2761 5627; x_wconf 89' lang='grc' dir='ltr'>ια’</span> <span class='ocrx_word' id='word_1_722' title='bbox 2789 5573 2837 5606; x_wconf 72' lang='grc' dir='ltr'>ιο</span> <span class='ocrx_word' id='word_1_723' title='bbox 2881 5571 2982 5635; x_wconf 73' lang='grc' dir='ltr'>Αιξ</span> <span class='ocrx_word' id='word_1_724' title='bbox 3013 5567 3125 5641; x_wconf 81' lang='grc' dir='ltr'>ἑῴα</span> <span class='ocrx_word' id='word_1_725' title='bbox 3168 5565 3344 5623; x_wconf 88' lang='grc' dir='ltr'>δύνει·</span> <span class='ocrx_word' id='word_1_726' title='bbox 3379 5559 3592 5636; x_wconf 73' lang='grc' dir='ltr'>ταραχὴ</span> <span class='ocrx_word' id='word_1_727' title='bbox 3635 5557 3694 5615; x_wconf 66' lang='grc' dir='ltr'>δι</span> 
     </span>
    </p>
   </div>
   <div class='ocr_carea' id='block_1_114' title="bbox 2116 5662 2916 5742">
    <p class='ocr_par' dir='ltr' id='par_1_114' title="bbox 2116 5662 2916 5742">
     <span class='ocr_line' id='line_1_114' title="bbox 2116 5662 2916 5742; baseline -0.01 -18"><span class='ocrx_word' id='word_1_728' title='bbox 2116 5672 2325 5742; x_wconf 78' lang='grc' dir='ltr'>γίνεται</span> <span class='ocrx_word' id='word_1_729' title='bbox 2353 5666 2492 5739; x_wconf 76' lang='grc' dir='ltr'>μετά</span> <span class='ocrx_word' id='word_1_730' title='bbox 2525 5664 2653 5736; x_wconf 84' lang='grc' dir='ltr'>μίαν</span> <span class='ocrx_word' id='word_1_731' title='bbox 2686 5662 2916 5736; x_wconf 78' lang='grc' dir='ltr'>ἡμέραν.</span> 
     </span>
    </p>
   </div>
   <div class='ocr_carea' id='block_1_115' title="bbox 503 5809 3475 5910">
    <p class='ocr_par' dir='ltr' id='par_1_115' title="bbox 503 5809 3475 5910">
     <span class='ocr_line' id='line_1_115' title="bbox 503 5809 3475 5910; baseline -0.005 -28"><span class='ocrx_word' id='word_1_732' title='bbox 503 5823 549 5871; x_wconf 61' lang='grc' dir='ltr'><strong>σε</strong></span> <span class='ocrx_word' id='word_1_733' title='bbox 577 5821 650 5889; x_wconf 70' lang='lat' dir='ltr'><strong>al.</strong></span> <span class='ocrx_word' id='word_1_734' title='bbox 684 5821 894 5896; x_wconf 63' lang='grc' dir='ltr'>ζιΰχειν.</span> <span class='ocrx_word' id='word_1_735' title='bbox 970 5827 1017 5859; x_wconf 80' lang='grc'>¹¹</span> <span class='ocrx_word' id='word_1_736' title='bbox 1042 5827 1115 5884; x_wconf 82' lang='lat' dir='ltr'><strong>al.</strong></span> <span class='ocrx_word' id='word_1_737' title='bbox 1144 5829 1225 5886; x_wconf 84' lang='grc' dir='ltr'>ιδ’.</span> <span class='ocrx_word' id='word_1_738' title='bbox 1312 5831 1356 5865; x_wconf 83' lang='grc'><em>³³</em></span> <span class='ocrx_word' id='word_1_739' title='bbox 1386 5829 1459 5887; x_wconf 85' lang='lat' dir='ltr'><strong>al.</strong></span> <span class='ocrx_word' id='word_1_740' title='bbox 1493 5825 1643 5885; x_wconf 77' lang='grc' dir='ltr'>ἄλλοι</span> <span class='ocrx_word' id='word_1_741' title='bbox 1667 5827 1724 5884; x_wconf 76' lang='grc' dir='ltr'>δὲ</span> <span class='ocrx_word' id='word_1_742' title='bbox 1754 5831 1819 5903; x_wconf 77' lang='grc' dir='ltr'>τῇ</span> <span class='ocrx_word' id='word_1_743' title='bbox 1843 5825 1970 5900; x_wconf 81' lang='grc' dir='ltr'>ἑξῆς</span> <span class='ocrx_word' id='word_1_744' title='bbox 1991 5825 2194 5910; x_wconf 65' lang='grc' dir='ltr'>ἡμέρᾳ.</span> <span class='ocrx_word' id='word_1_745' title='bbox 2271 5822 2319 5857; x_wconf 68' lang='grc'>’³⁸</span> <span class='ocrx_word' id='word_1_746' title='bbox 2344 5821 2418 5877; x_wconf 85' lang='lat' dir='ltr'><strong>al.</strong></span> <span class='ocrx_word' id='word_1_747' title='bbox 2459 5826 2547 5889; x_wconf 74' lang='grc' dir='ltr'>ιγ’.</span> <span class='ocrx_word' id='word_1_748' title='bbox 2574 5884 2588 5894; x_wconf 39' lang='grc'><strong><em>⁸</em></strong></span> <span class='ocrx_word' id='word_1_749' title='bbox 2623 5817 2669 5852; x_wconf 80' lang='grc'><strong><em>³⁸</em></strong></span> <span class='ocrx_word' id='word_1_750' title='bbox 2694 5816 2768 5873; x_wconf 85' lang='grc' dir='ltr'>αι.</span> <span class='ocrx_word' id='word_1_751' title='bbox 2803 5814 3110 5888; x_wconf 76' lang='grc' dir='ltr'>συμϐαίνει.</span> <span class='ocrx_word' id='word_1_752' title='bbox 3183 5813 3230 5845; x_wconf 79' lang='grc'>’⁸⁵</span> <span class='ocrx_word' id='word_1_753' title='bbox 3263 5809 3337 5867; x_wconf 80' lang='grc' dir='ltr'>τί.</span> <span class='ocrx_word' id='word_1_754' title='bbox 3371 5815 3475 5868; x_wconf 59' lang='grc' dir='ltr'>κοΐ.</span> 
     </span>
    </p>
   </div>
  </div>
