4124 6438
372 409 505 460 15δῖ

443 521 589 590 Μηνὶ
616 519 692 590 τῷ
729 519 876 592 αύτῳ
905 527 989 589 κγ’
1023 517 1067 551 ’⁷
1092 521 1293 592 τροπαὶ
1320 521 1644 593 χειμεριναῐ.

444 613 592 682 Μηνὶ
633 613 947 684 Ἰανουαρίῳ
974 612 1014 664 δ’
1047 611 1242 680 Δελφὶς
1277 611 1564 667 ἐπιτέλλει.

445 704 590 776 Μηνὶ
621 703 698 775 τῷ
741 703 891 776 αὐτῷ
925 711 963 756 ε’
991 705 1036 735 ’³
1063 706 1091 756 ὁ
1133 704 1312 766 Ἀετὸς
1353 705 1606 774 ἑσπέριος
1645 703 1822 757 δύνει·
1861 721 1953 764 τα-

379 796 516 868 ραχὴ
542 796 597 849 δὲ
621 795 828 868 σφοδρὰ
861 795 1069 864 γίνεται
1097 795 1233 866 μετὰ
1254 795 1347 848 δύο
1371 795 1607 867 ἡμέρας.

446 886 590 955 Μηνὶ
626 884 703 956 τῷ
730 883 880 955 αὐτῷ
926 891 1003 937 κε’
1032 887 1060 937 ὁ
1086 884 1335 956 λαμπρὸς
1369 883 1542 954 ἀστὴρ
1569 887 1624 937 ἑν
1650 883 1728 956 τῷ
1762 885 1952 940 Λέοντι

375 975 520 1028 δύνει
541 991 554 1003 ·
584 979 722 1029 κινεῖ
745 993 804 1029 τε
838 975 941 1045 πρὸ
967 975 1132 1046 τριῶν
1166 975 1389 1046 ἡμερῶν
1410 976 1501 1029 τὸν
1531 975 1688 1047 ἀέρα.

447 1065 693 1136 Μηνὶτῷ
723 1063 870 1135 αὐτῷ
899 1071 983 1135 κη’
1006 1065 1200 1134 Δελφὶς
1235 1065 1486 1133 ἑσπέριος
1517 1065 1682 1120 δύνει.

446 1157 593 1226 Μηνὶ
624 1156 702 1226 τῷ
735 1155 883 1226 αύτῷ
912 1155 990 1224 κβ¹
1023 1155 1176 1227 Λύρα
1206 1157 1458 1228 ἑσπέριος
1479 1155 1645 1212 δύνει.

445 1246 593 1316 Μηνὶ
623 1245 968 1320 Φεϐρουαρίῳ
1002 1251 1054 1310 ς’
1081 1247 1123 1276 ’ν
1157 1245 1395 1315 Ζέφυρος
1419 1246 1560 1298 πνεῖ.

447 1335 592 1405 Μηνὶ
611 1334 688 1405 τῷ
716 1335 862 1404 αύτῷ
892 1335 974 1387 κδ’
1000 1337 1028 1388 ὁ
1055 1334 1221 1400 Ἰστὸς
1239 1335 1382 1388 δύνει
1417 1336 1690 1407 ἑσπέριος,
1719 1353 1809 1389 και
1837 1336 1952 1389 ἑστι

377 1429 587 1498 ταραχὴ
612 1426 706 1480 τοῦ
730 1427 911 1499 ἀέρος.

449 1519 594 1588 Μηνὶ
618 1519 696 1590 τῷ
717 1519 864 1591 αύτῷ
892 1527 970 1573 κε’
1018 1519 1340 1592 Ἀρκτοῦρος
1364 1518 1649 1572 ἐπιτέλλει.

448 1611 594 1682 Μηνὶ
609 1609 686 1681 τῷ
697 1610 844 1681 αὐτῷ
858 1618 948 1677 κς¹
965 1611 1232 1682 χελιδόνες
1246 1611 1518 1676 πέτονται,
1541 1612 1635 1665 καὶ
1647 1612 1946 1681 φαίνονται.

451 1767 494 1804 ⁸⁷
528 1765 707 1820 αι.κδ’.
783 1765 829 1798 ³⁸
863 1765 937 1821 al.
971 1771 1053 1820 ιε’.
1154 1766 1199 1798 ¹¹⁹
1228 1763 1304 1819 al.
1342 1763 1428 1828 ιζ’.

1245 402 1706 460 DISSERTATIO
1744 401 1832 458 DE
1867 397 2054 458 ORTU
2095 399 2182 454 ET
2222 397 2492 455 OCCASU
2536 396 2863 454 SIDERUM.

1974 526 2022 582 Α
2122 517 2396 573 Vicesima
2417 516 2577 574 tertia
2607 516 2904 573 solstitium
2929 522 3014 571 est
3043 515 3352 571 hibernum.

2125 607 2330 664 Mensis
2361 607 2607 663 Januarii
2642 617 2839 678 quarta
2869 606 3098 676 Delphin
3122 606 3318 661 oritur.

2125 699 2349 765 Quinta,
2382 698 2578 768 Aquila
2605 697 2818 768 vesperi
2848 697 3082 762 occidit;
3107 705 3162 751 ct
3187 697 3246 750 fit
3276 696 3514 750 turbatio
3541 709 3633 750 ve—

2054 791 2282 846 hemens
2312 799 2436 860 post
2468 791 2606 845 duos
2638 790 2777 844 dies.

2125 882 2346 950 Quinta,
2377 883 2607 939 illustris
2635 883 2794 938 stella
2833 882 2890 937 in
2928 879 3110 937 Leone
3156 878 3392 946 occidit;
3423 887 3631 934 movet-

2052 993 2158 1051 que
2188 983 2314 1031 ante
2345 975 2588 1030 triduum
2617 991 2824 1031 aerem.

2127 1066 2397 1122 Vicesima
2424 1073 2618 1121 octava
2655 1067 2882 1136 Delphin
2917 1065 3130 1135 vesperi
3165 1065 3384 1121 occidit.

2124 1157 2395 1216 Vicesima
2421 1173 2586 1224 nona,
2623 1157 2765 1230 Lyra
2787 1157 2998 1227 vesperi
3028 1157 3246 1211 occidit.

2124 1248 2332 1305 Mensis
2361 1247 2646 1304 Februarii
2680 1257 2834 1306 sexta
2870 1247 3144 1303 Favonius
3170 1249 3364 1318 spirat.

2123 1339 2398 1395 Vicesima
2437 1339 2698 1406 secunda,
2745 1341 2924 1397 malus
2951 1339 3116 1396 Navis
3151 1341 3366 1410 vesperi
3402 1341 3628 1408 occidit,

2055 1440 2110 1486 et
2137 1440 2220 1485 est
2255 1429 2501 1485 turbatio
2525 1430 2669 1487 aeris
2701 1446 2916 1502 magna.

2126 1520 2398 1576 Vicesima
2427 1524 2643 1592 quinta,
2676 1523 2946 1578 Arcturus
2981 1523 3197 1592 vesperi
3218 1523 3411 1578 oritur.

2125 1611 2400 1673 Vicesima
2435 1623 2611 1680 sexta,
2649 1615 2971 1673 hirundines
3006 1617 3190 1672 volant
3253 1625 3308 1672 et
3345 1626 3625 1688 apparent.

751 2030 948 2154 DE
1048 2030 1494 2159 ORTU-
1553 1937 1790 2154 ETV
1858 2029 2464 2161 OCCASU
2545 2031 3245 2160 SIDERUM

1611 2243 2405 2335 DISSERTATIO

383 2399 450 2458 Ιιι
470 2418 572 2456 cna
586 2402 751 2456 multa
770 2400 1103 2455 elucidantur
1117 2416 1233 2473 qua:
1249 2401 1313 2454 ab
1331 2400 1632 2454 auctoribus
1657 2415 1819 2469 supra
1840 2395 1994 2453 editis
2011 2396 2226 2452 obscure
2245 2396 2475 2468 allegata
2491 2412 2634 2464 sum,
2657 2398 2736 2452 vel
2757 2398 3093 2470 corriguntur
3110 2416 3226 2471 qua:
3241 2416 3451 2455 errones
3466 2399 3630 2455 dicta.

1260 2517 1428 2579 (Dion.
1454 2520 1710 2580 Pennus,
1746 2519 1812 2569 De
1832 2515 2053 2569 doctrina
2075 2523 2361 2581 temporum,
2397 2521 2432 2567 t.
2459 2515 2545 2578 III,
2572 2529 2623 2579 p.
2643 2513 2747 2576 39.)

966 2713 1369 2768 ΠΡΟΘΕΩΡΙΑ.

450 2805 526 2862 De
559 2814 682 2860 ortu
723 2805 962 2862 siderum
1007 2815 1062 2861 et
1109 2822 1309 2862 occasu
1359 2806 1562 2863 selecta
1601 2808 1848 2878 quaedam
1888 2825 1956 2866 ex

380 2899 602 2968 Optimis
649 2905 705 2954 et
751 2897 992 2967 antiquis
1045 2898 1363 2953 auctoribus
1413 2902 1661 2969 exempla
1716 2901 1958 2970 profere-

379 3005 538 3055 mus,
576 2988 631 3042 in
677 2988 878 3058 quibus
928 2994 1146 3042 ortuum
1194 2998 1248 3043 et
1296 3003 1590 3042 occasuum
1641 2991 1956 3044 varietatem

378 3095 595 3136 omnem
627 3079 996 3150 experiemur;
1034 3087 1093 3134 ut
1137 3079 1204 3134 ad
1257 3087 1575 3134 caeterorum
1609 3081 1703 3150 qui
1751 3082 1959 3151 passim

381 3172 629 3228 incidunt
660 3187 817 3228 usum
853 3181 908 3228 et
940 3170 1319 3226 tractationem
1359 3185 1661 3240 paucorum
1692 3170 1954 3227 observa-

380 3264 456 3316 tio
490 3261 848 3317 similitudine
895 3262 1013 3332 ipsa
1060 3261 1348 3332 pertineat.
1403 3259 1508 3315 Sed
1541 3261 1642 3316 tria
1686 3269 1815 3318 sunt
1850 3262 1956 3317 im-

380 3353 592 3428 primis,
621 3369 741 3423 qua:
767 3352 833 3406 ad
859 3360 1011 3407 ortus
1040 3362 1094 3408 et
1123 3367 1356 3409 occasus
1380 3353 1618 3424 speciem
1643 3353 1698 3407 in
1719 3355 1958 3423 scripto-

382 3459 502 3512 rum
542 3444 698 3498 libris
743 3443 1040 3498 eruendam
1087 3450 1275 3499 notata
1324 3459 1450 3501 esse
1492 3445 1754 3503 doctrina:
1797 3445 1960 3518 hujus

381 3533 620 3592 artifices
639 3534 850 3605 jubeut.
871 3535 1110 3590 Primum
1129 3544 1214 3591 est
1236 3544 1472 3606 tempus,
1497 3537 1644 3608 quod
1668 3538 1738 3593 ab
1767 3545 1960 3593 aucto-

383 3643 443 3683 re
472 3627 592 3698 ipso
633 3627 706 3684 sit
739 3643 1082 3698 expressum,
1110 3635 1204 3684 aut
1231 3644 1299 3686 ex
1331 3629 1453 3698 ejus
1496 3629 1746 3685 oratione
1781 3628 1962 3701 colligi

383 3721 588 3790 possit;
627 3719 927 3774 secundum
980 3727 1064 3775 est
1108 3720 1263 3774 locus
1307 3721 1441 3776 solis
1478 3720 1556 3774 illi
1608 3721 1838 3791 tempori
1875 3737 1964 3777 re-

385 3811 694 3882 spondens;
756 3813 980 3867 tertium
1033 3819 1119 3868 est
1175 3812 1425 3884 signiferi
1473 3813 1624 3869 orbis
1671 3813 1959 3883 particula,

383 3903 501 3958 sive
533 3903 755 3973 gradus,
789 3919 1022 3973 quocum
1063 3903 1218 3962 stella
1258 3905 1436 3958 oritur
1481 3912 1576 3958 aut
1616 3905 1820 3960 occidit
1851 3926 1865 3961 :
1895 3921 1962 3962 ex

384 4010 496 4066 quo
532 3995 749 4050 demum
801 4006 1012 4066 tempus
1062 3995 1318 4054 idoneum
1376 3997 1431 4051 in
1478 4012 1625 4052 anno
1668 4012 1733 4052 ac
1776 4013 1962 4054 mense

383 4087 658 4158 capiatur.
691 4087 768 4141 Ex
797 4087 864 4150 iis
897 4089 1131 4158 primum
1176 4088 1280 4142 nisi
1322 4102 1353 4140 a
1397 4087 1668 4158 scriptore
1719 4087 1962 4144 declare-

384 4185 496 4242 tur,
525 4178 694 4234 certis
739 4179 1074 4249 conjecturis
1111 4193 1176 4232 ac
1207 4178 1642 4236 circumstantiis
1685 4179 1963 4234 aestimau-

384 4271 516 4327 dum
552 4287 695 4337 esse,
726 4281 876 4326 recte
917 4270 1081 4326 iidem
1125 4270 1201 4330 illi
1251 4271 1451 4326 eruditi
1493 4271 1745 4327 homines
1774 4271 1964 4326 admo-

385 4373 539 4421 nent.
593 4364 648 4418 In
680 4364 896 4419 duobus
929 4363 1270 4434 explicandis
1313 4365 1464 4420 soleo
1513 4379 1623 4420 non
1676 4365 1962 4420 scientiam

387 4454 606 4523 quidem
640 4453 695 4507 in
727 4453 1022 4524 plerisque,
1048 4453 1140 4523 qui
1177 4463 1302 4508 ante
1334 4469 1434 4509 nos
1473 4453 1576 4509 ista
1610 4453 1964 4508 commentati

389 4555 536 4610 sunt,
569 4545 665 4600 sed
715 4546 1068 4601 attentionem
1117 4545 1184 4599 ad
1245 4546 1296 4601 id
1347 4545 1494 4616 quod
1542 4545 1878 4608 scribebant,
1909 4552 1965 4600 et

387 4637 508 4707 ejus
558 4635 702 4706 quod
754 4635 968 4706 egregie
1018 4644 1238 4699 norant,
1295 4635 1727 4692 recordationem
1779 4634 1965 4705 requi-

389 4744 530 4784 rere.
578 4727 712 4787 Nam
761 4727 816 4781 in
868 4734 1078 4782 tantam
1131 4727 1526 4784 absurditatem
1574 4727 1963 4783 nonnullorum

387 4819 606 4882 devenit
649 4817 848 4881 oratio,
877 4827 938 4871 ut
980 4832 1158 4887 neque
1194 4833 1318 4872 cum
1362 4819 1668 4889 pervagatis
1709 4825 1964 4873 astrono—

388 4909 509 4964 miae
547 4908 868 4980 principiis,
915 4923 1092 4978 neque
1124 4924 1250 4964 cum
1277 4910 1562 4964 oculorum
1603 4923 1668 4964 ac
1704 4923 1965 4964 sensuum

387 5000 746 5072 experientia,
769 5015 947 5069 neque
973 5015 1157 5055 secum
1185 5009 1460 5070 postremo
1487 5001 1605 5071 ipsa
1633 5001 1963 5056 consentiat.

460 5093 592 5158 Quae
630 5106 717 5146 res
747 5099 808 5144 ut
839 5106 948 5145 non
985 5091 1143 5160 ipsis,
1173 5091 1263 5162 qui
1303 5091 1409 5146 ista
1454 5092 1747 5162 scripsere,
1786 5089 1966 5146 fraudi

390 5183 553 5239 fuerit
584 5183 813 5248 eruditis
843 5182 1179 5244 hominibus.
1215 5189 1269 5237 et
1311 5183 1504 5237 harum
1547 5183 1967 5253 disciplinarum

389 5276 619 5332 scientia
666 5275 932 5347 praeditis,
964 5285 1019 5329 at
1048 5276 1172 5334 aliis
1216 5290 1326 5330 non
1375 5275 1725 5330 mediocriter
1766 5275 1964 5337 obfuit,

327 5363 332 5367 ’
389 5367 474 5420 vel
507 5367 686 5422 minus
720 5382 882 5435 quam
916 5367 991 5420 illi
1025 5367 1197 5430 fuere.
1231 5366 1444 5430 doctis,
1479 5367 1564 5422 vel
1607 5380 1834 5435 prorsus
1864 5365 1966 5420 im-

389 5457 610 5526 peritis,
659 5459 752 5526 qui
797 5457 1058 5527 impetqu
1109 5457 1176 5518 ad
1223 5458 1570 5512 scribendum
1600 5458 1719 5512 sine
1755 5464 1876 5512 arte
1902 5471 1967 5510 ac

387 5548 594 5617 judicio
617 5549 907 5604 conferunt
929 5589 942 5614 ,
972 5557 1028 5614 et
1053 5565 1175 5616 quae
1201 5549 1342 5618 apud
1373 5550 1510 5604 alios
1539 5555 1816 5618 utcunque
1843 5564 1969 5619 per-

393 5647 622 5694 tractata
654 5641 903 5714 legerint,
937 5657 1173 5712 quorum
1207 5642 1369 5695 rudes
1402 5641 1505 5709 ipsi
1545 5647 1696 5697 sunt.
1727 5657 1813 5706 ea,
1845 5648 1969 5696 utut

392 5747 453 5788 se
485 5732 706 5796 habent,
734 5733 788 5786 in
847 5735 1335 5793 commentationes
1381 5748 1511 5787 suas
1558 5731 1965 5800 transfundere,

394 5823 461 5880 ad
496 5839 764 5887 summam
795 5825 897 5883 sibi
927 5824 1188 5888 doctrinae
1233 5821 1431 5879 famam
1479 5840 1539 5880 ac
1573 5823 1798 5896 gloriam
1840 5839 1968 5904 pcr-

1976 2627 2048 2642 ο..

1994 2725 2038 2782 Β
2067 2715 2242 2778 tinere
2288 2720 2502 2785 putant.
2551 2711 2614 2766 ιη
2661 2711 2858 2766 horum
2897 2727 3062 2785 grege
3103 2711 3263 2768 facile
3294 2713 3500 2784 primas
3532 2713 3636 2769 hac

2055 2813 2213 2861 aetate
2246 2804 2338 2859 ille
2377 2804 2616 2873 scriptor
2657 2804 2893 2868 obtinet,
2926 2805 3017 2874 qui
3057 2802 3334 2861 Plinianas
3365 2805 3452 2870 ad
3498 2804 3638 2860 Soli-

2057 2912 2188 2951 num
2227 2895 2656 2951 exercitationes
2688 2910 2867 2966 nuper
2895 2895 3087 2950 edidit.
3121 2896 3196 2951 lbi
3236 2897 3382 2952 enim
3412 2898 3480 2952 de
3509 2906 3635 2952 ortu

2056 2997 2111 3042 et
2139 3001 2340 3040 occasu
2369 2985 2611 3042 siderum
2641 2999 2766 3038 cum
2803 2985 3080 3052 universe,
3111 2993 3226 3040 tum
3260 2994 3539 3042 certorum
3581 2996 3630 3044 et

2059 3077 2380 3148 insignium,
2413 3084 2523 3130 tam
2582 3076 2752 3130 multa
2807 3076 3045 3146 scripsit,
3091 3084 3149 3130 ut
3208 3077 3402 3131 barum
3452 3093 3634 3133 rerum

2058 3169 2490 3225 scientissimum
2541 3183 2602 3224 se
2639 3183 2763 3224 esse
2804 3169 2968 3239 vulgo
3020 3167 3338 3239 persuaderi
3371 3170 3634 3237 voluerit;

2058 3267 2170 3316 tam
2202 3267 2383 3315 autem
2417 3259 2562 3316 foede
2590 3260 2643 3314 in
2672 3261 2929 3316 omnibus
2959 3259 3202 3325 oﬂ‘endit,
3230 3270 3289 3316 ut
3321 3263 3431 3317 nan
3456 3269 3640 3317 tanto-

2059 3363 2190 3420 pere
2243 3347 2543 3412 inscitiam,
2592 3356 2857 3418 quantum
2913 3363 2978 3405 os
3027 3348 3267 3405 hominis
3318 3351 3526 3417 mirari,
3573 3367 3638 3407 ac

2061 3443 2331 3514 castigare
2375 3440 2542 3496 etiam
2585 3442 2723 3496 velle
2776 3441 3002 3507 subeat;
3047 3442 3141 3514 qui
3189 3458 3419 3513 quarum
3455 3458 3637 3499 rerum

2062 3535 2308 3591 funditus
2338 3541 2486 3590 esset
2521 3548 2736 3606 expers,
2769 3533 2838 3588 de
2868 3533 2934 3590 iis
2965 3535 3318 3606 praescribere
3345 3551 3408 3590 ac
3440 3535 3640 3594 docere

2063 3628 2222 3691 alios,
2250 3627 2370 3681 sine
2392 3625 2504 3680 ullo
2531 3624 2762 3696 pudore,
2783 3626 3094 3681 tentaverit.
3122 3625 3197 3681 De
3221 3626 3380 3696 cujus
3407 3627 3641 3697 scripto-

2061 3723 2140 3778 ris
2173 3722 2374 3778 erratis
2402 3721 2565 3791 paulo
2605 3728 2728 3790 post
2771 3720 3004 3776 dicetur.
3030 3719 3185 3776 Nunc
3220 3722 3310 3776 illa
3353 3733 3642 3791 praevertaa

2063 3829 2208 3878 mus,
2238 3812 2293 3869 in
2323 3812 2522 3883 quibus
2550 3827 2742 3882 parum
2776 3811 2936 3866 nobis
2980 3817 3219 3869 attentos
3249 3827 3372 3869 esse
3406 3815 3642 3868 nonnul-

2064 3905 2148 3960 los
2182 3903 2429 3959 eruditos
2461 3902 2969 3958 animadvertimus.

2133 3994 2218 4050 Ad
2249 3997 2414 4050 situm
2447 3995 2584 4050 solis
2615 3995 2669 4049 in
2703 3994 2949 4059 zodiaco,
2974 4001 3028 4049 et
3050 3995 3104 4050 in
3130 3995 3319 4050 eodem
3350 3995 3642 4052 orientium

1988 4070 2030 4128 (ἶ
2065 4087 2352 4144 stellarum
2397 4094 2453 4142 et
2506 4085 2872 4142 occidentium
2914 4086 3167 4157 regiones
3214 4087 3642 4158 investigandas,

2062 4180 2305 4251 primum
2323 4179 2570 4234 omnium
2607 4179 2885 4235 observari
2914 4180 3127 4244 volunt,
3154 4181 3356 4250 quibus
3371 4183 3642 4238 mensium

2064 4273 2262 4329 diebus
2291 4273 2374 4328 sol
2406 4273 2716 4344 ingressum
2752 4273 2808 4327 in
2839 4272 3279 4328 dodecatemoria
3319 4273 3529 4343 singula
3561 4273 3643 4327 fa-

2065 4372 2213 4419 ceret
2241 4363 2310 4419 iis
2338 4363 2702 4433 temporibus,
2733 4363 2934 4432 quibus
2961 4368 3172 4418 veteres
3199 4363 3276 4417 illi
3308 4360 3641 4428 ﬂbruerunt;

2065 4454 2232 4525 idque
2264 4469 2330 4508 ex
2366 4453 2690 4520 Columella,
2723 4452 2917 4516 Plinio,
2954 4451 3169 4516 Ovidio,
3201 4468 3264 4507 ac
3297 4454 3507 4509 ca:teris
3531 4455 3645 4507 col-

2065 4547 2184 4618 ligi.
2231 4545 2370 4608 Tum
2422 4544 2753 4615 quibuscum
2789 4543 2996 4598 zodiaci
3033 4543 3294 4615 gradibus
3331 4554 3486 4601 ortus
3524 4545 3645 4599 illa-

2065 4653 2187 4691 rum
2248 4650 2594 4705 occasusque
2648 4643 3052 4704 congruerent,
3102 4635 3390 4706 diligenter
3445 4637 3642 4691 notari.

2065 4729 2208 4784 Hinc
2247 4729 2393 4783 enim
2442 4727 2603 4782 facile
2643 4726 2868 4796 conjici,
2903 4742 3044 4796 quos
3097 4727 3152 4780 in
3184 4725 3304 4782 dies
3331 4727 3647 4784 conferendi

2067 4820 2144 4874 illi
2162 4821 2313 4884 sint;
2341 4835 2490 4884 cum,
2519 4819 2722 4888 quibus
2748 4818 2832 4874 sol
2858 4819 2925 4872 ad
2953 4819 3383 4889 unumquodque
3432 4820 3646 4890 signum

2068 4915 2377 4985 perveniret
2433 4915 2636 4970 saeculo
2693 4914 2821 4976 illo,
2876 4915 3316 4986 cognoverimus.
3371 4913 3538 4968 Recte
3594 4913 3647 4967 id

2067 5007 2287 5077 quidem
2332 5005 2619 5061 hactenus.
2651 5002 2856 5059 Verum
2902 5003 2957 5057 in
3004 5005 3124 5059 loco
3159 5004 3293 5060 solis
3335 5002 3648 5058 definiendo

2070 5113 2261 5169 parum
2297 5097 2458 5153 iidem
2497 5104 2811 5152 accuratam
2849 5097 3118 5151 rationem
3149 5105 3353 5153 tenent.
3389 5095 3523 5151 Nam
3565 5097 3652 5150 in-

2069 5202 2292 5256 gressus
2333 5186 2389 5240 in
2436 5184 2878 5241 dodecatemoria
2907 5200 3016 5240 non
3047 5199 3112 5239 ex
3148 5185 3224 5239 rei
3271 5184 3518 5246 veritate,
3550 5181 3647 5237 sed

2069 5291 2138 5330 ex
2166 5275 2302 5330 falsa
2325 5273 2686 5345 quorumdam
2718 5281 2962 5329 veterum
2988 5272 3348 5343 persuasione
3378 5279 3644 5328 statuunt.

2069 5367 2161 5423 Sic
2201 5368 2254 5421 in
2283 5367 2523 5422 Arietem
2549 5365 2679 5420 Julii
2707 5365 2940 5420 Caesaris
2971 5376 3213 5435 tempore
3244 5364 3413 5418 solem
3446 5379 3513 5417 xv
3541 5362 3650 5416 Ka-

2075 5459 2263 5515 lendas
2289 5459 2447 5529 Apr.,
2471 5457 2573 5512 hoc
2601 5466 2686 5512 est
2713 5456 2891 5510 Martii
2931 5473 3062 5511 xvm
3107 5456 3386 5510 introiisse
3411 5454 3600 5509 dicunt
3631 5472 3646 5518 ;

2075 5549 2129 5603 iu
2144 5548 2388 5603 Taurum
2419 5561 2550 5602 vero
2574 5546 2776 5617 Aprilis
2802 5561 2969 5613 xvttt;
3001 5547 3056 5601 in
3077 5544 3357 5612 Geminos,
3383 5543 3508 5598 Maii
3532 5558 3648 5597 xtx.

2075 5639 2230 5705 Quod
2266 5649 2327 5692 ut
2356 5649 2452 5706 per
2487 5653 2609 5694 sese
2661 5636 2857 5692 falsum
2890 5645 3012 5701 est,
3042 5636 3122 5692 sic
3164 5651 3232 5692 eo
3278 5637 3458 5706 posito
3505 5634 3653 5690 side-

2072 5747 2194 5788 rum
2229 5740 2382 5786 ortus
2412 5745 2752 5800 occasusque
2786 5742 3091 5800 perperam,
3123 5737 3176 5783 et
3219 5728 3412 5784 alienis
3457 5726 3650 5782 diebus

2075 5825 2271 5897 illigari
2304 5838 2532 5882 necesse
2561 5829 2667 5881 est.
2700 5821 2772 5879 lit
2798 5821 2942 5878 enim
2976 5821 3058 5880 sui
3089 5819 3143 5877 in
3169 5819 3431 5885 Taurum.
3463 5834 3649 5877 exem-
