4124 6426
481 425 617 484 ιτω

1491 422 1582 476 AD
1615 421 1894 477 EUSEBII
1934 421 2332 479 CHRONICON
2355 419 2717 476 APPENDIX.

3597 419 3740 476 {M0

475 544 548 614 {:li
581 557 774 606 causa,
807 539 1040 596 subierit
1073 552 1209 592 xvttt
1240 535 1328 591 die
1358 537 1561 606 Aprilis
1582 577 1597 601 ,
1635 533 1908 606 Vergiliae,
1941 551 2062 606 qua:

2170 533 2437 606 ρουμένου
2458 549 2473 564 ο
2509 533 2542 604 ἢ
2575 531 2684 588 ἀπό
2715 547 2860 594 τινος
2885 529 2993 584 τῶν
3015 529 3506 585 συνανατελλόντων
3537 531 3744 604 βορειο-

477 637 532 688 iu
577 631 749 704 gradu
794 631 962 685 Tauri
999 645 1168 684 xxvm
1210 629 1536 682 matutinum
1575 635 1756 681 ortum
1791 641 2064 698 apparen-

478 733 586 780 te.n
634 724 906 778 faciebant
948 735 1092 775 anno
1135 719 1311 790 primo
1355 716 1597 781 Iuliano,
1634 718 1713 772 uti
1758 731 1926 787 supra
1967 715 2064 772 de-

479 823 844 872 monstratum
875 821 980 876 est,
1003 819 1135 866 orta:
1159 811 1362 866 fuerint
1383 809 1506 864 Maii
1537 825 1624 875 xv,
1657 808 1742 864 vel
1775 823 1910 872 xvn,
1936 823 2064 862 cum

477 924 663 963 tamen
696 921 831 961 xxm
878 905 932 959 id
966 902 1248 959 acciderit.
1281 901 1358 956 Ita
1390 902 1584 956 diebus
1615 915 1714 955 vnt
1753 901 1975 954 circiter
2007 899 2065 953 in

483 1015 550 1056 ea
580 1000 944 1069 descriptione
969 1003 1247 1068 peccatur.
1275 991 1684 1062 Ejusdemmodi
1717 999 1912 1046 caetera
1937 995 2066 1044 sunt

479 1093 772 1147 orientium
813 1090 1099 1145 intervalla
1149 1087 1391 1143 siderum
1426 1103 1440 1140 :
1479 1085 1533 1138 in
1574 1085 1776 1154 quibus
1823 1099 2066 1154 pronun-

479 1184 682 1238 tiandis
719 1184 786 1237 iis
816 1182 883 1236 de
915 1182 1101 1236 causis
1132 1195 1289 1234 error
1321 1177 1640 1239 intervenit,
1685 1175 1779 1246 qui
1821 1173 2066 1245 profecto

478 1275 841 1345 castigatione
885 1289 1024 1344 opus
1069 1273 1252 1326 habet.
1294 1269 1660 1334 Quamobrem
1691 1267 1758 1320 de
1789 1266 1893 1320 hac
1926 1265 2069 1318 anti-

477 1381 714 1439 quorum
754 1365 1115 1434 quorumdam
1149 1361 1427 1430 opinione,
1461 1367 1516 1413 et
1548 1371 1854 1412 annuorum
1887 1355 2068 1412 cardi-

481 1473 612 1514 num
646 1456 1010 1511 inteversione
1053 1454 1163 1506 dici
1209 1453 1314 1506 hoc
1357 1451 1480 1505 loco
1513 1465 1738 1504 necesse
1773 1457 1878 1512 est,
1907 1455 1968 1501 ut
1999 1447 2068 1502 iis

482 1548 804 1604 auctoribus
855 1544 1219 1609 illustrandis,
1268 1559 1406 1614 quos
1459 1543 1514 1597 in
1573 1541 1714 1596 hanc
1767 1540 2066 1595 editionem

482 1640 842 1709 conjecimus,
876 1635 1106 1692 Gemino
1141 1635 1466 1706 praesertim,
1504 1631 1837 1703 Hipparcho,
1885 1629 2064 1684 Ptole-

483 1745 640 1797 maeo,
670 1729 827 1784 Tatio
861 1743 1029 1799 opera
1063 1727 1167 1780 ista
1199 1727 1423 1781 serviat.

1114 1837 1345 1898 CAPUT
1386 1839 1424 1894 l.

485 1935 564 1992 De
603 1935 984 2008 wquinoctiglis
1027 1943 1078 2008 et
1127 1933 1336 2008 zodiaci
1373 1930 1668 2008 partitione
1696 1945 1729 1982 a
1770 1925 2059 1992 Chaldwis,

835 2004 1104 2076 .Egyptiis
1127 2020 1189 2057 ac
1213 2001 1411 2057 ercis
1439 2001 1710 2055 instituta.

557 2096 674 2152 Duo
696 2106 823 2154 sunt
849 2097 1062 2163 circuli,
1100 2095 1168 2150 ad
1191 2109 1330 2165 quos
1353 2093 1630 2148 stellarum
1677 2091 1818 2148 situs
1852 2096 1907 2145 et
1933 2103 2066 2144 con-

485 2190 766 2244 versiones
813 2189 1121 2258 exiguntur,
1177 2185 1574 2256 mquinoctialis
1635 2193 1688 2239 et
1754 2180 2063 2236 zodiacus:

485 2297 552 2334 ex
597 2296 827 2350 quorum
871 2279 1164 2349 partitione
1215 2277 1498 2346 longitudo
1536 2276 1845 2337 stellarum,
1879 2287 1946 2326 ex
1983 2270 2070 2325 di-

489 2372 692 2426 stantia
747 2371 978 2426 latitudo
1021 2371 1276 2425 sumitur.
1341 2369 1422 2423 Ac
1479 2368 1733 2424 videntur
1789 2366 1944 2436 prius
1999 2363 2068 2418 ad

487 2465 924 2535 aquiuoctialem
992 2469 1224 2534 utroque
1289 2463 1454 2516 modo
1508 2463 1680 2518 stellae
1741 2465 2069 2530 comparatae

489 2573 652 2629 quam
709 2556 777 2610 ad
834 2555 1141 2617 zodiacum,
1192 2569 1301 2607 non
1359 2554 1536 2608 solum
1583 2554 1639 2607 in
1689 2550 1917 2613 Graecia,
1972 2547 2068 2605 sed

491 2651 654 2707 etiam
687 2647 830 2719 apud
864 2647 1149 2720 Egyptios
1180 2653 1234 2702 et
1259 2645 1576 2712 Chaldaeos;
1613 2644 1812 2715 quibus
1855 2642 1935 2698 vel
1985 2641 2069 2694 in-

489 2749 654 2797 venta
698 2740 782 2795 vel
824 2739 1138 2810 diligentius
1179 2739 1396 2793 exculta
1437 2743 1842 2808 prepagataque
1872 2733 1926 2788 in
1961 2747 2072 2788 caeo

491 2840 638 2886 ιρι-οε
667 2831 997 2886 astronomia
1031 2829 1291 2885 creditur.
1317 2829 1388 2884 De
1415 2825 1620 2882 Graecis
1648 2827 1924 2882 memoria:
1950 2839 2072 2894 pro-

491 2923 665 2978 ditum
697 2929 800 2985 est,
833 2923 1068 2992 primum
1121 2921 1365 2976 omnium
1413 2917 1879 2974 Anaximandrum
1923 2915 2069 2972 Mile-

493 3012 635 3068 sium
687 3011 1062 3081 obliquitatem
1117 3007 1364 3082 signiferi
1421 3007 1848 3079 deprehendisse
1885 3005 2071 3078 Olym-

492 3101 650 3173 piade
685 3101 1138 3186 quinquagesima
1185 3107 1397 3155 octava.
1433 3097 1562 3156 Post
1593 3101 1760 3164 hunc,
1792 3099 2071 3155 Cleostra-

2089 1893 2137 1952 Β

2163 626 2342 698 τέρων
2391 627 2425 696 ἢ
2477 625 2832 696 νοτιωτέρων.
2897 641 2915 674 ι
2953 623 3028 676 Ex
3083 621 3185 676 bac
3229 622 3550 678 ascensione
3599 625 3741 679 duo-

2166 717 2395 773 decimae
2453 718 2664 788 partis,
2721 717 2969 771 ultimum
3031 716 3319 770 terminum
3381 713 3744 782 designabant

2165 809 2324 864 stella
2350 809 2608 879 quapiam
2641 807 2868 878 insigni,
2896 821 3016 877 quae
3043 807 3097 860 in
3127 820 3192 860 eo
3225 805 3346 876 ipso
3373 806 3606 861 termino
3632 808 3750 864 sita

2162 907 2316 964 erat;
2347 899 2428 953 vel
2455 899 2523 953 ab
2549 897 2654 952 alia
2693 897 3083 962 borealiorum,
3114 897 3589 964 australiorumve,
3619 913 3744 969 qua

2165 990 2328 1046 simul
2355 997 2604 1044 exortum
2637 989 2899 1044 facerent.
2937 1008 2956 1040 ι

2235 1078 2406 1150 igitur
2433 1094 2498 1134 ex
2533 1079 2732 1133 diurna
2779 1081 3138 1136 conversione
3173 1079 3344 1138 stella:
3373 1080 3497 1134 cmli
3536 1079 3742 1136 circui-

2165 1178 2282 1225 tum
2327 1171 2610 1226 dimensus
2641 1184 2764 1225 esse
2793 1171 2984 1236 refert,
3013 1179 3175 1240 atque
3207 1169 3310 1224 hoc
3341 1171 3577 1240 spatium
3607 1170 3747 1226 duo-

2164 1262 2339 1318 decim
2386 1263 2624 1332 aequales
2679 1261 2734 1316 in
2791 1269 2974 1332 partes
3025 1261 3393 1319 distribuisse.
3447 1261 3628 1329 Quare
3677 1277 3748 1317 ex

2165 1355 2602 1419 ascensionibus,
2631 1361 2685 1409 et
2715 1369 2835 1424 qua:
2865 1361 3112 1424 tempora
3139 1361 3336 1409 vocant
3369 1354 3625 1420 artiﬁces,
3659 1361 3745 1407 at-

2166 1461 2274 1516 que
2303 1448 2358 1500 in
2389 1446 2758 1516 atquinoctiali
2792 1445 3022 1508 circulo,
3055 1459 3164 1498 non
3211 1445 3266 1498 in
3313 1443 3537 1514 obliquo
3565 1451 3619 1499 et
3653 1459 3748 1498 zo-

2165 1539 2345 1605 diaco,
2373 1538 2942 1594 dodecatemoriorum
2987 1537 3356 1608 longitudines
3395 1537 3555 1592 initio
3595 1552 3750 1592 com-

2167 1637 2465 1701 putarunt;
2497 1629 2714 1685 tametsi
2747 1637 3154 1699 segmentorum
3189 1629 3393 1685 limites
3421 1629 3595 1686 stellis
3625 1632 3752 1701 qui-

2167 1725 2426 1790 busdam,
2457 1723 2605 1778 velut
2630 1721 2972 1786 cardinibus,
2997 1721 3418 1793 distinguerent.
3445 1721 3560 1778 [loc
3585 1725 3752 1778 modo

2169 1821 2446 1884 segmenta
2488 1813 2780 1868 duodecim
2811 1813 2864 1867 in
2913 1814 3137 1869 zodiaco
3169 1814 3392 1869 fuerunt
3425 1815 3749 1886 inaequalia;

2165 1907 2217 1962 in
2241 1905 2608 1976 aequinoctiali
2641 1915 2818 1960 autem
2870 1905 3137 1975 aequalia,
3195 1911 3388 1961 contra
3439 1922 3504 1961 ac
3557 1916 3754 1978 postea

2165 1997 2370 2052 factum
2405 2007 2508 2052 est.
2541 1997 2674 2050 Nam
2720 1995 2883 2052 hodie
2927 1996 3365 2052 dodecatemoria
3417 1997 3473 2053 in
3523 1998 3754 2054 zodiaco

2165 2089 2375 2143 circulo
2408 2093 2538 2144 sunt
2579 2088 2829 2160 mqualia,
2863 2099 2972 2143 tam
3007 2089 3061 2143 in
3085 2095 3260 2154 recto,
3293 2103 3460 2160 quam
3509 2089 3564 2144 in
3611 2091 3754 2144 obli-

2167 2195 2274 2250 quo
2303 2180 2428 2236 coeli
2459 2181 2672 2250 positu;
2705 2179 2760 2234 in
2790 2179 3181 2250 aequinoctiali,
3213 2189 3436 2251 propter
3465 2181 3754 2237 ascensio-

2167 2289 2296 2327 num
2325 2271 2720 2334 diversitatem,
2751 2271 3044 2341 utrobique
3093 2279 3223 2327 sunt
3273 2272 3506 2342 majora,
3536 2273 3622 2328 vel
3650 2274 3755 2327 mi-

2167 2379 2326 2420 nora.
2352 2363 2681 2434 Quanquam
2704 2361 2868 2419 Picus
2893 2363 3308 2418 Mirandulanus
3337 2363 3431 2418 lib.
3461 2363 3524 2418 Vl
3549 2361 3756 2420 Contra

2168 2453 2357 2508 astrol.
2400 2467 2520 2523 cap.
2551 2451 2634 2517 γι,
2667 2451 2954 2507 Chaldaeos
2985 2453 3062 2506 ait
3093 2452 3266 2522 signis
3303 2467 3434 2507 usos
3462 2467 3573 2508 non
3603 2469 3752 2518 esse,

2167 2544 2264 2600 sed
2307 2543 2661 2616 imaginibus.
2713 2543 2819 2601 Sed
2865 2543 3227 2600 nihilominus
3265 2545 3612 2614 inaequalitas
3659 2547 3754 2600 illa

2169 2639 2504 2693 constiterit.
2545 2635 2826 2707 Siquidem
2881 2638 3179 2708 imagines,
3227 2637 3344 2694 sive
3383 2638 3559 2692 octavi
3599 2638 3758 2696 orbis

2171 2737 2451 2800 segmenta
2484 2729 2650 2784 certis
2676 2730 2936 2784 distincta
2966 2729 3242 2785 sideribus
3283 2729 3572 2800 inaequalia
3599 2741 3754 2794 sunt,

2167 2829 2229 2874 ut
2257 2821 2363 2874 alia
2399 2819 2902 2875 dodecatemorium
2936 2837 3102 2898 suum
3143 2837 3252 2876 non
3293 2821 3574 2893 impleant,
3603 2823 3756 2878 velut

2168 2911 2418 2976 Cancer;
2463 2910 2731 2966 excedant
2758 2911 2885 2978 alia,
2917 2921 2972 2967 et
3013 2913 3068 2967 in
3114 2913 3294 2967 vicina
3333 2911 3661 2976 redundent,
3693 2921 3758 2971 ut

2172 3001 2300 3069 Leo,
2333 3003 2566 3059 testibus
2597 3003 2907 3074 Hipparcho
2949 3015 3004 3061 et
3041 3003 3290 3062 Gemino.
3323 3005 3430 3062 Sed
3471 3021 3550 3062 eae
3587 3005 3756 3060 Chal-

2171 3094 2411 3150 daeorum
2449 3103 2504 3151 et
2553 3095 2934 3168 Egyptiorum
2981 3097 3247 3168 imagines
3277 3113 3305 3152 a
3337 3098 3571 3169 vulgatis
3609 3097 3760 3154 Grab-

490 3200 606 3246 tum
637 3189 934 3246 Tenedium
973 3193 1126 3260 signa
1169 3191 1223 3245 in
1261 3191 1392 3247 orbe
1427 3192 1521 3246 illo
1553 3191 1844 3260 reperisse,
1876 3197 1930 3245 et
1957 3189 2070 3260 pri-
2097 3231 2140 3290 ο
2173 3201 2384 3251 corum,
2415 3195 2468 3243 et
2497 3187 2768 3258 hodieque
2801 3189 3108 3260 pervagatis
3146 3189 3376 3245 diversae
3416 3189 3659 3256 fuerunt,
3691 3200 3756 3246 ut

493 3297 580 3336 ma
610 3283 808 3338 Arietis
856 3297 919 3336 ac
953 3281 1256 3352 Sagittarii,
1305 3289 1361 3335 ut
1385 3281 1578 3337 scribit
1614 3279 1824 3337 Plinius
1869 3280 1964 3335 lib.
1999 3277 2066 3346 ll,

493 3389 616 3444 cap.
653 3371 782 3427 Vill.
808 3373 975 3428 Addit
1003 3373 1247 3445 llyginus
1279 3373 1377 3428 lib.
1421 3373 1464 3428 ll
1492 3373 1570 3428 De
1595 3375 1920 3428 astronomia
1947 3389 2070 3443 poe-

505 3464 621 3530 .ica,
653 3479 774 3534 cap.
807 3463 874 3518 de
907 3463 1206 3528 lleniocho,
1240 3464 1404 3519 etiam
1453 3461 1657 3520 Haedus
1703 3463 1772 3520 ab
1819 3465 1912 3519 illo
1959 3464 2072 3536 pri-

495 3571 642 3610 mum
672 3563 891 3610 notatos
921 3557 976 3608 in
1003 3557 1164 3612 coelo.

565 3647 722 3716 Apud
760 3645 1044 3703 Chaldaeos
1079 3655 1260 3702 autem
1316 3647 1711 3720 Egyptiosque
1757 3647 1898 3701 ratio
1945 3663 2072 3718 par-

495 3737 664 3792 tiendi
693 3753 814 3808 quae
839 3737 1022 3802 fuerit,
1055 3738 1298 3792 declarat
1321 3737 1522 3794 Sextus
1548 3737 1856 3808 Empiricos
1879 3738 1974 3793 lib.
2005 3737 2068 3794 V.

493 3827 631 3884 Nam
667 3829 788 3884 illos
820 3830 894 3882 ait
923 3829 1189 3900 insignem
1226 3831 1460 3899 aliquam
1494 3829 1706 3886 stellam
1747 3829 1804 3882 in
1847 3829 2073 3883 zodiacu

495 3923 835 3993 designasse,
859 3923 1018 3990 cujus
1046 3939 1113 3976 ex
1145 3925 1526 3988 conversione,
1555 3931 1610 3977 et
1635 3921 2072 3976 ἀποκαταστάσει

496 4013 566 4068 ad
602 4015 852 4069 eumdem
903 4015 1103 4076 locum,
1140 4013 1384 4069 cmlcstis
1422 4014 1687 4068 circuitus
1727 4013 2072 4067 intervallum

493 4103 858 4171 definierunt;
895 4105 1028 4157 Ἕνα
1065 4105 1186 4158 τινὰ
1211 4105 1318 4157 τῶν
1351 4107 1408 4158 ἐν
1437 4103 1514 4176 τῷ
1549 4103 2074 4176 ζωδιακῷ,).αμπρὺν

496 4195 698 4266 ἀστέρα
721 4199 1208 4268 παρατηρήσαντες
1237 4195 1596 4248 ἀνατέλλοντα
1628 4197 1675 4248 οἱ
1711 4194 1899 4259 πάλαι,
1931 4207 2072 4260 etc.;

499 4286 590 4340 ubi
614 4297 668 4341 et
693 4287 912 4340 modum
935 4287 1167 4356 explicat
1187 4301 1296 4357 quo
1313 4286 1572 4343 zodiacus
1597 4286 1880 4341 duodecim
1905 4287 2076 4341 tribu—

495 4385 588 4434 tus
619 4381 671 4433 in
703 4387 904 4449 partes,
935 4395 999 4433 ac
1031 4387 1140 4432 tam
1179 4380 1350 4450 ipsius
1384 4395 1546 4450 quam
1599 4379 1937 4450 singulorum
1985 4396 2073 4435 se-

493 4477 838 4541 gmentorum
861 4477 1126 4541 tempora,
1145 4469 1243 4524 hoc
1263 4478 1346 4525 est
1362 4469 1649 4542 ὰναφοραέ,
1676 4471 1788 4526 sive
1807 4473 2078 4526 ascensio-

2177 3277 2417 3334 Acbilles
2449 3277 2642 3336 Tatius
2666 3283 2719 3334 in
2747 3283 2898 3335 calce
2923 3279 3354 3354 Prolcgomenon
3379 3291 3634 3338 testatur.

2249 3365 2376 3421 Haec
2417 3367 2567 3438 apud
2601 3367 2884 3425 Chaldaeos
2923 3377 2977 3425 et
3027 3367 3315 3441 IEgyptios
3361 3371 3572 3427 zodiaci
3625 3379 3756 3427 nata

2175 3457 2374 3513 divisio
2403 3460 2604 3523 serius,
2641 3460 2719 3515 uti
2752 3459 2957 3515 dictum
2983 3469 3086 3526 est,
3115 3463 3353 3532 pervasit
3377 3463 3432 3518 in
3463 3461 3754 3518 Grazciam.

2172 3545 2359 3618 Neque
2387 3563 2517 3603 vero
2549 3564 2674 3603 cum
2713 3549 2965 3604 duodena
2999 3551 3102 3605 ista
3131 3551 3430 3621 partitione
3459 3553 3646 3608 statim
3673 3553 3757 3605 al-

2173 3643 2292 3693 tera
2335 3639 2639 3708 processit,
2695 3655 2817 3709 quae
2865 3651 3144 3710 segmenta
3197 3641 3414 3712 singula
3459 3643 3652 3698 tribuit
3697 3647 3756 3698 in

2175 3735 2362 3799 partes
2391 3727 2638 3798 triginta.
2687 3729 2766 3783 Ac
2813 3729 3048 3784 diversae
3090 3729 3382 3784 admodum
3434 3733 3576 3802 apud
3616 3733 3760 3786 anti—

2175 3836 2336 3890 quos,
2371 3821 2607 3878 maxime
2659 3821 2902 3886 Graecos,
2953 3822 3249 3878 divisiones
3299 3823 3566 3879 instituta:
3604 3834 3754 3882 sunt.

2175 3911 2219 3966 E
2246 3913 2448 3983 quibus
2480 3913 2836 3969 celeberrima
2861 3913 2963 3968 fuit
2989 3929 3074 3980 ea,
3103 3931 3224 3985 quae
3253 3916 3492 3971 circulos
3523 3917 3576 3970 in
3605 3933 3760 3972 sexa-

2175 4021 2342 4076 genas
2385 4013 2572 4076 partes
2631 4005 2915 4060 distribuit
2969 4025 2982 4062 :
3035 4007 3196 4077 cujus
3260 4009 3506 4062 meminit
3555 4008 3756 4062 Strabo

2175 4096 2271 4150 lib.
2319 4095 2385 4161 ll,
2426 4095 2520 4152 ubi
2570 4098 3008 4168 aequinoctialem
3065 4097 3121 4152 in
3175 4099 3402 4153 totidem
3453 4098 3668 4162 dividit,
3699 4108 3758 4154 et

2173 4187 2414 4244 Achilles
2455 4185 2645 4244 Tatius
2693 4189 2746 4242 in
2775 4185 3076 4260 Prolegom.
3107 4205 3226 4262 cap.
3265 4189 3463 4260 XXVI;
3509 4189 3760 4264 Hyginus

2175 4280 2270 4335 lib.
2337 4279 2358 4333 Ι
2413 4281 2787 4350 [Astronomt'te
2866 4291 3003 4350 poet.
3080 4297 3199 4352 cap.
3269 4281 3337 4337 de
3433 4283 3762 4354 ﬁguratione

2175 4373 2514 4427 circulorum
2571 4375 2799 4444 sphmm
2851 4395 2864 4429 :
2918 4391 2938 4424 α
2970 4371 3029 4426 ln
3095 4375 3320 4442 triginta
3373 4381 3587 4444 partes,
3643 4375 3754 4438 ait,

2177 4465 2613 4536 unumquodque
2657 4465 3094 4535 hemisphmrium
3137 4465 3414 4530 dividitur,
3449 4467 3522 4520 ita
3553 4465 3632 4519 uti
3671 4465 3760 4518 di-

497 4577 597 4617 nes
630 4565 942 4618 constitutae
974 4571 1120 4618 sunt.
1157 4561 1313 4628 Quod
1342 4579 1408 4617 ex
1438 4577 1503 4616 eo
1532 4571 1753 4618 auctore
1785 4563 2076 4633 descripsit
2107 4577 2151 4631 ι)
2177 4559 2391 4613 mensio
2437 4557 2742 4629 signiﬁcari
2791 4559 3043 4612 videatur
3073 4559 3128 4612 in
3161 4564 3276 4611 tota
3319 4557 3528 4626 sphaera
3561 4573 3658 4627 per
3685 4573 3754 4610 1.x

498 4653 808 4710 Macrobius
853 4655 950 4709 lib.
993 4651 1033 4716 ι,
1069 4655 1125 4708 in
1168 4653 1350 4708 Somn.
1385 4653 1526 4722 Scip.
1561 4653 1738 4724 Caput
1771 4653 1920 4710 illius
1940 4661 2025 4709 est
2055 4673 2068 4708 :

497 4745 796 4810 Chaldaeis,
851 4745 944 4816 qui
1001 4755 1126 4800 ante
1154 4745 1458 4800 duodeuam
1490 4746 1835 4815 partitionem
1867 4753 2074 4816 septem

499 4837 554 4891 in
579 4837 719 4892 cmlo
737 4853 925 4906 sparsa
948 4837 1124 4892 sidera
1144 4843 1416 4900 notarent,
1439 4838 1707 4907 placuisse
1731 4845 1918 4908 postea
1933 4839 2074 4893 duo-

497 4929 672 4983 decim
693 4929 745 4983 in
765 4937 948 5000 partes
966 4937 1136 4984 totum
1155 4929 1418 4984 dividere.
1438 4929 1607 5001 igitur
1625 4929 1961 5000 splendidam
1981 4927 2076 4982 ali-

495 5033 658 5090 quam
673 5021 883 5074 stellam
897 5035 992 5077 eos
1004 5021 1442 5090 observasse,cuj
1451 5038 1514 5076 us
1528 5021 1594 5075 ab
1608 5029 1727 5076 ortu
1744 5022 1809 5076 ad
1823 5019 2073 5076 eumdem

497 5117 678 5166 ortum
707 5111 1117 5166 conversionem
1154 5113 1222 5167 ad
1261 5111 1600 5182 clepsydram
1644 5111 1878 5166 dimensi
1923 5117 2067 5166 sunt.

497 5203 774 5270 Quantum
799 5217 953 5273 aquae
977 5205 1031 5258 in
1058 5205 1363 5275 subjectum
1387 5218 1485 5258 vas
1508 5201 1749 5257 stillatim
1775 5201 2072 5266 deciderat,

496 5293 662 5363 hujus
691 5293 909 5348 unciam
940 5293 1007 5348 ad
1039 5293 1364 5350 metiendam
1396 5293 1733 5348 duodecimae
1767 5293 1937 5370 partis
1965 5293 2077 5348 cir-

498 5387 605 5441 culi
635 5387 908 5460 ἀναφοράν
937 5397 1319 5456 sumpserunt;
1355 5402 1588 5456 eamque
1631 5397 1839 5456 partem
1873 5385 2075 5440 illustri

499 5478 681 5548 aliqua
725 5479 880 5533 stella
915 5481 1301 5544 terminarunt,
1333 5494 1453 5550 quae
1497 5487 1590 5532 aut
1623 5478 1678 5532 in
1710 5493 1776 5533 eo
1813 5478 1930 5546 ipso
1963 5477 2074 5531 cir-

501 5569 608 5624 culi
641 5571 760 5624 loco
791 5569 1128 5641 deprehensa
1170 5573 1262 5636 sit,
1295 5579 1389 5624 aut
1427 5571 1568 5625 idem
1603 5579 1816 5641 tempus
1845 5571 2077 5625 habebat

501 5661 746 5715 oriendi:
775 5659 870 5713 Ἐκ
893 5661 1096 5731 ταύτης
1116 5661 1215 5732 τῆς
1239 5661 1518 5732 ἀναφορᾶς
1543 5659 1640 5728 (ait
1670 5659 1914 5729 Sextus),
1933 5677 2004 5730 φη
2015 5660 2076 5729 μὶ

499 5749 557 5804 δι
605 5751 699 5804 τοῦ
745 5751 1236 5824 δωδεκατημορίου,
1289 5753 1348 5805 τὸ
1391 5751 1692 5804 τελευταῖον
1745 5751 1916 5822 πέρας
1948 5753 2076 5821 ὲση-

506 5841 756 5910 μειοῦντο
789 5841 894 5894 ἀπὸ
911 5843 1138 5914 ἀστέρος
1157 5845 1298 5907 τινὸς
1315 5842 1610 5912 ἐπιφανοῦς
1631 5844 1748 5896 κατ’
1781 5843 1911 5898 αὐτὸ
1941 5841 2074 5895 θεω-

2174 4659 2364 4722 partes
2417 4649 2582 4705 facta.
2631 4669 2650 4700 ι
2709 4649 2824 4704 Hoc
2872 4649 3036 4703 modo
3081 4649 3239 4718 signo
3293 4647 3516 4702 cuilibet
3569 4655 3757 4716 partes

2171 4743 2437 4814 quinque,
2484 4742 2740 4812 partibus
2782 4741 3016 4811 singulis
3059 4757 3152 4796 sex
3181 4739 3384 4812 gradus
3415 4747 3752 4808 competunt.

2173 4831 2352 4887 Aliter
2379 4831 2710 4887 Posidonius
2739 4831 2882 4902 apud
2915 4831 3258 4886 Cleomedem
3301 4831 3396 4885 lib.
3429 4829 3470 4894 l,
3499 4845 3620 4901 cap.
3658 4829 3754 4896 lx,

2175 4924 2503 4996 signiferum
2531 4933 2701 4978 totum
2735 4925 2788 4978 in
2815 4941 2984 4978 vam
3019 4931 3201 4994 partes
3239 4923 3547 4987 dividebat,
3583 4923 3757 4977 dode-

2173 5019 2512 5073 catemorion
2579 5017 2835 5088 quodque
2908 5015 3306 5088 quadrifariam
3373 5029 3588 5071 secans.
3644 5015 3754 5070 Alii

2175 5125 2343 5181 porro
2386 5107 2825 5163 dodecatemorio
2875 5109 3071 5178 quovis
3123 5109 3180 5162 in
3227 5107 3514 5162 duodecim
3565 5115 3755 5178 partes

2176 5197 2314 5251 alias
2339 5195 2539 5259 diviso,
2573 5205 2746 5250 totum
2779 5197 3062 5252 zodiacum
3095 5197 3149 5252 in
3179 5213 3337 5252 czxtv
3363 5197 3546 5266 partiti
3576 5206 3752 5262 sunt,

2175 5297 2239 5344 ut
2277 5287 2477 5343 Sextus
2503 5287 2812 5359 Empiricus
2838 5287 2998 5344 docet
3029 5289 3186 5344 initio
3213 5289 3339 5343 libri
3363 5287 3430 5345 V.

2247 5381 2488 5436 Tandem
2521 5397 2588 5436 eo
2614 5395 2904 5451 progressa
2935 5397 3024 5436 res
3052 5389 3154 5444 est,
3180 5393 3239 5436 ut
3271 5389 3380 5434 tam
3403 5378 3754 5450 aequinoctia:

2177 5473 2266 5537 lis,
2295 5489 2455 5543 quam
2489 5472 2715 5542 signifer
2747 5471 2989 5526 circulus
3019 5473 3074 5526 in
3109 5471 3398 5526 duodecim
3435 5479 3640 5541 partes.
3673 5485 3754 5525 ea:

2177 5565 2232 5619 in
2275 5565 2496 5632 triginta
2541 5564 2849 5617 minutatim
2891 5571 3230 5628 secarentur,
3259 5569 3319 5617 ut
3348 5564 3402 5617 in
3429 5569 3545 5617 tom
3574 5563 3752 5616 circu-

2179 5655 2232 5708 lo
2281 5669 2448 5709 cccu
2481 5663 2780 5708 numeratae
2815 5654 2959 5716 sint;
2989 5653 3332 5709 duodecimis
3379 5667 3595 5723 quoque
3626 5667 3749 5722 pau-

2179 5749 2321 5805 tibus
2349 5750 2636 5818 utriusque
2661 5747 2852 5801 circuli
2887 5747 3106 5801 nomina
3139 5745 3206 5800 de
3237 5747 3468 5802 stellatis
3499 5745 3752 5817 imagini-

2179 5841 2280 5896 bus
2329 5841 2500 5894 indita
2535 5846 2664 5896 sunt
2699 5857 2710 5892 :
2747 5853 2865 5909 qua:
2905 5845 3015 5891 tum
3054 5837 3305 5894 videlicet
3341 5839 3396 5892 in
3433 5835 3542 5892 illis
3571 5835 3752 5892 conti-
