4124 6460
430 429 564 490 ιλιι

1253 423 1709 481 DlSSERTATlO
1746 423 1834 478 DE
1872 420 2058 498 ORTU
2101 421 2188 477 ET
2221 423 2492 484 OGCASU
2533 424 2857 484 SIDERUM.

3536 425 3676 480 15ιεὶ

432 545 720 610 nebantur,
760 541 976 597 tametsi
1022 548 1210 613 postea
1263 541 1478 612 longius
1532 543 1611 605 εἰς
1655 540 1725 594 τὰ
1761 540 1998 610 ἑπόμενα
2029 541 2069 598 Α
2103 539 2278 608 polos,
2314 551 2369 597 et
2417 543 2757 599 tricesimum
2798 555 3070 614 quemque
3094 541 3320 615 gradum
3351 547 3674 607 transeunt;

432 635 870 708 progressionem
901 632 1152 688 fecerint.
1185 633 1261 688 Ac
1289 634 1561 704 principio
1592 635 1832 703 quidem,
1859 649 1995 688 non-

431 729 560 785 dum
590 727 741 782 orbis
773 723 1019 781 stelliferi
1047 726 1404 780 conversione
1435 725 2000 796 cognita,‘simplicior

432 826 552 874 erat
598 818 946 873 astronomia
999 816 1160 870 ratio.
1215 816 1368 872 Unus
1425 816 1568 870 enim
1622 815 1999 869 tantummodo

431 923 556 961 cum
610 907 974 978 aquinoctiali
1026 907 1282 963 zodiacus
1344 907 1645 962 habebatur
1689 907 1742 961 in
1805 915 1998 962 octavo

431 1003 591 1064 calo,
626 1000 770 1070 quod
805 1009 860 1056 et
897 1001 1169 1056 sideribus
1216 1001 1590 1071 distinguitur.
1620 999 1678 1054 Id
1712 999 1854 1055 enim
1895 1001 2000 1071 pri-

431 1109 601 1157 mum,
645 1094 791 1163 quod
845 1102 1064 1155 vocant,
1111 1093 1309 1148 mobile
1362 1092 1504 1163 apud
1565 1093 1819 1162 antiquos
1872 1093 1994 1148 fuit.

431 1181 561 1238 Post
607 1183 951 1254 Hipparchus
999 1185 1203 1238 moveri
1251 1185 1304 1237 in
1357 1184 1747 1252 consequentia
1795 1183 1995 1238 calum

431 1273 564 1329 illud
589 1274 1003 1341 animadvertit;
1041 1275 1200 1344 idque
1221 1274 1544 1329 Ptolemaus
1569 1273 1765 1329 deinde
1793 1275 1996 1328 certius

431 1367 772 1437 approbavit.
803 1366 1006 1422 Exinde
1033 1382 1163 1436 ergo
1190 1365 1384 1436 duplex
1413 1367 1666 1421 zodiacus
1692 1366 1759 1419 ab
1782 1364 1996 1418 artiﬁci-

431 1459 533 1516 bus
563 1460 820 1530 distingui
848 1468 1059 1528 captus
1090 1468 1174 1514 est
1197 1478 1210 1514 :
1230 1475 1458 1530 quorum
1490 1460 1623 1514 alter
1651 1474 1758 1514 uno
1786 1457 1996 1527 simpli-

430 1551 588 1621 cique
636 1561 785 1606 motu
819 1552 1055 1620 pradita
1100 1550 1322 1620 sphaera
1365 1549 1602 1604 tributus
1645 1555 1749 1614 est,
1785 1549 1840 1602 in
1885 1562 1994 1618 quo

373 1701 382 1704 _
428 1642 564 1700 nulli
607 1641 878 1696 asterismi
912 1649 1068 1708 sunt;
1117 1641 1345 1710 ejusque
1396 1640 1665 1696 sectiones
1701 1637 1893 1693 iisdem
1937 1638 1994 1692 in

428 1732 991 1788 dodecatemoriorum
1024 1733 1242 1803 punctis
1281 1747 1404 1786 cum
1457 1731 1819 1801 aequinoctiali
1869 1743 1995 1799 per-

429 1829 593 1895 petuo
627 1823 792 1889 ﬁunt;
824 1815 962 1876 alter
991 1824 1040 1878 ei
1069 1823 1384 1892 suppositus
1433 1821 1488 1875 in
1533 1821 1665 1875 orbe
1708 1819 1989 1882 stellifero,

2101 633 2184 687 vel
2239 637 2297 688 in
2356 635 2619 702 zodiaco,
2688 639 2844 692 initio
2910 635 3096 692 itidem
3165 634 3234 690 ab
3293 635 3677 691 intersectionc

2099 740 2270 780 verna
2327 736 2578 798 sumpto,
2659 744 2723 785 ac
2784 745 2881 800 per
2929 729 3085 800 polos
3145 728 3386 791 zodiaci,
3449 728 3677 798 ejusque

2101 816 2440 871 tricesimum
2517 833 2788 888 quemque
2859 819 3085 888 gradum
3161 817 3468 873 absolutum
3551 831 3676 886 per-

2100 909 2282 964 ductis
2319 910 2541 965 circulis
2587 911 2862 965 maximis.
2901 910 3152 964 Latitudo
3197 923 3414 978 quoque
3463 907 3548 960 vel
3587 912 3674 962 est

2101 1000 2271 1054 stella
2324 1001 2394 1055 ab
2446 1000 2816 1071 aquinoctiali
2875 1001 3168 1064 distantia;
3225 1015 3389 1070 quam
3451 999 3674 1054 metitur

2099 1104 2265 1145 arcus
2316 1091 2512 1154 coluri,
2563 1093 2677 1147 sive
2725 1092 2948 1147 maximi
2995 1091 3184 1147 circuli
3226 1105 3257 1144 a
3304 1090 3428 1160 polo
3478 1087 3667 1143 mundi

2097 1197 2199 1252 per
2233 1193 2484 1237 centrum
2516 1185 2688 1238 stella
2710 1185 2777 1238 ad
2803 1183 3232 1253 aquinoctialem
3258 1182 3506 1253 producti
3533 1181 3668 1237 stel-

2099 1274 2206 1326 lam
2245 1274 2388 1327 inter
2441 1281 2496 1328 et
2538 1275 2969 1344 aequinoctialem
3023 1271 3369 1342 interjectus;
3402 1270 3485 1326 vel
3526 1268 3672 1340 ejus-

2096 1365 2220 1420 dem
2283 1366 2454 1421 stella
2501 1374 2586 1421 est
2629 1382 2659 1420 a
2714 1366 2941 1420 zodiaco
2985 1364 3278 1430 distantia;
3334 1363 3450 1418 sive
3505 1377 3666 1418 arcus

2097 1455 2320 1508 maximi
2351 1455 2547 1510 circuli
2582 1471 2680 1526 per
2701 1455 2856 1525 polos
2892 1453 3100 1509 zodiaci
3135 1452 3491 1516 transeuntis,
3523 1451 3666 1504 inter

2096 1547 2310 1602 stellam
2344 1547 2665 1616 interjectus
2689 1553 2744 1601 et
2772 1545 3076 1600 zodiacum.
3120 1541 3363 1612 Utroque
3399 1540 3560 1594 modo
3591 1540 3667 1593 la-

2095 1638 2389 1692 titudinem
2421 1640 2721 1708 prasertim
2753 1637 3030 1692 deliniisse
3062 1646 3271 1691 veteres
3301 1649 3536 1710 sequens
3566 1649 3662 1688 ea-

2098 1740 2198 1801 put
2226 1731 2497 1786 ostendet.
2529 1729 2666 1784 Nam
2711 1730 2777 1786 de
2827 1729 3161 1800 longitudine
3205 1727 3386 1782 minus
3423 1733 3660 1792 constat,

2095 1820 2292 1890 ecquid
2326 1834 2391 1874 ea
2417 1819 2718 1874 secundum
2747 1819 3027 1873 zodiacum
3053 1818 3124 1872 ab
3152 1817 3259 1871 illis
3283 1824 3440 1887 capta
3468 1815 3658 1882 fuerit;

428 1912 589 1982 cujus
625 1912 1070 1968 intersectionum
1115 1923 1312 1983 puncta
1359 1912 1465 1965 alia
1508 1918 1670 1980 atque
1713 1912 1818 1964 alia
1858 1916 1988 1966 sunt
2020 1885 2064 1940 Β
2093 1927 2219 1966 cum
2252 1913 2307 1966 in
2337 1911 2699 1982 aequinoctiali
2729 1911 2936 1966 circulo
2969 1885 3560 1980 computation—fuisse,
3591 1922 3662 1964 ex

424 2005 507 2066 εις
541 2003 610 2058 τὰ
648 2004 1050 2076 προηγούμενα,
1086 2021 1148 2060 ac
1173 2002 1358 2069 ζώδιοι,
1383 2005 1497 2058 sive
1539 2002 1830 2062 asterisnti,
1855 2015 1988 2070 pau-

426 2095 579 2149 lat-im
611 2096 692 2159 εἰς
727 2098 796 2151 τὰ
834 2097 1075 2169 ἑπόμενα
1121 2100 1391 2160 nituntur,
1434 2105 1597 2164 atque
1638 2109 1668 2148 a
1715 2092 1989 2164 cognomi-

424 2187 589 2242 nibus
611 2187 712 2243 sibi
741 2189 1193 2244 dodecatemoriis
1230 2189 1442 2258 longius
1469 2187 1792 2242 abscedunt.

496 2276 627 2334 Post
657 2279 770 2334 hac
808 2295 982 2336 novus
1024 2281 1078 2333 in
1115 2281 1418 2334 caelestium
1452 2281 1665 2334 orbium
1697 2285 1988 2350 systemate

423 2379 605 2427 motus
657 2371 911 2428 inventus
956 2380 1061 2436 est,
1125 2371 1426 2427 secundum
1477 2386 1638 2442 quem
1704 2371 1982 2434 zodiacus,

423 2462 539 2519 sive
581 2463 834 2532 ecliptica
868 2463 1130 2532 majorem
1167 2463 1498 2516 minoremve
1526 2462 1685 2516 habet
1719 2462 1786 2514 ab
1807 2476 1986 2531 aqua-

420 2561 541 2608 tore
576 2552 891 2606 distantiam
937 2559 991 2606 et
1033 2552 1408 2621 obliquitatem
1447 2570 1460 2605 :
1494 2566 1562 2606 ex
1597 2566 1706 2621 quo
1737 2551 1984 2606 stellatus

421 2645 573 2699 orbis
604 2643 675 2698 ab
708 2652 897 2698 austro
925 2645 980 2698 in
1017 2645 1414 2714 septentriones
1456 2645 1720 2711 torqueri,
1750 2650 1805 2697 et
1837 2657 1866 2694 a
1899 2657 1986 2696 se-

422 2736 828 2808 ptentrionibus
857 2737 924 2789 ad
951 2745 1196 2790 austrum
1224 2735 1426 2790 reﬂecti
1453 2733 1693 2788 creditus
1711 2741 1814 2788 est.
1846 2732 1983 2786 Hinc

420 2827 587 2898 igitur
650 2829 844 2882 tertius
906 2827 1123 2882 additus
1200 2835 1286 2881 est
1351 2825 1608 2880 zodiacus
1689 2824 1984 2892 interjecta

420 2917 664 2986 sphaera,
697 2917 854 2986 cujus
884 2918 1102 2986 propria
1144 2924 1229 2970 est
1271 2916 1363 2970 illa
1398 2915 1634 2979 libratio,
1665 2917 1757 2985 qui
1792 2915 1860 2968 ab
1885 2931 1981 2969 zo-

419 3008 576 3062 diaco
611 3009 768 3078 primi
809 3008 1028 3062 mobilis
1075 3007 1354 3078 paululum
1401 3007 1636 3061 declinat
1667 3007 1734 3060 ad
1773 3006 1982 3076 aquilo-

417 3114 541 3154 nem
604 3107 698 3153 aut
744 3099 1060 3160 meridiem,
1107 3113 1170 3152 ac
1227 3098 1330 3153 sibi
1383 3099 1626 3167 proxime
1674 3098 1978 3166 subjectum

417 3192 606 3246 eadem
638 3191 930 3261 agitatione
962 3197 1305 3260 contorquet.
1351 3189 1456 3244 Sed
1492 3205 1558 3244 eo
1590 3190 1976 3259 pratermisso,

417 3283 676 3354 quoniam
721 3283 926 3337 veteris
962 3282 1228 3336 duntaxat
1267 3281 1618 3336 astronomia
1652 3281 1792 3334 ratio
1824 3281 1912 3335 hic
1951 3295 1981 3334 a

417 3375 578 3432 nobis
629 3373 868 3435 ducitur,
903 3373 1108 3443 duplici
1163 3373 1389 3428 zodiaco
1434 3373 1676 3427 contenti
1723 3372 1979 3427 erimus:

417 3482 652 3538 quorum
682 3468 820 3522 alter
845 3466 1005 3536 primi
1037 3467 1161 3521 cali
1189 3466 1480 3537 peculiaris
1513 3468 1757 3520 eamdem
1792 3480 1984 3536 perpe-

417 3567 512 3614 tuo
567 3558 982 3614 declinationem
1065 3559 1134 3613 ab
1199 3565 1508 3627 aquatore,
1569 3564 1623 3611 et
1677 3557 1730 3610 in
1792 3557 1980 3612 eodem

418 3661 622 3724 puncto
665 3651 964 3707 sectionem
1011 3649 1257 3714 obtinet;
1305 3649 1440 3702 alter
1475 3648 1736 3702 continuo
1764 3649 1818 3701 in
1853 3663 1984 3702 con-

417 3742 698 3812 sequentia
751 3756 1042 3812 progressu
1093 3739 1336 3795 stellatas
1384 3730 1646 3809 imagines
1682 3736 1879 3801 defert,
1918 3750 1983 3790 ac

415 3843 526 3890 tam
570 3835 842 3890 sectiones
886 3849 1010 3890 cum
1055 3840 1332 3902 aquatore
1371 3831 1495 3887 aliis
1542 3839 1706 3903 atque
1754 3831 1879 3886 aliis
1924 3830 1982 3886 in

416 3929 633 3999 punctis
664 3928 813 3992 l‘acit,
843 3941 1006 3996 quam
1036 3924 1476 3980 dodecatemoria
1511 3924 1626 3994 ipsa
1660 3930 1978 3982 commutat,

415 4019 682 4076 Caeterum
711 4035 835 4073 cum
871 4018 938 4072 de
981 4017 1204 4073 zodiaco
1255 4015 1485 4085 ejusque
1515 4014 1829 4085 segmentis,
1860 4027 1982 4084 qua

415 4112 572 4182 signa
605 4111 885 4172 dicuntur,
914 4108 1162 4163 absolute
1187 4107 1481 4176 loquimur,
1511 4108 1748 4175 priorem
1780 4105 1982 4162 intelli-

413 4205 593 4276 gimus
623 4210 1071 4272 constantemque
1098 4200 1318 4256 mobilis
1357 4199 1541 4270 primi,
1563 4199 1649 4253 vel
1677 4200 1727 4254 ei
1755 4213 1983 4268 respon-

412 4297 628 4350 dentem
660 4295 714 4349 in
745 4304 934 4348 octava
975 4294 1182 4363 sphara
1235 4293 1537 4348 zodiacum.
1581 4291 1695 4347 Hoc
1733 4295 1878 4348 enim
1922 4293 1978 4348 in

413 4388 514 4443 ista
549 4389 698 4443 omni
727 4387 976 4443 doctrina
1015 4388 1144 4443 sciri
1196 4389 1450 4442 convenit
1502 4386 1766 4457 quidquid
1799 4387 1853 4440 in
1886 4403 1980 4457 su-

413 4482 718 4552 perioribus
773 4480 1002 4549 spharis
1070 4480 1400 4534 circulorum
1467 4487 1978 4550 segmentorumque

2097 2004 2410 2076 Hipparcho
2435 2006 2683 2077 sequenti
2712 2008 2886 2076 capite
2917 2005 3224 2074 colligatur.

2162 2096 2294 2152 Post
2339 2097 2690 2152 Ptolemaeum
2734 2095 3100 2166 longitudines
3143 2094 3425 2149 stellarum
3461 2107 3658 2148 secun-

2092 2186 2222 2242 dum
2261 2188 2543 2242 zodiacum
2580 2196 2782 2257 putata
2828 2194 2956 2241 sunt
2988 2207 3001 2242 :
3039 2200 3266 2256 quarum
3305 2184 3657 2240 ascensioncs

2091 2287 2257 2334 recta
2287 2279 2486 2348 prioris
2517 2279 2733 2349 generis
2757 2278 3121 2349 longitudines
3147 2278 3435 2333 habentur.
3460 2275 3535 2332 Ita
3565 2292 3659 2333 zo-

2091 2371 2284 2426 diacus
2317 2372 2372 2426 in
2413 2379 2597 2442 partes
2636 2371 2923 2426 duodecim
2963 2372 3220 2442 aequales,
3261 2371 3657 2442 aquinoctialis

2092 2463 2146 2518 in
2198 2464 2424 2520 totidem
2479 2464 2774 2534 inaquales
2825 2463 3035 2519 divisus
3083 2472 3186 2519 est.
3230 2461 3482 2519 Latitudo
3526 2477 3659 2518 vero

2091 2555 2351 2611 distantia
2391 2556 2559 2611 stella
2611 2563 2696 2612 est
2735 2555 2803 2608 ab
2851 2553 3094 2622 zodiaco,
3123 2554 3237 2610 sive
3274 2553 3543 2624 ecliptica.
3573 2551 3659 2610 Ab

2089 2647 2459 2717 aquinoctiali
2497 2662 2626 2701 vero
2660 2645 2944 2712 distantia,
2972 2661 3081 2700 non
3119 2644 3382 2712 latitudo,
3430 2642 3525 2700 sed
3562 2643 3660 2700 de-

2088 2739 2313 2795 clinatio
2340 2738 2503 2810 vulgo
2534 2739 2868 2794 nominatur.

2701 2848 2929 2904 CAPUT
2967 2847 3030 2904 11.

2088 2941 2166 2998 De
2183 2940 2506 3012 longitudine
2533 2957 2595 2994 ac
2620 2939 2901 3012 latitudine
2915 2940 3216 3012 stellarum,
3234 2947 3460 2993 veterum
3479 2947 3656 2992 astro-

2157 3010 2436 3067 nomiorum
2489 3012 2749 3064 sententia
2809 3010 3130 3073 declaratur,
3173 3018 3448 3078 utramque
3496 3022 3654 3077 penes

2157 3082 2576 3154 wquinoctialem
2623 3080 2879 3134 circulum
2908 3080 3295 3134 consideratam
3328 3078 3511 3148 fuisse.

2157 3194 2314 3263 Quod
2343 3194 2411 3250 de
2438 3196 2721 3251 stellarum
2767 3193 3104 3264 longitudine
3159 3194 3336 3262 capite
3383 3191 3653 3263 superiori

2085 3288 2342 3356 diximus,
2373 3303 2492 3343 eam
2539 3287 2680 3359 apud
2711 3296 2924 3342 veteres
2962 3287 3262 3343 secundum
3289 3285 3650 3357 aequinoctia.

2084 3381 2189 3435 lem
2216 3380 2410 3449 accipi,
2434 3379 2487 3434 id
2516 3395 2581 3434 ex
2606 3378 2917 3450 Hipparcho
2940 3379 3439 3434 demonstrabimus
3467 3376 3650 3433 allatis

2083 3471 2288 3540 aliquot
2313 3472 2613 3541 exemplis:
2643 3486 2709 3525 ex
2745 3469 2944 3540 quibus
2979 3470 3158 3539 priora
3190 3470 3282 3523 illa
3320 3470 3542 3524 veniant
3591 3467 3650 3525 in

2081 3563 2319 3618 medium
2354 3572 2610 3631 quatuor,
2638 3574 2761 3631 qua
2788 3562 2842 3615 in
2871 3561 3011 3615 libro
3049 3560 3091 3624 l,
3121 3575 3350 3616 numero
3383 3559 3440 3622 Χ,
3462 3560 3652 3630 legun-

2082 3663 2189 3718 tur,
2224 3654 2313 3708 ubi
2345 3660 2508 3723 caput
2538 3651 2688 3708 Ursa
2733 3651 2961 3720 majoris
3014 3651 3283 3720 imprimis
3323 3652 3487 3706 situm
3526 3665 3650 3707 esse

2080 3746 2208 3800 dicit
2236 3747 2289 3799 in
2322 3744 2518 3801 Leonis
2547 3744 2708 3814 paulo
2737 3743 2922 3798 minus
2950 3749 3103 3812 parte
3135 3741 3317 3805 tertia,
3345 3741 3648 3797 secundum

2078 3838 2515 3910 aquidistantem
2558 3835 2924 3908 aquinoctiali
2969 3834 3257 3890 circulum.
3320 3833 3413 3889 Est
3461 3840 3643 3890 autem

2080 3929 2464 4002 caput‘Ursa‘
2493 3929 2768 3986 borcalior
2823 3928 3258 3983 antecedentium
3311 3926 3542 3981 duarum
3592 3926 3649 3981 in

2079 4021 2359 4087 laterculo,
2391 4037 2458 4076 ex
2483 4028 2727 4076 veterum
2767 4018 3068 4082 sententia,
3097 4017 3192 4089 qui
3225 4018 3404 4072 nullas
3453 4024 3652 4087 prater

2080 4121 2287 4184 septem
2317 4113 2419 4183 τῆς
2460 4111 2724 4183 ’Δμάξης,
2755 4111 2808 4165 in
2840 4109 3053 4167 Helices
3099 4110 3388 4165 asterismo
3409 4109 3650 4164 colloca-

2079 4213 2229 4262 runt.
2261 4206 2392 4262 ltem
2426 4216 2758 4278 postremam
2807 4206 2863 4260 in
2915 4205 3086 4260 cauda
3132 4203 3396 4258 Draconis
3446 4215 3645 4257 secun.

2078 4299 2209 4354 dum
2243 4301 2558 4370 parallelum
2589 4300 2858 4355 circulum
2885 4314 3007 4354 esse
3033 4297 3087 4350 in
3118 4304 3270 4366 parte
3301 4293 3499 4348 Leonis
3537 4301 3647 4346 ter-

2077 4393 2173 4447 tia.
2224 4389 2287 4448 '0
2335 4392 2434 4464 μὲν
2483 4392 2590 4468 γὰρ
2634 4395 2693 4446 ὲν
2733 4392 2876 4463 ἄκρᾳ
2903 4392 2969 4460 τῇ
3014 4389 3148 4461 οὐρᾷ
3204 4386 3297 4441 τοῦ
3349 4385 3648 4456 Δράκοντος

2079 4483 2284 4553 ἐπέχει,
2320 4483 2396 4547 ὠς
2446 4483 2586 4536 κατὰ
2630 4481 2969 4552 παράλληλον
3012 4479 3243 4544 κύκλον,
3286 4477 3381 4531 τοῦ
3421 4477 3649 4541 Λέοντος

412 4574 650 4628 methodi
686 4588 853 4627 causa
900 4571 1142 4642 ﬁngitur,
1171 4571 1407 4642 idipsum
1449 4574 1747 4642 eodemque
1791 4572 1972 4636 modo,

2085 4575 2276 4647 μοίρας
2327 4581 2410 4644 γ’·
2459 4573 2488 4627 ὁ
2534 4573 2592 4626 δὲ
2637 4573 2925 4644 εἰρημένος
2978 4570 3152 4642 ἀστὴρ
3197 4571 3256 4623 ὲν
3300 4568 3378 4639 τῷ
3418 4566 3646 4640 πλινθίῳ

411 4665 480 4719 ad
538 4663 826 4719 inferiores
881 4669 936 4717 et
984 4663 1261 4732 subjectos
1311 4663 1737 4722 accommodari;
1801 4670 1855 4716 et
1911 4661 1978 4716 ad

411 4756 589 4825 ipsum
627 4754 764 4809 adeo
815 4761 974 4808 terra
1021 4753 1242 4823 globum
1293 4752 1557 4823 quosdam
1602 4753 1883 4823 applicari,
1920 4752 1976 4807 in

411 4863 518 4916 quo
555 4861 689 4902 suus
728 4844 916 4898 itidem
955 4844 1354 4913 aquinoctialis
1394 4843 1675 4900 informari
1720 4844 1880 4908 solet,
1911 4858 1976 4898 ac

409 4938 592 4993 cateri
623 4935 888 5007 parallcli.

481 5025 577 5082 His
626 5025 1041 5087 animadversis,
1070 5038 1193 5078 cum
1245 5024 1528 5079 stellarum
1577 5023 1719 5080 situs
1763 5026 1848 5078 vel
1888 5024 1976 5078 di-

408 5126 558 5174 recte
601 5119 688 5173 vel
737 5117 1090 5172 transversim
1141 5116 1480 5172 considerari
1519 5125 1703 5187 queat,
1743 5117 1844 5171 hoc
1890 5122 1975 5171 est

409 5212 711 5269 secundum
750 5209 1169 5279 longitudinem,
1202 5223 1267 5263 ac
1318 5209 1656 5264 latitudinem
1692 5227 1707 5264 :
1742 5223 1974 5279 quarum

407 5306 556 5376 prior
580 5305 649 5358 ab
679 5304 1061 5358 intersectione
1092 5316 1258 5356 verna
1288 5301 1516 5368 zodiaci,
1539 5311 1594 5357 et
1621 5302 1974 5372 aquinoctia-

408 5397 474 5452 lis
510 5395 735 5466 incipit;
769 5395 1038 5464 posterior
1069 5395 1224 5464 polos
1255 5409 1447 5448 versus
1475 5393 1651 5447 media
1686 5394 1755 5448 ab
1797 5394 1972 5462 spha-

405 5503 466 5542 ra
495 5486 734 5544 sumitur
763 5504 777 5540 :
812 5497 1102 5556 utrumque
1148 5485 1439 5556 dupliciter
1477 5484 1733 5540 astimari
1770 5492 1968 5556 potest.

403 5576 539 5631 Nam
578 5575 860 5646 longitudo
896 5578 983 5631 vel
1030 5577 1084 5630 in
1133 5576 1502 5646 aquinoctiali
1546 5583 1845 5646 spectatur,
1876 5577 1969 5647 qui

403 5668 692 5725 duodecim
719 5668 977 5722 tribuitur
1002 5669 1057 5722 in
1085 5678 1287 5737 partes,
1315 5667 1469 5722 initio
1493 5668 1561 5722 ab
1593 5683 1758 5722 verna
1794 5668 1966 5724 inter-

402 5758 642 5820 sectione
698 5756 864 5822 facto,
901 5758 1308 5828 designatisque
1358 5759 1414 5813 in
1457 5774 1524 5814 eo
1567 5759 1816 5829 partibus
1873 5774 1968 5828 per

298 5840 300 5842 ’
401 5847 669 5905 maximos
699 5847 957 5912 circulos,
990 5847 1104 5903 sive
1142 5849 1360 5906 coluros
1392 5864 1510 5913 sex,
1539 5849 1630 5918 qui
1659 5863 1753 5917 per
1780 5848 1963 5904 mundi

2081 4667 2268 4737 ἐπέχει
2297 4665 2392 4720 τοῦ
2430 4663 2656 4727 Λέοντος
2702 4663 2880 4734 μικρῷ
2917 4662 3140 4716 ἔλασσον
3171 4660 3279 4716 τῶν
3321 4667 3370 4730 γ’
3414 4658 3640 4730 μοιρῶν.

2083 4757 2385 4826 Utrumque
2418 4754 2618 4809 falsum
2651 4761 2756 4816 est,
2795 4754 2842 4808 si
2883 4753 2937 4807 in
2971 4752 3194 4806 zodiaco
3225 4758 3498 4821 spectetur
3527 4750 3645 4803 illa-

2078 4862 2198 4901 rum
2233 4845 2512 4902 stellarum
2544 4843 2703 4898 situs.
2750 4841 2884 4897 Nam
2915 4842 3086 4912 prior,
3131 4855 3252 4910 qua
3287 4838 3436 4894 Ursa
3481 4847 3644 4909 caput

2079 4938 2320 5007 antiquis
2348 4945 2486 5000 erat,
2513 4933 2809 5006 Hipparchi
2833 4943 3076 5006 tempore
3103 4933 3156 4986 in
3179 4931 3375 4986 Cancri
3403 4930 3470 4985 15
3491 4937 3644 5001 parte

2077 5034 2447 5099 versabatur;
2486 5039 2759 5101 postrema
2804 5027 2992 5084 cauda
3050 5025 3313 5080 Draconis
3356 5025 3411 5079 in
3445 5023 3639 5078 Cancri

2079 5124 2177 5188 l0,
2224 5125 2330 5180 ὅδ’.
2365 5123 2631 5179 Ascensio
2661 5127 2810 5176 recta
2843 5119 3045 5191 prioris
3083 5119 3187 5174 fuit
3230 5117 3356 5181 522,
3385 5117 3466 5172 δι’
3498 5131 3642 5170 anno

2071 5214 2198 5272 Per.
2237 5215 2346 5272 Jul.
2405 5215 2582 5282 4550;
2626 5212 2950 5285 posterioris
3001 5211 3192 5282 paucis
3221 5209 3382 5263 annis
3413 5213 3597 5278 postea
3622 5247 3638 5272 ,

2074 5309 2176 5365 fuit
2207 5308 2331 5371 125,
2370 5307 2472 5376 57'.
2510 5287 2972 5375 Divisa~utraque
3026 5318 3125 5374 per
3155 5301 3223 5356 '50
3245 5341 3262 5365 ,
3309 5300 3552 5355 conﬁunt
3584 5298 3638 5353 in

2073 5400 2266 5471 priori,
2311 5398 2464 5470 signa
2494 5399 2550 5462 4,
2579 5397 2636 5462 2,
2665 5398 2780 5462 ’ὄϊος
2810 5396 2867 5450 in
2897 5393 3208 5465 posteriori,
3239 5393 3303 5456 4,
3344 5392 3398 5458 '5,
3423 5390 3525 5446 57'.
3559 5387 3639 5446 lta

2071 5508 2258 5549 verum
2295 5499 2378 5548 est
2407 5491 2550 5561 quod
2581 5492 2657 5544 ait
2685 5488 3026 5559 Hipparchus
3055 5486 3121 5541 de
3160 5486 3442 5540 ambarum
3477 5483 3634 5546 locis,

2072 5587 2120 5641 si
2151 5587 2207 5640 in
2234 5584 2599 5654 aequinoctiali
2622 5583 2829 5638 circulo
2848 5579 3148 5638 secundum
3179 5578 3527 5634 escensiones
3549 5591 3639 5632 re-

2069 5685 2188 5732 ctas
2213 5716 2228 5739 ,
2267 5677 2386 5740 vel,
2419 5675 2564 5746 quod
2597 5675 2740 5730 idem
2769 5682 2875 5737 est,
2919 5673 2973 5729 in
3006 5687 3072 5727 eo
3100 5669 3359 5742 parallelo
3387 5668 3640 5724 conside-

2075 5775 2266 5824 rentur
2285 5806 2301 5831 ,
2341 5781 2500 5836 quem
2532 5765 2701 5821 stella
2727 5763 2926 5817 diurno
2953 5769 3102 5817 motu
3133 5760 3429 5816 detineant.

2152 5858 2364 5910 ﬂursus
2397 5855 2585 5910 eodem
2624 5854 2744 5909 loco
2793 5851 2983 5906 scribit
3025 5849 3386 5922 Hipparchus.
3420 5858 3635 5904 austra-
