4124 6422
477 391 616 446 15ῒῖ

1495 383 1588 440 AD
1629 381 1898 440 EUSEBII
1931 379 2326 440 CIIBONICON
2363 377 2728 434 APPENDIX.

3585 377 3726 434 IT“

473 509 659 560 liorem
699 502 1116 560 succedentium
1147 501 1380 556 duarum
1425 502 1480 555 in
1515 500 1774 556 laterculo
1801 499 2050 554 obtinere
2081 501 2122 556 Α
2149 491 2548 554 describendis,
2582 493 2650 546 ab
2683 492 2752 548 iis
2781 491 3035 560 ccepisse,
3061 489 3154 560 qui
3196 489 3468 546 borealem
3525 489 3728 546 habent

473 595 868 664 propemodum
911 601 1118 663 partem
1163 591 1362 646 Leonis
1421 591 1734 646 vicesimam
1779 591 2048 660 quintam.

475 686 638 756 Atqui
671 687 826 740 locus
848 685 966 754 ejus
997 685 1050 737 in
1089 683 1314 738 zodiaca
1346 683 1450 736 l'uit
1477 681 1770 753 Hipparchi
1813 689 2052 750 tempore

475 779 534 832 in
570 777 769 832 Leonis
809 776 842 827 0
865 817 880 841 ,
911 777 1015 830 Μ’.
1059 775 1202 844 Ergo
1251 790 1318 829 ex
1353 774 1676 830 ascensione
1725 780 1874 828 recta
1909 773 2051 828 situs

477 867 582 922 iste
613 865 1010 937 computandas
1041 875 1162 932 est;
1193 881 1358 935 quam
1387 865 1600 935 reperio
1629 864 1894 935 graduum
1927 865 2050 928 145,

476 953 580 1007 32'.
607 952 701 1008 His
733 967 828 1022 per
859 952 1082 1022 triginta
1111 953 1324 1016 divisis,
1355 955 1488 1007 liunt
1517 955 1672 1023 signa
1699 953 1768 1018 4,
1801 954 1902 1018 25,
1945 953 2049 1016 32',

477 1043 583 1096 bac
609 1051 695 1096 est
727 1041 926 1096 Leonis
948 1041 1112 1112 paulo
1141 1041 1262 1112 plus
1291 1042 1466 1113 gradu
1502 1043 1766 1099 vicesimo
1815 1044 2008 1114 quinto
2031 1085 2047 1111 ,

479 1135 536 1188 in
562 1133 953 1204 mquinoctiali,
985 1134 1072 1190 vel
1099 1133 1488 1204 :cquidistante
1518 1134 1569 1188 ei
1598 1133 1826 1189 circulo.

549 1225 752 1280 Ibidem
782 1233 1025 1281 extrema
1073 1225 1262 1281 caudae
1292 1225 1510 1282 Helices
1541 1227 1802 1282 statuitur
1827 1229 1882 1282 in
1913 1228 2052 1284 Clie-

478 1318 678 1382 larum,
703 1333 802 1373 seu
827 1317 1006 1374 Librae
1033 1325 1228 1388 quarta
1260 1329 1433 1388 parte.
1487 1319 1662 1374 Locus
1685 1328 1804 1375 erat
1835 1320 1890 1375 in
1921 1321 2053 1376 Leo-

479 1412 568 1467 nis
592 1412 705 1476 27,
755 1411 855 1465 IO'.
915 1409 1186 1467 Ascensia
1243 1421 1394 1466 recta
1451 1413 1728 1483 signorum
1789 1413 1846 1480 6,
1875 1415 1930 1478 4,
1967 1415 2046 1478 ι’,

478 1505 640 1575 plane
669 1511 730 1558 ut
763 1501 1108 1573 Hipparchus
1138 1503 1334 1568 voluit,
1368 1505 1422 1558 in
1457 1503 1636 1560 Librae
1657 1507 1712 1560 4.
1745 1506 1860 1562 Non
1885 1507 2052 1578 igitur

481 1595 548 1650 ad
579 1595 860 1649 zodiacum
885 1631 902 1659 ,
933 1593 1027 1649 sed
1062 1593 1130 1648 ad
1154 1595 1497 1665 parallelum,
1522 1599 2046 1670 aaquinoctialemve,

481 1685 762 1742 stellarum
787 1685 903 1740 loca
933 1683 1308 1754 designantur.

550 1775 788 1830 Numero
837 1773 928 1828 XII
981 1773 1328 1847 Hipparchus
1377 1777 1454 1832 ait
1503 1787 1834 1848 postremam
1861 1781 2051 1838 caudae

479 1866 708 1923 minoris
740 1867 894 1923 Ursae
915 1875 1074 1925 sitam
1109 1883 1234 1923 esse
1263 1869 1320 1924 in
1369 1869 1540 1939 gradu
1573 1869 1812 1928 Piscium
1845 1875 1934 1930 18.
1978 1873 2038 1930 Si

481 1958 691 2013 zodiaci
727 1961 866 2014 ratio
898 1960 1194 2028 habeatur,
1231 1968 1353 2015 erat
1385 1959 1687 2032 Hipparchi
1721 1973 1968 2036 tempore
1991 1965 2049 2020 in

481 2051 654 2120 gradu
705 2049 872 2106 Tauri
919 2052 1009 2107 29.
1059 2053 1324 2108 Ascensio
1368 2063 1516 2108 recta
1547 2055 1686 2118 546,
1721 2055 1822 2119 lli',
1851 2058 2051 2127 quibus

481 2161 581 2217 per
613 2144 680 2199 50
707 2145 921 2210 divisis,
951 2144 1322 2200 coniiciuntur
1359 2145 1514 2216 signa
1549 2147 1638 2211 11,
1673 2147 1759 2212 16,
1788 2147 1904 2214 16’,
1946 2151 2052 2206 hoc

481 2241 569 2290 est
587 2231 787 2304 gradus
813 2231 1052 2288 Piscium
1087 2233 1185 2296 l6,
1237 2234 1316 2288 16'
1339 2275 1356 2301 ,
1387 2235 1686 2291 secundum
1735 2239 2050 2304 parallelum

481 2326 769 2382 circulum.
793 2323 914 2380 Jam
949 2325 1098 2394 quod
1132 2325 1274 2380 idem
1313 2327 1513 2382 asserit
1561 2343 1714 2382 num.
1743 2327 1860 2382 XIV
1889 2339 2054 2401 caput

484 2415 638 2472 Ursm
667 2419 894 2474 minoris
917 2459 934 2484 ,
971 2419 1086 2474 sive
1114 2417 1468 2474 borealiorem
1519 2420 1956 2478 antecedentium
1995 2425 2050 2480 in

482 2509 748 2564 laterculo
775 2509 1028 2580 plaustri,
1071 2509 1231 2564 sitam
1263 2525 1386 2566 esse
1431 2511 1484 2564 in
1515 2521 1758 2568 extrema
1805 2511 2048 2584 Scorpii,

482 2599 686 2654 idcum
721 2599 932 2656 zodiaci
967 2599 1089 2654 loco
1133 2615 1241 2654 non
1293 2603 1588 2656 convenit:
1649 2602 1742 2672 qui
1788 2601 1892 2659 fuit
1919 2604 2052 2676 Ilip-

481 2692 670 2763 parclii
705 2699 947 2762 tempore
977 2692 1034 2745 in
1061 2691 1235 2761 gradu
1265 2692 1466 2748 Cancri
1513 2693 1600 2758 15,
1639 2695 1755 2762 l5',
1801 2695 1898 2751 sed
1925 2711 2050 2750 cum

482 2785 805 2840 ascensione
847 2793 994 2838 recta
1021 2823 1036 2846 ,
1069 2798 1190 2853 quae
1237 2783 1338 2838 fuit
1371 2785 1652 2855 signorum
1685 2785 1742 2849 8,
1773 2787 1827 2851 1,
1850 2787 1958 2854 26',
1991 2795 2053 2842 ut

481 2876 586 2930 hac
606 2875 818 2930 ratione
846 2873 900 2929 in
927 2874 1202 2944 Sagittarii
1237 2877 1258 2932 I
1289 2877 1570 2932 censenda
1604 2877 1788 2934 fuerit.

552 2965 682 3022 Item
716 2966 772 3020 in
798 2965 904 3020 line
935 2965 1058 3020 libri
1085 2964 1124 3024 Ι,
1177 2981 1330 3020 num.
1365 2965 1579 3031 XXVII,
1611 2969 1803 3024 scribit
1831 2977 2052 3026 antece-

480 3058 673 3114 dentes
701 3058 756 3112 in
787 3055 952 3129 Hydri
979 3057 1159 3128 capite
1191 3057 1438 3114 obtinere
1475 3068 1682 3129 partem
1713 3059 1912 3115 Cancri
1940 3077 2055 3116 ani-

2155 601 2186 638 a
2219 585 2446 638 zodiaca
2471 581 2786 638 distantiam
2813 621 2829 646 ,
2861 582 2969 636 hoc
3001 591 3086 636 est
3121 581 3480 648 latitudinem,
3511 591 3627 636 tum
3657 581 3727 638 de

2155 677 2492 732 australibus
2515 676 2696 746 egisse
2721 693 2734 729 :
2769 674 2914 745 quod
2935 683 2990 728 et
3015 673 3360 743 Hipparchus
3381 675 3496 743 ipse
3526 675 3724 730 tenuit.

2223 764 2532 832 Quinetiam
2573 764 2871 826 Geminus.
2905 765 3000 835 qui
3029 764 3308 836 octoginta
3348 765 3570 822 circiter
3601 773 3728 836 post

2154 857 2524 928 Hipparchum
2575 857 2734 914 annis
2763 855 2964 922 ﬂoruit,
2989 871 3100 912 non
3153 857 3387 913 obscure
3417 856 3724 928 signiﬁcat,

2151 960 2310 1004 aetate
2339 964 2438 1006 sua
2477 956 2587 1002 tam
2607 947 2972 1018 longitudines
3005 947 3306 1012 stellarum,
3343 962 3510 1018 quam
3542 949 3730 1004 latitu-

2152 1041 2332 1108 dines,
2353 1040 2419 1096 ad
2445 1041 2726 1094 zodiacum
2760 1037 3198 1094 accommodatas
3239 1052 3382 1095 esse.
3411 1039 3546 1094 Nam
3568 1040 3726 1094 initio

2153 1133 2278 1188 libri
2310 1131 2509 1188 asserit
2535 1131 2817 1186 zodiacum
2845 1131 2901 1184 in
2937 1139 3120 1200 partes
3142 1130 3428 1187 duodecim
3461 1133 3724 1202 aequales,

2151 1237 2270 1292 quae
2293 1231 2420 1276 sunt
2437 1219 2881 1291 signa,distribni
2915 1239 2926 1274 ε
2951 1235 3058 1290 qua
3089 1221 3300 1277 ratione
3316 1221 3484 1277 dividi
3499 1238 3729 1280 necesse

2151 1321 2236 1370 est
2259 1313 2700 1383 aequinoctialem
2735 1313 2788 1367 in
2821 1319 3004 1383 parles
3029 1313 3348 1383 inaequales.
3377 1313 3555 1384 Atque
3579 1314 3728 1370 idem

2153 1403 2507 1460 nihilominus
2583 1401 2965 1471 parallelorum
3039 1402 3371 1456 circulorum
3441 1403 3726 1468 meminit,

2151 1511 2289 1566 quos
2339 1494 2754 1564 aequidistantes
2809 1493 2879 1550 ab
2921 1494 3288 1564 aequinoctiali
3336 1495 3494 1550 stella
3527 1495 3728 1550 diurno

2151 1587 2382 1644 circuitu
2415 1586 2688 1657 designat.
2737 1585 3005 1652 Quocirca
3031 1587 3329 1642 verisimile
3353 1595 3440 1642 est
3467 1589 3728 1658 antiquos

2150 1689 2382 1751 utraque
2417 1679 2580 1734 modo
2615 1679 2896 1742 stellarum
2960 1677 3326 1746 longitudines
3369 1694 3434 1734 ac
3471 1680 3714 1736 latitudi-

2151 1787 2250 1828 nes
2273 1779 2526 1842 putasse;
2578 1785 2680 1841 pro
2707 1785 2773 1826 eo
2807 1779 2970 1842 atque
3013 1773 3080 1826 ad
3123 1771 3432 1826 institutam
3465 1789 3730 1844 πραγμα-

2083 1839 2122 1894 Β
2149 1839 2298 1918 τεεαᾷ
2327 1839 2626 1933 expediret.
2661 1861 2776 1918 Nisi
2832 1839 2978 1918 enim
3022 1862 3370 1918 latitudinem
3405 1839 3633 1918 illarum
3655 1864 3729 1920 ab

2150 1955 2375 2010 zodiaca
2409 1953 2682 2008 interdum
2714 1953 3092 2009 adhibuissent
3113 1994 3129 2020 ,
3177 1969 3286 2010 non
3320 1953 3730 2025 distinguerent

2149 2049 2398 2104 boreales
2419 2062 2609 2102 earum
2645 2046 2786 2102 situs
2813 2047 2881 2100 ab
2917 2045 3253 2100 australibus
3289 2045 3594 2100 secundum
3625 2061 3726 2101 zo-

2149 2140 2400 2204 diacum,
2461 2138 2557 2194 sed
2593 2137 3026 2208 mquinoctialem
3053 2137 3326 2192 duntaxat
3354 2157 3364 2190 :
3404 2151 3434 2190 a
3467 2153 3578 2208 quo
3607 2138 3729 2194 solo

2151 2231 2466 2286 latitudines
2493 2228 2808 2286 earumdem
2848 2235 3179 2299 repeterent.
3209 2226 3350 2282 Hinc
3385 2227 3584 2283 falsum
3605 2245 3730 2285 esse

2151 2329 2389 2384 constat,
2413 2319 2558 2390 quod
2609 2317 2880 2389 Iosephus
2909 2317 3155 2390 Scaliger
3179 2319 3360 2388 capite
3387 2319 3565 2388 primo
3601 2320 3728 2374 libri

2153 2415 2230 2470 De
2251 2414 2468 2484 anticip.
2507 2413 2699 2482 (equiti.
2743 2411 3006 2476 allirmat,
3065 2418 3196 2468 ante
3223 2411 3572 2468 Ptolemaeum
3607 2413 3731 2466 nul-

2151 2508 2258 2561 lam
2287 2505 2448 2560 aliam
2478 2504 2756 2560 stellarum
2791 2502 3186 2573 longitudinem
3235 2504 3322 2559 vel
3383 2505 3732 2560 latitudinem

2151 2598 2206 2652 in
2231 2613 2334 2654 usu
2365 2595 2535 2653 fuisse
2555 2637 2568 2662 ,
2601 2610 2767 2667 quam
2797 2610 2918 2665 quin
2950 2609 3118 2664 penes
3143 2595 3582 2666 mquinoctialem
3631 2613 3732 2652 su—

2151 2691 2354 2758 mitur;
2413 2689 2648 2760 primum
2707 2689 2886 2742 autem
2928 2686 3280 2743 Ptolemaeum
3330 2688 3398 2744 ad
3446 2689 3732 2744 zodiacum

2151 2792 2436 2852 utramque
2464 2779 2830 2836 transtulisse.
2869 2779 3036 2850 Atqui
3068 2777 3352 2842 Geminus,
3377 2779 3473 2850 qui
3520 2780 3730 2835 ducen-

2151 2876 2222 2928 tis
2249 2873 2483 2944 amplius
2507 2872 2666 2928 annis
2695 2871 3048 2926 Ptolemaeum
3073 2872 3377 2941 praecessit,
3411 2879 3522 2924 tam
3555 2871 3734 2941 longi-

2151 2967 2372 3022 tudines
2399 2966 2707 3029 stellarum,
2731 2980 2894 3036 quam
2927 2963 3247 3019 latitudines
3291 2964 3348 3018 in
3379 2964 3604 3018 zodiaca
3627 2964 3730 3018 de-

2153 3059 2386 3129 scriptas
2413 3073 2536 3114 esse
2555 3057 2756 3115 saeculo
2782 3071 2917 3120 suo,
2967 3056 3292 3126 planissime
3341 3055 3624 3121 declarat,
3671 3065 3734 3110 ut

481 3149 626 3220 plius
662 3148 748 3214 10,
775 3149 920 3220 quod
963 3149 1178 3220 egregie
1225 3149 1537 3206 ascensioni
1571 3160 1732 3207 recta:
1755 3153 2048 3223 congruit:
2079 3175 2124 3237 ε
2155 3152 2317 3221 paulo
2343 3157 2470 3206 ante
2511 3150 3026 3206 demonstravimus.
3064 3147 3436 3218 Hipparchum
3467 3159 3646 3202 autem
3677 3155 3734 3202 et

479 3256 644 3312 quam
693 3241 910 3296 invenio
959 3238 1256 3310 Hipparchi
1287 3248 1532 3310 tempore
1563 3241 1844 3312 signorum
1881 3244 2048 3312 5,10,

481 3331 583 3388 122
624 3329 704 3384 Ita
741 3331 948 3394 stellas,
973 3345 1096 3400 quae
1125 3335 1255 3386 sunt
1281 3330 1336 3384 in
1364 3329 1564 3401 Cephei
1595 3333 1792 3400 capite,
1819 3333 2053 3390 collocat

482 3427 626 3482 idem
659 3429 714 3479 In
743 3425 914 3495 gradu
947 3423 1182 3494 amplius
1213 3423 1300 3478 10.
1336 3423 1401 3476 Et
1427 3437 1529 3479 nos
1561 3427 1936 3481 ascensionem
1963 3443 2053 3482 re-

481 3525 626 3572 ctam
678 3516 932 3573 australis
981 3513 1438 3585 deprehendimus
1485 3515 1764 3584 signorum
1807 3517 1907 3582 10,
1961 3519 2050 3582 10,

481 3611 585 3665 ιδ’.
621 3609 843 3665 Stellam
869 3609 1112 3679 ejusdem
1150 3609 1446 3672 asterismi,
1477 3623 1598 3678 qua:
1631 3609 1684 3662 in
1719 3610 1944 3665 sinistro
1968 3619 2054 3666 est

483 3701 712 3757 humero
738 3738 753 3764 ,
811 3701 896 3754 vel
933 3699 1159 3754 brachio
1182 3737 1197 3764 ,
1233 3699 1398 3754 refert
1429 3697 1772 3768 Hipparchus
1819 3700 2050 3770 positam

483 3807 607 3850 esse
633 3793 686 3846 in
719 3791 888 3863 gradu
917 3791 988 3846 25
1018 3791 1266 3860 Aquarii.
1301 3791 1566 3848 Ascensio
1597 3797 1746 3846 recta
1775 3792 2050 3863 congruit,

483 3898 607 3954 quae
641 3891 727 3938 est
749 3883 1028 3953 signorum
1063 3881 1153 3945 10,
1189 3881 1282 3947 26,
1305 3882 1411 3938 26'.
1435 3887 1506 3937 At
1534 3884 1590 3938 in
1621 3884 1848 3938 zodiaca
1902 3885 2054 3940 locus

483 3983 604 4030 erat
640 3974 696 4028 in
740 3974 940 4028 Arietis
979 3974 1034 4039 5,
1061 3974 1166 4030 48'.
1213 3973 1293 4027 Ad
1329 3975 1444 4029 haec
1503 3975 1560 4029 in
1609 3975 1834 4030 sinistra
1887 3991 2054 4032 manu

487 4066 670 4120 Bootae
697 4064 1104 4122 antecedentem
1135 4065 1346 4120 stellam
1369 4065 1512 4119 locat
1538 4064 1738 4120 ibidem
1774 4065 1829 4119 in
1861 4065 2056 4121 Chela-

485 4173 608 4212 rum
646 4165 798 4228 parte
821 4157 1056 4226 amplius
1091 4157 1176 4211 15.
1202 4155 1467 4212 Ascensia
1489 4162 1639 4211 recta
1667 4163 1752 4211 est
1775 4157 2052 4228 signorum

485 4247 544 4310 6,
573 4246 632 4300 11
658 4287 674 4312 ,
723 4245 841 4311 47³;
871 4244 1024 4300 locus
1057 4243 1112 4298 in
1141 4243 1398 4306 zodiaca,
1447 4243 1505 4297 in
1555 4241 1755 4299 Leonis
1811 4243 1881 4297 28
1901 4281 1915 4306 ,
1947 4244 2058 4302 58'.

485 4339 752 4394 Praeterea
783 4337 878 4393 lib.
913 4335 957 4389 ll
1002 4336 1162 4391 docet
1211 4334 1557 4406 Hipparchus
1599 4334 2054 4390 australissimam

487 4431 544 4484 in
597 4430 822 4486 sinistro
876 4428 1012 4498 pede
1049 4427 1232 4484 Bootae
1274 4429 1522 4482 obtinere
1569 4435 1776 4496 partem
1805 4425 1981 4480 Librm
2013 4425 2050 4480 Ι.

2157 3243 2440 3298 Eudoxum
2471 3243 3030 3313 idipsum'usurpasse
3076 3254 3466 3310 nonnunquam
3489 3279 3504 3304 ,
3537 3239 3736 3309 impri-

2155 3335 2262 3392 mis
2287 3333 2436 3406 quorl
2474 3333 2787 3388 latitudines
2821 3331 3036 3396 attinet,
3059 3329 3250 3386 eodem
3279 3331 3614 3401 conjectum
3641 3345 3734 3401 ge.

2155 3443 2287 3482 nere
2319 3427 2446 3482 licet
2481 3425 2721 3496 assequi.
2769 3423 2918 3480 Nihil
2965 3429 3049 3478 est
3095 3423 3242 3478 enim
3289 3421 3438 3475 aliud
3483 3420 3735 3478 boreales

2159 3519 2362 3582 stellas,
2391 3516 2728 3572 australesve
2758 3515 2888 3580 dici,
2907 3505 3028 3584 qué
3049 3527 3079 3568 a
3113 3511 3338 3568 zodiaca
3361 3527 3554 3584 versus
3577 3513 3736 3582 aqui-

2157 3611 2334 3665 Iouem
2365 3616 2458 3663 aut
2487 3608 2766 3662 meridiem
2792 3607 3076 3671 recedunt,
3107 3619 3272 3676 quam
3297 3603 3364 3658 ab
3397 3604 3586 3660 eodem
3637 3618 3736 3658 zo—

2159 3701 2316 3756 diaca
2347 3699 2690 3754 latitudinem
2722 3697 2924 3752 habere
2951 3697 3232 3752 borealem
3257 3695 3642 3750 australemve.
3665 3694 3738 3748 At

2157 3791 2312 3862 prius
2338 3790 2408 3843 ab
2440 3788 2664 3844 Eudoxo
2719 3788 3041 3857 ceterisque
3067 3827 3082 3852 ,
3113 3785 3259 3856 quod
3297 3785 3412 3856 jam
3457 3787 3694 3840 diximus
3715 3825 3731 3849 ,

2159 3887 2482 3949 usurpatum
2507 3893 2630 3935 esse
2663 3877 2853 3948 liquet.
2884 3877 3054 3948 Igitur
3080 3885 3135 3932 et
3161 3877 3266 3930 hoc
3294 3889 3513 3946 quoque
3561 3891 3736 3946 genus

2159 3970 2472 4026 latitudinis
2513 3975 2874 4040 agnoverunt,
2898 3968 3045 4038 quod
3073 3967 3144 4024 ab
3191 3965 3420 4022 zodiaca
3474 3966 3732 4022 sumitur.

2158 4062 2400 4126 Nullum,
2423 4061 2570 4132 quod
2607 4058 3294 4129 meminerim,exemplum
3325 4059 3394 4113 ab
3421 4057 3736 4128 Hipparcho

2159 4161 2494 4210 memoratur
2514 4167 2578 4208 ex
2613 4151 2862 4216 Eudoxo,
2887 4150 2946 4206 in
2971 4165 3082 4221 quo
3113 4151 3252 4206 situs
3285 4151 3458 4206 stellae
3485 4151 3738 4204 nomina-

2161 4247 2258 4299 tim
2279 4244 2657 4315 exprimaturj;
2690 4259 2818 4298 nam
2847 4242 2994 4314 quod
3023 4239 3222 4306 Iibrol,
3253 4257 3406 4296 num.
3425 4241 3541 4308 XII,
3571 4249 3738 4310 caput

2163 4333 2318 4390 Ursa:
2341 4333 2569 4404 majoris
2607 4349 2674 4390 ex
2722 4332 2934 4386 Eudoxi
2968 4331 3242 4388 sententia
3275 4332 3547 4386 collocare
3579 4331 3734 4385 vide-

2161 4435 2250 4482 tur
2279 4428 2335 4481 in
2359 4435 2512 4496 parte
2542 4425 2742 4481 Leonis
2769 4425 3114 4489 duodecima,
3140 4425 3298 4480 aliter
3332 4438 3456 4480 sese
3503 4439 3592 4479 res
3639 4423 3738 4477 ha-

488 4520 664 4590 Hujus
713 4519 964 4578 ascensio
1010 4528 1160 4576 recta
1217 4519 1448 4576 miriﬁce
1507 4518 1878 4575 observationi
1923 4532 2056 4572 con-
2088 4533 2130 4590 ι)
2159 4517 2520 4574 bet.Utenim
2547 4517 2754 4587 integer
2777 4518 3038 4588 sitJlocus,
3061 4519 3368 4588 nonipsum
3391 4525 3555 4586 caput
3576 4513 3735 4571 Ursae

485 4613 668 4682 gruit;
707 4626 832 4665 nam
867 4619 953 4666 est
981 4613 1260 4682 signorum
1291 4611 1345 4676 6,
1373 4612 1425 4680 1,
1455 4610 1560 4664 27'.
1587 4609 1654 4664 At
1685 4612 1838 4666 locus
1872 4610 1930 4665 in
1965 4625 2056 4664 zo-

487 4703 645 4758 diaca
671 4699 964 4771 Hipparchi
991 4710 1236 4770 tempore
1261 4699 1316 4754 in
1351 4699 1596 4771 Virginis
1627 4699 1714 4761 19,
1741 4700 1846 4754 55’.

558 4793 720 4848 Plura
735 4793 820 4848 his
840 4791 1040 4848 addere
1055 4799 1370 4862 poteramus
1385 4793 1630 4861 exempla
1650 4810 1662 4845 :
1679 4791 1774 4845 sed
1793 4790 1906 4845 hinc
1921 4790 2056 4860 ipsa,

489 4899 614 4956 quae
641 4885 955 4956 selegimus,
989 4883 1125 4940 satis
1159 4884 1212 4939 id
1259 4883 1406 4954 quod
1451 4883 1704 4938 volumus
1745 4883 2058 4948 ostendunt,

491 4977 770 5034 stellarum
807 4976 1198 5047 longitudinem
1224 4976 1294 5034 ab
1325 4973 1636 5046 Hipparcho
1667 4974 1832 5030 statui
1866 4989 2062 5030 secun-

489 5069 620 5124 dum
650 5077 830 5122 rectas
855 5067 1207 5122 ascensiones
1236 5065 1290 5122 in
1321 5065 1712 5137 aequinoctiali,
1740 5067 1856 5122 sive
1882 5067 2060 5138 paral—

487 5161 596 5218 Ielo
619 5160 845 5224 circulo,
865 5175 996 5223 non,
1021 5167 1082 5212 ut
1109 5157 1268 5212 hodie
1293 5160 1371 5222 lit,
1390 5159 1445 5214 in
1463 5159 1705 5214 zodiaca.

563 5249 708 5306 Idem
755 5257 946 5304 auctor
993 5251 1418 5306 declinationum
1455 5249 1525 5304 ab
1551 5250 1918 5320 mquinoctiali
1948 5249 2058 5304 cir-

491 5343 616 5397 culo
639 5357 879 5413 persape
907 5343 1154 5398 meminit
1185 5360 1199 5396 :
1243 5355 1514 5410 nusquam
1540 5348 1721 5397 autem
1756 5341 2061 5396 latitudinis

497 5433 566 5490 ab
595 5432 840 5488 zodiaca.
877 5433 1118 5490 Tametsi
1147 5447 1254 5487 non
1281 5433 1472 5488 dubito
1515 5432 1680 5502 hujus
1721 5433 1886 5488 etiam
1932 5431 2064 5502 Hip-

495 5527 756 5596 parchum
795 5526 1062 5582 rationem
1115 5525 1408 5592 habuisse;
1467 5536 1754 5596 postquam
1795 5525 2062 5582 circulum

495 5619 661 5674 istum
693 5619 930 5674 artifices
961 5619 1017 5674 in
1043 5621 1185 5674 caelo
1211 5621 1394 5674 metati
1419 5627 1572 5682 sunt,
1597 5627 1651 5674 et
1679 5619 1799 5688 ejus
1829 5619 2062 5688 obliqui-

503 5709 670 5764 latem
705 5709 1222 5768 animadverterunt.
1251 5709 1392 5766 Sane
1422 5709 1764 5781 Hipparchus
1790 5709 2061 5774 observat,

501 5798 808 5870 Eudoxum,
841 5809 896 5857 et
920 5801 1146 5857 Aratum
1177 5801 1322 5857 illius
1359 5801 1627 5872 exemplo,
1659 5801 1714 5858 in
1761 5801 2062 5858 asterismis

2163 4608 2402 4666 conferri
2431 4608 2568 4664 dicit
2595 4609 2664 4664 ab
2703 4607 2926 4663 Eudoxo
2975 4610 3032 4663 in
3081 4617 3292 4678 partem
3347 4607 3736 4662 duodecimam

2160 4699 2384 4765 Leonis,
2419 4701 2516 4758 sed
2545 4717 2666 4756 eam
2697 4701 2931 4766 stellam,
2955 4717 3078 4771 qua!
3105 4701 3408 4757 secundum
3447 4699 3734 4754 Eudoxum

2163 4788 2314 4846 Ursa:
2347 4797 2512 4861 caput
2534 4798 2672 4856 erat,
2701 4791 3046 4862 Ilipparchus
3075 4793 3190 4864 ipse
3233 4806 3300 4846 ex
3343 4791 3608 4846 sententia
3635 4804 3738 4844 sua

2159 4884 2215 4939 in
2247 4899 2312 4939 ea
2343 4883 2516 4955 gradu
2546 4884 2814 4938 collocare
2843 4883 3088 4938 videtur:
3115 4884 3149 4954 ἡ
3165 4883 3221 4936 δὲ
3241 4880 3382 4935 κατὰ
3401 4881 3490 4934 τὸν
3507 4879 3736 4946 Εὔδοξον

2163 4975 2393 5046 κεφαλή,
2429 4994 2448 5027 ι
2503 4989 2667 5045 quam
2708 4989 2836 5030 vero
2867 4975 3078 5030 stellam
3107 4973 3366 5028 Eudoxus
3397 4979 3559 5042 caput
3583 4969 3738 5026 Ursae

2161 5067 2468 5121 constituit.
2509 5085 2527 5118 ι
2561 5064 2774 5120 Etenim
2801 5064 2956 5120 Ursa:
2975 5072 3138 5135 caput
3165 5063 3452 5132 utriusque
3482 5061 3614 5114 alibi
3637 5060 3741 5114 Eu-

2161 5159 2387 5220 doxum,
2417 5165 2472 5214 et
2519 5157 2856 5227 antiquiores
2895 5171 3085 5212 omnes
3121 5158 3402 5220 statuisse,
3435 5169 3599 5226 quam
3641 5154 3742 5216 ubi

2161 5249 2326 5305 hodie
2353 5251 2594 5320 ponitur,
2621 5249 2963 5319 Ilipparchus
2986 5249 3283 5314 existimat,
3307 5249 3564 5304 nimirum
3589 5255 3740 5301 utra-

2163 5340 2327 5410 bique
2364 5341 2722 5396 borealiorem
2756 5341 2986 5394 duarum
3031 5339 3087 5394 in
3131 5339 3394 5394 laterculo
3421 5325 3740 5409 praecedam

2165 5435 2300 5492 tium
2322 5441 2486 5504 caput
2535 5433 2872 5503 appellasse;
2912 5431 2980 5486 de
3017 5447 3126 5502 quo
3171 5431 3335 5502 paulo
3367 5437 3492 5501 post
3521 5436 3733 5498 agetur.

2163 5523 2314 5578 Adde
2335 5522 2576 5578 nondum
2609 5519 2782 5576 videri
2812 5519 3024 5574 Eudoxi
3077 5521 3276 5576 saeculo
3317 5517 3620 5574 institutam
3659 5515 3738 5572 si-

2165 5629 2394 5686 gnorum
2430 5615 2484 5668 in
2515 5621 2705 5682 partes
2737 5611 2956 5683 triginta
2985 5611 3305 5668 divisionem
3333 5652 3348 5677 ,
3399 5609 3483 5665 vel
3542 5605 3739 5663 circuli

2165 5707 2330 5762 totius
2356 5705 2410 5760 in
2445 5705 2569 5761 560.

2237 5796 2314 5852 Ac
2341 5813 2412 5854 ne
2435 5797 2524 5854 ille
2541 5795 2758 5868 quidem
2782 5795 3030 5854 sincerus
3057 5807 3140 5853 est
3169 5796 3358 5866 locus;
3387 5793 3482 5851 sed
3503 5795 3552 5852 ci
3581 5805 3742 5854 men.
