4124 6416
394 417 417 470 1
427 415 530 472 545

1181 405 1636 464 DlSSEHTATIO
1669 403 1759 460 DE
1797 399 1982 459 ORTU
2017 399 2105 455 ET
2144 398 2414 456 OCCASU
2457 397 2784 454 SIDERUM.

3495 400 3634 454 1546

390 531 520 585 dum
572 529 793 592 subest,
846 533 907 580 ut
961 523 1184 578 omnino
1237 521 1521 591 scripserit
1574 515 1953 588 Hipparchus:
1988 511 2271 574 Afuisse:
2313 510 2458 580 quod
2506 509 2792 580 praefracte
2841 514 3001 576 negat
3031 505 3315 578 Scaliger,
3371 509 3529 578 cujus
3577 517 3634 567 et

400 624 467 675 'll
498 622 554 675 δὲ
573 621 714 674 κατὰ
741 621 832 672 τὸν
863 614 1089 680 Εὔδοξον
1108 614 1319 685 κεφαλὴ
1334 615 1432 682 τῆς
1455 611 1695 683 μεγάλης
1718 610 1955 681 Ἄρκτου

2065 603 2160 656 alia
2179 603 2334 672 longe
2348 602 2665 671 capitaliora
2695 603 2748 655 in
2773 603 2912 657 libro
2941 600 3015 656 De
3031 603 3408 670 anticipatione
3433 606 3630 675 wquin.

391 713 532 767 κατὰ
576 713 639 766 τὺ
684 707 1150 781 δωδεκατημόριον
1196 705 1290 760 τοῦ
1334 705 1580 767 Λέοντος.
1615 703 1752 757 Cum
1789 710 1956 768 esset,

392 806 544 858 τὸιϐν
599 805 722 876 μόρ.
779 801 1012 873 putavit.
1045 799 1329 868 legendum
1388 797 1454 850 ιϐ’
1502 813 1648 867 μοιρ.
1704 796 1962 864 Adeoque

393 897 493 966 τὴν
532 895 597 948 ι6¹
639 911 811 966 μοιρ.,
843 893 999 963 quasi
1031 892 1084 946 in
1117 889 1435 945 duodecima
1466 897 1620 958 parte
1643 895 1957 957 poneretur,

392 985 630 1039 maxime
651 1000 774 1038 cum
810 983 1054 1053 proxime
1082 989 1240 1044 ante,
1282 978 1500 1049 ’ἰχθύων
1533 995 1680 1048 μοιρ.
1720 977 1788 1030 ιϐ’
1821 976 1955 1032 scri-

393 1085 542 1146 ptum
583 1083 747 1130 esset.
781 1075 979 1129 Verum
1010 1070 1360 1142 Hipparchus
1403 1070 1528 1139 plus
1570 1070 1735 1123 semel
1775 1069 1962 1122 docuit

394 1169 451 1222 in
481 1166 640 1221 tertia
669 1165 869 1220 Leonis
894 1171 1068 1233 parte,
1117 1177 1226 1217 non
1277 1160 1599 1216 duodecima
1649 1161 1811 1215 situm
1841 1175 1964 1214 esse

394 1262 559 1324 caput
583 1254 732 1309 Ursa:
757 1254 1002 1325 majoris.
1033 1251 1220 1322 Neque
1254 1265 1282 1304 a
1315 1252 1496 1320 seipso
1517 1290 1534 1314 ,
1583 1258 1745 1320 atque
1787 1251 1856 1304 ab
1885 1251 1962 1304 rei

394 1347 622 1400 veritate
652 1354 935 1416 tantopere
986 1345 1318 1399 dissensisse
1359 1344 1464 1398 hoc
1511 1344 1629 1398 loco
1659 1343 1963 1400 credendus

393 1445 499 1499 est,
530 1445 589 1491 ut
627 1436 681 1490 in
714 1436 1036 1490 duodecima
1071 1443 1226 1506 parte
1259 1443 1541 1489 Statueret.

467 1527 833 1598 Hipparchum
871 1543 1017 1592 vero,
1058 1543 1166 1581 non
1203 1527 1255 1580 in
1291 1527 1409 1580 solo
1440 1525 1806 1594 aequinoctiali
1833 1526 1964 1581 stel-

396 1618 574 1671 larum
615 1616 1001 1686 longitudines,
1034 1617 1129 1670 sed
1155 1616 1318 1669 etiam
1347 1615 1404 1669 in
1453 1615 1676 1669 zodiaco
1717 1616 1820 1668 alia
1874 1631 1965 1669 ra-

395 1710 541 1765 tione
566 1725 778 1780 usuque
805 1708 1226 1777 contemplatum
1256 1722 1396 1773 esse,
1421 1722 1487 1762 ex
1524 1707 1663 1762 libro
1707 1709 1827 1775 ejus
1880 1723 1967 1763 se-

398 1801 576 1857 cundo
630 1815 694 1854 ac
740 1801 902 1853 tertio
954 1798 1172 1868 probari
1226 1805 1436 1866 potest;
1478 1797 1572 1851 ubi
1630 1797 1697 1852 de
1740 1815 1967 1850 συνανα-

2057 692 2222 761 paulo
2241 701 2361 760 post
2379 691 2740 745 excutiemus.

2130 781 2285 836 Hanc
2353 781 2648 852 Hipparchi
2719 782 3204 836 hallucinationem
3268 783 3630 848 asterismos,

2060 874 2175 929 sive
2191 874 2403 930 stellata
2419 872 2586 937 ζῴδια
2601 889 2726 928 cum
2743 874 3199 928 dodecatemoriis
3219 876 3637 944 cognominibus

2061 965 2368 1034 promiscue
2424 965 2691 1035 capientis
2749 965 2840 1018 alii
2897 965 3153 1020 similiter
3219 980 3632 1035 expresserunt.

2064 1055 2264 1110 Scribit
2297 1057 2444 1111 enim
2468 1057 2621 1110 Arati
2650 1057 2975 1113 scholiastes
3001 1056 3070 1110 ad
3100 1057 3190 1110 illa
3225 1059 3384 1112 verba
3417 1099 3431 1122 ,

2062 1167 2240 1235 Κρατὶ
2267 1167 2335 1220 δὲ
2357 1171 2411 1220 ol
2425 1168 2664 1236 Δι’δυμοι
2681 1184 2708 1199 ’ν
2719 1167 2927 1236 μέσῃ-ῃ
2951 1167 3004 1220 δ’
3027 1167 3146 1222 ὑπὸ
3164 1169 3461 1236 Καρκίνος
3479 1167 3631 1221 ἐστί’

2061 1238 2259 1291 [locat
2284 1237 2336 1289 δ’
2351 1238 2453 1290 ὑπ’
2477 1237 2860 1307 ἀμφοτέροισι
2882 1238 3046 1292 Λέων
3065 1239 3182 1292 ὑπὸ
3207 1238 3363 1291 καλὰ
3383 1255 3631 1306 φαεινει·

2064 1351 2118 1405 in
2139 1351 2338 1420 quibus
2367 1349 2522 1406 Ursae
2549 1351 2743 1420 majori
2775 1351 3001 1407 subesse
3034 1352 3166 1406 dicit
3193 1351 3450 1408 Geminos
3485 1353 3634 1407 illius

2064 1440 2225 1510 capiti
2257 1439 2666 1510 respondentes.
2696 1442 2870 1495 ventri
2901 1441 3172 1495 Cancrum
3197 1481 3212 1506 ,
3243 1442 3470 1511 pedibus
3499 1440 3637 1497 Leo-

2065 1546 2208 1586 nem.
2238 1531 2320 1585 Ad
2363 1532 2475 1586 haec
2510 1532 2755 1586 scholion
2787 1533 3040 1587 observat
3083 1533 3350 1602 quosdam
3409 1535 3635 1587 Aratum

2066 1621 2481 1692 reprehendere,
2503 1623 2648 1692 quod
2680 1621 2852 1687 Ursae,
2887 1637 3007 1692 quae
3033 1624 3234 1693 gradus
3259 1640 3366 1678 non
3401 1625 3634 1694 amplius

2065 1711 2290 1782 triginta
2321 1713 2636 1781 porrigitur,
2669 1713 2922 1768 subtendi
2954 1713 3250 1782 nonaginta
3279 1715 3504 1783 gradus,
3532 1720 3635 1768 hoc

2067 1811 2151 1858 est
2181 1803 2282 1857 tria
2323 1802 2758 1858 dodecatemoria
2789 1805 3057 1874 significet
3091 1823 3104 1858 :
3145 1822 3306 1875 quam
3363 1807 3431 1860 ad
3483 1807 3636 1874 obje-

395 1893 575 1957 τολαῖς
603 1902 658 1947 et
687 1890 1114 1960 συγκαταδύσεσι
1150 1891 1388 1945 siderum
1447 1890 1752 1960 disputans,
1781 1900 1964 1960 aperte

2066 1894 2300 1948 ctionem
2334 1909 2599 1964 nugarum
2625 1895 2811 1950 nescio
2835 1896 2964 1965 quid
2988 1897 3278 1965 expromit.
3309 1895 3454 1951 Nihil
3488 1897 3634 1951 enim

400 1987 683 2041 zodiacum
731 1985 784 2038 in
829 1983 1114 2038 duodecim
1168 1992 1348 2052 partes
1399 1985 1670 2054 aequales,
1722 1983 1966 2053 singulas

399 2090 588 2130 earum
626 2076 681 2128 in
714 2075 934 2144 triginta
979 2073 1296 2139 distribuit,
1341 2090 1569 2146 eamque
1617 2074 1966 2145 partitionem

401 2169 470 2224 ab
497 2169 666 2223 initiis
689 2169 969 2238 signorum
994 2164 1296 2235 procedere
1314 2175 1425 2220 tam
1455 2183 1520 2222 ex
1554 2182 1675 2229 sua,
1706 2181 1868 2236 quam
1899 2182 1968 2221 ex

400 2265 642 2314 veterum
695 2256 962 2313 sententia
1017 2256 1278 2310 declarat.
1335 2256 1499 2326 Atqui
1536 2257 1583 2311 si
1626 2257 1682 2310 in
1727 2256 1970 2326 aequino-

401 2351 550 2404 ctiali
579 2350 696 2403 solo
723 2349 1092 2418 longitudines
1119 2347 1420 2402 observata:
1450 2345 1702 2410 fuissent,
1733 2361 1843 2400 non
1880 2362 1970 2401 es-

401 2449 485 2494 set
523 2441 576 2495 in
611 2448 794 2509 partes
830 2439 1066 2508 aequales
1098 2445 1281 2493 sectus
1323 2437 1612 2502 zodiacus;
1648 2452 1826 2507 neque
1853 2439 1972 2492 sin-

402 2531 525 2599 gula
545 2529 980 2583 dodecatemoria
1010 2527 1239 2582 tricenis
1256 2535 1572 2582 constarent
1606 2529 1873 2597 partibus.

473 2621 592 2686 Quo
618 2621 779 2674 etiam
811 2629 1133 2690 argumento
1178 2619 1244 2674 de
1284 2617 1490 2674 Eudoxi
1523 2622 1793 2675 sententia
1835 2635 1971 2674 con-

397 2713 664 2782 jecturam
689 2726 882 2781 capere
926 2719 1110 2780 posSet
1143 2711 1342 2780 aliquis
1369 2750 1385 2774 ,
1433 2710 1726 2764 duodecim
1776 2711 1847 2766 ab
1874 2701 1971 2766 iilo

401 2804 558 2874 signa
587 2801 642 2854 in
678 2801 922 2863 zodiaco,
956 2808 1015 2854 ut
1041 2801 1106 2855 de
1139 2800 1506 2870 aequinoctiali
1541 2809 1770 2863 taceam,
1794 2802 1968 2856 collo-

401 2901 524 2948 cata
586 2891 983 2959 distribulaque
1038 2906 1180 2946 esse.
1239 2890 1448 2944 Etenim
1497 2889 1838 2960 Hipparchus
1900 2893 1969 2946 li-

399 2985 501 3041 bro
534 2983 573 3047 l,
609 2997 758 3037 num.
791 2981 907 3046 Xll,
937 2991 1264 3052 postremam
1317 2981 1504 3037 cauda:
1555 2983 1784 3039 minoris
1819 2982 1972 3040 Ursae

401 3077 478 3129 ait
508 3076 562 3130 in
587 3073 825 3128 Piscium
855 3081 1045 3126 octava
1091 3071 1300 3127 decima
1353 3080 1503 3142 parte
1544 3073 1776 3142 positam
1825 3089 1968 3129 esse.

401 3166 472 3219 At
511 3165 810 3221 secundum
846 3164 1149 3218 institutam
1178 3163 1248 3218 ab
1279 3162 1504 3218 Eudoxo
1535 3164 1855 3220 divisionem
1881 3181 1972 3220 zo-

402 3257 564 3320 diaci,
597 3257 650 3310 in
682 3255 841 3310 tertio
873 3254 1042 3324 gradu
1073 3255 1270 3309 Arietis
1295 3255 1414 3318 εὫς
1437 3255 1492 3307 δὲ
1523 3254 1749 3320 Εὔδοξος
1772 3257 1970 3329 διαιρεῖ

401 3349 493 3402 τὸν
530 3347 792 3412 ζωδιακὸν
818 3345 1033 3410 κύκλον,
1059 3345 1201 3399 κατὰ
1214 3345 1310 3417 τὴν
1339 3353 1386 3415 γ’
1420 3347 1528 3416 μοί.
1549 3347 1642 3400 τοῦ
1671 3348 1861 3419 Κριοῦ.
1891 3349 1968 3404 lta

401 3439 547 3494 enim
577 3435 954 3508 castigandum
985 3453 1107 3492 esse
1135 3437 1314 3491 locum
1358 3437 1521 3493 istum
1567 3440 1746 3509 capite
1796 3439 1833 3491 V
1880 3456 1972 3496 se~

402 3529 590 3599 quenti
655 3527 1140 3582 de‘monstrabitur.
1199 3524 1401 3582 Verum
1459 3529 1505 3582 si
1563 3529 1631 3583 ad
1684 3531 1968 3586 zodiacum

401 3636 526 3674 eum
551 3659 566 3682 ,
602 3618 694 3688 qui
725 3618 943 3688 proprie
971 3625 1197 3672 vocatur
1215 3655 1230 3679 ,
1255 3618 1498 3672 calculus
1529 3618 1632 3672 iste
1661 3618 1928 3674 referatur
1949 3659 1966 3686 ,

402 3725 514 3764 non
544 3716 738 3762 octavo
773 3707 984 3762 decimo
1014 3705 1184 3776 gradu
1200 3705 1460 3771 Piscium,
1495 3707 1591 3763 sed
1623 3705 1790 3762 Tauri
1819 3708 1969 3764 vice-

404 3801 548 3856 simo
583 3813 730 3853 nono
760 3797 914 3852 stella
947 3797 1050 3852 ista
1081 3797 1422 3861 versabatur,
1459 3803 1520 3850 ut
1565 3811 1732 3867 supra
1780 3797 1972 3852 docui-

401 3907 547 3945 mus.
599 3889 837 3944 Necesse
888 3895 974 3942 est
1032 3902 1162 3957 ergo
1213 3887 1497 3942 zodiacum
1545 3888 1814 3944 circulum
1869 3903 1970 3959 pro

402 3980 768 4052 aequinoctiali
801 3978 870 4032 ab
901 3977 1207 4048 Hipparcho
1257 3979 1464 4049 accipi;
1507 3994 1632 4034 nam
1685 3981 1752 4036 ad
1801 3984 1971 4053 tequi-

403 4073 693 4128 noctialem
719 4113 736 4137 ,
787 4070 1172 4140 parallelumve
1201 4070 1570 4140 aequinoctiali
1603 4073 1870 4129 circulum
1903 4075 1971 4130 si-

403 4173 492 4218 tus
521 4164 609 4217 ille
645 4162 815 4217 stellae
845 4161 1114 4232 congruit.
1148 4161 1419 4227 Quocirca
1469 4165 1642 4220 mirus
1675 4166 1779 4222 iste
1813 4167 1968 4223 locus

403 4263 488 4310 est
539 4253 854 4323 Hipparcui,
901 4252 1167 4323 siquidem
1224 4253 1656 4324 aequinoctialem
1696 4271 1822 4311 cum
1876 4272 1971 4311 zo-

403 4345 562 4398 diaca
630 4345 939 4413 promiscue
990 4357 1286 4412 usurpasse
1352 4351 1622 4400 monstrat
1688 4347 1965 4418 antiquos.

403 4434 618 4490 Etenim
646 4441 766 4489 uter
795 4449 826 4488 e
856 4433 1072 4489 duobus
1103 4435 1223 4490 istis
1255 4435 1478 4490 circulis
1509 4437 1563 4490 in
1586 4449 1767 4506 partes
1786 4455 1968 4510 aequa-

2063 1981 2214 2045 dicit,
2241 1980 2388 2051 quod
2427 1981 2693 2036 indictum
2723 1998 2833 2037 non
2870 1985 3067 2038 melius
3100 1984 3193 2038 sit.
3235 1981 3340 2039 Sed
3371 1985 3634 2039 nimirum

2064 2071 2168 2126 hoc
2200 2072 2332 2126 illud
2364 2083 2466 2138 est,
2493 2073 2638 2143 quod
2679 2075 2887 2142 monui,
2918 2083 3142 2146 putasse
3167 2076 3261 2145 qui
3291 2076 3372 2131 sic
3404 2076 3634 2145 objicie-

2065 2163 2196 2217 bant
2231 2164 2457 2218 Aratum
2502 2165 2878 2231 Geminorum,
2936 2168 3134 2222 Cancri
3161 2181 3214 2223 et
3245 2169 3443 2224 Leonis
3474 2184 3635 2223 voca-

2067 2253 2210 2308 bulis
2244 2255 2577 2310 intellexisse
2608 2255 3070 2320 dodecatemoria,
3106 2273 3230 2311 cum
3282 2259 3350 2312 de
3405 2260 3635 2314 stellatis

2069 2344 2257 2412 figuris
2298 2345 2574 2415 loquatur.
2609 2345 2746 2400 Nam
2779 2347 2883 2401 hoc
2913 2350 3215 2416 posteriore
3253 2364 3415 2404 sensu
3447 2365 3635 2403 verum

2067 2445 2152 2492 est
2183 2440 2328 2507 quod
2373 2438 2576 2492 Aratus
2626 2439 2852 2502 docuit,
2908 2440 2987 2493 uti
3022 2452 3209 2495 contra
3265 2440 3636 2511 Hipparchum

2068 2529 2428 2584 ostendimus.
2487 2529 2620 2596 Quis
2684 2547 2794 2585 non
2861 2532 3090 2586 miretur
3145 2533 3282 2587 adeo
3333 2535 3636 2589 obcaecatos

2071 2617 2241 2675 fuisse
2266 2622 2478 2690 priscos
2503 2622 2624 2677 illos
2645 2630 2698 2676 et
2715 2623 2954 2692 insignes
2974 2634 3337 2688 astronomos,
3367 2635 3420 2679 et
3446 2642 3634 2681 eorum

2067 2711 2364 2779 principem
2395 2710 2785 2781 Hipparchum,
2818 2722 2877 2767 ut
2931 2715 3034 2769 ista
3069 2732 3176 2770 non
3212 2719 3496 2773 viderint?
3531 2719 3638 2774 Sed

2067 2803 2272 2858 erroris
2301 2817 2489 2858 ansam
2517 2820 2583 2860 ex
2622 2820 2688 2859 eo
2715 2815 3000 2875 ceperunt,
3033 2809 3176 2875 quod
3214 2809 3458 2879 ipsorum
3499 2817 3640 2865 tem-

2070 2907 2200 2963 pore
2229 2895 2454 2949 stellatre
2502 2897 2784 2966 signorum
2831 2896 3033 2968 eﬂigies
3091 2901 3335 2968 ejusdem
3399 2903 3638 2958 nominis

2070 2983 2507 3040 dodecatemoria
2551 2987 2825 3043 tenebant.
2868 2989 2993 3044 Ideo
3027 2990 3239 3044 lubrica
3263 2997 3395 3045 tunc
3418 2999 3557 3056 erat,
3583 3001 3639 3047 et

2071 3084 2376 3145 opportuna
2409 3077 2583 3130 fraudi
2619 3085 2806 3132 mutua
2836 3081 3225 3135 vocabulorum
3273 3083 3589 3138 communio
3619 3102 3632 3138 :

1998 3194 2041 3253 ο
2072 3167 2218 3236 quod
2251 3167 2413 3223 hodie
2446 3169 2627 3224 minus
2667 3171 2886 3235 accidit,
2914 3180 3136 3242 propter
3177 3176 3400 3243 sphaera:
3432 3183 3639 3230 octava

2071 3267 2127 3315 et
2162 3260 2569 3315 asterismorum
2602 3262 2657 3316 in
2693 3277 2756 3317 ea
2787 3265 3112 3335 προήγησιν.
3150 3265 3267 3331 Qua
3299 3265 3498 3320 factum
3529 3278 3634 3332 est,

2070 3358 2129 3405 ut
2156 3351 2412 3422 pleraque
2462 3351 2627 3416 ζὼδια
2681 3364 2836 3409 extra
2881 3369 2981 3411 sua
3015 3355 3453 3412 dodecatemoria
3505 3374 3638 3415 cou-

2069 3441 2287 3498 sistant.

2673 3557 2902 3615 CAPUT
2941 3557 3032 3615 Hl.

2071 3643 2284 3700 Eudoxi
2306 3649 2585 3723 sententia,
2619 3663 2804 3723 contra
2839 3662 2995 3722 atque
3028 3651 3362 3721 Hipparchus
3406 3656 3633 3723 putavit,

2138 3718 2396 3784 exposita.
2435 3718 2685 3786 Eiusdem
2709 3718 3000 3789 Hipparchi
3031 3718 3180 3777 error
3211 3718 3637 3780 dodeca'temoria

2141 3803 2261 3860 cum
2301 3790 2592 3844 asterismis
2641 3792 3031 3860 confundentis.
3076 3795 3275 3848 Aratus
3325 3805 3375 3849 et
3423 3794 3638 3852 Seruius

2139 3857 2424 3913 illustrati.

2140 3971 2486 4046 Hipparchus
2514 3975 2669 4031 initio
2701 3976 2826 4031 libri
2856 3975 2902 4031 Il
2935 3984 3131 4031 auctor
3164 3984 3270 4043 cst,
3301 3979 3642 4050 antiquiores

2073 4065 2512 4132 mathematicos,
2554 4074 2649 4121 aut
2676 4081 2869 4122 omnes
2912 4074 3007 4120 aut
3056 4067 3364 4137 plerosque,
3391 4069 3639 4124 cardines

2070 4159 2266 4212 solaris
2325 4157 2593 4213 circuitus
2661 4157 2869 4212 zodiaci
2928 4157 3210 4226 signorum
3275 4157 3448 4214 initiis
3492 4162 3642 4213 attri-

2071 4246 2300 4304 buisse:
2335 4247 2498 4319 idque
2526 4248 2754 4302 Aratum
2781 4247 2837 4301 in
2872 4262 3038 4317 opere
3065 4263 3166 4302 suo
3209 4256 3477 4304 secutum.
3528 4249 3641 4302 Καὶ

2071 4340 2176 4393 ὑπὸ
2213 4341 2322 4394 τῶν
2347 4340 2589 4412 ἀρχαίων
2625 4339 2682 4392 δὲ
2724 4339 3120 4411 μαθηματικῶν
3164 4341 3381 4394 πάντων
3429 4341 3637 4411 σχεδὸν.

2069 4428 2104 4500 ἢ
2155 4429 2265 4483 τῶν
2309 4429 2607 4493 πλείστων,
2669 4428 2857 4481 τοῦτον
2899 4428 2989 4481 τὸν
3043 4428 3240 4496 τρόπον
3299 4430 3328 4482 ὁ
3377 4427 3638 4493 ζωδιακὸς

403 4525 482 4579 les
511 4525 805 4588 dividatur,
837 4524 1068 4578 alterum
1092 4532 1307 4592 oportet
1337 4525 1679 4593 inaequaliter
1699 4541 1822 4582 esse
1845 4544 1964 4596 par-
1998 4527 2042 4584 D
2069 4519 2268 4584 κύκλος
2295 4520 2535 4593 διῄρητο-
2570 4539 2588 4571 ε
2615 4521 2794 4590 Atque
2829 4521 2929 4575 hac
2961 4523 3172 4576 ratione
3209 4521 3492 4576 ZOdiaCUm
3525 4525 3636 4577 Cir-

405 4616 585 4669 titum.
623 4612 759 4668 Cum
789 4628 920 4683 ergo
953 4615 1389 4668 demonstratum
1441 4617 1513 4670 sit
1547 4617 1616 4672 ab
1661 4616 1969 4687 Hipparcho

404 4705 461 4758 in
515 4703 609 4757 illa
659 4711 852 4757 contra
903 4701 1187 4757 Eudoxum
1237 4704 1641 4773 disputatione,
1699 4707 1969 4762 circulum

401 4794 832 4866 aequinoctialem
862 4793 916 4847 iu
947 4809 1023 4848 xu
1063 4795 1219 4865 signa
1268 4796 1561 4860 distribui,
1615 4797 1680 4851 ad
1737 4814 1971 4869 emnque

403 4887 685 4942 stellarum
714 4883 905 4939 referri
952 4884 1352 4954 longitudines,
1405 4886 1692 4956 inaequalia
1725 4903 1847 4942 esse
1877 4903 1972 4942 zo-

400 4978 544 5031 diaci
570 4985 849 5048 segmenta
878 4990 1098 5031 necesse
1119 4984 1238 5042 est;
1269 4991 1390 5045 quae
1424 4979 1641 5048 prOprie
1666 4978 1832 5043 ςώδια
1867 4995 1970 5034 no-

402 5069 700 5120 minantur.
749 5063 943 5119 Verum
967 5073 1075 5117 tam
1104 5065 1501 5134 aequinoctialis
1531 5066 1971 5123 dodccatemoria

402 5157 568 5222 ζώδια
605 5165 873 5212 vocantur
911 5157 967 5210 in
993 5157 1141 5210 calce
1167 5157 1290 5210 libri
1319 5155 1477 5226 primi
1511 5157 1580 5211 ab
1611 5157 1923 5228 Hipparcho
1950 5196 1966 5222 ,

401 5264 564 5319 quam
597 5249 837 5303 circulus
872 5248 1014 5303 idem
1061 5246 1152 5302 ille
1199 5245 1478 5303 zodiacus.
1522 5245 1892 5308 Nihilominus
1919 5258 1973 5304 et
2009 5231 2020 5245 λ

401 5337 483 5405 is,
507 5355 666 5411 quem
687 5341 903 5410 proprie
923 5337 1206 5394 zodiacum
1228 5338 1586 5409 appellamus,
1615 5339 1818 5410 quique
1840 5342 1974 5396 stel-

401 5433 508 5486 lata
539 5431 692 5501 signa
718 5432 972 5493 sustinet,
998 5428 1280 5499 aequaliter
1309 5429 1364 5482 in
1412 5427 1704 5484 duodecim
1761 5430 1928 5493 ζώδια
1953 5469 1968 5496 ,

400 5531 691 5593 partesque
723 5537 890 5577 cccu
934 5521 1002 5574 ab
1061 5519 1249 5576 eodem
1281 5518 1593 5590 Hipparcho
1623 5521 1763 5576 libro
1819 5521 1861 5574 ll
1917 5531 1971 5578 et

401 5613 469 5670 lli
498 5613 776 5668 tribuitur.
809 5611 968 5667 Unde
996 5626 1186 5666 verum
1227 5620 1310 5666 est
1333 5651 1350 5674 ,
1395 5612 1540 5680 quod
1576 5627 1741 5680 supra
1772 5612 1970 5668 docui-

400 5720 544 5772 mus,
573 5704 776 5773 duplici
810 5703 1020 5757 ratione
1056 5717 1120 5756 ac
1164 5699 1380 5756 duobus
1423 5701 1478 5754 in
1527 5702 1750 5758 circulis
1781 5703 1970 5772 signo-

400 5813 522 5854 rum
560 5797 904 5869 partitionem
950 5796 1018 5851 ab
1050 5795 1289 5866 antiquis
1319 5794 1622 5851 artiﬁcibus
1654 5795 1966 5852 institutam

2071 4611 2256 4666 culum
2291 4611 2657 4666 mathematici
2697 4611 3088 4682 propemodum
3135 4627 3324 4667 omnes
3386 4620 3480 4666 aut
3526 4614 3642 4683 ple-

2072 4702 2229 4772 rique
2261 4703 2445 4773 partiti
2473 4711 2620 4758 sunt.
2661 4722 2680 4754 ι
2713 4703 2944 4759 Constat
2968 4711 3149 4758 tamen
3179 4703 3452 4759 interdum
3485 4705 3638 4769 alibi,

2071 4809 2233 4864 quam
2267 4795 2321 4848 in
2354 4795 2630 4865 signorum
2682 4795 2988 4864 principiis,
3015 4797 3343 4866 aequinoctia
3376 4805 3430 4851 et
3455 4798 3643 4852 solsti-

2071 4885 2148 4938 tia
2181 4885 2436 4940 collocari
2471 4886 2746 4955 quondam
2783 4887 2944 4940 solita
2983 4885 3187 4953 fuisse,
3218 4903 3396 4958 neque
3425 4889 3478 4942 id
3508 4903 3642 4942 con-

2073 4983 2301 5031 stanter.
2333 4975 2468 5030 Nam
2503 4977 2594 5030 alii
2637 4977 2692 5031 in
2727 4978 2993 5048 principia
3028 4978 3122 5049 (ait
3155 4978 3397 5034 Achilles
3450 4978 3643 5034 Tatius

2031 5130 2035 5134 ,
2071 5082 2194 5137 cap.
2227 5066 2440 5138 XXIV),
2468 5068 2560 5122 alii
2591 5069 2646 5122 in
2678 5077 2900 5124 octavas
2931 5077 3135 5139 partes,
3165 5071 3257 5124 alii
3295 5071 3350 5136 in
3381 5071 3645 5126 duodeci-

2073 5173 2211 5221 mas,
2240 5159 2329 5212 alii
2354 5159 2409 5213 in
2435 5160 2657 5229 quiutas
2686 5161 2936 5218 decimas
2963 5201 2978 5226 ,
3019 5161 3122 5216 hoc
3153 5170 3238 5218 est
3269 5163 3452 5220 media.
3481 5164 3538 5218 in
3566 5165 3646 5220 si-

2073 5265 2179 5319 gna
2208 5249 2585 5306 conferebant.

2145 5340 2426 5396 Eudoxum
2462 5343 2905 5398 mathematicum
2937 5343 3229 5414 insignem,
3269 5343 3364 5415 qui
3409 5343 3644 5399 Metonis

2073 5439 2229 5486 aetate
2261 5432 2430 5496 vixit,
2476 5433 2730 5488 cardines
2776 5435 2926 5503 ipsos
2977 5434 3033 5488 in
3077 5435 3271 5488 mediis
3325 5435 3497 5506 signis
3551 5451 3646 5506 po-

2074 5523 2254 5578 suisse
2307 5534 2563 5579 accurate
2607 5525 2804 5591 probat
2853 5524 3196 5596 Hipparchus
3243 5526 3338 5581 lib.
3399 5526 3446 5580 ll
3490 5528 3642 5597 (pag.

2073 5613 2221 5685 120),
2249 5614 2427 5670 allatis
2453 5613 2744 5683 ipsiusmet
2789 5613 2998 5668 Eudoxi
3028 5615 3209 5670 verbis
3237 5634 3249 5668 :
3279 5631 3403 5685 quae
3436 5617 3482 5671 si
3517 5621 3646 5685 quis

2071 5706 2377 5776 expendere
2423 5706 2711 5762 nobiscum
2742 5707 2908 5772 velit,
2949 5705 3094 5760 haud
3131 5705 3294 5762 facile
3331 5706 3646 5778 Hipparcho

2072 5799 2139 5856 de
2166 5796 2375 5855 Eudoxi
2397 5798 2651 5870 Opinione
2684 5798 2777 5854 illa
2812 5799 3141 5855 consentiet.
3167 5796 3303 5853 Nam
3328 5798 3486 5864 longe
3515 5800 3644 5860 alia.
