4124 6428
487 395 624 452 1337

1513 394 1604 449 AD
1641 389 1905 451 EUSEBII
1938 391 2331 450 CHRONICON
2361 390 2720 451 APPENDIX.

3602 394 3740 450 I548

486 527 651 582 quam
685 509 1276 583 putavitilipparchus,
1306 512 1674 584 mihiquidem
1698 513 1754 567 in
1783 513 1892 568 illis
1921 513 2056 569 locis
2087 522 2131 577 Α
2164 530 2183 564 ο
2225 510 2366 565 Sunt
2401 519 2578 568 autem
2620 514 2672 566 in
2715 513 2834 583 ipso
2869 509 3048 567 media
3082 510 3406 582 Capricorni
3437 555 3451 577 ,
3483 519 3539 568 et
3572 513 3740 583 pedes

487 605 626 659 velle
648 601 912 658 Eudoxus
940 605 1173 662 videtur.

559 693 736 750 Verba
769 695 1032 751 Eudoxi:
1065 697 1325 770 Δεύτερος
1375 697 1432 751 δέ
1492 700 1608 752 ἐστι
1642 697 1872 759 κύκλος,
1912 699 1972 750 έν
2015 689 2060 763 ᾧ

488 783 700 857 θεριναὶ
757 787 957 858 τροπαὶ
1015 787 1270 857 γίνονται.
1323 789 1477 841 Ἐστι
1531 789 1590 842 δὲ
1649 791 1707 842 ὲν
1763 787 1938 858 τούτῳ
1993 789 2062 843 τὰ

493 877 635 948 μέσα
658 877 752 930 τοῦ
783 879 1079 950 Καρκίνου.
1121 897 1139 929 ι
1178 878 1464 934 Secundus
1497 895 1627 934 vero
1663 880 1906 934 circulus
1934 887 2019 934 est
2043 918 2058 942 ,

489 968 545 1024 in
574 984 682 1038 quo
706 976 792 1023 est
825 971 1119 1024 solstitium
1150 971 1419 1023 aestivum.
1475 969 1532 1024 In
1571 986 1639 1025 eo
1671 986 1834 1040 porro
1861 969 2060 1026 Cancri

489 1059 666 1112 media
695 1067 841 1112 sunt.
884 1079 902 1111 ι
944 1060 1100 1123 Item,
1127 1061 1320 1131 Τρίτος
1349 1060 1407 1113 δέ
1437 1062 1552 1114 ἐστι
1585 1061 1804 1124 κύκλος,
1837 1063 1894 1112 ὲν
1923 1053 1968 1128 ᾧ
2003 1061 2061 1112 aI

492 1146 771 1218 ἰσημερίαι
804 1147 1063 1214 γίνονται.
1105 1149 1260 1201 Ἔστι
1319 1148 1378 1200 δὲ
1427 1150 1484 1200 ἐν
1534 1149 1707 1219 τούτῳ
1746 1148 1816 1200 τά
1864 1165 1922 1200 τε
1967 1147 2062 1200 τοῦ

487 1237 660 1309 Κριοῦ
691 1238 831 1308 μέσα
853 1240 944 1292 καὶ
968 1239 1036 1291 τὰ
1063 1239 1171 1292 τῶν
1204 1239 1416 1310 Χηλῶν.
1449 1240 1718 1310 Τέταρτος
1744 1239 1821 1300 δὲ,
1851 1241 1908 1292 ὲν
2006 1241 2061 1293 αἱ

488 1331 792 1403 χειμεριναὶ
835 1333 1035 1402 τροπαὶ
1079 1331 1339 1400 γίνονται.
1386 1333 1541 1385 Ἔστι
1587 1331 1644 1384 δὲ
1685 1334 1742 1385 έν
1775 1331 1950 1401 τούτῳ
1993 1332 2064 1384 τὰ

491 1419 633 1491 μέσα
663 1420 756 1473 τοῦ
793 1422 1094 1493 Αἰγόκερω.
1164 1443 1179 1472 ι
1218 1421 1436 1478 Tertius
1459 1438 1588 1477 vero
1619 1423 1860 1477 circulus
1879 1431 1984 1484 est,
2008 1425 2062 1475 in

488 1528 598 1582 quo
642 1512 780 1566 ﬁunt
840 1513 1205 1582 aequinoctia;
1253 1514 1309 1567 in
1361 1515 1648 1568 eo'media
1695 1522 1823 1568 sunt
1861 1513 2063 1568 Arietis

487 1612 542 1658 et
569 1603 880 1659 Chelarum.
915 1605 1157 1670 Quartus
1186 1611 1388 1670 autem,
1420 1604 1474 1658 in
1506 1621 1614 1673 quo
1649 1604 1947 1660 solstitium
1977 1611 2064 1658 est

489 1695 800 1750 hibernum.
830 1695 888 1750 In
921 1711 985 1750 eo
1012 1710 1140 1750 vero
1161 1702 1292 1750 sunt
1319 1694 1494 1750 media
1524 1693 1835 1765 Capriconi.
1877 1715 1896 1746 ›
1926 1693 2064 1748 Rur-

490 1801 585 1842 sus
606 1787 842 1858 idipsum
871 1797 926 1842 et
963 1788 1071 1842 alio
1104 1786 1312 1842 Eudoxi
1353 1787 1668 1842 testimonio
1692 1785 2060 1842 demonstrari

489 1880 565 1934 ait
590 1883 872 1950 apertius;
909 1881 964 1935 in
1017 1896 1128 1951 quo
1181 1880 1248 1936 de
1291 1879 1510 1936 Coluris
1559 1895 1763 1948 agens,
1828 1879 2059 1932 alterum
2095 1857 2136 1915 Β

489 1971 684 2024 scribit
717 1971 1002 2026 continere
1029 1970 1090 2023 τὸ
1123 1971 1286 2040 μέσον
1312 1968 1405 2022 τοῦ
1439 1967 1735 2039 Καρκίνου,
1773 1984 1791 2016 ι
1823 1967 2060 2021 medium

487 2061 708 2123 Cancri,
734 2069 788 2116 et
810 2061 870 2114 τὸ
903 2061 1066 2132 μέσον
1099 2050 1193 2114 τοῦ
1250 2060 1565 2129 Αἰγόκερω,
1601 2079 1618 2109 ι
1679 2057 1914 2112 medium
1960 2057 2065 2112 Ca-

489 2152 764 2223 pricorni,
793 2171 812 2204 ι
845 2152 1078 2207 alterum
1109 2166 1260 2214 vero,
1294 2150 1585 2205 Chelarum
1617 2156 1676 2204 et
1699 2149 1900 2203 Arietis
1961 2165 2067 2203 me-

486 2244 596 2299 dia.
632 2242 758 2298 Haec
779 2244 940 2298 unica
967 2248 1094 2299 sunt
1132 2243 1198 2298 de
1251 2241 1477 2295 Eudoxo
1501 2239 1854 2310 liipparcheaa
1884 2240 2066 2309 suspi-

487 2335 664 2390 cionis
692 2342 1012 2404 argumenta
1042 2373 1058 2397 ,
1123 2348 1245 2403 qua:
1289 2348 1395 2387 non
1434 2332 1592 2386 valde
1648 2331 1780 2384 mihi
1839 2346 2066 2400 persua-

486 2426 652 2490 dent;
690 2426 800 2479 imo
827 2425 1168 2480 contrarium
1220 2424 1405 2494 potius
1433 2422 1500 2476 iis
1521 2438 1587 2476 ex
1616 2421 1777 2484 locis,
1809 2429 1973 2492 atque
1999 2436 2066 2475 ex

485 2515 723 2588 Ipsomet
751 2516 1060 2588 Hipparcho
1095 2517 1329 2586 probare
1355 2529 1516 2585 posse
1547 2513 1758 2584 videor.

562 2607 653 2662 Sic
678 2608 838 2678 igitur
870 2609 1128 2662 existimo
1156 2626 1170 2662 :
1205 2623 1316 2661 non
1347 2605 1415 2660 de
1442 2604 1617 2674 signis
1643 2603 1799 2674 ipsis,
1829 2605 1944 2659 sive
1966 2602 2065 2658 do-

487 2699 872 2756 decatemoriis
920 2701 976 2754 in
1032 2700 1292 2765 zodiaco,
1344 2699 1428 2754 vel
1475 2699 1848 2769 atquinoctiali
1901 2699 2064 2768 primi

487 2791 616 2846 curii
647 2791 940 2861 descriptis
969 2790 1079 2845 illic
1108 2789 1391 2844 Eudoxum
1415 2805 1608 2858 agere;
1651 2788 1750 2844 sed
1781 2789 1848 2843 de
1881 2790 2066 2844 stellae

487 2883 562 2938 tis
591 2883 916 2954 imaginibus
959 2891 1013 2938 et
1037 2882 1342 2937 asterismis
1367 2900 1380 2935 :
1411 2896 1548 2953 quos
1573 2881 1789 2936 tametsi
1813 2882 1865 2934 in
1885 2881 2064 2950 primo

487 2974 676 3029 mobili
719 2979 854 3030 aetas
901 2972 1110 3029 Eudoxi
1137 2973 1464 3028 collocavit:
1509 2972 1656 3043 quod
1710 2983 1824 3027 tum
1878 2973 2063 3027 nullus

487 3063 783 3136 peculiaris
814 3063 1064 3120 stelliferi
1097 3064 1222 3118 emli
1249 3063 1401 3119 orbis
1435 3070 1620 3118 motus
1653 3063 1723 3117 ab
1757 3061 2062 3117 artiﬁcibus

486 3164 710 3211 natatus
757 3163 937 3222 esset;
973 3163 1032 3208 ut
1080 3168 1110 3207 a
1141 3168 1398 3224 supremo
1427 3153 1561 3206 orbe
1591 3152 1856 3223 distingui
1884 3167 2059 3207 mere-

487 3254 670 3309 retur,
701 3255 760 3301 ut
787 3261 853 3302 ex
885 3245 1180 3301 Aristotele
1198 3255 1415 3301 constat
1445 3245 1542 3300 lib.
1571 3242 1616 3298 ΙΙ
1647 3243 1726 3298 De
1758 3243 1909 3306 cato,
1937 3259 2060 3314 cap.

487 3334 604 3394 XII.
636 3335 842 3393 Tamen
863 3352 990 3393 cum
1019 3337 1267 3407 ejusdem
1300 3338 1490 3408 prima;
1519 3337 1746 3406 sphaera:
1775 3336 2067 3391 dodecate-

488 3429 683 3485 moriis
728 3427 952 3482 minime
1001 3427 1154 3498 paria
1182 3427 1362 3482 facere
1399 3425 1798 3492 credebantur,
1829 3425 1926 3481 sed
1953 3425 2068 3480 dis-

489 3522 661 3576 tincta
715 3527 874 3576 erant
922 3518 1155 3574 invicem
1182 3558 1198 3584 ,
1249 3526 1307 3572 ut
1341 3518 1483 3574 alius
1519 3525 1667 3573 esset
1720 3518 1918 3582 Aries,
1961 3517 2065 3572 hoc

486 3621 575 3671 cst
595 3611 774 3683 imago
804 3611 947 3682 picta
981 3611 1157 3667 stellis
1223 3609 1463 3676 Arietis;
1500 3607 1649 3664 aliud
1679 3609 1918 3680 signum,
1952 3609 2068 3664 sive

488 3711 830 3776 segmentum
863 3703 1106 3771 Arietis;
1140 3713 1236 3757 aut
1281 3701 1613 3758 duodecima
1647 3719 1799 3773 pars,
1833 3719 1942 3757 non
1975 3718 2069 3758 so-

489 3796 602 3851 lum
630 3794 860 3860 zodiaci,
885 3793 981 3849 sed
1014 3796 1185 3848 multo
1206 3795 1378 3864 magis
1397 3794 1806 3864 aequinoctialis
1828 3795 2022 3848 circuli
2049 3811 2065 3860 ;

490 3887 549 3941 in
578 3901 688 3957 quo
713 3887 884 3955 prius,
909 3901 1069 3955 quam
1105 3887 1160 3939 in
1193 3886 1308 3951 illo,
1340 3885 1630 3941 duodecim
1657 3886 1816 3956 signa
1862 3887 2071 3941 consti-

489 3983 608 4032 tuta
633 3985 780 4032 sunt.
803 3975 920 4042 Qua
949 3976 1017 4030 de
1044 3991 1104 4030 re
1151 3977 1316 4047 paulo
1344 3987 1468 4046 post
1490 3985 1704 4046 agetur.
1738 3975 1918 4032 Deceo
1955 3979 2069 4048 pri-

490 4083 642 4124 mum
673 4067 954 4122 Eudoxum
987 4069 1096 4123 illis
1127 4069 1387 4122 omnibus
1427 4069 1483 4123 in
1515 4070 1652 4122 locis
1676 4107 1690 4133 ,
1737 4084 1860 4138 qum
1891 4070 2068 4122 media

489 4167 649 4216 vocat
679 4160 899 4224 Arietis,
927 4154 1147 4224 Cancri,
1177 4157 1360 4213 Librae
1392 4167 1447 4214 et
1473 4159 1831 4228 Capricorni,
1885 4159 2069 4215 stella-

491 4263 668 4308 tarum
699 4253 995 4323 imaginum
1029 4260 1082 4306 et
1107 4251 1527 4308 asterismorum
1563 4249 1740 4304 media
1762 4251 2066 4306 nominare.

490 4344 607 4400 Hoc
635 4361 764 4401 vero
793 4362 901 4400 non
937 4345 1178 4410 aliunde,
1215 4360 1381 4416 quam
1441 4360 1512 4400 ex
1567 4345 1816 4415 ipsismet
1844 4341 2070 4397 Eudoxo

490 4450 544 4492 et
576 4436 887 4507 Hipparcho
928 4436 1322 4492 declarabitur.

2161 602 2425 672 Aquarii,
2458 612 2512 658 et
2561 604 2732 657 cauda
2778 603 2932 666 Ceti,
2983 612 3038 656 et
3069 601 3242 656 Fluvii
3286 604 3480 658 ﬂexus.
3520 622 3540 656 ι
3574 602 3737 656 Addit

2161 691 2446 765 Lemma,
2471 703 2527 749 et
2557 695 2723 749 Canis
2754 693 2941 764 pedes,
2972 701 3026 748 et
3054 702 3276 754 cwtera,
3309 694 3486 748 donec
3522 708 3620 764 per
3641 691 3732 747 Sa-

2162 787 2438 857 gittarium
2481 787 2548 840 ad
2596 787 2785 840 eadem
2833 785 3151 856 Capricorni
3205 784 3384 838 media
3434 786 3740 854 perveniat.

2161 878 2455 948 Propterea
2515 877 2656 930 libro
2691 877 2880 931 eodem
2909 912 2924 942 ,
2980 891 3134 932 num.
3171 873 3340 941 XXII,
3369 889 3432 929 ac
3458 875 3739 946 deinceps.

2163 967 2507 1038 Hipparchus
2559 969 2800 1038 tropicos
2874 969 3015 1022 duos
3065 976 3121 1024 et
3184 967 3622 1037 aequinoctialem
3673 984 3740 1022 ex

2165 1059 2374 1114 Eudoxi
2411 1062 2679 1115 sententia
2734 1060 3028 1123 describit,
3071 1074 3135 1114 ac
3166 1060 3420 1114 caelestes
3472 1059 3742 1127 imagines

2164 1159 2433 1213 recenset,
2471 1167 2568 1222 per
2605 1166 2746 1222 quas
2778 1151 2852 1204 illi
2897 1157 3200 1205 transeunt.
3255 1147 3418 1204 Velut
3462 1149 3741 1219 tropicum

2163 1243 2413 1297 :estivum
2445 1258 2541 1312 per
2565 1242 2762 1296 Cancri
2787 1256 2852 1296 ac
2879 1239 3080 1296 Leonis
3106 1241 3284 1296 media
3316 1241 3528 1310 trajici,
3565 1242 3742 1310 tequi-

2162 1335 2450 1391 noctialem
2481 1348 2576 1402 per
2605 1332 2806 1387 Arietis
2839 1331 3015 1386 media
3035 1373 3050 1394 ,
3097 1331 3498 1400 Chelarumque
3528 1341 3740 1400 partem

2163 1426 2382 1480 asserit.
2415 1423 2492 1477 Ex
2519 1423 2722 1494 quibus
2769 1425 3118 1493 perspicuum
3146 1431 3231 1476 est
3260 1421 3550 1476 Eudoxum
3597 1435 3744 1476 aSIe-

2163 1517 2361 1571 rismos
2416 1515 2754 1570 intellexisse
2807 1529 2871 1568 ac
2923 1511 3124 1582 ilguras
3161 1513 3440 1568 cmlestes.
3477 1510 3548 1567 Ut
3593 1513 3741 1566 enim

2163 1621 2287 1660 cum
2313 1606 2581 1675 tropicum
2619 1606 2870 1659 aestivum
2905 1606 2981 1657 ait
3011 1620 3107 1674 per
3130 1603 3364 1659 Leonem
3391 1604 3627 1658 medium
3655 1619 3745 1658 sed

2163 1696 2401 1752 cundum
2434 1696 2826 1767 longitudinem
2879 1697 3151 1762 transire,
3211 1711 3415 1765 perque
3457 1697 3747 1751 constella-

2164 1790 2343 1844 tiones
2363 1799 2622 1855 caeteras;
2667 1788 2905 1858 itemque
2935 1789 3203 1857 tropicum
3233 1788 3481 1843 aestivum
3508 1803 3606 1858 per
3641 1788 3745 1844 Sa-

2163 1881 2462 1951 gittarium,
2487 1879 2702 1944 Cetum,
2729 1878 3002 1943 Fluvium,
3032 1890 3136 1934 etc.
3167 1898 3179 1933 :
3218 1895 3328 1934 non
3359 1879 3745 1937 dodecatemo-

2163 1974 2244 2026 ria
2272 1973 2461 2027 circuli
2491 1973 2676 2033 ullius,
2703 1971 2796 2027 sed
2829 1972 3076 2027 stellatus
3104 1971 3306 2042 eiiigies
3337 1972 3586 2044 designat
3613 1993 3626 2028 :
3667 1975 3744 2028 ita

2161 2079 2286 2118 cum
2323 2080 2418 2134 per
2455 2064 2758 2128 Cancrum,
2783 2064 3198 2135 Capricornum,
3231 2065 3468 2119 Arietem
3508 2073 3564 2119 et
3592 2065 3740 2121 Chee

2162 2155 2245 2211 las
2275 2155 2496 2210 eosdem
2537 2171 2720 2211 meare
2749 2155 2989 2212 circulos
3037 2155 3172 2210 dicit
3195 2197 3210 2218 ,
3242 2172 3352 2211 non
3400 2159 3555 2226 signa
3587 2159 3730 2227 ipsa,

2164 2251 2278 2303 sive
2308 2248 2748 2302 dodecatemoria
2772 2287 2786 2312 ,
2837 2249 2933 2303 sed
2980 2249 3301 2303 asterismos
3330 2250 3600 2320 intelligit.
3636 2249 3746 2304 Sed

2163 2353 2378 2394 omnem
2421 2339 2923 2408 tergiversationem
2987 2341 3273 2394 submovet
3313 2338 3570 2396 Eudoxus
3603 2341 3743 2412 ipse,

2163 2431 2290 2484 dum
2308 2430 2398 2482 illa
2417 2429 2532 2499 ipsa
2558 2445 2654 2500 per
2670 2446 2790 2500 qua:
2822 2431 3057 2486 transire
3085 2430 3322 2485 circulos
3340 2432 3436 2495 ait,
3453 2431 3628 2503 ἄστρα
3645 2449 3746 2487 ιιο⁴

2163 2519 2354 2584 minat',
2377 2534 2498 2588 quae
2526 2519 2659 2572 nihil
2683 2519 2828 2572 aliud
2852 2535 3013 2588 quam
3037 2520 3357 2574 asterisnios
3382 2527 3437 2573 et
3469 2522 3740 2591 imagines

2164 2614 2742 2685 signiticant.Achilles
2760 2615 2950 2670 Tatius
2971 2617 3024 2668 in
3052 2613 3436 2680 Phanomenis,
3455 2629 3572 2685 cap.
3601 2615 3743 2681 XIV,

2162 2706 2359 2776 ἄστρον
2385 2707 2440 2761 δὲ
2459 2707 2520 2759 τὸ
2536 2710 2600 2760 ὲκ
2620 2707 2828 2760 πολλῶν
2850 2707 3093 2778 ἀστέρων
3129 2705 3401 2778 σύστημα,
3439 2726 3459 2760 ι
3493 2716 3736 2780 systema

2161 2799 2398 2868 plurium
2429 2799 2734 2866 stellarum,
2772 2819 2792 2852 ι
2823 2808 3030 2856 astrum
3072 2813 3194 2853 esse
3227 2799 3363 2852 vult.
3398 2797 3567 2869 quue
3592 2800 3748 2853 Arati

2163 2891 2477 2946 testimonio
2499 2891 2803 2945 conﬁrmat.
2834 2893 2904 2944 At
2925 2889 3202 2956 Eudoxus,
3225 2891 3538 2962 Hipparcho
3565 2898 3728 2956 teste,

2161 2982 2229 3036 de
2257 2982 2462 3037 coluris
2495 2983 2744 3050 loquens,
2781 2983 2938 3035 Ἔστι
2991 2981 3068 3045 δὲ,
3122 2983 3218 3048 ait,
3256 2985 3312 3036 ὲν
3335 2982 3544 3046 τούτοις
3573 2981 3751 3054 ἄστρα

2160 3075 2322 3128 τάδε’
2365 3078 2413 3128 α’
2441 3076 2470 3126 ὁ
2501 3075 2662 3136 πόλος
2700 3077 2728 3126 ό
2773 3075 2861 3127 ἀεὶ
2909 3074 3141 3145 φανερὸς
3191 3074 3285 3128 τοῦ
3339 3074 3545 3144 κόσμου
3571 3087 3587 3104 ⁸
3624 3067 3750 3128 εἶτα

2089 3198 2132 3255 c
2155 3165 2225 3220 τὸ
2265 3167 2426 3238 μέσον
2475 3166 2574 3237 τῆς
2600 3167 2835 3255 Ἄρκτου
2880 3165 3020 3220 κατὰ
3047 3166 3250 3230 πλάτος
3268 3181 3280 3196 ·
3302 3167 3397 3220 καὶ
3422 3165 3518 3218 τοῦ
3540 3165 3752 3236 Καρκι-

2166 3274 2259 3312 νου
2286 3256 2349 3310 τὺ
2391 3255 2575 3327 μέσον.
2613 3274 2631 3305 c
2677 3254 2817 3308 Sunt
2845 3264 3024 3310 autem
3058 3255 3112 3309 in
3154 3256 3221 3310 iis
3253 3256 3368 3311 haec
3405 3264 3598 3311 astra:
3634 3257 3753 3327 pri-

2175 3365 2324 3404 mum
2358 3363 2573 3419 semper
2605 3362 2876 3417 apparens
2915 3347 3074 3417 polus
3115 3348 3327 3404 mundi.
3379 3347 3586 3404 Deinde
3633 3364 3754 3403 me-

2166 3439 2317 3495 dium
2357 3438 2511 3494 Ursa:
2539 3439 2596 3494 in
2637 3438 3064 3509 longitudinem;
3096 3447 3150 3495 et
3175 3439 3372 3496 Cancri
3421 3441 3681 3504 medium,
3727 3458 3750 3494 ι

2167 3545 2231 3585 ac
2250 3529 2482 3585 subinde
2502 3528 2731 3583 caudam
2768 3513 2901 3584 notii
2932 3529 3131 3594 Piscis,
3161 3541 3215 3585 et
3265 3531 3505 3586 medium
3558 3531 3766 3602 Capri--

2167 3622 2317 3677 comi
2347 3619 2555 3689 adjicit.
2584 3617 2710 3674 Haec
2735 3619 2800 3674 de
2831 3620 3021 3674 coluro
3045 3621 3436 3676 solstitiorum.
3471 3619 3546 3675 De
3577 3621 3752 3676 altero

2167 3713 2396 3782 loquens
2426 3709 2640 3783 scribit,
2676 3711 2730 3762 in
2760 3724 2827 3764 e0
2859 3709 3130 3764 contineri
3179 3711 3322 3764 inter
3367 3710 3505 3764 alios
3553 3709 3735 3763 asteri-

2169 3819 2338 3868 smos,
2376 3803 2446 3857 τὰ
2483 3802 2622 3873 μέσα
2668 3801 2776 3856 τῶν
2820 3801 3014 3873 Χηλῶν
3063 3800 3204 3856 κατὰ
3242 3801 3464 3865 πλάτος,
3511 3802 3604 3854 καὶ
3650 3798 3751 3854 τοῦ

2168 3894 2340 3967 Κριοῦ
2372 3895 2442 3949 τὰ
2464 3895 2609 3948 νῶτα
2647 3894 2790 3947 κατὰ
2814 3893 3048 3956 πλάτος·
3088 3911 3107 3944 ι
3145 3893 3321 3948 media
3354 3893 3645 3947 Chelarum
3690 3894 3750 3948 in

2171 3989 2362 4052 latum,
2393 3995 2448 4041 et
2475 3986 2680 4041 Arietis
2702 3994 2852 4056 terga
2881 3986 3068 4041 itidem
3101 3985 3154 4039 in
3187 3985 3381 4038 latum.
3423 4003 3442 4038 ι
3470 3983 3611 4050 Quid
3639 3984 3749 4038 dici

2169 4081 2374 4135 clarius
2402 4087 2612 4150 potest,
2665 4085 2725 4132 ut
2771 4088 3029 4148 appareat
3056 4076 3340 4130 Eudoxum
3364 4115 3378 4139 ,
3413 4092 3536 4131 cum
3572 4076 3751 4131 media

2168 4165 2458 4220 Chelarum
2481 4205 2495 4230 ,
2535 4163 2736 4218 Arietis
2757 4202 2772 4227 ,
2813 4179 2877 4217 ac
2908 4174 3232 4217 cancrorum
3267 4162 3524 4230 appellat,
3555 4161 3752 4231 imagi-

2170 4274 2268 4313 nes
2325 4259 2472 4328 ipsas
2526 4257 2866 4327 exprimere?
2916 4255 3046 4309 Nam
3103 4254 3172 4307 τὰ
3215 4253 3379 4318 νῶτα,
3409 4270 3429 4304 ι
3472 4261 3660 4322 terga,
3696 4262 3754 4307 ct

2171 4347 2423 4410 latitudo,
2463 4366 2482 4399 ›
2510 4347 2732 4401 nonnisi
2761 4348 2828 4401 de
2851 4345 3038 4416 ﬁguris
3069 4345 3325 4414 usurpari
3355 4350 3606 4412 possunt.
3641 4340 3755 4395 ale-

2173 4441 2261 4495 dia
2290 4441 2491 4511 quippe
2529 4440 2808 4510 signorum
2827 4441 2941 4493 sive
2957 4436 3659 4505 dodecatemoriorum,per
3691 4449 3754 4489 se

560 4527 875 4584 Etenimilla
897 4528 1106 4583 Eudoxi
1145 4530 1331 4595 verba,
1351 4545 1416 4584 ex
1433 4529 1634 4600 quibus
1653 4535 2067 4599 argumentatus
2100 4533 2142 4588 D
2170 4532 2530 4604 ἁναστέριστα
2556 4539 2716 4598 sunt;
2743 4546 2917 4600 neque
2956 4548 2976 4581 ι
3015 4536 3165 4598 terga
3192 4547 3210 4578 ι
3233 4527 3490 4582 dicuntur
3521 4527 3746 4593 habere,

490 4629 574 4675 est
603 4619 965 4690 Hipparchus,
999 4620 1190 4675 eadem
1240 4621 1364 4676 aliis
1397 4621 1449 4675 in
1487 4622 1656 4684 locis,
1697 4621 1792 4675 sed
1825 4622 2068 4690 pleniora

492 4714 841 4784 perscripsit;
865 4728 989 4768 cum
1020 4714 1088 4767 de
1125 4713 1401 4782 parallelis
1427 4715 1497 4768 ab
1521 4712 1748 4768 Eudoxo
1769 4713 2066 4784 descriptis

492 4803 718 4859 circulis
748 4819 1053 4860 sermonem
1078 4805 1338 4859 instituit.
1364 4804 1524 4859 Velut
1552 4805 1691 4859 libro
1717 4803 1760 4866 Ι,
1797 4821 1946 4858 num.
1978 4803 2067 4870 ΙΙΙ,

493 4895 561 4948 de
592 4895 804 4966 tropico
831 4896 1043 4950 circulo
1076 4915 1089 4950 :
1136 4897 1294 4948 Ἐστι
1322 4895 1380 4949 δὲ
1410 4898 1472 4948 ὲν
1505 4895 1682 4967 τούτῳ
1706 4896 1776 4948 τὰ
1806 4897 1948 4966 μέσα
1975 4895 2068 4949 τοῦ

493 4984 767 5056 Καρκίνου
787 5026 802 5051 ,
840 4986 935 5038 καὶ
960 4984 1029 5037 τὰ
1065 4984 1153 5038 διὰ
1185 4984 1278 5037 τοῦ
1319 4983 1742 5055 σώματος’κατὰ
1769 4988 1942 5056 μῆκος
1974 4987 2069 5040 τοῦ

493 5078 741 5143 Λέοντος,
771 5087 877 5133 etc.
902 5095 921 5128 ι
948 5075 1089 5132 Sunt
1109 5086 1290 5131 autem
1323 5079 1376 5131 in
1412 5078 1506 5131 illo
1539 5077 1740 5132 Cancri
1771 5081 1949 5134 media
1969 5119 1984 5144 ,
2015 5087 2071 5134 et

494 5188 615 5244 qua:
663 5187 762 5244 per
815 5186 1018 5242 corpus
1055 5169 1258 5225 Leonis
1306 5170 1608 5226 secundum
1675 5172 2068 5240 longitudinem

493 5271 800 5317 transeunt.
859 5281 878 5314 ι
927 5260 1162 5329 Subjicit
1197 5262 1393 5332 anguis
1455 5259 1728 5330 Ophiuchi
1763 5262 2070 5324 cervicem;

493 5357 738 5412 dextram
757 5371 976 5410 manum
994 5354 1300 5425 Ingeniculi
1325 5373 1340 5422 ;
1373 5363 1427 5409 et
1452 5356 1557 5408 alia
1576 5355 1778 5418 sidera,
1810 5369 1932 5424 qua:
1959 5354 2071 5408 cir‘

495 5449 654 5501 cuius
669 5448 774 5501 iste
791 5447 1056 5517 pervadit.
1071 5443 1207 5500 Εἶτα
1229 5447 1532 5518 συμπίπτει
1564 5447 1702 5518 πρὸς
1720 5446 1788 5500 τὰ
1808 5447 1948 5518 μέσα
1975 5445 2070 5498 τοῦ

495 5538 789 5609 Καρκίνου.
827 5556 845 5587 ι
881 5536 1104 5592 Demum
1127 5537 1182 5589 in
1205 5538 1392 5590 eadem
1414 5535 1610 5590 Cancri
1631 5537 1805 5590 media
1834 5536 2070 5590 revolvi-

496 5632 606 5678 tur.
635 5643 654 5676 ι
677 5625 752 5679 De
777 5626 1004 5680 hiberno
1025 5641 1243 5696 quoque
1257 5626 1654 5694 tropico,'Eatt
1667 5626 1724 5678 δὲ
1746 5627 1804 5678 ἐν
1829 5625 1980 5696 αὑτῷ
2004 5627 2072 5679 τὰ

499 5716 640 5786 μέσα
663 5716 758 5771 τοῦ
777 5719 1076 5792 Δίγόκερω,
1105 5720 1202 5773 καὶ
1228 5723 1273 5774 οἱ
1295 5721 1454 5783 πόδες
1485 5721 1577 5774 τοῦ
1619 5721 1908 5793 Ὑδροχόου
1929 5761 1943 5782 ,
1978 5721 2072 5774 καὶ

497 5807 592 5860 τοῦ
619 5810 831 5877 Κήτσυς
849 5813 884 5879 ἡ
910 5812 1066 5883 οὐρὰ,
1098 5813 1192 5864 καὶ
1225 5811 1316 5865 τοῦ
1354 5813 1606 5884 Ποταμοῖ)
1641 5815 1931 5884 ἡκαμπή,
1955 5820 2068 5869 etc.

2173 4639 2352 4694 neque
2385 4623 2763 4689 latitudinem;
2798 4620 2894 4676 sed
2917 4621 3031 4676 sola
3063 4618 3400 4690 longitudine
3431 4625 3750 4673 censentur.

2241 4713 2383 4780 Quid
2413 4715 2557 4784 quod
2587 4714 2930 4785 Hipparchus
2959 4714 3075 4784 ipse
3098 4712 3193 4767 lib.
3220 4711 3259 4775 Ι,
3304 4726 3455 4765 num.
3503 4707 3592 4770 lli,
3645 4708 3756 4762 Eu-

2171 4807 2296 4862 doxi
2326 4807 2641 4862 testimonia
2676 4807 2969 4867 citaturus,
3003 4811 3154 4858 astra
3179 4804 3270 4857 illa
3300 4813 3474 4865 vocat,
3509 4809 3563 4856 et
3592 4799 3757 4854 dcti-

2176 4912 2296 4966 ρας,
2321 4911 2445 4949 cum
2477 4895 2706 4949 Aratum
2751 4895 2828 4948 ait
2861 4893 3070 4948 Eudoxi
3123 4892 3427 4946 imitatione
3469 4890 3536 4944 τὰ
3577 4891 3755 4961 ἄστρα

2173 4988 2254 5040 sic
2286 4986 2640 5050 distribuere,
2673 4992 2734 5038 ut
2761 4999 2791 5038 a
2823 4983 3226 5038 borealioribus
3254 4981 3568 5052 inciperet?
3595 4980 3750 5035 Mox:

2173 5078 2309 5148 Περὶ
2351 5077 2407 5130 δὲ
2451 5075 2561 5129 τῶν
2610 5075 2855 5148 ἀστέρων
2895 5075 3005 5128 τῶν
3035 5074 3127 5128 ἐπὶ
3157 5074 3250 5128 τοῦ
3281 5072 3495 5145 Θερινοῦ
3521 5074 3614 5126 καὶ
3643 5090 3756 5143 χει-

2176 5169 2391 5241 μερινοῦ
2413 5167 2671 5240 τροπικοῦ
2698 5167 3030 5240 φερομένων,
3067 5166 3148 5220 ἔτι
3191 5167 3249 5220 δὲ
3287 5166 3379 5219 τοῦ
3413 5164 3753 5236 Ισημερινοῦ,

2171 5267 2201 5318 ό
2241 5264 2337 5334 μὲν
2367 5261 2593 5326 Εΰδοξός
2624 5278 2788 5331 φησιν
2830 5262 2924 5314 ἐπὶ
2961 5260 3056 5314 τοῦ
3101 5259 3315 5330 Θερινοῦ
3358 5258 3562 5322 οὓτως·
3601 5261 3758 5313 Ἐστι

2171 5355 2229 5408 δὲ
2246 5357 2302 5407 ἐν
2325 5353 2499 5424 τούτῳ
2513 5351 2585 5405 τὰ
2617 5351 2754 5422 μέσα
2778 5350 2872 5404 τοῦ
2901 5349 3200 5421 Καρκίνου.
3236 5367 3255 5401 ι
3291 5348 3366 5404 De
3395 5350 3570 5404 stellis
3601 5364 3756 5406 vero.

2173 5462 2294 5517 qum
2317 5447 2371 5499 in
2406 5446 2597 5500 aestivo
2627 5443 2842 5514 tr0pico
2883 5443 3156 5506 feruntur,
3205 5457 3418 5497 necnon
3452 5443 3506 5495 in
3539 5443 3755 5496 circulo

2173 5537 2562 5607 aequinoctiali,
2586 5535 2848 5590 Eudoxus
2891 5535 3110 5604 quidem
3141 5534 3209 5589 de
3235 5535 3427 5589 aestivo
3459 5536 3533 5588 ita
3578 5534 3759 5602 loqui-

2175 5637 2304 5682 tur:
2343 5627 2482 5682 Sunt
2525 5634 2705 5680 autem
2743 5627 2797 5680 in
2848 5626 2952 5680 hoc
2996 5625 3174 5682 media
3221 5626 3442 5682 Cancri.
3475 5645 3493 5677 ι
3550 5624 3757 5679 Eodem

2175 5735 2372 5790 genere
2399 5719 2672 5774 sermonis
2711 5719 2886 5772 utitur
2915 5719 2970 5772 in
3003 5720 3233 5774 hiberno
3261 5720 3476 5790 tropico
3501 5727 3555 5774 et
3585 5719 3761 5787 tequi-

2182 5811 2428 5866 noctiali.
2454 5810 2688 5866 Proinde
2719 5812 3015 5868 asterimos
3041 5820 3094 5868 et
3122 5811 3370 5868 stellataa
3397 5811 3625 5876 formas,
3645 5825 3761 5865 non
