4124 6416
355 385 494 441 1549

1169 381 1630 438 DISSERTATIO
1670 380 1758 434 DE
1793 377 1982 435 ORTU
2015 378 2102 433 ET
2141 376 2410 435 OCCASU
2453 376 2754 434 SIDEHUM

3473 373 3616 430 1550

351 501 509 571 signa
530 498 950 556 duodecimasve
981 498 1192 556 zodiaci
1216 510 1423 572 partes,
1465 513 1559 556 aut
1593 500 1942 570 aequinoctia-
1969 502 2016 559 Α
2043 513 2188 568 gere,
2222 499 2418 552 nedum
2455 497 2698 552 dividere
2741 503 2916 566 potest
2946 511 2960 544 :
2993 495 3040 549 sl
3072 494 3126 548 in
3167 493 3414 559 zodiaco,
3460 499 3520 548 ut
3546 493 3618 546 de

352 593 421 648 lis
448 592 708 647 Eudoxus
745 591 972 656 indicat,
1006 608 1238 663 quarum
1270 593 1449 648 media
1477 594 1546 647 iis
1589 593 1720 662 ipsis
1751 591 1928 646 secari

352 683 574 740 circulis
599 683 786 739 refert.
823 684 976 740 Adde
1013 685 1276 754 optimum
1323 684 1532 740 Eudoxi
1570 685 1924 754 interpretem

350 777 598 839 Aratum,
622 777 712 846 qui
745 784 798 832 et
820 776 997 846 ipsum
1031 778 1085 831 in
1112 779 1371 834 omnibus
1417 786 1641 833 secutus
1668 785 1784 844 est;
1820 778 1925 841 vel,

352 876 415 924 ut
445 868 790 940 Hipparchus
827 868 977 939 loqui
1026 870 1182 935 solet,
1230 871 1652 942 παρεγράψατος
1694 886 1795 925 nec
1829 869 1929 922 ali-

353 971 457 1026 ter,
489 978 554 1017 ac
587 977 686 1017 nos
717 963 968 1025 facimus,
1001 971 1237 1016 mentem
1264 962 1412 1016 illius
1442 964 1670 1033 accepit.
1702 961 1838 1016 Nam
1862 960 1930 1016 de

356 1056 564 1126 tropico
587 1055 778 1110 scribit
813 1054 990 1123 ipsum
1016 1052 1256 1107 Leonem
1294 1058 1397 1108 sub
1428 1061 1666 1124 pectore,
1694 1068 1759 1106 ac
1795 1068 1930 1107 ven-

355 1155 438 1200 tre
488 1161 716 1212 secare;
743 1145 1019 1201 Cancrum
1060 1161 1191 1198 vero
1220 1152 1391 1198 totum
1423 1146 1675 1200 bifariam
1710 1146 1925 1216 partiri.

1067 1260 1254 1328 αὐτὰρ
1288 1263 1321 1314 ό
1351 1261 1577 1326 κύκλος

359 1330 470 1400 T‘gr
478 1329 594 1397 μὲν
614 1329 734 1384 ὑπὸ
747 1327 988 1400 στῆθος,
1012 1333 1110 1383 καὶ
1123 1327 1384 1400 ταοτέρα
1391 1331 1569 1399 μέχρι
1589 1331 1739 1398 πρὸς
1759 1331 1924 1400 αῑδὼ,

359 1398 558 1468 Τέμνει
589 1401 695 1453 τὸν
717 1399 798 1469 δὲ
826 1400 1142 1468 διηνεκέως
1166 1398 1451 1468 ὑπένερθε
1473 1398 1720 1469 νχελείου

352 1466 650 1542 Καρκίνον
666 1487 680 1502 ’
702 1466 804 1542 ᾗχι
824 1466 1092 1538 μάλιστα
1116 1466 1582 1542 διχαιόμενόκ-κε
1604 1473 1834 1539 νοήσῃς

366 1539 593 1608 Ὀρθόν,
625 1539 1026 1610 ταί-ὀφθαλμοὶ
1049 1539 1276 1595 κύκλου
1305 1541 1619 1611 ἑκάτερθεν
1652 1543 1818 1600 ἴοιεν.

353 1650 484 1718 Quae
517 1653 598 1707 sic
629 1654 790 1708 vertit
821 1653 1061 1710 Avienus
1103 1671 1117 1708 :

1063 1776 1118 1820 at
1155 1767 1383 1822 circulus
1409 1768 1515 1820 ima
1539 1766 1759 1820 calentis

353 1831 600 1907 Eectora,
622 1853 810 1907 perque
841 1837 1014 1890 alvum
1047 1840 1233 1906 procul
1257 1840 1310 1891 in
1334 1849 1604 1905 postrema
1629 1835 1816 1891 Leonis

353 1903 632 1977 Succedit;
653 1903 808 1962 Secal
835 1916 918 1960 ast
945 1903 1084 1962 alius
1106 1924 1198 1977 per
1229 1903 1429 1962 viscera
1453 1907 1652 1974 plana:

358 1973 424 2047 Et
452 1976 623 2031 medio
643 1981 824 2031 subter
855 1994 984 2031 cava
1017 1973 1248 2047 tegmina
1280 1973 1472 2031 dividit
1511 1979 1710 2041 orbem,

350 2043 578 2122 Lumina
606 2047 874 2102 recludens
905 2043 1217 2103 altriniecus
1248 2049 1422 2101 orbita
1451 2063 1632 2117 porro.

423 2160 497 2216 De
520 2161 746 2216 hiberno
775 2177 992 2235 quoque
1021 2162 1233 2233 tropico
1257 2163 1468 2226 scribit,
1493 2177 1617 2216 eum
1639 2160 1932 2230 Capricor-

351 2268 485 2308 num
528 2255 766 2309 medium
802 2254 1071 2320 dividere,
1104 2264 1270 2325 atque
1310 2254 1538 2324 Aquarii
1565 2252 1752 2324 pedes,
1798 2267 1934 2308 cau-

351 2345 476 2401 dam
505 2345 660 2403 Ceti:

421 2456 621 2527 Dividit
650 2457 912 2527 imbriferi
941 2473 1129 2526 corpus
1163 2456 1392 2510 medium
1435 2455 1768 2526 Capricorni.

421 2526 656 2598 Idwique
671 2526 822 2597 pedes
849 2530 1018 2597 pueri,
1046 2538 1411 2598 postremaque
1437 2528 1644 2593 caudae,
1680 2536 1789 2582 etc.
1813 2566 1830 2592 ,

352 2649 410 2696 ut
437 2642 601 2697 vertit
646 2641 908 2697 Avienus.
961 2640 1063 2696 Hic
1115 2657 1246 2697 vero
1298 2641 1439 2696 citra
1495 2641 1933 2697 controversiam

349 2734 560 2790 Cancer
589 2741 643 2790 et
672 2734 1043 2805 Capricornus
1070 2750 1179 2789 non
1205 2734 1385 2805 signa,
1416 2734 1532 2788 sive
1554 2733 1939 2789 dodecalemo-

349 2827 454 2890 ria,
483 2825 574 2880 sed
608 2825 873 2895 imagines
913 2831 1062 2878 sunt.
1096 2822 1231 2876 Nam
1262 2831 1316 2878 et
1353 2822 1579 2894 χέλειον,
1621 2825 1736 2878 sive
1779 2831 1933 2888 testa,

349 2932 460 2972 non
502 2917 658 2971 aliter
709 2915 1115 2970 accommodari
1165 2914 1379 2969 Cancro
1430 2923 1654 2985 potest;
1705 2924 1761 2970 et
1808 2929 1933 2968 cum

347 3005 647 3076 Aquarium
696 3005 923 3076 perinde
961 3006 1031 3060 ab
1074 3006 1307 3061 hiberno
1359 3009 1576 3078 tropico
1624 3011 1824 3075 secari,
1871 3025 1934 3064 ac

347 3097 742 3168 Capricornum
769 3104 999 3162 asserat,
1040 3112 1148 3151 non
1194 3107 1376 3167 potest
1429 3098 1496 3152 ad
1543 3099 1932 3156 dedecatemo-

348 3189 493 3244 rium
527 3187 744 3243 referri.
778 3187 991 3257 Quippe
1027 3190 1271 3259 tropicus
1313 3190 1558 3247 circulus
1591 3192 1817 3262 Aquarii
1849 3194 1928 3249 si-
1955 3196 1999 3255 C

347 3296 515 3352 gnum
543 3297 720 3352 neque
749 3279 963 3345 dividit,
991 3296 1090 3336 nec
1123 3282 1340 3351 attingit
1363 3284 1604 3338 omnino.
1626 3283 1734 3340 Sed
1754 3303 1930 3358 neque

350 3372 441 3426 illa
469 3374 606 3442 ipsa,
636 3388 758 3443 quae
781 3374 1122 3444 contingunt,
1148 3373 1301 3443 signa
1331 3375 1524 3428 circuli
1561 3375 1651 3431 isti
1682 3379 1932 3446 partiun-

347 3471 438 3518 tur
461 3463 736 3519 bifariam.
766 3462 858 3518 Sic
887 3464 956 3520 de
981 3465 1350 3535 aequinoctiali
1379 3465 1580 3522 Aratus
1609 3468 1750 3523 idem
1785 3488 1799 3523 :

347 3573 518 3644 Σῆμα
537 3573 686 3644 δέοι
713 3576 891 3642 Κριός
909 3591 924 3607 ·
961 3574 1206 3642 Ταύροιό
1231 3592 1294 3628 τε
1327 3576 1589 3644 γούνατα
1615 3575 1821 3632 κεῖται.

346 3643 527 3712 Κριὸς
551 3643 668 3714 μὲν
700 3646 851 3698 κατὰ
879 3644 1079 3714 μῆκος
1104 3643 1478 3714 ἐληλαμένος
1525 3645 1622 3698 διὰ
1664 3648 1926 3700 κύκλου·

354 3713 578 3782 Ταύροὺ
610 3714 679 3769 δὲ
703 3713 972 3769 σκελέων
999 3715 1158 3783 ὅσση
1188 3713 1594 3784 περίιεραίνεται
1623 3715 1835 3781 ὄκλαξ.

349 3819 567 3894 Signum
596 3833 768 3876 autem
798 3821 1048 3894 eiAries,
1079 3823 1344 3894 Taurique
1368 3841 1536 3894 genua
1564 3826 1671 3878 sila
1701 3835 1860 3892 sunt;

348 3892 500 3966 Aries
522 3893 729 3964 quidem
759 3896 815 3947 in
846 3893 1057 3963 (angunt
1081 3892 1274 3948 ductus
1304 3892 1396 3963 per
1429 3897 1744 3966 cingulum;

351 3963 518 4018 Tauri
536 3963 664 4019 uero
685 3980 901 4019 crurum
921 3974 1122 4036 quanta
1152 3975 1371 4034 apparet
1400 3963 1638 4035 inﬂe'xio.

427 4075 496 4132 Ut
540 4092 712 4147 genua
754 4077 922 4133 Tauri
959 4078 1025 4132 ad
1067 4079 1414 4134 asterismum
1464 4080 1586 4150 ejus
1619 4081 1931 4151 pertinent,

349 4166 432 4224 sic
472 4167 675 4223 Arietis
721 4183 926 4239 corpus
969 4169 1045 4222 ab
1073 4169 1443 4238 aequinoctiali
1487 4171 1699 4226 circulo
1736 4187 1934 4227 secun-

348 4258 478 4314 dum
522 4261 920 4332 longitudinem
970 4259 1209 4316 divisum
1260 4262 1328 4317 ad
1375 4261 1667 4333 imaginem
1706 4265 1930 4328 Arietis,

348 4365 461 4407 non
483 4353 548 4406 ad
579 4353 1102 4419 dodecatemorium,
1132 4372 1359 4413 necesse
1381 4367 1463 4412 est
1481 4358 1670 4415 referri
1698 4376 1931 4440 :quem-

349 4446 640 4501 admodum
670 4446 1014 4517 Hipparchus
1043 4450 1165 4524 ipse
1185 4449 1346 4504 docet
1377 4450 1470 4505 lib.
1503 4449 1544 4515 l,
1571 4467 1721 4506 num.
1759 4449 1926 4517 XXV,

2035 590 2261 659 tropicis
2301 598 2532 653 taceam,
2583 599 2730 644 certe
2762 586 3164 658 aequinoctialis
3207 587 3616 650 Arietem,,pon

2035 682 2336 736 secundum
2385 681 2802 751 longitudinem,
2847 676 2990 733 κατὰ
3047 680 3221 748 μῆκος
3288 674 3619 746 ἐληλαμένον

2035 773 2458 844 partietur,sed
2508 781 2908 835 transversum,
2967 781 3021 826 et
3075 769 3218 822 κατὰ
3265 769 3486 829 πλάτος.
3533 765 3622 818 Si-

2033 867 2255 937 quidem
2306 866 2582 921 sectiones
2631 864 3034 934 aaquinoctialis
3063 870 3116 916 et
3164 859 3371 915 zodiaci
3404 859 3471 911 ab
3509 855 3621 910 Eu-

2034 957 2198 1023 doxo,
2241 965 2300 1010 ut
2347 965 2503 1027 putat
2544 954 2912 1026 Hipparchus,
2968 951 3162 1006 mediis
3208 951 3264 1004 in
3309 949 3483 1018 signis
3531 947 3618 1000 lo-

2032 1048 2246 1096 cantur.

2103 1133 2223 1188 Non
2248 1133 2505 1196 absimili,
2541 1140 2601 1187 ut
2636 1131 2891 1204 equidem
2935 1145 3080 1194 reor,
3122 1125 3414 1200 ὁμωνυμίᾳ
3458 1125 3622 1179 indu-

2033 1236 2154 1282 ctus
2180 1225 2522 1296 Hipparchus
2544 1223 2852 1286 Eudoxum,
2887 1224 3115 1276 Aratum
3144 1228 3198 1275 et
3224 1219 3464 1272 Attalum
3500 1225 3619 1269 tra-

2034 1319 2191 1374 duxit
2227 1333 2377 1372 num.
2405 1315 2450 1370 Χ
2482 1317 2608 1370 libri
2636 1316 2818 1386 primi,
2854 1313 2998 1384 quod
3027 1314 3130 1367 sub
3158 1312 3339 1381 capite
3388 1309 3618 1378 majoris

2036 1410 2187 1465 Ursa:
2213 1409 2471 1465 Geminos
2503 1416 2772 1470 statuunt,
2797 1408 2900 1462 sub
2933 1405 3072 1461 Ursa
3087 1404 3284 1465 media,
3321 1400 3616 1466 Cancrum;

2034 1503 2138 1558 sub
2181 1500 2578 1573 posterioribus
2613 1499 2866 1569 pedibus,
2907 1496 3163 1551 Leonem.
3214 1491 3319 1546 Ubi
3368 1490 3434 1544 de
3475 1497 3621 1543 aste-

2034 1594 2220 1648 rismis
2271 1593 2392 1648 sine
2439 1591 2607 1646 dubio
2659 1591 2994 1658 loquuntur:
3039 1601 3164 1640 nam
3207 1583 3361 1638 Arati
3399 1597 3616 1644 versus,

2032 1701 2172 1756 quos
2201 1686 2334 1740 citat
2368 1683 2732 1754 Hipparchus,
2756 1697 2865 1736 non
2900 1680 3063 1734 aliter
3105 1677 3332 1748 intelligi
3364 1683 3617 1746 possunt.

2032 1777 2103 1830 At
2131 1775 2478 1846 Hipparchus
2513 1773 2566 1827 id
2607 1790 2673 1827 ex
2702 1787 2766 1828 eo
2795 1765 3015 1838 refellit,
3061 1767 3207 1840 quod
3250 1773 3416 1836 caput
3465 1763 3621 1819 Ursae

1957 1864 2001 1919 Β
2031 1869 2101 1924 sit
2129 1867 2184 1921 in
2214 1866 2412 1922 Leonis
2447 1873 2599 1936 parte
2632 1866 2814 1927 tertia,
2843 1862 3100 1916 nimirum
3136 1859 3194 1932 in
3218 1858 3619 1928 dodecatemo-

2033 1961 2116 2016 rio
2142 1958 2360 2023 Leonis,
2394 1955 2542 2030 quod
2563 1957 2619 2010 in
2642 1953 3015 2026 aequinoctiali
3060 1952 3143 2006 vel
3173 1949 3437 2020 parallelo
3453 1963 3616 2017 repo-

2034 2053 2134 2105 nit.
2159 2049 2272 2104 Hoc
2300 2064 2426 2104 vero
2455 2045 2873 2117 argumentandi
2913 2059 3088 2115 genus
3127 2043 3366 2097 alienum
3406 2047 3512 2104 est,
3563 2047 3617 2092 et

2036 2144 2091 2198 in
2113 2141 2401 2214 ὁμωνυμίᾳ
2429 2141 2790 2195 conflictatur.
2823 2137 2929 2192 Sed
2953 2138 3020 2192 de
3052 2136 3156 2190 hoc
3178 2133 3474 2204 Hipparchi
3497 2134 3618 2187 loco

2037 2235 2288 2306 pluribus
2311 2241 2503 2304 agetur
2542 2232 2722 2302 capite
2755 2231 2916 2285 tertio
2947 2229 3070 2283 libr‘i
3110 2227 3278 2282 tertii.

2103 2325 2186 2380 Ad
2206 2325 2727 2380 extremumsimilis
2750 2323 3077 2392 ambiguitas
3104 2321 3287 2374 fucum
3319 2317 3508 2374 Servio
3541 2316 3618 2370 fe-

2036 2418 2111 2472 cit
2146 2417 2199 2471 in
2220 2417 2640 2472 Commentariis
2661 2415 2762 2469 adl
2791 2413 3052 2483 Georgic.,
3077 2413 3170 2467 ubi
3198 2413 3310 2467 huic
3330 2427 3618 2478 enarratis,

2100 2508 2222 2576 Qua
2251 2509 2395 2564 locus
2426 2507 2708 2579 Erigonam
2738 2509 2895 2572 inter,
2937 2504 3229 2575 Chelasque
3257 2513 3545 2575 sequentes,

2036 2602 2284 2674 quaedam
2328 2579 2574 2666 adnotat,
2621 2615 2742 2671 qua:
2795 2601 2884 2654 hic
2933 2597 3140 2652 referre
3185 2590 3380 2651 melius
3433 2594 3622 2650 fuerit.

2043 2714 2062 2746 ι
2090 2693 2353 2765 Egyptii,
2383 2693 2578 2763 inquit,
2608 2691 2896 2746 duodecim
2938 2706 3062 2746 esse
3109 2695 3369 2745 asserunt
3413 2689 3568 2758 signa
3601 2706 3617 2744 :

2035 2783 2274 2839 Chaldaei
2306 2797 2434 2838 vero
2465 2781 2740 2837 undecim.
2796 2779 2934 2834 Nam
2969 2780 3258 2850 Scorpium
3310 2785 3364 2833 et
3401 2777 3623 2833 Libram

2037 2892 2206 2931 unum
2231 2875 2447 2946 signum
2470 2874 2763 2943 accipiunt.
2787 2869 2968 2926 Chela:
2984 2872 3127 2925 enim
3160 2870 3372 2940 Scorpii
3398 2870 3620 2925 Libram

2038 2968 2267 3024 faciunt.
2303 2967 2466 3023 Iidem
2500 2965 2740 3022 Chaldaei
2773 2966 2961 3019 volunt
2993 2963 3231 3034 aequales
3263 2978 3386 3018 esse
3437 2972 3622 3033 partes

2035 3062 2092 3118 in
2120 3061 2376 3116 omnibus
2404 3059 2577 3128 signis
2605 3077 2617 3113 :
2648 3058 2744 3114 sed
2761 3073 2861 3129 pro
2886 3057 3150 3126 Qualitate
3185 3056 3296 3118 sui,
3345 3056 3495 3110 aliud
3539 3055 3618 3110 si-

2035 3170 2201 3226 gnum
2231 3170 2326 3219 xx,
2376 3151 2524 3207 aliud
2555 3167 2624 3205 xi.
2659 3151 2858 3205 habere
2891 3168 2904 3202 ε
2933 3164 3059 3204 cum
3085 3148 3328 3221 Aﬂgyptii
3379 3149 3618 3204 tricenas

2032 3263 2156 3304 esse
2184 3254 2368 3318 partes
2401 3245 2457 3298 in
2486 3244 2740 3298 clunibus
2758 3242 2945 3297 velint.
2973 3239 3131 3295 Modo
3159 3256 3288 3311 ergo
3315 3241 3617 3296 secundum

2032 3340 2322 3396 Chaldaeos
2377 3338 2600 3391 locutus
2635 3345 2740 3401 est,
2787 3334 2978 3390 dicens
3024 3348 3186 3403 posse
3232 3348 3355 3388 eum
3419 3333 3620 3388 habere

2035 3433 2215 3486 locum
2252 3430 2395 3484 inter
2429 3426 2718 3498 Scorpium
2753 3434 2808 3480 et
2833 3423 3135 3493 Virginem.
3168 3444 3186 3475 ι
3236 3423 3402 3494 Signa
3436 3423 3620 3494 dupli-

2033 3522 2168 3576 citer
2214 3525 2575 3588 usurpantur.
2625 3516 2737 3569 Aut
2789 3516 2937 3570 enim
2985 3513 3424 3568 dodccatemoria
3489 3521 3619 3570 sunt

2032 3611 2433 3684 aequinoctialis
2476 3610 2560 3664 vel
2589 3606 2822 3671 zodiaci,
2861 3614 2956 3661 aut
2979 3605 3276 3668 asterismi,
3303 3620 3424 3675 qua:
3455 3607 3618 3677 ἡστεο

2036 3707 2266 3781 ρισμένα
2297 3703 2465 3770 ζώδια
2490 3710 2652 3759 vocat
2695 3700 3062 3771 Hipparchus.
3111 3698 3320 3754 Horum
3366 3700 3620 3770 quaedam

2035 3798 2473 3856 dodecatemorio
2500 3811 2602 3852 suo
2654 3795 2888 3857 minora,
2913 3794 3170 3863 quaedam
3207 3793 3416 3862 majora
3464 3803 3618 3859 sunt,

2033 3892 2165 3948 etin
2197 3891 2375 3946 vicina
2403 3889 2734 3951 redundant,
2762 3893 2820 3940 ut
2846 3901 3009 3952 supra
3035 3884 3296 3939 diximus.
3342 3882 3468 3938 Haec
3493 3900 3617 3940 cum

2035 3984 2258 4054 legisset
2291 3982 2494 4035 alicubi
2527 3978 2941 4050 grammaticus,
2995 3977 3278 4047 signorum
3307 3991 3506 4046 genera
3528 3976 3620 4028 illa

2033 4079 2144 4134 duo
2174 4076 2524 4149 permiscuit,
2550 4083 2605 4129 et
2633 4087 2747 4128 rem
2783 4055 3008 4143 prorsus
3043 4069 3337 4126 absurdam
3377 4079 3431 4124 et
3460 4070 3618 4124 inex-

2034 4168 2342 4224 tricabilem
2391 4166 2600 4228 docuit,
2637 4165 2792 4234 signa
2835 4163 3020 4218 omnia
3064 4161 3367 4232 aequalibus
3406 4161 3618 4214 descri-

2035 4269 2125 4331 pta
2152 4275 2275 4316 esse
2297 4259 2564 4330 partibus,
2584 4264 2638 4312 et
2660 4265 2836 4310 tamen
2855 4254 3004 4308 aliud
3026 4254 3275 4325 tricenis,
3300 4251 3447 4305 aliud
3479 4267 3616 4321 qua-

2035 4352 2296 4423 dragenis
2330 4372 2348 4404 ‹
2377 4367 2476 4422 pro
2502 4349 2767 4421 qualitate
2791 4347 2874 4403 sui
2902 4365 2922 4399 ›
2943 4353 3219 4400 constare.
3246 4342 3434 4397 l'riore
3452 4344 3616 4396 modo

2035 4447 2192 4518 signa
2243 4451 2372 4499 sunt
2425 4426 2902 4501 dodeCatemoria;
2949 4435 3272 4506 posteriore,
3314 4433 3612 4494 asterismi,

348 4537 444 4593 ubi
473 4539 623 4592 Arati
669 4547 723 4592 et
743 4538 951 4592 Eudoxi
996 4540 1064 4593 de
1115 4541 1490 4598 cardinalibus
1528 4543 1664 4599 iisce
1722 4542 2010 4608 ζωδίοιςύ
2036 4553 2268 4609 quorum
2295 4536 2383 4590 alii
2413 4534 2728 4605 pauciores,
2763 4531 2856 4585 alii
2887 4529 3071 4599 plures
3100 4537 3369 4596 occupant
3405 4533 3610 4595 partes.

349 4632 567 4687 decreta
601 4633 817 4702 probat,
847 4642 1074 4702 excepto
1095 4635 1238 4703 quod
1275 4635 1342 4691 de
1369 4637 1774 4691 Arietedictuin
1808 4647 1923 4692 est:

347 4725 442 4796 qui
484 4734 631 4780 totus
687 4726 1053 4795 aequinoctiali
1109 4728 1320 4781 circulo
1369 4729 1642 4784 borealior
1686 4738 1791 4785 est.
1857 4729 1930 4784 At

348 4816 620 4872 Cancrum
638 4829 691 4872 et
707 4817 940 4872 Leonem
970 4819 1178 4874 medios
1213 4820 1389 4889 trajici
1414 4821 1481 4875 ab
1499 4822 1691 4876 aestivo
1714 4823 1929 4892 tr0pico

349 4916 499 4965 recte
531 4911 653 4965 illos
679 4911 882 4966 sentire
911 4911 1130 4966 asserit.
1187 4910 1324 4966 Vide
1357 4913 1566 4982 reliqua
1600 4912 1749 4968 illius
1798 4914 1924 4980 loci,

351 5001 654 5072 inquibus,
680 5004 830 5076 quod
869 5004 1021 5057 valde
1063 5003 1264 5056 mirum
1304 5011 1409 5070 est,
1461 5005 1810 5074 apertissime
1847 5005 1926 5060 si-

352 5095 572 5165 gnificat
593 5111 624 5150 a
649 5112 709 5152 se
731 5095 938 5150 Eudoxi
965 5095 1232 5165 Aratique
1262 5095 1410 5150 dicta
1447 5095 1515 5151 ad
1551 5099 1796 5152 stellatas
1847 5096 1928 5152 ef-

352 5188 504 5257 ligies
532 5189 813 5259 applicari.

425 5281 664 5353 Denique
693 5284 807 5339 sive
840 5284 895 5338 in
929 5279 1308 5354 mquinoctiali
1341 5282 1456 5335 sive
1491 5279 1546 5334 in
1581 5279 1812 5335 zodiaco
1861 5281 1933 5336 si-

351 5387 454 5443 gna
483 5375 726 5428 caelestia
756 5373 1102 5430 constituerit
1141 5370 1435 5434 Eudoxus,
1467 5371 1536 5425 de
1578 5387 1686 5440 qua
1732 5387 1792 5426 re
1836 5387 1930 5426 ca-

351 5469 462 5539 pite
483 5467 751 5536 superiori
780 5465 987 5521 dictum
1019 5473 1106 5521 est
1139 5480 1155 5518 :
1184 5477 1362 5534 neque
1395 5464 1450 5517 in
1492 5464 1666 5532 ipsius
1716 5461 1927 5517 Eudoxi

352 5561 530 5616 allatis
559 5560 626 5614 ab
655 5559 964 5629 Hipparcho
999 5560 1179 5621 verbis
1207 5598 1220 5619 ,
1273 5571 1450 5626 neque
1492 5556 1635 5626 apud
1679 5556 1926 5623 Aratum,

351 5653 529 5716 Aries,
571 5652 803 5716 Cancer,
843 5651 1045 5716 Chelas,
1089 5649 1484 5720 Capricornus.
1545 5648 1612 5702 de
1648 5648 1821 5718 signis
1864 5662 1930 5702 ac

352 5744 807 5801 dodccatemoriis
840 5743 1102 5814 explicari
1136 5747 1362 5811 queunt.
1398 5737 1530 5793 Nam
1574 5739 1620 5794 si
1665 5739 1720 5793 in
1757 5741 1928 5808 aqui-

352 5839 574 5896 aoctiali
607 5837 981 5909 designentur,
1025 5842 1221 5892 neuter
1249 5833 1582 5904 tropicorum
1614 5847 1678 5889 ea
1709 5833 1926 5889 contin—

2035 4631 2126 4686 Sic
2153 4628 2424 4685 asterismi
2447 4622 2658 4695 Scerpii
2688 4637 2818 4693 pars
2839 4631 2921 4677 est
2940 4619 3237 4674 Chelarum
3259 4620 3610 4678 asterismus,

2030 4731 2091 4779 ut
2134 4723 2235 4776 hac
2271 4720 2482 4776 ratione
2518 4717 2771 4772 undecim
2826 4711 3204 4768 tantummodo
3240 4709 3352 4764 sint
3395 4711 3606 4780 ἠστεριι

2031 4814 2203 4886 σμένει
2220 4812 2403 4878 ζώδια,
2422 4827 2517 4867 seu
2541 4811 2724 4881 ﬁgurae
2743 4808 2971 4863 stellata:
2987 4803 3130 4875 apud
3151 4802 3454 4859 Chaldaeos.
3473 4799 3611 4855 Nam

2028 4906 2291 4978 Egyptii,
2329 4904 2423 4976 qui
2455 4919 2556 4974 pro
2598 4901 2784 4956 Chelis
2834 4891 3056 4954 Libram
3110 4901 3437 4966 posuerunt,
3483 4893 3615 4961 legi-

2030 5003 2222 5056 timum
2262 5013 2551 5054 numerum
2598 4995 2972 5050 obtinebant-z
3013 4991 3168 5061 signa
3208 4987 3430 5059 quidem
3477 4990 3612 5041 utri-

2029 5110 2136 5165 que
2165 5091 2455 5148 duodecim
2489 5089 2876 5144 adhibuerunt.
2906 5083 3174 5139 Caeterum
3202 5079 3443 5150 Virginis
3473 5087 3614 5133 δεινά

2029 5189 2234 5243 rismus
2263 5186 2392 5240 olim
2422 5183 2623 5238 Leonis
2650 5189 2706 5236 et
2736 5179 2914 5234 Librae
2938 5186 3145 5247 partes,
3183 5183 3378 5245 praeter
3401 5171 3606 5241 justam

2029 5282 2357 5350 portionem,
2397 5274 2722 5344 occupabat.
2768 5271 2914 5326 lnter
2957 5271 3100 5324 hanc
3142 5280 3273 5322 vero
3319 5270 3374 5319 et
3411 5261 3610 5317 Chelas

2031 5371 2263 5440 Scorpii,
2292 5385 2415 5440 quas
2437 5369 2492 5422 in
2519 5367 2697 5421 Libra:
2737 5359 3179 5420 dodecatemorio
3222 5355 3608 5416 versabantur,

2029 5480 2260 5521 vacuum
2290 5471 2377 5518 est
2407 5459 2776 5523 intervallum,
2801 5453 2951 5525 quod
2976 5454 3044 5507 ad
3070 5451 3212 5506 idem
3236 5447 3413 5503 Libra:
3442 5443 3609 5498 dodee

2028 5557 2365 5612 catemorion
2404 5550 2711 5623 pertinebat
2740 5567 2755 5604 :
2787 5562 2899 5617 quo
2949 5546 3004 5599 in
3033 5542 3212 5614 spatio
3253 5538 3437 5595 sedem
3467 5535 3612 5592 indi-

2027 5650 2136 5721 geti
2184 5648 2433 5717 Augusto
2479 5642 2720 5698 destinat
2764 5637 3049 5708 Virgilius.
3110 5634 3184 5689 Ea
3238 5645 3392 5686 mens
3435 5636 3610 5700 poetae

2028 5741 2150 5806 fuit,
2183 5753 2347 5811 quam
2398 5752 2508 5792 non
2554 5733 2866 5804 assequitur
2907 5729 3154 5784 Servius.
3195 5727 3265 5780 At
3309 5722 3611 5778 Mai-tiamne

2026 5831 2250 5904 Capella
2276 5829 2415 5887 libro
2433 5826 2570 5896 Vill,
2615 5839 2736 5897 cap.
2771 5823 2840 5881 de
2888 5823 3016 5880 lixis
3049 5820 3245 5892 signis,
3287 5826 3436 5874 recte
3481 5812 3612 5878 hoc,
