4124 6424
486 399 616 457 1551

1483 393 1574 447 A'D
1613 391 1882 449 EUSEBII
1923 389 2318 446 CHRONICON
2358 391 2720 447 APPENDIX.

3589 386 3731 444 I352

483 510 626 583 quod
654 510 962 574 docuimus,
1011 511 1245 580 explicat
1289 509 1375 563 his
1422 509 1603 564 verbis
1636 529 1646 562 :
1696 527 1715 558 ι
1757 507 1881 560 llazc
1936 505 2054 560 dis-
2081 509 2130 566 Α
2156 523 2285 561 num
2319 523 2477 562 suum
2505 523 2628 564 esse
2653 508 2980 563 translatum
3013 503 3240 577 perinde
3257 517 3446 560 omnes
3461 505 3728 560 sentiunt-

484 601 661 656 cernit
725 601 1024 654 zodiacus:
1055 599 1148 669 qui
1205 597 1424 667 quidem
1467 595 1704 665 aequales
1757 593 2050 648 duodecim

487 695 766 764 signorum
805 693 1036 762 integrat
1085 691 1384 761 portiones.
1436 687 1542 743 Sed
1585 686 1838 741 undecim
1886 683 2052 738 habet

489 787 664 856 signa.
699 785 958 856 Scorpius
981 783 1125 838 enim
1175 790 1286 836 tam
1323 796 1482 836 suum
1529 779 1766 849 Spatium
1815 783 2052 848 occupat

488 889 734 946 corpore,
767 889 931 944 quam
963 871 1146 928 Chelis
1175 879 1406 940 occupat
1439 869 1635 924 Librae.

1090 979 1320 1040 CAPUT
1355 981 1449 1038 1V.

486 1095 565 1153 De
591 1109 816 1154 veterum
839 1099 1074 1163 opinione
1111 1113 1264 1164 super
1300 1097 1489 1149 annuis
1537 1094 1666 1148 solis
1711 1092 2043 1154 cardinibus,

552 1181 602 1223 et
631 1187 734 1241 qua
757 1171 958 1241 ratione
988 1169 1114 1241 αξξὺὲ
1139 1163 1296 1236 quam
1321 1167 1484 1241 initiis
1513 1168 1782 1241 signorum
1808 1163 2053 1241 rationali

556 1232 771 1310 fuerint.
803 1237 1095 1294 Columetla
1123 1232 1358 1292 notatur.
1407 1232 1670 1291 Solhiuca:
1712 1232 1912 1303 periodi
1963 1233 2052 1285 itt-

552 1311 715 1380 sigm's
741 1311 954 1379 epoclta.

553 1425 821 1491 Quoniam
843 1421 1036 1478 mediis
1065 1423 1119 1476 in
1149 1421 1320 1490 signis
1350 1419 1418 1474 ab
1449 1417 1676 1473 Eudoxo
1725 1416 2055 1472 constitutos

482 1533 606 1574 esse
633 1517 882 1572 cardines
921 1527 1288 1584 nequaquam,
1330 1521 1389 1566 ut
1424 1511 1632 1582 putavit
1675 1509 2046 1580 Hipparchus,

483 1627 547 1665 ex
586 1609 731 1664 illius
761 1607 943 1662 verbis
981 1606 1288 1668 conﬁcitur,
1330 1605 1673 1674 inquiramus
1716 1601 1878 1656 modo
1925 1615 2054 1671 qua-

484 1717 609 1757 nam
639 1701 696 1754 in
728 1706 880 1770 parte
907 1699 1180 1764 defixerit;
1211 1705 1324 1752 tum
1355 1711 1478 1766 qua:
1501 1697 1640 1749 ratio
1671 1695 1740 1750 ab
1772 1694 1880 1749 illis
1920 1694 2056 1747 inita

484 1794 576 1856 sit,
609 1791 701 1862 qui
729 1791 878 1855 alibi,
919 1805 1084 1860 quam
1129 1787 1186 1843 in
1223 1785 1396 1844 initiis
1442 1787 1748 1858 signorum,
1799 1784 2052 1840 cardines

484 1883 608 1938 illos
635 1896 756 1937 esse
785 1881 1088 1935 sciverunt.

553 1971 814 2027 Geminus
845 1971 1022 2040 capite
1052 1965 1189 2032 XVI,
1224 1973 1420 2038 quarto
1447 1966 1556 2032 die,
1582 1979 1744 2036 quam
1777 1963 1833 2020 in
1861 1963 2054 2034 Capri-

482 2079 708 2118 cornum
732 2063 813 2117 sol
841 2068 926 2116 est
955 2061 1256 2132 ingressus,
1306 2057 1600 2114 solstitium
1645 2056 1934 2111 hibernum
1989 2070 2054 2111 ex

483 2153 714 2209 Eudoxo
743 2153 856 2207 ﬁeri
883 2151 1073 2207 scribit
1102 2191 1118 2216 ,
1167 2163 1394 2204 vernum
1424 2155 1608 2201 autem
1645 2146 2056 2216 aequinoctium,

483 2251 638 2297 sexto
667 2239 756 2294 die
785 2237 876 2293 τοῦ
909 2238 1175 2310 Κριῶνος.
1206 2235 1350 2291 Idem
1391 2244 1580 2290 auctor
1611 2250 1678 2291 ex
1707 2233 2058 2288 Euctemonis

481 2331 752 2388 sententia
805 2329 1098 2384 solstitium
1127 2327 1410 2382 hibernum
1447 2326 1624 2396 primo
1669 2323 1757 2379 die
1793 2321 2056 2378 committi

480 2423 685 2480 refert:
718 2435 930 2476 necnon
959 2418 1272 2474 autumnale
1304 2417 1709 2488 aequinoctium.
1739 2415 1816 2469 Ex
1833 2415 2058 2485 Calippo

481 2513 1012 2584 veroquatuoripsos
1029 2509 1278 2564 cardines
1295 2507 1615 2562 nominatim
1648 2507 1926 2577 signorum
1955 2507 2061 2560 ini-

481 2605 576 2660 tiis
591 2603 878 2658 contineri.
897 2599 1094 2656 Verum
1111 2599 1410 2654 Columella
1426 2598 1518 2653 lib.
1541 2597 1631 2662 IX,
1651 2613 1771 2667 cap.
1791 2595 1931 2660 XlV,
1951 2595 2061 2651 Me-

481 2703 664 2750 tonem
695 2702 748 2749 et
774 2692 1076 2758 Eudoxum,
1095 2705 1160 2745 ac
1179 2699 1389 2746 veteres
1407 2697 1754 2744 astronomos
1771 2689 1964 2743 scribit
2003 2689 2058 2742 in

481 2785 690 2841 octavis
707 2785 951 2855 partibus
971 2767 1248 2853 signorum
1266 2781 1499 2836 solstitia
1517 2791 1569 2836 et
1599 2780 1926 2850 aequinoctia
1961 2793 2061 2849 po-

482 2877 684 2943 suisse;
713 2874 1100 2946 Hipparchum,
1121 2881 1329 2927 mutata
1345 2875 1574 2936 ratione,
1589 2872 1646 2926 in
1661 2871 1939 2942 signorum
1953 2871 2060 2924 ini-

479 2969 556 3022 tia
580 2967 900 3022 contulisse.
927 2983 945 3017 ι
976 2963 1084 3019 Nec
1121 2979 1206 3018 me
1236 2963 1392 3028 fallit,
1421 2961 1940 3033 inquit,-Hipparchi
1959 2977 2059 3030 _ra-

479 3059 578 3123 tio,
607 3073 728 3129 qua:
756 3057 912 3113 docet
929 3057 1162 3112 solstitia
1177 3062 1232 3111 et
1254 3055 1701 3126 aequinoctianon
1716 3055 1945 3120 octavis,
1963 3052 2059 3108 sed

479 3149 673 3220 primis
698 3150 975 3220 signorum
999 3147 1246 3238 partibus
1263 3146 1476 3238 conﬁci.
1495 3143 1768 3238 Vi'erumin
1783 3145 2057 3238 hacgruris
2083 3181 2126 3238 ε

479 3242 770 3312 disciplina
792 3254 990 3312 sequor
1003 3253 1150 3294 nunc
1186 3237 1393 3292 Eudoxi
1421 3246 1476 3293 et
1507 3235 1762 3302 Metonis,
1801 3236 2057 3307 antiquo-

479 3347 711 3402 rumque
729 3331 902 3388 fastus
920 3332 1316 3402 astrologorum
1335 3369 1351 3396 ,
1365 3329 1459 3400 qui
1485 3337 1614 3385 sunt
1639 3329 1806 3400 aptati
1823 3329 2057 3398 publicis

479 3423 766 3479 sacrificiis
783 3463 800 3489 ,
819 3424 947 3494 quia
965 3432 1019 3478 et
1039 3422 1222 3478 notior
1243 3429 1329 3476 est
1349 3422 1453 3478 ista
1470 3427 1628 3476 vetus
1645 3419 1905 3492 agricolis
1923 3435 2058 3474 con-

479 3523 634 3585 cepta
665 3515 866 3585 opinio.
887 3513 996 3569 Nec
1013 3521 1189 3568 tamen
1207 3511 1504 3583 Hipparchi
1517 3511 1792 3566 subtilitas
1809 3510 2060 3581 pinguio-

479 3607 656 3670 ribus,
675 3615 737 3660 ut
765 3605 940 3671 aiunt,
965 3604 1294 3660 rusticorum
1325 3603 1523 3658 litteris
1547 3604 1858 3658 necessaria
1889 3609 1993 3657 est.
2033 3619 2052 3654 ι

481 3693 850 3765 Hipparchum
891 3709 1020 3750 ecce
1050 3692 1181 3748 facit
1210 3699 1490 3747 auctorem
1504 3692 1622 3762 ejus
1643 3691 2062 3761 instituti,quod

481 3781 766 3853 principiis
786 3781 1065 3852 signorum
1083 3779 1336 3836 cardines
1351 3781 1728 3836 accommodat
1740 3823 1757 3848 ,
1773 3797 1897 3836 cum
1915 3789 2062 3838 vete-

483 3885 573 3926 .°es
585 3873 792 3928 octavis
816 3873 1061 3942 partibus
1087 3873 1439 3928 ascriberent.
1454 3872 1512 3926 ln
1539 3889 1647 3944 quo
1661 3874 1859 3942 partim
1876 3875 1944 3928 ab
1957 3873 2063 3929 Ge-

483 3963 654 4027 mino,
671 3965 869 4034 partim
896 3965 964 4019 ab
985 3963 1294 4036 Hipparcho
1311 3967 1430 4035 ipso
1441 3966 1670 4022 dissidet
1691 3985 1706 4034 ;
1732 3981 1858 4020 nam
1877 3965 2064 4020 Gemi-

483 4069 590 4110 nus
606 4069 875 4124 nusquam
889 4057 942 4109 in
961 4063 1149 4110 octava
1181 4057 1506 4126 cujusquam
1531 4056 1672 4128 signi
1691 4065 1844 4126 parte
1858 4057 2064 4110 consti-

485 4153 634 4200 tutos
659 4161 783 4201 esse
809 4145 1063 4202 cardines
1090 4147 1166 4200 ait
1191 4164 1206 4212 ;
1241 4145 1587 4220 Hipparchus
1623 4155 1829 4212 autem,
1882 4158 1941 4202 ut
1971 4163 2066 4203 su-

482 4238 683 4308 periori
705 4238 884 4308 capite
907 4237 1168 4302 vidimus,
1217 4239 1286 4294 ab
1309 4238 1498 4306 Arato,
1557 4247 1612 4294 et
1663 4241 1908 4309 antiquis
1951 4239 2064 4295 fere

483 4331 740 4386 omnibus
787 4331 1186 4386 mathematicis
1237 4333 1292 4386 in
1345 4331 1626 4402 signorum
1675 4333 1832 4387 initia
1895 4334 2064 4388 colla-

481 4429 570 4477 tos
603 4437 726 4477 esse
753 4422 956 4477 docuit.
989 4421 1107 4476 Non
1137 4423 1328 4478 dubito
1369 4423 1502 4493 quin
1544 4423 1836 4493 Hipparchi
1883 4427 2065 4494 potior

2151 599 2306 668 Quod
2343 599 2804 672 quemadmodum
2862 600 2930 654 ab
2965 599 3034 654 iis
3071 599 3382 652 institutum
3433 595 3630 662 fuerit,
3673 605 3730 650 et

2150 708 2258 763 qua
2296 694 2507 747 ratione
2535 693 2676 747 inter
2704 707 2764 747 se
2787 689 3074 745 conciliari
3117 688 3452 758 scriptorum
3484 687 3576 742 illa
3613 687 3731 742 dis-

2151 785 2288 840 sidia
2323 786 2552 854 possint,
2586 784 2845 854 deinceps
2872 782 3204 852 aperiemus.

2223 874 2452 930 Duobus
2480 875 2703 930 omnino
2735 873 2915 928 modis
2951 871 3067 928 fieri
3110 871 3351 926 arbitror
3377 871 3642 941 potuisse,
3667 879 3730 924 ut

2153 967 2222 1022 ab
2268 967 2507 1035 antiquis
2551 964 2956 1021 mathematicis
3005 963 3336 1033 aequinoctia
3395 969 3452 1017 et
3492 962 3730 1016 solstitia

2154 1059 2315 1123 alibi,
2353 1073 2514 1128 quam
2549 1059 2603 1112 in
2633 1058 2768 1128 ipsis
2800 1056 3087 1129 signorum
3119 1055 3384 1119 exordiis,
3428 1055 3732 1109 constituta

2154 1149 2378 1206 fuerint.
2409 1147 2543 1204 Nam
2577 1159 2672 1204 aut
2703 1151 2905 1220 reipsa,
2940 1156 2995 1203 et
3039 1163 3104 1202 ex
3145 1155 3263 1201 arte
3293 1145 3614 1216 judicioque
3655 1146 3732 1199 ita

2153 1241 2578 1312 pronuntiarunt
2607 1260 2621 1295 :
2653 1250 2746 1295 aut
2775 1255 2902 1294 cum
2931 1231 3291 1294 de‘exactiore
3312 1237 3596 1292 cardinum
3620 1240 3732 1293 situ

2155 1331 2312 1384 aliter
2332 1330 2708 1385 existimarent
2731 1371 2745 1396 ,
2779 1328 3105 1400 populorum
3137 1326 3332 1383 usibus
3379 1342 3443 1382 ac
3475 1328 3730 1381 sensibus

2155 1419 2384 1473 alterum
2413 1417 2546 1472 illud
2573 1419 2754 1472 minus
2780 1425 3102 1471 accuratum
3129 1415 3414 1471 cardinum
3444 1429 3618 1486 genus
3641 1418 3731 1470 inc

2155 1507 2455 1562 dulserunt.
2497 1505 2567 1560 Ut
2592 1522 2622 1561 a
2661 1507 2842 1578 priore
2896 1505 3102 1571 ordiar,
3145 1503 3434 1574 repetenda
3470 1505 3562 1558 illa
3599 1515 3732 1560 sunt

2157 1599 2442 1669 imprimis,
2487 1613 2610 1668 quae
2665 1597 2735 1652 de
2781 1596 3050 1652 Chaldaeis
3089 1605 3145 1650 et
3193 1595 3464 1666 Egyptiis
3495 1595 3728 1650 tradidi-

2157 1705 2280 1747 mus
2307 1691 2482 1760 capite
2505 1691 2719 1759 primo;
2748 1703 2985 1758 quanam
3013 1687 3267 1742 videlicet
3302 1688 3514 1742 ratione
3541 1688 3732 1758 signo-

2157 1798 2278 1837 rum
2310 1783 2616 1837 cmlcstium
2653 1781 3006 1851 partitionem
3053 1780 3418 1835 instituerint.
3451 1778 3728 1850 Insignem

2154 1873 2297 1927 enim
2327 1872 2636 1942 quampiam
2665 1879 2927 1926 notarunt
2951 1871 3007 1924 in
3039 1871 3179 1926 caelo
3217 1871 3452 1938 stellam,
3488 1887 3520 1924 a
3567 1871 3730 1941 cujus

2155 1965 2460 2021 emersione
2481 1965 2714 2035 primum
2743 1964 3247 2019 dodecatemorium
3279 1965 3336 2018 in
3357 1963 3731 2034 aequinoctiali

2155 2057 2364 2112 circulo
2392 2055 2769 2126 designarunt.
2803 2055 2922 2121 Quo
2949 2055 3104 2110 initio
3120 2055 3442 2122 constituto,
3461 2053 3726 2124 deinceps

2157 2149 2345 2203 circuli
2369 2148 2539 2203 totius
2569 2147 2962 2218 anaphoricum
2987 2155 3199 2216 tempus
3222 2145 3479 2200 horarum
3497 2155 3734 2218 quatuor

2157 2251 2210 2295 et
2233 2241 2446 2310 viginti,
2479 2239 2763 2294 duodecim
2797 2239 2853 2294 in
2888 2247 3072 2310 partes
3095 2255 3162 2294 ex
3191 2253 3347 2309 aequo
3381 2239 3728 2294 diviserunt:

2157 2343 2388 2397 quarum
2412 2327 2654 2398 singulas
2687 2329 2810 2384 aliis
2833 2328 3019 2383 itidem
3049 2327 3226 2384 stellis
3257 2329 3372 2384 sive
3403 2327 3460 2381 in
3482 2328 3732 2394 zodiaco,

2158 2419 2272 2474 sive
2298 2427 2454 2475 extra
2485 2419 2661 2489 ipsum
2695 2419 2910 2490 positis,
2943 2429 2998 2473 et
3022 2420 3216 2476 iisdem
3235 2422 3525 2476 momentis
3551 2423 3734 2476 orien—

2159 2512 2327 2576 tibus,
2353 2513 2498 2567 velut
2527 2512 2698 2581 signis
2766 2527 2832 2574 ac
2863 2512 3130 2569 limitibus
3177 2513 3610 2584 descripserunt.
3654 2513 3733 2566 ita

2159 2606 2358 2676 quippe
2385 2605 2582 2660 Sextus
2608 2604 2916 2676 Empiricus
2944 2605 3124 2672 docet,
3153 2605 3314 2676 primi
3347 2605 3736 2676 dodecatemo-

2159 2697 2228 2753 rii
2272 2696 2556 2767 designato
2609 2697 2902 2768 principio,
2947 2707 3144 2752 caetera
3193 2697 3450 2767 aequabili
3495 2697 3734 2767 partium

2158 2789 2555 2859 aequinoctialis
2614 2789 2882 2846 divisione
2925 2805 3048 2846 esse
3095 2799 3402 2846 numerata.
3455 2789 3738 2856 Quamob-

2161 2893 2276 2934 rem
2334 2878 2426 2949 qui
2474 2878 2616 2933 bona
2649 2879 2752 2932 [ide
2797 2893 2862 2933 ac
2889 2879 3032 2934 serio
3049 2879 3303 2935 cardines
3341 2880 3398 2934 in
3429 2879 3623 2934 mediis
3651 2881 3738 2934 si-

2161 2969 2304 3039 gnis,
2343 2970 2429 3024 vel
2463 2969 2694 3032 octavis,
2723 2970 2956 3039 aliisque
2993 2971 3244 3040 partibus
3279 2973 3541 3030 ﬁxerunt.
3589 2971 3740 3026 veri-

2159 3057 2338 3112 simile
2361 3064 2446 3112 est
2465 3073 2560 3114 eos
2591 3058 2808 3112 initium
2849 3058 3014 3128 primi
3051 3059 3482 3115 dodecatemorii
3513 3074 3624 3114 non
3663 3060 3742 3116 ab

2160 3145 2278 3216 ipsa
2303 3147 2700 3218 aequinoctialis
2747 3153 2802 3204 et
2831 3147 3040 3203 zodiaci
3071 3149 3460 3206 intersectione
3489 3151 3738 3221 cepisse;

2159 3241 2258 3296 sed
2289 3239 2569 3309 aliquanto
2595 3247 2722 3295 ante
2752 3240 2930 3311 spatio
2971 3257 2985 3294 :
3019 3240 3166 3311 quod
3195 3241 3252 3295 in
3278 3241 3506 3312 reliquis
3540 3243 3740 3298 deinde

2159 3339 2435 3388 servatum
2470 3337 2572 3386 est.
2604 3329 2744 3386 Cum
2787 3340 2967 3386 autem
2995 3329 3064 3385 ab
3115 3331 3317 3399 insigni
3359 3331 3544 3401 aliqua
3577 3332 3740 3386 stella

2156 3437 2339 3479 vernat
2370 3423 2707 3493 tempestatis
2741 3422 2955 3476 initium
2989 3423 3260 3492 suspicati
3308 3424 3438 3488 sint,
3471 3425 3550 3476 uti
3591 3422 3738 3476 dixi-

2159 3529 2303 3579 mus,
2333 3513 2566 3583 eligatur
2587 3511 2747 3566 stella
2783 3512 2895 3576 illa,
2927 3525 3050 3580 quae
3087 3511 3144 3564 in
3181 3511 3521 3579 prmeedente
3561 3525 3738 3564 cornu

2159 3614 2242 3658 est
2270 3601 2490 3657 Arietis.
2521 3599 2598 3654 Ea
2618 3615 2682 3654 ex
2717 3599 3131 3654 accuratissima
3155 3595 3431 3668 Tychonis
3475 3597 3739 3650 observa-

2159 3696 2310 3750 tione
2337 3707 2482 3748 anno
2507 3691 2712 3747 Christi
2753 3703 2858 3746 nnc
2903 3691 3008 3745 sita
3057 3700 3176 3744 erat
3221 3691 3278 3742 in
3317 3687 3490 3759 gradu
3533 3687 3742 3742 Arietis

2157 3787 2250 3853 27,
2276 3787 2382 3852 56',
2435 3785 2594 3855 cujus
2619 3783 2850 3840 latitudo
2891 3781 3158 3855 graduum
3193 3790 3278 3836 est
3307 3781 3359 3845 7,
3385 3779 3740 3846 8'.Quoniam

2165 3893 2296 3934 vero
2333 3877 2584 3934 stellatus
2625 3876 2776 3932 orbis
2827 3875 2886 3930 in
2937 3872 3326 3944 consequentia
3377 3881 3642 3933 movetur,
3681 3879 3742 3922 et

2163 3971 2326 4026 annis
2353 3969 2574 4024 circiter
2595 3967 2810 4023 duobus
2831 3975 2888 4022 et
2919 3966 3260 4037 septuaginta
3296 3963 3526 4034 gradum
3553 3961 3742 4017 absola

2161 4065 2240 4118 vit
2293 4077 2486 4126 unum,
2545 4059 2671 4115 inde
2723 4061 2970 4131 sequitur
3013 4067 3138 4114 ante
3183 4057 3394 4128 aliquot
3443 4055 3642 4112 saecula
3679 4054 3739 4108 in

2163 4155 2344 4226 ipsum
2391 4167 2574 4209 vernae
2617 4151 2876 4206 sectionis
2927 4159 3185 4220 punctum
3233 4145 3493 4201 incidisse
3521 4145 3740 4199 stellam

2165 4247 2345 4310 istam,
2389 4259 2452 4299 ac
2481 4259 2672 4300 rursus
2715 4241 3116 4312 antiquioribus
3160 4239 3377 4294 saeculis
3415 4235 3548 4292 illud
3581 4245 3743 4290 ante-

2163 4337 2398 4394 venisse.
2443 4333 2644 4390 Verum
2667 4350 2776 4388 non
2802 4341 2910 4388 tam
2939 4333 3048 4386 loci
3077 4331 3271 4401 ipsius,
3301 4331 3395 4400 qui
3433 4330 3486 4383 in
3511 4328 3740 4384 zodiaoo

2165 4432 2334 4488 stellae
2355 4429 2630 4499 competit,
2659 4427 2864 4496 quique
2895 4423 3199 4478 latitudinis
3231 4421 3444 4477 circulo
3487 4421 3746 4491 designes

483 4513 588 4568 hac
613 4513 666 4568 in
696 4529 774 4578 re,
804 4529 966 4584 quam
988 4513 1300 4570 Columellas
1323 4515 1393 4570 sit
1417 4514 1582 4581 fides;
1622 4525 1681 4570 ut
1705 4517 1798 4584 qui
1831 4525 1982 4571 tanto
2005 4526 2059 4572 et

2165 4532 2273 4588 tur,
2300 4536 2462 4592 quam
2495 4519 2835 4575 ascensionis
2861 4518 3006 4572 illius
3045 4516 3280 4586 obliqua:
3315 4513 3562 4570 ducenda
3597 4514 3744 4568 ratio

483 4605 778 4674 antiquior,
819 4615 873 4660 et
919 4605 1113 4660 harum
1169 4621 1352 4661 rerum
1403 4605 1799 4677 intelligentior
1833 4649 1848 4675 ,
1893 4616 1948 4662 et
1999 4611 2052 4663 in

484 4701 921 4749 astronomorum
981 4704 1226 4751 veterum
1275 4699 1509 4754 lectione
1564 4697 1835 4764 detritior,
1890 4717 2054 4771 quam

482 4785 802 4850 Columella,
835 4787 1017 4842 fuerit.
1049 4787 1112 4841 Et
1145 4795 1325 4844 tamen
1343 4789 1507 4858 hujus
1533 4793 1861 4846 auctoritate
1885 4793 2057 4861 pleri-

483 4889 590 4946 que
631 4889 819 4930 omnes
853 4875 1200 4931 adducuntur
1227 4877 1408 4944 hodie,
1441 4889 1500 4934 ut
1523 4881 1920 4951 antiquissimis
1957 4898 2056 4938 sa:-

483 4967 622 5022 culis
668 4967 980 5022 existiment
1017 4969 1227 5026 octavis
1275 4972 1521 5040 partibus
1565 4973 1844 5044 signorum
1885 4974 2088 5046 arqui-'

481 5061 664 5116 noctia
685 5070 738 5116 et
755 5062 988 5117 solstitia
1007 5065 1074 5118 ab
1091 5067 1418 5120 astronomia
1433 5065 1676 5119 mandari
1695 5067 1874 5120 solita.
1899 5065 2054 5132 Quod

483 5167 594 5222 pru-
620 5153 830 5207 czeteris
860 5153 1018 5208 enixe
1045 5161 1228 5207 tuetur
1265 5151 1511 5225 Scaliger
1553 5173 1566 5208 :
1605 5155 1714 5209 itno
1743 5157 1965 5211 unicum
2002 5158 2058 5211 id

481 5243 572 5297 ille
597 5241 1006 5296 fundamentum
1040 5243 1090 5299 ei
1127 5243 1390 5298 doctrina:
1429 5245 1720 5308 suLStruit,
1779 5260 1944 5316 quam
1989 5245 2056 5302 de

481 5331 794 5418 Graecorum
817 5341 1242 5405 ceterorumque
1263 5337 1586 5407 populorum
1623 5339 1782 5392 annis
1812 5338 2056 5408 explica-

479 5427 577 5480 vit.
611 5427 716 5482 Sed
757 5443 934 5499 neque
987 5428 1232 5485 funditus
1263 5431 1572 5499 negaverim
1602 5429 1792 5497 fuisse,
1815 5431 2052 5501 quiante

480 5517 847 5588 Hipparchum
879 5522 1131 5578 cardines
1159 5523 1288 5586 alio,
1319 5538 1480 5593 quam
1513 5525 1568 5578 in
1597 5525 1878 5593 signorum
1899 5525 2054 5580 initia

479 5612 812 5666 contulerint
850 5632 863 5667 :
895 5615 1038 5683 quod
1101 5615 1388 5679 Geminus,
1435 5617 1763 5680 Columella,
1811 5617 2054 5673 Achilles

482 5702 696 5767 Tatius,
717 5705 916 5774 aliique
959 5705 1310 5772 confirmant;
1352 5715 1406 5761 et
1442 5722 1472 5760 a
1504 5698 1652 5762 Julio
1679 5707 1928 5774 Caesare,
1985 5723 2052 5763 ex

481 5795 974 5876 colnmuniytique
1022 5811 1084 5852 ac
1115 5809 1330 5871 recepta
1369 5799 1661 5866 sententia,
1697 5799 1841 5858 idem
1873 5801 1928 5856 in
1963 5815 2060 5884 alt-

2163 4623 2268 4680 est,
2305 4625 2364 4670 ut
2391 4629 2554 4684 quam
2589 4613 2646 4666 in
2676 4621 2884 4682 partem
2907 4609 3334 4666 dodecatemorii
3349 4605 3742 4678 aequinoctium

2157 4706 2475 4772 incurrerit,
2500 4703 2770 4759 aestimare
2803 4701 3098 4772 possimus.

2228 4797 2510 4852 Scribebat
2539 4793 2607 4847 ad
2631 4807 2720 4847 me
2733 4789 3060 4846 Codefridus
3089 4788 3442 4852 Vendelinus,
3457 4787 3542 4842 vir
3563 4795 3742 4841 astro-

2155 4889 2354 4943 nomine
2379 4883 2705 4954 cumprimis
2743 4881 2974 4952 peritus,
3009 4882 3156 4936 circa
3175 4895 3378 4933 annum
3413 4887 3539 4933 ante
3579 4878 3741 4932 Chri-

2158 4980 2228 5034 sti
2263 4993 2428 5032 mram
2477 4976 2637 5038 1263,
2673 4974 2766 5045 qui
2813 4981 2898 5029 est
2923 4973 3132 5043 periodi
3181 4971 3312 5027 Julii
3353 4971 3516 5034 3450,
3568 4971 3740 5026 videri

2157 5079 2372 5140 tempus
2426 5067 2560 5122 illud
2611 5066 2800 5133 fuisse,
2855 5081 2966 5134 quo
3007 5065 3258 5120 ascensio
3307 5065 3498 5135 primae
3536 5065 3742 5120 Arietis

2158 5164 2327 5220 stellae
2358 5161 2671 5232 quindecim
2693 5159 2954 5231 gradibus
2979 5157 3333 5212 antecedebat
3351 5157 3742 5228 aequinoctium

2157 5269 2405 5308 vernum.
2445 5251 2570 5318 Quo
2609 5251 2774 5306 etiam
2820 5259 3068 5320 tempore
3109 5249 3405 5304 Neomenia
3454 5247 3655 5314 Thuth,
3687 5258 3742 5302 et

2158 5353 2312 5400 ortus
2358 5345 2640 5408 caniculae,
2694 5349 2750 5396 et
2796 5343 3118 5406 solstitium,
3167 5355 3233 5395 ac
3285 5339 3630 5394 novilunium
3685 5341 3742 5393 in

2157 5433 2405 5490 eumdem
2432 5435 2574 5489 diem
2631 5432 2966 5496 inciderunt,
3013 5431 3106 5502 qui
3149 5441 3269 5485 erat
3307 5429 3437 5484 Julii
3491 5430 3740 5500 quintus,

2158 5527 2322 5597 idque
2349 5527 2406 5581 in
2437 5523 2838 5595 HeliOpolitano
2881 5529 3064 5578 tractu
3096 5541 3110 5576 :
3141 5521 3288 5592 quod
3320 5521 3386 5576 ad
3417 5520 3742 5576 memoriam

2159 5617 2500 5687 posteritatis
2529 5615 2742 5684 insigne
2769 5613 2984 5668 initium
3013 5613 3166 5669 dedit
3199 5612 3473 5668 Sothiaca:
3491 5613 3740 5682 periodo,

2159 5711 2317 5780 cujus
2346 5709 2590 5764 meminit
2617 5707 2866 5763 Clemens
2893 5697 3300 5774 Alexandrinus
3343 5707 3544 5762 Strom.
3575 5705 3616 5766 Ι,
3647 5704 3740 5760 ubi

2161 5799 2420 5858 trecentis
2443 5795 2804 5870 quadraginta
2833 5799 3078 5870 quinque
3113 5799 3274 5855 annis
3309 5807 3431 5870 post
3461 5795 3747 5870 migratio-
