4124 6460
425 396 562 462 1535

1236 391 1698 448 DISSERTATIO
1736 391 1825 445 DE
1864 390 2052 448 ORTU
2093 391 2181 445 ET
2221 391 2492 449 OCCASU
2541 389 2870 447 SIDERUM.

3525 393 3548 446 1
3561 389 3668 448 556

423 527 546 565 nem
580 510 945 566 lsraelitarum
974 526 1038 565 ex
1067 508 1320 588 zEgypto,
1369 510 1652 580 periodum
1692 510 1833 564 hanc
1874 525 1987 564 (εω-
2015 519 2062 573 Λ
2089 509 2339 564 cardines
2368 511 2419 564 in
2437 509 2684 565 eamdem
2701 509 3270 564 dodecatemoriorum
3295 525 3518 564 suormn
3538 525 3668 580 par-

424 599 570 670 pisse
621 601 832 655 scribit.
870 602 946 654 lta
983 601 1037 654 in
1069 601 1280 656 Gnaeo.
1323 601 1394 654 At
1425 601 1696 670 interpres
1731 602 1992 671 quadrin-

423 698 614 758 gentos
656 693 858 761 posuit.
886 691 989 746 Per
1016 691 1156 746 idem
1208 703 1422 762 tempus
1467 702 1584 747 erat
1624 694 1796 762 prima
1839 695 1994 747 stella

424 783 629 839 Arietis
660 785 713 837 in
752 784 923 854 gradu
958 783 1196 838 Piscium
1236 785 1323 847 17,
1374 785 1473 848 12’,
1527 796 1581 838 et
1618 785 1996 855 :rquinoctiale

424 881 684 944 punctum
721 876 1078 932 antecedebat
1103 877 1362 945 gradibus
1392 877 1476 941 12,
1496 878 1596 941 κὶ8’,
1627 879 1732 932 hoc
1757 887 1838 933 est
1859 885 1996 932 tem-

426 966 652 1035 poribus
695 968 1168 1022 ascensionalibus
1194 969 1526 1036 quindecim.
1571 970 1712 1025 Sane
1745 971 1848 1024 isto
1877 970 1996 1040 ipso

425 1072 569 1110 anno
599 1057 826 1127 primam
855 1057 1056 1113 Arietis
1084 1075 1148 1114 ex
1180 1060 1437 1116 methodo
1468 1069 1656 1116 nostra
1686 1061 1996 1132 deprehen-

425 1150 605 1205 dimus
635 1151 689 1204 in
726 1149 963 1206 Piscium
990 1152 1078 1215 17,
1117 1153 1198 1206 50'
1232 1172 1245 1207 :
1277 1154 1528 1208 ascensio
1557 1163 1702 1209 recta
1732 1155 1994 1224 graduum

423 1240 562 1303 546;
590 1241 808 1308 obliqua
841 1258 967 1296 vero
992 1241 1248 1312 Memphi,
1296 1252 1390 1297 aut
1414 1243 1699 1315 Heliopoli,
1729 1245 1995 1315 graduum

423 1329 561 1394 515,
603 1331 670 1393 6⁸,
721 1333 793 1385 ita
847 1341 904 1386 ut
956 1334 1265 1402 quindecim
1304 1335 1564 1405 gradibus
1610 1337 1994 1406 atquinoctium

425 1423 725 1477 antecedat.
751 1422 1097 1478 Novilunium
1132 1441 1318 1479 verum
1348 1426 1403 1480 in
1434 1430 1623 1482 eodem
1650 1436 1827 1482 tractu
1857 1444 2000 1483 com-

433 1513 664 1567 missum
704 1514 933 1569 estJulii
972 1533 1042 1578 iv,
1072 1517 1202 1569 hora
1227 1517 1313 1581 12,
1344 1517 1448 1575 46'.
1491 1535 1615 1572 cum
1651 1520 1804 1575 locus
1836 1536 1996 1575 verus

425 1603 562 1658 solis
587 1614 735 1660 esset
768 1608 822 1660 in
874 1606 1224 1663 Geminorum
1267 1610 1356 1674 29,
1400 1610 1502 1666 19’.
1539 1611 1719 1678 Quare
1749 1614 1996 1681 sequenti

429 1694 536 1772 die,
574 1695 706 1750 hora
735 1697 924 1766 quinta
960 1700 1221 1753 matutina
1271 1700 1326 1753 in
1363 1701 1482 1771 ipso
1521 1701 1714 1756 Cancri
1763 1705 1996 1759 solstitio

425 1784 550 1839 fuit.
577 1786 631 1840 In
680 1788 872 1841 eodem
918 1789 1116 1844 Cancri
1161 1790 1330 1861 gradu
1377 1792 1552 1862 primo
1589 1795 1908 1849 versabatur
1940 1807 1996 1850 et

2095 607 2202 654 tem
2235 599 2545 663 inciderint,
2580 608 2803 669 quotam
2845 601 2900 654 in
2956 601 3131 670 primo
3180 600 3382 657 Arietis
3421 604 3667 672 {equino-

2095 688 2262 742 ctium
2291 705 2518 743 vernum
2546 697 2862 758 occuparat.

2167 780 2280 835 Sub
2307 782 2520 834 initium
2555 797 2676 836 serae
2699 781 3093 849 Nabonassari,
3126 798 3248 838 eum
3273 779 3477 840 Arietis
3509 785 3666 840 stella

2094 871 2149 925 in
2186 870 2424 925 Piscium
2467 871 2637 942 gradu
2692 874 2797 928 sita
2838 882 2984 927 esset
3019 872 3111 937 25,
3163 874 3218 927 in
3261 873 3668 945 Heliopolitano

2096 970 2274 1016 tractu
2317 963 2537 1032 obliqua
2569 962 2670 1017 fuit
2714 965 2966 1019 ascensio
3011 963 3276 1032 graduum
3308 965 3432 1030 550,
3461 981 3526 1020 ac
3571 966 3668 1022 de.

2097 1069 2214 1108 cem
2241 1054 2500 1124 gradibus
2522 1053 2851 1124 aequinoctio
2883 1061 3002 1109 erat
3030 1055 3292 1110 anterior.
3325 1057 3451 1127 Cyri
3476 1073 3664 1127 porro,

2097 1161 2162 1199 ac
2199 1143 2445 1200 Thaletis
2488 1145 2710 1210 saeculo,
2756 1145 2811 1198 in
2844 1145 3036 1201 eodem
3085 1147 3217 1209 situ,
3259 1146 3462 1204 Arietis
3507 1151 3667 1205 stella

2094 1236 2205 1308 jam
2258 1239 2322 1292 ad
2356 1237 2596 1293 Piscium
2636 1237 2707 1292 28
2740 1253 3054 1308 progressa,
3103 1241 3352 1295 ascensio
3384 1241 3486 1296 fuit
3525 1243 3668 1298 obli-

2099 1344 2206 1398 qua
2232 1327 2496 1398 graduum
2540 1328 2664 1393 552,
2697 1335 2860 1396 atque
2899 1331 2952 1382 in
2983 1335 3175 1383 octavo
3205 1330 3374 1398 gradu
3414 1333 3669 1386 commit-

2098 1419 2315 1473 tebatur
2345 1419 2755 1489 aequinoctium.
2787 1418 2910 1474 Haec
2943 1421 2995 1472 in
3038 1421 3206 1474 certis
3235 1421 3516 1490 signorum
3542 1437 3668 1492 par-

2099 1510 2246 1565 tibus
2274 1510 2684 1564 statuendorum
2717 1511 3000 1564 cardinum
3032 1511 3173 1564 ratio
3197 1509 3489 1564 identidem
3511 1512 3670 1566 adhi-

2097 1601 2214 1656 beri
2260 1601 2456 1670 potuit,
2494 1602 2796 1655 secundum
2840 1618 2904 1657 ea
2940 1616 3061 1672 quae
3096 1618 3127 1657 e
3176 1599 3342 1658 Sexto
3393 1601 3667 1673 Empirico

2097 1709 2219 1763 cap.
2251 1692 2267 1744 1
2299 1693 2720 1748 declaravimus.

2171 1785 2275 1839 Sed
2326 1801 2434 1838 non
2487 1786 2669 1839 minus
2708 1791 2761 1839 ct
2795 1784 2884 1838 illa
2933 1773 3230 1854 probabilis
3280 1793 3402 1850 est,
3447 1802 3568 1855 qua:
3599 1801 3668 1841 ex

426 1877 624 1940 Sirius,
657 1879 749 1948 qui
776 1888 888 1933 tum
933 1889 1114 1934 ortum
1149 1884 1473 1938 matutinum
1519 1901 1640 1939 cum
1667 1887 1782 1942 sole
1829 1887 1995 1942 facie-

2098 1873 2403 1945 Hipparcbo
2447 1875 2757 1944 colligitur,
2807 1875 2860 1929 in
2910 1891 3018 1945 qua
3078 1877 3359 1930 stellarum
3415 1877 3554 1933 situs
3609 1878 3668 1932 in

426 1969 521 2024 bat
553 1970 723 2039 prima
756 1971 844 2025 die
866 1970 1064 2038 Thoth,
1101 1990 1220 2044 quae
1248 1977 1300 2029 in
1331 1977 1580 2031 eumdem
1616 1977 1806 2033 incidit
1831 1979 1993 2035 diem.

494 2062 611 2119 Non
637 2065 864 2119 dubium
895 2075 979 2122 est
1008 2068 1140 2138 quin
1179 2068 1517 2128 admirabilis
1542 2071 1628 2126 hic
1663 2088 1840 2126 rerum
1863 2089 1998 2142 qua-

423 2165 549 2208 tuor
583 2155 636 2209 in
673 2155 812 2211 idem
845 2165 1061 2228 tempus
1093 2175 1422 2223 concursus,
1448 2161 1758 2218 Neomenize
1794 2163 1995 2227 Thnth,

421 2246 567 2300 lunae
606 2247 801 2316 ipsius,
833 2256 990 2304 ortus
1019 2251 1152 2305 Sirii
1185 2261 1238 2306 et
1261 2253 1505 2318 solstitii,
1535 2255 1676 2323 apud
1710 2253 1998 2325 [Egyptios

419 2339 754 2408 singularem
799 2341 1230 2396 observationem
1279 2345 1560 2410 meruerit,
1617 2353 1678 2398 ut
1720 2345 1835 2399 hate
1872 2360 2000 2414 pro-

421 2428 550 2484 inde
573 2431 806 2500 insignis
831 2432 1039 2501 epocha
1089 2432 1275 2498 fuerit,
1321 2436 1540 2488 tametsi
1586 2437 1731 2489 nulla
1772 2436 1892 2504 ejus
1941 2437 1997 2490 in

419 2520 792 2575 monumentis
819 2531 1061 2576 veterum
1092 2525 1354 2577 memoria
1398 2526 1656 2594 supersit.
1703 2528 1879 2596 Atque
1907 2528 1998 2582 ille

422 2609 639 2664 demum
673 2626 850 2666 annus
873 2620 998 2667 ante
1025 2613 1320 2682 Troianum
1339 2615 1609 2670 excidium
1628 2619 1994 2683 centesimus;

419 2709 546 2769 post
572 2702 950 2770 migrationem
979 2719 1042 2758 ex
1095 2703 1350 2775 Egypto,
1398 2706 1808 2764 ducentesimus
1850 2710 1999 2765 vice-

419 2790 595 2846 simus
647 2793 912 2862 septimus
972 2802 1189 2862 putatur
1219 2796 1273 2848 in
1325 2804 1512 2851 nostra
1542 2797 1924 2870 Chronologia,
1965 2817 1996 2855 a

420 2897 531 2951 quo
554 2881 680 2950 jure
713 2883 930 2952 quidem
966 2882 1218 2939 Sotbiaca
1250 2871 1504 2956 periodus
1527 2889 1771 2944 inchoari
1798 2892 1992 2961 potuit.

495 2973 634 3028 Hinc
671 2975 805 3029 illud
850 2974 1138 3046 Porphyrii
1185 2978 1323 3031 libro
1344 2979 1419 3032 De
1461 2989 1614 3032 antro
1653 2984 1998 3052 nympharum

419 3068 563 3122 idem
626 3065 962 3123 Vendelinus
1019 3070 1261 3139 exponit,
1326 3086 1451 3124 cum
1509 3073 1584 3125 ait
1633 3072 1919 3145 JEgyptios
1967 3092 1998 3129 a

417 3160 654 3223 Cancro,
681 3160 759 3213 uti
805 3157 1080 3215 Romanos
1137 3177 1165 3214 a
1213 3162 1569 3231 Capricorno,
1607 3181 1808 3220 annum
1862 3167 1999 3221 inci-

419 3264 584 3319 pere,
615 3257 776 3318 atque
818 3249 886 3303 ab
941 3258 1134 3304 exortu
1184 3224 1420 3307 Sothios.
1485 3224 1801 3323 Αἰέίυπτίοις
1851 3257 1994 3328 ἀρχὴ
2023 3224 2065 3280 C

422 3339 580 3402 ἔτους
611 3339 708 3408 οὐχ
742 3339 1042 3410 ’Υδροχόος,
1078 3340 1152 3403 ὡς
1195 3340 1501 3413 Ῥωμαίοις,
1533 3343 1666 3396 ἀλλὰ
1701 3346 1992 3415 Καρκίνος.

419 3430 571 3502 Πρὸς
599 3430 706 3504 γὰρ
732 3430 809 3500 τῷ
839 3431 1096 3501 Καρκίνῳ
1129 3434 1160 3502 ἡ
1196 3433 1386 3498 Σῶθις,
1411 3436 1474 3506 ἢν
1508 3435 1683 3498 Κυνὸς
1720 3436 1923 3506 ἀστέρα
1947 3438 1997 3490 οἱ

421 3525 681 3596 Ἔλληνές
725 3543 875 3594 φασι.
911 3528 1194 3598 Νουμηνία
1227 3529 1270 3582 δ’
1315 3531 1496 3594 αὐτοῖς
1530 3534 1562 3602 ἡ
1614 3531 1837 3596 ΣώΘεως
1869 3533 2000 3587 ἀνα-

417 3617 566 3688 τολὴ,
627 3618 890 3686 γενέσεως
946 3619 1291 3689 κατάρχουσα
1336 3622 1432 3690 τῆς
1490 3624 1568 3686 εἰς
1619 3623 1710 3676 τὸν
1771 3624 1994 3694 κόσμον.

429 3707 726 3779 «fASgyptii
756 3725 959 3763 annum
989 3711 1279 3764 ordiuntur
1310 3728 1416 3766 non
1443 3713 1511 3766 ab
1527 3713 1785 3784 Aquario,
1805 3726 1863 3769 ut
1889 3714 2000 3771 Ro-

420 3801 568 3853 mani
591 3819 604 3866 ;
629 3801 722 3854 sed
749 3816 776 3854 a
795 3801 1022 3855 Cancro.
1038 3801 1174 3857 Huic
1190 3804 1330 3858 enim
1351 3805 1503 3858 aﬂixa
1521 3804 1701 3860 Sotbis
1713 3814 1814 3873 est,
1834 3823 1998 3878 quam

419 3889 586 3947 Canis
622 3894 835 3947 stellam
863 3894 1034 3950 Graeci
1064 3896 1684 3953 nominant.Estautem
1709 3899 1844 3968 ipsis
1862 3899 2000 3955 Neo-

420 3985 600 4038 menia
635 3983 867 4041 Sotheos
910 3996 1159 4050 exortus,
1194 4005 1315 4058 qua:
1358 3991 1564 4044 mundo
1605 3992 1998 4060 procreationis

421 4070 637 4129 iniiium
658 4075 827 4131 dedit.
865 4097 883 4129 ι
921 4077 1021 4132 ilic
1051 4079 1117 4133 de
1147 4080 1306 4134 initio
1337 4079 1534 4135 Cancri
1572 4082 1720 4152 loqui
1752 4082 1995 4138 videtur.

421 4156 602 4229 Quare
637 4174 846 4235 tempus
866 4167 993 4222 illud
1019 4170 1360 4238 potissimum
1400 4171 1668 4241 intelligit,
1693 4187 1802 4240 quo
1828 4180 1987 4227 ortus

421 4261 697 4313 cosmicus
728 4258 856 4312 Sirii
886 4260 938 4314 in
963 4261 1160 4316 Cancri
1199 4261 1530 4331 principium
1562 4262 1817 4316 incurrit.
1863 4261 2004 4328 Quo-

421 4351 568 4404 eirea
599 4389 612 4412 ,
649 4350 716 4414 si,
759 4360 818 4405 ut
863 4351 1060 4408 Sextus
1103 4352 1412 4423 Empiricus
1452 4360 1506 4407 et
1559 4353 1868 4409 Macrobius
1902 4355 2001 4409 do-

425 4449 574 4504 cent,
608 4440 1046 4497 dodecatemoria
1061 4444 1293 4512 primum
1325 4459 1391 4499 ex
1423 4444 1801 4500 observatione
1832 4446 2001 4499 stellae

2095 1968 2461 2037 aequinoctiali
2491 1969 2574 2023 vel
2599 1969 2983 2038 aaquidistante
3000 1969 3208 2024 circulo
3226 1969 3548 2040 designatur
3570 1987 3668 2040 per

2096 2062 2316 2114 coluros
2343 2074 2372 2111 a
2395 2059 2582 2112 mundi
2614 2062 2740 2129 polo
2772 2075 2868 2129 per
2908 2068 3159 2115 centrum
3207 2062 3378 2116 stellae
3407 2061 3666 2132 trajectos

2098 2151 2164 2202 ad
2214 2150 2674 2219 aequinoctialem.
2731 2149 2881 2205 Hanc
2927 2153 2973 2206 si
3029 2152 3332 2222 sequimur,
3385 2153 3666 2222 aliquanto

2096 2241 2260 2294 etiam
2293 2241 2634 2296 commodius
2660 2242 2885 2309 incidet,
2912 2251 3128 2296 utanno
3158 2245 3274 2307 illo,
3309 2260 3468 2314 quem
3500 2260 3667 2314 supra

2098 2330 2444 2388 deﬁnivimus
2507 2340 2585 2387 tot
2641 2348 2823 2387 rerum
2879 2349 3152 2389 concursu
3217 2336 3664 2399 memorabilem.

2097 2425 2480 2496 aequinoctium
2520 2426 2576 2479 in
2619 2436 2772 2496 parte
2807 2425 2873 2479 15
2904 2427 3203 2496 contingat.
3238 2425 3372 2482 Nam
3417 2428 3666 2482 ascensio

2097 2524 2246 2572 recta
2269 2519 2499 2588 partium
2526 2517 2798 2572 invenitur
2832 2517 2955 2582 516,
2980 2532 3121 2571 anno
3143 2517 3348 2588 periodi
3369 2515 3477 2574 Jul.
3500 2518 3664 2583 5150,

2097 2610 2171 2664 ita
2202 2619 2261 2663 ut
2293 2611 2674 2678 aequinoctium
2703 2611 2926 2680 praecise
2961 2610 3014 2664 in
3047 2611 3276 2682 gradum
3303 2611 3370 2666 15
3397 2611 3665 2668 incurrat.

2096 2699 2257 2753 Anno
2301 2715 2428 2754 vero
2465 2697 2837 2755 Nabonassari
2884 2700 3062 2769 primo
3103 2699 3312 2769 periodi
3358 2698 3466 2756 Jul.
3501 2701 3664 2764 596⁵1,

2098 2791 2351 2847 ascensio
2401 2799 2549 2845 recta
2602 2793 2837 2861 partium
2890 2799 3007 2846 erat
3048 2791 3172 2858 552,
3217 2791 3332 2858 εἰς
3364 2799 3668 2863 octavoque

2097 2883 2226 2938 inde
2257 2881 2424 2952 gradu
2456 2882 2838 2952 aequinoctium
2869 2882 3049 2938 ﬁebat.

2168 2975 2294 3030 [hec
2325 2976 2594 3046 posterior
2620 2974 2907 3031 methodus
2937 2977 3107 3040 priori
3131 2994 3238 3032 non
3267 2988 3334 3033 eo
3362 2979 3537 3034 solum
3566 2993 3669 3034 no-

2099 3068 2245 3122 mine
2274 3067 2613 3137 przel‘erenda
2643 3068 2810 3132 venit,
2847 3069 2993 3138 quod
3015 3071 3260 3125 eamdem
3286 3087 3409 3124 cum
3444 3071 3536 3125 illa
3566 3086 3668 3142 op-

2100 3162 2490 3230 portunitatem
2518 3159 2770 3222 aﬂerens,
2816 3159 2920 3216 hoc
2957 3161 3119 3217 habet
3157 3163 3399 3233 insuper,
3438 3174 3496 3217 ut
3533 3161 3668 3234 Hip-

2099 3251 2285 3321 parchi
2319 3260 2692 3320 veterumque,
2744 3264 2811 3303 eo
2859 3262 3028 3316 teste,
3075 3253 3271 3306 rationi
3324 3253 3498 3323 magis
3537 3269 3667 3307 con-

2099 3350 2357 3400 sentanea
2385 3344 2478 3408 sit,
2509 3344 2602 3399 sed
2628 3345 2788 3399 etiam
2823 3345 2967 3416 quod
2999 3344 3127 3398 illud
3160 3343 3398 3404 exhibet,
3432 3354 3491 3398 ut
3516 3345 3664 3399 circa

2096 3435 2465 3492 Nabonassari
2518 3439 2779 3506 epocham
2836 3439 2890 3491 in
2937 3444 3181 3491 octavam
3237 3436 3665 3491 dodecatemorii

2097 3539 2303 3598 partem
2328 3531 2715 3600 aequinoctium
2744 3535 3031 3600 competat.
3065 3526 3191 3584 Haac
3217 3529 3360 3583 enim
3395 3545 3461 3582 ex
3487 3529 3666 3582 omni-

2099 3619 2202 3674 bus
2230 3619 2429 3673 usitata
2470 3619 2704 3674 maxime
2735 3634 2798 3674 ac
2826 3619 3040 3688 longius
3083 3619 3150 3672 ad
3180 3625 3430 3688 posteros
3465 3632 3665 3688 propa-

2100 3721 2222 3782 gata
2249 3711 2465 3765 videtur
2488 3710 2694 3780 opinio,
2724 3726 2844 3780 quae
2872 3710 3122 3765 cardines
3144 3709 3352 3764 octavis
3382 3709 3665 3780 signorum

2098 3802 2347 3872 partibus
2379 3802 2621 3872 illigahat
2655 3802 2836 3873 :quod
2871 3801 3004 3856 adeo
3031 3801 3132 3856 sub
3178 3801 3462 3856 exordium
3507 3800 3669 3865 nobi-

2098 3895 2321 3949 lissima:
2343 3895 2489 3950 illius
2512 3911 2634 3950 tera:
2661 3895 3015 3950 constitutum
3046 3911 3076 3948 a
3106 3893 3371 3950 Chaldaeis
3403 3893 3458 3948 in
3490 3891 3669 3964 Baby;

2100 3987 2246 4041 lonia
2279 3987 2451 4044 fuisse
2483 3987 2609 4058 jure
2641 3988 2912 4059 suspicari
2957 3988 3100 4053 licet,
3147 3987 3382 4058 indeque
3411 3985 3479 4040 ad
3509 3993 3671 4042 caete-

2099 4093 2194 4133 ros
2225 4093 2501 4134 manasse.
3265 4089 3268 4091 ’

2168 4169 2488 4224 Ammianus
2532 4168 2880 4225 Marcellinus
2926 4170 3062 4225 libro
3089 4166 3276 4235 XXVI,
3319 4167 3411 4223 ubi
3441 4166 3509 4222 de
3542 4165 3671 4222 his-

2101 4266 2258 4312 sexto
2283 4259 2414 4327 agit,
2440 4243 2680 4316 indicare
2701 4261 2917 4316 videtur
2946 4262 3003 4315 in
3031 4261 3232 4315 Arietis
3253 4257 3494 4316 secunda
3516 4265 3671 4328 parte

2101 4348 2378 4403 cardinem
2414 4358 2669 4404 ροηδίέὶΐθ
2697 4367 2760 4406 ει
2797 4359 3238 4405 astronomorum
3273 4356 3515 4404 veterum
3540 4363 3671 4402 sen-

2103 4438 2304 4501 tentia;
2337 4455 2460 4492 nam
2502 4439 2791 4504 Melonem,
2830 4439 3233 4505 Euctemonem,
3271 4437 3664 4509 Hipparchum,

421 4534 750 4603 cujuspiam,
781 4541 836 4589 et
859 4535 1283 4592 succedentibus
1308 4536 1694 4592 ascensionum
1733 4537 1994 4607 gradibus

2100 4538 2154 4585 et
2207 4529 2582 4584 Archimedem
2640 4538 2927 4593 recenset,
2989 4538 3042 4584 et
3094 4546 3296 4584 annum
3365 4536 3670 4584 vertentem

421 4623 672 4694 aequabili
703 4623 996 4693 partitione
1019 4627 1319 4680 constituta
1335 4634 1484 4688 sunt,
1511 4628 1589 4680 uti
1619 4628 1800 4696 capite
1818 4629 1995 4698 primo

421 4713 796 4778 meminimus,
836 4715 1014 4784 potuit
1058 4731 1156 4785 per
1194 4715 1330 4770 illud
1370 4725 1584 4788 tempus
1619 4718 1684 4772 ab
1721 4717 1995 4789 Egyptiis

423 4804 598 4873 prima
621 4804 711 4858 illa
760 4806 939 4859 notari
979 4807 1133 4860 stella
1185 4806 1408 4872 Arietis,
1451 4809 1520 4862 ab
1547 4823 1718 4878 eaque
1751 4824 1998 4879 segmen-

422 4904 602 4950 torum
657 4897 854 4951 divisio
925 4899 1247 4967 procedere;
1326 4915 1390 4953 ac
1458 4908 1572 4954 tum
1645 4903 1701 4954 in
1760 4901 1998 4955 medium

423 4988 586 5056 primi
621 4987 1043 5043 dodecatemorii
1092 5004 1318 5043 vernum
1361 4991 1748 5061 aequinoctium
1792 4992 1999 5046 incide-

423 5091 543 5138 ret:
578 5085 743 5154 quod,
777 5085 946 5140 semel
971 5085 1041 5139 ab
1082 5085 1191 5140 illis
1219 5086 1521 5153 decretum,
1553 5089 1622 5142 ad
1660 5090 1866 5160 aliquot
1898 5104 2000 5144 sre-

422 5176 546 5229 cula
609 5186 961 5248 pr0pagatum
1014 5177 1200 5240 fuerit,
1236 5178 1411 5234 donec
1453 5181 1796 5250 μετάπτωσις
1833 5183 2001 5236 stellae

424 5267 585 5322 istius
616 5268 672 5321 in
722 5269 1118 5338 consequentia
1162 5269 1402 5324 discerni
1447 5273 1702 5327 sensibus
1754 5281 1940 5342 posset
1981 5291 1996 5328 :

421 5372 486 5411 ac
509 5359 827 5426 singillatim
849 5358 1164 5425 duodecim,
1193 5367 1340 5424 octo,
1375 5377 1490 5427 sex,
1519 5371 1825 5432 quatuorve
1856 5371 2000 5419 tem-

423 5450 647 5517 poribus
665 5452 1011 5524 ἁναφορικοῖς
1021 5453 1414 5523 aequinoctium
1438 5461 1826 5518 anteveaferet.
1848 5453 2002 5510 Unde

422 5542 660 5596 varietas
687 5542 775 5596 illa
805 5545 1204 5599 sententiarum
1237 5559 1404 5614 super
1441 5544 1729 5599 cardinum
1758 5561 2002 5600 momen-

423 5632 495 5686 tis
550 5644 727 5686 ortum
780 5635 1034 5689 habuerit
1067 5637 1306 5692 :etenim
1355 5637 1518 5706 primi
1573 5636 2002 5692 dodecatemorii

425 5724 580 5778 initio
611 5726 928 5788 constituto,
969 5736 1170 5783 caetera
1218 5729 1480 5798 deinceps
1529 5728 1788 5798 aequabili
1828 5729 2000 5798 parti-

427 5815 574 5871 tione
602 5817 866 5874 distincta.
881 5825 1050 5881 sunt;
1086 5834 1151 5872 ex
1188 5834 1297 5887 quo
1329 5817 1536 5874 factum
1579 5828 1682 5886 est,
1713 5817 1908 5887 reliqui
1940 5826 2000 5871 ut

703 5911 971 5972 PATBOL.
1003 5911 1122 5972 Gn.
1150 5911 1318 5974 XIX.

2097 4619 2366 4689 explicat,
2414 4639 2434 4670 ι
2462 4629 2521 4674 ιιι
2567 4622 2730 4676 verbo
2765 4629 2957 4687 tenus,
3013 4621 3060 4674 si
3124 4635 3155 4674 a
3194 4618 3435 4675 secunda
3489 4617 3669 4673 elatus

2097 4710 2298 4766 Arietis
2342 4711 2408 4764 ad
2451 4727 2570 4767 eam
2623 4711 2963 4768 dimensione
3017 4712 3238 4768 redierit
3287 4710 3601 4774 terminata,
3641 4726 3664 4760 ι

2097 4820 2258 4874 quem
2303 4803 2583 4860 cardinem
2616 4806 2861 4876 proxime
2908 4813 3035 4860 ante
3088 4803 3415 4859 nominarat.
3461 4800 3670 4857 Circuli

2100 4896 2241 4966 apud
2276 4897 2532 4968 antiquos
2565 4899 2620 4952 in
2643 4907 2826 4968 partes
2863 4897 3144 4968 sexaginta
3173 4892 3583 4955 dividebantur,
3606 4900 3670 4945 ut

2101 5003 2266 5058 supra
2299 4991 2620 5046 memoravi.
2648 4989 2787 5061 Ergo
2821 4990 3054 5067 singulis
3085 4985 3540 5043 dodecatemoriis
3567 4983 3671 5037 im-

2101 5090 2303 5148 putatae
2336 5091 2464 5136 sunt
2495 5081 2772 5152 quinque,
2823 5096 3055 5151 quarum
3098 5091 3436 5148 unaquaeque
3468 5074 3669 5146 gradus

2103 5172 2398 5229 hodiernos
2445 5175 2679 5230 habebat
2717 5191 2832 5230 sex.
2877 5174 3060 5244 Itaque
3113 5180 3342 5240 octavus
3388 5169 3671 5240 signorum

2101 5265 2302 5334 gradus
2347 5266 2415 5321 ad
2468 5267 2765 5323 secundam
2814 5266 3141 5338 pertinebat.
3178 5263 3291 5318 Hoc
3329 5271 3512 5316 utrum
3563 5257 3673 5315 sibi

2101 5357 2335 5412 voluerit
2369 5360 2712 5422 Ammianus,
2744 5359 3092 5430 cogitandum
3125 5357 3360 5427 amplius
3389 5361 3492 5409 est.

2173 5455 2342 5508 Porro
2370 5452 2599 5506 Metonis
2626 5459 2680 5506 et
2706 5450 2913 5506 Eudoxi
2939 5463 3202 5519 tempore,
3239 5463 3361 5501 eum
3380 5445 3492 5514 jam
3517 5442 3674 5497 stella

2105 5544 2278 5615 prima
2308 5543 2510 5596 Arietis
2539 5541 2777 5596 Piscium
2811 5537 3076 5610 graduum
3105 5537 3198 5603 29,
3227 5549 3401 5605 eoque
3431 5531 3670 5602 amplius

2104 5635 2394 5705 attigisset,
2424 5634 2527 5688 hoc
2569 5642 2654 5687 est
2692 5630 3026 5685 tricesimum
3063 5629 3194 5691 fere,
3230 5624 3480 5682 ascensio
3517 5628 3667 5675 recta

2104 5727 2370 5796 graduum
2416 5732 2536 5779 erat
2574 5725 2679 5779 5‘57
2714 5723 2976 5780 fere-.sic
3028 5728 3091 5775 ut
3139 5719 3192 5774 in
3243 5725 3499 5788 quartum
3547 5711 3678 5766 inde

2104 5818 2331 5891 gradum
2360 5819 2744 5887 aequinoctium
2771 5817 3007 5876 caderet.
3041 5811 3301 5870 Ascensio
3326 5814 3508 5862 autem
3536 5801 3678 5860 obli-

3359 5902 3436 5964 1:3
