4124 6422
475 353 614 410 1555

1453 356 1544 412 AD
1583 357 1852 412 EUSEBII
1887 355 2284 414 CHRONICON
2325 359 2690 416 APPEN-DIX.

3571 363 3714 420 1556

470 485 578 541 qua
615 469 844 525 Athenis
869 469 982 526 fere
1005 471 1130 537 552,
1167 471 1432 544 Heliopoli
1459 475 1564 527 555
1591 475 1814 530 circiter
1839 495 1852 530 :
1881 485 2044 545 alque
2069 483 2119 538 Α
2145 477 2432 532 collocavit
2465 498 2478 533 :
2507 479 2562 532 in
2608 492 2784 548 eoque
2823 476 3158 547 pertinacius
3197 475 3467 532 obluctari
3511 481 3714 536 institit

471 561 576 618 hoc
611 570 770 632 pacto
807 564 892 618 vel
931 565 990 618 in
1027 573 1224 634 quarto
1261 565 1430 634 gradu
1461 567 1682 632 Arietis,
1731 569 1815 622 vel
1861 569 1914 622 in
1954 584 2041 624 se-

468 655 662 724 ptimo,
692 656 808 724 [aut
855 663 1049 710 octavo
1093 657 1352 710 collocari
1403 659 1578 726 potuit
1628 661 2038 730 aequinoctium.

471 743 712 810 Quarum
753 747 1066 816 opinionum
1107 749 1332 818 vestigia
1387 750 1442 802 in
1487 751 1854 820 scriptoribus
1898 753 2040 806 anti-

471 840 596 908 quis
627 848 680 893 et
715 841 1190 909 parapegmalibus
1225 851 1546 896 occurrunt.

542 929 783 985 Tandem
828 931 1090 1000 singulari
1137 935 1490 989 astronomiae
1519 934 1664 990 bono
1694 932 2038 1004 Hipparchus

469 1023 680 1076 exstitit
707 1037 722 1076 :
747 1023 904 1092 cujus
933 1031 1176 1094 tempore
1221 1025 1378 1080 stella
1409 1025 1598 1082 eadem
1635 1025 1835 1080 Arietis
1859 1027 2038 1096 prima

471 1114 526 1168 in
550 1113 976 1168 dodecatcmorii
1000 1115 1160 1185 primi
1185 1115 1397 1170 zodiaci
1427 1125 1583 1186 parte
1611 1119 1848 1188 amplius
1873 1119 2036 1174 tertia

467 1207 794 1262 versabatur
827 1226 842 1261 :
873 1207 1142 1277 siquidem
1195 1223 1340 1264 anno
1367 1211 1576 1281 periodi
1605 1210 1714 1265 Jul.
1751 1211 1891 1266 4552
1921 1221 2038 1266 erat

467 1299 526 1354 in
556 1299 760 1354 Arietis
789 1300 844 1364 5,
873 1300 919 1354 9'
941 1301 1184 1366 circiter,
1211 1303 1464 1358 ascensio
1491 1311 1638 1357 recta
1671 1305 1726 1357 in
1753 1303 1874 1372 ipso
1899 1319 2036 1372 prae-

467 1394 582 1448 cise
599 1401 802 1462 puncto
827 1409 1004 1448 verme
1023 1395 1303 1459 sectionis,
1323 1411 1520 1465 nempe
1540 1396 1772 1466 partium
1787 1395 1910 1458 559,
1930 1395 2034 1450 58'.

466 1485 609 1555 Ergo
638 1487 730 1542 ille
762 1502 871 1555 prae
899 1488 1112 1541 caeteris
1135 1488 1334 1543 solaris
1365 1487 1744 1543 conversionis
1782 1487 2037 1541 cardines

467 1579 602 1648 ipsus
643 1579 1118 1648 aequinoctialibus
1169 1579 1648 1635 intersectionibus
1693 1595 1757 1634 ac
1801 1581 2038 1635 circulo-

467 1684 588 1722 rum
645 1669 989 1725 contactibus
1053 1672 1292 1725 asseruit
1341 1691 1354 1724 :
1407 1671 1552 1742 quod
1601 1671 1781 1738 idem,
1845 1671 2036 1741 paucis

465 1763 728 1831 exceptis,
775 1761 1195 1818 mathematicos
1242 1778 1434 1818 omnes
1483 1763 1741 1832 antiquos
1791 1763 2036 1818 tenuisse

2145 567 2408 624 adversus
2457 568 2754 639 Hipparchi
2798 569 3256 638 astmnomizeque
3299 571 3536 638 placita:
3573 574 3712 628 adeo

2143 660 2384 730 quidem,
2423 672 2483 716 ut
2513 661 2670 716 Bedaa
2693 677 2910 732 quoque
2939 662 3300 731 temporibus,
3331 677 3395 715 ac
3423 663 3708 736 deinceps,

2141 753 2285 808 idem
2321 755 2682 822 perseverarit
2719 769 2894 820 error,
2940 753 3088 822 quod
3135 753 3284 808 illius
3317 753 3708 810 Kalendarium

2140 845 2316 908 docet,
2361 846 2418 900 in
2447 861 2556 915 quo
2581 857 2704 900 octo
2733 845 2844 900 fere
2885 846 3078 900 diebus
3117 853 3244 901 ante
3271 847 3616 916 aequinoctia,
3655 855 3712 904 et

2141 937 2374 991 solstitia
2417 938 2548 992 solis
2587 937 2640 990 in
2671 938 2826 1006 signa
2865 938 3122 992 introitus
3167 939 3483 994 ascribitur.
3529 939 3710 1010 Atque

2137 1025 2254 1080 haec
2279 1033 2362 1082 est
2389 1041 2420 1082 e
2446 1027 2660 1082 duabus
2683 1028 2851 1083 altera
2871 1030 3014 1082 ratio
3037 1029 3334 1084 secundum
3367 1045 3530 1100 quam
3560 1034 3710 1086 acci-

2137 1118 2266 1172 dere
2309 1119 2554 1188 potuisse
2595 1119 2856 1182 dir-imus,
2897 1129 2957 1171 ut
3001 1120 3070 1174 ab
3127 1121 3477 1176 astronomiae
3515 1123 3706 1191 peritis

2137 1211 2245 1262 alio
2295 1209 2347 1262 in
2389 1211 2584 1278 gradu,
2613 1225 2776 1278 quam
2803 1213 2856 1262 in
2899 1211 3074 1278 primo
3115 1209 3702 1274 dodecatemoriorum,

2137 1301 2391 1354 cardines
2421 1299 2584 1354 deﬁxi
2616 1301 2744 1354 sint.
2781 1297 3074 1369 Postquam
3101 1299 3245 1354 enim
3273 1309 3328 1352 et
3363 1315 3426 1370 ex
3467 1301 3706 1370 plurium

2138 1391 2508 1460 antiquorum,
2551 1397 2609 1443 ιιι
2629 1388 2970 1458 Hipparchus
2997 1399 3295 1452 asseverat,
3327 1365 3616 1456 sententia,
3650 1399 3706 1444 et

2137 1483 2430 1554 Hipparchi
2465 1483 2638 1552 ipsius
2671 1484 2996 1538 auctoritate
3028 1483 3324 1536 constituta
3359 1497 3447 1536 res
3487 1491 3592 1547 est,
3625 1484 3702 1536 uti

2137 1579 2419 1648 signorum
2449 1576 2809 1632 cardinalium
2843 1576 2998 1630 initia
3030 1577 3098 1630 ab
3139 1561 3484 1646 aequinoctiis
3515 1577 3706 1632 solsti-

2135 1669 2341 1738 tiisque
2373 1667 2728 1730 ducerentur,
2759 1683 2882 1722 cum
2913 1667 2966 1720 id
2993 1674 3172 1722 tamen
3197 1667 3340 1738 vulgi
3375 1683 3438 1722 ac
3469 1669 3706 1722 rustico-

2139 1775 2257 1812 rum
2288 1775 2352 1813 ex
2383 1759 2580 1815 animis
2613 1751 2924 1828 extorqueri
2951 1775 3058 1814 non
3092 1769 3296 1829 posset,
3327 1759 3462 1830 quin
3493 1761 3706 1815 octavis

467 1855 788 1920 conﬁrmat;
837 1865 1026 1910 contra
1079 1871 1240 1926 quam
1283 1849 1529 1926 plerique
1585 1871 1652 1910 ex
1691 1857 1810 1926 ipsa
1865 1856 2032 1910 etiam
2067 1825 2110 1880 Β
2137 1849 2189 1903 in
2223 1850 2491 1920 partibus,
2530 1859 2623 1903 aut
2660 1851 2806 1914 aliis,
2845 1865 3006 1919 quam
3038 1850 3092 1903 in
3131 1849 3344 1918 primis,
3376 1851 3702 1920 :rquiuoctia

466 1943 786 2014 antiquitate
816 1945 1078 2000 sentiunt.
1119 1944 1184 1997 At
1223 1945 1296 1998 illi
1329 1946 1456 2016 ipsi,
1488 1945 1582 2016 qui
1613 1945 1742 2000 alibi
1779 1959 1942 2014 quam
1977 1945 2032 1998 in

465 2035 746 2106 signorum
775 2035 948 2092 initiis
979 2037 1234 2090 cardines
1259 2035 1684 2102 constituerunt,
1715 2051 1824 2090 non
1851 2037 1944 2102 ita,
1973 2041 2034 2088 ut

468 2125 709 2198 Scaliger
749 2126 1047 2182 arbitratur
1087 2127 1177 2197 (de
1219 2141 1328 2197 quo
1377 2142 1478 2181 nos
1509 2133 1698 2196 postea
1739 2127 2030 2194 dicemus),

463 2234 578 2276 rem
603 2219 749 2274 illam
773 2219 1250 2282 administrarunt,
1281 2225 1341 2273 ut
1375 2225 1568 2273 octavo
1595 2218 1770 2273 aliove
1800 2223 1922 2288 post
1951 2217 2034 2270 in-

465 2309 820 2365 tersectiones
861 2310 948 2366 vel
981 2315 1269 2364 contactus
1313 2309 1485 2377 gradu
1533 2308 1650 2362 ﬁeri
1685 2307 2030 2378 mquinoctia,

465 2401 550 2456 vel
581 2401 814 2457 solstitia
847 2400 1140 2466 sentirent,
1173 2399 1270 2456 sed
1303 2400 1402 2466 ita,
1439 2407 1500 2454 ut
1541 2401 1762 2456 eosdem
1807 2401 2030 2472 gradus,

465 2508 607 2564 quos
649 2493 741 2547 alii
785 2492 1345 2549 dodecatemoriorum
1389 2493 1599 2564 primos
1645 2507 1768 2548 esse
1811 2492 2030 2557 vellent,

467 2585 570 2654 ipsi
605 2590 830 2640 octavos
860 2599 892 2638 a
921 2583 1121 2654 primo,
1161 2583 1394 2654 exempli
1436 2598 1624 2650 causa,
1665 2581 2028 2636 nominarent.

469 2675 697 2746 Utrique
722 2691 847 2732 vero
889 2691 999 2731 non
1038 2675 1193 2741 alibi,
1243 2690 1404 2746 quam
1453 2676 1510 2730 in
1539 2675 1866 2728 circulorum
1909 2689 2034 2726 συν-

467 2771 652 2838 αφαῖς,
683 2776 736 2823 et
757 2767 1252 2832 commissionibus,
1281 2767 1727 2838 aequinoctiorum
1759 2779 1822 2819 ac
1849 2766 2034 2820 solsti-

467 2860 666 2916 tiorum
692 2867 893 2930 puncta
921 2859 1176 2914 ﬁxerunt.

539 2953 620 3009 Ex
647 2969 754 3025 quo
787 2953 864 3019 id,
895 2953 1110 3022 opinor,
1153 2951 1375 3018 accidit,
1418 2957 1478 3004 ut
1509 2949 1577 3004 ab
1609 2949 1858 3020 ingressu
1901 2949 2034 3004 solis

466 3052 522 3106 in
543 3049 699 3120 signa
721 3044 1109 3117 aequinoctium
1134 3051 1188 3098 et
1215 3044 1508 3100 solstitium
1533 3053 1822 3114 utrumque
1845 3051 2032 3113 postea

466 3139 909 3209 distingueretur.
945 3135 1025 3189 Ita
1057 3133 1200 3189 enim
1235 3133 1376 3204 apud
1403 3131 1725 3198 Varronem,
1757 3131 2031 3188 Columel-

466 3232 594 3292 lam,
624 3229 884 3292 Plinium,
915 3224 1191 3290 Ovidium,
1236 3231 1290 3281 et
1321 3225 1376 3280 in
1407 3223 1750 3282 Kalendariis
1791 3225 2029 3296 antiquis

466 3321 804 3386 observabis,
855 3328 1017 3388 atque
1051 3318 1106 3373 in
1135 3333 1202 3374 eo
1223 3315 1370 3389 quod
1397 3333 1465 3373 ex
1505 3317 1614 3373 illis
1639 3316 2030 3371 concinnatum

466 3415 755 3476 edidimus,
789 3413 892 3467 hoc
919 3413 973 3466 in
997 3425 1162 3482 opere
1181 3411 1330 3482 (pag.
1361 3407 1476 3479 60).
1497 3405 1579 3463 lbi
1607 3407 1754 3464 enim
1783 3407 1918 3464 solis
1943 3408 2030 3462 in-

467 3505 667 3562 troitus
699 3503 754 3560 in
782 3503 936 3574 signa
985 3503 1287 3558 cardinalia
1331 3509 1526 3557 octavo
1572 3500 1794 3556 circiter
1825 3499 1916 3558 die
1941 3515 2033 3570 po-

466 3597 616 3664 nUur
641 3603 768 3652 ante
801 3595 1138 3666 aequinoctia
1185 3593 1558 3667 solstitiaque;
1589 3599 1704 3648 tum
1725 3591 1914 3648 eadem
1945 3607 2034 3648 ra-

467 3688 615 3742 tione
643 3685 850 3756 reliqua
873 3685 930 3740 in
961 3686 1117 3755 signa
1148 3685 1282 3740 solis
1325 3686 1610 3756 ingressus
1647 3683 2030 3740 antevertitur.

465 3777 622 3844 Quod
663 3778 822 3834 etiam
875 3775 1166 3847 rhapsodia
1217 3777 1309 3836 illa
1353 3777 1600 3847 sequitur
1655 3775 1760 3833 sub
1813 3775 2036 3830 nomine

469 3870 742 3925 Ptolemaei
783 3883 815 3923 a
860 3869 1100 3926 Leonico
1127 3868 1320 3926 Latine
1361 3871 1600 3940 primum
1637 3869 1805 3935 edita,
1837 3869 1893 3922 in
1925 3881 2034 3937 qua

467 3969 650 4016 tamen
683 3959 824 4016 inter
843 3958 1152 4030 ingressum
1179 3958 1336 4022 solis,
1367 3967 1422 4014 et
1453 3957 1787 4028 aequinoctia
1817 3971 1882 4010 ac
1925 3955 2034 4012 sol-

467 4053 638 4119 stitia,
676 4065 787 4106 non
828 4051 971 4106 idem
1018 4057 1337 4106 constanter
1363 4049 1714 4106 intervallum
1749 4048 2030 4104 statuitur.

467 4145 538 4199 At
585 4146 638 4199 in
671 4157 738 4199 eo
774 4141 1048 4199 Ptolemaei
1088 4140 1542 4222 libro'(paj¢152),
1585 4155 1748 4211 quem
1797 4143 2034 4210 primum

466 4235 756 4299 edidimus,
783 4233 1100 4290 uniusmodi
1125 4233 1414 4289 cardinum
1446 4248 1622 4304 genus
1661 4242 1746 4288 est
1779 4231 1846 4287 ad
1875 4247 2036 4286 accu-

467 4327 723 4382 ratiorem
755 4332 1198 4381 astronomorum
1227 4323 1496 4378 calculum
1527 4330 1800 4386 exactum,
1825 4330 1878 4378 et
1905 4319 2033 4376 Pto-

467 4419 638 4474 lemmi
673 4417 873 4473 smculo
895 4431 1226 4486 congruens.

2135 1949 2188 1994 et
2211 1941 2444 1996 solstitia
2474 1941 2738 1996 committi
2767 1942 3072 2008 crederent,
3109 1941 3358 1996 nonnihil
3383 1942 3449 1996 ab
3475 1941 3696 1996 artiﬁci-

2134 2033 2238 2088 bus
2267 2033 2534 2104 indulgeri
2573 2035 2818 2104 opinioni
2847 2035 2924 2088 illi
2949 2034 3144 2104 potuit.
3173 2033 3441 2100 Quocirca
3481 2035 3576 2104 qui
3603 2051 3700 2088 ru-

2135 2127 2360 2182 sticanis
2429 2127 2742 2184 hominibus
2813 2127 3185 2198 ephemeridas
3253 2135 3309 2182 et
3374 2127 3700 2182 Kalcndaria

2135 2219 2478 2286 scribebant,
2521 2228 2582 2274 ut
2623 2235 2813 2276 eorum
2867 2221 3050 2290 captui
3092 2229 3253 2290 atque
3305 2221 3498 2274 usibus
3541 2221 3704 2275 obse-

2137 2317 2454 2380 querentur,
2500 2322 2624 2366 ante
2655 2313 2772 2366 dies
2817 2313 2962 2378 illos,
2994 2327 3132 2382 quos
3177 2313 3320 2368 veris
3365 2319 3458 2366 aut
3503 2312 3700 2366 mediis

2135 2403 2451 2458 cardinibus
2493 2404 2886 2467 attribuerunt,
2941 2404 3199 2460 introitus
3243 2403 3299 2458 in
3353 2405 3508 2474 signa
3563 2403 3700 2458 solis

2135 2495 2428 2550 adnotasse
2447 2496 2718 2551 videntur.
2748 2497 2924 2567 Atque
2949 2497 3051 2551 hoc
3083 2497 3148 2552 de
3175 2497 3438 2567 Sosigene
3467 2513 3698 2566 przeser—

2135 2586 2231 2640 tim
2277 2588 2546 2654 suspicari
2593 2591 2884 2644 convenit:
2917 2589 3074 2658 cujus
3123 2605 3189 2644 ex
3241 2589 3396 2644 lastis
3447 2589 3698 2643 hausisse

2135 2685 2359 2748 apparet
2397 2679 2488 2732 illa
2533 2677 2854 2746 Varronem,
2887 2679 3176 2751 Hyginum,
3220 2678 3496 2743 Ovidium,
3533 2679 3702 2734 Colu-

2133 2769 2370 2832 mellam,
2411 2779 2462 2824 et
2487 2768 2740 2836 Plinium,
2773 2787 2892 2840 quae
2915 2777 3038 2825 cu‘ln
3069 2771 3344 2826 communi
3383 2771 3508 2834 ista,
3535 2786 3700 2841 quam

2135 2857 2269 2922 dixi,
2305 2859 2662 2928 persuasione
2709 2861 2774 2914 ab
2809 2861 3002 2916 iisdem
3045 2869 3411 2916 consentanea
3455 2861 3700 2932 produn-

2134 2959 2242 3005 tur.
2276 2949 2380 3004 Sed
2405 2967 2581 3020 neque
2601 2951 2913 3022 Sosigenes,
2937 2969 3116 3024 neque
3139 2963 3384 3008 veterum
3407 2955 3698 3023 quisquam

2134 3057 2200 3094 eo
2231 3042 2411 3106 modo,
2445 3057 2604 3112 quem
2637 3042 2810 3109 ﬁnxit,
2845 3059 2908 3097 ac
2939 3045 3216 3100 nonnullis
3245 3046 3494 3116 probavit
3519 3044 3698 3100 Scali-

2135 3146 2248 3200 ger,
2283 3132 2756 3200 aquinoctiorum,
2787 3135 3255 3206 solstitiorumque
3299 3147 3572 3190 momenta
3609 3136 3698 3190 di-

2137 3223 2302 3276 vulsit
2347 3223 2415 3277 ab
2469 3224 2749 3294 signorum
2809 3226 3168 3296 ingressibus,
3233 3234 3292 3281 ut
3333 3227 3436 3282 hos
3487 3228 3702 3282 scilicet

2133 3321 2462 3383 praepostere
2503 3323 2630 3368 ante
2669 3316 2758 3368 illa
2789 3325 3032 3385 poneret.
3073 3315 3228 3382 Quod
3261 3325 3320 3370 ut
3359 3332 3466 3370 non
3505 3318 3700 3378 semel,

2132 3405 2208 3458 ita
2235 3419 2344 3459 non
2369 3407 2588 3474 saepius,
2619 3421 2782 3476 quam
2813 3423 3038 3462 necesse
3077 3419 3179 3471 est,
3211 3407 3296 3462 his
3329 3411 3385 3462 in
3417 3409 3569 3462 libris
3607 3425 3700 3462 rc-

2131 3495 2402 3566 petimus;
2434 3511 2498 3550 ac
2513 3513 2582 3551 ne
2613 3497 2744 3567 quid
2771 3498 3028 3570 deinceps
3057 3501 3416 3556 lizcsitationis
3452 3513 3546 3556 aut
3567 3518 3702 3556 con-

2131 3589 2409 3644 troversiae
2451 3597 2638 3656 restet,
2680 3591 2928 3661 sequenti
2971 3593 3150 3662 capite
3189 3595 3489 3664 pleniorem
3535 3595 3702 3664 hujus

2131 3680 2208 3736 rei
2245 3679 2421 3736 ideam
2449 3680 2630 3738 facere
2660 3683 3006 3738 conabimur.

2749 3795 2979 3852 CAPUT
3017 3795 3082 3852 ν.

2135 3883 2488 3958 "lustrantur
2511 3887 2720 3941 uberius
2753 3890 3088 3958 antiquorum
3117 3892 3389 3943 sententia:
3423 3889 3488 3944 de
3517 3891 3698 3942 cardi-

2201 3955 2354 4010 nibus
2379 3959 2566 4030 annuis
2586 3973 2604 4020 ,'
2622 3974 2702 4030 ne
2723 3955 2937 4012 docetur
2959 3967 3144 4012 contra
3175 3960 3520 4030 Scaligernm,
3561 3977 3700 4014 nun-

2201 4041 2360 4098 quam
2389 4027 2544 4098 abiis
2577 4027 2724 4092 alibi,
2750 4046 2906 4098 quam
2941 4030 2992 4082 in
3022 4027 3340 4082 circulorum
3367 4032 3697 4084 commissio-

2204 4096 2379 4170 nibus,
2406 4097 2535 4170 illos
2567 4111 2676 4170 esse
2695 4096 3041 4170 constitutos;
3078 4111 3184 4152 tum
3209 4101 3271 4153 de
3301 4099 3587 4170 Sosigeuis,
3619 4101 3696 4154 rel

2205 4165 2344 4219 Julii
2391 4165 2624 4238 ϐαθείῃ-ξε
2671 4169 3002 4238 (equinoctiis
3056 4186 3118 4221 ac
3164 4165 3441 4225 solstitiis.-
3483 4169 3698 4223 Servius

2205 4245 2468 4311 notatur._
2497 4237 2686 4302 Varro,
2730 4237 2952 4294 Plinius
2999 4240 3270 4306 explicati.
3305 4241 3570 4311 Sosigenis
3615 4242 3700 4294 in-

2205 4309 2528 4364 constantia.

2205 4418 2282 4472 Ex
2315 4419 2382 4476 iis
2421 4435 2542 4490 quae
2585 4421 2650 4476 de
2690 4421 2888 4476 annuis
2921 4427 3164 4476 veterum
3207 4421 3526 4476 cardinibus
3563 4423 3702 4476 satis

537 4507 736 4564 Verum
766 4515 828 4562 ut
853 4505 922 4562 ab
947 4505 1352 4576 antiquioribus
1380 4505 1712 4560 astronomis
1745 4511 1892 4558 recte
1921 4503 2028 4557 is“!
2063 4510 2107 4566 ι)
2135 4513 2318 4582 longa,
2339 4515 2432 4568 sed
2459 4515 2768 4570 necessaria
2799 4515 3167 4585 disputatione
3193 4516 3458 4585 complexi
3484 4531 3700 4578 sumus,

467 4601 609 4671 ipsa,
651 4613 816 4669 quam
851 4599 1228 4669 exposuimus,
1277 4595 1533 4650 methodo
1561 4596 1840 4666 signorum
1877 4593 2034 4647 initia

468 4701 594 4746 ante
643 4689 942 4744 cardinalia
989 4695 1190 4757 puncta
1255 4687 1470 4742 deﬁniri
1518 4693 1811 4756 potuerunt
1867 4685 1936 4756 (si
1979 4682 2034 4737 id

467 4791 652 4836 tamen
680 4791 811 4834 vere
837 4778 906 4832 ab
943 4777 1054 4832 illis
1083 4778 1392 4833 institutum
1420 4776 1552 4843 fuit;
1584 4777 1652 4832 de
1690 4791 1798 4846 quo
1839 4776 2034 4830 dubios

467 4886 570 4926 nos
601 4869 894 4939 Hipparchi
937 4868 1239 4922 auctoritas
1289 4867 1485 4937 facit):
1533 4867 1606 4922 ita
1657 4875 1781 4936 post
1810 4865 2036 4936 Hippar-

467 4965 629 5018 chum
675 4959 956 5028 dcinceps,
993 4974 1064 5013 ex
1113 4973 1299 5014 errore
1347 4959 1750 5029 imperitiaque,
1785 4957 1928 5012 idem
1977 4957 2036 5012 in

465 5057 612 5125 vulgi
645 5069 752 5109 usu
797 5065 860 5106 ac
887 5051 1160 5107 sententia
1190 5051 1412 5106 resedit.
1453 5049 1592 5105 Cum
1619 5049 1768 5106 enim
1803 5047 2034 5118 Hippar-

467 5149 605 5204 chus
637 5144 962 5216 iequinoctia
1005 5144 1060 5198 in
1107 5144 1312 5200 mutuis
1357 5145 1688 5198 sectionibus
1731 5143 1938 5198 zodiaci
1983 5150 2036 5198 et

467 5242 868 5314 aequinoctialis
907 5241 1101 5298 circuli
1141 5241 1366 5305 ﬁxisset,
1421 5241 1654 5296 solstitia
1699 5243 1756 5294 in
1803 5241 2034 5302 zodiaci,

467 5335 913 5405 tropicorumque
967 5333 1346 5400 contactibus,
1401 5349 1510 5388 uua
1565 5349 1691 5388 cum
1755 5335 2036 5404 signorum

468 5425 828 5482 eardinalium
873 5425 1180 5498 principiis,
1223 5426 1360 5480 adeo
1391 5433 1450 5480 ut
1486 5425 1812 5496 aequinoctia
1855 5426 1910 5478 in
1941 5439 2036 5480 eos

469 5517 586 5572 dies
640 5519 942 5580 caderent,
1015 5519 1108 5588 qui
1163 5517 1348 5572 Martii
1413 5533 1582 5580 xxw,
1651 5525 1707 5571 et
1785 5515 2036 5586 Septem-

469 5608 584 5664 bris
632 5625 782 5666 xxvu
812 5611 1244 5682 respondebant;
1287 5611 1522 5668 solstitia
1549 5626 1680 5666 vero
1701 5609 1848 5664 Junii
1883 5627 2034 5674 xxvi,

467 5707 522 5754 et
568 5699 876 5757 Decembris
923 5719 1090 5770 xxiv;
1135 5705 1330 5773 vulgus
1379 5711 1490 5756 tam
1541 5703 1816 5758 sectiones
1865 5703 2034 5772 ipsas,

469 5805 632 5864 quam
683 5791 835 5849 initia
875 5793 1176 5868 signorum,
1213 5801 1339 5852 ante
1389 5793 1508 5850 dies
1549 5802 1675 5850 octo
1705 5799 2068 5880 praepostere_

2131 4619 2348 4662 summa
2379 4605 2484 4661 ista
2506 4606 2798 4660 conﬁcitur
2824 4625 2836 4660 :
2861 4607 3114 4676 antiquos
3137 4617 3484 4662 astronomos
3503 4607 3700 4677 majori

2131 4715 2200 4754 ex
2239 4705 2394 4768 parte
2445 4698 2680 4752 solstitia
2731 4705 2786 4752 et
2838 4699 3160 4768 aequinoctia
3207 4700 3342 4768 ipsis
3387 4701 3704 4768 assignasse

2132 4790 2698 4845 dodecatemoriorum
2735 4789 3042 4859 principiis,
3070 4799 3182 4844 tam
3217 4791 3270 4843 in
3303 4791 3700 4860 aequinoctiali,

2137 4881 2258 4935 sive
2297 4879 2556 4950 parallelo
2585 4879 2818 4942 circulo,
2855 4895 3019 4949 quam
3053 4881 3109 4934 in
3145 4882 3392 4944 zodiaca,
3421 4887 3482 4933 ut
3511 4891 3704 4934 auctor

2133 4979 2217 5026 est
2246 4969 2500 5040 princeps
2529 4969 2648 5038 ejus
2679 4970 2814 5024 artis
2845 4969 3186 5040 Hipparchus
3211 4973 3359 5040 (pag.
3397 4969 3520 5034 104,
3551 4971 3702 5040 105).

2135 5061 2458 5130 Quicunque
2497 5076 2661 5130 porro
2697 5063 2892 5116 mediis
2937 5063 3132 5130 signis,
3163 5065 3244 5118 vel
3279 5063 3490 5116 octavis
3535 5064 3706 5132 parti-

2135 5153 2262 5214 bus,
2293 5166 2356 5206 ac
2389 5153 2624 5214 caeteris,
2655 5151 2908 5206 cardines
2945 5153 3336 5218 attribuerunt,
3377 5169 3474 5208 eos
3511 5170 3706 5210 omnes

2135 5245 2210 5298 ita
2247 5243 2486 5298 circulos
2531 5225 2656 5298 esse
2685 5244 2936 5314 partitos,
2989 5253 3048 5298 ut
3075 5245 3491 5300 intersectioncs
3531 5246 3706 5314 tequi-

2137 5323 2304 5390 noctii
2335 5343 2388 5390 et
2415 5335 2646 5400 zodiaci,
2679 5335 2763 5390 vel
2785 5335 2947 5402 hujus
2969 5345 3022 5388 et
3053 5337 3388 5405 tropieorum
3413 5345 3706 5392 contactus

2137 5429 2206 5480 iis
2243 5427 2294 5480 in
2341 5427 2621 5497 signorum
2657 5426 2918 5496 gradibus
2953 5427 3164 5490 ﬁerent,
3215 5436 3416 5497 quotus
3457 5428 3708 5498 aequino-

2137 5517 2263 5570 ClllS
2299 5517 2656 5586 solstitiisque
2687 5515 3050 5585 prmﬁscrant.
3095 5516 3252 5581 Quod
3297 5527 3478 5570 autem
3523 5527 3706 5572 astro-

2139 5609 2286 5662 nomi
2316 5625 2526 5672 omnes,
2557 5609 2650 5678 qui
2687 5607 2906 5678 quidem
2945 5609 3072 5662 alibi
3107 5625 3270 5678 quam
3305 5610 3478 5664 initiis
3519 5609 3708 5677 signo-

2139 5715 2258 5755 rum
2287 5701 2540 5757 cardines
2565 5701 2911 5770 alﬁngebaut,
2937 5711 3062 5754 ante
3091 5702 3366 5756 sectiones
3391 5711 3708 5756 contactus-

2139 5809 2245 5864 que
2295 5794 2648 5860 circulorum,
2702 5793 2803 5848 hoc
2845 5801 2932 5850 est
2979 5793 3310 5866 aequinoctia
3375 5801 3428 5850 et
3473 5793 3708 5849 solstitia
