4124 6410
397 398 531 452 1557

1178 386 1632 445 DISSERTATIO
1655 387 1744 441 DE
1782 385 1969 442 ORTU
2013 384 2098 438 ET
2133 379 2406 438 OCCASU
2447 377 2772 434 SIDERUPJ.

3490 377 3629 433 1558

395 512 616 585 ἀκριϐῆ,
653 511 1212 567 dodecatemoriornm
1253 522 1476 563 suorum
1505 506 1775 576 principia
1807 519 1967 572 cape-
1995 507 2040 563 Α
2070 500 2307 555 artiﬁces
2349 499 2420 552 ila
2465 501 2897 560 consueverant;
2933 499 3027 546 aut
3073 507 3259 547 eorum
3293 492 3536 561 exempla
3573 493 3628 545 in

397 614 540 668 rent,
591 607 931 659 demonstrat
986 603 1329 673 Hipparchus
1382 601 1476 653 lib.
1524 600 1568 659 I,
1623 611 1851 652 numero
1896 596 1962 658 Χ,

398 697 490 750 ubi
517 697 894 751 australiorem
921 694 1327 750 succedentium
1364 692 1419 744 in
1452 691 1714 743 laterculo
1743 690 1968 757 majoris

400 788 554 842 Ursae
599 788 758 841 sitam
811 788 885 841 ait
936 803 1058 841 esse
1105 801 1170 839 ex
1227 784 1462 852 legitima
1507 784 1788 851 signorum
1831 781 1969 833 divi-

397 880 570 946 sione,
605 895 725 948 qua:
765 880 997 950 tropica,
1043 885 1096 931 et
1125 874 1524 946 aequinoctialia
1555 881 1754 942 puncta
1799 872 1852 923 in
1890 871 1968 924 si-

399 987 630 1040 gnorum
659 973 814 1025 initia
851 969 1082 1033 confert,
1114 972 1171 1022 in
1211 968 1408 1022 Leonis
1429 976 1584 1037 parte
1611 966 1702 1029 25,
1751 973 1969 1018 antece—

398 1062 590 1115 dentes
633 1071 812 1114 autem
857 1059 912 1112 in
949 1058 1138 1112 eodem
1188 1057 1450 1110 laterculo
1479 1056 1534 1109 in
1578 1054 1778 1109 Leonis
1813 1061 1968 1122 parte

399 1154 560 1221 paulo
613 1151 797 1206 minus
841 1149 1028 1212 tertia,
1075 1157 1130 1202 at
1179 1147 1480 1202 secundum
1527 1147 1752 1200 alteram
1795 1145 1967 1199 ratio-

400 1260 548 1306 nem,
605 1258 724 1313 qua:
775 1245 830 1296 in
883 1241 1075 1296 mediis
1130 1241 1302 1310 signis
1351 1240 1602 1294 cardines
1657 1238 1966 1302 constituit,

398 1335 636 1405 priorem
680 1335 733 1387 in
762 1331 1004 1404 Virginis
1044 1341 1199 1401 parte
1248 1331 1489 1396 decima;
1525 1334 1856 1400 posteriores
1912 1329 1969 1384 in

399 1427 644 1497 ejusdem
683 1425 925 1496 Virginis
953 1427 1163 1479 decima
1200 1432 1392 1477 octava
1425 1423 1630 1492 reponi.
1664 1420 1755 1477 Sic
1790 1433 1969 1478 extre.

397 1532 542 1570 mam
590 1517 644 1570 in
691 1516 865 1570 cauda
913 1515 1136 1584 majoris
1183 1511 1358 1572 Ursae.
1403 1529 1470 1568 ex
1519 1515 1797 1567 communi
1837 1513 1971 1567 divi—

397 1608 574 1671 sione,
610 1608 666 1662 in
698 1606 874 1662 Libra
896 1615 1091 1678 quarta
1122 1617 1314 1675 parte:
1347 1621 1412 1660 ex
1445 1606 1756 1674 posteriori,
1783 1613 1836 1661 et
1858 1604 1968 1659 Eu-

398 1698 573 1753 doxea
605 1699 659 1753 in
693 1699 1070 1754 decimanona.

2068 605 2269 644 annum
2299 605 2458 644 suum
2488 586 2786 641 transferre
2816 585 2892 637 illi
2932 583 3255 638 voluissent.

2133 704 2208 758 De
2235 699 2549 770 hujusmodi
2577 698 2724 753 aditu
2760 697 2895 752 solis
2934 696 2999 750 ad
3029 695 3184 765 signa
3210 708 3318 747 non
3345 691 3533 747 eodem
3563 690 3632 743 ab

2067 793 2324 849 omnibus
2356 799 2596 858 tempore
2629 787 2806 842 deﬁxo
2851 784 3263 854 imperitissime
3310 781 3535 834 Servius
3574 781 3632 831 in

2068 883 2476 940 Commentario
2514 880 2581 933 ad
2626 879 2668 932 II
2732 877 2930 947 Georg.
2977 895 2994 927 ‹
3027 874 3171 930 Sane
3211 874 3512 932 sciendum,
3560 873 3637 924 in-

2069 978 2206 1046 quit,
2255 987 2444 1027 omnes
2491 969 2795 1039 astrologos
2822 981 2921 1036 pro
2953 965 3164 1019 ratione
3200 964 3479 1019 climatum
3517 960 3634 1015 dis-

2071 1069 2276 1123 sentire
2316 1065 2370 1119 in
2405 1072 2525 1118 ortu
2575 1062 2814 1118 siderum
2845 1079 2859 1113 :
2894 1058 2988 1114 sed
3032 1058 3150 1127 ipsa
3185 1054 3461 1110 dissensio
3491 1053 3635 1106 ultra

2073 1164 2279 1228 septem
2309 1155 2426 1209 dies
2455 1168 2567 1208 non
2611 1150 2892 1222 procedit;
2928 1155 3137 1219 septem
3171 1145 3314 1200 enim
3354 1148 3484 1198 sunt
3517 1143 3637 1211 ipsa

2073 1250 2313 1305 climata.
2355 1245 2495 1300 Hinc
2522 1251 2607 1300 est
2631 1241 2777 1313 quod
2804 1241 2972 1296 solem
3005 1239 3071 1293 ad
3096 1233 3520 1306 unumquodque
3559 1233 3637 1287 si-

2071 1357 2237 1414 gnum
2272 1339 2362 1393 alii
2387 1335 2794 1408 quintodecimo
2827 1332 3056 1388 Kalend.
3089 1331 3178 1386 die
3203 1329 3392 1384 dicunt
3415 1327 3633 1391 venire,

2073 1434 2164 1488 alii
2208 1429 2650 1502 quartodecimo,
2706 1426 2796 1480 alii
2836 1418 2977 1479 in'l‘ra
3026 1437 3200 1493 usque
3247 1420 3314 1475 ad
3350 1428 3631 1484 octavum;

2071 1541 2174 1582 nec
2201 1524 2489 1594 quisquam
2525 1519 2769 1593 procedit
2811 1517 3081 1572 ulterius:
3118 1535 3134 1565 ι
3170 1529 3291 1585 qua:
3319 1519 3450 1569 sunt
3481 1512 3638 1566 bonae

2071 1617 2274 1670 mentis
2305 1612 2641 1668 inanissima.

2132 1727 2206 1784 Ut
2233 1727 2300 1782 de
2345 1739 2489 1780 anno
2514 1722 2728 1777 Juliano
2773 1720 2917 1791 quod
2955 1716 3331 1790 explicandum
3386 1721 3636 1785 superest

470 1814 682 1870 Rursus
708 1830 858 1869 num.
897 1813 991 1868 XII
1028 1814 1218 1869 scribit
1250 1820 1582 1886 postremam
1607 1820 1661 1867 et
1691 1812 1965 1867 Iucidissi-
1999 1853 2042 1908 Β
2073 1819 2373 1881 absolvam,
2395 1817 2616 1887 quinam
2645 1815 2762 1868 dies
2791 1811 3044 1867 ineundis
3070 1827 3098 1864 a
3131 1810 3244 1865 sole
3265 1808 3636 1884 cardinalibus

400 1921 566 1969 mam,
598 1920 718 1975 quae
750 1914 832 1960 est
869 1904 924 1958 in
951 1912 1192 1959 extrema
1224 1905 1398 1959 cauda
1425 1904 1654 1958 minoris
1685 1901 1859 1966 Ursae,
1893 1903 1969 1958 si-

399 2004 511 2048 tam
549 2010 672 2050 esse
694 1995 748 2048 in
790 1995 959 2065 gradu
993 1993 1232 2049 Piscium
1266 1994 1351 2060 18,
1384 2001 1442 2048 ιιι
1473 2002 1654 2049 autem
1688 1993 1967 2047 zodiacum

399 2084 594 2139 dividit
636 2085 915 2151 Eudoxus,
947 2085 1001 2138 in
1031 2084 1230 2139 Arietis
1272 2085 1440 2154 gradu
1471 2085 1654 2139 tertio.
1687 2084 1856 2154 Igitur
1893 2085 1970 2137 si-

403 2195 634 2250 gnorum
687 2178 842 2233 initia
884 2177 1141 2234 Eudoxus
1197 2179 1397 2248 aliique
1448 2186 1659 2233 veteres
1704 2175 1973 2245 anti‘cipa-

401 2272 555 2326 baut.
588 2269 642 2324 In
670 2271 774 2326 hoc
805 2269 1102 2342 Ilipparcbi
1127 2271 1248 2324 Ioco
1281 2269 1538 2323 mendum
1582 2277 1686 2335 est,
1718 2268 1864 2338 quod
1905 2283 1968 2322 ex

403 2363 711 2418 certissima
765 2362 1083 2432 conjectura
1151 2361 1493 2416 sustulimus.
1552 2358 1774 2430 Legitur
1828 2359 1973 2414 enim

404 2464 514 2507 tam
564 2455 619 2507 in
671 2467 911 2515 excuso,
969 2467 1132 2522 quam
1185 2452 1240 2505 in
1286 2433 1793 2520 scripto,codice§
1834 2450 1893 2502 '0
1919 2450 1976 2502 δὲ

403 2545 631 2608 Εὕδοξος
653 2545 852 2616 διαιρεῖ
876 2543 966 2597 τὸν
997 2541 1257 2606 ζωδιακὸν
1284 2542 1480 2595 κύκλον
1512 2542 1652 2596 κατὰ
1679 2543 1774 2613 τὴν
1795 2547 1842 2610 γ’
1864 2541 1973 2612 μοί.

404 2635 500 2689 τοῦ
545 2635 749 2706 Κρίου,
781 2650 881 2706 pro
916 2635 1114 2705 quibus
1162 2635 1571 2690 rescribendum
1610 2639 1805 2690 merito
1848 2626 1980 2688 cen-

407 2727 622 2782 suitnus
648 2747 661 2782 :
689 2726 764 2791 ὡς
785 2727 842 2780 δὲ
867 2726 1090 2793 Εὔδοξος
1117 2727 1314 2797 διαιρεῖ
1335 2727 1426 2779 τὸν
1463 2727 1725 2791 ζωδιακὸν
1746 2724 1945 2780 κύκλον
1961 2744 1974 2756 ·

407 2818 569 2882 κατὰ,
595 2829 725 2884 etc.,
753 2818 898 2890 quod
926 2818 1216 2872 manifeste
1246 2819 1516 2872 sententia
1551 2819 1738 2888 exigit.
1764 2818 1979 2873 Gradus

405 2909 648 2965 Piscium
699 2909 946 2964 decimus
993 2919 1242 2976 octavus,
1292 2917 1375 2964 est
1414 2909 1616 2964 Arietis
1665 2911 1883 2974 tertius,
1932 2910 1980 2968 si

406 3001 612 3058 Arietis
658 3001 874 3073 signum
938 3016 968 3056 a
1021 3001 1428 3073 quintodecimo
1491 3009 1618 3056 ante
1681 3004 1980 3060 sectionem

409 3101 583 3172 gradu
612 3108 932 3171 computare
961 3101 1217 3171 coeperis.

476 3217 603 3275 Haec
631 3232 739 3274 non
765 3218 999 3274 obscure
1019 3223 1310 3281 testantur,
1336 3217 1688 3285 aequinoctia,
1718 3227 1771 3272 et
1796 3216 1978 3272 solsti-

413 3312 490 3366 tia
535 3325 816 3381 nunquam
864 3309 991 3364 alibi
1042 3309 1110 3363 ab
1163 3307 1566 3378 antiquioribus
1619 3309 1973 3376 astronomis,

415 3419 579 3474 quam
611 3404 666 3457 in
708 3402 912 3456 mutuis
937 3401 1267 3455 circulorum
1300 3400 1658 3466 sectionibus,
1697 3407 1751 3454 et
1786 3401 1980 3455 tactio-

415 3495 578 3550 nibus
625 3495 890 3549 collocata
937 3493 1130 3559 fuisse,
1182 3506 1321 3563 quas
1366 3502 1570 3546 octava;
1623 3493 1707 3548 vel
1756 3491 1981 3548 decima:

410 3586 618 3657 quinta:
657 3587 941 3656 signorum
986 3587 1150 3654 parti,
1190 3585 1277 3640 vel
1307 3585 1430 3638 aliis
1475 3572 1853 3655 imputabant:
1881 3600 1983 3640 nec

413 3687 635 3732 octavas
665 3677 811 3738 illas,
841 3683 1137 3732 caeterasve
1167 3683 1350 3745 partes
1384 3677 1452 3730 ab
1483 3676 1981 3745 mquinoctialibus,

414 3778 510 3826 aut
562 3769 940 3825 solstitialibus
987 3769 1204 3838 punctis
1258 3783 1382 3824 esse
1435 3777 1770 3824 numeratas.
1824 3768 1982 3834 Quod

415 3857 716 3930 Scaligero,
755 3869 809 3914 et
845 3860 1118 3930 plerisque
1151 3860 1271 3914 aliis
1297 3861 1512 3929 placere
1554 3859 1742 3926 video;
1788 3876 1852 3915 ac
1887 3876 1984 3930 pro

413 3966 695 4025 comperto
719 3956 923 4025 passim
960 3955 1171 4010 haberi.
1207 3954 1347 4010 llinc
1375 3956 1520 4011 enim
1549 3955 1865 4026 Sosigenem
1887 3955 1986 4011 Ju-

415 4047 658 4117 liumque
689 4047 960 4103 Cmsarem
1000 4048 1338 4102 arbitrantur
1369 4049 1422 4102 in
1454 4058 1678 4104 octavos
1718 4048 1987 4104 Kalenda-

413 4155 536 4194 rum
568 4139 684 4193 dies
726 4139 854 4194 anni
893 4138 978 4194 sui
1029 4139 1332 4207 conjecisse
1380 4139 1664 4205 cardines;
1697 4147 1753 4193 ut
1787 4141 1840 4193 in
1876 4137 1985 4193 Ka-

413 4230 605 4284 lendas
640 4231 790 4300 ipsas
818 4229 1223 4285 succedentium
1249 4230 1517 4285 mensium
1549 4239 1754 4284 octava:
1788 4231 1988 4302 signo-

415 4335 537 4373 rum
573 4328 756 4390 partes
785 4319 1105 4382 inciderent,
1147 4319 1201 4372 in
1232 4320 1433 4388 quibus
1485 4321 1833 4389 aequinoctia,
1871 4321 1982 4374 sol-

415 4412 672 4482 stitiaque
713 4411 982 4465 committi
1034 4410 1202 4480 prisci
1252 4425 1444 4464 omnes
1492 4412 1732 4465 artiﬁces
1777 4411 1989 4482 Opinati

2075 1911 2246 1983 signis
2269 1926 2337 1964 ex
2358 1907 2490 1962 Julii
2511 1906 2768 1969 Caesaris,
2803 1904 2919 1958 sive
2955 1901 3239 1972 Sosigenis
3268 1899 3487 1954 decreto
3507 1911 3640 1967 prae-

2075 2005 2250 2058 stituti
2282 2002 2394 2058 sint
2436 2001 2493 2055 in
2536 1998 2866 2054 Kalendario
2895 1994 3135 2058 Juliano,
3177 2007 3284 2045 non
3330 1999 3440 2045 tam
3481 1988 3640 2043 facile

2076 2095 2225 2148 dictu
2268 2099 2377 2156 est,
2417 2106 2580 2162 quam
2613 2089 2802 2144 haberi
2828 2088 2992 2157 vulgo
3015 2087 3192 2139 video.
3228 2081 3362 2136 Nam
3392 2079 3640 2151 plerique

2078 2184 2257 2238 llartii
2284 2199 2394 2238 xxv
2439 2181 2827 2252 aequinoctium
2867 2193 3095 2232 vernum
3132 2191 3162 2228 a
3191 2173 3406 2229 Caesare
3441 2169 3642 2225 consti-

2079 2283 2258 2331 tutum
2285 2289 2408 2330 esse
2428 2278 2654 2328 censent
2678 2289 2692 2324 :
2721 2269 3017 2326 solstitium
3041 2267 3290 2322 aestivum
3315 2279 3441 2318 xxrv
3459 2261 3639 2328 Junii;

2078 2365 2464 2440 mquiuoctium
2493 2362 2806 2420 autumnale
2834 2376 2963 2414 xxrv
2991 2357 3365 2428 Septembris;
3400 2353 3645 2408 brumale

2080 2459 2317 2529 denique
2347 2455 2642 2512 solstitium
2682 2469 2790 2507 xxv
2819 2449 3155 2511 Decembris,
3183 2449 3367 2502 omnia
3400 2447 3454 2500 in
3492 2453 3645 2499 octa-

2079 2553 2164 2607 vis
2195 2549 2486 2605 Kalendas.
2529 2544 2610 2602 Ita
2658 2560 2724 2600 ex
2768 2542 3066 2598 Columella
3102 2542 3194 2594 lib.
3227 2537 3320 2602 IX,
3353 2553 3474 2607 cap.
3501 2534 3643 2599 XIV,

2081 2650 2134 2698 et
2172 2643 2266 2696 lib.
2297 2639 2394 2703 XI,
2431 2654 2551 2710 cap.
2577 2637 2619 2692 ll
2669 2634 2975 2708 colligitur;
3020 2633 3226 2688 diserte
3272 2645 3406 2683 vero
3435 2628 3644 2682 Plinius

2081 2733 2174 2790 lib.
2213 2728 2381 2788 XVIII
2437 2745 2558 2800 cap.
2601 2727 2747 2782 XXV
2788 2735 2842 2780 et
2885 2723 3097 2780 XXVIII
3151 2721 3202 2778 id
3249 2720 3499 2777 allirmat.
3533 2717 3647 2772 lloc

2081 2825 2245 2880 modo
2293 2822 2635 2878 intervallum
2684 2820 2752 2874 ab
2789 2817 3116 2888 aequinoctio
3146 2830 3318 2870 verno
3369 2815 3434 2868 ad
3473 2813 3631 2868 solsti

2083 2919 2242 2981 tium,
2274 2916 2485 2971 dierum
2517 2921 2600 2969 est
2629 2913 2920 2983 xcrﬁaltero
2952 2911 3186 2966 termino
3212 2909 3456 2970 excluso,
3487 2923 3516 2961 a
3541 2905 3648 2961 solr

2086 3011 2234 3067 stitio
2277 3009 2344 3063 ad
2395 3006 2783 3078 :equinoctium
2822 3004 3161 3062 autumnale.
3194 3016 3326 3063 xcu,
3359 2999 3426 3054 ab
3476 2997 3638 3067 aequi-

2083 3103 2269 3158 noctio
2290 3098 2589 3155 autumnali
2617 3095 2802 3152 itidem
2823 3111 2932 3150 xcn
2969 3095 3034 3149 ad
3066 3093 3307 3149 brumale
3333 3091 3645 3148 solstitium.

2016 3181 2059 3239 C
2091 3193 2230 3248 Ilinc
2276 3191 2343 3246 ad
2392 3203 2620 3245 vernum
2665 3187 3082 3257 aequinoctium,
3125 3183 3244 3239 dies
3290 3198 3376 3238 xc.
3411 3181 3486 3236 Ita
3529 3181 3646 3238 dies

2081 3287 2417 3357 colliguntur
2447 3282 2577 3338 anni
2608 3282 2775 3338 totius
2807 3294 3030 3335 cccuv.

2122 3410 2318 3488 'Atqui
2360 3415 2478 3470 haec
2511 3414 2630 3484 ipsa
2681 3411 2969 3466 cardinum
3013 3406 3297 3464 intervalla
3328 3421 3437 3461 non
3475 3403 3646 3460 Varro

2083 3512 2284 3570 solum.
2319 3507 2439 3572 sed,
2471 3506 2617 3577 quod
2655 3505 2853 3558 mirum
2904 3509 3008 3564 est,
3054 3499 3264 3554 Plinius
3315 3499 3427 3567 ipse
3472 3497 3647 3566 capite

2085 3605 2178 3658 illo
2203 3599 2348 3656 XXV
2387 3599 2510 3654 libri
2540 3595 2706 3652 XVIII
2738 3597 2898 3666 longe
2931 3594 3090 3648 aliter
3117 3592 3351 3662 partitus
3383 3599 3484 3645 est.
3510 3587 3580 3643 Ut
3619 3604 3647 3641 a

2085 3695 2332 3749 Varrone
2385 3691 2609 3754 ordiar,
2675 3689 2767 3744 hic
2823 3689 2877 3742 in
2930 3683 3126 3739 libro!
3178 3683 3254 3737 De
3306 3699 3361 3736 re
3414 3682 3648 3740 rustica.

2083 3803 2208 3856 cap.
2257 3781 2508 3846 XXVIII,
2553 3781 2622 3836 de
2663 3794 2807 3834 anno
2849 3777 3068 3832 Juliano
3097 3775 3355 3845 loquens,
3411 3773 3514 3827 hoc
3564 3779 3649 3826 est

2091 3897 2108 3928 ε
2140 3876 2356 3941 diebus,
2390 3892 2408 3925 ›
2449 3871 2648 3943 inquit,
2687 3887 2706 3920 ε
2735 3867 3012 3930 civilibus,
3038 3865 3131 3935 qui
3174 3880 3320 3918 nunc
3349 3870 3497 3927 sunt,
3531 3881 3550 3914 ι
3581 3865 3650 3916 ab

2085 3964 2416 4040 aequinoctio
2444 3977 2614 4019 verno
2648 3960 2714 4015 ad
2748 3958 3046 4015 solstitium
3085 3964 3340 4011 numerat
3372 3954 3489 4010 dies
3513 3968 3652 4019 :cn;

2084 4062 2213 4116 hinc
2241 4059 2308 4113 ad
2332 4055 2646 4119 autumnale
2673 4050 3082 4123 aequinoctium,
3114 4048 3230 4103 dies
3258 4061 3380 4100 xcvi
3408 4063 3421 4100 :
3453 4044 3521 4100 ab
3548 4043 3654 4098 hoc

2087 4153 2152 4206 ad
2180 4149 2427 4206 brumale
2456 4144 2776 4209 solstitium,
2806 4141 2923 4197 dies
2957 4155 3180 4195 Lxxxtx.
3215 4136 3345 4192 Inde
3385 4135 3454 4190 ad
3481 4137 3652 4205 tequi-

2086 4244 2329 4299 noctium
2375 4255 2602 4296 vernum
2648 4237 2768 4292 dies
2815 4249 3011 4289 Lxxxv.
3071 4231 3280 4285 Desunt
3330 4229 3398 4283 ad
3449 4242 3651 4281 annum

2086 4332 2469 4405 complendum
2509 4331 2626 4386 dies
2664 4337 2797 4383 tres.
2836 4324 2956 4380 Jam
3006 4337 3134 4378 vero
3173 4321 3219 4376 si
3267 4317 3652 4390 aequinoctium

2089 4441 2316 4483 vernum
2355 4425 2654 4480 collocetur
2684 4422 2736 4476 in
2783 4435 2880 4474 vni
2927 4417 3048 4474 Kal.
3082 4416 3236 4486 Apr.,
3266 4415 3370 4470 hoc
3395 4421 3480 4468 est
3511 4412 3654 4466 Mar-

415 4511 564 4559 sunt.
590 4501 705 4556 Dici
741 4501 845 4555 hoc
873 4517 904 4554 a
929 4502 1118 4555 multis
1152 4502 1418 4572 intelligo,
1446 4516 1475 4555 a
1515 4517 1624 4571 quo
1649 4510 1703 4557 et
1738 4518 1839 4557 nos
1875 4503 1980 4572 ipsi
2014 4510 2058 4566 ι)
2087 4521 2148 4574 ui
2177 4535 2304 4582 “v,
2341 4517 2718 4584 addanturque
2746 4511 2864 4565 dies
2898 4523 3028 4574 χρη,
3069 4507 3315 4563 calculus
3350 4504 3563 4560 desinet
3594 4503 3652 4558 in

414 4591 708 4662 aliquando
744 4607 854 4646 non
904 4591 1310 4647 abborruimus.
1360 4592 1466 4647 Sed
1513 4592 1569 4646 id
1613 4593 1834 4648 minime
1863 4608 1986 4648 esse

413 4701 603 4741 verum
653 4701 720 4740 ex
767 4685 1033 4754 superiori
1082 4685 1232 4738 omni
1264 4684 1639 4755 disputatione
1685 4685 1979 4756 colligitur.

415 4783 534 4840 Non
583 4784 727 4838 enim
757 4793 980 4837 octavas
1018 4793 1204 4852 partes
1242 4784 1336 4854 qui
1369 4785 1498 4839 olim
1556 4786 1630 4840 ita
1678 4786 1986 4840 sentiebant

418 4885 541 4946 post
571 4877 848 4946 signorum
888 4875 1158 4939 cardines,
1194 4878 1286 4931 sed
1317 4877 1371 4931 in
1401 4877 1534 4946 ipsis
1565 4878 1882 4933 cardinibus
1913 4879 1987 4933 l0—

416 4969 648 5033 cabant;
677 4969 827 5021 initia
852 4982 978 5020 vero
1008 4967 1288 5036 signorum
1312 4979 1508 5023 octavo
1535 4978 1659 5022 ante
1687 4969 1881 5036 gradu.
1909 4969 1986 5021 Ac

415 5060 482 5114 de
503 5057 724 5112 Juliano
752 5059 968 5128 quidem
1010 5071 1154 5110 anno
1182 5059 1469 5126 perspicua
1500 5075 1587 5113 res
1622 5061 1749 5122 erit,
1786 5061 1832 5114 si
1861 5063 1984 5129 quis

416 5153 562 5206 illius
593 5151 822 5204 formam
855 5165 918 5204 ex
948 5149 1164 5214 Ovidio,
1199 5149 1520 5214 Columella,
1555 5151 1754 5214 Plinio,
1787 5167 1850 5206 ac
1880 5167 1984 5207 cae-

413 5248 546 5301 teris
571 5249 840 5300 aestimare
872 5245 1017 5307 velit,
1045 5260 1075 5298 a
1095 5244 1294 5315 quibus
1315 5252 1398 5299 est
1421 5246 1550 5299 anni
1575 5246 1694 5314 ejus
1724 5262 1983 5316 expressa

411 5340 574 5391 ratio.
608 5338 819 5406 Quippe
852 5337 1156 5406 ingressum
1197 5335 1330 5389 solis
1361 5336 1416 5388 in
1447 5336 1886 5391 dodecatemoria
1915 5337 1996 5392 ad.

411 5437 664 5483 octavum
697 5429 918 5483 circiter
949 5437 1075 5481 aute
1119 5429 1356 5483 solstitia
1393 5436 1447 5482 et
1474 5429 1797 5496 mquinoctia
1839 5427 1982 5482 diem

411 5527 726 5589 apponunt;
760 5534 937 5588 neque
969 5517 1136 5571 fando
1164 5527 1250 5572 est
1294 5518 1561 5571 hactenus
1591 5519 1860 5579 auditum,
1903 5520 1986 5572 ci-

409 5614 512 5664 vile
553 5613 938 5680 aequinoctium
985 5619 1079 5662 aut
1113 5609 1409 5666 solstitium
1445 5610 1496 5662 in
1525 5609 1792 5664 Kalendas
1836 5611 1983 5664 inse-

408 5703 686 5772 quentium
741 5704 1008 5756 mensium
1076 5719 1106 5755 a
1157 5703 1414 5770 Sosigene
1460 5703 1542 5755 vel
1589 5701 1804 5756 Caesare
1857 5691 2000 5760 esse,

408 5801 690 5870 rejectum.
719 5801 871 5868 Quod
895 5802 1119 5857 omnino
1158 5815 1380 5856 necesse
1409 5799 1530 5866 fuit,
1563 5800 1606 5853 si
1641 5807 1735 5854 aut
1764 5807 1975 5854 veteres

2086 4629 2162 4667 vn
2190 4610 2308 4664 Kal.
2337 4608 2532 4670 Julias,
2555 4603 2702 4659 Junii
2731 4619 2864 4666 xxv;
2899 4608 3012 4656 tum
3035 4599 3265 4669 adjectis
3287 4597 3482 4654 diebus
3503 4610 3650 4659 xcvr,

2088 4703 2290 4759 incidet
2334 4698 2720 4770 aequinoctium
2771 4695 2827 4748 in
2879 4691 3214 4762 Septembris
3252 4705 3417 4754 xm;
3468 4688 3654 4743 solsti~

2088 4795 2223 4849 tium
2256 4798 2435 4846 autem
2476 4786 2743 4850 brumale,
2783 4784 2986 4838 additis
3017 4796 3216 4835 Lxxnx
3247 4781 3462 4842 diebus,
3495 4778 3652 4832 cadet

2089 4887 2143 4940 in
2174 4899 2320 4939 xxvn
2355 4879 2704 4944 Decembris;
2741 4876 2936 4944 reliqui
2971 4879 3132 4928 erunt
3163 4871 3231 4925 ad
3259 4884 3463 4926 annum
3494 4883 3651 4922 com-

2086 4977 2341 5048 plendum
2363 4974 2480 5027 dies
2510 4985 2774 5026 Lxxxvm.
2804 4968 2874 5021 At
2900 4965 3071 5020 Varro
3107 4979 3138 5018 a
3159 4964 3354 5018 bruma
3380 4959 3446 5014 ad
3480 4959 3652 5013 Favo-

2086 5071 2237 5124 nium
2269 5067 2386 5120 dies
2416 5079 2538 5129 xcv,
2570 5077 2599 5116 a
2635 5061 2874 5115 Favonio
2907 5059 2974 5112 ad
3009 5055 3395 5126 aequinoctium
3423 5067 3647 5108 vernum

2086 5163 2202 5214 dies
2232 5174 2300 5212 χι.
2344 5162 2661 5226 computat:
2689 5152 2780 5223 qui
2831 5165 2941 5204 non
2992 5149 3176 5218 plures
3218 5143 3454 5206 collecti,
3485 5158 3652 5212 quam

2085 5252 2327 5320 quinque
2373 5256 2426 5302 et
2468 5246 2744 5315 octoginta
2794 5242 3019 5296 faciunt.
3077 5237 3184 5294 Sed
3219 5235 3539 5294 mendosum
3572 5234 3654 5286 vi-

2085 5343 2246 5397 detur
2285 5341 2628 5396 intervallum
2686 5338 2755 5390 ab
2803 5334 3040 5389 solstitio
3080 5331 3270 5385 aestivo
3299 5329 3365 5382 ad
3406 5326 3652 5396 aequino-

2085 5439 2252 5490 ctium
2276 5433 2522 5487 autumni
2545 5449 2559 5496 ;
2592 5429 2738 5499 quod
2766 5435 2961 5496 praeter
2986 5424 3216 5478 aliorum
3240 5420 3484 5474 onmium
3513 5432 3650 5471 con-

2087 5542 2304 5581 sensum
2344 5525 2536 5577 diebus
2564 5536 2683 5574 xcvi
2717 5519 2933 5582 linitur;
2966 5524 3080 5569 tum
3107 5515 3270 5568 etiam
3296 5514 3548 5573 alterum,
3581 5511 3650 5560 ab

2089 5618 2318 5670 hiberno
2355 5613 2593 5668 solstitio
2639 5610 2705 5663 ad
2748 5623 2974 5662 vernum
3001 5643 3017 5667 ,
3063 5602 3207 5672 quod
3239 5602 3390 5670 justo
3427 5599 3650 5654 brevius

2084 5717 2187 5761 est.
2221 5709 2288 5759 At
2313 5722 2438 5760 ecce
2464 5705 2646 5756 turbat
2678 5704 2873 5755 iterum
2899 5699 3094 5762 Varro,
3116 5697 3206 5766 qui
3235 5693 3423 5750 eodem
3474 5690 3654 5758 capite

2086 5813 2252 5853 verno
2302 5797 2530 5863 tempori
2582 5794 2771 5847 tribuit
2821 5792 2940 5846 dies
2985 5803 3093 5852 xei,
3149 5785 3320 5840 πειθιί
3369 5796 3511 5845 xcw,
3559 5794 3654 5831 au-
