4124 6454
439 399 577 465 1559

1446 405 1536 458 AD
1575 401 1840 458 EUSEBII
1879 397 2274 456 CHBONICON
2313 401 2672 457 APPENDIX.

3531 404 3670 460 1:60

437 532 631 576 tumno
661 533 769 583 xei,
793 519 958 573 hiemi
979 527 1231 584 mxxmx;
1265 533 1400 588 quas
1445 518 1664 589 quidem
1709 523 2000 584 tempesta—
2030 518 2076 573 Α
2175 513 2219 566 Α
2249 515 2485 569 solstitio
2521 515 2586 568 ad
2613 513 3003 584 aequinoctium
3041 514 3354 572 autumnale
3383 516 3500 572 dies
3535 533 3668 584 xcn,

437 619 525 666 tes
553 615 679 664 ante
711 608 964 664 cardines
997 609 1144 676 ipsos
1171 607 1356 678 incipit
1390 627 1402 660 :
1431 623 1521 662 ver
1550 621 1580 659 a
1611 606 1868 666 Favonio,
1905 603 1998 672 qui

441 701 653 768 spirare
685 697 876 767 incipit
921 713 986 752 ex
1022 713 1074 751 a.
1130 697 1186 750 d.
1239 713 1314 751 vn
1356 696 1434 750 ld.
1479 694 1640 752 Febr.
1691 695 1760 748 ad
1791 710 1866 747 vu
1919 693 1996 748 ld.

443 791 602 854 Maii;
667 796 910 844 aestatem
973 787 1096 840 inde
1137 786 1205 840 ad
1271 787 1412 840 diem
1467 802 1542 838 vu
1593 785 1666 840 ld.
1725 783 1997 850 Sextiles;

421 889 765 935 autumnum
813 879 882 932 ab
927 878 1032 932 hoc.
1079 878 1167 932 die
1197 877 1264 932 ad
1309 894 1361 931 IV
1403 876 1478 930 Id.
1525 876 1696 938 Nov.;
1729 877 2000 946 reliquum

445 972 608 1028 hiemi
640 971 887 1041 imputat.
921 969 1046 1022 Haec
1087 969 1370 1022 intervalla
1416 970 1462 1023 si
1505 969 1820 1039 singillatim
1851 983 2002 1022 com-

443 1071 621 1134 putes,
649 1061 888 1118 exclusis
928 1061 1206 1130 prioribus
1247 1059 1518 1134 terminis,
1547 1061 1790 1114 invenies
1833 1057 2002 1129 priori

443 1159 560 1215 dies
590 1165 902 1228 competere
931 1169 1017 1208 xc:
1044 1197 1062 1222 _,
1089 1155 1265 1209 aestati
1289 1153 1406 1208 dies
1439 1167 1501 1206 xc
1530 1171 1543 1218 ;
1581 1161 1843 1206 autumno
1885 1151 2001 1206 dies

443 1267 580 1320 xcv;
610 1250 1032 1307 hiemi-Luxu.
1066 1247 1287 1320 Minime
1321 1248 1502 1316 itaque
1526 1246 1628 1300 sibi
1655 1244 2001 1300 consentiens

442 1354 528 1399 est
557 1342 751 1398 Varro.

509 1455 720 1512 Plinius
747 1467 875 1512 vero
893 1455 1076 1511 ‘nlhllo
1107 1457 1278 1528 magis
1307 1469 1538 1510 concors
1579 1461 1663 1509 est
1699 1469 1905 1519 secum,
1949 1462 2004 1508 et

443 1551 564 1617 ejus
593 1549 746 1604 locus
789 1547 1236 1603 manileétissimo
1257 1546 1454 1600 mendo
1485 1553 1718 1600 tenet-ur.
1752 1563 1770 1595 ι
1799 1543 2000 1610 Cardo,

445 1639 644 1708 inquit,
681 1647 990 1708 temporum
1031 1639 1432 1709 quadripartita
1483 1639 1614 1692 anni
1653 1638 2005 1694 distinctione

445 1739 662 1785 constat
723 1747 820 1800 per
884 1731 1220 1786 incrementa
1285 1731 1444 1785 lucis.
1495 1719 1742 1800 Augetur
1801 1731 1916 1787 haec
1973 1747 2004 1786 a

443 1823 659 1884 bruma,
716 1829 769 1878 et
823 1832 1072 1892 aequatur
1117 1822 1374 1877 noctibus
1429 1837 1598 1878 verno
1653 1825 2002 1893 aequinoctio,
2037 1841 2081 1898 Β

443 1914 638 1968 diebus
683 1927 781 1975 xc,
829 1913 978 1967 horis
1015 1929 1097 1976 tu.
1165 1913 1369 1968 Deinde
1407 1923 1629 1984 superat
1691 1925 1880 1971 noctes
1939 1916 2008 1970 ad

446 2005 738 2060 solstitium
767 2004 960 2059 diebus
1006 2018 1157 2070 xcut,
1193 2005 1346 2060 horis
1369 2020 1469 2070 xu,
1514 2020 1688 2074 usque
1726 2005 1794 2059 ad
1835 2005 2007 2075 atqui-

446 2097 686 2150 noctium
729 2096 996 2149 autumni.
1033 2095 1098 2148 Et
1127 2105 1243 2150 tum
1287 2105 1499 2166 aequata
1531 2097 1620 2152 die
1655 2097 1906 2168 procedit
1937 2115 2006 2153 ex

443 2199 511 2239 eo
557 2183 624 2238 ad
673 2185 924 2238 brumam
973 2184 1166 2240 diebus
1201 2199 1426 2250 Lxxxtx,
1459 2186 1612 2242 horis
1642 2202 1724 2241 ιιι.
1761 2208 1778 2241 ι
1818 2187 1878 2243 1η
1919 2189 2004 2246 his
2061 2241 2068 2246 .

445 2275 626 2330 verbis
669 2275 1009 2330 desideratur
1039 2277 1314 2333 intervalli
1347 2281 1811 2351 circumscriptio,
1857 2283 2005 2353 quod

445 2368 516 2422 ab
555 2368 788 2422 solstitio
821 2370 1012 2423 aastivo
1053 2371 1118 2422 ad
1171 2373 1486 2426 autumnale
1519 2376 1770 2442 pertinet.
1801 2374 2008 2446 Legen-

445 2459 574 2512 dum
605 2459 792 2528 itaque
813 2469 957 2528 post,
994 2477 1012 2510 ι
1047 2461 1196 2515 horis
1225 2475 1324 2528 xu,
1355 2481 1374 2514 ι
1408 2463 1514 2518 hoc
1544 2465 1656 2520 fere
1677 2465 1858 2532 modo,
1897 2487 1918 2521 ι
1950 2474 2006 2524 et

445 2551 572 2605 inde
618 2550 810 2606 diebus
839 2567 971 2616 xcu,
1007 2553 1158 2609 horis
1187 2568 1264 2607 xu
1309 2569 1484 2626 usque
1521 2556 1589 2611 ad
1621 2559 2003 2628 aequinoctium

445 2644 717 2698 autumni.
751 2663 770 2694 ι
803 2641 937 2697 Nam
985 2645 1088 2698 tria
1143 2645 1426 2702 intervalla
1463 2648 1552 2702 hic
1585 2665 1846 2719 expressa
1885 2653 2004 2709 dies

443 2734 742 2789 conficiunt
769 2749 1006 2800 ccnxxu,
1035 2737 1198 2791 horas
1221 2753 1376 2792 xvut.
1415 2737 1488 2793 Ea
1519 2741 1762 2797 detracta
1793 2743 1860 2798 de
1889 2745 2004 2799 die-

445 2827 548 2880 bus
595 2841 794 2881 cccuv
841 2829 962 2898 1/1,
1014 2828 1264 2885 residuos
1305 2830 1511 2886 faciunt
1553 2833 1670 2888 dies
1723 2851 1828 2888 xcn
1876 2836 1998 2904 1/2.

445 2917 626 2984 Quare
675 2933 738 2972 ex
771 2929 952 2974 mente
999 2919 1156 2974 Plinii
1203 2919 1382 2976 Julius
1425 2921 1608 2977 Caesar
1657 2925 1771 2979 haec
1821 2941 2001 2981 annua

444 3009 728 3064 intervalla
757 3009 1071 3081 descripsit.

513 3121 598 3177 Ab
636 3123 966 3192 aequinoctio
1013 3140 1179 3180 verno
1224 3125 1290 3180 ad
1339 3128 1632 3184 solstitium
1677 3130 1796 3187 dies
1849 3148 1998 3198 xcm,

443 3212 608 3270 horas
637 3230 736 3270 xu.

2099 603 2267 657 horas
2296 619 2394 659 xtl.

2167 694 2248 748 Ah
2265 695 2592 764 aequinoctio
2611 695 2914 748 autumnali
2934 692 3000 746 ad
3025 693 3278 747 brumam
3303 693 3422 750 dies
3445 711 3673 762 Lxxxxx,

2101 783 2266 838 horas
2299 799 2378 836 ιιι.

2171 872 2216 924 Α
2275 873 2464 928 bruma
2532 873 2600 927 ad
2657 889 2887 930 vernum
2939 875 3342 945 arquinoctium
3395 874 3512 931 dies
3573 891 3674 936 xc.

2101 961 2264 1016 horas
2297 979 2356 1017 ιιι
2375 1005 2387 1018 .

2175 1053 2269 1110 llis
2315 1055 2746 1119 animadversis,
2783 1057 2826 1110 si
2865 1056 3248 1126 aequinoctium
3295 1071 3524 1111 vernum
3566 1064 3679 1110 sta-

2101 1157 2287 1203 tuatur
2321 1149 2372 1202 in
2399 1165 2502 1202 xxv
2531 1148 2732 1210 Martii,
2763 1148 2966 1202 additis
3004 1148 3199 1203 diebus
3229 1163 3384 1212 xcul,
3429 1149 3678 1203 calculus

2101 1242 2311 1296 desinet
2333 1240 2390 1294 in
2417 1255 2542 1292 xxvi
2569 1238 2738 1294 Junii.
2781 1239 2924 1293 Hinc
2959 1247 3078 1308 post
3106 1237 3222 1293 dies
3249 1253 3383 1302 xcu,
3413 1238 3678 1308 conjicie-

2105 1339 2196 1384 tur
2231 1332 2548 1390 autumnale
2584 1331 2971 1400 aequinoctium
3017 1331 3072 1382 in
3106 1345 3230 1382 xxv:
3273 1327 3446 1398 Sept.,
3484 1331 3672 1384 sclsti-

2103 1426 2238 1478 tium
2263 1424 2552 1478 hibernum
2583 1423 2638 1477 in
2660 1439 2788 1475 xxiv
2819 1421 3150 1482 Decembris,
3179 1427 3274 1474 aut
3297 1437 3428 1485 xxv,
3469 1430 3529 1474 ut
3551 1421 3680 1476 inde

2104 1515 2169 1567 ad
2197 1529 2425 1568 vernum
2453 1513 2844 1582 aequinoctium
2869 1513 2985 1566 dies
3015 1513 3212 1582 reliqui
3245 1514 3354 1566 sint
3383 1527 3468 1566 xc.
3502 1512 3680 1566 Biduo

2105 1606 2290 1675 itaque
2323 1606 2378 1659 in
2417 1605 2656 1660 solstitio
2685 1607 2895 1670 aestivo,
2931 1612 2985 1658 et
3017 1604 3319 1658 autumnali
3350 1604 3680 1674 aequinoctio

2105 1695 2317 1751 Plinius
2353 1709 2384 1749 a
2419 1697 2603 1766 seipso
2635 1695 3004 1766 discrepabat.
3053 1696 3393 1750 Crediderim
3439 1697 3677 1765 primum

2107 1799 2138 1838 a
2170 1783 2434 1854 Sosigene
2460 1785 2622 1840 civile
2651 1786 2944 1839 solstitium
2977 1787 3226 1840 :estivum
3259 1787 3312 1839 in
3347 1783 3498 1840 Junii
3525 1803 3674 1848 xxiv,

2107 1887 2160 1933 et
2183 1879 2572 1946 aequinoctium
2605 1879 2658 1932 in
2693 1876 3028 1948 Septembris
3061 1895 3188 1933 xxtv
3215 1895 3339 1934 esse
3371 1881 3633 1934 collatum
3660 1918 3673 1942 ,

2109 1969 2402 2024 solstitium
2453 1969 2742 2024 hibernum
2771 1985 2877 2022 xxv
2925 1968 3240 2024 Decembris
3271 1988 3283 2023 :
3313 1977 3372 2023 ut
3421 1969 3476 2023 in
3525 1981 3678 2024 octa-

2105 2075 2231 2113 vum
2263 2057 2534 2114 Kalendas
2579 2068 2816 2128 quatuor
2851 2057 3212 2112 cardinalium
3259 2060 3540 2130 signorum
3591 2060 3677 2112 in-

2107 2153 2304 2207 troitus
2337 2151 2662 2206 inciderent.

2174 2245 2234 2300 In
2263 2244 2607 2307 Kalendario,
2641 2243 2786 2314 quod
2829 2241 2957 2297 Julii
2987 2241 3220 2298 Caesaris
3251 2241 3470 2297 nomine
3499 2235 3680 2296 Lucas

2104 2335 2370 2390 Gauricus
2417 2327 2606 2396 edidit,
2651 2335 3040 2405 aequinoctium
3099 2351 3326 2392 vernum
3383 2337 3678 2392 ascribitur

2103 2443 2200 2482 vtu
2229 2427 2349 2482 Kal.
2385 2429 2539 2498 Apr.,
2580 2443 2726 2482 nono
2757 2427 2842 2482 die
2880 2428 2947 2482 ab
2979 2429 3228 2499 ingressu
3264 2429 3398 2485 solis
3433 2430 3486 2483 in
3525 2431 3682 2483 Arie-

2103 2529 2210 2576 tem
2244 2539 2258 2576 :
2289 2529 2344 2576 et
2389 2519 2682 2575 solstitium
2717 2520 2964 2574 mstivum
2993 2535 3090 2574 vnt
3140 2524 3266 2576 item
3319 2521 3438 2576 Cal.
3483 2521 3680 2588 Julias,

2105 2615 2338 2682 septimo
2360 2611 2447 2666 die
2475 2627 2638 2681 quam
2677 2611 2757 2668 sol
2794 2611 2848 2666 in
2881 2610 3152 2666 Cancrum
3177 2613 3362 2668 subiit.
3397 2613 3501 2669 Sed
3527 2617 3682 2672 valde

2103 2703 2292 2758 rudem
2321 2709 2537 2773 oportet
2564 2717 2706 2766 esse,
2733 2702 2828 2772 qui
2857 2701 2961 2758 hoc
2989 2692 3369 2782 Kalendarium
3404 2703 3530 2758 Julii
3551 2708 3682 2760 Kie-

2105 2797 2245 2852 saris
2295 2811 2418 2851 esse
2473 2796 2575 2880 sibi
2619 2791 2976 2864 persuadeat,
3018 2797 3096 2850 uti
3137 2797 3277 2852 libro
3325 2795 3390 2851 Vl
3425 2799 3496 2852 De
3535 2799 3680 2853 doct.

2108 2895 2284 2952 temp..
2316 2901 2438 2956 cap.
2469 2883 2585 2948 ΧΠ,
2606 2885 3120 2940 demonstravimus.

2174 2976 2452 3031 Postremo
2483 2977 2526 3030 si
2561 2977 2685 3045 quis
2719 2992 2878 3032 veros
2899 2977 3023 3031 anni
3053 2979 3306 3034 cardines
3329 2995 3472 3034 anno
3501 2981 3681 3050 primo

2103 3065 2322 3120 Juliano
2361 3067 2502 3121 scire
2547 3067 2716 3134 velim
2743 3081 2810 3121 ex
2843 3069 3092 3136 sequenti
3137 3070 3334 3125 tabella
3371 3069 3577 3138 discet;
3625 3070 3680 3124 in

2031 3180 2078 3240 ο
2108 3175 2271 3231 quam
2311 3161 2519 3214 medios
2569 3174 2788 3230 quoque
2835 3159 2967 3216 solis
2996 3161 3280 3232 ingressus
3311 3163 3364 3217 in
3397 3163 3681 3217 dodecate-

2113 3251 2290 3308 moria
2324 3251 2658 3321 cenjecimus
2693 3265 2762 3306 ex
2793 3250 3196 3322 Diagrammate
3223 3253 3318 3310 lib.
3355 3253 3396 3318 l,
3443 3269 3566 3325 pag.
3591 3253 3684 3309 31.

687 3389 906 3447 Tabella
933 3393 1243 3460 mediorum,
1273 3415 1334 3452 ac
1369 3416 1606 3456 verorum
1635 3405 1761 3459 solis
1795 3409 2136 3480 ingreuuum
2168 3411 2224 3464 in
2265 3410 2416 3480 signa
2449 3408 2748 3462 cardinalia
2779 3423 2918 3462 anno
2959 3407 3132 3477 primo
3158 3406 3402 3462 Juliano.

1447 3512 1714 3571 CARDINES
1752 3534 1922 3575 IEDII.

953 3621 1370 3705 @quinpctium
1407 3645 1638 3705 vernum
1681 3633 1884 3705 lilartii,
1961 3655 2110 3705 xxiv,
2152 3639 2259 3702 21,
2303 3639 2402 3691 1l'.

1971 3725 2121 3772 xxtv,

1949 3795 2133 3842 ,xxut,
2171 3780 2255 3839 12,
2333 3778 2402 3830 6'.

1979 3865 2136 3912 xxm,
2175 3848 2259 3911 19,
2297 3848 2398 3902 54⁷.

965 3689 1275 3770 Solstitium
1303 3700 1550 3754 aestivum
1683 3689 1856 3770 Junii,

895 3823 898 3828 .
961 3761 1373 3844 {Equi-noctium
1397 3774 1646 3826 autumni
1681 3773 1835 3844 Sept.

965 3829 1271 3889 δοῐειίιίιιιιι
1303 3835 1586 3894 hibernum
1685 3829 1810 3899 De'c.

2607 3523 2881 3578 CARDINES
2918 3535 3066 3576 vent.

2513 3637 2692 3691 Martii
2766 3653 2910 3702 xxn,
2927 3629 3018 3700 23,
3056 3629 3158 3690 47'-

2507 3707 2656 3761 Junii
2765 3708 3025 3770 xxiv,25,
3093 3707 3166 3760 5'-

2511 3776 2663 3846 Sept.
2777 3793 2912 3839 xxv,
2950 3779 3034 3836 ll,
3063 3778 3159 3828 11'.

2525 3847 2650 3901 Dec.
2783 3863 2930 3911 xxiv,
2951 3847 3041 3908 25,
3059 3847 3160 3898 δι’.

2193 3709 2260 3772 4,
2295 3709 2398 3762 59³.

514 3971 656 4036 illnc
699 3991 924 4080 apparet
965 3983 1284 4080 Sosigenem
1313 3993 1522 4050 medios
1550 3971 1732 4066 potius
1764 3999 1898 4055 solis
1929 4001 2011 4055 in-
2113 4001 2348 4071 injectus
2403 4015 2432 4054 a
2497 4000 2654 4054 nobis
2709 4007 2889 4054 sermo
2915 4041 2930 4064 ,
2987 3995 3346 4069 Sraligeriani
3399 3999 3686 4070 cujusdam

447 4087 670 4143 gressus
700 4075 754 4128 in
788 4075 962 4143 signa,
1005 4093 1170 4147 quam
1199 4075 1357 4138 veros
1385 4087 1686 4156 exprimere
1727 4091 1962 4146 voluisse
1992 4109 2008 4146 :

445 4179 584 4232 quos
631 4163 761 4228 fere,
806 4173 1163 4238 praeterquam
1217 4170 1271 4224 in
1321 4188 1432 4226 uno
1481 4175 1706 4232 hiberno
1751 4177 2008 4243 solstitio,

443 4259 774 4307 consecutus
829 4262 934 4310 est.
979 4254 1230 4326 Plerique
1277 4267 1458 4316 tamen
1511 4263 1829 4334 scriptores,
1875 4267 2005 4322 dum

2114 4093 2406 4147 cemme‘nti
2449 4091 2765 4146 meminisse
2803 4107 2902 4146 nos
2939 4091 3088 4152 facit,
3118 4092 3262 4160 quod
3294 4093 3348 4146 in
3381 4092 3684 4146 Manilianis

2109 4183 2256 4236 illitis
2285 4181 2436 4238 Notis
2459 4181 2814 4252 legitur(pag.
2845 4183 2964 4252 157)
2984 4223 2999 4247 ,
3033 4189 3086 4237 et
3117 4183 3170 4236 in
3197 4184 3424 4254 epistola
3451 4185 3686 4254 quadam

2111 4273 2177 4326 ad
2222 4273 2537 4328 Mamertum
2594 4271 2954 4338 Patissonem,
3029 4291 3150 4344 qum
3210 4287 3291 4328 est
3329 4285 3518 4344 quarta
3557 4275 3686 4328 libr:

441 4349 685 4434 veterum
717 4353 1154 4402 astronomorum
1189 4351 1442 4408 cardines
1483 4353 1716 4410 diversis
1749 4353 2010 4426 tempori?
2105 4363 2270 4433 primi
2313 4364 2584 4418 editurum
2635 4379 2810 4434 nuper
2858 4363 3008 4419 illius
3036 4365 3413 4434 epistolarum.
3452 4385 3470 4416 ‹
3505 4361 3582 4418 lbi
3616 4365 3686 4417 al:

443 4431 548 4488 bus
575 4437 902 4491 constitutos
934 4438 1199 4507 relegunt,
1241 4457 1340 4510 per
1368 4443 1787 4512 imprudentiam
1819 4463 1912 4501 eos
1947 4448 2000 4502 in

2107 4456 2241 4524 ipsis
2283 4455 2629 4510 incunabulis
2667 4457 3012 4510 astronomiae
3044 4455 3228 4522 (verba
3265 4463 3392 4511 sunt
3419 4455 3688 4526 epistolae}
3765 4473 3772 4480 '

439 4522 714 4615 “manum
741 4538 941 4578 annum
975 4529 1390 4584 "answlel‘um-
1430 4533 1737 4597 Qlliﬂeliam
1779 4533 2002 4607 Sosige-
2035 4547 2079 4601 D
2107 4522 2248 4599 hanc
2289 4557 2532 4600 veterum
2569 4545 2881 4600 Graecorum
2915 4547 3222 4615 Opinionem
3267 4545 3433 4600 fuisse
3455 4522 3688 4612 renset,

439 4627 538 4667 nes
585 4614 701 4682 ipse
741 4615 952 4676 videtur
985 4632 1178 4686 parum
1204 4621 1258 4674 in
1295 4621 1396 4676 hac
1445 4639 1505 4677 re
1551 4625 1860 4681 deﬁnienda
1903 4629 2008 4684 sibi

2109 4634 2342 4699 Eudoxi,
2391 4637 2642 4698 Metonis,
2693 4637 3004 4700 Cleostrati,
3045 4643 3099 4691 et
3147 4635 3520 4700 Enctcmonis;
3565 4650 3686 4687 om-

439 4707 770 4800 conslitisse.
828 4707 964 4800 liam
1022 4727 1042 4760 ι
1097 4712 1260 4768 trinis
1309 4719 1864 4774 commentationibus
1910 4721 2008 4790 (ait
2107 4729 2257 4783 nium
2311 4729 2546 4799 denique
2596 4731 2662 4784 ad
2709 4729 3157 4797 Eratosthenem,
3213 4739 3266 4784 et
3315 4729 3687 4800 Hipparchum

439 4794 648 4894 Plinius
691 4798 784 4850 lib.
827 4797 1011 4894 XVlII,
1061 4817 1182 4872 cap.
1233 4803 1397 4876 XXV)
1429 4823 1744 4879 quanquam
1777 4811 2008 4882 diligen‘
2107 4837 2316 4892 usque;
2369 4794 2686 4892 perpetuam
2750 4823 3095 4894 μεσημϐρίαν
3145 4794 3250 4878 sub
3305 4794 3515 4892 tropico
3569 4821 3684 4877 tier:

439 4889 544 4940 tior
569 4897 714 4943 esset
744 4892 976 4956 caeteris,
1009 4907 1115 4946 non
1173 4898 1410 4949 cessavit
1451 4907 1630 4954 tamen
1661 4899 2003 4966 addubitare,

437 4979 552 5048 ipse
594 4991 764 5035 semet
801 4984 1143 5052 corrigendo.
1200 5005 1217 5036 ι
1273 4987 1462 5057 itaque
1503 4990 1648 5054 aliis,
1685 4999 1850 5061 atque
1879 4993 2004 5049 aliis

347 5085 352 5090 θ
435 5071 630 5127 diebus
684 5073 938 5130 cardines
991 5076 1237 5146 illigavit,
1311 5095 1378 5133 ex
1435 5096 1544 5150 quo
1603 5084 1834 5138 varietas
1911 5086 2002 5140 illa

435 5163 762 5232 scriptorum
809 5165 863 5219 in
893 5155 1305 5224 constituendis
1348 5173 1692 5240 :equinoi-tiis
1721 5191 1782 5226 ac
1817 5177 2002 5228 solsti-

433 5252 524 5306 tiis
554 5254 610 5308 in
641 5269 786 5310 anno
821 5253 1033 5311 Juliano
1066 5273 1318 5315 manasse
1345 5263 1578 5318 vidctur.

1039 5351 1267 5406 CAPUT
1307 5351 1396 5408 V1.

433 5436 509 5490 De
553 5439 693 5508 falsa
731 5439 985 5516 Scaligeri
1014 5446 1270 5516 sententia
1302 5461 1458 5516 super
1487 5457 1714 5500 veterum
1754 5459 1998 5504 astrono-

503 5525 710 5563 morum
737 5512 999 5566 solstitiis.
1021 5513 1222 5584 Contra
1250 5512 1398 5584 quem
1449 5516 1863 5580 demonstratur,
1902 5537 1995 5574 ne-

482 5594 594 5657 que
624 5592 922 5646 perpetuam
950 5582 1045 5657 sub
1077 5582 1270 5657 tropico
1303 5587 1568 5640 meridiem
1601 5590 1714 5654 ﬁeri
1747 5589 1868 5642 illos
1898 5607 1996 5657 pu-

500 5655 670 5720 tasse,
729 5667 886 5720 neque
935 5653 1220 5708 solstitium
1277 5657 1332 5709 in
1394 5667 1500 5710 toto
1555 5653 1992 5714 dedecatemorio.

501 5715 748 5774 Genium;
773 5715 1087 5787 explicatur.

499 5793 600 5860 llic
631 5807 699 5863 de
733 5811 1052 5868 cardinibus
1091 5821 1330 5870 veterum
1381 5815 1636 5888 Opinione
1677 5818 1991 5876 Constitutis

507 5907 520 5932 3

2105 4925 2470 4985 aeternamque
2515 4913 2677 4967 diem.
2725 4914 2852 4966 Item
2893 4915 3187 4968 solstitium
3233 4929 3342 4966 non
3390 4915 3445 4967 in
3479 4919 3690 4982 puncta

2103 5003 2244 5073 λόγῳ
2283 5003 2542 5074 Θεωρητῷ
2597 5003 2817 5068 Cancri,
2851 5005 2934 5056 vel
2987 5005 3341 5073 Capricorni,
3375 5003 3468 5058 sed
3503 5003 3556 5056 in
3599 5003 3686 5056 in-

2102 5106 2253 5156 tegro
2299 5094 2740 5148 dodecatemorio
2784 5095 3069 5148 committi.
3111 5095 3310 5148 Horum
3357 5095 3509 5164 prius
3549 5093 3686 5150 illuc,

2101 5205 2156 5256 in
2199 5187 2494 5241 novissima
2540 5188 2780 5243 editione
2819 5187 3024 5241 Manilii
3068 5189 3242 5257 legere
3277 5203 3384 5241 non
3409 5185 3684 5240 memini}

2101 5277 2374 5346 posterius
2417 5283 2594 5331 autem
2648 5277 2704 5330 in
2747 5274 2901 5329 Notis
2949 5283 3129 5330 exstat
3162 5277 3226 5330 ad
3261 5277 3355 5330 lib.
3389 5273 3408 5327 1
3443 5275 3688 5344 lsagogi-

2099 5379 2246 5431 cum,
2275 5367 2368 5420 ubi
2401 5367 2467 5422 de
2491 5367 2752 5422 Antisciis
2782 5367 2911 5436 agit.
2945 5365 3250 5437 Utrumque
3285 5383 3413 5422 vero
3443 5383 3553 5419 non
3593 5383 3672 5420 so

2097 5456 2207 5509 lmn
2257 5459 2548 5512 ridiculum
2593 5467 2700 5523 est,
2753 5459 2847 5512 sed
2901 5457 3040 5513 falso
3080 5459 3242 5513 etiam
3295 5459 3533 5528 antiquis
3571 5457 3680 5513 illi:

2099 5552 2426 5607 astronomis
2455 5551 2746 5621 allingitur.
2779 5551 2996 5628 Quippe
3017 5555 3244 5606 alterum
3283 5569 3348 5607 ex
3391 5552 3681 5614 ambobus,

2095 5643 2163 5696 de
2207 5653 2464 5712 perpetua
2509 5644 2633 5697 luce
2671 5643 2774 5697 sub
2804 5645 3034 5713 tropico,
3081 5660 3186 5698 non
3219 5645 3376 5699 aliter
3405 5652 3550 5698 stare
3584 5657 3684 5711 po.

2095 5741 2220 5798 test,
2267 5733 2372 5788 nisi
2405 5733 2659 5804 antiquos
2691 5733 2815 5788 illos
2843 5743 3065 5803 putasse
3093 5737 3324 5791 velimus
3358 5733 3682 5806 parallelunt

2096 5823 2257 5880 istum
2301 5837 2465 5893 supra
2525 5825 2813 5889 ﬁnitorcm,
2853 5835 3088 5896 quantus
3119 5835 3356 5898 quantus
3401 5835 3504 5892 est,
3577 5837 3680 5880 ex-
