4124 6422
441 471 466 526 1
477 469 584 528 ’563

1421 458 1511 512 AD
1551 455 1816 511 EL'SEBII
1853 453 2248 508 CllRONlCON
2283 445 2640 506 APPENDIX.

3529 442 3673 499 1564

513 587 640 641 ilice
665 584 731 638 ad
747 583 1168 638 convincendam
1195 577 1572 646 Scaliger-lanae
1597 571 1878 628 sententia:
1910 569 2007 624 fal-
2035 575 2086 630 Α
2111 585 2267 638 aequo
2305 575 2512 621 remota
2539 567 2649 620 sint
2675 579 2706 616 a
2735 561 3008 620 solstitiali
3037 569 3258 631 puncto.
3289 559 3358 612 At
3397 573 3555 612 secus
3587 573 3678 612 res

441 681 684 738 sitatem,
715 683 769 730 et
807 674 998 728 idonea
1047 679 1194 734 sunt,
1227 679 1280 724 et
1327 667 1634 722 necessaria
1667 663 1906 724 fuerunt,
1939 677 2008 716 ne

443 769 570 838 quis
619 778 820 820 temere
871 761 1188 818 stoliditatis
1225 767 1384 812 tantae
1409 771 1533 810 reos
1559 759 1839 824 perageret
1868 751 2008 804 anti-

445 875 586 930 quos
616 858 738 913 illos
766 865 1139 916 astronomos;
1175 851 1478 922 praesertim
1510 848 1798 906 Melonem,
1823 843 2012 898 Eucte-

447 966 684 1014 monem,
715 948 1018 1009 Eudoxum,
1053 953 1280 1000 cancros
1311 941 1546 1010 denique
1583 939 1652 994 ad
1693 937 2010 992 Eratosthe-

448 1059 571 1120 nem
597 1051 652 1099 et
683 1039 1068 1111 Hipparchum.

1041 1173 1269 1232 CAPUT
1309 1171 1419 1226 VII.

445 1299 524 1353 De
579 1295 881 1350 cardinibus
940 1300 1167 1346 ceterum
1216 1288 1473 1343 sententia
1503 1295 1686 1339 contra
1737 1282 2013 1337 Geminum

514 1367 748 1436 defensa.
779 1363 940 1436 Signa
951 1362 1314 1436 _imperqntia,
1349 1353 2009 1436 a‘uscuttnntic,‘.videtgfa,

512 1421 590 1493 π’
611 1421 906 1494 Ριοιεηιιὲί,
939 1421 1100 1486 Pauli
1143 1421 1512 1488 Alexandrini,
1547 1425 1759 1480 Manilii
1793 1433 1840 1494 ρ
1881 1421 2011 1494 nr.

513 1491 639 1562 inici
675 1491 968 1560 rationibus
1001 1501 1286 1569 explicata.
1320 1497 1464 1560 Mira
1500 1499 1554 1550 in
1586 1497 1667 1550 his
1703 1503 1752 1549 et
1794 1491 2014 1548 Firmici

514 1579 628 1634 loco
656 1573 1001 1630 hallucinatio
1033 1571 1311 1641 Scaiigeri.

517 1691 625 1747 Sed
667 1698 730 1746 ut
770 1697 1016 1746 veterum
1059 1686 1126 1742 de
1169 1683 1486 1742 cardinibus
1528 1679 1796 1746 sententia
1840 1677 2016 1748 magis

447 1785 770 1845 illustretur,
799 1789 918 1836 tum
957 1779 1128 1834 multa
1160 1778 1227 1832 ad
1259 1777 1402 1832 idem
1439 1775 1715 1846 negotium
1757 1779 2014 1842 spectan-

445 1878 540 1942 tia,
589 1890 690 1930 nec
743 1871 967 1944 indigna
1017 1870 1157 1926 scitu
1197 1869 1374 1926 obiter
1396 1867 1759 1938 explicentur,
1799 1861 2014 1918 Gemini

444 1969 601 2028 locus
641 1966 733 2021 ille
781 1962 1094 2020 accuratius
1139 1959 1492 2030 explicandus
1535 1965 1638 2014 est.
1687 1953 2016 2024 Quadrupli-

445 2071 564 2112 cem
612 2055 893 2126 signorum
929 2051 1102 2118 τάξιν,
1139 2051 1234 2104 καὶ
1269 2048 1415 2110 θέσιν
1442 2062 1723 2118 exponens
1755 2043 2016 2099 Geminus

447 2146 592 2222 (pag.
625 2142 700 2214 6),
730 2153 984 2212 quartam
1017 2141 1250 2210 appellat
1276 2153 1418 2204 eam,
1443 2152 1564 2207 quae
1592 2135 1734 2198 κατὰ
1759 2135 2017 2203 συζυγίαν

446 2236 683 2300 dicitur;
713 2249 876 2303 quam
905 2247 1095 2289 eorum
1131 2231 1411 2302 signorum
1442 2244 1565 2284 esse
1596 2229 1774 2292 docet,
1805 2241 1924 2297 quae
1951 2241 2020 2281 ex

447 2327 638 2382 eodem
675 2326 930 2380 oriuntur
967 2325 1109 2388 loco,
1150 2333 1206 2378 et
1245 2323 1300 2376 in
1342 2321 1532 2376 eodem
1567 2319 1826 2380 occidunt
1859 2342 1871 2373 :
1905 2318 2020 2374 sive

448 2432 569 2487 quae
599 2416 791 2472 iisdem
820 2414 1094 2486 parallelis
1122 2413 1499 2478 includuntur,
1532 2421 1593 2466 ut
1631 2417 1760 2466 sunt
1809 2409 2020 2464 Cancer

447 2516 504 2564 et
541 2505 776 2570 Gemini,
810 2505 1182 2576 Capricornus
1220 2511 1275 2558 et
1315 2501 1661 2574 Sagittarius,
1705 2516 1768 2555 ac
1801 2507 2020 2564 caetera,

381 2626 394 2640 -
451 2611 574 2667 quae
594 2611 660 2652 ex
692 2611 848 2667 aequo
874 2597 1080 2651 distant
1101 2595 1169 2650 ab
1201 2595 1462 2652 alterutro
1485 2600 1809 2663 punctorum
1838 2590 2024 2646 solsti-

449 2688 688 2745 tialium.
735 2688 794 2742 ln
839 2703 948 2758 quo
983 2695 1194 2742 veteres
1229 2683 1598 2755 reprehendit,
1627 2683 1720 2752 qui
1748 2683 2020 2738 Cancrum

449 2797 580 2836 cum
623 2780 774 2836 nullo
813 2782 922 2836 alio
967 2779 1225 2848 συζυγίαν
1259 2777 1462 2832 habere
1501 2775 1798 2846 putabant;
1845 2789 2022 2844 neque

449 2871 868 2942 Capricornum,
887 2871 981 2926 sed
1004 2869 1192 2925 ambos
1221 2869 1504 2940 μοναχοὺς,
1527 2875 1581 2922 et
1606 2865 1840 2936 ἁζύγους
1857 2879 1978 2920 esse
2005 2882 2018 2918 :

450 2967 650 3036 quippe
693 2979 818 3020 cum
869 2964 1042 3034 signis
1087 2963 1342 3018 omnibus
1385 2959 1661 3015 borealius
1697 2959 1926 3022 oriatur,
1969 2963 2024 3011 et

449 3057 663 3113 occidat
678 3055 918 3120 Cancer,
944 3055 1314 3126 Capricornus
1339 3059 1522 3108 autem
1547 3049 1863 3106 australius.
1885 3047 2024 3102 Nam

449 3150 660 3214 nullum
692 3155 796 3212 est,
827 3147 974 3218 quod
999 3159 1270 3217 peraeque,
1297 3153 1357 3198 ut
1391 3143 1498 3200 ista
1529 3141 1658 3206 duo,
1691 3141 1758 3196 ad
1797 3142 2022 3196 boream

2109 663 2306 726 habet;
2333 672 2460 714 nam
2483 657 2834 714 Geminorum
2861 662 3162 709 extremum
3185 663 3268 708 est
3297 653 3472 720 ipsum
3499 651 3682 706 solsti~

2109 753 2238 808 tiale
2293 759 2590 822 punctum;
2645 747 2845 802 Leonis
2892 751 3096 810 autem,
3157 743 3442 812 sexagenis
3495 742 3564 796 ab
3613 757 3680 796 en

2111 845 2370 916 gradibus
2405 843 2594 898 distat.
2625 839 2862 909 ldipsum
2887 839 2941 892 in
2972 837 3140 892 Libra
3166 843 3221 890 et
3251 835 3434 888 Ariete
3473 833 3680 888 clarius

2110 934 2188 988 ait
2218 933 2452 998 ostendi,
2489 947 2610 1002 quae
2639 932 2748 985 duo
2777 944 2974 1000 syzyga
3002 927 3307 991 faciebant;
3340 925 3490 995 atqui
3516 923 3682 978 Libra

2112 1024 2284 1078 multo
2310 1038 2474 1093 quam
2502 1023 2660 1076 Aries
2687 1007 2980 1076 austl'alius
3009 1018 3205 1081 oritur,
3231 1023 3286 1071 et
3315 1015 3539 1070 occidit.
3557 1012 3684 1068 Haec

2112 1115 2392 1170 Geminus.

2181 1204 2382 1262 Verum
2415 1205 2572 1278 longe
2605 1202 2788 1264 aliam,
2821 1215 2985 1271 quam
3013 1197 3221 1269 putavit
3249 1195 3531 1260 Geminus,
3562 1193 3680 1264 pri-

2111 1310 2331 1352 scorum
2377 1293 2882 1350 mathematicorum
2933 1290 3200 1344 rationem
3249 1287 3452 1350 fuisse,
3503 1300 3684 1355 neque

2113 1394 2262 1442 recte
2308 1385 2378 1440 ab
2419 1386 2512 1439 illo
2553 1383 2916 1454 reprehensos
2963 1396 3086 1436 esse
3117 1392 3442 1452 persuasum
3485 1375 3684 1430 habeo.

2111 1476 2232 1534 Non
2263 1477 2412 1531 enim
2439 1476 2536 1547 qui
2577 1475 2682 1530 hoc
2714 1472 3034 1530 asserebant
3061 1469 3360 1526 cardinalia
3389 1475 3590 1537 puncta
3627 1470 3686 1521 in

2113 1567 2250 1637 ipsis
2293 1566 2574 1636 signorum
2622 1564 2817 1631 initiis,
2863 1563 2960 1618 sed
3000 1561 3056 1616 in
3095 1560 3312 1624 mediis,
3359 1560 3466 1614 hoc
3507 1565 3591 1614 est
3627 1558 3686 1613 in

2113 1659 2286 1731 gradu
2329 1657 2541 1714 decimo
2587 1657 2780 1728 quinto
2821 1655 3164 1711 collocabant
3205 1671 3220 1708 :
3265 1667 3430 1723 quam
3477 1650 3688 1706 Eudoxi

2116 1750 2290 1806 fuisse
2339 1748 2665 1806 sententiam
2715 1743 3058 1818 Hipparchus
3103 1743 3416 1807 asserebat,
3463 1739 3534 1796 de
3577 1753 3690 1808 quo

2116 1858 2216 1898 nos
2267 1856 2388 1911 cap.
2441 1837 2508 1894 IV
2543 1839 2722 1894 fusius
2759 1837 2990 1910 egimus.
3027 1835 3207 1904 Atque
3233 1841 3293 1888 ut
3329 1831 3544 1888 Eudoxi
3578 1845 3688 1883 non

2046 1909 2088 1964 Β
2118 1931 2302 1996 fuerit,
2335 1909 2536 1986 eorum
2579 1909 2826 1984 veterum
2858 1934 3006 1983 certe
3053 1925 3173 1992 fuit,
3207 1925 3304 1994 qui
3345 1924 3440 1988 ita,
3484 1931 3544 1976 ut
3585 1921 3692 1977 Ge-

2117 2025 2303 2078 minus
2345 2022 2560 2086 scribit,
2586 2019 2864 2091 comparia
2911 2019 3054 2073 inter
3083 2032 3142 2072 se
3171 2017 3326 2087 signa
3370 2027 3694 2084 composue-

2116 2122 2266 2170 runt.
2317 2111 2432 2167 lloc
2476 2112 2622 2168 enim
2669 2109 2831 2165 modo
2873 2108 3221 2164 verissimum
3261 2105 3386 2170 erit,
3421 2103 3566 2174 quod
3612 2099 3695 2156 illi

2117 2216 2332 2262 veteres
2378 2205 2682 2276 putabant,
2741 2217 2938 2274 syzyga
2991 2215 3112 2256 esse
3163 2199 3318 2269 signa
3369 2195 3586 2250 Libram
3639 2201 3697 2248 et

2117 2299 2380 2364 Arietem,
2413 2298 2562 2369 quod
2591 2313 2658 2352 ex
2683 2311 2840 2366 aequo
2862 2294 3130 2350 distarent
3151 2291 3220 2346 ab
3245 2297 3478 2360 utroque
3511 2287 3697 2342 solsti-

2117 2394 2215 2459 tio,
2259 2391 2374 2446 sive
2415 2405 2447 2443 a
2483 2389 2697 2445 decimo
2726 2387 2918 2458 quinto
2943 2383 3116 2456 gradu
3160 2381 3360 2436 Cancri
3405 2389 3460 2435 et
3502 2377 3698 2446 Capri-

2119 2486 2296 2542 corni.
2347 2485 2486 2540 Tum
2545 2485 2598 2539 id
2645 2497 2987 2554 consequens
3027 2487 3140 2544 cst,
3193 2491 3476 2548 perperam
3517 2491 3586 2530 ex
3631 2489 3699 2529 ea

2118 2587 2364 2634 veterum
2389 2577 2667 2648 opinione,
2696 2591 2860 2646 quam
2887 2575 3072 2639 refert,
3105 2571 3483 2642 improbatque
3511 2567 3696 2624 Gemi-

2118 2685 2244 2734 nus,
2276 2668 2613 2726 conclusisse
2657 2665 2996 2738 Scaligerum
3027 2665 3118 2736 (In
3143 2661 3362 2729 Hanit.,
3393 2677 3518 2732 pag.
3547 2659 3696 2730 l57),

2119 2761 2268 2834 quod
2325 2761 2506 2830 capite
2563 2758 2905 2815 antecedenti
2965 2757 3240 2823 diximus;
3301 2754 3516 2825 priscos
3573 2751 3702 2806 illos

2119 2854 2328 2927 τροπὰς
2375 2864 2428 2910 et
2479 2851 2714 2908 solstitia
2759 2851 2814 2906 in
2843 2850 2976 2906 totis
3007 2850 3236 2921 triginta
3265 2847 3548 2918 gradibus,
3585 2859 3702 2900 non

2119 2947 2178 3002 in
2224 2955 2427 3016 puncto
2474 2945 2658 3014 aliquo
2685 2943 2826 3016 λόγῳ
2852 2943 3110 3015 θεωρητῷ
3147 2943 3428 3006 statuisse,
3466 2939 3524 2996 id
3547 2939 3704 2996 enim

2121 3034 2260 3091 falso
2305 3034 2615 3105 suspicatus
2658 3041 2764 3099 est,
2831 3049 3008 3104 neque
3047 3049 3272 3090 causam
3315 3031 3530 3096 habuit,
3599 3044 3702 3086 cur

2123 3125 2227 3182 hoc
2279 3125 2386 3181 sibi
2437 3133 2750 3181 commento
2801 3125 3040 3196 placeret
3077 3125 3234 3188 adeo,
3269 3132 3332 3179 ut
3373 3123 3494 3194 ejus
3531 3123 3704 3179 insci-

452 3247 770 3294 austrumve
811 3214 1080 3292 deflectat.
1132 3214 1317 3305 Itaque
1373 3233 1588 3288 duobus
1635 3232 1706 3287 iis
1758 3232 2022 3303 exceptis,

2123 3216 2256 3270 tiam
2296 3215 2699 3271 mathematicis
2753 3215 3126 3286 exprobraret.
3171 3214 3368 3270 Mirum
3399 3229 3532 3270 vero
3581 3229 3704 3284 por-

453 3329 662 3404 reliqua
694 3335 878 3388 decem
911 3331 986 3386 ita
1014 3329 1426 3400 comparabant.

756 3465 967 3539 Syzyga
1006 3467 1162 3537 signa
1193 3465 1480 3526 secundum
1515 3473 1728 3520 veteres.

803 3582 1016 3638 Cancer

799 3651 1006 3722 ἄζυγος

804 3721 1022 3781 Gemini
1231 3728 1288 3779 et
1429 3721 1540 3776 Leo

805 3793 1020 3849 Taurus
1231 3800 1287 3848 et
1426 3791 1593 3862 Yirgo

805 3863 965 3918 Aries
1239 3870 1294 3917 et
1433 3861 1597 3915 Libra

809 3933 1002 3988 Pisces
1241 3941 1297 3988 et
1439 3931 1702 4000 Scorpius

809 4003 1084 4070 Aquarius
1239 4011 1296 4058 et
1439 4000 1770 4073 Sagittarius

808 4075 1182 4144 Capricornus.

812 4145 1011 4213 ἄζυγος

731 4275 944 4349 ngyga
971 4277 1124 4346 signa,
1153 4269 1440 4330 secundum
1471 4269 1770 4334 Geminum.

810 4389 1030 4446 Gemini
1384 4385 1598 4444 Cancer

813 4461 1034 4517 Taurus
1386 4457 1497 4513 Leo

815 4532 976 4587 Aries
1255 4571 1262 4576 .
1388 4527 1556 4598 Yirgo

815 4601 1003 4658 Pisces
1389 4597 1554 4654 Libra

813 4672 1088 4741 Aquarius
1396 4669 1660 4741 Scorpius

815 4739 1183 4812 Capricornus
1397 4739 1746 4810 Sagittarius.

533 4853 594 4908 In
622 4860 856 4925 utroque
883 4853 1278 4924 diagrammate
1302 4855 1596 4912 discrimen
1625 4855 1728 4907 hoc
1759 4852 2001 4907 cernitur
2019 4893 2032 4916 ,

465 4945 614 5018 quod
642 4945 776 5000 illud
801 4953 1046 5001 veterum
1087 4951 1334 5018 syzygias
1365 4948 1506 5002 inter
1535 4963 1597 5001 ea
1629 4948 1780 5016 signa
1813 4951 2035 5008 statuat,

466 5053 589 5108 quae
633 5033 914 5108 aequaliter
961 5036 1167 5092 distant
1209 5051 1240 5090 a
1288 5037 1420 5091 totis
1471 5037 1644 5106 signis
1693 5037 1938 5106 tropicis,
1985 5035 2039 5087 in

467 5131 642 5186 altero
683 5127 889 5199 σύζυγα
931 5131 1086 5200 signa
1121 5129 1400 5200 atqualiter
1432 5144 1462 5182 a
1495 5129 1712 5199 punctis
1757 5128 1892 5198 ipsis
1930 5137 2040 5182 tro-

365 5289 370 5296 '
466 5222 606 5292 picis
646 5221 864 5276 absunt.
909 5219 1171 5275 Geminus
1218 5221 1474 5291 antiquos
1526 5221 1743 5282 refellit,
1792 5220 1938 5290 quod
1975 5235 2040 5274 ex

469 5329 660 5368 eorum
715 5313 926 5369 ratione
979 5327 1324 5383 consequens
1381 5311 1459 5376 lit,
1525 5313 1762 5367 solstitia
1818 5313 1872 5366 in
1927 5319 2043 5364 toto

472 5405 919 5460 dodeeatemorio.
951 5403 1147 5460 Cancri
1189 5405 1524 5474 contingere.
1565 5403 1700 5458 Nam
1733 5419 1856 5458 cum
1887 5406 2044 5474 signa

471 5497 748 5568 comparia
783 5498 910 5561 sint,
952 5512 1074 5567 quae
1113 5512 1180 5552 ex
1224 5497 1416 5552 eodem
1461 5497 1582 5552 loco
1617 5506 1772 5551 ortus
1803 5511 1932 5552 suos
1963 5495 2045 5548 fa-

475 5587 645 5653 ciunt,
677 5598 730 5642 et
773 5589 824 5642 in
856 5589 1106 5644 eumdem
1147 5590 1440 5655 occidunt;
1475 5597 1534 5642 ut
1570 5586 1780 5643 Gemini
1831 5603 1894 5642 ac
1936 5585 2044 5640 Leo

476 5679 551 5732 ita
601 5694 660 5734 se
704 5680 959 5742 habeant,
1005 5695 1232 5737 necesse
1263 5689 1366 5736 “est
1412 5679 1652 5750 mquales
1683 5679 1739 5732 in
1789 5679 1898 5734 illis
1925 5695 2046 5734 esse

478 5769 624 5835 dies,
665 5771 770 5825 hoc
798 5779 882 5826 est
913 5774 1296 5841 paralletorum
1333 5783 1611 5843 segmenta
1648 5789 1812 5844 supra
1867 5775 2046 5828 finito-

479 5875 594 5922 rcm
630 5859 816 5916 eadem
852 5881 866 5915 :
905 5864 1048 5932 quod
1093 5863 1248 5917 aliter
1279 5865 1394 5920 fieri
1429 5866 1637 5934 nequit,
1685 5882 1846 5934 quam
1895 5869 1938 5922 si
1981 5883 2047 5920 ex

2071 3301 2094 3320 '
2127 3311 2338 3358 tentum
2387 3303 2490 3359 hoc
2537 3305 2744 3360 erroris
2795 3301 3022 3360 Eudoxo
3082 3307 3150 3360 ab
3204 3304 3394 3360 eodem
3437 3303 3702 3375 impingi,

2125 3395 2236 3452 imo
2284 3404 2562 3451 auctorem
2598 3396 2746 3452 illius
2771 3395 3056 3451 Eudoxum
3097 3399 3294 3452 asseri.
3327 3395 3388 3451 In
3421 3413 3530 3468 quo
3561 3398 3705 3452 mul-

2125 3487 2296 3560 tiplex
2340 3497 2425 3544 est
2475 3487 2797 3560 ἁπροσεξία.
2845 3487 2982 3560 Nam
3023 3490 3070 3546 si
3115 3489 3374 3546 Eudoxus
3405 3490 3460 3545 in
3491 3490 3699 3546 decimc

2127 3579 2320 3648 quinto
2355 3577 2528 3650 gradu
2561 3577 2756 3634 Cancri
2801 3579 3008 3651 τροπὰς
3043 3581 3262 3634 aestivas
3291 3579 3406 3634 ﬁeri
3457 3579 3701 3650 scripsit,

2127 3667 2384 3724 hibernas
2431 3667 2486 3723 in
2538 3667 2862 3740 Capricorni
2909 3671 3124 3726 decimo
3157 3671 3370 3741 quinto,
3411 3671 3710 3741 utrobique

2128 3761 2324 3816 mediis
2369 3761 2426 3815 in
2475 3760 2682 3831 signis,
2725 3761 2892 3833 idque
2937 3762 3112 3832 ipsius
3145 3761 3356 3818 Eudoxi
3387 3762 3710 3819 testimonio

2129 3858 2381 3904 constare
2410 3849 2552 3919 apud
2583 3849 2952 3921 Hipparchum
2983 3859 3138 3922 putat
3157 3849 3434 3922 Scaliger;
3455 3853 3705 3922 quinam,

2129 3939 2382 4003 obsecro,
2403 3951 2828 3999 consentaneum
2859 3951 2963 4008 est,
2982 3943 3038 3996 in
3061 3950 3178 3998 toto
3199 3945 3355 4014 signo
3379 3945 3708 4000 constitutas

2131 4031 2201 4088 ab
2231 4032 2322 4086 illo
2363 4031 2570 4104 τροπὰς
2607 4032 2816 4090 fuisse?
2845 4032 2928 4088 Ad
2965 4033 3080 4089 haec
3109 4033 3156 4090 si
3185 4035 3439 4106 princeps
3475 4035 3548 4089 ita
3579 4049 3710 4090 sen-

2131 4123 2204 4180 sit
2259 4121 2554 4188 Eudoxus,
2600 4139 2710 4180 non
2760 4139 2890 4195 ergo
2936 4123 3160 4190 Metoni,
3208 4139 3272 4180 ac
3314 4126 3708 4182 vetustioribus

2132 4217 2274 4281 aliis,
2308 4217 2402 4288 qui
2439 4217 2724 4272 Eudoxum
2775 4224 3209 4286 antecesserunt,
3244 4218 3349 4273 hoc
3387 4217 3568 4288 ipsum
3617 4232 3712 4272 ve-

2131 4307 2214 4362 nit
2239 4309 2294 4362 in
2323 4319 2556 4363 mentem
2588 4327 2602 4361 :
2635 4309 2779 4379 quod
2802 4316 2982 4364 tamen
3011 4309 3266 4368 universe
3290 4309 3358 4366 de
3385 4309 3716 4380 antiquitate

2133 4401 2282 4456 omni
2313 4410 2518 4457 temere
2551 4401 2942 4472 pronuntiabat
2969 4399 3228 4472 Scaliger.
3253 4401 3520 4458 Eradatur
3537 4402 3714 4472 igitur

2134 4509 2202 4548 ex
2243 4493 2392 4547 omni
2429 4493 2732 4548 litterarum
2766 4493 3028 4548 memoria
3061 4492 3366 4549 fiedissima
3409 4495 3515 4549 ista
3558 4493 3714 4548 labes

2065 4597 2110 4652 ι)
2137 4581 2429 4652 opinionis,
2459 4597 2621 4652 quam
2651 4582 2742 4636 ille
2769 4582 3009 4653 ἀκρίτως
3037 4581 3093 4635 in
3131 4581 3416 4637 Eudoxum
3473 4597 3537 4637 ac
3559 4591 3714 4637 vete—

2141 4693 2231 4732 res
2279 4687 2622 4732 astronomos
2669 4691 2836 4732 ausus
2878 4686 2961 4732 est
3004 4675 3274 4732 conferre.
3315 4676 3418 4731 Sed
3457 4691 3558 4730 nec
3603 4675 3714 4730 Ge-

2143 4770 2278 4824 mini
2311 4770 2599 4840 castigatio
2639 4783 2741 4823 nos
2777 4770 2869 4822 illa
2904 4769 3168 4836 delectet;
3207 4777 3397 4822 contra
3423 4783 3586 4838 quam
3617 4783 3718 4836 pa-

2141 4861 2404 4914 trocinari
2439 4861 2680 4932 antiquis
2711 4861 2820 4916 illis
2849 4875 3012 4931 quam
3055 4859 3218 4914 facile
3251 4875 3568 4930 possumus,
3599 4867 3714 4912 tam

2143 4953 2338 5007 merito
2355 4951 2651 5007 .debcmus.

2219 5043 2309 5098 Sic
2349 5044 2404 5098 in
2448 5043 2694 5098 antisciis
2726 5053 2970 5097 veterum
2999 5059 3062 5098 ex
3098 5043 3288 5098 eodem
3327 5041 3476 5096 fonte
3510 5043 3718 5098 erroris

2143 5136 2500 5206 explicandis,
2535 5151 2597 5191 ac
2624 5135 2978 5191 traducendis
3007 5136 3226 5204 impune
3255 5136 3386 5189 lusit
3427 5134 3670 5203 Scaliger
3693 5175 3711 5198 ,

2143 5244 2264 5300 qua:
2289 5227 2506 5298 quidem
2537 5237 2903 5284 consentanee
2932 5227 2999 5283 iis
3028 5243 3147 5298 quas
3179 5243 3278 5296 pro
3305 5227 3559 5296 opinione
3593 5225 3720 5280 illo-

2143 5335 2266 5374 rum
2293 5318 2644 5378 adduximus,
2667 5318 2934 5372 veriorem
2965 5317 3032 5372 ad
3063 5331 3280 5371 sensum
3307 5314 3720 5368 accommodare

2144 5412 2292 5466 licet.
2332 5410 2488 5477 Quod
2526 5419 2585 5464 ut
2619 5411 2853 5466 breviter
2885 5410 2996 5474 fiat,
3037 5410 3199 5479 paulo
3229 5409 3390 5461 altius
3419 5407 3720 5476 repetenda

2147 5518 2237 5558 res
2275 5503 2395 5558 erit.

2217 5593 2296 5647 Ex
2340 5595 2636 5650 vanissima
2675 5595 2782 5646 τῶν
2814 5593 3323 5664 ἀποτελεσματικῶν
3357 5590 3587 5650 ratione,
3621 5587 3722 5642 do-

2148 5685 2506 5740 decatemoria
2559 5687 2766 5740 zodiaci
2810 5687 2990 5740 varias
3031 5687 3174 5740 inter
3213 5701 3274 5740 se
3329 5683 3562 5754 σχέσεις,
3604 5681 3722 5736 sive

2153 5779 2561 5848 σχηματισμοὺς
2609 5778 2830 5841 habent,
2875 5792 3014 5847 quos
3055 5785 3308 5846 aspectus
3343 5775 3504 5844 vulgo
3539 5770 3720 5826 nomi-

2151 5877 2300 5922 nant.
2335 5867 2408 5920 Ex
2451 5869 2650 5936 quibus
2679 5882 2770 5921 eos
2795 5867 3056 5921 duntaxat
3095 5866 3198 5919 hoc
3244 5865 3363 5919 loco
3403 5861 3726 5932 scligemus.
