4124 6412
420 462 561 522 1565

1229 449 1684 506 DISSERTATIO
1724 447 1812 500 DE
1846 442 2031 501 ORTU
2064 441 2151 495 ET
2190 438 2461 496 OCCASU
2502 436 2825 493 SlDERUl—l.

3509 433 3665 488 1566-

421 585 516 654 qui
546 582 612 637 ad
652 580 922 652 negotium
949 585 1197 633 nostrum
1226 574 1516 644 pertinent,
1550 570 1863 624 auctoribus
1890 568 1986 622 ad-
2017 575 2061 630 Α
2089 564 2314 654 όεηιθχ
2345 561 2645 654 horizontis
2681 548 2926 627 partibus
2969 557 3320 654 urinanturnet
3364 554 3418 608 in
3454 554 3648 608 iisdem

425 674 607 728 bibitis
651 671 940 726 Ptolemaeo
985 671 1037 723 in
1085 665 1382 720 Tetrabt’blo
1413 664 1525 732 (lib.
1569 661 1628 731 l),
1661 661 1829 713 Paulo
1858 660 1981 713 Ale-

428 765 712 826 xandrino,
767 761 1004 823 Manilio,
1078 767 1131 812 et
1180 757 1440 811 Firtnico.
1498 755 1666 824 Igitur
1710 753 1863 819 signa
1895 758 1987 806 aut

426 868 552 912 sunt
600 859 792 920 οἰκεῖα,
845 872 864 904 ι
901 853 1210 917 familiaria,
1246 870 1262 901 ι
1304 851 1420 905 sive
1475 869 1492 900 (
1533 857 1791 918 cognata;
1835 866 1852 898 ι
1894 853 1986 900 aut

425 948 705 1009 ἀσύνδετα,
752 964 771 996 ι
821 945 1192 1013 inconjuncta,
1239 962 1255 993 ι
1303 950 1356 995 ct
1407 959 1426 991 ι
1477 940 1675 993 aliena.
1731 958 1748 990 ι
1796 937 1985 990 Priora

395 1030 400 1032 γ
425 1041 698 1102 dicuntur,
721 1053 841 1109 qua:
867 1037 1250 1092 schematismo
1274 1035 1474 1103 aliquo,
1506 1033 1587 1086 vel
1608 1031 1872 1085 οἰκειώσει
1905 1030 1985 1082 in-

426 1141 510 1184 ter
544 1147 602 1185 se
637 1132 885 1184 devincta
923 1136 1075 1194 sunt;
1115 1127 1436 1198 posteriora,
1479 1141 1600 1195 qua:
1640 1125 1846 1176 nullum
1891 1121 1989 1174 ha.-

426 1226 555 1278 bent
582 1239 647 1279 ex
680 1224 766 1286 iis,
799 1237 936 1292 quos
960 1222 1355 1290 astrologorum
1387 1235 1517 1273 usus
1545 1217 1794 1272 adscivit.
1827 1214 1988 1270 Sche-

426 1315 708 1369 matismus
737 1315 817 1368 vel
846 1323 929 1368 est
957 1311 1095 1366 κατὰ
1125 1312 1432 1381 διάμετρον,
1462 1316 1520 1362 ut
1543 1309 1699 1362 Aries
1718 1314 1772 1360 et
1797 1305 1983 1368 Libra,

424 1407 510 1459 vel
565 1406 701 1459 κατὰ
741 1406 1021 1475 τρίγωνον,
1054 1405 1138 1458 vel
1176 1403 1316 1456 κατὰ
1349 1401 1704 1472 τετράγωνον,
1728 1399 1810 1453 vel
1847 1397 1990 1451 κατὰ

425 1497 726 1564 ἑξάγωνον,
765 1498 831 1551 de
878 1497 1075 1566 quibus
1115 1494 1375 1549 Geminus
1419 1508 1538 1562 cap.
1587 1491 1635 1556 Ι,
1676 1499 1730 1546 et
1773 1504 1872 1544 nos
1917 1492 1983 1545 ad

425 1589 674 1644 eumdem
725 1589 778 1641 in
817 1587 970 1642 Notis
1003 1586 1245 1657 quaedam
1278 1586 1708 1640 observavimus.
1741 1584 1984 1640 Alterum

426 1696 594 1748 genus
635 1677 976 1743 οἰκειώσεως,
1007 1677 1305 1733 secundum
1334 1677 1478 1746 quod
1522 1677 1678 1746 signa
1725 1678 1827 1730 alia
1861 1687 1988 1732 sunt

425 1770 847 1840 προστάσσοντα,
904 1788 921 1818 ι
980 1768 1318 1839 imperantia,
1379 1787 1398 1818 ι
1461 1767 1564 1821 alia
1622 1767 1984 1832 ὑπακούοντα,

429 1879 448 1910 ι
495 1859 854 1914 auscultantia
909 1877 921 1911 :
981 1878 998 1909 ι
1055 1874 1173 1927 quae
1221 1858 1380 1913 ambo
1432 1859 1708 1912 communi
1766 1860 1986 1912 nomine

2086 653 2357 707 occidant.
2403 650 2577 718 Atque
2628 649 2742 702 haec
2791 655 2918 701 sunt
2966 645 3173 712 σύζυγα
3215 645 3389 714 signa,
3421 656 3540 711 quae
3579 657 3660 696 ex.

2086 741 2312 796 Gemino
2347 739 2600 808 superius
2623 738 3036 808 explicavimus,
3070 745 3127 790 ut
3155 735 3387 798 Gemini,
3414 735 3648 797 Cancer.

2087 833 2322 892 Taurus,
2352 830 2480 895 Leo,
2511 839 2563 884 et
2602 841 2818 891 caetera,
2854 829 2920 882 de
2958 827 3157 896 quibus
3191 827 3246 880 in
3270 824 3424 881 Notis
3449 827 3516 880 ad
3543 824 3652 880 Ge-

2085 925 2292 976 ntinum
2328 923 2509 990 aliqua
2537 921 2797 976 diximus.

2149 1013 2454 1066 ’Ἀσὺνδετα
2510 1020 2563 1066 et
2620 1009 3142 1082 ἀπηλλοτριωμένα,
3203 1010 3540 1078 inconjuncta
3595 1020 3650 1065 et

2087 1105 2261 1158 aliena
2301 1106 2450 1174 signa
2493 1104 2770 1165 dicuntur,
2802 1117 2920 1170 qua:
2952 1103 3155 1156 nullius
3187 1101 3554 1156 schematismi
3582 1105 3651 1157 ei

2087 1195 2537 1249 antecedentibus
2569 1194 2689 1248 istis
2724 1193 3037 1247 societatem
3072 1202 3271 1246 coeunt
3297 1192 3547 1247 invicem.
3572 1193 3660 1247 lta-

2086 1286 2429 1340 Ptolemaeus.

2158 1379 2226 1430 At
2275 1377 2528 1433 Manilius
2570 1385 2625 1431 et
2683 1375 2885 1431 Paulus
2930 1374 3328 1429 Alexandrinus
3377 1372 3652 1427 audientia

2086 1479 2141 1524 et
2188 1469 2425 1523 videntia
2461 1469 2615 1539 signa
2653 1468 2810 1522 aliter
2862 1468 3152 1536 explicant.
3195 1465 3328 1518 Nam
3371 1464 3512 1534 apud
3555 1480 3650 1520 eos

2091 1562 2390 1617 videntium
2442 1563 2593 1631 paria
2626 1568 2878 1614 constant
2924 1561 2991 1613 iis
3031 1559 3201 1627 signis
3235 1573 3355 1627 qua:
3387 1572 3453 1612 ex
3495 1571 3651 1627 aequo

2087 1654 2291 1708 distant
2336 1669 2365 1706 a
2399 1653 2527 1707 totis
2555 1652 2724 1722 signis
2748 1653 2968 1720 tr0picis
2992 1657 3049 1704 ut
3078 1658 3206 1705 sunt
3235 1650 3466 1713 Gemini,
3507 1647 3654 1720 Leo,-

2062 1745 2323 1809 .Taurus,
2350 1744 2538 1815 Virgo,
2575 1761 2637 1798 ac
2685 1745 2932 1814 reliqua;
2970 1757 3092 1812 quae
3119 1742 3390 1811 descripta
3438 1749 3563 1796 sunt
3595 1742 3650 1795 in

2090 1834 2260 1888 altero
2289 1835 2563 1889 schemate
2585 1833 2691 1886 τῶν
2724 1832 2991 1901 συζύγων,
3025 1832 3322 1886 secundum
3344 1838 3575 1894 veteres,
3595 1840 3650 1884 ut

422 1952 744 2017 ἀκουόντων,
784 1969 802 2001 ι
840 1920 1196 2013 audientium,
1237 1969 1256 2002 ι
1308 1948 1510 2005 Paulus
1561 1949 1984 2016 Alexandrinus,
2019 1928 2061 1983 Β
2087 1940 2278 1979 mrum
2329 1934 2563 2017 mallem
2610 1926 3001 2017 ίιηθτυνεξῑῇῑυε
3028 1933 3111 1978 εει
3143 1921 3424 1982 θαηίηυε·
3464 1920 3652 2017 “mille

421 2052 474 2096 et
514 2040 764 2096 Manilius
809 2041 1134 2111 intelligunt.
1164 2039 1403 2094 Tertium
1445 2055 1616 2111 genus
1664 2041 1986 2104 οἰκειώσεως

419 2141 505 2188 est
539 2134 645 2187 τῶν
679 2135 1000 2205 βλεπόντων,
1039 2149 1160 2189 sese
1189 2142 1378 2187 mutuo
1408 2133 1879 2203 conspicientium.
1917 2133 1988 2188 Ut

419 2227 488 2282 de
519 2226 910 2296 posterioribus
941 2227 1023 2282 his
1056 2227 1320 2280 ambobus
1351 2241 1526 2296 agam.

489 2316 811 2372 Ptolemaeus
858 2317 1293 2390 προστάσσοντα,
1342 2329 1396 2371 et
1437 2317 1780 2371 ὑπακούοντα
1831 2318 1986 2386 signa

419 2417 599 2474 vocat,
635 2409 705 2462 τὰ
740 2411 859 2464 κατ’
895 2411 1016 2480 ῐσην
1046 2409 1320 2462 διάστασιν
1348 2407 1455 2460 ἀπὸ
1485 2408 1577 2460 τοῦ
1612 2409 1796 2471 αὐτοῦ,
1828 2409 1860 2478 ἢ
1895 2409 1988 2462 καὶ

418 2502 674 2573 ὁποτέρου
719 2503 826 2555 τῶν
877 2501 1206 2573 ἰσημερινῶν
1240 2501 1480 2572 σημείων
1522 2501 1984 2572 σχηματιζόμενα,

417 2594 504 2647 διὰ
537 2595 598 2647 τὸ
620 2595 677 2646 ὲν
700 2597 811 2658 τοῖς
837 2595 971 2657 ἴσοις
997 2596 1207 2666 χρόνοις
1235 2593 1602 2664 ἀναφέρεσθαι
1621 2596 1713 2649 καὶ
1737 2596 1828 2648 ἐπὶ
1858 2597 1986 2651 ἴσων

420 2685 796 2758 παραλλήλων.
839 2704 858 2738 ι
891 2683 1022 2753 Quae
1063 2688 1180 2756 pari
1225 2687 1512 2742 intervallo
1558 2675 1628 2742 ab
1673 2686 1862 2742 eodem
1903 2688 1987 2742 vel

418 2783 682 2838 alterutro
713 2792 1034 2852 punctorum
1062 2785 1524 2854 arquinoctialium
1545 2784 1825 2848 distantia,
1848 2785 1986 2855 ﬁgu-

416 2883 574 2933 ram,
631 2884 726 2924 seu
776 2879 1130 2941 conspectum
1187 2872 1441 2927 habent:
1484 2874 1630 2943 quod
1685 2875 1985 2944 aequalibus

419 2960 754 3029 temporibus
792 2962 1060 3026 oriantur,
1093 2971 1147 3017 et
1187 2964 1242 3016 in
1279 2963 1578 3034 aequalibus
1620 2966 1916 3034 parallelis.
1959 2986 1980 3018 ι

418 3051 684 3106 Zodiacus
712 3052 952 3107 circulus
979 3053 1050 3108 ab
1080 3055 1444 3124 aequinoctiali
1479 3055 1733 3110 bifariam
1769 3066 1986 3113 secatur

419 3144 475 3198 in
504 3143 720 3214 punctis
748 3144 1238 3214 aequinoctialibus.
1271 3143 1410 3200 Hinc
1439 3147 1818 3204 semicirculus
1849 3148 1985 3204 alter

418 3235 655 3292 borealis
700 3235 922 3298 dicitur,
975 3236 1183 3292 habens
1231 3236 1384 3308 signa
1427 3238 1667 3294 borealia
1707 3256 1824 3303 sex,
1863 3256 1984 3311 quae
2009 3258 2056 3322 α

418 3333 546 3380 sunt
583 3325 762 3391 Aries,
805 3326 1039 3393 Taurus,
1075 3325 1310 3392 Gemini,
1346 3328 1574 3395 Cancer,
1602 3329 1732 3396 Leo,
1776 3330 1978 3401 Virgo;

417 3417 555 3471 alter
586 3419 842 3474 australis
882 3419 1106 3474 totidem
1147 3419 1319 3489 signis
1361 3421 1644 3490 praeditus,
1675 3437 1796 3492 qua:
1833 3432 1980 3488 sunt,

417 3507 600 3573 Libra,
627 3508 906 3579 Scorpius,
953 3509 1301 3587 Sagittarius,
1353 3513 1742 3584 Capricornus,
1795 3515 1980 3587 Aqua-

417 3601 554 3667 rius,
602 3601 820 3668 Pisces;
882 3585 1328 3676 borealia'signa
1372 3613 1501 3661 sunt
1545 3585 1981 3677 προστάσσοντα;

418 3687 677 3750 australia
705 3710 834 3750 vero
861 3695 1220 3749 ὑπακούοντα.
1262 3697 1433 3768 Cujus
1468 3699 1547 3755 rei
1573 3714 1795 3756 causam
1828 3699 1984 3755 aﬂ‘ert

417 3785 740 3842 Ptolemaeus
769 3788 912 3857 quod
942 3789 997 3842 in
1034 3789 1345 3844 borealibus
1374 3791 1544 3861 signis
1580 3793 1842 3862 paulatim
1867 3794 1985 3850 dies

419 3887 718 3948 augeantur
737 3921 750 3944 ,
796 3881 848 3933 in
879 3881 1049 3936 altero
1073 3882 1489 3939 contrahantur.
1515 3882 1597 3939 Ob
1627 3884 1680 3939 id
1715 3885 1986 3955 imperare

418 3971 496 4024 illi
517 3971 733 4036 debent,
763 3971 854 4027 isti
882 3989 1092 4043 parere,
1115 3991 1182 4030 ex
1213 3977 1347 4031 artis
1371 3977 1721 4046 ineptissimaz
1742 3978 1980 4035 decreto.

418 4060 531 4117 l’lac
554 4065 763 4119 ratione
793 4065 948 4136 signa
977 4066 1069 4120 illa
1098 4067 1243 4122 inter
1272 4083 1331 4123 se
1359 4068 1722 4139 pariabimus.

1111 4176 1297 4248 Signa.

420 4289 768 4362 lmperantia.
1583 4293 1622 4348 A
1635 4295 1983 4354 uscultantia.

533 4407 690 4463 Aries
1449 4407 1634 4464 Pisces

534 4478 749 4548 'l‘aurus
1451 4479 1726 4548 Aquarius

533 4546 745 4618 Gemini
1451 4546 1824 4618 Capricornus

532 4616 740 4688 Cancer
1455 4616 1782 4688 Sagittarius

533 4685 640 4760 beo
1458 4685 1716 4760 Scorpius

532 4756 696 4829 Virgo
1456 4756 1620 4814 Libra

492 4869 617 4925 Haec
671 4872 813 4925 enim
871 4873 1024 4943 signa
1073 4881 1202 4927 sunt
1239 4874 1561 4946 ῑ-σανάφορα,
1594 4883 1647 4929 et
1696 4875 1986 4946 ἰσοπαρὰλ-

418 4961 578 5034 ληλα,
608 4967 752 5033 quod
793 4965 1071 5033 mqualiter
1102 4963 1307 5019 distent
1340 4965 1409 5020 ab
1446 4966 1710 5020 ambobus
1739 4970 1985 5037 aequino-

418 5053 673 5108 ctialibus
699 5055 935 5123 punctis.
965 5053 1246 5122 Aunalcs,
1284 5055 1531 5124 inquam,
1566 5057 1852 5125 parallelos
1882 5057 1982 5110 ha-

420 5144 566 5209 bent,
597 5162 705 5199 non
746 5147 986 5209 eosdem,
1021 5155 1082 5198 ut
1112 5146 1463 5202 Camerarius
1511 5150 1693 5202 vertit.
1743 5148 1797 5202 ld
1839 5150 1983 5204 enim

419 5235 590 5306 signis
626 5238 941 5292 videntibus
975 5238 1252 5302 convenit,
1283 5254 1405 5308 quae
1433 5255 1461 5291 a
1495 5240 1722 5309 tropicis
1765 5240 1984 5310 punctis

417 5340 482 5377 ex
509 5330 667 5394 teqlm
689 5325 894 5380 distant
914 5325 1010 5381 :de
1039 5328 1238 5396 quibus
1264 5329 1374 5398 agit
1403 5329 1603 5384 ibidem
1640 5330 1981 5385 Ptolemaeus.

491 5417 660 5486 Igitur
703 5419 934 5472 alterum
973 5435 1144 5488 genus
1173 5418 1498 5482 οἱκειὼσεως
1531 5428 1614 5475 est
1644 5435 1830 5474 eorum
1863 5435 1985 5489 quae

422 5507 702 5577 βλέποντα,
720 5510 967 5578 videntia,
979 5511 1258 5574 dicuntur,
1273 5520 1326 5567 et
1344 5511 1780 5581 ἰσοδυναμοῦντα,
1793 5513 1986 5581 wquali

420 5610 672 5668 potestate
723 5602 970 5670 prardt'ta.
1034 5605 1172 5658 Sunt
1222 5617 1401 5659 autem
1448 5605 1736 5673 ejusmodi,
1769 5621 1890 5674 qua:
1916 5621 1983 5659 ex

419 5704 577 5760 aequo
605 5691 810 5743 distant
842 5691 910 5746 ab
942 5693 1209 5747 alterutro
1234 5694 1458 5748 solstitii
1483 5704 1705 5761 puncto.
1725 5693 1796 5746 Ea
1821 5707 1984 5762 porro

424 5787 612 5833 mutuo
633 5796 691 5835 se
719 5781 904 5836 videre
935 5783 1196 5836 dicuntur
1225 5783 1347 5838 ideo
1369 5784 1512 5852 quod
1549 5791 1602 5837 et
1625 5784 1742 5838 dies
1769 5784 1981 5847 diebus,

419 5874 475 5922 et
503 5877 690 5925 noctes
718 5871 968 5928 noctibus
1016 5873 1250 5944 aequales
1282 5873 1514 5935 faciant;
1549 5884 1659 5927 tum
1703 5873 1844 5942 quod
1879 5873 1976 5927 iis-

2089 2018 2300 2072 Cancer
2326 2023 2381 2071 et
2412 2015 2782 2085 Capricornus
2825 2014 3082 2069 ἄϐλεπτοι
3135 2025 3263 2070 sunt
3312 2023 3365 2069 et
3407 2015 3647 2084 μοναχοὶ,

2086 2125 2188 2163 nec
2215 2109 2344 2173 alia,
2379 2110 2472 2163 sed
2501 2123 2560 2162 se
2591 2109 2706 2162 sola
2735 2116 3086 2162 contnentur.

2155 2197 2370 2253 Rursus
2396 2197 2714 2266 imperantia
2746 2197 2898 2266 signa
2927 2205 2982 2251 et
3015 2195 3377 2250 auscultantia
3409 2201 3653 2249 statuunt

2087 2289 2274 2353 iidem,
2300 2305 2420 2358 quae
2449 2305 2516 2343 ex
2545 2304 2700 2357 aequo
2731 2288 2946 2343 distant.
2976 2288 3043 2342 ab
3068 2287 3539 2358 aequinoctialibus
3567 2288 3654 2341 in--

2087 2381 2256 2451 tegris
2281 2381 2473 2451 signis,
2501 2381 2572 2434 ita
2603 2389 2662 2434 ut
2692 2379 2876 2449 priora
2899 2379 3169 2442 borealia,
3202 2379 3508 2447 posteriora
3542 2380 3654 2434 sint

2087 2472 2366 2526 australia.
2397 2469 2538 2541 Ergo
2577 2479 2731 2524 extra
2766 2478 2968 2525 sortem
3015 2476 3145 2524 sunt.
3170 2467 3332 2522 Aries
3381 2477 3432 2522 et
3465 2467 3653 2535 Libra,

2087 2580 2262 2633 neque
2293 2579 2352 2618 se
2375 2564 2605 2618 invicem
2636 2562 2896 2626 audiunt,
2929 2576 3104 2630 neque
3164 2561 3300 2626 alia;
3335 2561 3429 2615 sed
3467 2561 3656 2615 solita-

2086 2655 2168 2708 ria
2200 2665 2345 2718 sunt,
2375 2671 2440 2709 ac
2466 2655 2759 2726 μονόζωνα,
2778 2661 2970 2710 caetera
2998 2649 3264 2723 ὁμόζωνα.
3287 2649 3359 2704 Ea
3379 2651 3431 2704 in
3456 2650 3668 2705 tabella-

2087 2748 2334 2818 sequenti
2366 2747 2492 2802 licet
2527 2747 2749 2802 intueri.

2528 2857 2694 2930 Signa
2725 2858 2929 2914 Manilii
2959 2865 3012 2913 et
3045 2853 3197 2909 Pauli

2085 2927 2408 2998 lmperantia
2591 2923 2617 2930 ⁷
3275 2923 3672 2984 Αιιεουῐεηιίσ.,

2715 3000 2874 3052 Aries

2767 3016 2874 3053 I‘IBS

2717 3071 2932 3140 ἄζυγος,
3351 3121 3360 3132 ,

2205 3137 2423 3194 Taurus
3132 3144 3315 3201 Pisces

2200 3207 2413 3284 Gemini
3131 3215 3406 3284 Aquarius

2200 3280 2411 3356 Cancer
3132 3280 3499 3356 Capricornus

2199 3349 2308 3427 beo
3135 3349 3463 3427 §agittarins

2199 3418 2365 3493 Virgo
3137 3418 3396 3496 Scorpius

2269 3523 2275 3527 -
2718 3491 2895 3546 Libra.
3379 3501 3391 3521 '

2719 3562 2935 3630 ἄζυγος.

2154 3654 2314 3708 Aries
2339 3656 2523 3724 itaque
2551 3653 2854 3724 imperandi
2873 3655 2958 3710 vel
2984 3658 3326 3713 auscultandi
3352 3675 3477 3714 cum
3501 3661 3671 3717 nullo~

2086 3746 2475 3800 commercium
2529 3745 2712 3812 habet,
2771 3747 2987 3802 Libram
3041 3757 3222 3806 autem
3280 3753 3444 3818 videt,
3495 3763 3553 3808 ut
3594 3761 3651 3810 et

2086 3836 2323 3892 Arietem
2344 3836 2528 3894 Libra.

2086 3946 2376 4023 Consilium
2394 3951 2502 4023 ipse
2522 3966 2675 4003 suum
2695 3959 2772 4023 est
2789 3951 2972 4023 Aries:
2994 3961 3048 4006 ut
3071 3955 3302 4022 principe
3318 3955 3532 4023 dignum
3549 3963 3648 4020 est,

2084 4019 2244 4073 Audit
2281 4036 2354 4084 se,
2387 4019 2700 4090 Libramque
2725 4021 2880 4087 videt,

2087 4130 2161 4182 ait
2191 4129 2464 4185 Manilius.
2510 4129 2724 4187 Taurus
2775 4130 3051 4202 Virginem
3086 4134 3252 4201 videt,
3295 4145 3349 4189 et
3402 4135 3652 4192 Piscibus

2085 4221 2351 4291 imperat;
2380 4222 2567 4279 Pisces
2603 4222 2889 4294 Scorpium
2924 4226 3124 4289 vident,
3165 4235 3218 4280 et
3259 4226 3487 4279 audiunt
3509 4226 3652 4280 Tau-

2086 4327 2230 4380 rum,
2263 4321 2316 4369 et
2348 4314 2430 4369 sic
2463 4316 2696 4385 reliqua.
2727 4316 2797 4367 At
2837 4314 3188 4386 DemOphilus
3220 4317 3647 4387 προστάσσοντα,

2087 4416 2141 4461 et
2171 4407 2514 4460 ὑπακούοντα
2541 4407 2732 4462 eodem
2771 4421 2880 4476 quo
2907 4405 3160 4461 Manilius
3187 4415 3240 4461 et
3259 4407 3462 4462 Paulus
3488 4408 3651 4463 modo

2087 4496 2426 4560 describens,
2459 4497 2562 4550 hoc
2601 4512 2709 4551 uno
2739 4496 2950 4562 differt,
2985 4497 3133 4566 quod
3185 4496 3423 4551 Arietem
3477 4499 3651 4567 impe-

2015 4593 2299 4648 Drantem
2363 4585 2538 4642 Libra:
2597 4589 2805 4653 statuit,
2861 4595 2914 4643 et
2974 4588 3195 4642 Libram
3253 4589 3651 4645 auscultantem

2083 4682 2277 4737 Arieti.

2154 4769 2333 4825 Julius
2358 4770 2630 4824 Firmicus
2652 4769 2748 4823 lib.
2773 4767 2840 4830 ll,
2865 4784 2986 4839 cap.
3007 4768 3472 4834 XXXll,videntia
3496 4770 3652 4840 signa

2083 4863 2272 4918 eadem
2323 4879 2447 4918 cum
2478 4862 2938 4925 Ptolemaicis,-et
2978 4861 3228 4930 συζύγοις
3257 4862 3467 4918 Gemini
3497 4862 3648 4928 facit,

2083 4972 2256 5026 caque
2309 4973 2368 5011 se
2413 4971 2481 5010 ex
2524 4955 2836 5021 Ptolemaeo,
2864 4955 3156 5019 Antiocho,
3186 4962 3240 5010 et
3267 4955 3538 5010 Dorothen
3563 4952 3651 5008 Si-

2084 5048 2252 5102 donio
2304 5047 2614 5102 describere
2663 5047 2973 5116 profitetur,
3023 5054 3184 5115 atque
3213 5047 3443 5100 antiscia
3474 5045 3651 5099 nomi-

2084 5137 2483 5200 nat,.nimirum
2505 5136 2650 5207 quod
2689 5137 2911 5191 umbras
2940 5152 3007 5191 ex
3031 5150 3189 5206 aequo
3234 5136 3650 5206 respondentes,
3691 5195 3702 5208 _

2083 5237 2139 5285 et
2195 5227 2422 5292 ἐναλλὰξ
2479 5226 2704 5282 faciant.
2771 5225 2905 5281 Nam
2946 5229 3001 5281 in
3053 5226 3296 5282 Geminis
3341 5235 3395 5280 et
3438 5225 3652 5281 Cancro

2084 5322 2320 5390 aéquales
2352 5328 2481 5374 sunt
2522 5329 2733 5383 noctes,
2771 5318 2865 5375 sed
2917 5319 3135 5373 inverso
3173 5319 3366 5373 ordine
3403 5337 3416 5372 :
3451 5317 3653 5387 quippe

2088 5413 2301 5466 nntium
2331 5413 2494 5467 unius
2518 5411 2610 5465 lini
2637 5412 2865 5465 alterius
2899 5412 3172 5479 congruit.
3201 5408 3361 5464 Initio
3393 5407 3654 5463 Gemino-

2089 5519 2208 5558 rum
2253 5505 2370 5558 dies
2404 5510 2704 5571 noctesque
2754 5501 2907 5570 paria
2947 5499 3154 5553 faciunt
3185 5514 3309 5553 cum
3339 5498 3552 5561 diebus,
3588 5511 3655 5550 ac

2087 5597 2344 5650 noctibus
2403 5597 2457 5648 in
2520 5594 2626 5647 line
2671 5592 2892 5647 Cancri.
2927 5591 3005 5645 Ita
3047 5592 3260 5644 initium
3309 5589 3475 5643 Tauri
3525 5603 3655 5642 cum

2089 5691 2194 5743 fine
2239 5687 2472 5754 Leonis;
2500 5686 2624 5741 ﬁnis
2656 5685 2802 5738 illius
2835 5699 2958 5738 cum
2998 5681 3163 5752 hujus
3193 5682 3346 5735 initio
3375 5679 3656 5735 convenit.

2093 5778 2184 5832 Sic
2233 5777 2454 5831 antiscii
2516 5777 2570 5829 in
2618 5774 2830 5842 sphaera
2865 5772 3121 5826 dicuntur
3146 5787 3254 5825 non
3290 5770 3465 5824 solum
3509 5766 3663 5838 quod

2095 5872 2318 5926 umbras
2352 5869 2408 5925 in
2439 5870 2683 5924 diversas
2713 5876 2893 5937 partes
2923 5866 3150 5937 jaciant,
3177 5865 3270 5920 sed
3316 5864 3479 5918 etiam
3512 5859 3662 5930 quod
