4124 6442
467 434 491 488 1
503 433 606 488 367

1451 437 1541 492 AD
1579 439 1848 494 susse"
1877 441 2279 498 cnnomcon
2313 423 2690 512 APPENDIXJ:
2757 409 2762 414 ’

3561 439 3703 496 1368

466 547 696 606 alternis
721 555 777 606 ει
803 549 1078 606 contrario
1101 551 1260 608 modo
1293 555 1528 624 aquales
1551 555 1818 620 habeant;
1839 557 2036 611 etenim
2067 567 2112 622 Α
2138 555 2378 610 Arietem
2424 554 2562 610 dixit
2615 564 2726 608 non‘
2763 553 2950 608 videre
2979 537 3196 610 Libram
3225 561 3444 626 propter
3480 555 3705 624 interje-

469 643 672 696 antteci
717 643 914 707 nostri,
958 659 1081 697 cum
1110 652 1194 699 est
1225 645 1398 700 hiems
1431 647 1610 711 nobis,
1645 649 1890 704 umbram
1935 649 2034 702 ha-

467 732 601 788 bent
655 732 993 801 breviorem;
1023 750 1124 790 nos
1169 751 1298 790 vero
1329 736 1701 808 longissimam
1739 757 1752 792 :
1785 739 2030 793 vicissim

468 835 674 894 autem,
703 843 826 882 cum
869 835 1115 883 aestatem
1153 829 1438 897 habemus,
1471 834 1680 888 umbrae
1711 841 1840 888 sunt
1873 835 2030 888 nobis

466 917 830 978 brevissimze.
865 919 973 974 illis
1006 919 1356 990 longissimze.
1381 923 1516 976 Tum
1565 925 1874 994 praepositio
1909 925 2030 976 ἀντὶ

467 1024 860 1079 nonnunquam
913 1013 1280 1080 aequalitatem
1333 1014 1624 1085 significat,
1657 1023 1715 1069 ut
1764 1015 2028 1082 ἀντίθεος,

467 1101 613 1170 quod
646 1105 854 1157 notavit
879 1103 1117 1161 Achilles
1151 1105 1341 1161 Tatius
1373 1108 1440 1161 ad
1471 1107 1624 1162 Arati
1654 1107 2026 1162 Plut-nomena.

465 1191 525 1246 In
557 1193 656 1248 hac
685 1194 1039 1250 antisciorum
1075 1199 1307 1262 ratione,
1347 1215 1410 1254 ac
1433 1199 1552 1255 loco
1581 1198 1802 1254 Firmici
1833 1201 2028 1254 imma-

463 1288 608 1338 niter
649 1283 921 1340 aberravit
947 1288 1030 1340 vir
1063 1289 1352 1352 maximus,
1389 1297 1448 1342 ut
1495 1289 1614 1358 ejus
1656 1290 1800 1344 simil
1849 1290 2030 1345 verbis

464 1382 608 1440 utar,
643 1377 736 1446 qui
783 1378 920 1433 nihil
949 1395 1016 1434 ex
1059 1381 1184 1446 isto,
1219 1381 1322 1436 nisi
1357 1380 1559 1436 fastum
1613 1390 1668 1436 et
1699 1382 2030 1452 praecipitem

461 1469 846 1524 conﬁdentiam
867 1473 1156 1542 expressit.
1183 1472 1318 1528 Nam
1355 1475 1408 1528 in
1440 1473 1771 1538 Manilianis,
1802 1474 2030 1530 antiscia

461 1575 524 1616 se
551 1569 791 1616 veterum
823 1561 1090 1618 hactenus
1113 1565 1294 1634 ignota
1322 1565 1556 1634 primum
1592 1565 1834 1619 omnium
1866 1565 2035 1635 expli-

463 1665 622 1707 casse
649 1651 816 1721 jactat
839 1654 913 1724 (p.
939 1654 1041 1709 155
1069 1655 1283 1726 ει159),
1304 1663 1358 1711 ει
1389 1656 1799 1713 mathematicos
1819 1673 2028 1720 omnes,

471 1745 622 1810 quod
665 1745 982 1801 nesciebant
1001 1747 1273 1803 docuisse.
1297 1747 1465 1819 Igitur
1493 1749 1724 1806 antiscia
1758 1751 2033 1806 veteribus

463 1835 622 1904 signa
641 1835 732 1889 illa
751 1835 920 1892 fuisse
939 1837 1090 1904 dicit,
1107 1855 1228 1908 quae
1246 1855 1274 1893 a
1295 1841 1510 1910 punctis
1527 1852 1760 1912 quatuor
1777 1842 2032 1897 cardina-

2131 656 2278 704 ctam
2338 655 2563 702 terram.
2594 645 2804 712 Quibus
2851 645 3110 710 nimirum
3167 647 3522 718 signiﬁcabat,
3556 647 3706 701 aliud

2131 754 2255 794 esse
2309 740 2546 810 signum,
2571 738 2716 808 quod
2749 737 2908 792 Aries
2944 737 3110 806 videt,
3139 737 3242 792 hoc
3289 747 3374 792 est
3401 737 3702 808 Virginem.

2139 827 2288 894 Quid
2345 830 2641 884 absurdius
2693 828 3060 894 Scaligeriana
3103 829 3208 882 ista
3247 831 3472 892 ratione,
3502 829 3607 884 diei
3637 829 3707 886 ab

2141 919 2414 974 Antiocho
2443 921 2677 976 Arietem
2704 937 2768 974 ac
2789 920 3006 976 Libram
3035 920 3263 974 antiscia
3297 920 3472 990 signa,
3497 921 3600 974 hoc
3623 930 3709 977 est

2142 1013 2404 1076 videntia,
2436 1019 2495 1065 ut
2547 1028 2612 1067 ex
2663 1012 2952 1066 Ptolemaeo
3004 1012 3312 1076 docuimus,
3361 1027 3484 1080 quae
3531 1026 3592 1066 se
3635 1011 3708 1065 ob

2131 1110 2334 1156 terram
2391 1104 2730 1172 interjectam
2783 1105 2967 1158 videre
3011 1121 3122 1158 non
3167 1105 3434 1174 possunt?
3481 1101 3537 1157 Si
3583 1103 3705 1174 βλέ-

2132 1211 2300 1247 ποντα
2329 1205 2476 1258 sunt,
2503 1195 2812 1262 cujusmodi
2853 1196 2966 1249 sola
2999 1203 3128 1250 sunt
3163 1196 3390 1250 antiscia
3412 1237 3425 1260 ,
3461 1197 3706 1266 profecto

2129 1285 2315 1340 videre
2345 1302 2406 1341 se
2437 1297 2628 1340 mutuo
2661 1287 2877 1341 debent.
2909 1287 3099 1342 Caicus
3129 1287 3422 1344 admodum
3465 1287 3587 1352 fuit,
3621 1289 3708 1342 ni-

2131 1378 2413 1447 miumque
2451 1393 2911 1448 properans,cum
2931 1379 3076 1433 hunc
3101 1377 3322 1434 Firmici
3357 1381 3536 1434 locum
3561 1381 3708 1452 lege-

2130 1475 2234 1532 ret,
2261 1469 2354 1540 qui
2379 1477 2488 1523 tam
2525 1478 2770 1541 apertum
2801 1471 3110 1526 conﬂictum
3143 1471 3426 1526 sententiae
3453 1487 3567 1527 suae
3595 1487 3707 1527 non

2131 1561 2535 1616 animadvertit.
2585 1561 2651 1616 Et
2695 1569 2880 1616 tamen
2929 1563 3128 1632 saipius
3169 1562 3236 1618 de
3271 1563 3522 1618 antisciis
3552 1571 3707 1618 vete-

2130 1665 2253 1704 rum
2277 1665 2306 1703 a
2334 1665 2393 1712 se
2423 1651 2659 1724 primum
2689 1652 2975 1722 explicatis
3008 1661 3062 1706 et
3090 1653 3377 1722 patefactis
3406 1653 3709 1724 triumphat

2133 1742 2375 1814 Scaliger
2409 1759 2422 1796 :
2463 1744 2518 1797 in
2545 1744 2745 1814 quibus
2777 1742 2910 1798 nihil
2941 1743 3073 1797 vidit
3109 1743 3351 1798 omnino.

2201 1832 2486 1889 Postremo
2535 1844 2594 1891 ut
2651 1833 2722 1888 ad
2768 1833 2974 1888 Manilii
3032 1844 3085 1888 et
3139 1832 3293 1888 Pauli
3351 1833 3706 1890 Alexandrini

469 1927 614 1982 libus
637 1944 702 1984 ex
731 1943 884 1998 aquo
912 1929 1145 1999 distant;
1169 1933 1272 1990 hoc
1301 1941 1384 1988 est
1408 1944 1516 1989 tam
1551 1935 2024 2004 audientia,quam
2055 1913 2099 1970 Β
2127 1925 2366 1992 videntia
2397 1933 2450 1981 et
2477 1925 2756 1982 audientia
2791 1925 2945 1996 signa
2971 1925 3157 1980 redeat
3187 1927 3384 1991 oratio,
3407 1927 3708 1997 verisimile

461 2019 726 2074 videntia.
755 2019 926 2076 Porro
984 2037 1107 2076 cum
1159 2023 1322 2078 iidem
1361 2035 1571 2082 veteres
1599 2027 1942 2095 aequinoctia,
1971 2033 2026 2080 et

459 2107 698 2165 solstitia
721 2111 986 2165 committi
1015 2111 1302 2167 crederent
1323 2113 1379 2166 in
1398 2115 1527 2170 totis
1550 2113 2024 2169 dodecatemoriis.

459 2197 795 2269 tricenisque
823 2201 1106 2271 gradibus,
1139 2203 1266 2256 inde
1309 2203 1605 2267 accidisse,
1631 2212 1693 2258 ut
1713 2217 1766 2257 et
1795 2204 2025 2258 audien-

457 2289 536 2346 tia
561 2291 651 2345 illa
679 2291 940 2356 facerent,
978 2309 1100 2364 quae
1125 2309 1193 2348 ex
1221 2309 1378 2363 atquo
1409 2295 1614 2349 distant
1637 2295 1704 2349 ab
1735 2295 1918 2350 Ariete
1943 2295 2026 2348 vel

447 2377 646 2450 Libra,
679 2387 732 2436 et
779 2383 1039 2448 videntia,
1082 2399 1204 2454 qua:
1237 2385 1307 2439 ab
1351 2384 1566 2440 Cancro
1595 2391 1650 2442 et
1690 2383 2028 2456 Capricorno

459 2471 593 2529 totis
629 2487 694 2530 ex
731 2487 887 2545 atquo
919 2483 1126 2530 remota
1159 2485 1306 2532 sunt.
1363 2477 1488 2532 Haec
1539 2492 1572 2532 a
1635 2477 1866 2532 veritate
1901 2485 2029 2532 sunt

459 2561 819 2622 alienissima.
873 2563 1096 2620 Falsum
1129 2574 1214 2622 est
1258 2567 1512 2638 antiquos
1567 2567 1797 2622 antiscia
1852 2567 2030 2622 nomi-

458 2669 624 2714 nasse
653 2657 806 2727 signa
839 2657 1104 2728 ulla,quaa
1123 2660 1192 2715 ab
1211 2659 1436 2732 integris
1459 2658 1829 2714 cardinalibus
1855 2657 2028 2730 signis

457 2747 656 2818 aequali
692 2749 870 2817 spatio
917 2751 1208 2814 distarent,
1253 2751 1521 2822 siquidem
1579 2751 1713 2820 ipsis
1749 2751 2026 2820 signorum

457 2835 635 2892 initiis
697 2837 953 2896 cardines
1021 2839 1318 2908 aﬂigerent.
1376 2837 1516 2912 Tum
1567 2839 1622 2893 in
1673 2839 2028 2894 antisciorum

459 2925 731 2984 οἰκειώσει
761 2928 876 2982 sola
907 2939 1109 2998 puncta
1147 2929 1459 2983 solstitialia
1494 2929 1672 2982 locum
1703 2928 2028 2995 habuerunt,

459 3034 572 3074 non
601 3019 1038 3090 aequinoctialia;
1069 3037 1246 3091 neque
1295 3028 1408 3096 tota
1459 3023 1577 3091 ipsa
1623 3019 1818 3074 Cancri
1849 3027 1903 3072 et
1926 3017 2031 3072 Ca-

457 3111 704 3182 pricorni
743 3111 1201 3188 dodecatemoria,
1227 3111 1320 3167 sed
1353 3112 1444 3165 illa
1473 3111 1590 3182 ipsa
1623 3117 1823 3182 puncta
1849 3109 2032 3164 solsti-

459 3203 684 3258 tiorum.
726 3202 945 3266 Nullum
977 3203 1289 3258 vanissima!
1333 3203 1607 3273 opinionis
1647 3210 2024 3272 argumentum

461 3253 1300 3363 aiii“gc;.1a‘,;;"'aanno
1340 3253 2021 3361 ιῆἑ-“πῆἷ‹ὲῖ]οέὲιῖιῖ(ιῖιέ.ιι.
2051 3253 2094 3312 α

459 3397 514 3438 c.
549 3381 788 3453 XXXII),
822 3397 984 3453 quem
1042 3382 1276 3451 pessime
1324 3381 1716 3450 interpretatus
1759 3386 1862 3456 est.
1893 3376 2026 3445 Ejus

461 3473 750 3544 scriptoris
783 3473 946 3528 verba
979 3481 1109 3528 sunt
1145 3489 1157 3526 :
1201 3489 1220 3522 ‹
1257 3471 1522 3533 Antiscla,
1553 3469 1866 3525 Graecorum
1899 3473 2028 3521 sunt

459 3565 624 3621 nobis
654 3565 970 3637 magisterio
1017 3563 1234 3619 tradita.
1267 3563 1401 3618 Nolo
1426 3564 1572 3619 enim
1602 3563 1800 3633 aliquis
1849 3561 2029 3630 suspi-

461 3663 636 3724 cetur,
672 3657 820 3728 quod
875 3673 984 3712 non
1042 3657 1116 3712 sit
1161 3657 1304 3728 apud
1337 3655 1555 3712 Gmcos
1597 3655 1703 3711 iste
1737 3662 2024 3710 tractatus.

461 3749 600 3810 Nam
630 3751 676 3806 si
703 3751 1024 3808 Ptolemaeus
1040 3751 1242 3806 nullam
1271 3751 1429 3806 aliam
1461 3751 1727 3805 rationem
1759 3750 2026 3819 sequitur,

463 3839 573 3895 nisi
625 3841 1006 3906 antisciorum,
1046 3851 1103 3896 et
1153 3841 1478 3905 Antiochus,
1512 3855 1638 3896 cum
1693 3839 1828 3895 dicit
1885 3839 2029 3910 quod

463 3931 632 4006 Libra
655 3933 892 4003 Arietem
922 3943 1140 4004 propter
1172 3941 1395 3997 terram,
1426 3949 1548 4004 quae
1583 3931 1756 3988 media
1790 3941 1891 3998 est,
1919 3947 2030 3994 non

465 4023 681 4092 videat;
714 4023 867 4093 quasi
903 4039 1000 4094 per
1026 4025 1306 4094 speculum
1339 4026 1560 4096 quidem
1594 4025 1860 4080 rationem
1891 4024 2032 4077 anti-

466 4119 708 4196 8ciorum
747 4121 984 4195 attingit.
1028 4141 1046 4174 ι
1084 4119 1316 4192 Subjicit
1345 4121 1432 4175 his
1473 4117 1742 4172 Firmicus
1766 4115 2030 4171 antiscio-

465 4227 591 4272 rum
644 4213 1068 4286 descriptionem
1109 4229 1176 4268 ex
1230 4212 1500 4268 Dorotheo
1539 4209 1786 4271 Sidonio,
1819 4208 2031 4278 qualem

465 4318 570 4368 n03
625 4310 784 4358 amca
841 4304 1202 4373 rdeidimus,
1238 4303 1491 4359 videlicet
1525 4302 1580 4357 in
1619 4317 1724 4373 qua
1766 4301 1920 4369 signa
1952 4297 2035 4352 di-

465 4399 614 4450 stant
643 4391 926 4466 azqualiter
963 4407 991 4445 a
1033 4393 1256 4468 punctis.
1283 4392 1506 4461 tr0pieis
1536 4410 1549 4445 :
1579 4405 1700 4462 quae
1731 4390 1891 4444 unica
1926 4395 2032 4452 est,

465 4490 520 4540 et
547 4483 833 4542 verissima
861 4481 1004 4550 ratio
1027 4481 1134 4538 τῶν
1167 4481 1481 4546 ἀντισκίων,
1506 4481 1760 4535 vetustati
1792 4477 2030 4546 cognita.

2125 2023 2210 2069 est
2265 2013 2408 2070 hanc
2468 2015 2687 2082 illorum
2734 2015 3026 2078 rationem,
3062 2029 3184 2083 quze
3215 2014 3370 2084 paria
3419 2015 3703 2084 signorum

2125 2105 2362 2178 instituit
2391 2105 2686 2176 ejusmodi,
2709 2121 2830 2176 quae
2857 2121 2965 2160 non
3009 2121 3038 2158 a
3065 2107 3282 2175 punctis
3303 2105 3704 2172 cardinalibus,

2125 2197 2220 2252 sed
2264 2197 2332 2251 ab
2377 2197 2606 2267 integris
2639 2213 2829 2252 eorum
2867 2197 3324 2252 dodecatemoriis
3365 2198 3484 2268 pari
3529 2199 3708 2267 spatio

2125 2287 2350 2352 distant,
2385 2303 2452 2360 es
2480 2289 2572 2356 illa
2599 2297 2864 2351 veterum,
2888 2303 3050 2358 quam
3080 2304 3244 2358 supra
3269 2287 3692 2352 declaravimus,

2125 2377 2385 2448 Opinione
2417 2391 2692 2446 .manasse
2713 2394 2727 2446 ;
2749 2383 2886 2448 'qute
2929 2384 3134 2454 puncta
3162 2375 3350 2456 eadem
3388 2391 3500 2431 non
3527 2375 3706 2434 initiis

2127 2471 2434 2540 signorum,
2477 2469 2572 2524 sed
2609 2469 2809 2524 mediis
2837 2469 2972 2540 ipsis
3003 2469 3354 2538 ascripserat.
3383 2466 3460 2522 Ita
3503 2469 3706 2538 quippe

2127 2569 2240 2615 tam
2295 2561 2624 2632 imperantia
2679 2568 2733 2615 et
2787 2561 3155 2630 auscultantia
3185 2559 3392 2614 distant
3421 2561 3706 2629 aequaliter

2129 2653 2199 2708 ab
2247 2653 2724 2724 aequinoctialibus
2773 2654 3011 2724 punctis,
3041 2668 3211 2724 quam
3255 2667 3287 2706 a
3335 2654 3562 2724 tropicis
3585 2653 3706 2722 βλέ-

2127 2761 2329 2812 ποντα;
2399 2745 2625 2799 antiscia
2653 2760 2781 2800 vero
2810 2745 3081 2799 nominari
3109 2745 3224 2799 sola
3255 2744 3370 2798 hinc
3401 2745 3708 2816 posteriora

2128 2837 2348 2892 debent.
2393 2835 2468 2890 De
2519 2836 2672 2890 hisce
2717 2835 2844 2890 vide
2895 2834 3710 2908 Mirandulanidisputationen;

2127 2927 2222 2983 lib.
2250 2925 2316 2980 Vl
2345 2937 2537 2982 contra
2568 2927 2756 2982 astrol.
2785 2942 2907 2996 cap.
2941 2925 3058 2998 XI].

2691 3039 2920 3096 CAPUT
2963 3039 3100 3094 VIII.

2129 3131 2210 3187 De
2235 3131 2601 3204 dignoscendis
2629 3133 2902 3186 stellarum
2934 3133 3136 3204 ortibus
3185 3141 3234 3186 et
3265 3133 3558 3196 occasibus,
3580 3149 3710 3204 quo:

2203 3220 2322 3256 rum
2346 3201 2484 3270 apud
2513 3212 2750 3255 auctores
2783 3204 2980 3256 mentio
3021 3202 3100 3272 βε
3121 3218 3139 3254 :
3179 3219 3294 3272 qua:
3321 3219 3402 3256 res
3433 3201 3702 3258 certiore-

2193 3274 2352 3343 gutis,
2370 3283 2417 3326 et
2447 3273 2694 3343 exemptis
2719 3273 3033 3343 instruitur;
3060 3271 3472 3342 Theophrastus,
3510 3273 3700 3337 Varro,

2205 3341 2450 3404 Plinius,
2491 3341 2807 3412 Columella,
2843 3341 3184 3404 Ptolemwus,
3221 3343 3414 3412 aliique
3451 3343 3528 3396 uel
3577 3343 3708 3396 imi;

2207 3414 2391 3476 strati,
2425 3412 2503 3465 cel
2539 3411 2833 3482 emendati;
2865 3429 2982 3482 qua:
3003 3413 3073 3482 sit
3105 3413 3405 3465 admissura
3445 3421 3706 3482 tempora.-

2201 3483 2307 3546 ria,
2337 3493 2386 3536 et
2422 3485 2675 3536 serotina.
2706 3479 2957 3535 Geneseos
2993 3481 3136 3535 locus
3166 3483 3472 3554 exponitur.

2215 3571 2318 3644 Qui
2347 3586 2412 3626 ex
2448 3571 2832 3626 astronomicis
2877 3569 3079 3625 tabulis
3116 3578 3500 3639 computantur
3527 3577 3704 3636 ortus,

2133 3660 2434 3730 obitusque
2489 3659 2790 3722 stellarum,
2837 3659 3026 3728 quales
3080 3657 3136 3712 in
3195 3657 3301 3712 (ine
3367 3658 3490 3712 libri
3539 3657 3708 3730 primi

2129 3753 2544 3824 descripsimus,
2571 3753 2608 3806 ii
2635 3753 2746 3806 veri
2779 3761 2925 3819 sunt,
2951 3759 3003 3806 et
3034 3751 3297 3823 ἀκριϐεῖς,
3327 3766 3428 3806 nec
3449 3749 3515 3804 ad
3545 3751 3707 3820 liqui-

2131 3847 2260 3900 dum
2311 3853 2654 3918 apparentes,
2685 3846 2848 3899 etiam
2883 3843 3112 3908 heliaci;
3143 3857 3268 3896 nam
3298 3844 3352 3896 in
3389 3842 3494 3896 hoc
3521 3849 3706 3912 poste-

2131 3937 2262 4012 riori
2313 3923 2506 4006 genere
2558 3935 2646 4008 (de
2700 3935 2909 3990 caeteris
2956 3935 3098 3989 enim
3137 3935 3417 4003 explorata
3453 3949 3542 3988 res
3595 3941 3704 4008 estl

2131 4041 2474 4102 nequaquam
2506 4043 2601 4100 eos
2646 4027 2762 4102 visu
2791 4041 2955 4098 posse
2988 4027 3254 4098 discerni)
3287 4027 3516 4080 extremi
3538 4039 3707 4097 appa;

2132 4121 2348 4176 ritionis
2379 4121 2598 4174 termini
2633 4121 2996 4192 colliguntur;
3031 4119 3130 4174 hoc
3161 4130 3243 4174 est
3265 4126 3536 4173 momenta
3561 4117 3704 4188 ipsa.

2133 4213 2190 4268 in
2224 4213 2426 4284 quibus
2459 4213 2530 4268 ita
2578 4213 2755 4284 primo
2815 4221 3161 4284 postremove
3189 4218 3509 4274 cernuntur,
3539 4219 3598 4263 ut
3625 4209 3708 4262 ci-

2133 4313 2220 4358 tra
2247 4319 2312 4360 ea
2339 4303 2514 4360 videri
2545 4303 2820 4360 desinant.
2857 4301 3222 4370 Quamobrem
3255 4301 3400 4372 quod
3429 4309 3544 4355 tum
3578 4315 3709 4369 pron-

2133 4395 2258 4466 pius
2307 4395 2630 4465 contingunt
2665 4395 3004 4450 horizontem
3027 4433 3042 4458 ,
3072 4401 3126 4448 et
3157 4392 3456 4462 interjectis
3485 4391 3704 4446 nebulis

2143 4505 2208 4544 ac
2225 4487 2520 4558 vaporibus
2550 4487 2868 4560 plerumque
2891 4487 3058 4540 latent
3083 4483 3349 4548 adhuc,et
3379 4483 3705 4537 intuentium

463 4577 536 4632 Αι
568 4574 812 4646 Scaliger
836 4589 899 4630 ex
924 4575 1032 4642 illis
1064 4571 1288 4645 Firmici
1320 4573 1500 4630 verbis
1537 4573 1742 4643 colligit
1771 4571 2030 4642 primum.
2063 4585 2109 4642 D
2139 4579 2472 4650 frustrantur
2516 4577 2739 4650 oculos,
2774 4577 2902 4629 hinc
2934 4573 3076 4645 apud
3121 4574 3416 4648 scriptores
3457 4587 3584 4626 raro
3613 4571 3714 4640 illa.

464 4667 534 4722 τὰ
565 4669 975 4738 προστάσσοντα
1013 4675 1238 4730 tantum,
1269 4674 1325 4721 et
1369 4663 1708 4720 ὑπακούοντα
1747 4681 1764 4713 ι
1804 4661 2032 4716 antiscia

465 4761 652 4814 vocari
689 4779 707 4812 ι
748 4775 778 4812 a
837 4755 1074 4826 Firmico
1107 4777 1119 4811 :
1151 4769 1262 4812 tum
1314 4757 1543 4811 antiscia
1591 4753 1842 4810 Antiochi
1897 4752 2035 4807 falso

465 4867 592 4926 eum
621 4849 968 4912 Ptolemaicis
1001 4849 1283 4914 contundi,
1327 4865 1448 4903 cum
1483 4849 1592 4903 sint
1620 4849 1868 4908 diversa;
1905 4861 2032 4899 nam

464 4941 719 4997 Antiochi
748 4941 978 5011 antiscia
1007 4949 1134 4995 sunt
1162 4939 1252 5012 illa
1281 4948 1545 5006 veterum,
1575 4940 1628 4992 in
1659 4939 1856 5008 quibus
1881 4951 2032 4989 com-

464 5037 620 5106 paria
649 5033 804 5103 signa
831 5032 898 5086 ab
921 5032 1148 5103 integris
1181 5031 1638 5102 dodecatemoriis
1661 5028 2034 5083 cardinalibus

464 5143 530 5190 ex
557 5141 713 5196 atquo
746 5130 1114 5192 removentur,
1148 5130 1207 5177 ut
1244 5127 1372 5184 sunt
1401 5121 1560 5187 Aries
1602 5129 1656 5176 et
1695 5119 1875 5175 Libra.
1909 5119 2034 5174 Haec

467 5217 734 5288 Scaliger.
783 5215 842 5289 In
873 5217 1073 5286 quibus
1113 5223 1222 5283 tam
1261 5214 1328 5284 ab
1372 5213 1450 5267 rei
1502 5212 1749 5280 veritate,
1802 5226 1966 5281 qttam
2001 5226 2032 5265 a

465 5317 650 5364 mente
695 5307 918 5363 Firmici
986 5315 1134 5362 totus
1195 5307 1432 5361 aberrat.
1485 5303 1754 5372 Firmicus
1803 5303 2036 5359 antiscia

467 5401 586 5457 sola
629 5400 723 5455 illa
757 5401 909 5470 signa
947 5399 1220 5460 nominat,
1249 5413 1368 5468 qua:
1397 5396 1718 5460 Ptolemteus
1749 5395 2032 5466 βλέποντα,

465 5501 580 5554 pon
613 5488 956 5558 imperantia,
984 5488 1240 5542 nimirum
1265 5502 1327 5542 ca
1359 5486 1794 5555 duntaxat,quaa'
1828 5501 1857 5540 a
1901 5501 2036 5554 pun-

469 5577 576 5632 ctis
622 5578 1006 5632 solstitialibus
1061 5578 1348 5648 aequaliter
1387 5577 1629 5643 distant;
1666 5590 1766 5642 nee
1795 5583 1923 5630 sunt
1949 5575 2034 5629 di-

469 5682 649 5730 versa,
688 5684 810 5738 qua:
852 5667 1155 5723 Antiochus
1187 5667 1488 5731 astruebat,
1525 5668 1594 5721 ab
1625 5667 1874 5725 antisciis
1911 5666 2038 5721 Pto-

471 5758 646 5812 lemazi
691 5769 785 5814 aut
830 5757 1075 5815 Firmici.
1109 5759 1438 5814 Antiochum
1483 5759 1558 5812 ait
1595 5757 1866 5815 Firmicus
1898 5760 2038 5812 anti-

471 5851 714 5922 seiorum
779 5849 1013 5904 obscure
1065 5850 1381 5922 meminisse
1425 5849 1608 5904 verbis
1651 5849 1794 5916 illis,
1839 5851 2037 5922 quibus

2135 4671 2328 4726 eadem
2361 4667 2745 4739 exprimuntur
2795 4674 3060 4736 tempora,
3093 4681 3212 4734 quae
3257 4663 3564 4718 tabularum
3593 4677 3707 4716 me-

2134 4761 2336 4814 thodus
2368 4759 2616 4824 exhibet;
2649 4758 2742 4814 sed
2775 4759 3053 4827 aliquanto
3091 4765 3233 4820 ante,
3263 4757 3347 4810 vel
3381 4763 3587 4825 postea,
3614 4769 3706 4807 or—

2135 4861 2226 4910 tus
2250 4861 2304 4908 ct
2325 4865 2557 4907 occasus
2587 4851 2663 4904 illi
2695 4849 3028 4906 referuntur.
3055 4849 3134 4906 Ac
3167 4855 3294 4910 sunt
3321 4861 3382 4900 ea
3413 4844 3706 4915 repetenda

2135 4945 2420 5006 memoria,
2457 4957 2579 5012 qua:
2605 4957 2673 4996 ex
2707 4939 2934 4996 Gemino
2963 4941 3102 5010 (cap.
3131 4937 3223 5002 XI,
3248 4953 3367 5008 pag.
3399 4935 3488 5006 28)
3527 4935 3710 5006 capite

2135 5033 2300 5102 hujus
2321 5033 2440 5087 libri
2467 5032 2630 5087 tertio
2653 5031 3012 5098 tradidimus;
3043 5037 3196 5083 ortus
3225 5042 3562 5096 occasusque
3588 5041 3704 5078 nta-

2135 5126 2346 5188 tutinos,
2403 5139 2586 5198 veros,
2616 5123 2730 5178 sive
2773 5138 2883 5177 non
2935 5131 3279 5192 apparentes,
3317 5119 3526 5190 priores
3578 5130 3704 5170 esse

2136 5215 2501 5286 φαινομένοις,
2537 5215 2588 5267 id
2617 5219 2701 5268 est
2733 5231 2752 5278 ς
2786 5213 3236 5286 θρρενειιιίὺυεςι
3265 5217 3454 5264 contra
3479 5221 3706 5276 vesper-

2135 5308 2283 5361 tinos
2307 5285 2635 5376 apparentes
2667 5305 2818 5374 prius
2854 5285 3102 5358 accidere
3130 5317 3291 5371 quam
3321 5313 3479 5354 veros
3511 5317 3522 5351 :
3556 5296 3704 5366 quod

2135 5407 2190 5454 et
2227 5413 2316 5452 res
2373 5399 2490 5466 ipsa
2545 5396 2736 5460 docet,
2766 5402 2820 5448 et
2867 5409 2988 5464 quae
3018 5393 3071 5446 in
3103 5391 3420 5446 laterculum
3469 5387 3708 5456 (ιὸηὶεεί-

2136 5505 2260 5545 mus
2310 5489 2556 5558 exempla
2586 5488 2984 5541 demonstrant.
3011 5483 3090 5538 lbi
3129 5484 3274 5538 enim
3307 5481 3500 5536 heliaci
3525 5489 3702 5544 ortus,

2139 5579 2252 5633 sive
2276 5579 2524 5632 matutini
2555 5585 2899 5646 apparentes,
2925 5575 3179 5630 cosmicis
3203 5574 3531 5643 posteriores
3555 5581 3710 5648 sunt,

2137 5681 2191 5728 et
2222 5686 2453 5725 occasus
2485 5670 2697 5732 heliaci,
2719 5671 2831 5724 sive
2857 5675 3185 5738 apparentes
3207 5665 3518 5735 vespertini.
3547 5679 3706 5718 acro-

2138 5760 2369 5832 nychos,
2399 5775 2494 5814 seu
2524 5759 2867 5828 vespertinos
2908 5773 3066 5812 veros
3105 5757 3458 5814 antecedunt.
3489 5755 3626 5808 Tum
3651 5757 3706 5812 in

2139 5850 2470 5922 vespertinis
2502 5851 2712 5904 ortibus
2735 5861 2788 5905 et
2809 5850 3090 5908 matutinis
3117 5849 3424 5912 occasibus,
3450 5863 3478 5901 a
3509 5847 3712 5928 quibus
