4124 6470
414 437 554 494 1369

1242 436 1698 498 DISSERTATIO
1736 441 1824 496 DE
1863 442 2049 498 ORTU
2081 442 2167 496 ET
2206 441 2478 500 OCCASU
2524 442 2848 499 SIDEIIUFJ.

3524 451 3660 504 1370

415 550 574 620 longe
603 550 802 605 absunt
831 549 1051 615 heliaci,
1083 550 1226 608 idem
1262 557 1534 620 usuvenit,
1567 558 1646 610 uti
1683 573 1784 614 nos
1812 561 1988 628 capite
2019 565 2060 620 Α
2091 575 2349 612 occasum
2398 560 2726 624 cosmicum,
2760 569 2815 615 et
2870 568 3050 615 ortum
3089 563 3475 633 acronychum.
3506 563 3660 630 Quod

419 643 517 700 illo
544 644 962 702 declaravimus.
980 646 1117 701 Cum
1144 649 1288 702 enim
1320 650 1400 702 sol
1428 659 1617 705 contra
1643 653 1803 722 primi
1835 653 1983 708 orbis

414 736 676 806 impetum
698 753 890 793 versus
909 740 1116 793 ortivas
1149 741 1270 794 coeli
1297 750 1480 810 partes
1503 743 1570 797 ab
1587 744 1830 798 occiduis
1856 759 1984 798 suo-

414 837 507 898 pte
553 835 701 882 motu
735 830 999 898 rapiatur,
1035 831 1269 894 stellam,
1310 832 1401 886 ubi
1451 843 1778 889 consecutus
1819 842 1923 897 est,
1952 850 1983 887 a

417 929 570 987 tergo
597 919 877 988 relinquit,
911 926 965 975 et
997 911 1051 973 in
1083 923 1474 990 consequentia
1509 925 1681 993 magis
1704 927 1982 994 magisque

415 1008 627 1062 nititur.
679 1006 756 1061 Ita
792 1009 852 1061 lit
898 1018 978 1073 ut,
1037 1024 1160 1063 cum
1205 1011 1417 1063 stellam
1451 1011 1503 1063 in
1533 1013 1742 1066 oriente
1769 1013 1980 1082 positus

415 1099 754 1153 occidentem
783 1114 849 1153 ex
880 1099 1110 1154 adverso
1153 1101 1396 1169 respicit,
1434 1103 1525 1170 qui
1563 1110 1648 1157 est
1680 1118 1840 1157 verus
1887 1119 1982 1157 co-

415 1192 622 1247 smicus
661 1207 912 1257 occasus,
949 1192 1127 1246 adhuc
1159 1207 1278 1246 eam
1315 1194 1481 1247 radiis
1521 1193 1817 1248 abscondat
1843 1195 1978 1258 suis,

413 1296 515 1334 nec
565 1281 737 1336 videri
791 1281 1027 1350 patiatur
1069 1299 1083 1334 :
1136 1288 1278 1350 post,
1313 1282 1401 1334 ubi
1457 1282 1667 1351 longius
1691 1282 1976 1351 abscessit,

414 1380 538 1426 ante
571 1372 719 1427 illius
749 1364 929 1425 ortum
963 1372 1218 1440 paulatim
1252 1372 1532 1426 cadentem
1559 1373 1975 1443 prospiciamus,

412 1463 556 1532 quod
592 1463 840 1532 pluribus
896 1462 1090 1517 deinde
1137 1463 1329 1517 diebus
1378 1464 1597 1518 accidit.
1631 1464 1672 1517 E
1702 1467 1978 1518 contrario

413 1570 536 1607 cum
571 1555 626 1608 in
650 1555 931 1610 occidente
962 1555 1044 1609 sol
1073 1562 1179 1619 est,
1210 1555 1513 1623 Oppositam
1551 1555 1757 1610 habens
1784 1571 1814 1610 e
1861 1555 1978 1608 dia-

410 1654 585 1700 metro
617 1646 828 1700 stellam
859 1646 950 1716 qui
987 1654 1068 1701 est
1098 1660 1259 1700 verus
1309 1653 1462 1699 ortus
1507 1646 1676 1700 stella:
1713 1646 1979 1716 vesperti-

414 1753 556 1812 nus,
592 1738 849 1808 deinceps
879 1739 1121 1793 eamdem
1160 1737 1438 1791 occultare
1474 1739 1668 1809 pergit,
1719 1739 1787 1792 ad
1835 1754 1979 1794 eam-

411 1844 519 1898 que
551 1830 810 1899 paulatim
842 1829 1070 1899 adrepit.
1107 1828 1290 1899 Itaque
1320 1836 1447 1884 ante
1475 1838 1686 1900 tempus
1714 1831 1846 1885 illud
1875 1847 1974 1900 op-

411 1920 701 1990 positionis
758 1921 1005 1990 pluribus
1056 1921 1252 1975 diebus
1310 1934 1563 1975 occasum
1626 1921 1737 1990 jam
1805 1902 2048 1977 solemB

410 2022 604 2070 exortu
635 2031 734 2071 suo
771 2015 923 2070 stella
964 2023 1257 2086 consecuta
1292 2015 1488 2082 fuerat,
1520 2031 1681 2085 quem
1713 2030 1976 2086 apparen-

411 2112 521 2161 tem
552 2112 730 2176 ortum
760 2108 1130 2175 vespertinum
1165 2107 1470 2162 nominant.

480 2195 619 2268 IIinc
655 2196 798 2267 apud
842 2197 1138 2266 scriptores
1169 2198 1330 2252 etiam
1360 2197 1504 2260 illos,
1540 2196 1634 2266 qui
1664 2196 1976 2252 uniusmodi

409 2288 534 2343 ειειί
577 2289 838 2358 positum,
870 2288 1418 2358 observationemque
1452 2289 1625 2343 secuti
1674 2295 1823 2354 sunt,
1858 2289 1978 2358 plu-

408 2380 564 2434 ribus
591 2380 784 2434 diebus
815 2390 960 2441 ante.
992 2382 1072 2435 vel
1104 2388 1229 2449 post
1255 2387 1480 2435 exortus
1508 2395 1689 2444 veros,
1719 2394 1980 2435 occasus-

410 2486 516 2540 que
539 2509 554 2534 ,
579 2472 858 2526 stellarum
892 2472 1084 2538 φάσεις
1115 2477 1372 2524 notantur
1398 2489 1411 2525 :
1438 2471 1581 2540 quod
1603 2472 1679 2524 illi
1711 2487 1977 2540 apparen-

411 2569 492 2616 tes
522 2561 634 2619 fere
673 2562 974 2616 consectati
1010 2569 1157 2617 sunt.
1190 2561 1320 2628 Qua:
1345 2563 1468 2631 quia
1502 2577 1609 2616 non
1640 2579 1749 2616 uno
1781 2563 1869 2617 die
1915 2578 1980 2618 ac

411 2659 687 2724 momento
749 2653 1037 2715 accidunt,
1068 2653 1190 2707 ideo
1233 2653 1334 2708 sub
1368 2653 1555 2708 eadem
1595 2660 1838 2724 tempora
1866 2655 1980 2724 ple-

409 2757 644 2813 rumque
689 2751 1029 2814 repetuntur,
1079 2751 1132 2798 et
1182 2744 1247 2798 ad
1304 2745 1420 2799 dies
1470 2752 1838 2814 propagantur
1880 2746 1980 2798 ali-

411 2844 564 2905 quot.
608 2834 714 2904 Sed
775 2836 829 2889 in
881 2835 948 2890 iis
996 2835 1349 2906 designandis
1391 2836 1700 2906 complures
1749 2838 1980 2892 obscure

410 2925 729 2994 loquuntur,
764 2938 827 2978 ac
857 2924 1144 2994 perplexe;
1179 2928 1272 2995 qui
1316 2941 1415 2980 nec
1457 2913 1674 2979 ortuum
1729 2933 1783 2980 et
1822 2941 1981 2981 occa-

411 3031 570 3070 suum
611 3022 876 3084 tempora,
908 3029 1083 3084 neque
1134 3016 1364 3085 spccicm
1407 3025 1589 3084 aperte
1636 3016 1972 3086 signiﬁcant,

411 3120 477 3160 ac
502 3105 588 3160 vix
616 3106 943 3172 conjectura:
975 3106 1196 3161 lectoris
1227 3105 1490 3160 ulli'satis
1512 3106 1760 3161 idoneam
1789 3123 1979 3164 ansam

411 3196 664 3252 oﬂ'erunt.
699 3196 887 3267 Itaque
912 3214 1014 3252 usu
1049 3213 1113 3268 ac
1137 3197 1346 3266 judicio
1374 3199 1696 3268 cumprimis
1728 3216 1867 3271 opus
1895 3210 1980 3258 est

411 3289 482 3343 ad
517 3303 581 3352 ea
615 3287 1068 3355 discernenda,in
1103 3289 1302 3358 quibus
1340 3290 1418 3343 vel
1450 3284 1619 3353 uella,
1654 3291 1740 3345 vel
1781 3292 1978 3362 exigua

412 3378 480 3432 ad
504 3376 968 3449 pronuntiandum
1023 3377 1240 3446 φάσεων
1273 3395 1446 3448 genus
1493 3392 1813 3450 argumenta
1848 3397 1980 3453 sup-

411 3477 624 3541 petunt.
666 3469 890 3525 Accedit
939 3471 1184 3524 locorum
1230 3472 1623 3542 regionumque
1669 3472 1976 3540 diversitas,

413 3563 471 3617 in
503 3562 703 3632 quibus
751 3571 904 3618 ortus
952 3571 1006 3617 et
1033 3577 1265 3617 occasus
1305 3563 1384 3617 illi
1421 3564 1654 3632 ﬁebant;
1691 3565 1847 3634 cujus
1880 3582 1978 3620 va-

413 3653 626 3708 rietatis
650 3659 898 3708 auctores
921 3667 1063 3722 sape
1089 3653 1302 3708 ratione
1319 3653 1502 3707 habita
1528 3655 1702 3719 nulla,
1721 3670 1842 3728 qua:
1857 3656 1980 3712 aliis

415 3752 576 3815 atque
605 3744 726 3799 aliis
759 3743 1044 3799 observata
1077 3752 1205 3799 sunt
1233 3745 1368 3800 locis
1410 3759 1475 3799 ac
1517 3747 1850 3816 temporibus
1878 3763 1980 3803 nec

415 3838 608 3894 iisdem
637 3853 702 3892 ex
731 3837 1204 3908 parapegmatibus
1230 3836 1502 3902 confecta,
1541 3840 1874 3908 permiscent
1898 3839 1981 3898 ine

391 3924 586 3985 'vicem
622 3947 634 3983 :
663 3921 784 4000 quae
820 3944 909 3985 res
935 3943 1227 3994 morosam,
1261 3944 1324 3984 ac
1349 3929 1732 3999 propemodum
1759 3931 1982 3986 inextri-

416 4021 648 4076 cabilem
675 4021 904 4075 istarum
934 4035 1117 4075 rerum
1147 4021 1615 4091 investigationem
1654 4022 1803 4079 facit.

488 4111 596 4168 Sed
624 4121 684 4167 ut
716 4113 772 4166 in
806 4113 874 4168 iis
903 4113 1266 4184 inquirendis,
1292 4112 1471 4184 quoad
1499 4113 1615 4168 ﬁeri
1639 4120 1834 4184 potest,
1862 4129 1982 4170 cer-

419 4215 526 4260 tam
563 4207 774 4262 tirones
815 4207 960 4262 viam
993 4216 1213 4274 teneant
1245 4223 1308 4264 ac
1349 4209 1590 4280 regulam
1613 4250 1629 4274 ,
1675 4209 1798 4276 hoc,
1834 4209 1978 4281 quod

419 4299 581 4361 paulo
608 4311 736 4354 ante
772 4299 1032 4365 diximus,
1083 4301 1487 4367 animadverso,
1533 4302 1789 4357 nimirum
1826 4319 1984 4374 appa-

419 4400 603 4447 rentes
636 4392 817 4460 potius
849 4391 1065 4461 φάσεις,
1098 4409 1261 4464 quam
1301 4410 1480 4459 veras,
1514 4395 1583 4449 ab
1619 4396 1981 4466 scriptoribus

419 4483 664 4538 adhiberi
713 4501 728 4536 :
773 4489 890 4537 tum
939 4499 1004 4538 eo
1051 4499 1293 4556 quoque,
1328 4494 1652 4557 apparentes
1713 4495 1865 4544 ortus
1927 4497 1983 4544 et

418 4591 650 4632 occasus
681 4577 980 4632 matutinos
1023 4579 1357 4647 posteriores
1394 4595 1515 4635 esse
1558 4580 1738 4646 vcris';
1773 4582 1984 4652 priores

421 4677 604 4725 autem
637 4678 962 4740 apparentes
995 4678 1149 4727 ortus
1177 4678 1231 4728 et
1270 4687 1504 4728 occasus
1549 4688 1672 4728 esse
1717 4675 1985 4744 vesperti-

420 4778 522 4818 nos
568 4756 732 4833 quam
791 4778 950 4818 veros
985 4781 998 4817 :
1028 4763 1140 4827 his,
1193 4765 1442 4836 inquam,
1483 4766 1733 4837 cognitis,
1770 4767 1986 4823 ratione

419 4855 652 4926 quadam
698 4855 848 4925 quod
873 4856 1125 4911 volumus
1167 4871 1541 4927 assequemur.
1576 4856 1850 4929 Imprimis
1885 4860 1986 4931 igi-

421 4957 512 5002 tur
550 4947 759 5001 zodiaci
805 4954 1085 5017 punctum,
1110 4963 1219 5018 quo
1253 4963 1376 5002 cum
1403 4948 1680 5018 proposita
1714 4949 1868 5003 stella
1891 4965 1984 5003 su-

421 5049 518 5104 pra
567 5033 820 5103 infraque
881 5034 1221 5089 horizontem
1282 5038 1548 5105 pervenit,
1600 5053 1667 5092 ex
1722 5038 1985 5094 laterculo

419 5133 642 5190 nostro,
678 5126 784 5190 vel,
829 5126 876 5181 si
913 5127 1062 5181 ineo
1092 5141 1204 5180 non
1235 5128 1548 5182 continetur
1574 5167 1589 5190 ,
1628 5145 1692 5183 ex
1729 5131 1986 5185 methodo

421 5230 694 5270 canonum
729 5217 1014 5286 explorare
1064 5218 1336 5272 convenit.
1397 5216 1622 5284 Deinde,
1675 5220 1719 5274 si
1776 5229 1986 5275 certum

422 5305 550 5359 anni
591 5312 806 5375 tempus
858 5305 925 5359 ab
985 5313 1210 5359 auctore
1249 5305 1560 5368 deﬁniatur,
1598 5307 1826 5375 gradum
1850 5307 1986 5360 ecli-

421 5397 580 5465 pticac
613 5398 1090 5462 συνανατέλλοντα,
1120 5397 1206 5452 vel
1241 5397 1680 5465 συγκαταδύοντα
1713 5399 1902 5454 confer
1931 5400 1987 5454 in

421 5483 803 5540 Kalendarium
822 5484 1120 5552 Iulianum,
1150 5487 1205 5541 in
1237 5501 1409 5556 eoque
1435 5488 1710 5542 caelestem
1745 5503 1986 5542 mensem

421 5577 672 5641 observa,
697 5579 784 5632 cui
801 5578 1004 5648 gradus
1027 5579 1116 5634 ille
1139 5579 1419 5648 competit.
1452 5577 1508 5632 Si
1538 5577 1657 5632 dies
1681 5578 1747 5632 ab
1766 5585 1990 5635 auctore

423 5669 498 5724 sit
541 5684 856 5739 expressus,
901 5671 1154 5741 idemque
1182 5687 1308 5726 cum
1357 5672 1576 5725 invento
1609 5670 1707 5724 abs
1733 5678 1786 5725 te
1814 5671 1989 5742 gradu

422 5760 752 5825 consentiat,
809 5767 989 5816 ortum
1045 5777 1167 5818 esse
1203 5761 1536 5823 cosmicum,
1589 5759 1673 5813 vel
1730 5774 1988 5815 occasum

422 5851 788 5924 acronychum
841 5852 1134 5926 intelliges.
1180 5851 1274 5907 Sin
1313 5851 1561 5922 opposita
1609 5851 1664 5904 in
1699 5857 1851 5920 parte
1893 5849 1985 5921 sit.

2089 652 2134 706 si
2175 659 2389 721 tempus
2423 652 2726 723 ὁλοσχερῶς
2753 654 3135 708 tantummodo
3179 655 3510 710 declaratum
3543 657 3661 712 fue-

2087 743 2180 801 rit,
2250 759 2316 796 εἰ
2374 751 2628 796 contextu
2678 744 2944 799 orationis
2995 746 3112 814 ipso
3150 747 3501 800 divinandum
3534 749 3664 812 erit,

2086 847 2209 886 cum
2249 849 2312 886 ea
2352 835 2606 888 cautione
2654 843 2713 887 ut
2737 851 2803 889 ex
2833 836 3049 890 duobus
3087 839 3409 907 propinquis
3448 839 3664 894 ortibus

2085 931 2139 978 et
2168 926 2474 990 occasibus,
2493 935 2841 996 apparentem
2868 929 3049 997 potius
3071 930 3238 998 eligas
3261 946 3421 998 quam
3450 947 3659 995 verum,

2083 1013 2190 1068 nisi
2241 1021 2492 1084 uterque,
2529 1016 2674 1084 quod
2727 1017 2906 1072 rarius
2955 1029 3058 1078 est,
3098 1021 3164 1071 ab
3211 1020 3478 1090 scriptore
3509 1037 3664 1075 com-

2083 1104 2410 1172 prehensum
2444 1105 2643 1173 fuerit;
2679 1114 2790 1160 tum
2814 1109 2962 1162 enim
3001 1119 3180 1163 utrum
3217 1120 3340 1165 utro
3372 1115 3522 1182 prius
3562 1114 3658 1178 sit,

2083 1198 2256 1250 ex.iis
2300 1213 2422 1265 qua:
2469 1199 2632 1268 paqu
2663 1213 2827 1268 supra
2866 1202 3327 1271 prmscripsimus,
3361 1205 3662 1260 observan-

2081 1285 2210 1339 dum
2246 1288 2369 1340 crit.

2155 1375 2212 1430 Si
2265 1387 2387 1431 ortu
2428 1381 2510 1433 vel
2543 1396 2745 1436 occasu
2801 1388 3081 1453 utcunque
3118 1392 3399 1454 concepto,
3425 1385 3494 1440 de
3521 1393 3662 1440 tem—

2079 1484 2211 1538 pore
2268 1471 2584 1540 conjectura
2628 1471 2871 1527 facienda
2912 1481 3017 1537 est,
3057 1491 3123 1528 ex
3184 1475 3426 1530 auctoris
3473 1475 3660 1529 verbis

2082 1559 2386 1628 colligenda
2445 1561 2654 1630 species
2701 1568 2986 1617 estortus
3032 1563 3206 1632 ipsius
3255 1570 3347 1615 aut
3390 1578 3654 1630 occasus;

2077 1655 2265 1717 postea
2292 1659 2551 1718 punctum
2584 1649 2790 1704 zodiaci
2843 1665 2966 1703 cum
3015 1653 3168 1706 stella
3197 1653 3403 1717 oriens,
3441 1652 3527 1706 vel
3555 1652 3655 1706 de-

2079 1741 2366 1808 scendens,
2402 1742 2457 1795 in
2484 1741 2811 1797 Kalendario
2843 1744 3258 1813 requirendum;
3290 1746 3506 1798 domum
3533 1745 3651 1798 veri

2079 1847 2148 1886 an
2185 1834 2496 1903 apparentis
2529 1842 2744 1906 tempus
2777 1837 2869 1900 sit,
2904 1837 3116 1901 itidem,
3164 1845 3222 1889 ut
3271 1851 3457 1905 supra,
3512 1836 3649 1890 deli-

2074 1925 2401 1980 berandum.

2146 2013 2206 2068 In
2242 2013 2329 2068 bis
2374 2013 2549 2069 stellis
2579 2028 2716 2084 quas
2741 2013 3065 2067 laterculum
3096 2021 3342 2067 nostrum
3374 2012 3656 2082 superiore

2076 2105 2236 2168 libro,
2271 2107 2452 2175 capite
2480 2118 2670 2160 octavo
2719 2105 2986 2169 continet,
3022 2105 3261 2160 laborem
3294 2105 3438 2160 hunc
3472 2105 3655 2160 suble-

2075 2204 2206 2248 VIIIII.
2241 2211 2502 2264 expressa
2533 2205 2751 2249 OI‘IIIUIII
2782 2195 3024 2249 omnium
3085 2210 3489 2268 occasuumque
3536 2209 3654 2247 mo-

2078 2295 2280 2341 menta.
2310 2284 2510 2340 Verum
2563 2287 2855 2356 quoniam,
2895 2295 2954 2340 ut
3009 2287 3254 2356 proxime
3305 2284 3658 2349 antecedente

2079 2377 2259 2446 capite
2321 2375 2528 2430 dictum
2600 2386 2704 2442 est,
2762 2377 3001 2432 nondum
3059 2377 3269 2447 liquido
3332 2384 3657 2446 apparentes

2078 2478 2232 2524 ortus
2262 2475 2317 2523 et
2347 2483 2579 2524 occasus
2634 2471 3024 2532 astronomico,
3057 2485 3218 2539 quem
3251 2468 3324 2522 ibi
3367 2470 3656 2538 persequi-

2078 2575 2223 2623 mur,
2255 2560 2493 2631 calculo‘
2514 2560 2912 2626 conﬁciuntur,
2946 2562 3152 2616 idcirco
3183 2562 3276 2630 qui
3318 2561 3386 2614 ab
3427 2562 3660 2615 auctori-.-

2079 2655 2183 2709 bus
2231 2653 2550 2718 indicantur
2599 2661 2754 2710 ortus
2777 2663 2830 2710 et
2862 2670 3118 2718 Occasus,
3154 2660 3316 2724 prout
3345 2652 3543 2722 exiguo
3574 2652 3659 2705 in-

2081 2744 2308 2799 tervallo
2352 2743 2437 2799 sui
2487 2760 2760 2814 quemque
2805 2746 3023 2815 generis
3071 2753 3248 2799 ortum
3291 2757 3660 2812 occasumque

2079 2843 2326 2891 notatum
2371 2836 2426 2888 in
2456 2835 2644 2897 tabula
2687 2843 3058 2902 antevertunt,
3087 2842 3181 2889 aut
3224 2841 3549 2906 sequuntur,
3582 2836 3660 2889 ita

2077 2926 2252 2980 cidem
2300 2925 2608 2978 ascribendi
2657 2933 2806 2979 sunt.

2151 3015 2422 3081 Quoniam
2452 3031 2581 3070 vero
2610 3015 2845 3071 diversis
2865 3031 2894 3071 e
2923 3016 3422 3087 parapegmatibus,
3445 3015 3548 3069 hoc
3574 3021 3660 3069 est

2079 3108 2305 3172 Italicis,
2359 3106 2564 3163 Grmcis
2612 3117 2666 3162 et
2709 3106 3070 3178 Egyptiacis,
3102 3114 3195 3160 aut
3245 3107 3657 3176 interjectarum

2079 3196 2382 3268 regionum,
2433 3198 2554 3252 sine
2599 3198 2712 3251 ullo
2754 3195 3028 3251 interdum
3063 3195 3407 3260 discrimine,
3440 3212 3559 3265 quae
3589 3194 3659 3248 de

2081 3289 2252 3344 stellis
2279 3287 2542 3353 referunt,
2574 3289 2873 3359 scriptores
2905 3289 3240 3348 hauserunt;
3285 3287 3412 3341 hinc
3449 3287 3659 3356 judicio

2080 3381 2148 3435 ad
2175 3396 2239 3435 ea
2277 3381 2641 3436 discernenda
2669 3395 2808 3451 opus
2841 3388 2949 3447 est,
2987 3391 3040 3436 et
3065 3380 3122 3434 in
3157 3380 3352 3442 stellis,
3382 3393 3519 3449 quas
3553 3379 3654 3431 de-

2079 3470 2424 3540 scripsimus,
2451 3469 2522 3524 ad
2558 3478 2852 3541 utrumque
2881 3471 3006 3525 cmli
3050 3471 3312 3541 positum,
3344 3468 3570 3522 Romani
3601 3478 3658 3524 ct

2077 3561 2452 3632 Alexandrini,
2509 3561 2805 3622 lentandus
2860 3569 2944 3618 est
2986 3562 3280 3616 calculus:
3331 3570 3656 3615 caeterorum

2081 3658 2354 3706 tractuum
2385 3659 2664 3723 utcunque
2693 3668 2759 3709 ex
2795 3653 2904 3706 illis
2935 3652 3074 3706 ratio
3105 3651 3401 3706 constabit.

2149 3743 2240 3798 Sic
2262 3743 2317 3797 in
2347 3743 2716 3804 anterioribus
2765 3743 2849 3798 vel
2871 3743 3269 3813 posterioribus
3295 3743 3512 3796 Iuliana
3541 3741 3656 3796 edi-

2078 3839 2228 3894 tione
2248 3837 2484 3908 saaculis,
2513 3838 2704 3908 paucis
2735 3837 2849 3892 illic
2878 3836 2990 3892 fere
3021 3836 3310 3902 detractis;
3348 3837 3433 3890 hic
3459 3833 3659 3890 additis

2081 3931 2149 3986 ad
2207 3928 2424 3984 Juliano
2470 3929 2704 4000 tempori
2745 3938 3133 4001 congruentem
3182 3929 3400 3983 modum
3447 3914 3657 3992 diebus,

2079 4034 2232 4079 ortus
2295 4040 2638 4095 occasusque
2703 4026 2986 4080 stellarum
3054 4025 3528 4095 investigabimus.
3593 4023 3656 4079 In

2080 4115 2279 4185 quibus
2305 4115 2562 4171 omnibus
2588 4117 2767 4176 otiosa
2803 4122 2888 4172 est
2921 4116 3086 4170 nimis
3136 4127 3393 4170 accurata
3421 4116 3658 4186 diligen-

2080 4207 2177 4271 tia,
2234 4207 2343 4261 imo
2375 4208 2561 4270 stulta,
2594 4224 2718 4262 cum
2748 4225 2815 4262 ne
2847 4217 3101 4264 auctores
3132 4209 3350 4278 quidem
3387 4208 3487 4271 illi,
3516 4222 3658 4276 quos

2081 4297 2302 4367 assequi
2321 4297 2851 4365 studemus,tantam
2880 4299 2937 4354 in
2975 4313 3040 4354 ea
3073 4298 3176 4354 sibi
3203 4314 3262 4352 re
3285 4297 3650 4368 praestandam

2082 4392 2414 4462 putaverint.

2153 4481 2327 4538 Nimis
2360 4497 2424 4537 ea
2467 4481 2657 4551 jejune
2696 4495 2760 4536 ac
2802 4495 2998 4550 parum
3037 4478 3248 4534 utiliter
3290 4479 3659 4549 praescribun-

2015 4567 2060 4622 D
2090 4584 2197 4639 tur,
2227 4575 2335 4628 nisi
2386 4574 2651 4643 exemplis
2699 4587 2834 4628 usus
2889 4571 3108 4626 illorum
3159 4571 3439 4640 aperiatur
3469 4589 3481 4624 :
3509 4570 3658 4640 quod

2085 4669 2175 4723 hic
2212 4669 2264 4722 in
2296 4667 2484 4737 paucis
2513 4666 2580 4722 ad
2606 4665 2836 4719 aliorum
2863 4664 3142 4735 specimen
3182 4663 3548 4732 experiemur.
3578 4663 3652 4716 De

2088 4759 2230 4815 Sirio
2283 4766 2337 4812 ct
2382 4757 2639 4827 Vergiliis
2690 4758 2848 4826 plura
2907 4755 3265 4825 sequentibus
3292 4755 3563 4824 capitibus
3590 4768 3658 4807 ex

2085 4853 2338 4906 instituto
2391 4849 2659 4906 dicemus.
2704 4847 2893 4917 Itaque
2943 4847 3139 4900 horum
3194 4846 3356 4900 modo
3395 4846 3658 4915 exemplis

2086 4939 2502 4995 abstinebimus.

2153 5030 2446 5084 Arcturum
2494 5028 2901 5099 Theophrastus
2954 5027 3008 5082 in
3057 5027 3152 5082 lib.
3185 5026 3255 5081 IV
3290 5026 3436 5081 Hist.
3461 5026 3656 5093 plant,

2086 5138 2205 5193 cap.
2252 5120 2344 5174 XII
2390 5120 2772 5176 Boedromioni
2824 5121 3104 5188 imputat:
3147 5133 3249 5173 nec
3301 5117 3368 5172 de
3407 5123 3660 5182 ortu,,an

2086 5228 2285 5269 occasu
2317 5213 2592 5282 loquatur,
2637 5213 2860 5266 indicat.
2895 5211 3004 5282 Τὴν
3036 5210 3092 5263 δὲ
3132 5210 3301 5281 τομὴν
3328 5209 3532 5280 ὡραίαν
3564 5209 3662 5276 (ait

2087 5303 2155 5358 de
2207 5301 2417 5356 calamo
2449 5299 2652 5372 tibiali)'
2689 5301 2792 5372 πρὸ
2828 5298 3182 5367 Ἀντιγενίδου
3227 5299 3344 5368 μὲν,
3381 5296 3519 5369 ἡνίκ’
3563 5294 3664 5366 ηὗ-

2087 5396 2210 5450 λουν
2231 5395 2536 5459 ἀπλάστως,
2571 5397 2662 5448 ὑπ’
2687 5395 3014 5467 Ἀρκτούρῳ,
3046 5391 3449 5463 Βοηδρομιῶνος
3474 5389 3662 5460 μηνός.

2092 5506 2112 5540 ι
2147 5487 2290 5542 Credi
2321 5487 2642 5556 tempestive
2670 5487 2884 5549 solitas,
2918 5501 3096 5554 usque
3137 5485 3208 5538 ad
3253 5481 3658 5552 Antigenid‘em,

2089 5595 2214 5657 cu_m
2245 5579 2424 5633 adhuc
2453 5579 2760 5649 simplicius
2786 5580 2919 5632 tibia
2944 5586 3247 5640 uterentur,
3269 5575 3370 5630 sub
3398 5575 3660 5635 Arcturo,

2089 5686 2278 5725 mense
2328 5669 2743 5724 Boedromione.
2788 5689 2805 5720 ι
2844 5669 2919 5723 De
2949 5677 3074 5721 ortu
3124 5677 3304 5722 tamen
3359 5665 3663 5734 intelligen-

2090 5761 2218 5814 dum
2249 5773 2392 5826 esse,
2420 5758 2714 5829 persuadet
2747 5758 2949 5829 gradus
2983 5756 3242 5827 Virginis,
3268 5771 3379 5826 quo
3409 5769 3532 5810 cum
3565 5751 3664 5806 Ju-

2090 5851 2235 5907 liano
2258 5851 2457 5908 saeculo
2480 5865 2641 5920 supra
2667 5849 2933 5906 ﬁnitorem
2960 5850 3326 5916 attollebatur,
3349 5861 3539 5914 nempe
3571 5845 3659 5914 14.
