2062 3212
245 196 310 224 1371

741 201 788 229 AD
807 202 941 230 EUSEBII
956 202 1152 232 CIIHONICON
1173 205 1352 233 APPENDIX.

1802 209 1872 236 15ῗῖ

245 254 310 282 Item
321 254 357 282 de
372 255 477 283 heliaco
494 260 521 284 et
536 263 686 293 apparente
699 259 774 294 loqui
789 261 964 295 perspicuum
978 266 1030 292 est,
1046 265 1068 293 Α
1117 262 1246 299 Polybius
1266 263 1350 291 lib.'l
1373 244 1469 291 scribit
1483 262 1634 292 'Rontanos
1660 264 1695 292 iu'
1715 265 1833 293 Africam
1856 275 1870 295 ε

244 307 302 329 tum
316 303 391 337 quod
403 307 566 338 apparentes
578 305 682 339 potius,
698 313 780 340 quam
797 314 876 333 veros
890 307 924 334 ah
938 310 1032 334 aucto-

243 348 323 375 ribus
340 348 487 375 memorari
501 349 632 385 diximus,
655 355 712 377 tum
728 352 800 386 quod
819 353 846 379 in
863 352 1032 388 Virginis‘27

243 393 357 427 gradum
377 393 497 422 incidere
514 395 639 424 videmus
668 397 803 425 heliacum
824 402 926 431 ortum,
947 399 973 426 id
989 403 1032 426 est

242 447 338 466 verum
353 444 379 467 et
392 440 553 468 cosmicum.
568 440 754 470 Parthenonis
776 451 860 478 porro
882 452 953 472 xxvn
972 445 1030 472 dies

243 484 271 511 in
281 484 444 513 Kalendario
456 486 491 513 ad
506 485 674 521 Septembris
689 497 736 515 xxi
755 490 920 524 adnotatur;
941 490 1031 518 Theo-

243 531 348 565 phrasti
364 539 430 560 vero
450 534 554 561 saeculo
566 534 670 569 aliquot
691 539 753 563 ante
768 535 865 563 diebus
879 536 1028 565 accidebat:

243 576 364 612 Denique
385 577 610 607 Boedromionem
627 581 729 609 scimus
752 581 864 608 tertium
889 583 924 609 ab
936 583 1029 610 solsti-

243 623 299 650 tiali
326 632 447 652 mensem
477 625 563 653 fuisse
596 626 731 654 lunarem.
748 626 910 657 Ptolemaeus
935 633 1029 656 noster

242 673 331 695 ortum
369 671 476 698 confert
514 671 626 699 Arcturi
659 672 687 699 iu
715 680 777 699 xxvi
809 672 975 708 Septembris
1002 680 1028 701 et

242 714 368 742 Octobris
386 723 430 748 ιιι,
446 720 530 744 recte.

275 759 379 788 Plinius
388 762 445 796 (ιιι).
457 762 549 796 XVIII,
558 771 583 790 c.
594 763 700 797 XXVI).
711 765 831 791 eamdem
845 765 951 793 Arcturi
964 766 1028 792 stel-

242 806 294 833 lam
310 807 410 834 asserit
424 812 547 835 exortum
564 810 748 844 vespertinum
767 809 855 837 facere
872 818 908 836 vn
926 810 1026 838 Kalen-

241 851 290 879 das
309 851 409 884 Μαι-ιιι,
424 853 573 881 Columella
591 862 655 881 vero
673 863 699 881 lx
716 854 862 883 Kalendas.
892 858 920 883 In
947 857 1027 884 later—

241 897 304 924 culo
332 902 428 926 nostro
458 901 629 935 acronycbus
658 906 769 928 exortus
798 901 909 929 Arcturi
938 903 967 929 lit
997 904 1024 930 in

1087 308 1179 335 Sicilia
1197 309 1338 344 trajecisse
1356 310 1427 336 inter
1442 312 1532 336 ortum
1551 309 1659 338 Orionis
1682 315 1709 338 et
1733 311 1808 344 Sirii,
1826 313 1870 340 in-

1084 354 1229 381 commoda
1256 359 1426 389 tempestate.
1454 354 1548 382 Ortum
1574 356 1719 391 utrobique
1743 357 1870 392 intelligit

1082 398 1231 426 heliacum.
1247 399 1314 427 Nam
1331 399 1420 428 Sirius
1436 399 1589 428 Leontonos
1606 408 1664 432 vm,
1686 402 1796 430 ineunte
1814 403 1870 430 Atl-

1082 449 1175 479 gusto,
1189 444 1276 474 Orion
1294 446 1374 480 paulo
1391 451 1452 480 post
1468 447 1613 474 solstitium
1630 448 1695 474 oriri
1710 448 1868 483 incipiebat.

1080 490 1152 526 Ergo
1166 490 1238 519 Julio
1252 500 1346 519 mense
1360 493 1535 528 navigarunt.
1553 493 1597 520 Sic
1614 493 1749 522 Hesiodus
1771 495 1870 523 messis

1081 544 1114 564 ac
1128 537 1234 565 triturae
1248 542 1357 573 tempus
1372 539 1574 567 circumscribit
1590 539 1699 568 Orionis
1713 546 1810 568 exortu
1824 549 1832 569 :

1116 614 1124 621 .
1145 615 1151 620 .
1173 615 1179 621 .
1198 592 1266 620 Εὖτ¹
1284 594 1321 621 ἂν
1338 594 1436 628 πμώῖιι
1454 596 1534 630 φανῇ
1550 596 1641 630 μένος
1664 597 1813 631 Ὠρίωνος¹

1116 671 1122 676 .
1143 669 1149 675 .
1172 669 1178 675 .
1199 649 1265 677 Cum
1279 651 1392 684 primunt
1415 660 1540 686 apparere
1558 654 1632 687 coepit
1653 653 1734 680 robur
1748 653 1868 682 Orionis.

1114 703 1214 732 Leonis
1233 705 1260 731 in
1276 710 1384 739 pectore
1412 707 1484 733 clara
1510 707 1587 733 stella
1608 707 1709 735 occidit
1727 716 1800 736 xxvn
1820 707 1869 737 Ja-

1078 751 1179 782 nuarii,
1198 755 1227 776 ιιι
1246 751 1342 778 scribit
1363 751 1525 784 Columella,
1542 758 1571 779 ut
1592 753 1716 786 Ovidius,
1741 762 1815 781 xxtv.
1835 754 1869 782 In

1077 795 1210 822 laterculo
1224 801 1319 823 nostro
1334 797 1426 823 eadem
1444 798 1521 824 stella
1535 798 1678 833 Hydronos
1694 800 1774 826 tertio
1787 807 1870 828 mane

1077 841 1187 872 occidit,
1205 849 1318 875 prorsus
1336 846 1364 868 ut
1384 841 1496 870 Ovidius
1518 843 1610 874 refert,
1635 842 1758 871 Januarii
1788 852 1866 872 utv.

1077 886 1166 918 Quare
1182 886 1214 913 de
1231 894 1331 913 occasu
1351 888 1472 914 cosmico
1487 887 1636 922 capiendus
1656 892 1708 916 cst.
1729 889 1763 916 At
1783 889 1868 916 Colu-

240 942 326 973 Rmdu
342 943 460 971 piscium
486 945 530 977 η’
544 931 573 972 'id
595 951 636 973 cst
663 946 827 982 [chlhyonos
849 956 903 980 xw,
919 957 979 984 qum
996 950 1024 976 in
1040 938 1060 964 Β
1075 931 1154 958 mella
1166 931 1265 959 Leonis
1282 933 1382 959 claram
1397 933 1423 959 in
1446 938 1555 967 pectore
1577 934 1682 960 stellam
1703 934 1805 969 exoriri
1821 942 1869 962 as-

240 987 404 1017 Kalendario
429 989 518 1017 Martii
547 999 563 1018 v
591 992 729 1019 convenit.
753 992 870 1024 Verum,
895 998 925 1020 ut
953 1002 1027 1030 szepe

240 1034 343 1061 dictum
363 1039 417 1067 est,
437 1041 514 1064 ortus
532 1038 704 1072 vespertinus
723 1046 814 1069 verus,
832 1041 911 1074 quém
934 1041 1026 1067 tahula

241 1081 351 1114 praebet,
368 1082 504 1117 posterior
522 1087 566 1110 est
589 1084 742 1119 apparenti.
767 1083 829 1111 Ideo
850 1086 953 1120 aliquot
967 1086 1027 1113 die-

240 1125 292 1154 bus
309 1132 370 1161 post
385 1135 514 1156 occasum
538 1129 622 1156 solem
644 1130 770 1157 exoriens
790 1131 866 1158 stella
882 1136 1026 1166 prospecta

240 1176 293 1204 est,
307 1172 395 1200 donec
407 1181 501 1200 verum
527 1175 563 1202 ad
581 1179 706 1202 exortum
724 1177 887 1210 perveniret.
910 1177 944 1205 At
968 1176 1028 1203 Fir-

239 1217 328 1246 micus
349 1218 396 1246 lib.
418 1218 486 1252 VIII,
514 1227 576 1255 cap.
602 1220 673 1253 XIV,
698 1222 845 1249 Arcturum
877 1223 971 1250 scribit
999 1224 1025 1250 iu

238 1267 316 1299 parte
345 1263 487 1300 Sagittarii
511 1267 605 1301 quinta
633 1271 723 1294 ortulu
750 1268 864 1295 facere:
887 1269 959 1303 quod
984 1274 1026 1296 est

239 1309 428 1337 l'ilsissimum.
445 1311 580 1339 Occasum
598 1314 783 1348 acronychum
809 1314 908 1341 alicubi
925 1311 1026 1350 legerat

239 1355 268 1381 in
285 1362 317 1382 ea
333 1360 410 1390 parte
431 1356 488 1384 ﬁeri
502 1367 508 1385 :
525 1366 574 1393 pro
589 1366 642 1393 quo
659 1359 845 1394 imprudenter
860 1364 948 1387 ortum
964 1361 1025 1388 red-

237 1400 317 1428 didit.
339 1402 517 1438 Acrouychus
546 1412 662 1432 occasus
685 1405 792 1433 Juliano
823 1407 924 1433 saeculo
946 1408 1025 1434 liehat

238 1439 267 1473 in
295 1452 372 1481 parte
397 1447 535 1483 Sagittarii
566 1451 594 1482 4,
626 1451 748 1479 heliacus
777 1457 865 1480 autem
892 1454 921 1480 in
948 1458 1025 1488 parte

239 1491 345 1527 Scorpii
362 1493 514 1522 undecima.
532 1495 618 1523 Porro
635 1497 779 1524 undecima
795 1498 853 1525 dies
866 1498 1024 1533 Scorpionis

237 1539 325 1573 pridie
343 1539 434 1568 Nonas
449 1541 615 1569 Novembres
634 1542 662 1569 in
682 1548 777 1570 nostro
794 1544 956 1571 Kalendario
974 1553 1023 1571 no-

236 1588 330 1612 tatur:
349 1586 422 1613 circa
436 1595 517 1622 quem
534 1587 606 1615 diem
622 1595 637 1614 a
654 1588 741 1615 Plinio
762 1594 789 1616 et
812 1590 960 1616 Columella
975 1597 1023 1625 po-
1038 1601 1060 1630 ε

237 1629 322 1662 nitur,
343 1630 395 1658 hoc
410 1635 452 1659 est
466 1633 561 1667 paucis
583 1637 647 1660 ante
662 1633 769 1665 diebus,
787 1637 816 1660 ut
837 1642 870 1660 ex
886 1634 1019 1661 Kalenda-

238 1675 289 1706 rio,
309 1683 391 1710 quem
413 1684 447 1704 ex
467 1678 602 1706 ambobus
622 1683 649 1706 et
668 1678 766 1706 Ovidio
787 1679 966 1712 confecimus,
989 1680 1023 1706 li-

236 1725 310 1755 quet,
325 1723 454 1757 quoniam
469 1731 603 1758 apparens
615 1732 733 1761 occasus
745 1726 917 1760 vespertinus
930 1734 1023 1753 verum

237 1767 383 1795 antecedit.
410 1767 533 1803 Denique
560 1770 709 1797 Columella
734 1771 781 1797 lib.
809 1770 855 1803 IX,
875 1778 935 1806 cap.
954 1771 1024 1806 XIV,

237 1812 334 1839 scribit
346 1813 492 1841 Arcturum
503 1815 569 1841 oriri
582 1820 643 1850 post
652 1816 909 1851 quinquagesimum
923 1824 939 1843 a
953 1818 1025 1844 cani-

236 1858 298 1885 cula
313 1858 385 1886 diem
400 1867 408 1886 :
425 1859 497 1894 quod
511 1860 545 1888 de
559 1865 621 1888 ortu
637 1861 742 1889 heliaco
755 1869 848 1889 verum
861 1866 912 1889 est.
931 1862 1020 1889 Sirius

235 1903 375 1931 oriebatur
389 1904 490 1932 Caesari
503 1906 658 1934 Leontonos
675 1915 734 1938 νιιι,
750 1907 778 1934 id
797 1912 840 1935 est
859 1907 973 1943 Augusti
992 1917 1022 1940 ιι,

236 1947 372 1976 Arcturus
397 1948 586 1978 Parthenonos
607 1958 694 1983 xxvn,
717 1952 891 1979 intervallum
916 1952 1023 1980 dierum

237 1993 437 2029 quinquaginta
450 1994 612 2022 solidorum.

271 2041 398 2069 Orionem
416 2041 619 2077 Theophrastus
631 2043 744 2070 aitoriri
756 2044 784 2070 ἐν
801 2045 872 2079 ἀρχῇ
888 2045 937 2080 τῆς
953 2044 1024 2072 ὀπώ-

236 2096 303 2123 ρας·
320 2088 407 2115 δύνειν
426 2090 455 2116 ὲν
471 2090 540 2124 ἀρχῇ
555 2089 601 2116 τοῦ
619 2090 761 2125 χειμῶνος,
781 2090 827 2117 ubi
849 2090 958 2125 ὀπώραν
973 2098 1022 2125 pro

235 2134 384 2162 inclinante
397 2135 453 2170 jam
470 2140 563 2163 mstate
575 2137 668 2169 sumit,
688 2136 785 2164 diebus
807 2137 912 2171 aliquot
927 2145 941 2163 a
957 2145 1023 2164 con-

235 2179 306 2207 fecto
329 2181 457 2208 solstitio.
482 2180 512 2207 In
535 2182 679 2214 laterculo,
701 2182 794 2209 lucida
813 2182 890 2218 pedis
913 2182 1023 2211 Orionis

234 2226 369 2254 heliacnm
393 2231 485 2254 ortum
512 2227 578 2256 facit
597 2228 760 2256 Carcinonis
787 2237 864 2260 xvul,
883 2228 947 2256 Julii
972 2238 1020 2256 xu.

1078 978 1145 1004 serit
1160 986 1186 1004 ix
1204 977 1337 1006 Kalendas
1357 979 1471 1013 Augusti
1491 983 1517 1006 et
1538 980 1626 1014 pridie
1640 979 1731 1008 Nonas
1749 980 1867 1016 Augusti

1077 1022 1194 1051 Leonem
1214 1025 1280 1051 oriri
1295 1025 1426 1052 medium.
1445 1026 1523 1058 Quod
1536 1025 1570 1053 de
1585 1026 1689 1053 heliaco
1706 1034 1760 1054 non
1776 1032 1868 1061 potest

1078 1069 1182 1103 accipi;
1198 1071 1244 1104 qui
1266 1070 1421 1097 Leontonos
1437 1079 1514 1102 κγιιι,
1540 1071 1654 1106 Augusti
1677 1080 1715 1099 xu
1736 1073 1866 1107 primitus

1077 1116 1203 1149 occozpit,
1219 1116 1252 1142 ad
1267 1124 1358 1142 verum
1378 1121 1403 1142 ct
1420 1117 1568 1143 cosmicum
1585 1117 1680 1144 referri
1700 1122 1799 1153 potest.
1814 1118 1866 1145 At-

1077 1160 1122 1194 qui
1146 1160 1250 1188 Plinius
1277 1162 1324 1188 lib.
1343 1161 1443 1194 XVIII,
1464 1170 1524 1198 cap.
1549 1162 1666 1197 XXVIII,
1682 1173 1691 1189 ι
1707 1165 1787 1192 tertio
1809 1164 1867 1192 Ka-

1075 1205 1190 1238 lendas,
1217 1207 1270 1238 ait,
1311 1207 1425 1241 Augusti
1459 1209 1560 1236 mensis
1598 1210 1672 1244 regia
1698 1210 1726 1237 in
1755 1215 1867 1245 pectore

1077 1252 1175 1279 Leonis
1187 1253 1265 1279 stella
1282 1253 1413 1280 matutino
1429 1253 1529 1281 Caesari
1551 1255 1731 1290 immergitur.
1749 1266 1758 1283 ι
1776 1257 1865 1284 ﬂatu-

1076 1298 1162 1324 tinum
1183 1306 1310 1325 occasum
1337 1299 1394 1326 lucc
1413 1300 1495 1326 verba
1522 1300 1730 1334 demonstrant,
1759 1303 1806 1338 qui
1834 1303 1864 1331 in

1075 1342 1188 1377 Aquarii
1210 1344 1296 1377 gradu
1313 1345 1404 1374 tertio.
1417 1344 1538 1372 Januarii
1552 1354 1615 1373 xxtv
1628 1347 1738 1374 accidit.
1753 1348 1864 1376 Menda-

1076 1397 1123 1416 sus
1137 1396 1202 1422 ergo
1216 1389 1292 1415 locus
1307 1395 1349 1416 est
1364 1389 1454 1422 Plinii.
1469 1399 1500 1418 ac
1523 1392 1666 1427 legendum
1689 1394 1802 1422 omnino
1821 1400 1863 1424 est

1077 1443 1087 1460 ι
1108 1434 1231 1469 emergit,
1248 1444 1258 1459 τ
1275 1436 1337 1462 velt
1366 1437 1523 1471 emergitur,
1543 1447 1551 1463 ι
1571 1439 1597 1465 id
1619 1443 1662 1466 est
1687 1440 1776 1467 oritur
1799 1448 1862 1469 cum

1075 1480 1143 1507 sole.

1119 1527 1247 1554 Geminus
1281 1536 1408 1555 occasum
1443 1528 1542 1557 Leonis
1573 1536 1758 1560 conscntanee
1787 1534 1864 1568 ponit

1076 1574 1186 1609 Aquarii
1214 1576 1343 1603 secundo.
1375 1574 1535 1604 Ptolemaeus
1563 1577 1674 1605 Lcouici
1703 1579 1863 1607 basiliscum

1076 1620 1200 1648 occidere
1219 1622 1313 1648 scribit
1327 1630 1351 1648 vi
1364 1622 1498 1650 Kalendas
1519 1622 1669 1656 Februarii,
1691 1625 1748 1653 sive
1760 1624 1863 1653 Janua-

1075 1667 1108 1692 rii
1136 1675 1219 1694 xxvu.
1246 1666 1356 1695 Griecus
1385 1673 1474 1695 autent
1502 1678 1516 1695 ιι
1542 1670 1622 1697 nobis
1649 1671 1741 1698 editus
1767 1673 1864 1700 statuit

1073 1712 1195 1745 ejusdem
1211 1721 1338 1741 occasum
1360 1714 1386 1740 in
1400 1713 1534 1747 Januarii,
1562 1716 1604 1743 vel
1627 1715 1694 1751 Tybi
1719 1725 1796 1751 xm;
1812 1726 1864 1746 nec

1074 1766 1128 1785 non
1146 1759 1258 1792 Mecbir,
1274 1760 1315 1787 vel
1334 1759 1477 1788 Februarii
1500 1769 1537 1789 νι.
1562 1762 1662 1790 Sextus
1678 1761 1781 1791 Mechir
1795 1771 1863 1792 con-

1074 1806 1147 1833 venit
1160 1804 1284 1832 Januarii
1300 1806 1406 1834 ultimo.

1109 1851 1182 1877 Inter
1195 1850 1301 1886 Hyades
1317 1851 1488 1880 lucidissima
1504 1857 1556 1886 est,
1568 1861 1630 1889 quae
1641 1854 1669 1881 in
1682 1854 1763 1883 oculo
1779 1854 1862 1884 Tauri

1073 1896 1161 1930 posita
1174 1895 1327 1924 Palilicium
1344 1898 1421 1925 sidus
1443 1907 1457 1925 a
1480 1898 1618 1927 Romanis
1637 1905 1761 1928 vocatur.
1777 1900 1867 1936 0cca-,

1073 1950 1133 1968 sum
1146 1941 1269 1977 Hyadum
1290 1942 1374 1970 refert
1395 1943 1531 1972 Hesiodus
1551 1945 1579 1972 in
1596 1945 1666 1973 idem
1687 1950 1794 1982 tempus
1807 1954 1863 1982 quo

1074 1986 1196 2015 Pleiades
1208 1992 1235 2016 et
1250 1988 1334 2017 Orion
1353 1990 1499 2023 Occidunt;
1516 1991 1598 2025 idque
1626 1992 1744 2019 arationi
1759 1999 1861 2028 oppos-

1070 2038 1169 2060 tuuum
1183 2041 1244 2062 esse
1259 2035 1356 2061 scribit
1372 2035 1400 2062 in
1417 2037 1538 2064 secundo
1550 2037 1637 2065 libro:

1366 2110 1372 2116 .
1394 2091 1493 2125 Αὐτὰρ
1506 2092 1634 2126 ἐπὴνδὴ

1072 2122 1220 2162 ῌ.βιιϊάὸες
1230 2124 1365 2162 θ”Υᾲᾷες
1381 2122 1514 2162 cynice
1531 2122 1640 2160 σθέυνοξ·
1659 2127 1795 2162 Ὠρίωνος»

1072 2159 1209 2185 Δύνωσιν
1223 2179 1231 2191 ,
1246 2161 1303 2186 τότ’
1315 2160 1405 2187 ἔπειτ’
1420 2161 1527 2195 ἀρότου
1535 2159 1724 2197 μεμιὴμένὸς
1734 2159 1825 2193 εἷνὶιι..

1072 2227 1076 2236 ‘
1108 2223 1158 2251 Hic
1181 2232 1308 2252 occasum
1334 2227 1498 2257 matutinum
1517 2227 1575 2255 sive
1588 2228 1737 2256 cosmicum
1754 2229 1861 2265 signifi-

236 2263 289 2299 Se'd
308 2271 489 2308 Theophrasti
514 2274 627 2306 δίκαιον
650 2278 678 2301 ει
702 2274 817 2302 Athenis
840 2276 973 2302 maturius
995 2275 1021 2302 id
1038 2278 1061 2307 ο
1074 2274 1127 2296 cat.
1143 2269 1210 2296 Nam
1226 2271 1252 2298 lu
1269 2272 1401 2299 laterculo
1415 2278 1508 2300 nostro
1528 2273 1679 2301 Palilicium
1693 2282 1773 2303 mane
1782 2263 1861 2303 occi-

235 2318 326 2345 ﬁebat.
342 2317 442 2346 Verum
461 2322 523 2353 post
549 2325 627 2347 ortus
653 2320 751 2347 beliaci
775 2320 847 2348 diem
863 2328 896 2348 ex
921 2321 1021 2349 tabulis

234 2363 388 2391 confectum
406 2369 568 2399 apparentes
586 2365 666 2392 iidem
689 2370 768 2393 ortus
791 2366 919 2393 matutini
947 2374 1022 2400 repe-

234 2415 339 2437 tuntur.
360 2409 454 2445 Itaque
475 2415 642 2446 propagatus
667 2411 711 2438 hic
734 2416 811 2439 ortus
830 2416 872 2439 est
887 2420 973 2447 usque
988 2412 1021 2439 ad

233 2455 343 2491 ὀπώρας
358 2456 476 2483 initium.
492 2456 527 2483 At
539 2457 690 2484 matutinus
708 2465 824 2484 occasus
837 2457 960 2492 ejusdem
981 2458 1022 2484 lu-

233 2502 301 2530 ridae
323 2502 437 2537 contigit
461 2501 627 2537 Scorpionos
649 2510 677 2535 v,
701 2502 829 2531 Octobris
845 2512 907 2531 xxix
922 2513 930 2537 ;
947 2513 1022 2531 zeme

234 2547 323 2575 media
339 2547 505 2583 Scorpionos
517 2556 555 2575 χιι
573 2548 685 2580 occidit.
701 2549 862 2577 Novembris
875 2558 911 2583 v;
928 2550 1022 2577 hume-

234 2601 280 2621 rus
295 2593 389 2622 dexter
404 2593 572 2629 Scorpionos
587 2602 644 2626 χχι,
665 2594 827 2622 Novembris
849 2603 902 2622 xrv.
929 2596 1022 2630 Itaque

232 2647 326 2667 verum
338 2646 380 2668 est
398 2641 508 2668 ineunte
522 2641 612 2668 biome
626 2640 755 2669 Orionem
777 2641 921 2669 cecidisse.
946 2641 1019 2668 Con—

233 2687 346 2713 veniunt
359 2691 385 2714 et
409 2694 470 2722 qua:
489 2687 524 2714 de
546 2685 656 2715 Orionis
674 2692 736 2714 ortu
761 2687 795 2714 ab
818 2686 924 2719 Ovidio,
937 2687 1020 2714 Colu-

233 2732 323 2763 mella,
341 2736 368 2759 et
384 2732 473 2760 Plinio
486 2733 651 2768 produntur,
667 2737 698 2760 ut
714 2741 777 2760 cum
795 2741 892 2760 zonam
911 2733 1021 2760 OI‘II'I‘VI

234 2777 369 2806 Kalendas
381 2778 447 2808 Julii
462 2784 592 2809 asserunt
612 2778 726 2807 Ovidius
749 2782 777 2806 et
802 2778 918 2807 Plinius.
935 2779 1023 2807 Media

234 2823 334 2858 quippe
357 2825 434 2852 stella
462 2825 542 2852 baltei
558 2825 587 2852 in
602 2824 721 2860 Egypto
736 2824 909 2852 Carcinonos
923 2830 1022 2860 quarto

234 2869 337 2896 heliaco
352 2870 490 2898 oriebatur
504 2870 597 2898 Romae
614 2879 688 2904 xvn;
705 2870 753 2898 scd
769 2875 830 2899 ante
845 2871 915 2899 hanc
929 2871 959 2902 in
974 2879 1021 2900 eo-

234 2913 294 2942 dem
308 2914 396 2942 balteo
413 2916 496 2943 altera
511 2917 661 2953 consurgit.

1072 2317 1112 2344 dit
1127 2317 1154 2344 in
1168 2317 1256 2352 gradu
1267 2319 1282 2345 9
1301 2318 1407 2353 Scorpii
1423 2318 1525 2351 Romae,
1541 2319 1567 2346 id
1584 2325 1625 2347 est
1643 2320 1804 2349 Novembris
1818 2322 1837 2349 2
1850 2343 1858 2354 ,

1071 2371 1127 2397 quo
1140 2362 1184 2389 die
1194 2362 1345 2390 Columella
1359 2358 1442 2390 Tauri
1458 2369 1677 2398 caputoccasum
1691 2365 1780 2394 facere
1790 2367 1861 2394 scri-

1071 2408 1121 2441 bit,
1139 2412 1168 2435 ut
1188 2412 1216 2436 et.
1230 2409 1361 2437 Geminus
1387 2417 1421 2436 ex
1443 2410 1566 2445 Calippo.
1581 2412 1616 2438 At
1630 2412 1659 2438 in
1673 2411 1790 2448 Egypto
1802 2421 1862 2442 ma-

1072 2457 1178 2484 tutinus
1191 2464 1306 2485 occasus
1329 2458 1408 2485 [iebat
1429 2459 1455 2485 in
1471 2459 1557 2494 gradu
1580 2459 1686 2495 Scorpii
1701 2459 1859 2492 undecimo.

1071 2502 1232 2531 Novembris
1248 2513 1282 2531 IV.
1295 2504 1378 2532 Porro
1389 2505 1461 2532 idem
1474 2506 1623 2533 Columella
1635 2505 1763 2534 Sueulam
1779 2514 1862 2535 mane

1072 2549 1196 2576 occidere
1218 2549 1257 2575 ait
1282 2557 1326 2576 xxx
1351 2549 1520 2583 Novembris,
1554 2558 1661 2578 necnon
1695 2550 1859 2586 Rbapsodus

1072 2594 1118 2621 ille
1136 2594 1187 2621 sub
1209 2593 1318 2623 nomine
1339 2595 1475 2622 Ptolemmi
1488 2604 1506 2625 .a
1524 2595 1642 2623 Leonico
1665 2596 1765 2624 editus.
1789 2596 1860 2624 Nam

1072 2638 1183 2667 Graecus
1202 2645 1294 2671 noster
1311 2641 1337 2667 in
1354 2641 1525 2673 Novembris,
1541 2641 1584 2669 vel
1602 2641 1688 2677 Athyr
1705 2650 1750 2669 xvr
1770 2641 1860 2670 Sucu-

1072 2685 1159 2711 larum
1173 2690 1263 2712 ortum
1285 2687 1448 2713 matutinum
1470 2687 1593 2721 conjicit.
1612 2687 1691 2722 Apud
1712 2687 1858 2716 Geminum

1072 2729 1196 2766 Hyadum
1219 2739 1335 2759 occasus
1358 2732 1402 2759 die
1423 2732 1590 2767 Scorpionos
1612 2741 1698 2767 xxvu,
1714 2741 1746 2761 ex
1760 2733 1856 2762 Eucte-

1072 2785 1213 2811 tnoue;ex
1230 2778 1353 2811 Eudoxo,
1366 2787 1430 2805 xxxx
1445 2779 1589 2814 contingit,
1602 2780 1648 2814 qui
1661 2779 1726 2807 Julii
1740 2780 1858 2808 Cassi-is

1072 2829 1150 2852 aetate
1160 2826 1362 2860 respondebant
1377 2825 1539 2853 Novembris
1560 2827 1596 2853 ix
1618 2830 1646 2854 et
1667 2834 1743 2860 xxii;
1759 2826 1859 2854 Eucte-

1072 2872 1161 2899 monis
1175 2880 1239 2898 vero
1251 2877 1277 2899 et
1296 2872 1400 2899 Eudoxi
1420 2865 1532 2905 saeculo,
1555 2872 1614 2900 dies
1638 2873 1700 2900 illos
1715 2872 1859 2901 antecede-

1075 2917 1148 2946 bant.
1163 2918 1211 2944 llic
1224 2923 1263 2946 est
1278 2926 1413 2953 apparens
1427 2926 1543 2947 occasus
1557 2919 1708 2947 matutinus
1719 2918 1873 2953 Ilvadum,,-
