4124 6474
387 457 520 510 I375

1170 447 1629 506 DISSERTATIO
1664 449 1751 502 DE
1791 448 1975 503 ORTU
2019 448 2106 502 ET
2150 448 2417 506 OCCASU
2461 433 2807 506 SIDEIIUBL'

3499 445 3636 498 1574

381 571 476 642 qui
507 578 592 627 est
621 585 750 625 vero
776 571 1071 639 posterior.
1103 569 1228 639 Ideo
1275 576 1398 640 post
1437 571 1736 624 cosmicum
1769 584 1957 623 verum
1986 572 2034 626 Α
2064 566 2254 623 Roma:
2288 570 2448 624 ﬁebat
2482 573 2535 622 in
2569 568 2738 638 gradu
2769 561 3090 634 Capricorni
3119 559 3427 622 undecimo,
3460 561 3511 614 id
3549 573 3635 616 est

385 663 452 716 ad
499 662 616 716 dies
663 663 869 731 aliquot
917 661 1264 716 extenditur:
1295 659 1749 729 quemadmodum
1800 668 1954 713 ortus

383 754 728 821 Vespertinus
762 766 926 805 verus
971 749 1242 819 posterior
1287 757 1369 803 est
1414 747 1824 817 apparentibus,
1860 748 1954 813 qui

385 845 635 914 pluribus
660 844 851 898 diebus
902 843 1203 895 anteillum
1241 856 1384 909 szepe
1424 846 1748 907 repetuntur
1772 837 1829 890 in
1855 835 1958 889 Fa-

387 934 508 988 stis.
557 932 732 988 Verus
786 943 1010 987 exortus
1077 932 1423 1002 vespertinus
1471 929 1702 982 Palilicii
1760 927 1958 983 sideris

383 1025 513 1080 Julii
556 1035 817 1096 tempore,
854 1024 1184 1094 Scorpionos
1211 1040 1325 1087 xxI,
1359 1021 1680 1077 Novembris
1708 1037 1800 1074 xiv
1828 1034 1962 1074 con-

387 1121 630 1190 gruebat,
661 1127 784 1188 post
815 1133 1003 1173 verum
1032 1131 1288 1172 occasum
1331 1115 1677 1168 matutinum.
1714 1110 1823 1166 Sed
1861 1126 1961 1180 ap-

386 1225 584 1280 parens
641 1219 798 1264 ortus
849 1209 1196 1278 vespertinus
1243 1206 1584 1277 praecedebat
1625 1222 1639 1259 :
1687 1219 1852 1274 quem
1907 1219 1964 1263 vr

385 1301 732 1368 Novembris,
773 1303 858 1358 vel
900 1301 1093 1372 Athyr,
1137 1299 1386 1354 Graecum
1417 1295 1692 1352 Ptolemaei
1739 1308 1964 1364 parape-

389 1409 511 1463 gma
563 1394 815 1447 collocat.
857 1391 1122 1447 Geminus
1168 1397 1349 1445 autem
1389 1389 1638 1460 Zygonos
1684 1399 1821 1450 χχιι,
1851 1383 1964 1438 Eu-

388 1484 514 1538 doxi
547 1486 784 1552 saeculo;
818 1483 1028 1540 Plinius
1061 1484 1154 1538 lib.
1185 1481 1374 1546 XVIII,
1423 1496 1546 1550 cap.
1587 1477 1781 1542 XXXI,
1812 1486 1966 1533 sexto

387 1576 659 1633 Kalendas
705 1577 1027 1634 Mvembris
1077 1575 1310 1630 Suculas
1360 1574 1436 1628 ait
1487 1572 1691 1628 exoriri
1726 1570 1962 1640 vesperi,

387 1667 579 1722 eodem
638 1667 851 1724 scilicet
905 1674 1199 1738 apparente
1250 1674 1395 1721 ortu.
1448 1663 1571 1717 Mox
1611 1677 1744 1717 vero
1790 1660 1966 1731 pridie

387 1758 660 1814 Kalendas
697 1758 1031 1814 Novembres
1060 1758 1260 1814 Caesari
1283 1757 1416 1811 dicit
1447 1757 1654 1810 exoriri
1686 1767 1812 1808 cum
1850 1752 1966 1807 sole

391 1850 644 1907 Suculas.
674 1850 856 1906 Falso.
915 1851 1051 1905 Nam
1101 1851 1155 1904 id
1215 1861 1386 1905 verno
1435 1857 1680 1918 tempore
1733 1843 1954 1900 accidit.

2056 661 2301 716 Januarii
2357 679 2432 726 n;
2484 658 2829 714 Alexandriae
2899 655 3153 725 in-gradu
3199 653 3426 722 quinto,
3479 661 3636 708 sexto

2059 753 2284 810 Kalend.
2334 753 2454 807 Jan.
2510 752 2834 806 Ptolemmus
2893 748 3116 802 Graccus
3172 745 3506 810 Decembris,
3549 757 3638 810 vet

2059 846 2260 900 Chmac
2295 861 2467 909 xxvu,
2494 853 2548 899 et
2588 859 2696 899 xxx
2723 841 2976 910 Aquilam
3004 837 3254 892 occidere
3281 837 3357 891 ait
3387 851 3640 905 vespere;

2059 936 2288 992 Gemino
2338 952 2557 1006 quoque
2608 935 2840 1004 septimo
2887 930 3206 1003 Capricorni
3260 928 3402 984 idem
3457 928 3639 982 evenit

2061 1037 2283 1082 auctore
2328 1025 2680 1082 Euctemone.
2713 1023 2970 1078 Eamdem
3003 1037 3165 1076 mane
3193 1020 3329 1078 oriri
3374 1019 3637 1074 vicesimo

2062 1126 2216 1173 sexto
2244 1116 2496 1171 Toxonos
2531 1115 2799 1171 referebat
2828 1111 3108 1167 Eudoxus.
3152 1109 3245 1165 Sic
3277 1109 3334 1164 in
3371 1109 3638 1163 laterculo

2063 1218 2252 1264 nostro
2288 1216 2442 1262 ortus
2486 1207 2633 1262 illius
2675 1205 2918 1259 heliacus
2956 1205 3010 1257 in
3039 1212 3209 1256 xxviii
3259 1199 3514 1254 Toxonos
3549 1199 3637 1252 ἰησ-

2064 1301 2258 1365 currit,
2294 1301 2387 1370 qui
2417 1309 2502 1354 est
2541 1297 2857 1353 Decembris
2902 1311 3018 1350 χχι.
3060 1293 3284 1348 Graecus
3312 1292 3638 1346 Ptolemaeus

2065 1393 2401 1456 Decembris,
2437 1393 2520 1447 vel
2550 1391 2755 1446 (Σιιωιιε
2795 1405 2923 1443 xxv.
2966 1385 3290 1457 Rbapsodus
3328 1399 3360 1438 a
3399 1382 3638 1436 Leonico

2065 1486 2243 1542 editus
2288 1483 2547 1538 mendose
2592 1483 2759 1537 habet
2803 1489 2982 1535 ortum
3017 1478 3396 1547 veSpertinum
3429 1473 3639 1543 Aquila

2066 1592 2123 1630 xt
2145 1575 2372 1629 Kalend.
2393 1573 2616 1627 Januar.
2639 1571 2739 1628 Hic
2766 1571 2910 1628 enim
2935 1571 2989 1625 in
3007 1569 3177 1641 gradu
3206 1566 3558 1622 Geminorum
3581 1581 3639 1619 ιχ

2065 1666 2312 1736 contigit,
2347 1663 2494 1720 Junii
2517 1681 2576 1729 ιι,
2616 1663 2707 1719 cui
2746 1672 2800 1719 et
2839 1660 3137 1716 Columella
3169 1666 3224 1714 et
3259 1657 3470 1712 Plinius
3505 1656 3639 1712 asti-

2066 1757 2341 1827 pulantur,
2391 1770 2602 1811 necnon
2631 1753 2879 1819 Ovidius,
2927 1753 3058 1823 quin
3095 1758 3148 1806 et
3176 1749 3465 1819 Bapsodus
3494 1748 3638 1818 ipse-

2065 1858 2196 1904 met.

391 1905 623 2011 Scripsit
651 1949 743 1996 aut
771 1905 1009 1997 scribere
1031 1942 1239 2005 debuit,
1262 1959 1280 1992 ι
1304 1955 1430 1995 cum
1461 1905 1574 1994 sole
1600 1936 1903 1992 occidente.
1930 1954 1949 1987 ι
1987 1905 2030 1961 Β
2128 1938 2303 1993 Varro
2332 1935 2425 1991 lib.
2470 1932 2515 1988 II
2553 1935 2630 1990 De
2668 1951 2724 1989 re
2766 1935 2988 1996 rustica,
3024 1947 3146 2001 cap.
3199 1929 3244 1983 II
3275 1949 3290 1985 :
3329 1949 3348 1982 ι
3397 1927 3638 1997 Tempus

386 2030 695 2085 Palilicium
752 2032 904 2087 sidus
961 2030 1105 2087 idem
1159 2030 1372 2088 Plinius
1418 2030 1561 2084 libro
1604 2027 1793 2090 XVIII,
1834 2031 1954 2098 cap.

386 2121 579 2186 XXVI,
608 2122 772 2177 refert
799 2123 1048 2178 occidere
1088 2138 1314 2192 veSpere
1352 2138 1418 2177 ex
1458 2119 1696 2175 Caesaris
1719 2118 1956 2182 calculo,

388 2230 460 2268 xv
505 2214 778 2271 Kalendas
810 2215 1000 2280 Maias,
1042 2215 1095 2269 id
1139 2225 1224 2270 est
1267 2215 1497 2270 Crionos
1526 2226 1680 2275 χχχι,
1712 2225 1874 2280 quem
1902 2208 1958 2262 in

389 2305 532 2358 diem
569 2305 814 2362 heliacus
839 2319 1070 2360 occasus
1113 2303 1259 2364 illius
1300 2319 1366 2359 ex
1405 2303 1611 2358 nostris
1649 2299 1960 2355 ratiociniis

389 2396 600 2450 incidit.
635 2395 967 2463 Ptolemaeus
1011 2395 1233 2450 Leonici
1283 2394 1517 2450 Suculas
1563 2394 1638 2448 ait
1679 2405 1961 2463 emergere

389 2487 593 2556 Aprilis
613 2505 686 2541 v1.
706 2487 820 2542 lmo
841 2487 1304 2556 immergebantur
1336 2487 1428 2540 illo
1460 2495 1723 2557 tempore,
1759 2491 1963 2554 etpost

389 2593 644 2633 occasum
697 2580 868 2633 solem
921 2578 1331 2640 condebantur,
1395 2577 1544 2648 quod
1592 2576 1795 2647 Aprilis
1845 2591 1960 2630 χιιι

390 2676 664 2736 postremo
693 2667 983 2723 faciebant.
1026 2667 1166 2722 Hinc
1209 2667 1352 2738 apud
1397 2667 1646 2723 eumdem
1686 2682 1764 2721 xu
1801 2665 1962 2737 Apri-

388 2758 478 2823 lis,
503 2773 595 2822 xv,
629 2773 717 2812 xvt
745 2766 799 2814 et
828 2773 939 2813 χιιι
979 2758 1242 2813 occultari
1286 2774 1513 2829 vespere
1545 2759 1820 2813 dicuntur.
1866 2757 1962 2812 Et-

386 2850 534 2905 enim
576 2858 732 2906 ortus
775 2849 1006 2905 Palilicii
1041 2852 1346 2905 matutinus
1382 2865 1653 2921 apparens
1691 2852 1855 2922 coepit
1901 2852 1962 2906 in

387 2940 618 2997 Julianis
649 2939 828 2996 Fastis
859 2939 1190 3012 Didymonos
1219 2956 1297 3004 χι,
1323 2940 1472 2996 Junii
1512 2957 1585 2995 iv.
1617 2941 1768 2998 Unde
1796 2944 1961 2998 casti-

388 3033 599 3103 gandus
631 3040 714 3088 est
751 3031 1070 3088 Ptolemteus
1118 3031 1304 3088 Graece
1352 3048 1382 3086 a
1431 3034 1589 3092 nobis
1617 3035 1825 3102 editus;
1866 3037 1959 3105 qui

386 3124 534 3181 Junii
572 3139 631 3178 III
669 3123 905 3178 lucidam
936 3123 1262 3180 Sucularum
1301 3124 1375 3178 ait
1403 3125 1653 3181 occidere
1689 3142 1914 3197 vespere
1942 3168 1958 3192 ,

388 3215 534 3287 quod
561 3223 643 3270 est
669 3215 890 3270 falsum.
914 3215 1038 3270 Ideo
1068 3217 1246 3271 statim
1277 3214 1424 3271 Junii
1453 3231 1529 3270 vir
1573 3217 1726 3288 ἑῷος,
1759 3218 1958 3289 inquit,

390 3307 677 3362 ἐπιτέλλει.
718 3305 837 3362 Non
884 3308 1066 3363 minus
1113 3309 1464 3378 castigandus
1519 3319 1603 3365 est
1651 3310 1914 3368 Geminus
1942 3353 1958 3378 ,

390 3399 486 3468 qui
518 3397 806 3453 Tauronos
853 3398 940 3452 die
973 3413 1123 3451 χχχιι
1169 3400 1324 3468 ponit
1371 3409 1548 3452 ortum
1591 3402 1962 3470 vespertinum

391 3488 657 3562 Hyadum.
714 3487 822 3543 Pro
865 3505 973 3558 quo
1022 3489 1323 3544 matutinus
1373 3490 1792 3548 substituendus
1839 3501 1962 3560 est;

393 3598 552 3653 quem
581 3581 912 3652 Didymonos
943 3597 979 3635 v
1009 3596 1156 3645 mox,
1201 3580 1426 3636 Eudoxo
1471 3593 1714 3648 auctore,
1750 3584 1961 3639 statuit.

458 3675 753 3746 Capellam,
781 3690 900 3744 quae
923 3685 1006 3730 est
1046 3675 1102 3727 in
1135 3673 1354 3744 Auriga:
1387 3682 1568 3746 tergo,
1609 3677 1799 3732 scribit
1831 3675 1963 3730 Ovia

393 3767 538 3832 dius,
573 3774 626 3824 et
657 3768 952 3823 Columella
985 3767 1185 3826 exoriri
1235 3767 1494 3823 K‘alendis
1534 3768 1709 3825 Maiis.
1754 3768 1964 3824 Plinius

393 3876 490 3914 vni
534 3861 738 3916 mensis
778 3861 1044 3930 ejusdem.
1089 3857 1203 3912 Iloc
1250 3859 1305 3913 in
1359 3857 1596 3929 Egypto
1633 3876 1821 3915 verum
1881 3868 1965 3915 est

395 3951 463 4005 de
508 3961 630 4006 ortu
663 3951 907 4015 heliaco,
943 3951 1037 4021 qui
1087 3951 1142 4004 in
1191 3949 1478 4005 Tauronos
1521 3952 1610 4006 die
1653 3968 1705 4005 rx
1751 3952 1960 4007 incidit.

394 4043 578 4098 Roma:
608 4053 810 4108 autem,
841 4043 1074 4099 Crionos
1100 4059 1233 4105 xvu,
1263 4042 1467 4112 Aprilis
1498 4058 1614 4098 vin.
1639 4042 1964 4101 Ptolemaaus

394 4141 580 4189 noster
609 4119 785 4186 Martii
819 4149 968 4195 xxix,
1004 4140 1058 4188 et
1088 4131 1292 4201 Aprilis
1336 4147 1469 4186 xvm
1517 4131 1707 4204 Capra:
1743 4137 1966 4189 matuti-

393 4239 523 4278 num
563 4230 742 4277 ortum
772 4223 1010 4280 exhibet.
1043 4221 1305 4277 Geminus
1349 4238 1416 4277 ex
1462 4223 1791 4281 ﬁtctemone
1827 4225 1966 4281 Tau-

393 4329 560 4369 τοηοε
593 4329 669 4369 ιχ.

463 4404 785 4474 Delphinum
818 4403 1044 4462 Ovidius
1086 4408 1161 4462 ait
1195 4423 1420 4483 vespere
1451 4412 1584 4466 oriri
1618 4427 1672 4466 tv
1708 4410 1834 4467 Idus
1870 4411 1966 4466 Ju-

395 4511 518 4549 mas
548 4513 561 4550 ε

2056 2030 2326 2100 optimum
2359 2029 2426 2083 ad
2468 2025 2863 2082 admittendum
2895 2023 2986 2096 (de
3030 2023 3228 2078 ovibus
3275 2019 3538 2090 loquitur)
3567 2019 3638 2072 ab

2056 2121 2277 2177 Arcturi
2304 2131 2504 2175 occasu
2535 2118 2604 2172 ad
2633 2118 2844 2187 Aquila:
2873 2129 3154 2172 occasum.
3193 2133 3212 2166 ι
3251 2111 3460 2170 Plinius
3499 2125 3637 2180 quo—

2058 2215 2284 2285 quelih.
2320 2212 2456 2276 VIII,
2480 2227 2531 2267 c.
2557 2210 2744 2264 XLVII
2782 2229 2797 2266 :
2838 2229 2858 2262 ‹
2899 2209 3088 2265 Coitus
3117 2204 3375 2263 omnibus
3424 2205 3494 2258 ab
3533 2205 3636 2256 Ar-

2059 2306 2203 2360 cturi
2233 2320 2456 2368 occasu,
2483 2303 2629 2374 quod
2655 2313 2741 2359 est
2767 2319 2818 2356 a.
2854 2303 2908 2357 d.
2938 2303 3160 2357 tertium
3191 2300 3320 2354 ldus
3348 2298 3537 2361 Maias,
3564 2295 3634 2350 ad

2057 2399 2268 2470 Aquila:
2301 2413 2578 2463 occasum,
2613 2397 2668 2451 id
2697 2404 2783 2452 est
2812 2411 2912 2450 xm
2954 2393 3228 2448 Kalendas
3269 2391 3565 2460 AuguStas.
3609 2407 3630 2440 ι

2057 2488 2138 2544 Ita
2163 2489 2423 2560 legendus
2461 2487 2550 2542 hic
2599 2487 2778 2552 locus,
2822 2485 2919 2557 qui
2960 2485 3124 2555 vulgo
3158 2483 3486 2552 depravatus
3527 2487 3633 2533 est.

2058 2579 2376 2652 Intelligunt
2406 2579 2700 2649 utrobique
2729 2577 3033 2633 cosmicum
3075 2588 3330 2629 occasum
3376 2571 3490 2626 sive
3521 2584 3638 2623 ma-

2058 2672 2339 2736 tutinum;
2398 2685 2526 2726 nam
2583 2669 2857 2726 Arcturus
2917 2668 2973 2723 in
3032 2666 3386 2722 Geminorum
3441 2673 3638 2732 quarto

2059 2762 2235 2834 gradu
2267 2760 2565 2833 incipiebat
2600 2762 2874 2825 occidere,
2913 2759 2967 2815 id
3005 2769 3090 2816 est
3129 2758 3254 2813 Maii
3297 2773 3492 2823 xxvut,
3527 2756 3638 2810 Bo-

2059 2870 2194 2918 maa;
2228 2853 2574 2909 Alexandria:
2621 2868 2753 2907 vero
2803 2851 3090 2908 Tauronos
3129 2866 3252 2916 xm,
3294 2849 3349 2904 id
3397 2857 3480 2904 est
3511 2846 3640 2901 Maii

2057 2955 2213 3002 sexto
2239 2963 2254 3000 :
2277 2945 2470 3014 Aquila
2507 2960 2664 2998 mane
2695 2943 2823 2998 item
2857 2941 3060 2998 occidit
3089 2921 3274 2996 Koma;
3298 2939 3638 2995 Carcinonos

2059 3053 2232 3103 xxvn,
2259 3035 2311 3090 id
2340 3044 2426 3092 est
2465 3051 2543 3090 xu
2585 3034 2860 3092 Kalendas
2905 3036 3201 3104 Augustas.
3255 3030 3369 3086 Hoc
3418 3039 3638 3100 tempus

2061 3129 2380 3183 admissurae
2407 3126 2627 3181 unicum
2658 3126 2852 3182 ovibus
2882 3126 3044 3180 ambo
3071 3126 3150 3180 illi
3181 3125 3450 3180 tribuunt.
3485 3123 3640 3178 Post-

1987 3250 2030 3307 C
2062 3231 2126 3272 ea
2157 3218 2408 3286 concepti
2446 3216 2572 3287 agni
2619 3215 2846 3270 invalidi
2896 3222 3044 3280 sunt,
3078 3217 3154 3269 ait
3192 3215 3403 3272 Plinius
3440 3233 3454 3270 :
3496 3230 3638 3285 quos

2073 3327 2092 3360 ‹
2139 3308 2336 3367 cordos
2374 3329 2392 3360 ι
2421 3308 2630 3376 antiqui
2668 3308 2954 3362 vocabant.
2983 3305 3185 3366 Verum
3223 3307 3452 3360 alterum
3497 3321 3638 3374 pra:-

2066 3410 2215 3458 terea
2270 3410 2485 3472 tempus
2541 3401 2730 3466 fuisse,
2771 3408 2829 3455 ct
2877 3399 3098 3470 quidem
3145 3399 3530 3453 nonnullorum
3567 3414 3639 3452 ex

2064 3495 2320 3564 opinione
2351 3493 2714 3557 commodius,
2741 3491 2884 3547 idem
2913 3507 3038 3547 mox
3071 3491 3286 3545 Plinius
3316 3489 3522 3544 indicat
3550 3489 3637 3546 his

2062 3588 2285 3645 verbis:
2323 3605 2342 3641 ι
2379 3587 2535 3641 Multi
2565 3586 2826 3641 hibernos
2866 3600 3035 3654 agnos
3084 3583 3380 3654 praeferunt
3407 3582 3633 3660 vernis:

2063 3681 2322 3751 quoniam
2350 3679 2527 3749 magis
2556 3677 2775 3733 intersit
2801 3686 2927 3731 ante
2970 3676 3286 3737 solstitium,
3313 3688 3478 3745 quam
3513 3685 3640 3726 ante

2063 3773 2335 3837 brumam,
2369 3770 2553 3826 ﬁrmos
2575 3784 2738 3824 esse:
2772 3769 3062 3837 solumque
3104 3767 3210 3821 hoc
3253 3765 3457 3820 animal
3489 3764 3640 3818 utili-

2063 3870 2148 3917 ter
2175 3862 2366 3916 bruma
2393 3859 2566 3916 nasci.
2605 3878 2624 3911 ›
2659 3858 2923 3930 Virgilius
2970 3857 3016 3910 II
3053 3855 3239 3926 Georg.
3268 3858 3412 3911 inter
3452 3855 3640 3910 Iaudes

2064 3953 2229 4008 Italiae
2257 3968 2375 4008 eam
2406 3960 2676 4016 recenset,
2701 3950 2852 4022 quod
2879 3951 2976 4017 ibi,

2133 4067 2227 4123 Bis
2257 4065 2489 4136 gravida:
2517 4065 2759 4134 pecudes.

2064 4184 2183 4250 Quo
2212 4181 2436 4236 Servius
2463 4179 2734 4250 pertinere
2760 4177 2894 4231 illud
2928 4175 3120 4231 BucoI.
3149 4173 3194 4230 II
3219 4182 3380 4244 putat
3411 4193 3424 4228 :

2135 4295 2244 4350 Lac
2275 4294 2404 4349 mihi
2433 4310 2539 4348 non
2565 4301 2748 4347 testate
2781 4306 2990 4354 novum,
3038 4305 3142 4343 non
3169 4287 3367 4358 [rigore
3395 4285 3542 4354 deﬁt.

2134 4409 2497 4475 Quamobrem
2537 4408 2770 4463 feturam
2817 4405 2980 4458 allam
3014 4403 3258 4458 aestivam
3281 4442 3296 4467 ,
3334 4399 3496 4453 aliam
3552 4399 3639 4454 hi-

2065 4505 2291 4559 bernam
2329 4502 2498 4558 fuisse
2524 4499 2839 4568 conjectura
2866 4503 2970 4559 est,
3013 4509 3119 4549 non
3151 4494 3206 4547 in
3239 4492 3391 4546 Italia
3422 4491 3597 4548 solum
3617 4530 3633 4556 ,

467 4585 666 4665 Nay'm
687 4603 854 4665 puppe
882 4589 1064 4665 sedens
1109 4591 1370 4660 Delphina
1411 4593 1718 4665 videbimus,
1742 4596 1934 4665 Inquit,
2003 4595 2048 4650 D
2074 4595 2168 4649 sed
2202 4594 2364 4648 etiam
2399 4593 2454 4646 in
2486 4589 2728 4652 Oriente,
2765 4596 2826 4643 ut
2870 4587 2924 4641 in
2958 4585 3118 4658 Syria
3147 4594 3201 4640 et
3227 4578 3633 4653 Mesopotamia.

538 4658 775 4714 Humida
805 4674 924 4712 cum
952 4660 1103 4727 pulso
1134 4658 1238 4714 no.1:
1259 4665 1358 4716 erit
1383 4674 1501 4718 orta
1535 4663 1640 4722 die.

465 4770 825 4826 Consentium
885 4768 1100 4825 Plinius
1152 4780 1207 4826 et
1260 4773 1577 4829 Columella.
1617 4774 1962 4831 Laterculum

396 4878 613 4931 quoque
672 4870 922 4916 nostrum
974 4863 1312 4917 adamussim
1373 4866 1645 4921 convenit.
1692 4866 1828 4921 Nam
1881 4869 1962 4922 Iu-

397 4954 517 5006 cida
545 4953 731 5006 caudas
764 4951 1008 5022 Delphiui
1040 4957 1411 5024 acronychutn
1439 4966 1689 5011 exortum
1721 4959 1795 5013 ibi
1833 4959 1965 5013 facit

396 5042 727 5111 Didymonos
758 5058 866 5096 xvit
903 5044 1146 5111 przecise,
1172 5045 1262 5112 qui
1292 5053 1375 5099 est
1407 5062 1457 5100 tv
1491 5047 1616 5102 Idus
1637 5047 1846 5104 Junias.

465 5133 683 5204 Lyram,
729 5149 826 5188 seu
873 5133 1145 5187 ﬁdiculam
1209 5134 1460 5188 occidere
1522 5153 1745 5206 vespere
1802 5140 1964 5193 Colu-

396 5226 559 5281 mella
595 5241 710 5279 xxu
741 5223 1012 5288 Januarii,
1049 5223 1278 5281 Ovidius
1305 5242 1438 5280 χχιιι
1468 5230 1843 5296 prodiderunt.
1872 5230 1968 5285 Est

397 5318 487 5371 hic
519 5317 761 5371 heliacus
791 5331 1043 5381 occasus,
1075 5332 1183 5370 non
1209 5318 1574 5386 acronychus,
1603 5327 1662 5372 ut
1690 5335 1720 5373 ι
1743 5323 1965 5390 quibus-

398 5407 522 5459 dam
553 5415 794 5461 notatur.
833 5405 968 5460 Nam
1011 5408 1255 5464 heliacus
1304 5424 1534 5465 occasus
1578 5408 1730 5480 Lyra:
1771 5413 1965 5470 accidit

400 5498 689 5570 IIydronos
717 5515 792 5563 v1,
823 5499 1068 5554 Januarii
1099 5517 1272 5555 xxvii.

465 5592 714 5659 Aquilam
761 5607 813 5645 IV
858 5592 976 5644 Kal.
1005 5591 1295 5649 Januarias
1341 5594 1590 5650 occidere
1621 5609 1843 5663 vespere
1868 5611 1964 5648 au-

399 5687 518 5731 ctor
563 5686 648 5733 est
695 5678 994 5733 Columella
1033 5682 1126 5735 lib.
1180 5680 1251 5734 XI
1281 5721 1297 5744 ,
1343 5698 1462 5751 cap.
1507 5681 1569 5737 II.
1620 5681 1828 5736 Plinius
1866 5684 1959 5740 lib.

400 5769 582 5837 XVIII,
629 5786 750 5841 cap.
803 5771 992 5838 XXVI,
1043 5775 1204 5829 tertio
1264 5775 1533 5830 Kalendas
1584 5777 1637 5830 in
1688 5778 1866 5831 Attica
1911 5787 1964 5834 ct

403 5862 646 5921 finitimis
683 5863 835 5920 locis.
872 5863 946 5920 De
977 5881 1176 5922 occasu
1229 5868 1434 5923 heliaco
1493 5869 1822 5938 loquuntur;
1869 5872 1963 5942 qui

2068 4686 2343 4741 Geneseos
2381 4698 2503 4752 cap.
2536 4681 2705 4743 XXX,
2730 4681 2794 4734 II
2828 4688 2880 4736 ct
2909 4679 3000 4744 42,
3047 4677 3246 4747 duplex
3288 4676 3406 4730 haec
3433 4673 3638 4729 admis-

2070 4793 2197 4832 sura
2232 4775 2564 4846 signiﬁcatur
2589 4793 2604 4829 :
2633 4787 2863 4843 quarum
2906 4785 3013 4824 una
3067 4768 3414 4838 tempestiva,
3464 4765 3638 4820 altera

2071 4868 2312 4924 serotina
2343 4865 2566 4920 dicitur.
2596 4863 2783 4933 Itaque
2811 4860 2979 4916 Jacob
3007 4861 3063 4912 in
3085 4859 3382 4914 maturiore
3415 4869 3471 4913 et
3505 4867 3638 4912 tem-

2069 4960 2279 5029 pestiva
2311 4956 2678 5014 decorticatas
2705 4970 2772 5009 cx
2803 4961 2957 5024 parte
2995 4953 3178 5023 virgas
3200 4951 3366 5006 alveis
3391 4950 3638 5018 impone-

2069 5051 2269 5114 bat,~ut
2300 5049 2464 5102 variae
2504 5062 2569 5101 ac
2618 5045 2909 5100 maculosa:
2951 5044 3190 5114 pecudes
3235 5048 3632 5103 nascerentur,

2069 5159 2191 5213 qua:
2217 5143 2270 5195 in
2302 5139 2609 5195 mercedem
2646 5137 2751 5194 sibi
2783 5143 3095 5202 cesserant;
3141 5135 3283 5206 quod
3323 5133 3505 5204 priore
3542 5132 3635 5186 illa

2073 5235 2246 5288 fetura
2270 5231 2572 5287 valentiora
2617 5240 2672 5283 et
2709 5229 3018 5286 robustiora
3044 5242 3240 5298 pecora
3261 5226 3634 5297 gignerentur.

2069 5324 2127 5379 In
2173 5325 2408 5379 serotina
2449 5323 2634 5392 virgas
2662 5337 2768 5375 non
2802 5321 3060 5390 ponebat,
3093 5328 3154 5374 ut
3179 5335 3247 5374 ex
3271 5333 3337 5373 ea
3371 5327 3514 5373 nata:
3544 5331 3637 5385 pe-

2068 5415 2258 5477 cudes,
2306 5428 2428 5483 qua:
2477 5413 2863 5468 imbecilliores
2904 5420 3099 5473 erant,
3138 5408 3376 5464 Labanis
3407 5415 3635 5463 essent.

2070 5509 2241 5573 Quem
2298 5507 2366 5559 ad
2423 5506 2603 5559 locum
2651 5503 3012 5575 Hieronymus
3052 5503 3109 5557 in
3163 5501 3370 5555 Tradit.
3418 5508 3471 5555 et
3525 5498 3638 5552 Au-

2069 5598 2323 5668 gustinus
2356 5596 2558 5662 Quwst.
2591 5611 2690 5650 xcv
2715 5597 2768 5648 in
2798 5594 2926 5650 Cen.
2947 5595 3030 5650 bis
3057 5593 3112 5647 in
3138 5591 3545 5661 Mesopotamia,
3577 5597 3636 5642 ut

2070 5700 2119 5741 et
2151 5689 2204 5741 in
2241 5688 2412 5750 Italia,
2443 5685 2695 5756 gravidas
2735 5699 2856 5741 esse
2897 5684 3130 5755 pecudes
3175 5687 3448 5740 asserunt.
3479 5697 3497 5729 ι
3531 5677 3639 5730 Na-

2071 5788 2191 5832 tura
2222 5788 2400 5832 autem
2445 5777 2749 5831 Italicarum
2788 5777 2993 5838 ovium,
3023 5783 3077 5829 et
3105 5771 3504 5842 Mesopotamia:
3529 5785 3635 5822 una

2075 5888 2196 5932 esse
2259 5871 2512 5936 traditur,
2553 5889 2570 5922 ι
2608 5872 2682 5924 ait
2736 5868 3113 5940 Hieronymus.
3164 5865 3274 5921 Sed
3325 5866 3378 5920 in
3435 5863 3636 5920 consti-
