4124 6438
507 407 646 466 1575

1487 411 1578 466 AD
1615 411 1882 468 EUSEBH
1917 411 2306 470 CHRONICON
2345 411 2704 468 APPENDEX.

3613 415 3642 471 1
3653 415 3762 471 376

504 521 708 578 tuenda
759 523 1082 580 admissura:
1131 523 1416 594 utriusque
1482 533 1806 596 tempestate
1869 527 2078 582 variant
2111 533 2155 589 Α
2181 542 2358 580 annus
2381 535 2468 582 est
2499 527 2636 580 dies.
2677 524 2850 594 Cujus
2889 525 3033 580 veris
3076 525 3248 580 instar
3283 533 3368 582 est
3393 541 3576 590 mane,
3603 531 3754 598 quod

507 623 779 670 auctores.
809 613 944 668 Nam
985 617 1074 669 alii
1109 618 1485 686 tempestivam
1528 633 1648 673 esse
1697 627 1888 688 putant
1930 635 2072 682 eam,

507 721 630 772 rpite
673 721 801 760 vere
852 707 908 759 lit
949 727 960 760 :
1003 707 1332 770 serotinam,
1375 711 1767 766 autun'malem.
1807 714 1886 764 lta
1925 714 2076 768 Aben

507 797 668 858 l‘lzra.
707 799 906 866 aliique
941 813 1006 852 ex
1035 798 1295 863 Hebraeis,
1327 815 1464 868 quos
1494 800 1824 864 Munsterus,
1855 803 2073 871 Fagius,

507 885 780 941 hlercerus
829 897 1152 956 sequuntur,
1205 906 1272 944 ex
1304 892 1508 946 nostris
1551 891 1831 948 Perrerius
1871 905 1925 948 et
1955 894 2078 949 Del-

505 979 642 1031 rius.
699 977 802 1030 Alii
855 987 1047 1032 contra
1107 989 1484 1049 tempestivam
1549 984 1908 1039 admissuram
1983 1001 2078 1038 au-

505 1079 714 1132 tumno,
744 1071 1040 1124 serotinam
1073 1087 1198 1126 vere
1234 1073 1432 1126 factam
1473 1075 1826 1130 arbitrantur.
1863 1076 1939 1129 Ita
1971 1075 2079 1131 Va-

505 1161 840 1218 tablus.Nec
883 1165 1042 1218 aliter
1068 1174 1292 1224 sanctus
1347 1165 1708 1238 Hieronymus
1753 1169 1808 1222 in
1845 1169 2075 1235 Tradit.,

503 1255 548 1309 si
595 1254 714 1324 ejus
759 1257 922 1308 verba
962 1257 1248 1328 diligenter
1299 1261 1630 1315 attendimus
1665 1280 1676 1314 :
1713 1279 1732 1311 ‹
1769 1261 1824 1316 Si
1861 1264 2080 1332 quando

501 1361 632 1400 oves
661 1355 714 1400 et
741 1363 918 1417 caprae
965 1351 1142 1418 primo
1177 1359 1422 1422 tempore
1467 1353 1924 1417 ascendebantur,
1953 1355 2078 1422 quia

501 1439 696 1493 melior
717 1455 922 1495 vernus
955 1449 1040 1496 est
1073 1442 1238 1505 fetus,
1274 1451 1401 1500 ante
1437 1444 1584 1514 ipsas
1617 1447 1852 1514 ponebat
1877 1447 2078 1516 virgas,

500 1538 562 1582 ut
583 1531 732 1584 varia
769 1533 985 1588 soboles
1019 1544 1354 1589 nasceretur.
1393 1556 1410 1586 ι
1443 1535 1657 1592 Vernus
1695 1537 1834 1592 fetus
1871 1547 1954 1592 est
1988 1543 2082 1609 qui
2115 1541 2118 1544 ’

499 1637 630 1678 vere
673 1627 942 1678 nascitur.
983 1625 1138 1680 Hunc
1191 1643 1322 1698 ergo
1373 1629 1549 1682 hieme
1597 1631 1836 1696 ineunte,
1865 1633 1946 1685 vel
1985 1647 2082 1685 au-

500 1724 690 1771 tumno
716 1717 998 1770 desinente
1029 1719 1174 1786 gigni
1216 1721 1478 1788 oportuit.
1515 1719 1656 1774 Oves
1684 1722 1827 1776 enim
1858 1730 2071 1778 uterum

501 1803 684 1858 ferunt
733 1807 1010 1860 mensibus
1050 1809 1308 1877 quinque,
1341 1811 1426 1862 vel
1463 1809 1654 1865 diebus
1691 1825 1796 1877 CL;
1843 1819 1902 1866 ut
1946 1813 2071 1866 Ari-

2175 625 2290 671 tum
2340 634 2434 672 aer
2483 625 2814 686 temperatus
2867 617 2976 684 sit;
3034 615 3292 672 meridies
3325 619 3534 674 aestatis
3585 621 3759 674 instar

2175 715 2296 772 est;
2345 715 2608 760 autumno
2657 706 3087 774 pomeridianum
3145 713 3358 777 tempus
3409 708 3586 764 simile
3637 719 3754 778 est;

2175 797 2372 852 hiemis
2401 799 2574 852 instar
2607 798 2784 852 tristis
2811 804 2894 852 est
2937 811 3185 866 vespera,
3219 813 3272 851 ea.
3310 799 3453 872 quod
3493 800 3758 871 deinceps

2181 891 2452 958 sequitur.
2503 910 2520 941 ι

2251 979 2374 1033 ΙΙωο
2403 987 2624 1048 propter
2667 993 2923 1032 occasum
2967 977 3185 1032 Arcturi
3247 989 3302 1032 et
3335 979 3544 1050 Aquilae
3593 985 3754 1052 paulo

2179 1079 2310 1125 sunt
2335 1071 2615 1140 disputata
2655 1069 2852 1122 fusius.
2883 1069 2962 1122 Ac
2991 1068 3058 1122 de
3090 1070 3330 1123 metliodi
3360 1086 3464 1124 usu
3495 1079 3549 1124 et
3571 1087 3754 1126 exem-

2143 1163 2284 1232 .plis
2319 1163 2621 1216 hactenus:
2665 1175 2898 1230 quorum
2939 1161 3192 1214 tractatio
3231 1176 3353 1214 cum
3397 1163 3462 1216 ad
3495 1163 3754 1217 imitatio-

2181 1270 2304 1308 nem
2349 1254 2626 1324 proposita
2659 1253 2933 1306 tironibus
2981 1267 3102 1306 esse
3131 1252 3338 1314 debuit,
3373 1261 3486 1306 tum
3523 1269 3756 1322 sequen-

2179 1347 2328 1403 tibus
2355 1347 2408 1400 in
2445 1347 2617 1411 libris,
2649 1359 2714 1398 ac
2743 1343 3211 1414 disputationibus
3245 1343 3399 1398 utilis
3435 1353 3517 1398 est
3546 1344 3754 1404 futura.

2789 1457 3017 1513 CAPUT
3057 1457 3146 1511 IX.

2188 1569 2258 1622 De
2299 1578 2418 1624 ortu
2456 1578 2503 1623 et
2546 1585 2734 1622 occasu
2775 1567 3123 1637 Vergiliarum
3175 1568 3510 1638 explicantur
3545 1585 3606 1622 ea
3635 1586 3754 1638 qua:

2253 1641 2316 1691 ab
2350 1641 2578 1708 antiquis
2609 1641 2879 1708 meritoriis
2907 1647 3027 1690 sunt
3067 1640 3297 1704 prodita.
3347 1637 3553 1704 Virgilii
3581 1637 3651 1692 de
3683 1641 3752 1693 iis

2251 1710 2394 1762 locus
2425 1706 2826 1762 inextricabilis.
2847 1706 3089 1777 Plerique
3115 1717 3350 1762 auctores
3377 1710 3626 1776 explicati
3655 1719 3752 1762 aut

2254 1781 2518 1848 castigati.

500 1897 720 1968 stoteles
767 1905 956 1952 auctor
993 1907 1076 1954 est
1121 1900 1304 1954 lib.Vl
1353 1901 1496 1956 Hist.
1533 1905 1720 1967 anim.,
1761 1912 1814 1959 et
1857 1903 2064 1960 Plinius

2239 1889 2522 1960 Prmeipua
2561 1889 2706 1960 apud
2760 1890 3015 1959 antiquos
3063 1888 3375 1944 observatio
3419 1888 3524 1944 fuit
3567 1889 3752 1961 Vergi-

499 1987 622 2039 loco
650 1987 743 2040 cit.

567 2073 639 2128 Ut
667 2075 792 2130 huic
823 2079 1112 2147 posteriori
1145 2079 1429 2135 sementim
1457 2080 1664 2136 faveam
1695 2083 1876 2152 potius
1905 2099 2068 2154 quam

495 2165 672 2232 alteri,
705 2165 834 2222 facit
873 2168 1006 2222 illud
1037 2171 1338 2240 imprimis,
1377 2174 1522 2240 quod
1557 2193 1574 2223 ι
1609 2177 1924 2243 temporarii
1963 2197 1981 2228 ι
2017 2185 2072 2232 et

499 2276 520 2308 σ
565 2259 786 2312 serotini
825 2279 842 2310 ι
877 2262 1140 2316 vocabula
1187 2263 1322 2316 alias
1374 2264 1428 2317 in
1457 2265 1630 2318 sacris
1673 2267 1868 2322 litteris
1907 2285 2070 2323 usur-

495 2357 694 2417 pentur
743 2350 811 2404 ad
863 2367 984 2405 eum
1041 2353 1284 2416 modum,
1331 2369 1496 2422 quem
1551 2355 1640 2408 illa
1694 2356 1952 2412 defendit.
2003 2357 2070 2412 Ut

495 2455 620 2492 eum
657 2441 832 2494 imber
862 2443 1226 2510 Iemporarius
1251 2451 1305 2498 et
1337 2445 1613 2500 serotinus
1648 2447 1846 2501 dicitur
1877 2447 2071 2504 Dente-

495 2547 616 2585 ron.
653 2547 730 2598 XI,
755 2533 844 2596 14,
889 2531 1054 2588 Hebr.
1085 2519 1280 2619 llr-PL):
1315 2545 1458 2600 ΠἽῚἸ,
1490 2537 1642 2601 ὑετὸς
1676 2537 1939 2608 πρὼῖμος,
1979 2541 2070 2593 καὶ

490 2622 704 2692 ῧῷνιμος.
731 2622 898 2690 Quem
929 2625 994 2678 ad
1031 2627 1206 2680 locum
1252 2626 1320 2681 li.
1372 2627 1624 2683 Selomoh
1656 2640 1775 2690 nar
1805 2633 2069 2700 interpre-

489 2719 646 2764 tatur
670 2712 737 2766 de
763 2713 966 2782 pluvia,
1002 2730 1122 2783 qua:
1151 2723 1272 2783 post
1309 2725 1608 2772 sementem
1637 2719 1835 2773 cadens
1867 2727 2065 2774 terram

489 2811 547 2856 et
579 2811 732 2858 satus
763 2804 971 2874 irrigat,
998 2787 1195 2890 unan
1221 2821 1349 2860 vero
1375 2805 1442 2860 de
1469 2821 1533 2860 ea
1559 2823 1678 2876 qua:
1704 2807 1808 2862 sub
1835 2824 2066 2863 messem

491 2895 659 2947 venit.
715 2892 816 2947 Cui
862 2901 916 2948 et
961 2893 1112 2949 Aben
1147 2894 1284 2949 Ezra
1317 2899 1610 2960 consentit,
1645 2913 1860 2954 necnon
1897 2897 2066 2954 David

490 2984 739 3039 Kimltius
801 2985 856 3038 in
899 3001 1015 3052 cap.
1049 2984 1112 3038 ΙΙ
1143 2985 1304 3052 Joel.,
1361 3003 1502 3041 cam.
1551 2989 1640 3052 94,
1691 2989 1782 3044 ubi
1839 2998 2066 3060 utraque

489 3075 674 3144 pluvia
732 3083 1090 3143 memoratur,
1141 3093 1204 3131 ac
1259 3079 1636 3147 tempestivam
1687 3081 1763 3134 ait
1813 3080 2063 3138 Kimliius

489 3183 676 3222 mense
705 3167 1070 3223 Marclieswan
1100 3169 1384 3234 accidere,
1447 3173 1740 3226 serotinam
1777 3175 1832 3228 in
1867 3173 2056 3230 Nisan.

485 3258 776 3313 Chaldaeus
813 3259 1010 3312 ibidem
1041 3261 1334 3314 serotinam
1361 3261 1572 3316 confert
1607 3264 1664 3317 in
1695 3263 1885 3319 Nisan.

535 3346 700 3418 Origo
715 3349 1092 3418 appellationis
1107 3350 1392 3421 utriusque
1407 3351 1628 3422 duplex,
1645 3361 1702 3408 ut
1716 3355 1928 3424 opinor,
1943 3355 2061 3412 fuit.

487 3436 670 3492 Prima
695 3449 750 3493 et
789 3439 1168 3508 antiquissima
1197 3455 1265 3495 ex
1295 3441 1411 3511 ipsa
1433 3458 1613 3498 rerum
1655 3453 1868 3510 natura,
1892 3454 1946 3502 et
1970 3463 2064 3502 ru-

489 3530 752 3586 sticorum
777 3545 1002 3600 operum
1046 3547 1147 3587 usu
1173 3538 1226 3586 et
1248 3533 1632 3592 commoditate
1647 3538 1905 3593 manavit.
1928 3537 2064 3594 Nam

481 3635 550 3676 ea
587 3623 907 3691 tempestiva
947 3621 1054 3677 dici
1113 3623 1358 3688 solent,-
1396 3641 1518 3694 quae
1560 3633 1792 3694 mature,
1852 3635 1908 3683 et
1961 3630 2064 3686 sub

486 3714 663 3782 ipsum
698 3715 915 3768 initium
951 3715 1246 3782 accidunt;
1298 3717 1562 3782 serotina,
1591 3733 1714 3787 qua;
1741 3719 1969 3784 tardius,
2009 3727 2065 3775 et

485 3805 591 3860 sub
614 3807 840 3860 exitum.
892 3804 1068 3874 Opera
1121 3805 1304 3863 omnis
1354 3808 1560 3862 rustica
1607 3808 1676 3864 ab
1719 3811 1966 3866 aratione
2009 3818 2063 3867 et

487 3907 730 3955 semente
765 3899 978 3968 incipit,
1013 3907 1067 3953 et
1098 3899 1152 3953 in
1182 3915 1418 3956 messem
1447 3901 1673 3956 desinit.
1721 3901 1852 3968 Qua:
1895 3904 2062 3975 igitur

483 3989 668 4061 pluvia
717 3989 820 4044 sub
876 3989 1052 4058 ipsum
1103 3990 1368 4046 arationis
1419 4008 1484 4046 ac
1535 3995 1795 4054 sementis
1849 4003 2060 4064 tempus

484 4079 672 4144 afﬂuit,
697 4095 760 4136 ea
793 4083 1114 4150 tempestiva
1145 4089 1201 4136 et
1236 4093 1446 4144 matura
1481 4083 1588 4138 dici
1623 4093 1866 4140 meretur
1899 4107 1911 4141 :
1941 4103 2060 4157 qua:

483 4172 644 4243 paulo
673 4181 798 4228 ante
829 4187 1084 4236 messem,
1117 4173 1270 4228 tarda
1296 4182 1350 4229 et
1381 4175 1640 4230 serotina.
1679 4177 1859 4232 Altera
1894 4195 2060 4235 causa

483 4264 551 4318 ab
585 4263 714 4318 anni
756 4265 936 4320 civilis
983 4265 1211 4320 exordio
1265 4267 1469 4336 petitur
1515 4283 1724 4338 :quem
1774 4269 1944 4325 Judaei
1989 4271 2058 4326 ab

481 4363 746 4412 autumno
770 4365 824 4412 et
854 4356 998 4412 Tisri
1027 4359 1473 4428 auspicabantur.
1512 4359 1699 4432 Itaque
1739 4365 2056 4434 tempestiva

481 4454 631 4502 recte
650 4448 1012 4508 vocabantur,
1035 4465 1156 4518 quae
1181 4449 1403 4504 ineunte
1427 4465 1609 4518 anno;
1645 4453 1905 4516 serotina,
1937 4471 2056 4524 quae

2177 1982 2396 2045 liarum,
2453 1997 2588 2052 quas
2635 1981 2808 2035 (ἕναιοί
2869 1981 3129 2044 Πλεῖάδας
3180 1983 3474 2038 dixerunt:
3511 1982 3647 2037 adeo
3689 1991 3751 2036 ut

2179 2074 2247 2128 ab
2275 2073 2382 2127 illis
2410 2071 2608 2126 πλειὼν
2637 2083 2866 2128 vocatus
2893 2072 2964 2126 sit
2996 2087 3192 2134 annus,
3219 2079 3278 2126 ut
3307 2071 3478 2128 refert
3519 2071 3666 2127 Theo
3690 2073 3746 2128 in

2177 2160 2470 2217 Comment.
2519 2161 2587 2215 ad
2625 2163 2868 2215 Aratum.
2917 2161 3238 2232 Lyc0pbron
3289 2172 3440 2220 certe
3487 2163 3750 2228 πλειῶνος

2170 2255 2496 2308 vocabulum
2531 2270 2629 2324 pro
2666 2269 2810 2308 anno
2843 2255 3031 2318 sumit,
3066 2253 3153 2309 his
3185 2255 3408 2311 vc:bi5:

2235 2367 2336 2431 Εἰς
2369 2363 2546 2419 πέντε
2577 2382 2694 2418 που
2731 2363 3028 2431 πλειῶνας
3056 2366 3295 2434 ἱμείρων
3319 2361 3562 2438 εὲἐχους.

2240 2475 2477 2546 Quinque
2509 2475 2713 2529 circiter
2741 2493 2906 2529 annos
2943 2475 3060 2529 lecti
3093 2476 3330 2544 cupidus.

2169 2585 2322 2654 Quod
2367 2595 2421 2642 et
2455 2587 2759 2658 Hesychius
2793 2587 2972 2652 habet,
3019 2587 3120 2642 etsi
3167 2589 3392 2644 alteram
3445 2588 3610 2659 hujus
3651 2607 3750 2660 ap-

2167 2675 2478 2746 pellationis
2502 2691 2724 2731 causam
2755 2675 2909 2731 aﬂert
2947 2697 2960 2732 :
2997 2677 3128 2730 Ἀπὸ
3156 2677 3250 2731 τοῦ
3283 2681 3489 2742 πάντας
3514 2681 3612 2750 τῆς
3644 2681 3750 2759 γῆς

2167 2770 2292 2831 τοὺς
2327 2769 2573 2838 καρποὺς
2605 2769 3054 2839 συμπληροῦσθαι
3084 2791 3097 2824 :
3137 2789 3156 2821 ι
3186 2771 3333 2840 quod
3381 2771 3594 2826 fructus
3630 2789 3752 2826 om—

2165 2874 2263 2914 nes
2294 2865 2449 2912 tcrrze
2487 2859 2634 2928 pleni
2664 2874 2729 2912 eo
2783 2868 3030 2914 vertente
3067 2861 3408 2928 proveniant.
3447 2881 3467 2914 ι
3501 2861 3589 2918 Em
3629 2864 3751 2924 sitae

2166 2955 2294 3001 sunt
2323 2946 2377 3000 in
2415 2955 2566 3016 tergo
2591 2945 2779 3012 Tauri,
2815 2963 3044 3002 numero
3073 2963 3188 3012 sex,
3218 2949 3309 3001 aita
3331 2949 3610 3006 Geminus.
3641 2949 3752 3023 Hy-

2171 3041 2336 3108 ginus
2372 3057 2390 3090 ‹
2427 3039 2570 3094 inter
2599 3039 2900 3094 ﬁnitionem
2943 3041 3190 3110 corporis
3222 3039 3387 3095 Tauri
3436 3051 3490 3097 et
3518 3043 3746 3108 caudam

2163 3131 2364 3186 Arietis
2404 3149 2422 3182 ι
2461 3131 2681 3184 easdem
2737 3131 2922 3196 locat;
2994 3123 3194 3186 Aratds
3241 3147 3410 3203 prope
3464 3133 3744 3190 sinistram

2088 3231 2130 3288 α
2163 3219 2472 3290 ἐπιγουνίδα
2513 3220 2731 3285 Persei,
2777 3237 2943 3292 quam
2981 3237 3170 3276 vocem
3211 3225 3364 3278 varie
3417 3223 3748 3304 interpretes

2167 3319 2517 3380 acceperunt.

2243 3416 2503 3490 "Arztdé
2525 3422 2578 3472 οἱ
2607 3419 2828 3490 σκαιῆς
2849 3420 3223 3488 ἐπιγουνίδος
3243 3421 3424 3490 ἤλιθα
3449 3419 3638 3490 «atrae

2235 3487 2365 3557 Πλῄ
2373 3487 2534 3553 ϊάδες
2573 3489 2910 3557 φορέονται.

2164 3601 2357 3659 Cicero
2389 3621 2404 3658 :

2231 3717 2302 3770 At
2331 3723 2540 3786 propter
2561 3715 2747 3770 (meum
2781 3731 2912 3785 genu
2943 3717 3088 3769 omni
3115 3731 3178 3770 ea:
3215 3725 3367 3784 parte
3393 3717 3595 3772 locatas

2235 3785 2433 3840 Parva'
2463 3785 2713 3858 Vergilias
2747 3787 2888 3840 tenui
2923 3802 3041 3839 cum
3073 3787 3184 3840 luce
3222 3787 3437 3842 videbis.

2161 3875 2402 3932 Avienus
2432 3895 2445 3930 :

2234 3987 2480 4043 Pleiades
2513 3988 2728 4057 femoris
2757 3989 2956 4056 pariter
2985 3986 3080 4042 sub
3119 3987 3223 4057 ﬁne
3255 3989 3460 4042 sinistri

2233 4059 2459 4114 Perseus
2492 4058 2756 4129 pratollit.

2229 4171 2574 4243 Hipparchus
2612 4171 2708 4227 lib.
2747 4169 2762 4222 Ι
2789 4171 2880 4234 Εἰς
2904 4171 2974 4225 τὰ
3007 4171 3308 4241 φαινόμενα
3339 4177 3504 4242 negat
3527 4171 3754 4228 vicinas

2159 4277 2280 4318 esse
2305 4279 2448 4333 genu
2473 4262 2702 4318 sinistro
2731 4261 2934 4316 Persei.
2963 4261 3152 4332 Itaque
3180 4263 3490 4330 ἐπιγουνίδα
3515 4263 3756 4332 quidam.

2159 4353 2226 4412 ad
2249 4371 2379 4411 crus
2419 4355 2691 4425 integrum
2723 4355 3048 4410 retulerunt.
3092 4355 3228 4411 Vide
3260 4355 3557 4412 Theonem.
3585 4356 3734 4410 ldem

2158 4442 2500 4515 Hipparchus
2527 4447 2768 4500 Attalum
2801 4447 3174 4518 reprehendit,
3197 4448 3343 4516 quod
3369 4463 3461 4503 sex
3491 4461 3614 4504 esse
3643 4461 3746 4504 s01.

483 4533 780 4590 inclinante
811 4535 1032 4591 fiebant.
1078 4535 1203 4591 Haec
1235 4537 1282 4591 si
1311 4553 1440 4592 vera
1481 4545 1631 4602 sunt,
1669 4539 1914 4610 profecto
1945 4560 2054 4600 non

2160 4533 2240 4589 las
2269 4535 2489 4596 dixerit.
2521 4551 2642 4590 cum
2679 4536 2790 4590 sint
2835 4551 3067 4590 numero
3098 4545 3328 4606 septem,
3359 4545 3420 4591 ut
3455 4545 3508 4592 et
3533 4536 3754 4594 Aratus.

481 4624 590 4679 alio
621 4639 786 4680 sensu
821 4627 1144 4696 tempestiva
1173 4637 1228 4684 et
1269 4630 1513 4684 serotina
1549 4631 1726 4686 fetura
1756 4633 1824 4690 ab
1859 4633 2052 4690 iisdem

475 4715 677 4773 Iudaeis
712 4727 973 4783 usurpata
997 4721 1233 4786 videtur,
1269 4739 1432 4794 quam
1463 4741 1573 4795 quo
1601 4725 1837 4796 pluviam
1877 4729 2056 4798 appel-

478 4809 644 4864 latam
703 4825 768 4864 ac
812 4811 1128 4866 distinctam
1182 4816 1326 4872 inter
1377 4831 1569 4873 omnes
1615 4817 1886 4873 convenit.
1927 4815 2051 4871 Ideo

477 4903 853 4972 tempestivam
885 4905 1250 4962 admissuram
1282 4909 1653 4964 autumnalem
1682 4947 1697 4972 ,
1729 4909 2046 4972 serotinam,

475 5013 701 5053 vernam
727 5009 822 5054 aut
855 5001 1094 5056 aestivam
1127 5004 1351 5074 intelligi
1384 5019 1483 5074 par
1505 5013 1607 5060 est.

543 5089 692 5145 Alias
721 5101 920 5156 autem,
963 5108 1024 5146 ac
1057 5103 1278 5164 propter
1309 5095 1512 5150 diversi
1543 5097 1762 5167 generis
1790 5109 2051 5167 opperitu-

471 5182 676 5237 nitates
709 5185 1116 5252 tempestivum,
1143 5185 1256 5240 sive
1283 5185 1528 5257 πρώῖμον
1579 5187 1632 5240 id
1673 5186 1780 5241 dici
1809 5194 2044 5256 poterat,

465 5273 619 5343 quod
674 5289 802 5330 vere
849 5277 1090 5344 accidit;
1148 5280 1484 5342 serotinum,
1547 5279 1690 5350 quod
1751 5279 2048 5332 inclinante

473 5365 583 5437 jam
615 5381 778 5432 anno,
800 5369 1066 5438 siquidem
1097 5377 1158 5424 ut
1185 5371 1370 5426 adlib.
1401 5371 1446 5424 ll
1475 5371 1668 5442 Odyss.
1699 5372 1801 5426 sub
1835 5371 2045 5424 initium

475 5461 727 5514 observat
755 5460 1330 5535 Eustathiusthxpdg
1360 5481 1444 5527 τις
1473 5464 1714 5527 ἐνιαυτὸς
1741 5464 1950 5534 ἡμέρα’
1979 5457 2048 5534 ἧς

475 5544 566 5604 οἶα
609 5551 706 5620 μὲν
747 5552 906 5625 ἓαρή
951 5555 1132 5625 πρωῖα
1165 5555 1254 5608 διὰ
1303 5555 1364 5610 τὸ
1404 5555 1703 5626 τηνικαῦτα
1749 5553 2042 5624 εὔκρατον·

479 5641 634 5713 θέρος
660 5643 716 5696 δὲ
739 5641 850 5698 οἷον
875 5647 938 5698 τὸ
967 5647 1065 5716 τῆς
1089 5647 1304 5718 ἡμέρας
1337 5647 1498 5718 μέσον
1517 5665 1530 5679 ·
1560 5645 1883 5716 φθινοπώρῳ
1905 5645 1960 5698 δὲ
1979 5643 2048 5697 τὰ

479 5735 608 5804 περὶ
641 5735 818 5807 δείλην
859 5737 1030 5791 ἔοικε·
1079 5737 1343 5810 χειμῶνος
1373 5739 1428 5791 δὲ.
1471 5739 1624 5810 δίκην
1669 5735 2045 5808 σκυθρωπάξει

477 5831 548 5908 ea
575 5831 708 5902 πρδς
750 5833 1006 5904 ἑσπέραν,
1057 5837 1150 5890 καὶ
1204 5837 1478 5892 ἐπέκεινα.
1521 5855 1540 5886 ‹
1577 5835 1783 5904 Parvus
1821 5833 2042 5904 quidam

2156 4623 2382 4690 cecinit;
2434 4624 2528 4678 sed
2565 4639 2727 4678 unam
2783 4625 3008 4680 minime
3056 4641 3336 4696 apparere.
3377 4623 3540 4678 Addit
3583 4621 3737 4678 Theo

2151 4716 2484 4786 triangulum
2513 4715 2637 4770 illas
2667 4713 2866 4778 facere,
2891 4717 3051 4786 cujus
3074 4717 3223 4772 basis
3255 4717 3322 4771 ad
3353 4725 3530 4771 ortum
3559 4721 3752 4788 reSpi-.

2152 4808 2260 4872 cit;
2287 4823 2462 4877 neque
2501 4821 2698 4876 magno
2735 4810 2912 4876 spatio
2951 4809 3260 4864 contineri:
3297 4810 3494 4878 quippe
3529 4809 3582 4862 in
3615 4811 3736 4864 lon-

2151 4896 2448 4964 gitudinem
2483 4910 2647 4948 unum
2681 4895 2933 4963 gradum,
2967 4897 3022 4951 in
3050 4897 3390 4952 latitudinem
3414 4899 3609 4968 ἥμισυ,
3636 4901 3750 4962 καὶ-ο

2150 4987 2353 5054 ὄγδοον,
2379 5000 2664 5054 occupare,
2691 4986 2790 5040 hoc
2816 4995 2899 5040 est
2933 4987 3298 5056 sexagesimas
3341 4987 3422 5040 δῖ’
3457 4987 3582 5057 -l/'2.
3609 4987 3720 5041 Has

2151 5095 2270 5132 rum
2306 5077 2506 5142 media,
2550 5093 2670 5149 quae
2700 5086 2752 5132 et
2793 5077 2976 5132 lucida
3024 5076 3308 5132 Pleiadum
3353 5078 3574 5140 dicitur,
3609 5095 3734 5132 ma-

2148 5170 2450 5240 gnitudinis
2485 5177 2569 5224 est
2597 5169 2802 5238 tertim;
2835 5180 3042 5224 caeteras
3073 5171 3302 5238 quintae,
3347 5177 3401 5222 et
3433 5181 3616 5225 sextae.
3649 5169 3728 5230 Ita

2149 5279 2271 5318 cum
2311 5264 2520 5333 exigua:
2549 5263 2680 5326 sint,
2712 5277 3030 5332 magnarum
3077 5271 3260 5316 tamen
3305 5277 3488 5316 rerum
3519 5261 3730 5332 signiti-

2149 5354 2398 5408 eationes
2427 5353 2631 5416 habere
2661 5353 3046 5408 credebantur.
3073 5353 3300 5407 Cicero:

2149 5463 2251 5518 Ila:
2290 5473 2462 5519 tenues
2491 5479 2648 5532 parvo
2686 5463 2920 5518 labentes
2954 5463 3146 5516 luniine
3177 5463 3370 5516 lucent.

2149 5537 2218 5587 At
2257 5552 2501 5606 magnum
2521 5551 2706 5589 nomen
2735 5536 2870 5605 signi
2903 5535 3206 5603 clarumque
3235 5543 3472 5586 vocatur.

2217 5645 2350 5700 Nam
2381 5653 2432 5702 et
2466 5647 2696 5708 testatis,
2733 5653 2896 5715 atque
2927 5644 3124 5698 hiemis
3157 5644 3331 5704 initia,
3357 5649 3412 5697 et
3437 5642 3722 5706 messium.

2149 5747 2312 5808 atque
2339 5740 2646 5792 arationum
2675 5747 2918 5806 tempora
2951 5735 3387 5806 distinguebant:
3421 5733 3500 5789 sic
3523 5741 3582 5802 ut
3609 5733 3728 5786 nul.-

2115 5907 2118 5910 _
2149 5833 2258 5896 lius
2297 5831 2496 5892 sideris
2531 5829 2732 5888 clarior
2762 5829 2902 5899 apud
2937 5836 3211 5896 auctores,
3251 5837 3344 5884 aut
3383 5825 3728 5898 frequentia;
