4124 6410
291 414 426 470 1577

1066 401 1523 461 DISSERTATIO
1561 400 1651 454 DE
1693 398 1878 456 OiiTU
1924 398 2011 454 ET
2043 395 2313 453 OCCASU
2354 393 2682 450 SIDERUM.

3402 391 3540 445 1578

285 535 465 585 exstet
497 525 779 582 memoria.
810 523 921 579 Nos
969 524 1033 578 ad
1079 538 1175 578 eos
1218 519 1576 577 illustrandos
1604 519 1707 572 hoc
1738 517 1861 571 loco
1888 522 1936 578 Α
1963 516 2125 569 telem
2162 513 2410 582 sequitur
2446 512 2542 567 lib.
2573 509 2645 565 IX
2683 507 2850 570 llist.,
2870 521 2990 577 cap.
3020 503 3134 569 XL,
3158 506 3248 575 qui
3276 510 3329 558 et
3352 503 3447 557 lib.
3473 502 3539 567 V,

285 622 396 676 duo
431 618 676 691 quaedam
722 617 1115 688 explicabimus
1161 635 1174 669 :
1226 615 1458 668 alterum
1511 612 1580 666 de
1614 618 1862 679 tempore

286 692 440 769 ortus
470 711 708 773 illarum,
752 718 806 764 et
835 722 1067 763 occasus
1103 747 1117 770 ,
1150 706 1381 760 alterum
1412 704 1480 757 de
1520 702 1649 755 anni
1691 701 1861 770 parti-

285 805 457 870 tione,
473 817 634 873 quam
655 801 847 856 iisdem
873 807 1083 854 veteres
1105 798 1410 866 assignant.
1436 793 1684 847 Totidem
1714 792 1862 846 enim

287 892 468 963 capita
506 896 634 946 sunt
671 890 726 943 in
758 887 993 942 Pliniani
1025 884 1408 941 exercitatoris
1438 880 1722 937 incondita
1761 878 1864 932 far-

286 983 497 1054 ragine,
527 982 584 1035 in
607 996 771 1052 quam
796 980 958 1051 paulo
986 986 1108 1048 post
1143 976 1506 1047 iuquiremus.

358 1074 436 1129 De
474 1080 596 1128 ortu
637 1086 948 1141 occasuque
976 1067 1254 1124 Pleiadum
1291 1066 1406 1120 triti
1453 1071 1600 1129 sunt,
1632 1078 1731 1118 nec
1776 1069 1862 1115 ta-

196 1152 205 1157 δ
288 1180 414 1222 men
445 1163 887 1237 praetermittendi
918 1176 1109 1217 versus
1136 1157 1354 1214 Hesiodi
1375 1157 1419 1211 II
1454 1158 1611 1224 Ἐρτ.

294 1277 617 1345 Πλητὰδων
660 1274 1049 1345 Ἀτλαγενέων
1072 1267 1586 1345 ἐπιφεζλομενάιιγ

300 1335 572 1416 Ἀρᾷίεσφ
605 1335 858 1415 (tumori:
893 1345 1125 1416 dpdtoto
1152 1341 1220 1395 δὲ
1248 1335 1702 1416 δυάσομενᾴων.

301 1406 379 1474 Ai
396 1406 470 1482 δή
499 1433 588 1469 τοι
616 1406 838 1482 iesiqu
863 1406 1049 1467 τέκαὶ
1084 1412 1281 1481 ἤματα
1306 1406 1758 1482 (satrapdech

292 1476 692 1556 Κεκρῦφαται·
723 1476 892 1556 αὗιξις
923 1484 991 1535 δὲ
1013 1476 1451 1556 περῖπλοιρένου
1478 1476 1755 1556 crruptor)

294 1544 628 1619 diali-artat,
655 1544 929 1622 ταπρῶὲα
960 1544 1437 1622 χαρὰσσομένοιο
1479 1544 1753 1614 σιδήρου.

302 1665 859 1722 Pleiadibus'Atlante
884 1666 1023 1718 natis
1055 1661 1341 1718 orientibus

303 1737 483 1806 Incipe
506 1752 752 1800 messem;
789 1736 1077 1788 arationem
1111 1750 1227 1787 vero
1254 1731 1627 1806 occidentibus.

301 1802 436 1872 Quae
466 1806 674 1876 quidem
720 1817 893 1859 noctes
919 1815 968 1858 et
996 1806 1106 1857 dies
1135 1802 1491 1876 quadraginta

1964 620 2087 675 cap.
2129 602 2272 657 XXII
2315 602 2421 656 mel
2463 607 2630 669 negat
2672 598 2788 652 fieri
2824 607 2949 651 ante
2977 594 3342 664 Vergiliarum
3382 608 3543 647 exor-

1965 706 2101 751 tum.
2152 694 2260 748 Sed
2309 707 2409 747 cur
2452 691 2720 745 Pleiadem
2764 687 3064 743 occidendo
3106 685 3315 740 Piseem
3352 685 3428 738 ait
3458 684 3544 738 lu-

1962 783 2125 853 gere?
2171 782 2417 849 Servius,
2465 796 2530 835 ac
2568 780 2790 849 reliqui,
2833 792 2974 848 quos
3009 776 3144 839 vidi,
3191 778 3542 845 interpretes,

1965 876 2258 930 australem
2289 873 2501 928 Piscem
2533 873 2862 941 intelligunt,
2893 870 3051 939 cujus
3082 869 3138 922 in
3167 883 3230 923 os
3266 867 3546 936 Aquarius

1963 980 2159 1035 aquam
2201 963 2470 1029 infundit;
2506 963 2650 1017 unde
2678 970 2729 1017 et
2776 974 3016 1030 aquosus
3047 953 3272 1014 dicitur.
3306 957 3406 1011 Hic
3448 974 3547 1011 au-

1965 1065 2078 1112 tem
2108 1072 2174 1111 eo
2205 1067 2447 1126 tempore
2474 1056 2669 1120 oritur,
2704 1068 2813 1124 quo
2846 1052 3091 1107 Pleiades
3127 1050 3410 1105 occidunt.
3450 1051 3549 1104 At-

1971 1149 2070 1219 qui
2105 1147 2308 1202 l‘alsum
2344 1146 2490 1201 istud
2534 1154 2640 1203 est.
2670 1146 2805 1199 Nam
2838 1158 2947 1214 quo
2974 1144 3251 1198 memento
3275 1142 3451 1197 Pleias
3488 1142 3547 1197 in

1963 1255 2166 1294 occasu
2194 1240 2461 1292 matutino
2492 1239 2594 1292 sila
2624 1246 2708 1293 est
2737 1239 2791 1291 in
2824 1236 3127 1290 elevatione
3155 1234 3287 1304 poli,
3313 1232 3416 1288 sub
3438 1248 3548 1302 qua

1963 1344 2121 1402 poeta
2171 1331 2428 1400 scripsit,
2477 1345 2539 1384 os
2587 1328 2764 1383 Piscis
2793 1311 3050 1382 australis
3091 1326 3282 1395 parum
3325 1325 3480 1379 abest
3512 1339 3546 1378 a

1963 1423 2263 1479 meridiano
2287 1422 2568 1483 infcriori;
2594 1436 2768 1490 eoque
2798 1421 2905 1475 situ
2930 1421 3177 1490 proxime
3202 1415 3545 1487 perfunctum
3590 1410 3595 1418 ’

1963 1523 2068 1576 est,
2120 1528 2282 1582 quem
2332 1510 2658 1565 Ptolemaeus
2705 1510 2939 1578 appellat
2990 1507 3122 1577 ἑῷον
3165 1503 3547 1574 προμεσουρά-

1964 1620 2132 1673 νημα.
2165 1602 2356 1657 Caeteri
2391 1616 2609 1671 quoque
2645 1599 2825 1670 pisces
2867 1608 2995 1652 ante
3026 1597 3293 1666 Vergilias
3338 1603 3541 1653 ortum,

1964 1704 2019 1749 et
2042 1710 2297 1750 occasum
2329 1694 2557 1748 faciunt.
2581 1692 2707 1746 Ideo
2736 1690 3086 1762 quaerendum
3109 1699 3215 1754 est,
3237 1700 3348 1756 quo
3375 1698 3541 1740 sensu

1964 1784 2145 1840 Pleias
2175 1785 2378 1855 piscem
2411 1785 2626 1854 fugiens
2656 1782 2908 1837 occidere
2949 1780 3166 1835 dicatur
3206 1794 3237 1832 a
3276 1768 3540 1846 Virgilio;

304 1860 649 1948 accullantur
670 1891 924 1948 {rursum
954 1889 1072 1927 vero
1093 1860 1536 1948 _circumvblvente
1564 1886 1618 1924 se
1657 1885 1794 1923 anno
1894 1860 1941 1918 Β
1968 1878 2114 1948 quod
2161 1877 2267 1932 nisi
2313 1875 2380 1930 de
2424 1876 2664 1931 instante
2714 1874 2894 1929 sidere
2934 1872 3118 1941 3|iquo
3147 1868 3398 1938 usurpari
3434 1880 3545 1919 non

308 1947 596 2016 Apparent,
619 1945 847 2014 primum
886 1953 944 1996 ut
985 1943 1194 1996 acuitur
1224 1941 1443 2012 ferrum.

369 2058 471 2112 Hic
498 2057 823 2113 matutinum
859 2063 1040 2110 ortum
1092 2053 1435 2124 φαινόμενον,
1486 2052 1600 2107 sive
1643 2051 1868 2122 ἡλιακὸν

299 2148 621 2222 signiﬁcari,
646 2163 712 2204 ac
737 2147 886 2202 δύσιν
919 2145 1081 2218 ἑῴαν,
1114 2146 1228 2201 sive
1256 2158 1514 2199 occasum
1547 2143 1867 2207 cosmicum,

303 2258 375 2297 ne
406 2242 560 2311 pueri
602 2240 818 2310 quidem
856 2239 1126 2293 nesciunt.
1185 2234 1405 2292 Hesiodi
1449 2236 1649 2290 saeculo
1712 2242 1871 2290 ortus

298 2333 391 2388 ille
418 2332 766 2402 contingebat
794 2331 848 2384 in
878 2329 1079 2384 Tauro.
1110 2327 1290 2384 Stella:
1318 2333 1448 2383 sunt
1475 2326 1722 2398 Vergiliae
1750 2327 1873 2397 plu-

300 2439 427 2480 res:
471 2439 579 2479 una
607 2431 693 2479 est
723 2438 789 2477 ex
831 2422 899 2477 iis
941 2421 1174 2476 lucidior
1207 2419 1441 2487 caeteris,
1480 2418 1874 2489 magnitudinis

302 2515 494 2569 tertiae.
546 2513 623 2568 Ea
673 2522 913 2582 tempore
968 2510 1192 2566 Hesiodi
1230 2510 1515 2566 occidebat
1562 2509 1769 2566 heliace
1817 2509 1876 2564 in

301 2607 471 2677 gradu
502 2605 702 2660 Arietis
735 2604 788 2668 4,
816 2604 863 2659 8'
884 2622 898 2670 ;
923 2604 1200 2659 oriebatur
1226 2604 1279 2657 in
1307 2600 1474 2657 Tauri
1495 2603 1663 2674 gradu
1687 2603 1774 2667 II,
1795 2602 1873 2658 4ο.

278 2697 374 2753 ηΑι
410 2697 584 2767 prima
620 2696 776 2753 stella
804 2712 1000 2752 versus
1023 2696 1362 2751 occidentem
1403 2710 1659 2750 occasum
1700 2695 1875 2751 helia-

303 2803 429 2843 cum
463 2786 693 2843 faciebat
727 2786 784 2841 in
820 2789 992 2857 gradu
1035 2785 1260 2850 Arietis,
1295 2785 1352 2852 0,
1391 2784 1497 2839 δί’.
1526 2783 1875 2840 Intervallum

304 2880 448 2935 inter
487 2893 743 2934 occasum
786 2880 975 2948 prima;
1021 2876 1325 2941 Pleiadum,
1376 2884 1431 2932 et
1462 2884 1645 2932 ortum
1682 2876 1878 2932 lucida:

306 2971 510 3042 gradus
537 2969 627 3023 40.
660 2968 853 3025 Merito
882 2969 1064 3039 itaque
1102 2969 1299 3024 diebus
1341 2969 1608 3024 abscondi
1637 2971 1877 3040 quadra-

307 3066 455 3134 ginta
494 3059 760 3132 Vergilias
787 3062 933 3116 canit
964 3059 1249 3116 Hesiodus.
1277 3058 1371 3114 Sol
1396 3060 1451 3135 _in
1483 3059 1717 3115 Arietem
1746 3074 1878 3115 vero

309 3162 462 3209 motu
495 3154 709 3210 subibat
735 3151 955 3208 Hesiodi
995 3159 1240 3222 tempore
1280 3149 1459 3205 Martii
1483 3166 1635 3207 xxxi.
1666 3150 1876 3221 Quippe

306 3260 453 3301 anno
498 3244 621 3300 Per.
661 3241 773 3298 Jul.
818 3243 957 3298 ’5714
1002 3258 1165 3298 verus
1206 3243 1359 3297 locus
1400 3240 1546 3297 Solis
1577 3242 1632 3296 in
1675 3242 1876 3298 Arietis

307 3339 468 3392 initio
506 3338 607 3392 fuit
635 3336 863 3392 Athenis
899 3333 1079 3389 Martii
1121 3350 1274 3401 xxxi,
1318 3333 1454 3387 hora
1485 3341 1609 3404 post
1644 3334 1878 3391 mediam

312 3439 529 3485 noctem
561 3430 613 3493 I,
652 3429 759 3484 ειν.
788 3427 975 3497 Itaque
1000 3410 1244 3481 Taurum
1285 3425 1693 3497 ingrediebatur
1718 3425 1881 3495 Apri-

311 3520 381 3575 lis
413 3536 542 3575 xxx.
568 3518 694 3573 Maii
734 3518 962 3588 proinde
990 3533 1045 3571 χι
1078 3516 1167 3572 die
1209 3515 1394 3571 lucida
1425 3513 1707 3569 Pleiadum
1736 3514 1884 3568 orie-

314 3612 495 3666 batur.
524 3610 727 3664 Ultima
758 3623 888 3663 vero
906 3606 1188 3662 Pleiadum
1221 3607 1290 3661 ad
1323 3608 1588 3663 orientem
1615 3602 1741 3659 Maii
1769 3620 1878 3670 xv1,

310 3718 422 3775 quo
442 3710 685 3773 tempore
717 3702 912 3759 messis
949 3702 1246 3772 incipiebat
1276 3702 1333 3756 in
1367 3701 1600 3757 Graecia.

384 3794 626 3851 Occasus
652 3793 963 3850 earumdem
990 3794 1288 3850 matutinus
1322 3794 1377 3848 in
1402 3793 1574 3849 Libra!
1610 3792 1678 3848 I9
1713 3790 1882 3864 gradu

317 3887 496 3951 ﬁebat,
544 3885 642 3943 sed
684 3885 956 3957 ἀληθινὸς,
999 3899 1101 3940 nec
1147 3885 1515 3955 aspectabilis.
1559 3883 1684 3939 Ideo
1736 3884 1887 3938 circa

316 3968 532 4034 initium
562 3978 773 4049 Scorpii
805 3977 1189 4040 ὲπικατὰδυσις
1218 3976 1514 4049 φαινομένη
1542 3975 1761 4040 accidit,
1796 3976 1885 4029 in-

319 4076 479 4125 eunte
505 4067 814 4123 Novembri.
845 4066 981 4122 Nam
1021 4067 1409 4137 aequinoctium
1448 4067 1762 4121 autumnale
1792 4080 1888 4135 per

318 4160 461 4215 idem
496 4167 708 4229 tempus
746 4158 937 4214 incidit
965 4159 1021 4213 in
1045 4157 1302 4213 Octobris
1330 4156 1568 4211 initium.
1612 4155 1754 4212 Tum
1788 4157 1891 4226 igi-

321 4261 411 4306 tur
457 4252 740 4316 arationis,
787 4266 851 4306 ac
895 4251 1124 4307 sationis
1180 4258 1394 4321 tempus
1443 4250 1690 4322 appetit,
1741 4248 1889 4321 quod

322 4342 581 4415 Virgilius
609 4344 695 4398 his
722 4342 971 4400 versibus
1012 4343 1287 4414 expressit
1312 4360 1327 4397 :

321 4456 456 4510 Ante
482 4455 574 4508 tibi
610 4454 735 4510 an!
765 4454 1062 4509 Atlantides
1091 4456 1504 4518 abscondantur,

325 4524 619 4595 Gnosiaque
648 4525 882 4595 ardentis
914 4524 1127 4580 decedat
1155 4525 1311 4580 stella
1339 4523 1578 4591 Coronae,

327 4594 513 4650 Debita
532 4594 687 4665 quam
710 4594 869 4649 sulcis
896 4596 1194 4649 committas
1224 4595 1444 4661 semina,
1467 4605 1573 4650 etc.

397 4728 590 4794 Eoum,
625 4729 678 4783 id
708 4738 792 4784 est
825 4730 1148 4784 matutinum
1178 4745 1433 4786 occasum
1456 4730 1725 4800 intelligit,
1754 4746 1887 4795 non,

327 4826 387 4872 ut
425 4817 648 4873 Servius
675 4825 850 4889 putat,
887 4819 1175 4881 helia‘cum,
1215 4820 1308 4889 qui
1335 4827 1389 4873 et
1421 4820 1671 4890 imperite
1701 4819 1893 4889 Vergi-

328 4911 432 4965 lias
458 4911 533 4964 ait
573 4927 594 4961 ‹
625 4908 917 4966 Novembri
950 4925 1141 4965 mense
1172 4912 1417 4982 incipere
1459 4927 1569 4965 non
1615 4911 1826 4968 videri:
1866 4929 1887 4963 ›

326 5002 481 5070 quasi
517 5002 571 5055 in
597 5000 823 5072 Scorpio
854 5001 969 5057 sine
998 5002 1166 5056 radiis
1201 5003 1335 5056 solis
1364 4984 1751 5057 obscurentur.

404 5092 476 5145 De
516 5091 705 5148 eodem
737 5101 862 5146 ortu
901 5103 955 5146 et
997 5106 1197 5146 occasu
1237 5089 1502 5161 Virgilius
1544 5107 1759 5161 quoque
1791 5091 1888 5146 lib.

331 5182 399 5238 IV
430 5182 615 5254 Georg.
638 5184 903 5247 meminit,
923 5183 1016 5238 ubi
1051 5180 1119 5238 de
1143 5182 1349 5254 duplici
1382 5182 1559 5238 mellis
1585 5182 1890 5237 vindemia:

333 5296 427 5350 Bis
454 5294 695 5365 gravidos
726 5306 915 5363 cogunt
948 5295 1084 5363 fetus
1107 5310 1126 5347 :
1166 5293 1270 5365 duo
1303 5302 1537 5365 tempora
1568 5293 1751 5346 messis
1770 5308 1788 5345 :

338 5363 562 5435 Taygete
589 5366 749 5419 simul
776 5383 831 5419 os
864 5366 1019 5417 terris
1049 5363 1277 5435 ostendit
1308 5363 1582 5435 honestum

337 5432 538 5497 Pleias,
572 5444 621 5488 et
660 5435 855 5490 Oceani
878 5443 1076 5500 spretos
1105 5434 1231 5502 pede
1262 5432 1484 5500 reppulit
1516 5446 1715 5485 amnes.

339 5505 442 5560 Aut
473 5504 654 5558 eadem
686 5505 832 5558 sidus
860 5505 1062 5573 fugiens
1093 5504 1180 5557 ubi
1214 5502 1386 5556 Piscis
1408 5503 1593 5573 aquosi

340 5573 565 5628 Tristior
589 5573 830 5628 hibernas
861 5570 989 5628 caelo
1014 5573 1281 5627 descendit
1315 5574 1368 5625 in
1398 5570 1589 5624 undas.

407 5664 506 5720 llic
535 5664 645 5719 duo
674 5674 914 5735 tempora
948 5665 1124 5719 mellis
1163 5663 1400 5719 metendi
1436 5660 1733 5718 describit:
1766 5660 1901 5715 alte-

343 5771 460 5812 rum
494 5765 617 5828 post
641 5767 817 5811 ortum
846 5754 1145 5817 Pleiadum,
1168 5769 1337 5810 verno
1366 5763 1637 5823 tempore;
1668 5751 1897 5805 alterum

340 5857 621 5916 autumno,
651 5855 769 5919 post
793 5862 1046 5904 occasum
1078 5846 1402 5902 matutinum
1428 5861 1441 5897 :
1474 5845 1526 5899 in
1552 5858 1662 5915 quo
1686 5842 1899 5898 Aristo-

1970 1969 2128 2024 solet.
2167 1966 2258 2022 Sic
2292 1967 2436 2020 enim
2464 1977 2612 2021 recte
2641 1964 2875 2031 Quintus
2916 1962 3148 2018 Calaber
3184 1959 3281 2014 lib.
3324 1957 3363 2010 V
3403 1957 3545 2010 hanc

1968 2059 2215 2135 eamdem
2275 2056 2552 2112 Pleiadem
2619 2054 2874 2111 Orionem
2936 2053 3234 2125 fugientem
3290 2048 3543 2105 occidere

1972 2151 2162 2205 scribit
2199 2167 2213 2202 :

1975 2314 1992 2344 ε
2019 2287 2075 2341 .'.
2107 2328 2118 2340 .
2143 2325 2160 2338 .
2188 2327 2201 2340 .
2232 2287 2266 2339 ὁ
2289 2284 2341 2338 δ’
2362 2282 2452 2351 ἄρ’
2611 2282 2863 2336 λαίλαπι
2892 2276 3027 2343 ἴσος

1972 2354 2313 2426 Σμξρδαλέῃ
2344 2348 2679 2426 σ’ὲῃγεέρῇσίΔ
2702 2352 3001 2419 καταιτίσι
3026 2348 3340 2426 ,βεϐρξξξυιῃ
3361 2362 3375 2375 ο

1976 2418 2109 2481 Ἦἓὲ
2139 2418 2310 2495 saepe;
2333 2418 2601 2495 tradendi
2620 2421 2791 2495 cepa;
2822 2418 3109 2495 regvcpoiq
3118 2418 3345 2495 φᾴᾷοεο,

1973 2485 2356 2564 Πληϊὲιξεῦΐ
2380 2485 2719 2564 (tarditas-tog
2741 2485 2806 2557 ἐζ·
2844 2485 3135 2564 Ὠκεᾳνᾳῖρ
3159 2485 3377 2564 ῥέεθρα

1974 2556 2136 2620 Δύεθ’
2165 2556 2657 2620 ὗποπτώσσὶιυσα
2683 2556 3046 2628 περικλυτὸν
3074 2556 3335 2625 Ὠρίωνα.

2044 2677 2178 2733 Nam
2209 2677 2458 2732 Pleiades
2491 2690 2691 2730 occasu
2729 2672 2999 2727 matutino
3029 2670 3285 2723 Otiouem
3328 2676 3547 2722 antece-

1976 2761 2131 2825 dunt.
2162 2769 2230 2823 At
2278 2767 2345 2823 de
2392 2768 2658 2838 piscibiIs,
2709 2765 3011 2835 praesertim
3057 2761 3126 2816 de
3170 2759 3420 2825 australi,
3454 2759 3549 2830 qui

1975 2863 2191 2918 dicatur
2220 2856 2475 2930 equidem
2503 2866 2615 2911 non‘
2646 2856 2824 2910 video.

2043 2952 2402 3023 Vergiliarum
2426 2952 2608 3001 ortum'
2638 2943 2836 3008 Varro,
2853 2941 3173 3005 Columella,
3198 2937 3407 2993 Plinius
3432 2937 3552 2991 alii-

1976 3063 2085 3120 que
2107 3045 2381 3108 scribunt,
2412 3048 2538 3111 post
2565 3039 2683 3093 dies
2715 3041 2863 3099 thv,
2904 3034 2989 3090 vel
3018 3043 3186 3087 vam
3212 3030 3280 3085 ab
3306 3028 3551 3098 aequino-

1977 3119 2089 3195 ctio
2110 3151 2276 3193 verno
2303 3133 2638 3203 contingere.
2674 3128 2845 3182 Varro
2872 3127 3009 3183 libro
3040 3125 3079 3189 I,
3111 3124 3286 3200 capite
3306 3119 3545 3180 XXVIII,

1977 3230 2096 3287 dies
2120 3243 2242 3283 xm
2272 3223 2544 3298 praefluit;
2574 3221 2752 3277 caeteri
2787 3228 2908 3273 octo
2940 3224 2993 3270 et
3021 3214 3417 3286 quadraginta;
3443 3210 3554 3267 Co-

1981 3321 2201 3378 lumella
2230 3319 2371 3373 libro
2402 3314 2494 3377 IX,
2538 3313 2713 3384 capite
2753 3307 2873 3363 XIV
2919 3308 3030 3378 (qui
3078 3314 3257 3361 tamen
3288 3303 3424 3359 libro
3453 3300 3548 3366 XI,

1979 3411 2155 3482 capite
2179 3407 2242 3474 II,
2276 3406 2446 3462 Nonis
2470 3403 2618 3466 Maii,
2652 3400 2705 3457 id
2739 3407 2823 3455 est
2851 3413 2976 3453 xuv
3004 3397 3092 3452 die
3134 3397 3202 3450 ab
3225 3395 3551 3464 aequinoctio

1979 3504 2193 3559 easdem
2252 3499 2383 3555 oriri
2438 3493 2710 3564 scripsit);
2760 3490 2969 3545 Plinius
3016 3489 3110 3542 lib.
3166 3484 3367 3549 XVIII,
3425 3499 3547 3554 cap.
3644 3504 3655 3525 ι

1980 3587 2148 3644 XXV.
2183 3585 2295 3641 Hoc
2332 3586 2449 3640 sive
2492 3584 2561 3640 de
2603 3584 2717 3639 sola
2760 3579 3040 3636 Pleiadum
3084 3575 3548 3648 splendidissima,

1982 3677 2325 3745 maximaque
2357 3674 2606 3743 capiatur
2633 3714 2648 3739 ,
2694 3672 2809 3726 sive
2847 3670 2915 3724 de
2957 3676 3071 3722 toto
3115 3666 3433 3731 asterismo;
3460 3679 3552 3720 ve-

1983 3783 2103 3823 rum
2129 3783 2237 3821 non
2267 3773 2371 3820 est.
2405 3764 2537 3818 Nam
2562 3764 2707 3837 illius
2738 3770 2893 3817 ortus
2920 3760 3164 3814 heliacus
3192 3756 3377 3811 Romae
3406 3756 3554 3810 acci-

1984 3858 2145 3912 debat
2177 3856 2233 3909 in
2264 3854 2453 3908 ultima
2482 3856 2634 3921 parte
2660 3851 2847 3914 Tauri,
2879 3849 3239 3918 sexagesimo,
3268 3854 3321 3901 et
3347 3861 3414 3901 eo
3445 3860 3556 3899 am-

1984 3949 2128 4019 plius
2157 3947 2241 4001 die
2281 3947 2350 4001 ab
2372 3946 2621 4014 ingressu
2655 3944 2710 3997 in
2741 3944 3013 3997 Arietem:
3046 3941 3149 3995 hoc
3194 3949 3278 3994 est
3307 3938 3395 3993 die
3427 3935 3555 3992 .‘lIaii

1986 4056 2079 4094 xx.
2111 4036 2207 4092 Sin
2231 4036 2297 4092 de
2320 4044 2436 4090 toto
2472 4036 2760 4090 asterismo
2788 4033 2841 4088 id
2867 4032 3274 4102 intelligendum
3303 4036 3407 4093 est,
3431 4026 3558 4083 Ver-

1986 4130 2237 4200 giliarum
2291 4126 2383 4180 illa
2439 4126 2615 4188 stella,
2663 4140 2788 4194 qua:
2835 4139 2902 4177 ex
2961 4121 3322 4177 lucidioribus
3379 4118 3555 4172 tribus

1989 4221 2222 4273 maxime
2254 4217 2322 4271 ad
2356 4219 2621 4272 orientem
2658 4216 2911 4287 pertinet,
2946 4228 3090 4267 anno
3132 4212 3308 4282 primo
3339 4207 3554 4263 Iuliano

1989 4312 2266 4367 oriebatur
2292 4310 2499 4365 heliace
2529 4309 2584 4363 in
2631 4308 2801 4377 gradu
2849 4305 3197 4359 Geminorum
3230 4302 3283 4364 5,
3330 4301 3431 4354 hoc
3470 4305 3557 4355 est

1990 4403 2182 4459 diebus
2216 4401 2286 4455 ab
2318 4399 2648 4469 aequinoctio
2692 4397 2924 4467 amplius
2972 4395 3251 4463 sexaginta
3290 4391 3551 4461 quinque.

1993 4491 2108 4546 Hoc
2134 4506 2263 4546 vero
2287 4488 2513 4544 Metonis
2549 4488 2748 4543 sarculo
2774 4488 2829 4540 in
2861 4501 2923 4540 ea
2958 4485 3225 4555 positione
3255 4483 3400 4545 cceli,
3433 4496 3556 4551 quae

1989 4590 2076 4638 est
2101 4580 2349 4642 Athenis,
2404 4578 2649 4647 contigit.
2700 4576 2834 4632 Nam
2886 4574 3094 4646 periodi
3135 4572 3360 4627 Julianze
3411 4587 3555 4627 anno

1989 4672 2150 4735 4983,
2175 4671 2266 4741 qui
2293 4671 2571 4740 proximus
2593 4678 2676 4724 est
2699 4669 2765 4722 ab
2793 4683 2858 4723 eo
2911 4682 3021 4737 quo
3049 4666 3225 4721 Meton
3260 4665 3555 4719 solstitium

1990 4763 2335 4825 observabat,
2361 4768 2513 4815 ortus
2534 4761 2778 4815 heliacus
2819 4759 3013 4813 lucida:
3040 4757 3319 4812 Pleiadum
3363 4756 3558 4810 incidit

1992 4856 2048 4910 in
2082 4853 2247 4908 Tauri
2275 4852 2498 4921 gradum
2527 4851 2616 4915 I8,
2638 4850 2746 4915 ιδ’,
2778 4851 2872 4920 qui
2901 4850 2955 4903 in
2981 4849 3102 4902 Maii
3134 4865 3201 4902 xv
3228 4848 3370 4902 diem
3395 4845 3562 4900 circi-

1993 4953 2079 5000 ter
2124 4944 2324 5000 saeculo
2367 4944 2461 4997 ilio
2510 4943 2862 5014 congruebat.
2897 4940 3302 5011 Equinoctium
3331 4951 3558 4992 vernum

1993 5035 2344 5090 commissum
2383 5040 2468 5088 est
2495 5048 2639 5087 anno
2680 5047 2841 5102 quem
2882 5031 3144 5095 diximus,
3176 5028 3355 5082 Martii
3382 5041 3557 5090 xxvn,

1995 5123 2126 5177 hora
2167 5121 2223 5186 0,
2266 5122 2347 5177 28'
2395 5121 2640 5176 Athenis.
2692 5121 2971 5190 Ingressus
3014 5119 3069 5173 in
3119 5116 3364 5170 Taurum
3422 5129 3581 5191 vero,

1994 5219 2145 5266 motu
2185 5212 2439 5266 convenit
2483 5211 2686 5280 Aprilis
2710 5225 2861 5273 xxvi,
2887 5209 3022 5263 hora
3054 5207 3142 5272 I8,
3168 5206 3273 5261 56'.
3320 5206 3398 5259 Ita
3435 5219 3560 5274 gra-

1997 5302 2124 5357 dum
2155 5301 2319 5357 Tauri
2354 5302 2438 5365 I8,
2472 5301 2555 5355 48'
2589 5302 2763 5355 tenuit
2786 5301 2869 5355 sol
2892 5316 2954 5353 ea
2985 5306 3145 5353 nocte
3173 5298 3410 5359 circiter,
3440 5309 3562 5364 quae

1999 5393 2141 5448 inter
2169 5409 2258 5447 xiv
2288 5401 2342 5447 et
2376 5409 2441 5446 xv
2470 5392 2593 5446 Maii
2638 5391 2967 5455 intercessit,
3011 5391 3114 5445 hoc
3143 5395 3228 5443 est
3275 5388 3363 5443 die
3390 5402 3556 5442 vam

1997 5493 2121 5554 post
2150 5484 2556 5552 mquinoctium.

2067 5571 2150 5625 Ad
2196 5572 2300 5626 hoc
2339 5581 2550 5642 tempus
2592 5570 2937 5627 intervallum
2980 5569 3086 5625 hoc
3132 5569 3342 5624 dierum
3393 5580 3560 5621 vam

1999 5664 2385 5731 aequinoctium
2452 5663 2594 5723 inter
2641 5669 2695 5718 et
2732 5672 2910 5718 ortum
2954 5661 3282 5715 matutinum
3323 5657 3563 5713 Pleiadis

2000 5753 2191 5808 referri
2220 5753 2410 5808 debet:
2445 5769 2549 5808 non
2576 5753 2641 5807 ad
2676 5751 2951 5807 Iulianum
2980 5754 3260 5814 saeculum,
3294 5765 3470 5821 neque
3497 5748 3560 5802 ad

2002 5841 2405 5916 sitummliouue,
2434 5843 2526 5898 sed
2550 5840 2787 5898 Graeciae.
2816 5841 2951 5897 Cum
2975 5849 3151 5897 autent
3188 5837 3562 5897 celebrrrima,
