2062 3225
257 219 270 246 Ι
276 217 327 246 5'19

759 211 805 237 AD
824 208 958 238 EUSEBII
977 207 1173 237 CIIRONICON
1194 204 1374 234 APPENDIX.

1818 202 1891 231 1580

256 283 284 305 et
297 276 397 309 ubique
409 278 556 310 propagata
573 272 687 300 Metonis
703 270 943 299 enu‘cadecaeteris
957 273 1041 300 esset,
1057 270 1080 298 Α
1095 267 1179 295 Tauri
1202 272 1279 295 sexta
1298 270 1376 303 parte
1400 266 1528 293 oriuntur
1548 263 1680 292 Pleiades.
1698 272 1707 289 ι
1726 261 1794 298 (Etsi
1815 261 1892 289 aliud

258 330 290 349 ac
307 328 482 357 parapegma,
505 327 538 347 cx
562 326 649 354 eoque
674 322 827 352 temporum
842 317 914 343 ratio
933 316 1048 343 ducere-

257 372 313 399 tur,
331 375 392 402 qua:
407 364 441 393 ad
456 365 671 401 navigationem,
687 363 898 398 agriculturam,
922 365 949 389 et
964 361 989 387 id
1005 368 1049 396 sev

258 423 311 441 nus
326 415 379 441 alia
396 412 573 448 gubernanda
591 410 735 438 transferri
755 409 837 442 solet;
855 408 951 444 perdiu
966 416 999 435 ex
1016 408 1049 434 il—

258 461 313 488 lius
334 459 494 495 prtescripto
514 462 624 485 ortuum
644 460 672 484 et
690 462 837 483 occasnum
852 455 880 481 in
900 454 998 484 stellis,
1016 460 1049 480 ac

257 509 448 540 tempestatum
469 504 557 538 spatia
578 502 694 530 dimensi
706 504 770 529 sunt
788 509 795 527 :
817 500 943 535 quamvis
964 507 1048 527 accu-

257 552 372 579 ratior-es
385 549 586 585 insequentium
598 552 819 575 astronomorum
833 546 931 573 calculi
954 544 1049 580 paula-

256 598 305 623 tim
322 596 379 623 haec
393 600 454 624 esse
466 598 570 622 mutata
583 593 794 625 convincerent;
814 592 861 619 sed
874 591 946 626 quod
965 591 1048 618 semel

257 640 382 676 populari
401 647 464 671 usu,
482 647 514 666 ac
531 638 641 674 publice
661 637 809 668 sancitum,
832 636 1005 668 inveteravit,
1023 635 1049 663 id

260 686 449 721 imperitorum
473 692 507 712 ac
529 684 697 711 rusticorum
724 683 876 718 praesertim
891 690 925 710 ex
949 680 1049 709 animis

257 731 337 759 evelli
350 735 431 766 atque
444 730 604 765 extorqueri
619 728 727 757 difficile
740 732 841 763 potest.

295 777 332 804 De
357 777 410 804 hoc
435 776 549 803 Metonis
567 782 650 805 anno,
678 782 710 801 ac
734 777 925 809 parapegmate
949 773 982 800 ad
1010 772 1048 804 id,

258 823 330 858 quod
345 824 476 855 diximus,
496 821 619 857 apposite
640 821 738 848 Festus
758 821 879 847 Avienus
900 820 927 846 in
943 821 1048 846 Arateis

259 870 296 897 ita
312 870 422 904 scripsit
438 877 445 896 τ

294 938 373 964 Illius
387 937 422 963 ad
437 945 558 964 numeros
574 936 680 970 prolixa
696 935 820 962 decennia
839 943 947 962 rursum

296 974 431 1007 Arljt-cisse
441 971 530 999 Melon
547 971 676 1004 Cecropea
687 971 787 1007 dicitur
803 976 858 1007 arte
872 979 880 996 :

296 1005 446 1042 Inseditqu
461 1008 570 1037 animis,
583 1007 666 1033 tenuit
683 1014 736 1032 rem
754 1005 856 1042 Grtvcia
870 1005 954 1031 solers

298 1041 435 1074 Protinus,
450 1048 473 1069 et
488 1043 578 1077 longos
590 1042 722 1068 inuentum
737 1041 807 1066 misit
821 1041 848 1066 in
863 1049 958 1069 annos.

296 1099 477 1133 Quamobrem
493 1098 602 1126 tametsi
619 1097 654 1125 ab
669 1097 837 1132 Hipparcho,
856 1102 882 1124 et
897 1097 958 1123 aliis
974 1095 1051 1122 dein-

261 1155 326 1182 ceps
337 1154 430 1173 rerum
446 1145 600 1173 caelestium
615 1144 721 1178 peritis,
738 1144 825 1170 multa
841 1143 867 1169 in
885 1143 1052 1170 astronomia

261 1200 293 1220 ac
312 1194 504 1226 tempestatum
531 1190 725 1218 distributione
751 1193 919 1216 comnmtata
941 1188 1053 1215 innova—

262 1243 345 1273 taque
355 1238 422 1270 sint,
437 1237 516 1264 laesit
533 1241 623 1263 tamen
638 1243 721 1271 penes
747 1236 853 1270 vulgus,
868 1239 894 1261 ct
906 1235 932 1261 in
946 1235 1054 1261 rusticze

262 1284 302 1312 rei
321 1283 472 1319 praesertim
492 1282 738 1313 administratione,
751 1286 830 1308 vetns
849 1281 893 1307 illa
914 1286 941 1310 et
969 1280 1054 1308 Meto-

263 1330 325 1357 rﬁca
339 1330 426 1356 ratio:
441 1334 469 1355 ut
488 1328 516 1355 in
529 1328 574 1355 lib.
590 1327 635 1358 1X,
653 1335 714 1362 cap.
728 1326 787 1353 XIV
801 1326 953 1353 Columella
970 1331 1054 1353 testa—

263 1379 319 1401 tur.
344 1374 405 1407 Quo
426 1381 460 1401 ex
482 1381 580 1408 genere
605 1372 783 1407 Vergilianum
800 1372 843 1399 ille
863 1380 923 1399 esse
947 1372 1054 1399 videtur

261 1425 339 1449 ortus
350 1420 455 1447 dierum
474 1424 535 1453 post
549 1419 742 1453 :equinoctium
760 1423 822 1445 octo
836 1422 862 1444 et
876 1417 1053 1453 quadraginta

262 1467 351 1501 spatio
378 1465 517 1492 definitus.
544 1464 622 1496 Quod
645 1472 708 1491 cum
736 1463 769 1490 ad
785 1463 881 1490 Atticae
904 1463 998 1494 situm,
1014 1462 1053 1489 uti

260 1512 365 1538 dictum
392 1515 444 1541 est,
469 1510 585 1537 Metonis
611 1513 691 1536 tetate
720 1509 879 1544 pertineret,
897 1513 998 1535 temere
1021 1509 1054 1535 ad

262 1557 345 1583 Italia:
365 1556 499 1590 positum,
521 1558 685 1589 aetatemque
708 1561 786 1581 suatn
807 1552 925 1581 Romani
947 1557 1055 1582 traxere

1098 318 1141 341 est
1161 313 1228 340 oriri
1243 313 1271 339 in
1284 315 1360 340 sexta
1375 315 1454 346 parte
1469 310 1565 342 Tauri.
1578 309 1653 336 aliud
1668 305 1790 336 Taurum
1803 306 1893 334 Pleia-

1098 358 1148 385 das
1168 362 1245 386 sexta
1267 361 1342 392 parte
1362 357 1405 384 sui
1428 356 1523 383 tollere
1540 364 1546 382 :
1563 355 1618 382 hoc
1633 353 1706 381 enim
1733 357 1786 382 est.
1811 356 1892 380 sexta

1098 407 1176 439 parte
1204 403 1286 438 signi,
1310 403 1357 438 qui
1386 405 1452 429 sunt
1481 400 1583 436 gradus
1612 407 1639 426 ν.
1669 397 1723 425 Sed
1752 397 1892 425 Firmicus

1099 454 1206 477 sextum
1225 449 1340 484 gradum
1364 446 1513 482 concepit.)
1538 445 1594 473 Nec
1615 444 1694 472 aliter
1714 443 1893 478 intelligenda

1099 499 1164 522 sunt
1179 495 1298 522 obscura
1310 493 1392 521 Plinii
1406 493 1489 520 verba
1502 491 1593 522 lib.Il,
1607 498 1668 525 cap.
1683 489 1794 516 XLVII:
1813 498 1822 514 ι
1837 488 1893 514 Da-

1099 546 1144 569 tus
1159 545 1200 568 est
1219 543 1309 567 autem
1330 540 1394 567 huic
1416 537 1560 573 (Favonio)
1575 541 1688 564 exortus
1707 535 1891 570 Vergiliarum

1100 587 1127 614 in
1144 586 1259 614 totidem
1283 586 1408 620 partibus
1424 583 1518 616 Tauri,
1534 592 1581 611 sex
1603 583 1700 610 diebus
1720 586 1784 609 ante
1805 580 1892 608 Maias

1099 634 1174 662 Idus.
1204 642 1213 659 ›
1237 631 1289 659 Ubi
1312 631 1423 659 totidem
1448 634 1542 666 partes
1559 637 1620 658 esse
1643 629 1722 661 dicit,
1738 632 1805 663 quot
1827 631 1893 655 sunt

1099 679 1158 708 dies
1173 682 1237 706 ante
1258 678 1343 705 Maias
1365 677 1437 705 Idus.
1460 676 1496 704 Ut
1515 682 1610 703 verum
1638 679 1681 703 est
1705 674 1891 702 Hesiodisaa-

1099 727 1161 754 culo
1177 727 1204 753 in
1226 725 1330 753 Boeotia
1346 724 1465 751 lucidam
1482 722 1621 750 Pleiadum
1641 721 1754 748 circiter
1775 728 1803 747 νη
1826 720 1893 747 ldus

1100 773 1185 799 Maias
1199 775 1290 798 ortum
1305 770 1441 798 heliacum
1457 768 1566 799 fecisse,
1586 775 1640 794 non
1656 770 1749 793 tamen
1771 765 1799 793 in
1815 769 1894 800 parte

1100 822 1176 845 sexta
1191 816 1286 848 Tauri,
1303 817 1350 843 sed
1373 816 1399 842 in
1415 823 1452 846 xt.
1470 815 1512 842 vel
1528 822 1581 846 xu;
1600 814 1637 840 ita
1656 813 1755 840 falsum
1775 816 1816 840 est
1838 811 1892 839 hoc

1101 865 1179 891 Plinii
1211 864 1311 892 smequ
1339 862 1490 897 contigisse
1518 862 1544 888 in
1570 860 1664 891 italia,
1694 859 1816 890 Graecia,
1847 858 1892 885 vel

1103 911 1230 947 (Egypto.
1249 911 1293 937 Sic
1307 910 1409 944 passim
1426 909 1460 936 al)
1476 908 1633 935 auctoribus
1648 905 1788 933 incondite
1803 904 1846 932 his
1857 903 1894 931 de

1104 947 1283 985 rebnsmulta
1304 955 1442 986 dicuntur,
1460 962 1520 989 qua:
1535 954 1567 980 ad
1587 952 1746 979 melhodum
1769 955 1891 978 nostram

1102 1003 1232 1037 exigenda
1251 1006 1324 1029 sunt.
1348 1001 1427 1036 Apud
1447 1000 1591 1027 Geminum
1614 999 1704 1026 Pleias
1731 997 1892 1025 Euctemoni

1103 1050 1191 1076 oritur
1208 1055 1259 1074 χιιι
1272 1048 1316 1074 dic
1338 1046 1492 1078 Tauronos,
1509 1054 1523 1072 a
1541 1053 1594 1080 quo
1618 1050 1645 1072 et
1665 1043 1770 1072 mstatis
1784 1043 1892 1071 initium

1102 1094 1213 1128 petitur.
1227 1093 1261 1119 At
1273 1092 1385 1119 Eudoxo
1398 1092 1520 1118 Pleiades
1540 1096 1629 1118 ortum
1647 1090 1749 1116 faciunt
1763 1089 1809 1115 die
1822 1095 1892 1115 xm.

1102 1141 1158 1168 Nos
1173 1141 1287 1167 Athenis
1305 1139 1421 1166 Metonis
1444 1143 1567 1172 tempore
1587 1141 1678 1163 ortum
1698 1133 1835 1162 heliacum
1851 1133 1892 1160 lu-

1103 1187 1170 1215 cida:
1183 1186 1361 1221 Vergiliarum
1379 1184 1534 1211 invenimus
1548 1183 1575 1209 in
1588 1182 1674 1217 gradu
1689 1180 1773 1208 Tauri
1789 1179 1833 1212 l9,
1848 1179 1893 1206 ul-

1104 1234 1177 1260 timtc
1190 1240 1254 1259 vero
1268 1231 1387 1258 Plciadis
1403 1231 1430 1256 in
1443 1230 1527 1265 gradu
1544 1229 1589 1259 ΕΜ.
1611 1228 1663 1255 55'.
1679 1227 1755 1254 Inter
1769 1226 1821 1254 has
1836 1233 1895 1253 am-

1104 1279 1153 1305 bas
1166 1278 1255 1304 media
1270 1281 1312 1304 est
1328 1276 1464 1311 posterior
1473 1274 1629 1302 observatio
1641 1273 1759 1301 Gemini.
1768 1272 1799 1299 In
1810 1271 1893 1303 libro,

1103 1326 1149 1360 qui
1173 1324 1319 1351 Ptolema‘o
1334 1323 1485 1357 inscriptus
1498 1327 1550 1353 est,
1568 1322 1601 1348 de
1617 1320 1804 1348 inerrantibus
1826 1319 1895 1347 8ch—

1104 1371 1149 1403 lis,
1168 1369 1350 1405 Vergiliarum
1367 1373 1478 1395 exortus
1495 1368 1606 1403 ponitur
1629 1366 1730 1401 Aprilis
1756 1374 1775 1398 t,
1802 1369 1859 1392 tum
1878 1372 1893 1391 κ

1106 1417 1243 1445 Kalendas
1272 1416 1367 1445 Maias,
1394 1415 1445 1441 hoc
1479 1418 1520 1440 est
1546 1422 1603 1441 xxtt
1636 1412 1734 1448 Apri|.,
1755 1416 1812 1439 tum
1839 1410 1895 1438 No-

1104 1465 1148 1492 nis
1165 1463 1248 1496 'Maii,
1272 1466 1298 1490 et
1323 1470 1348 1488 tv
1375 1461 1438 1488 Idus
1468 1465 1495 1488 et
1519 1468 1548 1487 ιιι
1580 1458 1715 1486 Kalendas
1744 1457 1828 1485 Junii.
1854 1457 1895 1484 Ita

1107 1518 1183 1538 more
1200 1517 1250 1537 suo
1267 1509 1387 1543 scriptor
1404 1508 1449 1534 ille
1469 1507 1567 1542 partim
1583 1505 1662 1537 falsa,
1680 1504 1780 1540 partim
1797 1504 1895 1532 alienis

1105 1557 1176 1584 facta
1202 1556 1371 1591 temporibus
1400 1555 1428 1581 in
1447 1553 1569 1581 eamdem
1593 1552 1738 1587 Myconum
1763 1550 1893 1578 inferciit.

262 1603 422 1638 scriptorcs.
442 1601 515 1628 Pcne
539 1599 667 1628 Ovidium
690 1600 931 1636 prmtcrmiseram,
953 1601 1001 1635 qui
1026 1601 1053 1627 in
1068 1615 1088 1643 ε
1108 1603 1185 1636 (Nam
1206 1603 1234 1629 in
1256 1600 1351 1628 Gneco
1374 1601 1460 1632 nulla,
1489 1603 1518 1626 ut
1549 1599 1576 1626 in
1602 1598 1678 1626 Notis
1703 1598 1894 1627 observamus,

262 1646 353 1675 Fastis
376 1647 516 1674 Pleiadum
535 1652 626 1674 ortum
641 1646 670 1673 in
691 1654 718 1672 ιιι
743 1645 807 1673 ldus
826 1645 912 1673 Maias
927 1646 1050 1681 conjicit,

262 1695 309 1730 qui
326 1698 369 1722 est
381 1702 429 1721 x111
445 1694 514 1733 dies,
526 1697 553 1721 et
566 1694 600 1720 ab
616 1692 781 1728 aequinoctio
796 1693 1050 1728 quinquagesitnus,

263 1740 297 1767 ab
315 1741 440 1775 ingressu
455 1734 536 1774 porro
552 1740 579 1766 in
595 1739 729 1770 Arietem,
746 1746 828 1773 quem
844 1739 888 1765 ille
903 1746 937 1765 xv
952 1738 1052 1766 Kalen-

261 1786 314 1814 das
329 1786 435 1821 Apriles
447 1785 552 1818 statuit,
565 1785 808 1821 quinquagesimus
820 1785 963 1819 septimus.
977 1785 1052 1812 Theo

263 1833 293 1860 in
305 1832 414 1859 Arateis
428 1831 638 1859 Commentariis
655 1830 780 1859 Pleiadas
801 1831 868 1858 oriri
885 1831 985 1859 asserit
999 1839 1052 1858 xxv

263 1878 367 1906 mensis
380 1877 541 1904 Pharmutbi
551 1887 558 1904 :
569 1878 615 1912 qui
627 1878 656 1904 in
669 1885 704 1904 xx
717 1877 788 1904 diem
801 1876 902 1912 Aprilis
913 1877 996 1910 cadit,
1007 1878 1052 1904 ὅτε

264 1925 312 1950 καὶ
329 1923 377 1950 τοῦ
399 1923 515 1960 θερίζειν
534 1924 630 1959 καιρὸς
649 1923 678 1949 ὲν
698 1922 837 1957 Αἰγύπτῳ.
856 1922 937 1949 Addit
956 1924 1052 1951 diebus

265 1974 326 2005 post
341 1969 534 2004 atquinoctium
550 1969 746 2004 quinquaginta
761 1969 868 1996 duobus
888 1969 914 1995 id
931 1968 988 1996 fieri
1001 1988 1008 2000 ,
1021 1976 1052 1996 ac

264 2022 323 2046 tum
333 2017 418 2045 solem
431 2017 459 2044 in
473 2015 558 2044 Tauri
570 2021 647 2052 parte
659 2024 719 2044 esse
732 2025 800 2044 xvtt.
825 2016 880 2045 Nos
895 2017 928 2044 ad
939 2017 1054 2044 Alexan-

264 2064 331 2092 driae
356 2064 438 2092 situm
466 2063 586 2091 Theonis
612 2071 680 2095 atro,
712 2063 764 2090 hoc
787 2067 829 2091 est
855 2071 926 2091 anno
951 2064 1053 2091 Christi

264 2118 359 2142 (καις,
378 2114 468 2138 ortum
493 2110 627 2137 heliacum
652 2109 750 2137 lucida;
767 2109 907 2137 Pleiadum
930 2110 1053 2137 animad.

265 2158 397 2185 vertimus
415 2157 441 2184 in
459 2156 544 2192 gradu
562 2155 644 2183 Tauri
670 2164 731 2183 xxv.
755 2155 961 2190 [Equinoctiunt
987 2159 1052 2183 tunc

265 2208 324 2231 erat
342 2203 369 2232 in
390 2203 480 2230 Martii
500 2211 564 2230 xxi:
582 2210 597 2229 a
611 2211 666 2238 quo
684 2202 771 2237 putati
786 2202 845 2230 dies
868 2210 902 2229 LII
925 2202 1053 2230 desinunt.

266 2249 293 2276 in
312 2259 328 2278 ν
352 2249 413 2278 Idus
438 2249 533 2280 Maias,
547 2249 573 2276 id
597 2253 638 2276 est
656 2250 681 2276 in
698 2257 724 2275 xt
742 2248 816 2281 Maii,
836 2248 931 2284 Epiphi
945 2256 1000 2276 xvr.
1017 2250 1052 2276 At

265 2303 327 2331 quas
342 2296 369 2322 in
385 2299 506 2323 extrema
517 2295 628 2330 cuspide
647 2300 688 2322 est
704 2295 737 2322 ad
755 2295 899 2327 orientem,
913 2294 1050 2322 heliacum
1067 2285 1089 2312 θ

265 2346 356 2370 ortum
369 2342 463 2369 habuit
478 2342 507 2369 in
521 2342 606 2377 gradu
631 2341 715 2368 Tauri
731 2342 776 2374 29,
791 2342 842 2374 55',
865 2341 928 2368 Maii
941 2341 1051 2371 circiter

265 2396 332 2415 χιιι.
346 2387 440 2423 Itaque
457 2395 513 2414 non
532 2387 565 2415 de
581 2388 695 2419 heliaco,
713 2388 760 2414 sed
780 2387 814 2415 de
830 2387 950 2415 cosmico
963 2386 1052 2422 loqui-

249 2439 321 2465 ,tur.
342 2433 448 2461 Rursus
465 2433 576 2461 Hesiodi
598 2435 698 2461 sarculo
721 2434 748 2460 in
764 2433 867 2461 Bmotia
883 2434 978 2461 eadem
994 2434 1052 2460 haec

267 2480 301 2507 ad
326 2468 459 2508 orientem
481 2484 618 2514 postrema
641 2479 782 2507 Pleiadum
805 2484 895 2507 ortum
917 2480 1052 2507 heliacum

267 2525 383 2553 faciebat
399 2527 425 2556 in
437 2525 522 2562 gradu
534 2525 618 2552 Tauri
631 2526 674 2557 17,
686 2526 738 2552 hoc
752 2530 793 2552 est
807 2526 835 2552 in
851 2526 893 2557 16,
909 2526 930 2552 7'
944 2534 951 2551 :
970 2529 1053 2560 atque

266 2574 303 2601 ita
318 2572 438 2601 Theonis
452 2573 535 2601 verba
552 2573 682 2608 capienda
698 2577 762 2600 sunt
777 2573 804 2600 in
826 2574 871 2600 illa
885 2573 1052 2600 scholiorum

267 2620 401 2651 t‘uiscella,
420 2627 481 2654 quae
497 2626 586 2654 nequo
606 2623 739 2655 tempora,
755 2627 844 2654 neque
863 2621 945 2647 situm
963 2620 1053 2654 regio-

266 2673 331 2692 num
347 2665 500 2700 distinguit,
515 2665 656 2699 ?siquidem
679 2665 713 2691 ad
739 2665 871 2692 heliacum
887 2665 1051 2699 pertineant.

301 2711 428 2740 Manilius
452 2711 500 2738 lib.
518 2710 552 2743 V,
568 2710 700 2746 Vergilias
713 2712 779 2739 oriri
805 2713 900 2740 scribit
925 2713 952 2738 in
977 2708 1053 2739 sexta

266 2762 342 2793 parte
349 2757 442 2790 Tauri;
453 2758 492 2786 sic
501 2758 572 2787 enim
582 2758 654 2786 illius
663 2758 745 2788 verba
754 2758 955 2794 interpretanda
965 2762 1032 2786 sunt
1045 2767 1053 2785 :

301 2819 405 2855 Taurus
421 2821 448 2847 in
465 2819 587 2848 adversos
598 2828 710 2855 prmccps
723 2825 751 2847 nt
768 2820 872 2847 tollitur
886 2825 959 2848 ortus

302 2854 384 2882 Sexta
394 2860 468 2883 parte
482 2856 524 2882 sui
535 2861 664 2883 certantes
677 2856 742 2882 Iuris
757 2856 789 2882 ad
808 2864 890 2883 auras

303 2889 424 2917 Pleiades
440 2890 522 2917 ducit.

267 2934 318 2962 Cui
333 2934 480 2962 assentitur
501 2934 636 2963 Firmicus
651 2935 709 2973 ιιι).
731 2935 798 2969 \‘lll,
815 2944 874 2972 cap.
889 2936 934 2964 VII
950 2946 955 2963 :
986 2945 995 2963 ‹
1020 2937 1050 2966 In
1065 2973 1071 2978 .

1104 1649 1244 1678 Pleiadum
1274 1648 1406 1683 mentio.)
1424 1646 1513 1680 .Quod
1549 1651 1638 1673 autem
1669 1646 1737 1673 oriri
1764 1643 1896 1672 Kalendis

1102 1697 1241 1732 Aprilibus
1254 1697 1301 1727 ait,
1317 1695 1560 1722 haliuciuationem
1576 1701 1637 1720 esse
1649 1693 1690 1720 vel
1705 1692 1837 1726 auctoris,
1851 1691 1895 1718 vel

1104 1742 1259 1777 interpretis
1281 1745 1408 1777 apparet;
1433 1749 1494 1767 nam
1519 1739 1600 1767 tertio
1615 1738 1743 1774 postdie
1765 1745 1895 1766 occasum

1102 1789 1162 1824 ejus
1180 1789 1270 1824 posuit
1287 1799 1292 1815 :
1310 1787 1355 1823 qui
1373 1788 1467 1822 utique
1479 1791 1569 1813 ortum
1586 1785 1732 1813 antecedit.

1137 1834 1175 1863 De
1198 1843 1297 1862 occasu
1324 1833 1465 1860 Pleiadum
1484 1841 1537 1860 non
1556 1832 1645 1859 minor
1667 1836 1710 1859 est
1726 1832 1893 1866 scriptorum

1102 1882 1237 1913 varietas;
1260 1880 1425 1906 matutinum
1447 1879 1519 1906 enim
1543 1878 1588 1905 alii
1611 1876 1708 1904 diebus
1726 1875 1808 1904 vaiu
1830 1878 1896 1911 post

1104 1926 1297 1962 aequinoctium
1322 1925 1478 1952 autumnale
1502 1923 1644 1951 definiunt.
1665 1922 1703 1949 Ita
1719 1921 1791 1949 Plin.
1810 1921 1827 1948 I.
1844 1919 1894 1955 XI,

1103 1982 1126 2001 c.
1149 1972 1218 2005 XVI,
1237 1972 1282 1999 ubi
1306 1975 1333 1999 et
1357 1971 1427 1998 diem
1459 1970 1576 2005 prtelinit
1599 1969 1662 1997 ldus
1687 1967 1848 1996 Novembris
1877 1975 1895 1994 a

1106 2027 1160 2054 quo
1175 2022 1248 2045 retro
1263 2017 1348 2052 putati
1365 2016 1423 2043 dies
1443 2023 1526 2042 vaut
1546 2014 1676 2044 desinunt
1689 2015 1716 2042 in
1740 2021 1815 2040 xxvu
1841 2011 1894 2040 Se-

1104 2065 1244 2100 ptembris.
1261 2063 1351 2096 Quare
1366 2066 1428 2097 post
1439 2061 1632 2097 aequinoctium
1651 2059 1801 2095 Sosigeuis,
1819 2058 1894 2094 quod

1104 2112 1130 2138 in
1152 2118 1215 2137 xxvt
1233 2109 1401 2145 Septembris
1422 2107 1527 2135 Plinius
1548 2107 1676 2139 contulit,
1700 2106 1758 2134 dies
1781 2105 1820 2132 illi
1841 2113 1895 2141 pu—

1103 2156 1180 2183 tandi
1196 2160 1269 2183 sunt.
1283 2156 1317 2182 At
1329 2155 1399 2182 idem
1411 2153 1516 2181 Plinius
1531 2154 1578 2181 lib.
1594 2152 1627 2186 II,
1643 2160 1703 2188 cap.
1715 2151 1819 2182 XLVII.
1831 2156 1896 2187 post

1103 2202 1294 2237 aequinoctium
1308 2200 1473 2228 autummale
1486 2200 1581 2226 diebus
1594 2207 1655 2226 ILIV
1670 2198 1795 2226 occidere
1808 2197 1897 2225 Pleia-

1103 2249 1152 2276 das
1167 2249 1222 2280 ait,
1238 2248 1320 2283 idque
1345 2254 1375 2273 ιιι
1396 2246 1459 2273 Idus
1475 2245 1636 2273 Novembris
1654 2245 1721 2272 fieri.
1739 2244 1796 2272 Iloc
1811 2243 1896 2272 modo

1103 2294 1297 2330 aequinoctium
1315 2298 1446 2327 congruet
1462 2291 1630 2327 Septembris
1648 2298 1745 2322 xxvut,
1756 2290 1800 2318 Vel
1815 2297 1894 2317 nix.
1912 2320 1915 2330 τ

1101 2341 1183 2375 Atqui
1199 2340 1270 2368 idem
1290 2340 1372 2367 etiam
1390 2338 1489 2373 repetit
1502 2345 1562 2372 cap.
1581 2336 1653 2364 XXV
1675 2336 1737 2364 libri
1749 2335 1844 2368 XVIII,
1859 2344 1894 2363 ex

1101 2387 1217 2415 Ctesaris
1231 2385 1399 2421 prtescripto.
1414 2384 1562 2411 Columella
1576 2383 1624 2411 lib.
1635 2382 1680 2414 IX,
1696 2391 1757 2418 cap.
1775 2381 1848 2413 XIV.
1859 2383 1897 2409 ab

1102 2433 1266 2468 aequinoctio
1299 2431 1397 2458 diclms
1430 2439 1463 2457 xl.
1490 2430 1615 2457 occidere
1642 2428 1769 2456 Pleiadas
1797 2428 1894 2456 refert.

1103 2478 1189 2505 Varro
1207 2478 1254 2504 lib.
1280 2476 1299 2505 I.
1324 2484 1385 2511 cap.
1406 2474 1527 2508 XXVIII,
1545 2475 1644 2503 diebus
1666 2483 1752 2501 xxxn.
1770 2473 1810 2501 Ad
1835 2474 1898 2501 haec

1102 2525 1208 2552 Plinius
1225 2524 1271 2550 lib.
1289 2523 1383 2552 XVIII.
1400 2531 1461 2558 cap.
1479 2522 1563 2554 XXV,
1580 2530 1710 2550 occasum
1726 2521 1896 2548 matutinum

1102 2570 1243 2598 Pleiadum
1269 2578 1302 2598 cx
1329 2569 1448 2598 IIesiodo
1475 2568 1588 2595 tradidit
1612 2569 1669 2594 ﬁeri
1688 2575 1750 2594 cutn
1768 2566 1896 2601 acquino-

1103 2618 1187 2644 ctium
1211 2617 1333 2644 autumni
1359 2616 1559 2643 conficeretur:
1582 2623 1614 2642 ex
1632 2614 1745 2641 Thalete
1762 2620 1828 2640 vero
1850 2613 1898 2640 die

1105 2672 1167 2694 xxv.
1185 2663 1387 2691 Anaximandro
1405 2671 1477 2693 xxix,
1495 2661 1662 2688 Euctemone
1675 2667 1769 2687 vanI.

1139 2709 1177 2735 Ex
1191 2709 1235 2737 his
1251 2709 1378 2735 omnibus
1398 2708 1470 2735 Julio
1492 2707 1592 2734 Cmsari
1618 2706 1737 2733 maxime
1759 2703 1897 2731 Varronis

1105 2754 1149 2781 illa
1169 2755 1302 2782 sententia
1318 2754 1453 2788 congruit,
1469 2752 1536 2780 side
1552 2760 1652 2779 occasu
1665 2751 1802 2778 matutino
1817 2757 1895 2781 vero,

1104 2807 1157 2825 non
1175 2803 1321 2833 apparente
1338 2806 1429 2825 sera-0
1447 2798 1494 2826 sit.
1518 2797 1596 2823 Ilnnc
1614 2797 1687 2824 enim
1712 2794 1898 2830 deprehendi-

1105 2853 1166 2872 mus
1184 2846 1210 2871 in
1229 2845 1314 2880 gradu
1332 2844 1437 2879 Scorpii
1459 2845 1486 2875 ’5,
1517 2843 1565 2871 17⁷.
1594 2843 1639 2870 Sic
1662 2843 1744 2870 ctiam
1771 2841 1896 2868 Thaletis

1106 2894 1237 2924 tempore,
1259 2890 1309 2916 hoc
1325 2893 1366 2916 est
1380 2897 1452 2916 anno
1468 2888 1701 2923 perioditluliaua:
1712 2887 1793 2918 4113,
1809 2893 1896 2912 occa-

1104 2942 1152 2964 sus
1171 2937 1241 2964 idem
1264 2925 1415 2963 matutimis
1428 2943 1509 2962 verus
1526 2935 1551 2962 in
1569 2933 1683 2970 gradum
1703 2932 1791 2960 Libra:
1807 2926 1905 2971 XXIV
