4124 6410
302 405 430 460 1581

1112 393 1571 452 DlSSERTATlO
1612 393 1699 447 DE
1736 390 1925 448 ORTU
1965 391 2054 445 ET
2092 390 2362 447 OCCASU
2402 390 2726 449 SIDERUM.

3417 398 3557 456 i383

299 521 598 594 competit:
642 520 787 590 quod
827 528 912 574 est
958 508 1240 574 eximium.
1292 516 1518 580 Verum,
1562 524 1622 568 ut
1666 531 1730 568 ex
1773 512 1880 568 Ge-
1908 521 1948 576 Α
1979 513 2099 575 σίας
2149 511 2356 581 potius,
2408 526 2574 581 quam
2629 512 2700 565 ad
2741 518 2968 568 exactos
3011 521 3170 567 ortus
3219 529 3558 585 occasusque

301 618 451 671 mino
481 624 534 669 et
570 612 859 667 Ptolemmo
909 626 1073 681 supra
1105 610 1533 665 demonstratum
1573 615 1676 669 est,
1708 615 1863 665 ortus

303 706 664 778 acronychus,
697 714 751 761 et
787 720 1017 759 occasus
1059 702 1359 755 matutinus
1395 714 1551 753 verus
1591 699 1659 752 ab
1700 713 1870 767 appa-

302 800 546 854 rentibus
575 799 910 867 discrepant.
953 796 1231 862 Quantum
1270 809 1399 847 vero
1430 792 1574 847 inter
1605 798 1869 859 utrosque

302 892 514 946 dierum
567 889 914 956 interjectum
972 888 1063 953 sit,
1114 900 1145 939 a
1196 884 1437 945 nemine,
1470 882 1615 951 quod
1675 880 1866 943 sciam,

303 983 632 1053 explicatum
664 988 748 1036 est
778 1000 791 1036 :
826 980 1089 1034 interesse
1124 985 1302 1031 autem
1335 976 1560 1044 aliquot,
1591 982 1699 1026 tam
1733 971 1871 1025 ratio

304 1077 444 1146 ipsa,
478 1089 641 1146 quam
664 1072 1000 1143 experientia
1035 1069 1333 1125 convimit.
1365 1066 1634 1133 Quocirca
1672 1065 1874 1117 Anaxi-

301 1166 530 1222 mander
558 1166 626 1220 de
655 1173 947 1234 apparentc
977 1161 1259 1215 Pleiadum
1290 1174 1491 1213 occasu
1511 1198 1525 1224 ,
1571 1156 1771 1211 Thales
1806 1155 1875 1210 de

304 1273 434 1312 vero
460 1258 754 1327 capiendus
787 1265 890 1311 est.
940 1255 997 1309 In
1031 1252 1269 1309 Hesiodo
1300 1252 1441 1305 ratio
1484 1265 1595 1305 non
1635 1254 1871 1303 constat.

303 1345 438 1402 Nam
467 1348 645 1403 lucida
678 1346 955 1402 Pleiadum
987 1344 1108 1415 ejus
1131 1344 1332 1399 smculo
1355 1354 1616 1396 occasum
1653 1339 1878 1393 matuti-

305 1458 435 1498 num
478 1444 671 1497 habuit
704 1443 759 1496 in
784 1441 955 1511 gradu
993 1438 1168 1494 Libra:
1193 1438 1282 1502 18,
1309 1434 1412 1491 47'.
1461 1434 1580 1488 Non
1610 1434 1744 1489 levis
1766 1432 1880 1488 for-

304 1543 453 1589 tasse
482 1534 720 1604 suspicio
763 1544 868 1597 est,
902 1530 1138 1586 Plinium
1179 1545 1275 1599 per
1319 1527 1742 1598 imprudentiam
1784 1541 1880 1581 oc-

304 1641 491 1681 casum
522 1624 845 1678 matutinum
871 1637 969 1692 pro
998 1621 1209 1676 heliaco
1241 1617 1565 1687 sumpsisse.
1601 1615 1703 1671 llic
1730 1617 1881 1671 enim

306 1715 528 1772 llesiodi
554 1716 753 1771 saeculo
777 1711 1169 1786 propemodum
1193 1711 1249 1765 in
1277 1709 1665 1779 aequinoctium
1691 1708 1881 1762 incur-

306 1807 398 1861 rit.
438 1804 718 1876 Siquidem
762 1820 793 1860 e
835 1802 1201 1858 lucidioribus
1235 1801 1436 1864 tribus,
1464 1814 1587 1868 qua:
1627 1799 1696 1854 ad
1743 1798 1882 1854 occi-

306 1899 523 1955 dentem
555 1898 750 1969 vergit,
784 1911 1043 1952 occasum
1077 1894 1347 1950 heliacum
1368 1891 1601 1948 faciebat
1629 1893 1685 1947 in
1708 1891 1881 1962 gradu

306 1988 507 2044 Arietis
553 1987 752 2058 primo,
791 1985 847 2040 id
877 1992 963 2040 est
985 1987 1040 2048 0,
1087 1984 1205 2051 51';
1242 1984 1525 2040 orientalis
1554 1984 1610 2037 in
1654 1984 1881 2055 cuSpide

308 2084 410 2137 sita
439 2082 494 2136 in
521 2080 693 2153 gradu
718 2079 775 2144 2,
811 2080 915 2143 15',
961 2077 1408 2148 splendidissima
1451 2078 1696 2131 omnium
1731 2078 1788 2131 in
1819 2076 1876 2142 4,

305 2174 373 2228 8’.
416 2172 552 2227 Vide
599 2187 764 2242 quam
813 2172 954 2226 belle
1009 2171 1077 2225 ad
1129 2170 1275 2223 hunc
1321 2168 1543 2223 modmn
1593 2168 1881 2223 ratiocinia

305 2274 627 2336 congruant.
655 2263 788 2317 Nam
821 2264 889 2318 de
913 2278 1112 2318 occasu
1153 2263 1425 2316 matutino
1459 2259 1753 2315 falsissima
1790 2273 1881 2320 res

304 2365 409 2412 est.
444 2356 677 2410 Metonis
708 2370 873 2426 porro
919 2366 1181 2425 tempore,
1224 2353 1471 2422 adeoque
1505 2351 1879 2416 Euctemonis,

305 2464 536 2504 occasus
568 2448 870 2502 matutinus
904 2462 1066 2501 verus
1094 2444 1333 2500 Pleiadis
1356 2445 1414 2498 in
1450 2443 1629 2499 Libra:
1666 2444 1759 2507 27,
1799 2427 1883 2498 μ’

305 2540 607 2593 convenit:
651 2539 718 2593 ad
751 2539 897 2609 quod
946 2537 1110 2608 spatii
1141 2538 1348 2608 aliquid
1396 2541 1619 2592 accedat
1666 2544 1884 2607 oportet

306 2631 372 2685 ad
404 2646 579 2701 usque
612 2631 958 2703 φαινόμενον,
989 2629 1151 2697 cujus
1183 2630 1347 2684 etiam
1375 2628 1693 2699 apparentis
1722 2642 1884 2683 ocea-

304 2735 403 2776 sus
436 2720 636 2791 gradus
664 2720 831 2790 aliqui
855 2726 1003 2774 sunt.
1027 2718 1163 2773 Nam
1193 2719 1481 2791 paulatim,
1516 2718 1609 2772 ubi
1640 2718 1885 2788 longius-

304 2810 426 2864 cule
455 2811 524 2864 ab
552 2809 802 2879 opposita
843 2809 968 2863 cmli
997 2810 1219 2879 regione
1266 2808 1349 2864 sol
1381 2807 1721 2873 discesserit,
1772 2820 1881 2862 tam

305 2900 363 2953 in
398 2906 544 2963 ortu,
571 2912 734 2968 quam
766 2898 822 2952 in
863 2912 1065 2954 occasu
1105 2898 1263 2954 stella
1290 2898 1667 2968 conSpicitur;
1717 2897 1883 2967 idque

305 2990 562 3046 continue
587 2990 646 3042 ﬁt
687 2988 881 3044 diebus
910 2990 1137 3059 aliquot.
1154 2987 1416 3045 Geminus
1437 2989 1584 3044 enim
1615 2987 1790 3058 capite
1812 2986 1883 3041 XI

307 3082 497 3138 scribit
533 3094 692 3136 veros
739 3091 897 3136 ortus
946 3088 1004 3137 et
1053 3095 1285 3136 occasus
1324 3082 1624 3136 matutinos
1670 3081 1883 3151 priores

305 3189 429 3229 esse
471 3172 892 3244 apparentibus;
945 3172 1003 3228 in
1049 3174 1382 3243 vespertinis
1425 3181 1621 3230 contra
1665 3172 1880 3244 priores

306 3278 431 3320 esse
466 3264 610 3319 veris
645 3269 988 3333 apparentes.
1035 3260 1205 3333 Igitur
1242 3271 1571 3336 apparentes
1619 3270 1795 3324 ortus.
1826 3270 1884 3326 et

306 3367 538 3408 occasus
572 3352 847 3416 matutini,
872 3352 1213 3421 quas'Grazci
1240 3354 1632 3425 προανατολὰς,
1666 3362 1721 3409 et
1749 3369 1883 3423 προ-

307 3443 630 3507 καταδύσεις
670 3441 811 3513 ἑῴας
833 3443 1167 3515 φαινομένας
1199 3445 1486 3499 nominant
1505 3483 1521 3510 ,
1563 3444 1762 3515 saepius
1794 3459 1883 3499 rec

307 3536 460 3606 petiti
503 3552 661 3590 veros
693 3541 1019 3605 sequuntur,
1051 3536 1293 3605 quandiu
1336 3536 1598 3590 mediocri
1645 3534 1883 3591 intersti-

307 3633 386 3685 tio
419 3630 553 3686 solis
590 3636 771 3684 ortum
807 3626 1009 3684 cadens
1042 3626 1127 3682 vel
1164 3626 1349 3701 oriens
1394 3627 1550 3683 stella
1581 3627 1878 3697 praevertit.

311 3721 403 3776 Sic
445 3721 608 3777 etiam
643 3727 769 3776 ante
817 3719 1189 3789 vespertinum
1236 3726 1418 3772 ortum
1474 3718 1775 3782 stellarum,
1826 3724 1882 3772 et

308 3829 569 3870 occasum
639 3810 889 3883 ἀληθινὸν
941 3811 1077 3866 ﬁunt
1142 3818 1472 3881 apparentes
1533 3810 1877 3880 complures;

309 3905 488 3976 quoad
534 3902 957 3974 modicospatio
989 3901 1272 3958 conditum
1294 3902 1469 3958 solem
1493 3909 1633 3961 orttL
1648 3917 1771 3969 suo,
1798 3902 1881 3957 vel

310 4013 507 4053 occasu
540 3999 697 4053 stella
729 3996 1110 4066 consequitur.
1682 3992 1691 4001 '

379 4091 512 4158 Quae
538 4092 758 4147 demum
787 4089 1073 4145 varietatis
1103 4089 1250 4145 illius
1280 4088 1462 4144 aﬂ'erri
1487 4103 1651 4144 causa
1677 4095 1877 4163 potest,

310 4199 474 4254 quam
506 4187 668 4239 etiam
697 4183 874 4240 aetatis
914 4185 1060 4239 inter
1092 4182 1360 4253 ejusdem,
1395 4195 1461 4235 ac
1505 4180 1747 4250 regionis
1786 4195 1882 4234 auo

309 4285 492 4330 ctores
519 4276 836 4345 plerumque
864 4275 1143 4330 cernimus
1168 4292 1182 4329 :
1218 4272 1348 4327 dum
1392 4272 1532 4327 alius
1556 4272 1879 4335 orientibus,

310 4366 698 4422 cadentibusve
732 4366 906 4421 stellis
936 4367 1042 4420 alia
1074 4364 1380 4437 praescribit
1408 4372 1676 4433 tempora,
1711 4361 1882 4418 diem-

311 4474 416 4529 que
436 4456 707 4521 diﬂundit,
736 4464 794 4511 ut
835 4456 904 4511 ab
935 4457 1004 4513 iis
1044 4455 1319 4520 terminis,
1361 4469 1502 4526 quos
1528 4470 1596 4509 ex
1635 4461 1883 4509 astrono-

1969 612 2276 673 respcctum
2314 603 2608 662 habuerint
2650 604 3024 659 mathematici
3074 612 3288 662 veteres
3335 607 3391 661 in
3436 610 3556 663 suis

1970 694 2471 766 parapegmatibus,
2519 705 2842 764 argumento
2889 707 2996 762 est,
3048 697 3217 767 quod.
3266 705 3328 752 ut
3386 699 3556 755 refert

1968 787 2121 842 Theo
2168 788 2222 841 in
2268 787 2502 852 Arateis,
2547 796 2935 860 parapegmata
2975 804 3076 844 sua
3114 791 3330 861 publice
3361 804 3560 862 propo-

1972 880 2177 934 nebant
2224 894 2350 933 cum
2398 879 2683 950 praesagiis
2715 888 3125 949 tempestatum,
3160 892 3472 947 ventorum,
3504 894 3558 941 et

1972 973 2026 1025 id
2062 986 2232 1041 genus
2271 972 2523 1036 aliorum,
2556 988 2677 1042 qua:
2717 988 2861 1026 anno
2900 981 3014 1029 toto
3049 972 3238 1028 futura
3272 978 3561 1045 praescire-

1973 1071 2115 1119 raut.
2158 1062 2340 1118 Verba
2372 1062 2615 1119 Theonis
2661 1063 2828 1135 digna
2875 1075 3021 1129 sunt,
3065 1080 3189 1135 quae
3235 1066 3329 1120 hic
3384 1070 3562 1123 ascri-

1974 1155 2173 1210 bantur
2198 1169 2214 1205 :
2244 1154 2308 1207 Oi
2336 1153 2395 1206 δὲ
2421 1154 2559 1224 μετὰ
2585 1154 2818 1208 Μέτωνα
2844 1154 3169 1227 ἀστρονόμοι
3195 1157 3293 1209 καὶ
3325 1157 3559 1221 πίνακας

1981 1248 2040 1298 ὲν
2066 1247 2186 1307 ταῖς
2215 1244 2433 1298 πόλεσιν
2460 1244 2663 1316 ἔθηκαν
2696 1247 2827 1318 περὶ
2860 1245 2969 1300 τῶν
3003 1248 3099 1300 τοῦ
3143 1247 3295 1318 ἡλίου
3329 1266 3563 1323 περιφο-

1981 1336 2088 1408 ρῶν
2136 1334 2245 1388 τῶν
2294 1336 2967 1410 ὲννεακαιδεκαετηρίδων,
3023 1339 3105 1391 ὅτι
3161 1339 3283 1393 καθ’
3331 1340 3560 1394 ἕκαστον

1976 1426 2221 1480 ἐνιαυτὸν
2247 1426 2452 1479 τοιόσδε
2501 1426 2655 1481 ἔσται
2699 1408 2923 1499 χειμὼν,
2956 1427 3049 1488 καὶ
3078 1430 3277 1483 τοιόνδε
3305 1430 3424 1501 ἔαρ,
3466 1431 3561 1484 καὶ
3590 1408 3598 1419 ’

1977 1517 2177 1570 τοιόνδε
2214 1516 2391 1588 Θέρος,
2437 1518 2531 1571 καὶ
2574 1518 2780 1573 τοιόνδε
2832 1519 3195 1592 φθινόπωρον,
3224 1522 3324 1576 καὶ
3366 1522 3559 1575 τοιοίδε

1977 1610 2197 1681 ἄνεμοι·
2232 1609 2328 1663 καὶ
2368 1609 2538 1663 πολλὰ
2575 1610 2713 1680 πρὸς
2759 1610 3043 1693 βιωφελεζς
3078 1613 3270 1684 χρείας
3310 1617 3420 1676 τοῖς
3466 1615 3561 1668 ἅν-

1979 1700 2238 1772 θρώποις.
2278 1698 2406 1756 Haec
2434 1710 2614 1758 autem
2648 1703 2829 1757 omnia
2877 1720 2988 1758 non
3030 1705 3085 1758 in
3130 1704 3266 1775 ipsis
3305 1714 3560 1762 astrono-

1981 1794 2252 1850 micorum
2283 1802 2503 1849 ortuum
2531 1792 2617 1849 vel
2662 1810 2960 1853 occasuum
2996 1797 3318 1863 momentis,
3344 1798 3439 1853 sed
3468 1799 3561 1854 ali-

1910 1875 1954 1936 B
1980 1886 2202 1956 quando
2231 1892 2378 1949 ante,
2412 1885 2495 1939 vel
2528 1893 2652 1955 post
2681 1885 2964 1941 observari
3002 1887 3201 1941 solent.

2048 1977 2311 2034 Geminus
2338 1977 2394 2031 in
2422 1984 2807 2047 parapegmate
2831 1976 2997 2033 refert
3022 1993 3089 2034 ex
3109 1977 3322 2050 Calippi
3351 1979 3561 2036 descri-

1978 2069 2166 2140 ptione
2195 2067 2463 2139 Vergilias
2511 2069 2763 2122 occidere
2812 2067 2868 2122 in
2915 2076 3070 2139 parte
3112 2067 3327 2142 Scorpii
3360 2070 3445 2126 l6.
3488 2072 3559 2126 At

1980 2158 2206 2216 Eudoxo
2252 2159 2310 2213 in
2350 2158 2449 2226 19;
2493 2157 2816 2213 Euctemoni
2851 2174 2982 2215 vero
3027 2160 3081 2215 in
3126 2159 3216 2225 15,
3263 2178 3389 2217 cum
3432 2170 3561 2218 ante

1981 2247 2322 2305 Democritus
2366 2249 2423 2302 in
2470 2248 2506 2301 4
2550 2249 2857 2303 statuisset.
2886 2247 3051 2303 Liber
3086 2249 3154 2306 de
3201 2251 3560 2309 inerrantium

1982 2340 2500 2413 signiﬁcationibus,
2528 2339 2623 2411 qui
2654 2339 2948 2399 Ptolemaeo
2980 2341 3259 2409 tribuitur,
3289 2342 3559 2417 Vergilia-

1982 2449 2105 2487 rum
2143 2433 2365 2488 occasui
2393 2432 2665 2487 matutino
2695 2432 2884 2502 plures
2924 2433 3153 2490 ascribit
3183 2434 3323 2502 dies,
3365 2450 3562 2507 nempe

1989 2524 2245 2580 Octobris
2294 2540 2407 2592 x13,
2458 2539 2617 2591 xxm,
2667 2538 2845 2591 xxvii,
2888 2524 3164 2583 Kalendas
3204 2524 3560 2597 Novembres,

1982 2617 2124 2674 diem
2153 2617 2399 2688 ejusdem
2433 2633 2530 2682 vn,
2554 2632 2612 2672 xl
2641 2627 2696 2673 et
2725 2634 2846 2683 xm,
2879 2618 2974 2689 qui
2999 2630 3241 2676 occasus
3264 2621 3562 2692 superiori-

1981 2709 2087 2764 bus
2132 2709 2241 2766 illis
2284 2724 2317 2762 a
2348 2708 2578 2765 Gemino
2626 2712 2947 2767 memoratis
2985 2705 3428 2771 astronomorum
3465 2715 3561 2771 de-

1982 2802 2150 2855 cretis
2202 2800 2609 2857 accommodari
2658 2809 2914 2873 possunt,
2960 2805 3036 2860 ita
3064 2814 3122 2862 ut
3164 2822 3280 2862 non
3327 2823 3562 2864 occasus

1980 2894 2131 2958 veri,
2163 2894 2261 2949 sed
2293 2902 2621 2965 apparentes
2667 2894 3045 2969 intelligantur
3082 2913 3149 2955 eo
3191 2898 3355 2955 modo
3397 2915 3560 2971 quem

1981 2986 2226 3058 proxime
2262 2985 2672 3056 proposuimus.

2054 3076 2197 3134 Sane
2214 3076 2341 3132 Julii
2368 3076 2606 3135 Caesaris
2631 3086 2791 3137 aetate
2820 3095 2983 3137 verus
3007 3093 3240 3136 occasus
3255 3080 3559 3138 matutinus

1983 3171 2264 3227 Pleiadum
2316 3170 2490 3226 fiebat‘
2523 3173 2581 3227 in
2633 3180 2830 3244 quarta
2879 3180 3034 3244 parte
3068 3172 3304 3243 Scorpii.
3344 3175 3430 3228 Ab
3451 3174 3558 3230 hoc

1984 3269 2229 3331 tempore
2288 3260 2594 3329 interjectis
2644 3261 2842 3319 diebus
2897 3261 3110 3328 decem,
3161 3268 3255 3318 aut
3293 3270 3556 3335 quatuor-

1985 3352 2182 3419 decim,
2234 3353 2514 3424 continget
2559 3368 2833 3424 apparens
2878 3368 3110 3411 occasus
3142 3354 3233 3410 die
3264 3356 3334 3412 ab
3382 3357 3555 3429 arqui-

1984 3444 2170 3499 noctio
2216 3456 2365 3512 xttv,
2402 3444 2489 3503 vel
2546 3459 2739 3501 vam.
2801 3446 3045 3513 Quorum
3094 3457 3409 3519 utrumque,
3457 3450 3556 3508 sed

1986 3536 2122 3592 illud
2145 3536 2379 3593 maxime
2408 3536 2660 3609 Sosigeni
2688 3552 2754 3593 ac
2783 3538 2931 3594 Julio
2962 3538 3172 3597 Caesari
3201 3540 3502 3612 imputatur
3522 3555 3555 3596 a

1983 3630 2183 3685 Plinio.

2059 3723 2173 3778 Suh
2194 3723 2337 3779 idem
2377 3732 2591 3795 tempus
2634 3726 2905 3794 autumni,
2941 3734 3071 3782 ante
3102 3726 3430 3783 matutinum
3470 3743 3553 3784 oc-

1985 3831 2192 3882 casum,
2241 3815 2528 3872 Pleiadum
2573 3820 2922 3889 vespertinus
2972 3828 3130 3875 ortus
3176 3819 3426 3877 accidit:
3466 3821 3554 3877 cui

1984 3908 2203 3980 quidem
2231 3908 2435 3967 diversi
2465 3909 2609 3980 apud
2634 3910 2924 3966 Geminum
2951 3922 3005 3967 et
3040 3911 3385 3967 Ptolemaeum
3418 3929 3555 3985 pra:-

1986 3999 2165 4055 stituti
2201 4007 2329 4054 sunt
2368 4000 2506 4056 dies.
2560 3998 2826 4056 Geminus
2878 4001 2955 4055 ait
3008 3999 3390 4057 Euctemonem
3433 4004 3491 4058 in
3522 4004 3556 4059 5

1985 4092 2162 4148 Libra:
2185 4102 2339 4162 parte
2378 4092 2658 4158 statuisse,
2692 4091 2975 4147 Eudoxum
3007 4092 3065 4147 in
3094 4092 3180 4148 10.
3221 4092 3377 4161 Quod
3403 4102 3463 4149 ut
3487 4094 3556 4154 de

1985 4184 2221 4257 ἀληθινῷ
2264 4185 2550 4255 capiatur,
2605 4184 2836 4255 contigit
2884 4183 3106 4241 Hesiodi
3151 4184 3374 4241 saeculo.
3414 4183 3554 4240 Tum

1985 4279 2130 4334 enim
2170 4280 2225 4331 in
2273 4275 2451 4331 Libra:
2495 4276 2563 4331 10
2603 4283 2757 4346 parte
2800 4274 3120 4348 ἀκρονύχως
3145 4275 3465 4330 oriebantur
3496 4276 3553 4331 in

1985 4368 2191 4425 Grzecia
2250 4366 2502 4441 Vergilias
2528 4384 2541 4419 :
2571 4367 2816 4423 Thaletis
2861 4375 3044 4421 autem
3092 4373 3338 4436 tempore
3370 4366 3425 4419 in
3460 4366 3550 4431 16.

1984 4458 2174 4514 eodem
2206 4457 2261 4513 in
2295 4459 2405 4512 situ
2458 4457 2719 4533 regionis.
2750 4458 2820 4512 At
2853 4454 3066 4511 Metone
3098 4456 3339 4521 vivente,
3374 4455 3430 4510 in
3458 4456 3550 4526 i9,

308 4550 466 4605 micis
495 4548 699 4620 regulis
730 4548 1124 4619 triangulorum
1153 4564 1276 4620 ope,
1314 4562 1378 4602 ac
1400 4544 1656 4602 methodo
1681 4546 1880 4601 consti-
1911 4567 1955 4623 ι)
1984 4546 2110 4603 Julii
2148 4548 2384 4617 denique
2426 4546 2664 4601 Caesaris
2699 4560 2813 4600 aevo
2846 4547 2899 4598 in
2941 4545 3033 4601 25.
3079 4544 3258 4615 Atque
3299 4544 3383 4600 hae
3424 4554 3553 4601 sunt

307 4641 535 4705 tuimus,
582 4639 890 4711 plusculum
937 4639 1211 4695 interdum
1257 4639 1517 4695 recedere
1565 4637 1877 4694 videantur.

308 4732 366 4786 Id
409 4748 476 4789 eo
506 4731 566 4787 ﬁt
590 4733 735 4804 quod
765 4731 1061 4802 scriptores
1092 4732 1191 4797 illi,
1225 4733 1321 4803 qui
1365 4746 1549 4788 rerum
1591 4730 1673 4786 vel
1702 4736 1882 4801 gesta-

308 4835 431 4875 rum
471 4821 812 4886 memoriam,
842 4826 928 4877 vel
965 4821 1275 4876 communis
1302 4821 1371 4875 ad
1408 4836 1572 4878 usum
1606 4821 1730 4875 vita:
1752 4832 1880 4889 spe-

308 4912 574 4967 ctantium
612 4914 997 4969 tractationem
1028 4913 1347 4979 instituunt,
1373 4913 1623 4984 populari
1649 4913 1877 4975 trutina,

308 5012 363 5058 et
396 5019 680 5069 sensuum,
708 5004 965 5074 vulgique
987 5004 1199 5074 judicio
1232 5013 1286 5060 et
1333 5003 1721 5069 aestimatione,
1771 5019 1881 5060 non

310 5095 515 5160 limata,
546 5105 601 5152 et
622 5095 807 5151 subtili
835 5097 1049 5152 ratione
1083 5096 1188 5151 ista
1216 5097 1557 5154 describunt.
1593 5096 1775 5163 Quare
1810 5112 1877 5150 ex

307 5201 373 5240 eo
395 5186 544 5241 omni
585 5194 855 5257 tempore,
898 5188 1043 5257 quod
1091 5187 1332 5243 siderum
1368 5196 1525 5244 ortus
1562 5195 1618 5243 et
1642 5203 1879 5243 occasus

308 5279 553 5347 ἀκριϐεῖς
594 5280 856 5334 mediocri
897 5279 1076 5349 spatio
1124 5279 1211 5333 vel
1253 5279 1553 5334 matutinos
1602 5276 1875 5351 sequitur,

308 5370 391 5424 vel
430 5372 700 5425 antecedit
743 5372 1121 5441 vespertinos;
1171 5372 1262 5425 alii
1306 5372 1445 5425 alios
1485 5372 1693 5442 eligunt
1734 5372 1877 5436 dies,

306 5463 506 5532 quibus
534 5464 665 5517 oriri
690 5464 893 5522 stellas.
924 5466 1007 5519 vel
1034 5464 1285 5519 occidere
1325 5466 1705 5534 pronuntiant,
1738 5480 1879 5532 prte-

307 5554 495 5608 sertim
522 5570 645 5609 cum
676 5557 1040 5627 ἐπισημασίαι
1068 5555 1527 5622 vehementiores,
1557 5563 1610 5610 et
1634 5555 1875 5625 insignes

306 5645 449 5699 aeris
482 5647 810 5703 mutationes
845 5649 1093 5702 incidunt
1131 5667 1144 5702 :
1191 5663 1313 5717 qua-
1360 5648 1524 5702 certis
1571 5646 1678 5701 illis
1729 5646 1875 5703 side-

306 5737 461 5793 ribus
523 5755 589 5793 ex
658 5740 880 5810 antiqua
942 5750 997 5795 et
1054 5756 1084 5794 a
1142 5740 1445 5809 majoribus
1492 5739 1690 5795 tradita
1755 5740 1874 5810 opi-

304 5827 471 5884 nione
493 5831 657 5889 tribui
681 5832 946 5887 solebant.
970 5833 1125 5899 Quod
1157 5832 1222 5887 ad
1254 5833 1499 5900 effectus,
1528 5841 1582 5889 et
1604 5835 1872 5905 ἐπισημα-

1983 4640 2247 4710 ἀληοιναὶ,
2278 4646 2333 4693 et
2358 4638 2647 4707 ἀκρόνυχοι
2671 4636 2915 4690 ὲπιτολαί
2930 4678 2946 4703 ,
2986 4652 3125 4708 quas
3147 4637 3331 4708 utique
3349 4653 3552 4708 praece-

1981 4731 2117 4784 dunt
2151 4738 2498 4800 apparentes.
2533 4729 2621 4785 Eae
2652 4746 2817 4803 porro
2846 4733 3095 4801 repetitis
3123 4732 3315 4787 diebus
3352 4731 3551 4801 sacpius

1982 4821 2288 4877 incurrunt.
2341 4821 2421 4877 Ex
2474 4823 2675 4893 quibus
2718 4831 2870 4880 certa
2905 4824 3010 4879 sibi
3044 4824 3277 4895 quisque
3305 4833 3550 4895 tempora

1981 4915 2213 4983 sumpsit
2232 4954 2246 4979 ,
2280 4915 2480 4983 quibus
2511 4915 2642 4970 oriri
2676 4914 2922 4971 Pleiadas
2945 4916 3109 4987 paulo
3138 4925 3264 4993 post
3290 4926 3550 4971 occasum

1982 5006 2153 5061 solem
2181 5004 2407 5061 diceret.

2051 5101 2107 5155 In
2129 5099 2405 5157 Ptolemaei
2462 5102 2651 5158 libello
2688 5101 2886 5158 Latino
2908 5099 3163 5160 Octobris
3183 5102 3462 5169 Kalendis,
3492 5114 3549 5161 et

1980 5193 2224 5249 secundo
2272 5194 2381 5259 die,
2417 5210 2569 5249 nono
2586 5210 2650 5249 ac
2681 5194 3007 5252 duodecimo
3030 5238 3045 5262 ,
3086 5197 3227 5251 idem
3271 5197 3364 5253 ille
3394 5207 3550 5253 ortus

1979 5286 2293 5341 adnotatur.
2340 5285 2526 5342 Potest
2576 5287 2646 5342 de
2672 5296 2798 5343 ortu
2832 5303 2965 5344 vero
3004 5289 3081 5343 ita
3109 5290 3398 5360 scripsisse
3424 5291 3548 5345 libri

1978 5377 2144 5447 hujus
2174 5387 2369 5433 auctor
2390 5419 2405 5442 ,
2436 5380 2529 5450 qui
2572 5381 2781 5451 putavit
2819 5382 2873 5435 in
2898 5380 3115 5435 Libram
3149 5382 3354 5452 ingredi
3379 5384 3549 5439 solem

1977 5470 2065 5525 die
2097 5467 2433 5540 Septembris
2461 5489 2547 5525 xu
2578 5492 2590 5526 :
2626 5488 2654 5527 a
2686 5488 2797 5543 quo
2835 5456 3089 5535 Kalendae
3124 5475 3374 5531 Octobris
3402 5477 3551 5536 deci-

1972 5578 2098 5618 mus
2119 5565 2314 5618 tertius
2343 5564 2459 5618 dies
2488 5572 2571 5619 est
2590 5604 2606 5629 ,
2640 5581 2821 5623 nonus
2842 5581 2971 5622 vero
2996 5568 3288 5624 vicesimus
3313 5569 3546 5638 primus,

1975 5653 2329 5710 duodecimus
2396 5663 2623 5724 quartus
2660 5663 2717 5712 et
2760 5657 3077 5714 vicesimus.
3105 5656 3209 5724 Qui
3238 5667 3550 5730 postremus

1973 5747 2117 5799 ortui
2163 5745 2380 5799 Iuliano
2416 5748 2723 5819 acronycho
2753 5748 3028 5815 convenit,
3079 5751 3262 5804 caeteri
3320 5749 3551 5807 Metonis

1974 5833 2314 5906 aliorumque
2337 5837 2538 5892 sacculo
2559 5837 2851 5908 quadrant.
2872 5837 2997 5895 llaec
3031 5854 3096 5895 cx
3127 5841 3370 5896 auctoris
3404 5842 3553 5897 illius
