4124 6440
450 374 461 387 ’
517 403 655 462 ιδεδ

1538 391 1628 445 A‘D
1667 386 1934 445 EUSEBll
1963 379 2358 441 CHRONICON
2398 374 2775 435 APPENDIX.

3636 368 3777 426 1584

516 518 652 572 falsa
679 513 1036 584 persuasione
1057 510 1125 565 de
1155 508 1410 579 ingressu
1447 505 1582 560 solis
1618 505 1674 558 in
1704 502 2094 566 dpdecatemo-
2124 508 2172 564 Α
2201 496 2403 552 coelum
2446 501 2549 557 est,
2578 491 2852 547 horizonti
2899 485 3121 559 ἀτμώδη
3158 484 3447 556 quemdam
3477 496 3657 561 aerem
3688 483 3779 535 in-

516 610 599 660 ria
622 613 816 657 octavo
838 610 963 656 ante
986 599 1244 655 cardines
1274 597 1365 651 die
1406 595 1550 649 haud
1583 592 1819 648 absurde
1848 593 2098 661 suspica-

2201 590 2405 645 cubarc
2434 586 2503 641 ad
2537 583 2878 638 altitudinem
2925 579 3164 651 partium
3192 575 3416 631 circiter
3454 573 3546 641 i7,
3568 580 3665 628 aut
3687 573 3779 637 18,

517 714 685 753 mur:
717 695 961 763 alioquin
1015 693 1081 745 ad
1133 688 1461 760 φαινομένην
1508 686 1762 757 ἐπιτολὴν
1795 685 2097 756 ἁκρόνυχον

2226 680 2429 735 lensum
2486 677 2645 742 adeo,
2681 682 2742 729 ut
2773 688 2870 744 per
2898 672 3050 725 illum
3076 669 3311 739 majores
3337 667 3506 750 stellae
3533 682 3646 722 non
3669 672 3785 721 tra—

517 785 716 843 referri
758 789 1039 853 poterunt.

590 875 852 945 Sequitur
905 868 1253 940 vespertinus
1310 880 1551 921 occasus
1592 863 1896 928 Pleiadum,
1937 879 2099 934 quem

521 966 785 1021 Geminus
820 962 1213 1016 Euctemonem
1267 960 1341 1012 ait
1382 959 1437 1011 in
1468 958 1537 1013 10
1584 965 1739 1028 parte
1772 957 1972 1012 Arietis
2005 972 2096 1026 po-

534 1075 702 1124 nere;
726 1055 1011 1110 Eudoxum
1037 1060 1092 1107 et
1123 1051 1491 1105 Democritum
1518 1049 1574 1103 in
1597 1048 1684 1102 15.
1718 1047 1831 1118 Ego
1861 1047 2105 1103 Thaletis

523 1159 766 1220 tempore
815 1160 1078 1200 occasum
1139 1140 1459 1198 earumdem
1517 1140 1791 1195 heliacum
1836 1139 2108 1194 accidisse

2199 771 2454 831 luceant,
2517 766 2625 820 nisi
2663 743 2831 834 supra
2887 760 3230 817 horizontem
3272 743 3531 828 gradibus
3573 755 3786 826 aliquot

2203 849 2552 922 exstiterint;
2587 853 2837 909 Pleiades
2869 865 2999 906 vero
3044 850 3102 904 in
3144 849 3263 918 ipso
3313 845 3487 918 gradu
3527 843 3595 900 17
3640 858 3787 915 saepe

2204 955 2575 1010 delitescant:
2605 948 2752 1021 quod
2808 942 3074 1002 autumno
3122 958 3235 998 non
3272 941 3445 997 semel
3500 955 3560 996 se
3591 940 3786 994 obser-

2204 1043 2684 1102 vasseconlirmat.
2709 1041 2790 1095 Ex
2811 1053 2921 1109 quo
2945 1050 3086 1093 nova
3106 1032 3342 1105 quadam
3376 1032 3594 1086 ratione
3622 1029 3783 1094 oriri,

2205 1138 2292 1193 vel
2324 1136 2577 1191 occidere
2618 1133 2777 1189 stella
2826 1131 3050 1195 dicitur,
3095 1125 3315 1197 quando
3345 1140 3415 1181 ex
3459 1124 3553 1179 illo
3586 1137 3789 1193 vapore

526 1215 807 1310 comperio
833 1239 890 1291 in
919 1242 1073 1307 parte
1088 1234 1295 1288 Arietis
1321 1231 1419 1297 10;
1449 1229 1683 1285 Metonis
1705 1236 1888 1284 autem
1916 1230 1970 1283 in
2003 1230 2105 1283 l5:
2144 1226 2169 1251 '
2209 1229 2463 1302 primitus
2489 1225 2737 1296 emergit,
2773 1230 2868 1278 aut
2894 1224 2950 1277 in
2976 1236 3100 1276 eum
3133 1217 3410 1273 conditur.
3442 1215 3541 1271 His
3561 1231 3629 1271 ex
3649 1230 3787 1269 cau-

524 1307 671 1402 quod
693 1325 1091 1398 satisquadrat.
1108 1322 1356 1379 Addebat
1370 1321 1710 1377 Democritus
1732 1322 1899 1377 latere
1914 1321 2113 1376 deinde
2212 1323 2292 1378 sis
2322 1320 2659 1391 scriptorum
2695 1316 2789 1371 illa
2806 1314 3044 1391 varietas
3066 1313 3120 1365 in
3139 1307 3478 1380 designando
3507 1307 3789 1362 stellarum

526 1397 673 1498 totos
699 1417 818 1473 dies
844 1397 913 1470 xl.
942 1412 1128 1485 :quod
1159 1410 1381 1467 Hesiodi
1416 1418 1662 1498 tempore
1704 1424 1893 1463 verum
1942 1409 2113 1465 fuisse
2215 1422 2364 1477 ortu,
2397 1424 2708 1479 occasuque
2743 1406 2964 1478 petitur.-
2992 1402 3126 1457 Nam
3155 1402 3221 1456 ad
3252 1399 3442 1470 viginti
3468 1397 3588 1453 dies
3617 1409 3792 1467 usque

528 1497 1052 1564 demonstravimus.
1107 1500 1419 1568 Quinetiam
1467 1497 1712 1554 Thaletis
1742 1507 1991 1566 tempore
2017 1515 2111 1553 oc-
2142 1554 2147 1558 ,

532 1613 696 1654 casus
729 1596 974 1650 heliacus
1001 1595 1056 1647 in
1081 1592 1283 1647 Arietis
1327 1591 1392 1645 10
1416 1630 1431 1656 ,
1475 1600 1629 1645 ortus
1662 1589 1899 1644 in’Tauri
1923 1590 1987 1642 16
2022 1591 2117 1644 lie-

533 1674 1040 1762 bat:intervallum
1105 1684 1322 1738 dierum
1376 1697 1473 1737 sex
1528 1690 1584 1737 et
1630 1682 1875 1753 triginta.
1910 1678 2116 1735 Verum

534 1782 643 1862 hoc
680 1781 737 1835 in
802 1794 913 1833 una
938 1775 1301 1849 Vergiliarum
1347 1775 1532 1831 lucida
1565 1776 1796 1846 contigit
1832 1793 1845 1829 :
1876 1789 2001 1829 nam
2032 1774 2118 1829 ul-

534 1858 670 1929 tima
714 1871 783 1926 ad
825 1838 1091 1924 orientem
1123 1879 1362 1938 quatuor
1390 1868 1476 1922 vel
1508 1838 1750 1937 quinque
1779 1866 1972 1921 diebus
1993 1873 2118 1936 post
2148 1838 2192 1896 Β

539 1965 684 2020 illam
715 1971 894 2017 ortum
927 1961 1197 2015 heliacum
1228 1959 1440 2022 habuit,
1477 1965 1538 2012 ut
1578 1958 1645 2013 de
1675 1964 1792 2011 tuto
1828 1958 2118 2012 asterismo

537 2054 886 2112 verissimum
918 2052 1013 2117 sit,
1041 2051 1270 2106 latuisse
1298 2049 1418 2104 dies
1450 2049 1694 2105 totidem.
1727 2047 1959 2103 Metonis
1992 2063 2121 2105 ecce

542 2157 784 2218 tempore
805 2144 999 2201 lucidas
1030 2140 1314 2197 Pleiadum
1360 2154 1593 2195 occasus
1632 2138 1879 2195 heliacus
1921 2139 2119 2195 incidit

541 2239 599 2296 in
623 2237 852 2309 gradum
893 2234 1099 2288 Arietis
1124 2232 1213 2295 l3,
1237 2237 1392 2286 ortus
1424 2237 1716 2299 postremae
1756 2229 1824 2284 ad
1855 2230 2120 2286 orientem

544 2331 788 2386 heliacus
818 2329 873 2383 in
903 2325 1128 2398 gradum
1159 2323 1326 2378 Tauri
1366 2322 1440 2378 25
1477 2340 1491 2376 :
1525 2322 1872 2377 intervallum
1910 2324 2122 2379 dierum

544 2434 679 2476 xut.
736 2416 830 2472 Sic
882 2417 939 2470 in
993 2429 1100 2468 una
1145 2412 1327 2467 lucida
1370 2410 1739 2482 Vergiliarum
1775 2411 1962 2469 Romae
1991 2413 2121 2469 Julii

546 2514 779 2570 Caesaris
836 2521 1079 2581 tempore
1118 2509 1356 2579 idipsum
1405 2507 1650 2578 reperies
1685 2522 1849 2562 :nam
1883 2524 2122 2581 occasus

548 2607 792 2662 heliacus
840 2602 897 2657 in
949 2579 1126 2673 gradu
1172 2600 1375 2656 Arietis
1414 2599 1504 2665 18,
1539 2606 1692 2655 ortus
1745 2600 1802 2654 in
1848 2579 2015 2656 Tauri
2053 2602 2125 2657 50

551 2697 738 2753 factus
765 2703 886 2752 est:
917 2693 1215 2748 discrimen
1265 2690 1476 2746 dierum
1508 2706 1641 2747 xw.
1683 2690 1957 2748 Ptolemaei
1990 2693 2126 2748 liber

554 2790 788 2845 Latinus
820 2786 1026 2857 Aprilis
1062 2800 1124 2838 ιιι
1153 2784 1383 2838 ascribit
1424 2797 1684 2838 occasum
1753 2784 2125 2855 vespertinum

550 2877 918 2950 Vergiliarum
952 2876 1086 2946 :qui
1144 2874 1263 2930 dies
1290 2884 1374 2951 est
1419 2873 1664 2929 decimus
1707 2889 1885 2929 nonus
1925 2890 1955 2928 a
1989 2873 2127 2929 falso

552 2983 715 3040 quem
773 2953 984 3038 putavit
1047 2964 1249 3019 Arietis
1305 2963 1577 3034 ingressu.
1644 2960 1871 3019 Ovidius
1926 2964 2129 3033 Aprilis

554 3056 796 3116 secundo
856 3055 1072 3128 posuit:
1106 3055 1200 3126 qui
1226 3061 1281 3110 et
1322 3054 1524 3110 Arietis
1553 3040 1773 3109 initium
1809 3054 2023 3110 confert
2070 3055 2129 3110 in

2213 1508 2339 1574 post
2381 1515 2565 1566 veros,
2619 1502 2946 1569 apparentes
2976 1493 3065 1549 isti
3097 1498 3252 1546 ortus
3300 1488 3792 1559 immersionesque

2215 1595 2563 1667 contingunt.

2826 1697 3058 1757 CAPUT
3101 1696 3171 1753 Χ.

2219 1799 2297 1855 De
2326 1798 2578 1870 bip'artila
2614 1796 2742 1850 anni
2794 1795 3041 1918 sec:ioze,
3091 1806 3250 1914 quam
3284 1788 3528 1860 Vergiliis
3559 1788 3794 1860 plerique

2905 1880 2950 1916 rt
2990 1879 3099 1916 uun
3126 1900 3141 1914 .

2905 1879 3141 1916 nouum.

2288 1962 2534 2018 lllustres
2561 1959 2619 2015 in
2648 1957 2789 2014 caelo
2811 1954 3082 2025 Vergilias
3107 1967 3171 2009 ea
3198 1967 3288 2007 res
3321 1950 3673 2022 potissimum
3720 1949 3797 2004 fe-

2219 2055 2315 2123 cit,
2350 2054 2497 2126 quod
2518 2066 2705 2108 earum
2739 2046 3126 2104 observatione
3164 2059 3376 2099 annuas
3419 2049 3795 2113 tempestates,

2219 2158 2337 2205 tum
2382 2145 2579 2202 messis
2629 2158 2695 2198 ac
2727 2138 2986 2198 sementis
3017 2146 3261 2207 tempora
3298 2134 3637 2207 distinguere
3657 2149 3802 2189 mor-

2220 2239 2359 2294 tales
2386 2235 2658 2308 quondam
2679 2232 2939 2289 solerent.
2956 2228 3167 2283 Etenim
3195 2216 3496 2281 matutinus
3511 2222 3795 2278 Pleiadum

2221 2337 2409 2395 ortus,
2440 2337 2496 2385 et
2524 2325 2768 2396 ἐπιτολὴ,
2818 2337 2980 2394 quem
3037 2320 3305 2375 heliacum
3338 2326 3557 2383 vocant,
3593 2316 3800 2373 aestatis

2224 2434 2290 2477 ac
2336 2420 2534 2476 messis
2586 2419 2801 2473 initium
2835 2414 3035 2482 dabat;
3067 2424 3298 2468 occasus
3336 2414 3466 2466 vero
3496 2407 3801 2463 matutinus

2224 2512 2425 2569 hiemis
2449 2518 2611 2581 atque
2659 2506 2941 2564 sementis.
2975 2503 3056 2558 lta
3101 2502 3356 2559 bifariam
3391 2496 3796 2572 quodammodo

2223 2605 2606 2681 partiebantur
2631 2615 2856 2656 annum.
2888 2597 3070 2654 Testis
3087 2593 3464 2675 est‘llesiodus
3490 2592 3798 2661 antiquitus

2225 2700 2283 2756 id
2317 2698 2374 2753 in
2407 2695 2615 2755 Graecia
2665 2692 2870 2747 factum
2894 2705 3021 2767 esse
3043 2688 3294 2744 versibus
3332 2687 3422 2754 iis,
3450 2698 3590 2756 quos
3620 2682 3804 2754 capite

2227 2791 2500 2864 superiori
2534 2787 2839 2844 retulimus.
2871 2783 3008 2839 Tum
3032 2782 3290 2851 deinceps
3322 2779 3599 2834 innumeri
3626 2776 3805 2832 ϐιωθί

2229 2900 2294 2941 ac
2332 2882 2515 2938 Latini
2564 2880 2788 2952 scriptis
2845 2877 2989 2933 idem
3048 2873 3358 2944 prodidere.
3394 2871 3577 2939 Quare
3624 2869 3807 2927 Theo-

2230 2977 2490 3049 phrastus
2515 2974 2657 3028 libro
2682 2972 2759 3027 De
2781 2969 2947 3041 signis
2979 2966 3280 3039 pluviarum
3301 2963 3568 3034 Vergilias
3600 2976 3804 3016 annum

2231 3067 2486 3124 bifariam
2536 3061 2729 3134 partiri
2790 3060 2981 3117 scribit
3026 3057 3114 3112 his
3162 3054 3345 3110 verbis
3386 3072 3400 3108 :
3441 3049 3806 3123 Διχοτομετδὲ

555 3167 628 3206 xv
663 3147 934 3204 Kalendas
971 3146 1183 3217 Apriles
1221 3161 1253 3200 a
1284 3159 1394 3215 quo
1432 3145 1705 3201 secundus
1736 3144 1939 3216 Aprilis
1983 3144 2130 3201 deci-

2232 3160 2322 3212 τὸν
2346 3157 2441 3227 μὲν
2461 3154 2702 3209 ἐνιαυτὸν
2720 3150 2920 3213 Πλειὰς
2951 3165 3011 3202 τε
3041 3146 3275 3217 δυομένη
3297 3144 3390 3197 καὶ
3417 3142 3803 3198 ἀνατέλλουσα·

556 3257 689 3311 mus,
714 3248 902 3297 sextus
960 3246 1047 3294 est
1090 3238 1228 3293 dies.
1259 3236 1386 3292 Haec
1429 3252 1538 3292 non
1571 3236 1711 3292 male
1753 3251 1877 3291 cum
1927 3250 2130 3291 occasu

558 3332 754 3390 lucida:
780 3330 1061 3386 Pleiadum
1095 3329 1468 3385 astronomico
1509 3330 1880 3385 consentiunt.
1925 3327 2132 3385 Exinde

557 3440 636 3478 xu
667 3421 870 3492 Aprilis
908 3418 1273 3492 Vergiliarum
1322 3420 1595 3491 reliquum
1639 3417 1893 3473 occidere
1918 3419 2129 3476 scribit.

560 3513 739 3568 Etiam
760 3512 863 3567 hoc
900 3520 1286 3571 consentanee.
1321 3515 1381 3564 ut
1401 3509 1513 3579 jam
1542 3507 1799 3563 diximus.

632 3603 703 3657 At
753 3600 963 3656 Plinius
1021 3600 1117 3654 lib.
1173 3590 1361 3662 XVIII,
1406 3612 1529 3667 cap.
1572 3583 1770 3659 XXVI,
1795 3595 1957 3650 tertio
1982 3590 2128 3649 Non.

561 3694 766 3765 Aprilis
816 3693 873 3747 in
930 3694 1112 3745 Attica
1165 3690 1378 3762 vesperi
1419 3688 1688 3745 occultari
1717 3686 1985 3758 Vergilias
2036 3686 2132 3749 ait,

564 3785 786 3841 easdem
818 3783 1082 3854 postridie
1110 3782 1165 3836 in
1188 3780 1429 3847 Bmotia;
1460 3779 1661 3836 Caesari
1690 3787 1869 3834 autem
1895 3784 1949 3833 et
1972 3777 2136 3833 Chal-

565 3877 701 3932 daeis
729 3874 917 3930 Nonis.
948 3870 1288 3929 Columnella
1319 3873 1412 3927 lib.
1457 3868 1547 3938 IX,
1574 3887 1695 3941 cap.
1725 3871 1787 3934 ll,
1819 3876 2025 3925 octavo
2055 3867 2134 3924 ld.

565 3967 772 4037 Aprilis
799 3966 891 4035 qui
924 3964 1043 4019 dies
1064 3973 1149 4021 est
1193 3972 1404 4029 sextus,
1433 3962 1696 4034 Vergilias
1728 3973 1953 4031 vespere
1975 3961 2137 4016 celari

568 4058 734 4126 dicit;
768 4057 982 4113 decimo
1009 4072 1137 4112 vero
1166 4047 1437 4111 Kalendas
1467 4054 1636 4110 Maias
1664 4067 1788 4108 cum
1819 4052 1934 4108 sole
1958 4054 2088 4107 oriri
2119 4071 2135 4109 :

568 4166 731 4224 quem
760 4157 943 4205 ortum
975 4150 1274 4204 cosmicum
1307 4155 1526 4204 vocant.

639 4239 921 4295 Postremo
948 4253 1050 4295 nec
1074 4238 1205 4292 illud
1232 4238 1335 4293 hoc
1358 4238 1414 4292 in
1437 4236 1653 4308 negotio
1683 4233 2139 4291 contemnendum

569 4331 785 4387 videtur
810 4349 823 4385 :
848 4328 954 4385 diei
1003 4329 1329 4401 principium
1379 4344 1489 4384 non
1520 4329 1588 4384 ab
1623 4329 1742 4399 ipso
1767 4335 1976 4383 tantum
2009 4328 2141 4383 solis

571 4428 786 4488 exortu,
815 4418 912 4476 sed
940 4418 1010 4475 ab
1032 4434 1231 4473 aurora
1259 4417 1410 4488 ipsa,
1447 4418 1533 4473 vel
1566 4417 2006 4472 increbrescente
2033 4431 2144 4470 ma-

2232 3249 2339 3304 ἁπδ
2366 3248 2474 3319 γὰρ
2493 3246 2698 3309 δύσεως
2736 3244 2898 3316 μέχρι
2928 3238 3195 3309 ἀνατολῆς
3226 3237 3286 3291 τὸ
3311 3238 3481 3309 ἥμισυ
3512 3233 3606 3289 τοῦ
3629 3236 3809 3287 ἐνιαυ-

2230 3342 2329 3397 ’τοῦ
2382 3344 2548 3395 ἐστιν.
2579 3359 2598 3392 ι
2640 3338 2841 3395 Secant
2888 3349 3088 3389 annum
3137 3331 3394 3402 bipartito
3443 3326 3811 3399 Vergiliarum

2234 3441 2462 3492 exortus
2493 3442 2548 3488 et
2574 3445 2828 3487 occasus.
2865 3426 2950 3482 Ab
2979 3440 3179 3481 occasu
3207 3423 3352 3479 enim
3382 3420 3599 3476 illarum
3631 3431 3810 3489 usque

2234 3526 2305 3582 ad
2329 3533 2603 3588 exortum,
2640 3521 2767 3576 anni
2824 3517 3112 3575 dimidium
3157 3522 3259 3570 est.
3300 3532 3319 3566 ι
3356 3508 3514 3578 Quod
3551 3510 3728 3579 ipsum
3757 3512 3815 3562 et

2233 3617 2410 3672 Varro
2463 3614 2708 3685 sequitur
2727 3611 2825 3666 lib.
2868 3608 2889 3663 ι
2926 3607 3001 3661 De
3033 3623 3089 3661 re
3127 3611 3289 3671 rust,
3320 3617 3443 3671 cap.
3480 3596 3727 3665 XXVI”;
3756 3608 3815 3652 et

2235 3708 2437 3764 diserte
2481 3705 2692 3760 Plinius
2726 3703 2821 3757 lib.
2858 3699 3049 3766 XVlll,
3106 3712 3227 3766 cap.
3260 3693 3456 3756 XXIX,
3490 3690 3583 3747 ubi
3619 3689 3816 3760 Vergi-

2236 3802 2341 3857 lias
2390 3817 2409 3852 ι
2454 3806 2646 3856 exortu
2701 3811 2802 3850 suo
2857 3799 3100 3847 aestatem
3169 3786 3409 3857 incipere
3453 3784 3559 3849 ait,
3611 3796 3816 3837 occasu

2236 3894 2494 3957 hiemem,
2553 3886 2803 3943 semestri
2863 3881 3042 3954 spatio
3080 3880 3223 3934 intra
3268 3894 3326 3934 se
3372 3874 3817 3957 me_sses,vinde—

2239 3983 2506 4052 miasque,
2568 3988 2623 4034 et
2664 3977 2906 4032 omnium
2956 3974 3329 4029 maturitatem
3391 3952 3721 4040 complexas.
3787 3982 3808 4017 ι

2246 4078 2449 4133 Aratus
2477 4088 2609 4130 vero
2643 4090 2658 4126 :

2239 4193 2309 4260 Αἱ
2325 4187 2609 4260 μὲνδμιιρς
2638 4184 2831 4260 δτιίται
2857 4177 3288 4260 emensa
3320 4176 3467 4260 ἀμ’,
3486 4168 3817 4260 sua???“

2239 4246 2388 4328 Ἦρι,
2419 4246 2515 4312 mil
2541 4246 2809 4328 éo'rtépiaz
2830 4270 2842 4282 ·
2878 4246 3031 4328 Zethi:
3052 4246 3105 4303 δ⁶
3133 4246 3329 4328 αἴτιος
3351 4246 3741 4328 all/acorem,

2247 4311 2342 4396 '6}
2363 4311 2543 4397 ἁφίσι
2572 4311 2918 4397 καὶῗθέρεος,
2941 4311 3037 4397 aerii
3070 4311 3348 4397 xelpafoc
3373 4311 3725 4397 ἀρχρμξνοιο

2241 4384 2569 4469 Σήμαῖνειν
2594 4384 2944 4466 ἐκέλέυσέν,
2969 4384 3369 4459 ἑπερχὸμένου
3390 4387 3437 4438 τ’
3470 4384 3723 4452 ἀρότοιο.

572 4516 749 4570 tutino
769 4514 1095 4586 crepusculo
1112 4514 1450 4585 populariter
1480 4513 1654 4582 accipi
1688 4530 1701 4566 :
1732 4511 1894 4568 linem
1923 4527 2142 4582 quoque
2174 4515 2218 4571 D
2243 4493 2476 4548 οῖοθτοε

571 4607 708 4661 alias
729 4605 798 4660 ab
820 4620 1020 4661 occasu
1040 4606 1192 4666 solis.
1221 4605 1357 4659 alias
1386 4603 1453 4658 ab
1494 4603 1765 4657 lucidiore
1797 4605 2143 4672 crepusculo.

574 4696 669 4752 Sic
693 4697 911 4753 Orionis
949 4694 1348 4769 προκατάδυπιν
1393 4690 1535 4766 ἑῴαν
1584 4695 1786 4750 Aratus
1832 4695 2143 4766 descripsit,

573 4800 635 4846 ut
662 4791 882 4863 exponit
910 4786 1059 4844 Theo
1092 4807 1106 4843 :

750 4946 766 4961 .
844 4945 862 4962 .
939 4947 952 4960 .
1031 4909 1064 4959 ό
1090 4905 1157 4957 δὲ
1197 4904 1399 4959 δύεται
1425 4903 1570 4971 ἠῶθι
1598 4902 1708 4970 πρὸ

762 4976 994 5043 Ἀθρόος
1034 4976 1258 5044 Ὠρίων.
1270 5014 1306 5029 ..
1318 5014 1333 5027 .

575 5087 819 5141 τουτέστι
847 5086 952 5159 πρὸ
985 5087 1082 5158 τῆς
1106 5085 1257 5155 ἠοῦς,
1297 5103 1316 5137 ι
1357 5092 1483 5140 ante
1521 5099 1798 5141 auroram.
1837 5103 1855 5135 ›
1891 5082 2051 5148 Hinc,
2089 5090 2152 5138 ut

574 5177 722 5250 quod
778 5192 1006 5248 quasque
1052 5179 1207 5232 stella
1250 5178 1575 5232 alterutrum
1622 5176 1879 5246 pramedit
1935 5174 2150 5229 initium

575 5268 803 5323 ﬁnemve
860 5268 1128 5338 sequitur,
1184 5276 1256 5319 ita
1289 5266 1409 5335 eius
1457 5260 1686 5320 orientis
1719 5264 1804 5320 vel
1847 5263 2150 5319 occidentis

575 5359 790 5415 diversa
820 5360 995 5430 spatia
1020 5358 1281 5414 constitui
1317 5357 1586 5413 solebant.

645 5448 913 5507 Praeterea
945 5450 1131 5507 docuit
1162 5466 1266 5506 nos
1308 5447 1637 5504 Godefridus
1668 5445 2032 5509 Vendelinus,
2065 5445 2150 5499 vir

577 5542 635 5598 in
665 5542 750 5598 bis
765 5542 1072 5612 disciplinis
1102 5532 1350 5612 apprime
1386 5540 1580 5595 doctus
1626 5553 1691 5593 ac
1712 5538 2018 5593 caelestium
2054 5537 2151 5590 ob-

580 5634 948 5688 servationum
981 5650 1084 5689 usu
1114 5633 1371 5696 detritus,
1410 5630 1855 5686 animadversum
1879 5645 1911 5683 a
1940 5644 1999 5683 se
2025 5644 2152 5697 par-

580 5724 678 5776 tim
731 5724 785 5777 in
834 5724 1160 5781 Massiliensi
1215 5724 1517 5794 provincia,
1567 5724 1768 5793 partim
1820 5720 1874 5774 in
1937 5720 2148 5789 Belgio,

581 5812 786 5869 aestivis
836 5814 1027 5872 diebus
1047 5824 1100 5872 ct
1139 5825 1422 5881 autumno,
1456 5829 1579 5870 cum
1623 5826 1880 5871 serenum
1918 5812 2150 5866 maxime

2314 4587 2391 4639 ‘At
2422 4596 2666 4652 magnum
2697 4592 2882 4652 nomen
2902 4575 3065 4652 signi,_
3084 4573 3388 4652 clarumque
3416 4575 3650 4652 vocatur,

2331 4640 2642 4722 Propterea,
2665 4649 2800 4722 quod
2824 4657 2873 4701 et
2895 4640 3091 4722 uastatis
3122 4642 3414 4722 primordia
3435 4640 3656 4701 clarent,

2321 4716 2389 4777 Et
2421 4714 2537 4792 post
2571 4714 2769 4775 hiberni
2801 4716 3142 4792 prwpandens
3162 4784 3171 4792 _
3193 4714 3438 4792 temporis
3473 4718 3620 4792 ortus

2320 4778 2599 4856 Admonet,
2626 4800 2684 4843 ut
2706 4778 2952 4843 mandent
2978 4784 3227 4840 mortales
3257 4778 3456 4836 semina
3483 4778 3659 4834 terris.

2323 4907 2432 4963 Sed
2470 4905 2740 4962 matutino
2787 4902 2840 4958 id
2863 4908 2986 4957 ortu
3010 4908 3064 4955 et
3095 4911 3295 4953 occasu
3323 4893 3502 4949 facere
3528 4888 3825 4959 Vergilias,

2254 5002 2455 5056 Aratus
2511 4999 2734 5064 cecinit,
2790 5012 2899 5052 non
2953 4993 3209 5065 exprimit
3257 4990 3470 5044 Cicero.
3503 4985 3576 5039 At
3625 4980 3829 5037 Festus

2251 5093 2491 5149 Avienus
2516 5091 2624 5148 hoc
2665 5088 3113 5161 interpretatione
3142 5098 3243 5140 sua
3269 5077 3541 5137 reddidit:

2396 5248 2410 5261 .
2489 5246 2504 5261 .
2583 5247 2598 5261 .
2673 5238 2691 5262 δ
2766 5202 2911 5257 Nam
2939 5202 3066 5256 sise
3094 5198 3297 5270 gurgite
3321 5192 3514 5270 tollunt

2331 5278 2598 5350 Vergiliw,
2627 5292 2818 5350 curvas
2849 5275 2908 5335 in
2923 5272 3063 5350 tiara
3091 5262 3300 5322 novalia
3327 5262 3489 5350 [alces

2323 5338 2734 5404 Exercere-dies.
2758 5345 2818 5399 Si
2833 5338 3059 5397 condunt
3086 5353 3291 5408 (equore
3321 5338 3569 5403 flammas
3596 5366 3611 5389 ,

2326 5419 2589 5474 Tellurem
2618 5432 2796 5487 presso
2818 5410 3152 5483 proscindere
3176 5419 3376 5475 tempus
3408 5410 3614 5457 aratro.

2322 5530 2450 5587 Haec
2489 5530 2617 5586 anni
2645 5528 2905 5600 bipartita
2935 5522 3255 5581 distributio
3287 5512 3574 5573 commode
3605 5518 3660 5566 et
3690 5507 3833 5600 aria-

2251 5624 2430 5688 τυκῶς
2474 5598 2792 5693 accipienda
2820 5626 2923 5682 est,
2960 5631 3073 5671 non
3108 5613 3335 5685 praecise
3375 5622 3440 5661 ac
3482 5601 3677 5674 rigide.
3706 5598 3837 5650 Non

2255 5718 2401 5771 enim
2435 5724 2630 5773 exacte
2663 5726 2906 5768 annuum
2941 5708 3178 5778 spatium
3208 5704 3426 5760 illarum
3460 5704 3607 5760 ortu,
3641 5698 3695 5746 et
3737 5703 3836 5778 oce

2254 5822 2386 5864 casu
2411 5806 2660 5863 bifariam
2693 5777 2988 5862 dividitur.
3009 5797 3166 5866 Quod
3186 5813 3252 5854 ex
3283 5793 3613 5864 Hippocrate
3645 5777 3836 5851 colligi
