4124 6408
379 370 405 423 1
418 369 525 425 385

1158 359 1620 418 DISSERTATIO
1659 360 1748 414 DE
1787 358 1973 415 ORTU
2019 356 2105 413 ET
2144 358 2411 416 OCCASU
2452 359 2774 417 SIDERUM.

3469 364 3606 421 1386

377 493 564 556 potest
592 505 604 538 :
629 482 788 552 cujus
816 486 902 536 est
939 477 1173 534 eximius
1209 476 1313 531 hac
1345 475 1412 532 de
1440 492 1500 532 re
1528 477 1683 533 locus
1711 477 1852 533 libro
1871 475 1941 529 Ill
1970 476 2018 533 A
2115 476 2274 532 Anno
2300 478 2534 549 denique
2547 477 2765 534 Juliano
2788 479 2985 550 primo,
3011 480 3093 536 sol
3119 479 3175 534 in
3202 481 3458 540 Geminos
3478 500 3611 540 vero

377 576 526 645 Περὶ
549 574 798 640 διαίτης,
829 570 924 642 qui
968 569 1283 625 necessario
1327 569 1418 623 hic
1450 568 1794 624 adnotandus
1839 578 1945 628 est.

384 668 494 721 Τὸν
542 667 637 737 μὲν
688 661 932 718 ἐνιαυτὸν
986 662 1043 724 ἐς
1095 661 1335 732 τέσσαρα
1381 661 1550 732 μέρεα
1588 661 1946 732 διαιρὲουσιν·

383 757 532 826 ειπερ
571 753 807 824 μάλιστα
847 749 1201 819 γινώσκουσιν
1227 751 1278 803 οἱ
1313 750 1533 803 πολλοί·
1571 749 1830 820 χειμῶνα,
1855 748 1949 824 ἦρ,

385 849 566 920 θέρος,
614 846 968 916 φθινόπωρον.
1013 845 1124 896 Καὶ
1169 843 1408 914 χειμῶνα
1450 843 1548 915 μὲν
1598 845 1707 898 ἀπὸ
1763 845 1955 900 Πλειά-

381 939 490 991 δων
519 936 698 999 δύσιος
729 935 856 1007 ἄχρι
895 935 1185 1006 ἰσημερίης
1211 934 1460 1006 ὲαρινῆςο
1493 934 1591 1006 ἔαρ
1615 935 1672 988 δὲ
1697 936 1804 989 ἀπὸ
1836 939 1954 1006 ἰση-

389 1029 585 1101 μερίης
619 1029 781 1100 μέχρι
821 1027 1143 1100 Ἀρκτούρου
1181 1027 1466 1097 ὲπιτολῆςο
1509 1027 1850 1099 φθινόπωρον
1896 1027 1954 1080 δὲ

384 1119 498 1174 ἀπὸ
525 1117 854 1190 Ἀρκτούρου
878 1118 1041 1188 μέχρι
1069 1115 1340 1169 Πλειάδων
1369 1115 1569 1180 δύσιος.
1603 1136 1622 1168 ‹
1651 1116 1868 1171 Annum
1899 1117 1955 1171 in

390 1221 574 1280 partes
617 1217 849 1278 quatuor
892 1207 1143 1262 dividunt
1179 1224 1195 1260 :
1252 1222 1390 1276 quas
1433 1207 1676 1277 plerique
1724 1209 1956 1264 maxime

385 1300 752 1370 dignoscunt,
799 1299 1050 1362 hiemem,
1110 1313 1234 1360 ver,
1275 1306 1554 1365 aestatem,
1609 1304 1951 1353 autumnum.

391 1393 460 1446 Et
519 1392 748 1446 hiemem
774 1391 992 1461 quidem
1043 1391 1110 1446 ab
1130 1405 1332 1447 occasu
1375 1390 1734 1463 Vergiliarum
1783 1409 1957 1464 usque

390 1481 460 1535 ad
507 1480 891 1551 aequinoctium
931 1495 1191 1542 vernum;
1237 1497 1331 1536 ver
1374 1490 1554 1537 autem
1604 1482 1674 1536 ab
1707 1483 1955 1553 aequino-

389 1573 504 1628 ctio
553 1587 722 1628 verno
770 1587 945 1641 usque
999 1573 1066 1626 ad
1105 1579 1284 1626 ortum
1349 1571 1740 1643 Vergiliarum;
1789 1582 1956 1629 aesta-

391 1675 503 1719 tem
563 1678 593 1716 a
633 1662 996 1734 Vergiliarum
1049 1672 1173 1718 ortu
1237 1663 1305 1718 ad
1345 1675 1526 1719 ortum
1566 1663 1957 1734 Arcturi;'au-

390 1761 642 1808 tumnum
667 1769 795 1808 vero
816 1754 885 1808 ab
899 1757 1129 1808 Arcturo
1150 1755 1215 1810 ad
1239 1770 1495 1810 occasum
1511 1755 1892 1828 Vergiliarum.
1929 1777 1948 1810 ι

389 1848 453 1901 In
513 1847 614 1901 hac
662 1846 790 1900 anni
837 1846 1238 1916 quadripartita
1297 1848 1568 1904 divisione
1638 1865 1750 1904 non
1829 1857 1958 1904 sunt

389 1939 620 2009 equalia
651 1945 953 2008 segmenta,
986 1940 1080 1994 sed
1125 1941 1284 2006 longe
1312 1941 1488 2010 major
1513 1942 1720 1996 :estatis
1757 1950 1812 1997 et
1841 1943 1958 1998 hie-

392 2032 498 2084 mis
528 2037 614 2084 est
661 2028 876 2092 modus,
904 2044 1067 2099 quam
1106 2031 1250 2086 veris
1287 2041 1341 2086 et
1386 2033 1666 2099 autumni;
1721 2034 1808 2088 cui
1841 2033 1959 2090 dies

393 2119 540 2173 haud
573 2120 807 2197 amplius
862 2120 1222 2191 quadraginta
1275 2121 1558 2179 ﬁniuntur.
1613 2124 1959 2196 Hippocratis

392 2208 620 2271 saculo,
649 2211 750 2263 hoc
779 2217 864 2264 est
897 2209 1148 2273 Metonis,
1203 2210 1440 2268 Pleiadis
1471 2220 1628 2270 ortus
1656 2215 1960 2271 matutinus

396 2308 454 2357 et
511 2300 756 2356 heliacus
803 2301 1034 2372 contigit
1088 2303 1144 2357 in
1195 2301 1363 2359 Tauri
1407 2316 1560 2376 parte
1603 2305 1688 2370 I9,
1742 2305 1961 2361 Arcturi

389 2399 548 2446 ortus
576 2392 632 2446 in
651 2389 892 2459 Virginis
910 2391 981 2446 25
999 2393 1376 2461 ειίηιθτνοιιιιιη
1395 2395 1675 2466 signorum
1704 2405 1959 2466 quatuor,

391 2480 660 2552 graduum
685 2479 735 2535 6.
769 2478 1004 2536 Tantum
1048 2483 1238 2538 aestivo
1287 2495 1564 2554 segmento
1603 2485 1961 2556 Ilippocrates

390 2570 652 2627 emetitur
677 2587 694 2638 ;
723 2577 779 2625 at
804 2587 974 2627 verno
995 2574 1225 2644 tempori
1250 2574 1366 2630 dies
1390 2589 1498 2628 non
1531 2577 1764 2646 amplius
1793 2593 1886 2633 sex
1908 2585 1962 2633 et

391 2661 616 2732 triginta
638 2668 974 2730 competunt.
1008 2659 1222 2718 Rursus
1255 2679 1487 2718 occasus
1517 2667 1867 2736 vespertinus
1897 2682 1962 2722 ac

389 2766 558 2807 verus
580 2749 856 2806 Pleiadum
891 2751 1052 2806 ﬁebat
1076 2753 1130 2806 in
1154 2753 1324 2824 gradu
1345 2754 1522 2811 Librae
1556 2757 1646 2812 28.
1680 2756 1866 2829 Itaque
1894 2759 1963 2815 ab

390 2849 519 2897 ortu
576 2843 794 2898 Arcturi
837 2844 904 2898 ad
961 2859 1219 2900 occasum
1271 2845 1551 2902 Pleiadum
1587 2851 1791 2920 gradus
1835 2861 1965 2906 sunt

391 2936 619 2992 omnino
667 2937 755 2992 55.
801 2936 1042 3007 Denique
1069 2939 1139 2993 ab
1177 2953 1378 2996 occasu
1422 2939 1658 2997 Pleiadis
1693 2944 1760 2998 ad
1801 2943 1965 3013 aequi-

393 3029 640 3083 noctium
670 3043 900 3083 vernum
947 3039 1184 3100 quatuor
1220 3031 1334 3087 fere
1385 3033 1666 3103 signorum
1720 3035 1965 3090 intersti-

2052 580 2203 624 motu
2233 571 2403 626 subiit
2433 570 2558 625 Maii
2583 571 2672 626 die
2701 587 2850 638 xxiv,
2873 571 3010 626 hora
3041 573 3128 638 11,
3154 573 3256 637 δι’,
3278 573 3484 640 Romae,
3516 579 3611 636 ubi

2051 662 2209 718 initio
2228 661 2576 718 Geminorum
2605 673 2759 719 ortus
2775 664 3019 720 heliacus
3048 664 3408 737 Vergiliarum
3437 668 3613 726 factus

2052 764 2157 811 est.
2210 756 2279 811 At
2335 755 2620 827 Scorpium
2650 759 2771 812 iniit
2803 757 3056 814 Octobris
3093 775 3220 825 xxv,
3247 760 3380 814 hora
3411 761 3464 827 5,
3489 763 3569 817 53'
3597 783 3611 818 :

2053 848 2210 918 cujus
2238 851 2437 919 gradus
2474 858 2722 919 quartus,
2754 852 2816 904 in
2861 867 3020 922 quem
3053 854 3355 909 matutinus
3388 869 3618 910 occasus

2054 945 2328 1010 convenit,
2383 943 2616 998 incurrit
2663 946 2718 999 in
2765 943 3018 1002 Octobris
3067 963 3263 1004 xxviii.
3312 947 3618 1009 Discrimen

2056 1035 2342 1104 utriusque
2371 1037 2486 1090 dies
2511 1051 2674 1100 CLvu,
2705 1039 2848 1107 quod
2891 1054 2920 1092 a
2968 1040 3195 1094 dimidio
3245 1056 3392 1095 anno
3451 1043 3619 1097 distat

2055 1123 2248 1179 diebus
2276 1140 2401 1178 xxvi
2426 1123 2558 1179 fere.
2589 1124 2716 1180 Haec
2741 1128 3008 1181 intervalli
3033 1129 3291 1198 paulatim
3321 1133 3618 1188 crescentis

2054 1217 2290 1270 varietas
2319 1232 2384 1271 ex
2404 1217 2715 1286 aequinoctii
2738 1220 3132 1282 antecessione,
3158 1236 3258 1275 nec
3274 1237 3382 1274 non
3413 1232 3618 1278 octava:

2056 1307 2300 1375 sphaerae,
2337 1323 2460 1360 cum
2506 1309 2681 1363 stellis
2709 1309 2764 1363 in
2803 1313 3193 1381 consequentia
3215 1315 3615 1384 progressione,

2056 1405 2169 1450 tum
2200 1397 2388 1467 apogei
2414 1397 2546 1454 solis
2582 1400 2884 1456 mutatione
2911 1403 3178 1456 nascitur.

2661 1537 2889 1594 CAPUT
2927 1539 3018 1596 XI.

2061 1626 2134 1681 De
2153 1625 2422 1683 Canicula:
2471 1640 2590 1684 ortu
2645 1642 2694 1684 et
2750 1649 2937 1686 occasu
2985 1642 3213 1688 veterum
3264 1634 3381 1690 loca
3414 1637 3618 1692 multa:

2226 1700 2449 1770 itemque
2485 1700 2550 1755 de
2592 1700 2854 1773 Procyne,
2889 1704 3166 1773 diligenter
3198 1721 3442 1769 expensa.

1986 1811 2030 1866 Β
2127 1809 2371 1867 Alterum
2397 1821 2522 1882 post
2549 1811 2816 1885 Vergilias
2846 1817 3018 1881 sidus,
3046 1817 3102 1872 in
3126 1834 3233 1888 quo
3260 1827 3310 1874 et
3336 1835 3492 1874 usum
3522 1837 3620 1876 ex-

2059 1901 2332 1970 periemur
2385 1904 2624 1959 methodi
2681 1914 2916 1974 nostra};
2969 1917 3023 1963 et
3073 1910 3404 1980 scriptorum
3451 1911 3518 1967 de
3557 1927 3623 1967 eo

2059 1993 2178 2046 loca
2210 1995 2369 2063 paulo
2418 1995 2787 2066 expendemus
2829 1999 3175 2064 accuratius,
3220 2001 3480 2057 Canicula
3514 2010 3622 2070 est,

2059 2099 2224 2152 quam
2260 2083 2430 2140 Graeci
2456 2087 2686 2162 ‘Eetfptov
2720 2089 2992 2159 appellant
3018 2109 3032 2146 :
3064 2093 3208 2162 quod
3237 2109 3434 2149 nomen
3459 2095 3625 2151 latius

2062 2175 2204 2245 apud
2234 2176 2488 2246 antiquos
2515 2179 2846 2246 extenditur,
2879 2197 3004 2236 nam
3036 2191 3090 2238 et
3125 2184 3292 2240 solem
3333 2185 3624 2256 aliquando

2063 2265 2351 2336 signiﬁcat.
2387 2266 2459 2322 Ut
2490 2268 2633 2340 apud
2656 2269 2952 2327 Hesiodum
2973 2271 3012 2326 II
3049 2274 3228 2344 ’Epr.,
3254 2275 3350 2330 ubi
3378 2276 3626 2332 autumni

2063 2365 2278 2428 tempus
2313 2357 2389 2412 ita
2426 2359 2720 2416 describit:

2172 2531 2198 2572 ._
2265 2530 2298 2572 ._
2357 2531 2378 2572 ._
2451 2533 2466 2548 .
2544 2533 2560 2548 .
2618 2493 2716 2572 Αὴ
2740 2495 2848 2565 γὰρ
2873 2497 3008 2572 trite
3033 2500 3262 2572 Σείριος
3293 2502 3492 2572 ἀστὴρ

2052 2562 2246 2640 giath
2268 2563 2422 2640 only
2445 2562 2717 2640 κεφαλῆς
2745 2562 3143 2640 ὸεηξριζρεφέωνῖ
3164 2562 3490 2640 ἀνθρώπωῖρ

2067 2634 2333 2702 Ἔρχεται
2348 2632 2614 2703 ἠμάτιος·
2637 2632 2848 2714 πλεῖον
2872 2632 2939 2691 δέ
2967 2632 3032 2692 is
3054 2632 3558 2714 νυκτὸςῖέπαιιρεῖ.

2206 2806 2221 2820 .
2301 2807 2314 2820 .
2394 2807 2408 2820 .
2487 2809 2502 2823 .
2580 2769 2722 2824 Nam
2759 2775 3027 2830 tuncsolis
3057 2777 3215 2832 stella

2065 2833 2296 2910 {fautum
2324 2853 2485 2910 supra
2508 2851 2664 2907 caput
2686 2843 2798 2910 fato
2821 2843 3166 2900 obnoxiorum
3187 2849 3455 2905 hominum

2075 2907 2224 2960 Venit
2258 2909 2490 2963 interdiu
2521 2927 2540 2966 :
2571 2907 2695 2980 plus
2715 2922 2890 2967 autem
2918 2915 2980 2969 de
3011 2927 3158 2971 nocte
3191 2919 3406 2976 obtinet.

2133 3039 2462 3113 Interpretes
2493 3059 2686 3101 omnes
2717 3045 2771 3100 in
2811 3047 2867 3100 id
2913 3050 3282 3117 consentiunt,
3311 3052 3512 3110 Sirium
3540 3057 3632 3112 hic

395 3120 537 3174 tium
575 3127 680 3175 est.
705 3122 882 3191 Atque
916 3129 974 3175 ut
1027 3133 1376 3192 apparentem
1418 3140 1676 3181 occasum
1705 3125 1964 3199 Vergilia-

2064 3148 2188 3190 esse
2237 3135 2429 3200 solem,
2462 3135 2554 3191 διὰ
2583 3137 2646 3190 τὸ
2690 3139 2968 3209 σειριάειν,
3023 3143 3170 3212 quod
3221 3152 3305 3200 est
3346 3145 3628 3219 λάμπεινε

392 3224 518 3263 rum
558 3225 670 3264 non
702 3226 888 3264 verum
927 3212 1302 3278 adhibeamus,
1325 3215 1470 3270 haud
1501 3217 1732 3271 multum
1761 3219 1828 3273 de
1857 3221 1961 3274 hoc

391 3300 624 3356 hiberno
670 3303 955 3358 intervallo
1001 3303 1307 3360 detractum
1351 3305 1537 3362 fuerit.
1583 3306 1744 3364 Tales
1795 3310 1964 3380 igitur

393 3391 527 3445 anni
568 3391 865 3449 divisiones
891 3395 1063 3464 magis
1094 3397 1162 3450 ad
1200 3412 1447 3462 sensum,
1483 3407 1537 3452 et
1559 3399 1704 3456 aeris
1729 3402 1964 3470 coelique

390 3482 825 3548 vicissitudines,
896 3502 1060 3556 quam
1122 3487 1190 3541 ad
1238 3491 1644 3560 proportionem
1682 3494 1963 3563 aequalita-

393 3581 616 3644 temque
670 3577 910 3646 partium
968 3579 1232 3634 instituta:
1284 3590 1436 3637 sunt.
1481 3582 1636 3648 Quod
1679 3593 1740 3638 ut
1773 3585 1828 3639 in
1854 3601 1964 3641 uno

392 3663 760 3736 Vergiliarum
816 3670 996 3725 sidere
1059 3672 1131 3725 ita
1173 3688 1295 3728 esse
1352 3682 1717 3732 monstremus
1756 3695 1769 3730 :
1809 3687 1963 3734 ortus

391 3769 582 3808 earum
609 3757 850 3814 heliacus
890 3757 1118 3816 Metonis
1149 3777 1264 3817 aevo
1283 3763 1338 3817 in
1367 3763 1532 3819 Tauri
1565 3768 1790 3835 gradum
1821 3769 1963 3822 inci-

393 3843 558 3898 debat
583 3846 677 3913 19;
708 3863 940 3904 occasus
971 3849 1026 3903 in
1049 3849 1222 3907 Libra
1248 3853 1318 3908 28
1352 3873 1366 3909 :
1408 3856 1752 3912 intervallum
1776 3862 1962 3930 signo-

397 3949 518 3989 rum
543 3953 594 4002 v,
639 3939 904 4008 graduum
929 3941 1000 4007 9;
1024 3943 1094 3997 ab
1115 3958 1315 4000 occasu
1359 3947 1426 4000 ad
1455 3957 1658 4015 ortum,
1681 3952 1960 4022 signorum

394 4043 475 4095 vr,
506 4030 771 4099 graduum
818 4031 907 4086 2i.
933 4031 1086 4098 Quod
1115 4036 1160 4089 si
1199 4036 1316 4092 dies
1349 4039 1662 4110 interjectos
1693 4045 1965 4102 aestimare

395 4119 652 4185 velimus,
674 4137 797 4175 cum
832 4122 1059 4180 Metonis
1075 4131 1315 4196 tempore
1337 4144 1498 4186 verus
1523 4133 1654 4187 solis
1684 4134 1964 4205 ingressus

397 4209 458 4265 in
511 4209 751 4268 Taurum
789 4215 1018 4273 Athenis
1075 4221 1362 4291 contigerit
1407 4223 1612 4293 Aprilis
1670 4223 1758 4280 die
1808 4228 2001 4292 xxvr,'

399 4301 538 4357 hora
565 4303 657 4370 17,
683 4305 803 4361 57':
831 4307 887 4361 in
925 4307 1144 4365 Libram
1175 4321 1354 4368 autem
1388 4329 1518 4369 vero
1542 4324 1695 4371 motu
1733 4319 1964 4374 subierit

401 4390 742 4463 Septembris
791 4413 987 4467 xxvm,
1043 4402 1174 4458 hora
1214 4403 1306 4468 20,
1348 4404 1471 4472 10';
1520 4407 1762 4463 heliacus
1798 4425 1962 4479 porro

395 4482 635 4540 Pleiadis
658 4497 816 4546 ortus
844 4491 898 4545 in
923 4490 1047 4546 Maii
1079 4510 1147 4548 xv
1183 4494 1360 4564 diem;
1395 4512 1626 4554 occasus
1661 4503 1962 4560 matutinus
1987 4516 2040 4578 ι)
2067 4512 2123 4568 id
2149 4512 2340 4576 maria,
2384 4521 2437 4567 et
2481 4482 2660 4580 terrae,
2704 4534 2724 4567 ι
2755 4525 2814 4571 ιιι
2839 4517 2980 4573 idem
2999 4482 3205 4589 linquit,

396 4577 457 4631 in
518 4576 771 4637 Octobris
829 4599 958 4638 xxvr
1019 4587 1278 4643 ceciderit
1336 4607 1350 4643 :
1404 4590 1752 4648 intervallum
1824 4595 1969 4651 inter

399 4678 718 4744 utrumque,
770 4675 983 4731 dierum
1027 4689 1114 4734 est
1169 4695 1323 4736 cnxv.
1357 4681 1516 4750 Quod
1554 4686 1708 4741 abest
1740 4687 1809 4742 ab
1839 4691 1969 4744 anni

398 4763 649 4831 dimidio,
680 4767 785 4822 hoc
843 4779 926 4824 est
957 4770 1150 4828 diebus
1179 4787 1420 4840 chxxn,
1460 4775 1612 4833 horis
1657 4779 1745 4845 I8,
1775 4781 1968 4839 diebus

398 4855 513 4913 fere
541 4874 674 4914 xvn.

471 4948 563 5004 Sic
609 4950 830 5007 Hesiodi
857 4959 1098 5023 tempore
1127 4971 1272 5012 anno
1295 4960 1501 5028 periodi
1545 4963 1772 5021 Juliame
1806 4967 1966 5034 37H,

397 5043 659 5110 quoniam
717 5042 1104 5116 aequinoctium
1171 5064 1396 5106 vernum
1458 5055 1687 5127 ἀκριϐὲς
1743 5061 1970 5131 contigit

401 5131 583 5188 Martii
643 5150 795 5202 xxxi,
833 5137 970 5192 hora
999 5139 1053 5203 1,
1097 5139 1180 5194 ειν
1223 5143 1454 5200 Athenis
1487 5163 1499 5198 :
1527 5148 1808 5219 ingressus
1836 5154 1966 5206 item

397 5221 456 5278 in
500 5222 742 5281 Taurum
799 5242 964 5284 verus
1001 5229 1127 5285 Maii
1165 5247 1204 5297 ι,
1229 5232 1363 5289 hora
1391 5234 1446 5300 4,
1493 5237 1593 5293 18’.
1627 5239 1759 5295 Item
1793 5243 1966 5312 aequi-

396 5317 642 5372 noctium
667 5322 982 5376 autumnale
1009 5320 1263 5380 Octobris
1287 5343 1348 5391 ll,
1393 5328 1526 5383 hora
1561 5331 1764 5402 17,.55’
1797 5335 1966 5392 Athe-

397 5409 519 5478 nis;
553 5412 898 5469 intervallum
951 5417 1094 5472 inter
1123 5417 1248 5473 Maii
1283 5436 1318 5474 x
1355 5421 1523 5486 diem,
1558 5424 1614 5478 in
1651 5441 1811 5497 quem
1841 5443 1966 5499 gra-

395 5501 502 5560 dus
520 5501 686 5558 Tauri
712 5505 797 5572 11,
815 5517 868 5562 et
889 5507 1133 5564 heliacus
1153 5519 1306 5568 ortus
1327 5511 1686 5585 Vergiliarum
1712 5521 1962 5586 cadebat,

395 5599 452 5644 et
491 5608 561 5647 xx
589 5592 867 5659 Octobris,
893 5598 983 5652 cui
1011 5598 1213 5669 gradus
1230 5600 1400 5658 Libra:
1427 5604 1514 5670 I9,
1545 5615 1708 5677 atque
1731 5624 1963 5665 occasus

394 5686 708 5742 earumdem
731 5690 975 5747 heliacus
1002 5697 1379 5766 competebat;
1411 5698 1620 5754 dierum
1650 5709 1734 5757 est
1769 5717 1956 5758 cum.

394 5777 549 5843 Quod
573 5782 728 5853 longe
750 5784 904 5840 abest
927 5785 995 5839 ab
1011 5788 1138 5841 anni
1163 5789 1406 5854 dimidio,
1427 5807 1618 5865 nempe
1647 5795 1838 5852 diebus
1867 5814 1958 5856 xx.

829 5883 1106 5946 ΡΑτιιοιῖ
1142 5886 1258 5948 Gn.
1306 5886 1480 5953 XIX.

2067 3241 2246 3296 neque
2304 3227 2461 3283 aliter
2500 3232 2604 3284 hoc
2645 3229 2765 3284 loco
2812 3233 3156 3304 interpretari
3201 3238 3403 3306 possis,
3439 3247 3632 3296 contra

2066 3333 2230 3387 quam
2257 3318 2340 3372 vir
2385 3317 2578 3374 doctus
2619 3321 2968 3379 existimavit.
3015 3325 3135 3381 Non
3165 3329 3308 3382 enim
3335 3332 3631 3400 parallelus

2068 3423 2228 3477 quem
2255 3409 2517 3464 Canicula
2539 3412 2821 3479 describit,
2850 3415 3136 3486 inaequalia
3157 3431 3436 3491 segmenta
3464 3439 3633 3495 supra

2068 3509 2270 3556 terram
2298 3503 2482 3570 habet,
2521 3504 2771 3576 infraque
2825 3507 3059 3566 diversis
3097 3511 3154 3566 in
3185 3514 3314 3568 anni
3339 3523 3632 3588 tempesta-

2069 3596 2216 3650 tibus
2249 3596 2424 3666 :quod
2442 3597 2510 3652 de
2531 3595 2674 3652 Sirio
2686 3607 2844 3668 poeta
2866 3602 3033 3658 canit.
3054 3602 3379 3676 Hesychius,
3402 3610 3629 3682 Σείριος,

2067 3687 2096 3738 ὁ
2119 3684 2288 3756 ἣλιος,
2321 3687 2417 3741 καὶ
2442 3689 2470 3741 ὁ
2493 3685 2587 3741 τοῦ
2621 3689 2798 3755 Κυνὸς
2829 3692 3024 3765 ἀστήρ.
3049 3695 3194 3751 Idem
3215 3696 3284 3751 ab
3305 3699 3633 3757 Archilocho

2068 3791 2166 3846 pro
2197 3778 2312 3832 sole
2345 3795 2360 3832 :
2383 3779 2451 3833 ab
2469 3779 2630 3850 Ibyco
2655 3797 2754 3851 pro
2773 3784 2937 3840 astris
2959 3788 3215 3844 omnibus
3239 3794 3494 3862 usurpari
3535 3793 3636 3850 do-

2069 3875 2173 3921 cet.
2206 3867 2364 3923 IIunc
2404 3869 2648 3942 Egyptii
2696 3872 2890 3930 Sothin
2951 3879 3294 3948 appellavere
3343 3882 3442 3938 (ait
3488 3885 3635 3943 Orus

2068 3956 2262 4028 Apollo
2293 3960 2388 4015 lib.
2422 3959 2463 4024 I,
2495 3977 2614 4032 cap.
2648 3962 2735 4036 IIl)
2759 3967 2848 4020 cui
2877 3977 2932 4022 et
2965 3969 3329 4041 principatum
3361 3985 3634 4033 astrorum

2069 4049 2412 4107 tribuerunt:
2433 4059 2488 4108 et
2511 4069 2580 4109 ex
2609 4057 2730 4126 ejus
2750 4065 2872 4113 ortu
2897 4058 2964 4115 de
2982 4065 3117 4117 anni
3149 4065 3319 4119 totius
3335 4073 3482 4121 statu
3505 4083 3638 4123 con-

2067 4141 2335 4212 jecturam
2395 4160 2590 4217 capere
2643 4150 2910 4207 solebant.
2959 4152 3094 4208 Nam
3131 4173 3150 4207 ε
3189 4155 3354 4226 hujus
3411 4159 3635 4217 eﬂ‘ectus

2071 4236 2395 4306 amplissimi
2445 4239 2503 4294 in
2532 4247 2677 4296 terra
2726 4244 3062 4320 sentiuntur,
3100 4267 3121 4299 ι
3150 4258 3210 4301 ut
3247 4250 3490 4320 loquitur
3518 4252 3633 4308 Pli-

2071 4327 2197 4382 nius
2226 4328 2343 4399 (lib.
2373 4327 2439 4395 II,
2467 4345 2588 4400 cap.
2623 4329 2736 4402 XL)
2810 4336 3082 4406 praecipue
3117 4354 3268 4404 vero,
3297 4317 3443 4412 quod
3485 4343 3635 4402 illius

2071 4428 2265 4473 exortu
2293 4421 2427 4477 solis
2455 4437 2686 4492 vapores
2733 4427 2956 4482 accendi
2998 4437 3277 4497 putantur.
3307 4450 3328 4485 ι
3375 4433 3635 4492 Sentium

3233 4541 3252 4576 ‹
3295 4527 3478 4582 multa:
3505 4544 3636 4584 vero

2070 4612 2124 4660 et
2146 4604 2293 4660 ferae.
2315 4604 2499 4676 Neque
2527 4615 2611 4660 est
2635 4609 2812 4664 minor
2835 4611 2886 4666 ei
2909 4616 3206 4679 veneratio,
3233 4633 3396 4687 quam
3425 4619 3638 4676 descri-

2070 4700 2180 4770 ptis
2206 4700 2261 4754 in
2298 4699 2429 4755 deos
2474 4703 2664 4757 stellis.
2703 4723 2722 4755 ι
2757 4703 2826 4758 At
2857 4703 3118 4761 Geminus
3157 4722 3279 4778 cap.
3317 4707 3436 4764 XIV
3472 4712 3637 4782 longa

2069 4799 2123 4846 et
2174 4793 2386 4847 erudita
2453 4792 2825 4862 disputatione
2899 4799 3174 4869 vulgarem
3231 4799 3376 4856 hunc
3435 4803 3636 4859 refellit

2069 4897 2344 4951 errorem,
2399 4892 2524 4939 ortu
2569 4885 2767 4941 sideris
2804 4888 2988 4952 ullius,
3045 4897 3140 4944 aut
3190 4907 3388 4948 occasu
3435 4897 3636 4950 mutari

2069 4984 2279 5030 natum
2329 4984 2530 5031 statum
2569 4979 2932 5048 opinantium.
2979 4979 3098 5037 Non
3147 4985 3290 5038 enim
3345 4986 3553 5056 majore
3583 4989 3635 5042 vi

2069 5068 2194 5124 aliis
2223 5069 2342 5124 aliae
2370 5069 2610 5139 praedita:
2644 5079 2774 5126 sunt
2823 5073 2994 5129 stellze
3021 5097 3032 5130 :
3067 5091 3167 5131 nec
3195 5086 3405 5142 exortu,
3435 5079 3515 5134 vel
3537 5095 3636 5135 oc-

2069 5175 2202 5215 casu
2241 5175 2342 5215 suo
2369 5167 2726 5231 tempestates
2771 5165 2912 5220 ullas
2939 5167 3177 5222 excitare
3206 5171 3456 5238 putandae
3485 5180 3632 5226 sunt.

2072 5247 2178 5304 Sed
2209 5265 2377 5321 penes
2411 5252 2580 5308 solem
2605 5268 2772 5310 causa
2789 5263 2874 5311 est
2900 5257 3340 5314 vicissitudinum
3366 5264 3633 5316 istarum:

2067 5357 2300 5412 quarum
2323 5345 2378 5398 in
2411 5352 2656 5416 tempora
2688 5361 2813 5402 cum
2838 5348 3133 5420 insignium
3167 5352 3526 5423 quorumdam
3556 5353 3636 5410 si-

2068 5433 2258 5489 derum
2277 5444 2524 5500 exortus,
2547 5439 2630 5493 vel
2658 5453 2890 5496 occasus
2916 5443 3259 5498 incurrerent
3277 5485 3293 5510 ,
3328 5445 3443 5500 haec
3488 5447 3638 5501 velut

2067 5525 2242 5595 signa,
2275 5527 2386 5582 illis
2429 5529 2686 5586 notandis
2725 5545 2789 5585 ac
2821 5531 3176 5604 desigbandis
3230 5536 3471 5592 adhiberi
3517 5539 3637 5608 pla-

2067 5621 2200 5672 cuit.
2230 5619 2408 5690 Atque
2443 5621 2548 5676 hoc
2566 5621 2628 5677 in
2654 5631 2777 5677 ortu
2802 5623 3076 5681 Caniculae
3103 5636 3406 5696 praesertim
3437 5631 3637 5687 astruit

2066 5708 2348 5774 Geminus,
2367 5712 2460 5782 qui
2489 5729 2614 5768 cum
2645 5715 2699 5768 in
2721 5731 2840 5769 eam
2871 5718 2998 5771 anni
3022 5726 3396 5789 tempestatem
3417 5721 3635 5777 incum-

2067 5800 2238 5867 beret,
2291 5803 2345 5858 in
2390 5819 2517 5880 qua
2551 5806 2924 5864 vehementior
2961 5821 3126 5867 aestus
3161 5813 3419 5877 exsistit,
3471 5811 3635 5885 hujus

3325 5910 3399 5972 Ut
