4124 6414
394 382 534 441 1⁸239

1215 385 1668 442 DISSE‘RTATIO
1710 387 1794 441 DE
1832 385 2020 441 ORTU
2061 386 2146 440 ΕΤ
2187 386 2452 444 OCCASU
2496 390 2816 450 SIDERUM.

3482 411 3617 464 1390

393 496 586 564 tigisse
613 502 846 552 testatur
875 497 1155 564 Geminus,
1186 509 1240 554 et
1264 509 1389 554 ante
1421 500 1565 554 hunc
1590 501 1954 571 Hipparchus.
1987 512 2032 567 Α
2061 518 2181 557 nem
2206 506 2338 558 oriri
2367 507 2596 562 dixerat.
2639 508 2781 565 Sane
2829 513 3006 582 primo
3039 529 3183 570 anno
3211 515 3429 575 Juliano
3457 541 3618 580 verus

392 583 473 638 Ex
506 601 614 655 quo
650 587 718 642 de
748 589 963 642 Gemini
1009 597 1167 644 tetate
1198 591 1518 660 conjectura
1547 603 1737 647 nostra
1779 593 1960 645 [ircna-
2059 602 2232 657 ortus,
2271 597 2384 652 sive
2433 601 2706 656 cosmicus
2752 601 3012 674 Procynis
3059 607 3242 666 Romae
3286 629 3406 668 cum
3449 620 3618 685 gradu

393 685 502 731 tur.
534 677 643 732 Nos
675 682 817 733 enim
849 681 944 734 lib.
980 679 1023 733 II
1060 681 1136 735 De
1158 681 1298 736 doct.
1339 693 1518 751 temp.,
1551 699 1672 753 cap.
1693 685 1780 748 Vl,
1807 698 1958 740 sexto

399 765 566 822 Urbis
602 772 804 824 szeculo
847 771 1022 840 ipsum
1082 773 1332 828 floruisse
1364 774 1856 832 demonstravimus
1893 794 1957 832 ex

391 873 479 921 eo,
509 861 655 929 quod
681 872 803 916 ante
833 878 1006 918 annos
1045 864 1207 929 CXX,
1255 881 1415 937 quam
1452 869 1736 932 scriberet,
1773 869 1876 924 Isia
1902 872 1957 925 in

393 944 602 1001 Eudoxi
637 952 842 1019 τροπὰς
871 953 1130 1008 incidisse
1167 956 1346 1024 prodit
1373 975 1384 1009 :
1427 958 1494 1011 de
1525 973 1632 1027 quo
1663 974 1857 1012 rursus
1902 962 1956 1014 in

390 1036 546 1091 Notis
593 1038 660 1092 ad
711 1038 920 1096 Gemini
958 1059 1080 1114 pag.
1125 1045 1192 1098 19
1223 1049 1529 1102 accuratius
1557 1056 1868 1105 estactum.

461 1127 643 1183 Redeo
675 1131 742 1184 ad
808 1143 984 1187 ortum
1022 1135 1314 1191 Caniculze.
1373 1140 1542 1204 Quem
1573 1156 1695 1194 cum
1742 1141 1954 1196 Gemini

388 1221 695 1276 rationibus
715 1224 1044 1280 adamussim
1064 1230 1492 1284 consentientem
1515 1232 1734 1288 exhibet
1755 1235 1957 1289 metho-

388 1307 492 1364 dus
516 1320 723 1366 nostra.
757 1313 968 1370 Plinius
1001 1326 1202 1381 autem,
1236 1327 1288 1372 et
1328 1323 1528 1382 caeteri,
1559 1323 1651 1392 qui
1687 1323 1831 1379 circa
1860 1323 1956 1378 Ju-

390 1401 444 1453 lii
478 1419 632 1467 xvm,
667 1407 748 1459 vel
782 1423 891 1468 XIX,
923 1410 977 1461 in
1023 1409 1192 1477 prima
1228 1422 1379 1480 parte
1411 1413 1607 1468 Leonis
1657 1416 1788 1469 oriri
1818 1419 1955 1472 scri-

389 1505 648 1564 pserunt,
701 1498 834 1553 falsa
885 1499 972 1552 illa
1022 1503 1374 1569 persuasione
1418 1507 1558 1558 moti
1587 1515 1735 1571 sunt,
1791 1525 1951 1580 quam

387 1603 555 1658 supra
613 1599 809 1659 quarto
855 1594 1052 1661 capite,
1105 1611 1171 1649 ex
1217 1609 1546 1666 przepostera
1603 1603 1952 1672 antiquorum

387 1681 690 1735 imitatione
717 1698 998 1753 perperam
1029 1685 1135 1739 illis
1161 1686 1472 1757 obrepsisse
1501 1695 1948 1749 monstravimus.

386 1769 486 1824 Hic
525 1773 736 1841 primus
786 1790 974 1829 eorum
1029 1776 1130 1832 fuit
1174 1794 1350 1834 error.
1399 1781 1498 1836 Cui
1534 1784 1670 1838 alter
1697 1789 1949 1855 accessit,

387 1865 531 1933 quod
569 1880 693 1918 cum
727 1882 911 1927 verus.
934 1875 988 1922 et
1013 1872 1287 1926 cosmicus
1316 1881 1470 1926 ortus
1495 1873 1770 1930 Canicula:
1804 1878 1950 1933 circa
1981 1847 2024 1902 Β

386 1954 440 2006 id
482 1961 756 2023 tempus,
795 1957 942 2026 quod
982 1959 1052 2014 ab
1097 1959 1204 2016 illis
1258 1975 1580 2033 conceptum
1610 1974 1714 2031 est,
1766 1966 1952 2025 Romae

385 2047 757 2118 contingeret,
803 2049 1056 2108 Heliacus
1098 2063 1277 2108 autem
1316 2073 1424 2112 non
1464 2059 1516 2110 in
1553 2059 1725 2124 Italia,
1765 2063 1859 2117 sed
1896 2065 1950 2118 in

381 2134 617 2208 Egypto
655 2139 758 2194 sub
799 2140 940 2196 idem
991 2149 1203 2213 tempus
1264 2147 1572 2212 accideret,
1605 2151 1694 2204 isti
1718 2167 1837 2221 quae
1883 2154 1952 2208 ab

383 2228 784 2296 Alexandrinis,
808 2241 861 2288 et
897 2234 1156 2304 Egyptiis
1183 2237 1248 2294 ad
1276 2254 1435 2294 suum
1465 2249 1698 2296 tractum
1730 2259 1949 2299 accom-

380 2321 620 2385 modata,
653 2325 980 2395 scriptisque
1004 2328 1214 2396 prodita
1241 2339 1415 2394 erant,
1467 2333 1531 2386 ad
1579 2331 1825 2388 Italicum
1857 2352 1952 2406 ap-

379 2411 676 2480 plicarunt.
699 2413 866 2470 Ortus
889 2418 1163 2474 cosmicus
1191 2419 1318 2474 Sirii
1349 2435 1492 2474 anno
1525 2423 1704 2491 primo
1728 2422 1950 2480 Juliano

376 2505 722 2561 Alexandriae
774 2509 938 2563 tiebat
995 2511 1049 2564 in
1096 2511 1265 2581 gradu
1295 2510 1490 2568 Cancri
1531 2515 1620 2579 12,
1650 2516 1754 2582 27',
1801 2518 1948 2572 circa

377 2611 457 2650 vn
499 2594 628 2651 Julii
662 2617 676 2653 :
709 2599 956 2656 heliacus
1002 2602 1057 2656 in
1100 2605 1274 2674 gradu
1319 2604 1409 2668 26,
1464 2605 1532 2668 9',
1567 2607 1669 2661 hoc
1703 2616 1786 2662 est
1815 2607 1946 2664 Julii

378 2688 494 2743 fere
521 2706 614 2745 xx.
646 2692 1015 2757 Quamobrem
1046 2697 1190 2766 quod
1227 2697 1304 2749 illi
1338 2698 1406 2752 de
1435 2705 1590 2754 ortus
1617 2701 1945 2757 canicularis

376 2784 624 2848 tempore
666 2783 935 2849 scribunt,
968 2784 1013 2838 si
1057 2784 1123 2838 de
1167 2783 1354 2840 Italico
1399 2787 1521 2840 cceli
1555 2789 1734 2857 positu
1764 2805 1945 2845 sermo

374 2875 484 2931 est,
538 2871 605 2925 ad
659 2874 955 2928 cosmicum
1012 2875 1295 2932 refertur:
1333 2880 1418 2933 sin
1453 2879 1758 2951 Egyptiaci
1803 2886 1945 2940 ratio

375 2956 617 3026 ducitur,
653 2959 898 3017 heliacus
924 2963 1202 3020 habendus
1235 2973 1336 3022 est.
1366 2967 1686 3036 Columella,
1718 2975 1812 3043 qui
1851 2976 1945 3028 tri-

376 3049 584 3103 cesimo
609 3051 676 3105 ab
703 3053 959 3116 solstitio,
1019 3063 1074 3108 et
1109 3057 1178 3110 ab
1206 3065 1398 3114 octava
1427 3068 1580 3128 parte
1624 3061 1820 3118 Cancri
1854 3066 1942 3121 die

375 3137 650 3195 Caniculae
676 3143 828 3212 ponit
874 3154 1118 3200 exortum
1140 3186 1155 3211 ,
1213 3151 1527 3218 imprudens
1580 3153 1632 3207 in
1660 3157 1938 3212 veritatem
1968 3191 2010 3248 ο

376 3229 632 3299 delapsus
654 3239 756 3287 est.
805 3231 894 3287 Sic
922 3235 1065 3288 enim
1100 3244 1309 3306 partem
1340 3240 1395 3294 in
1422 3240 1620 3298 Leonis
1658 3248 1941 3314 septimam

374 3318 495 3374 fere
537 3323 752 3377 redacta
785 3325 925 3379 ratio
957 3335 1060 3382 est.
1111 3327 1217 3381 Sed
1250 3330 1307 3384 in
1348 3340 1589 3402 tempore
1637 3334 1946 3392 deﬁniendo

373 3411 617 3482 vulgaris
650 3414 804 3468 illum
835 3432 992 3470 error
1022 3419 1301 3488 abripuit;
1341 3438 1464 3476 nam
1504 3424 1630 3493 quia
1672 3428 1804 3482 solis
1860 3429 1946 3482 in.

377 3503 602 3556 troitum
649 3504 704 3558 in
754 3504 1025 3562 Cancrum
1075 3508 1224 3564 Junii
1271 3528 1380 3566 xvn
1432 3515 1650 3571 circiter
1679 3519 1942 3589 illigavit,

375 3592 578 3649 Leonis
603 3595 808 3651 aditum
837 3597 964 3653 Julii
997 3618 1125 3655 xvm
1149 3613 1575 3662 consentaneum
1606 3616 1689 3665 est
1719 3613 1942 3676 ascribi,

377 3693 560 3739 ortum
597 3703 726 3742 vero
755 3688 1028 3746 Canicula:
1056 3690 1183 3746 Julii
1232 3710 1364 3749 xxm
1400 3697 1483 3750 vel
1513 3714 1662 3764 xxiv,
1695 3700 1747 3754 in
1793 3713 1945 3771 parte

377 3775 579 3834 Leonis
612 3780 832 3836 circiter
874 3783 1126 3853 septima.
1172 3783 1230 3840 In
1256 3802 1366 3855 quo
1394 3794 1574 3842 tamen
1625 3790 1760 3860 fugit
1790 3794 1942 3848 illum

378 3871 542 3924 ratio.
589 3871 796 3942 Quippe
818 3871 1074 3929 Kalendis
1124 3874 1402 3946 Augustis,
1460 3879 1542 3932 vel
1578 3883 1740 3949 paulo
1798 3893 1941 3952 post,

376 3959 623 4017 heliacus
654 3963 927 4019 Caniculae
969 3973 1123 4020 ortus
1157 3982 1253 4036 per
1305 3969 1356 4022 id
1410 3977 1622 4039 tempus
1672 3975 1940 4042 congruit.

376 4049 500 4106 Non
553 4054 750 4109 minori
793 4055 1214 4112 hallucinatione
1243 4057 1453 4114 Plinius
1496 4062 1753 4116 vicesimo
1784 4066 1944 4120 tertio

378 4150 506 4215 post
538 4145 831 4200 solstitium
866 4147 953 4202 die
979 4148 1108 4201 oriri
1135 4148 1450 4203 Caniculam
1481 4152 1684 4207 heliace
1710 4159 1937 4223 putavit,

377 4249 505 4288 cum
538 4251 726 4290 revera
753 4239 978 4293 totidem
1005 4247 1127 4310 post
1157 4241 1450 4296 solstitium
1479 4243 1671 4300 diebus
1704 4248 1943 4303 cosmice

377 4333 536 4380 atate
559 4324 686 4380 Julii
720 4328 951 4384 Caesaris
982 4331 1238 4386 oriretur.

452 4416 694 4488 Scaliger
719 4418 872 4476 Notis
911 4421 978 4475 ad
1009 4422 1213 4480 Manilii
1257 4424 1352 4478 lib.
1389 4423 1432 4476 V
1465 4425 1609 4496 (pag.
1635 4428 1782 4494 405),
1813 4444 1939 4498 poe-

2060 681 2143 744 11,
2178 683 2235 736 0’
2269 685 2462 741 Cancri
2499 691 2658 743 ﬁebat
2695 708 2707 742 :
2751 693 2994 750 heliacus
3026 712 3150 752 cum
3182 702 3423 770 ejusdem
3453 681 3618 776 gradu

2055 773 2149 833 27,
2193 774 2308 829 54'.
2338 777 2407 829 At
2439 778 2492 832 in
2532 779 2764 851 Aigypto
2797 789 3069 841 cosmicus
3117 795 3341 864 contigit
3372 797 3424 850 in
3453 773 3615 868 gradu

2057 862 2255 919 Cancri
2289 866 2344 928 6,
2379 869 2502 936 17';
2552 871 2794 929 heliacus
2829 876 2880 928 in
2911 877 3108 937 21.52
3160 862 3412 942 Manilius
3443 862 3618 945 autem

2056 954 2153 1007 lib.
2180 952 2245 1020 V,
2279 964 2333 1010 et
2363 957 2656 1024 Firmicus,
2710 972 2768 1017 ut
2815 978 2959 1022 recte
2994 968 3235 1042 Scaliger
3289 980 3619 1044 emendavit,

2057 1044 2356 1116 Procynem
2423 1051 2478 1105 in
2530 1053 2727 1110 Cancri
2786 1066 2939 1128 parte
2991 1078 3137 1117 xxvii
3188 1067 3321 1120 oriri
3375 1074 3616 1130 volunt:

2056 1138 2199 1206 quod
2241 1147 2294 1192 et
2343 1139 2468 1196 Julii
2509 1148 2728 1209 saeculo,
2781 1165 2887 1204 non
2916 1150 3134 1209 Firmici
3187 1171 3618 1219 consentaneum

2055 1241 2161 1282 est.

2126 1319 2242 1375 Duo
2288 1332 2416 1378 sunt
2463 1325 2519 1378 in
2570 1329 2710 1382 coelo
2751 1331 2952 1396 sidera,
2993 1337 3190 1406 quibus
3223 1339 3389 1396 Canis
3421 1360 3617 1402 nomen

2053 1415 2312 1482 competit
2347 1435 2359 1469 :
2393 1416 2662 1490 Procyon,
2697 1431 2751 1476 et
2778 1424 2958 1478 Κύων.
3003 1429 3097 1481 llle
3136 1429 3453 1499 Antecanis,
3503 1447 3619 1494 sive

2052 1504 2394 1562 minusculus
2429 1509 2594 1566 Canis
2635 1524 2881 1581 vocatur,
2945 1517 3012 1570 ad
3064 1521 3292 1577 lacteum
3349 1527 3617 1583 circulum

2053 1596 2283 1663 positus,
2312 1599 2453 1654 inter
2474 1602 2902 1671 aequinoctialem
2927 1609 3189 1665 circulum
3218 1622 3270 1667 et
3299 1617 3614 1678 zodiacum:

2052 1687 2298 1757 duasque
2355 1692 2540 1748 stellas
2581 1695 2742 1750 habet
2773 1714 2788 1762 ;
2835 1698 2889 1751 in
2918 1701 3058 1755 collo
3089 1719 3250 1757 unam
3277 1744 3292 1768 ,
3326 1707 3380 1760 in
3414 1709 3619 1765 femore

2053 1771 2300 1839 alteram,
2339 1793 2458 1846 quae
2487 1788 2541 1834 et
2562 1779 2810 1854 Procyon
2840 1788 3144 1855 appellatur
3180 1796 3416 1863 pr0prie.
3443 1798 3616 1865 Cujus

2051 1863 2208 1934 origo
2241 1870 2490 1924 vocabuli
2524 1888 2587 1926 ex
2631 1889 2698 1928 eo
2742 1879 2968 1946 petitur,
3000 1883 3144 1952 quod
3175 1885 3340 1942 Canis
3393 1905 3455 1944 ac
3487 1863 3615 1948 Sirii

2050 1955 2317 2021 praecedat
2344 1967 2546 2016 ortum.
2580 1963 2745 2020 Canis
2779 1975 2958 2022 autem
2986 1971 3140 2028 sidus
3168 1983 3251 2030 est
3275 1979 3340 2031 ad
3364 1990 3614 2036 austrum

2050 2043 2192 2099 infra
2245 2050 2678 2119 tequinoctialem
2722 2057 3011 2114 circulum.
3070 2061 3223 2128 Quod
3269 2083 3392 2122 cum
3427 2074 3614 2128 stellas
3682 2095 3686 2099 '

2049 2134 2244 2191 habeat
2269 2139 2471 2208 plures,
2509 2147 2832 2215 praecipuam
2865 2159 3043 2207 tamen
3073 2154 3128 2208 in
3161 2170 3254 2211 ore
3305 2173 3369 2213 ac
3395 2157 3614 2217 maxilla

2050 2228 2220 2296 gerit:
2261 2246 2421 2299 quam
2453 2233 2651 2289 Sirium
2673 2248 2890 2302 vocant,
2930 2240 3106 2297 Latini
3135 2245 3471 2314 Caniculam,
3508 2255 3613 2309 etsi

2049 2315 2308 2372 Canicula
2354 2337 2744 2394 nonnunquam
2793 2344 2890 2397 pro
2917 2338 3032 2385 toto
3062 2333 3178 2402 ipso
3223 2338 3398 2394 sidere
3442 2346 3617 2398 sumi-

2049 2413 2158 2464 tur.
2188 2408 2398 2466 Plinius
2425 2414 2518 2470 lib.
2558 2415 2744 2480 XVIII,
2784 2434 2905 2489 cap.
2934 2420 3146 2478 XXVIII
3185 2440 3338 2498 negat
3376 2431 3613 2506 Procyni

2048 2515 2245 2557 nomen
2295 2505 2436 2574 apud
2496 2505 2772 2566 Romanos
2801 2513 2970 2567 ullum
3003 2531 3144 2571 esse.
3211 2539 3230 2571 ‹
3274 2522 3426 2588 Quod
3461 2505 3614 2583 sidus

2048 2589 2190 2658 apud
2236 2590 2535 2659 Romanos,
2596 2597 2791 2668 inquit,
2843 2617 2950 2656 non
2998 2603 3159 2660 habet
3220 2625 3438 2676 nomen,
3505 2618 3614 2674 nisi

2045 2679 2358 2739 Caniculam
2383 2687 2522 2742 hanc
2546 2690 2772 2748 velimus
2811 2694 3036 2766 intelligi
3061 2714 3075 2749 :
3106 2700 3208 2755 hoc
3232 2712 3316 2759 est
3349 2708 3611 2764 minorem

2045 2771 2244 2828 Canem
2264 2816 2278 2842 ,
2312 2787 2372 2832 ut
2402 2779 2458 2832 in
2482 2783 2647 2837 astris
2671 2786 2908 2854 pingitur
2933 2806 2946 2840 :
2972 2790 3037 2842 ad
3068 2801 3258 2846 aestum
3289 2811 3612 2870 magnopere

2042 2864 2344 2932 pertinens.
2383 2885 2402 2919 ι
2452 2867 2528 2922 Ita
2555 2869 2851 2930 Peliserius
2880 2881 3260 2936 emendaverat
3293 2887 3347 2939 in
3383 2864 3610 2946 vora'co-

2043 2954 2179 3009 dicis
2205 2957 2312 3022 sui,
2356 2973 2455 3030 pro
2480 2976 2588 3030 quo
2618 2965 2780 3034 vulgo
2814 2967 3010 3037 legitur
3039 2988 3052 3024 :
3089 2990 3108 3021 ι
3144 2971 3240 3028 Est
3287 2985 3469 3033 autem
3495 2997 3611 3035 ma-

2043 3057 2279 3114 gnopere
2329 3049 2627 3116 pertinens.
2673 3073 2696 3105 ›
2752 3053 3028 3114 Pertinere
3059 3061 3126 3115 ad
3169 3072 3358 3120 aestum
3406 3067 3611 3143 Procy-

2043 3148 2165 3187 nem
2217 3136 2314 3201 ait,
2361 3143 2618 3208 quoniam
2650 3162 2670 3194 ‹
2710 3145 3019 3201 confessum
3058 3150 3200 3207 inter
3239 3169 3427 3213 omnes
3454 3136 3610 3217 sidus

2049 3226 2278 3294 indicat,
2321 3234 2468 3300 quod
2521 3233 2686 3291 Canis
2737 3247 2914 3292 ortum
2959 3255 3238 3300 vocamus.
3271 3265 3290 3298 ι
3352 3249 3610 3322 Adeoque

2045 3319 2317 3388 ingentem
2349 3324 2501 3379 illum
2532 3334 2724 3382 aestum
2755 3330 3041 3386 denuntiat
3072 3353 3085 3388 :
3120 3335 3231 3392 imo
3267 3347 3322 3394 et
3365 3357 3427 3396 ex
3453 3319 3611 3412 parte

2046 3409 2196 3465 facit.
2230 3410 2366 3496 Hinc
2393 3415 2651 3474 Horatius
2671 3420 2765 3476 lib.
2800 3420 2885 3488 III,
2930 3421 3045 3478 Ode
3070 3425 3139 3479 50
3169 3443 3182 3478 :

2537 3528 2662 3603 1an
2688 3531 2926 3603 Procyon
2955 3537 3086 3603 furit

2396 3596 2467 3650 Et
2495 3601 2652 3654 stella
2677 3596 2852 3656 vesani
2875 3596 3064 3660 Leonis

2396 3667 2520 3722 Sole
2541 3670 2650 3723 dies
2680 3673 2932 3741 referente
2951 3678 3137 3732 siccos.

2113 3776 2228 3832 Nisi
2283 3779 2406 3848 quis
2467 3783 2700 3840 fortasse
2733 3784 3030 3859 Procynem
3088 3779 3158 3848 ab
3208 3794 3433 3856 Horatio
3477 3819 3602 3862 cum

2045 3866 2190 3922 Sirio
2231 3870 2496 3927 confundi
2526 3876 2676 3938 velit,
2708 3881 2962 3946 quoniam
2995 3883 3166 3950 prima
3196 3887 3311 3944 hinc
3333 3897 3606 3954 asterismi

2043 3958 2206 4015 Canis
2234 3963 2387 4016 stella
2420 3973 2545 4018 ante
2577 3973 2822 4032 cmteras,
2859 3970 3101 4043 adeoque
3140 3985 3264 4032 ante
3299 3988 3469 4038 totum
3525 3988 3607 4058 ip-

2043 4064 2163 4103 sum
2197 4050 2398 4108 Canem
2438 4064 2677 4125 apparet.
2747 4059 2837 4114 Sic
2870 4062 3014 4115 enim
3050 4062 3286 4123 Galenus
3335 4073 3389 4126 in
3449 4050 3606 4130 libil

2042 4140 2282 4210 Epidem.
2335 4144 2678 4216 Hippocratis
2713 4188 2729 4212 ,
2790 4151 2952 4204 Κύων
2979 4156 3093 4223 ῖμὲν
3130 4158 3236 4231 γὰρ
3274 4161 3335 4213 τὸ
3388 4165 3610 4236 σύμπαν

2039 4233 2255 4305 ἄστρον·
2283 4237 2310 4287 ὁ
2339 4236 2395 4289 δὲ
2427 4239 2518 4289 ἐπὶ
2545 4239 2642 4308 τῆς
2671 4240 2858 4308 γένυος
2882 4245 3042 4297 αὐτοῦ
3075 4239 3310 4317 Σείριος·
3339 4253 3399 4306 ὃν
3432 4233 3608 4326 epes;

2040 4322 2106 4376 ἄν
2149 4341 2232 4388 τις
2285 4326 2536 4397 ὀνομάζοι
2592 4330 2684 4383 τὸν
2721 4332 3001 4403 Πρόκυνα,
3036 4337 3096 4388 οὐ
3149 4339 3239 4393 τὸν
3288 4322 3473 4398 Κύνοι.⁷
3503 4347 3605 4401 Si-

2038 4412 2180 4466 rium
2213 4414 2290 4468 ait
2343 4418 2600 4487 appellari
2635 4433 2665 4473 a
2721 4423 3004 4480 nonnullis
3050 4425 3205 4491 κύνα,
3245 4434 3388 4499 quod
3428 4442 3604 4495 totius

379 4519 490 4562 tam
522 4524 681 4564 suum
708 4512 952 4582 corrigit,
991 4514 1082 4582 qui
1117 4531 1182 4569 ex
1207 4517 1480 4570 communi
1516 4518 1769 4586 opinione
1802 4521 1940 4574 dixit
1969 4529 2015 4585 ι)
2041 4519 2238 4599 Fine“
2268 4517 2352 4562 εει
2381 4509 2577 4565 Sideris
2603 4529 2616 4563 ³
2647 4512 2848 4567 melius
2879 4522 3057 4570 "me"
3088 4517 3386 4592 Procynem
3419 4533 3606 4599 aPPe"

376 4600 439 4654 in
484 4608 636 4669 parte
682 4601 878 4659 Leonis
919 4611 1096 4658 ortum
1145 4605 1321 4661 facere
1368 4604 1568 4662 Sirium
1611 4629 1622 4663 :
1664 4628 1684 4660 ‹
1724 4610 1938 4674 Melius,

377 4688 580 4760 inquit,
631 4689 855 4746 dixisset
899 4693 1098 4748 Canem
1137 4696 1407 4765 principio
1467 4695 1661 4752 Cancri
1710 4699 1844 4754 oriri
1885 4703 1942 4756 in

378 4780 596 4838 ﬁnitore
645 4783 957 4839 barbarico.
1003 4784 1213 4841 Saeculo
1242 4787 1448 4842 Manilii
1473 4789 1753 4843 oriebatur
1781 4791 1836 4844 in
1868 4807 1941 4845 vit

377 4873 598 4930 Cancri.
636 4895 655 4928 ι
698 4874 764 4930 Ut
795 4877 1019 4947 Augusti
1045 4879 1242 4932 smculo
1270 4879 1462 4934 demus
1497 4880 1742 4936 ﬂoruisse
1768 4884 1943 4936 Mani-

375 4967 534 5030 lium,
579 4966 724 5035 quod
775 4975 925 5020 ratus
958 4976 1041 5022 est
1089 4968 1351 5036 Scaliger,
1387 4985 1564 5039 neque
1610 4971 1764 5025 initio
1803 4971 1943 5026 Can-

379 5059 482 5124 cri,
526 5075 702 5128 neque
745 5075 866 5114 cum
897 5059 1017 5127 ejus
1056 5059 1222 5129 gradu
1265 5075 1336 5113 vn
1387 5069 1503 5114 orta
1538 5075 1621 5117 est
1661 5061 1938 5119 Canicula.

380 5149 589 5220 Quippe
624 5167 785 5205 verus
808 5151 952 5205 illius
982 5159 1136 5204 ortus
1181 5151 1525 5206 Alexandria:
1562 5154 1614 5206 in
1649 5157 1817 5224 gradu
1852 5155 1937 5219 12,

376 5242 462 5294 27'
489 5261 503 5308 ;
536 5242 780 5296 heliacus
809 5241 863 5294 in
905 5241 996 5307 26,
1041 5242 1104 5296 9'
1135 5241 1353 5294 accidit.
1400 5241 1484 5294 Ab
1517 5250 1639 5297 ortu
1669 5260 1800 5299 vero
1832 5261 1937 5299 non

378 5337 609 5391 multum
649 5335 902 5390 abhorret
964 5334 1222 5390 Plinius:
1267 5336 1361 5407 qui
1428 5337 1523 5391 lib.
1571 5335 1760 5401 XVIII,
1817 5352 1938 5406 cap.

379 5426 930 5493 XXIX,Caniculam
960 5427 1093 5481 oriri
1143 5429 1218 5482 ait
1272 5429 1326 5481 in
1375 5426 1608 5498 Egypto
1652 5444 1707 5481 Iv
1757 5426 1940 5483 Nonas

377 5517 569 5574 Julias.
621 5513 681 5572 In
709 5519 858 5573 hunc
885 5519 1033 5574 enim
1074 5519 1216 5575 diem
1251 5519 1570 5576 undecimus
1601 5518 1714 5574 fere
1745 5519 1941 5574 Cancri

381 5608 583 5682 gradus
605 5610 854 5664 incurrit.
890 5608 1129 5665 Tametsi
1155 5610 1221 5666 de
1249 5609 1512 5681 Procyne,
1555 5625 1662 5664 non
1693 5609 1759 5664 de
1779 5610 1941 5664 Cani-

379 5701 526 5764 cula,
575 5700 788 5755 videtur
845 5701 948 5755 hoc
990 5702 1650 5772 posterinsintellexisse
1707 5699 1937 5758 Plinius.

376 5793 514 5845 Nam
543 5789 720 5860 capite
753 5790 1111 5858 antecedenti,
1149 5807 1201 5846 Iv
1243 5792 1426 5849 Nonas
1449 5791 1686 5863 Egypto
1730 5789 1939 5862 Procy~

2043 4595 2145 4649 lari
2177 4611 2359 4666 posse,
2399 4615 2560 4668 quam
2591 4600 2812 4657 Canem.
2861 4603 3030 4670 Quem
3063 4609 3249 4666 Caleni
3299 4595 3505 4686 locum,
3546 4636 3605 4679 ut

2043 4694 2097 4740 et
2123 4687 2226 4740 alia
2253 4686 2367 4742 fere
2395 4691 2578 4742 omnia
2609 4691 2676 4745 de
2705 4693 2982 4762 Canicula,
3012 4697 3066 4751 in
3097 4698 3422 4774 farraginem
3455 4711 3599 4768 Soli-

2040 4779 2261 4831 nianam
2300 4781 2494 4834 avertit
2543 4781 2847 4840 Salmasius
2894 4803 2956 4841 ex
2995 4787 3242 4849 Bisciolze
3286 4804 3459 4856 nostri
3506 4806 3602 4864 lib.

2041 4853 2134 4923 Xll
2168 4871 2300 4923 tomi
2329 4869 2370 4924 Il
2427 4872 2860 4942 subsecivarum,
2904 4895 3024 4949 cap.
3060 4881 3098 4936 Il
3131 4902 3146 4950 ;
3207 4903 3382 4958 neque
3411 4907 3602 4953 aucto-

2042 4976 2177 5023 rem,
2233 4977 2263 5015 a
2301 4978 2410 5032 quo
2443 4963 2546 5017 ista
2588 4965 2887 5034 didicerat,
2918 4973 3000 5025 vel
3038 4973 3220 5030 littera
3264 4985 3600 5056 nominavit;

2041 5050 2134 5119 qui
2166 5050 2284 5120 ejus
2312 5062 2395 5106 est
2440 5068 2575 5108 mos.
2634 5054 2823 5110 Utrum
2870 5069 3050 5115 autem
3082 5063 3378 5138 Procynem
3410 5050 3606 5148 perpe;

2045 5151 2135 5195 tuo
2175 5159 2272 5212 pro
2304 5144 2564 5199 Canicula
2612 5146 2824 5204 Plinius
2862 5157 3152 5223 acceperit,
3196 5163 3337 5228 quod
3380 5144 3602 5225 Exerci-

2042 5235 2207 5288 tatori
2235 5235 2469 5299 videtur,
2499 5237 2745 5295 dicemus
2781 5257 2902 5313 cap.
2936 5245 2954 5298 I
2992 5247 3112 5302 libri
3143 5254 3378 5320 septimi.

2112 5321 2184 5378 Ut
2235 5325 2291 5378 in
2321 5334 2447 5380 ortu
2477 5342 2577 5381 suo
2612 5330 2935 5387 immodicos
2968 5345 3135 5393 astus
3168 5343 3408 5400 excitare
3440 5349 3602 5405 Cani-

2041 5417 2240 5480 culam,
2291 5418 2371 5472 sic
2399 5419 2738 5474 occidentem
2786 5423 2990 5494 frigora
3028 5436 3083 5482 et
3133 5429 3384 5492 inimicas
3423 5438 3597 5512 frugi-

2026 5507 2146 5563 .bus
2179 5509 2405 5577 pruinas
2438 5523 2782 5568 commovere
2808 5517 3106 5586 scriptores
3129 5535 3403 5580 asserunt.
3437 5507 3602 5588 Mani-

2043 5601 2148 5655 lius
2186 5601 2280 5655 lib.
2313 5599 2353 5667 I,
2389 5601 2616 5658 Plinius:
2655 5605 2750 5661 lib.
2786 5606 2970 5672 XVIII,
3017 5626 3136 5680 cap.
3183 5614 3388 5687 XXIX;
3439 5623 3600 5681 Col“-

2041 5695 2202 5749 mella
2239 5695 2334 5749 lib.
2374 5688 2463 5758 XI,
2495 5710 2616 5766 cap.
2653 5696 2716 5752 Il.
2757 5718 2775 5750 ι
2811 5699 2991 5756 Pridie
3024 5703 3250 5760 Kalend.
3295 5709 3464 5770 Maias
3498 5715 3600 5772 Ca-

2045 5789 2131 5843 nis
2191 5803 2250 5842 se
2296 5803 2523 5858 vespere
2579 5791 2756 5857 celat;
2799 5801 3176 5882 tempestatem
3228 5801 3519 5872 signiﬁcat.
3580 5830 3600 5866 ι
