4124 6424
505 361 640 418 1591

1511 359 1603 414 AD
1643 359 1918 416 EUSEBIIc
1939 359 2340 417 lCIIRONICOIN
2372 361 2736 417 APPENDI‘X.

3593 355 3732 411 I393

503 478 666 546 Plinii
703 477 888 544 verba,
925 478 1052 549 quia
1077 478 1338 534 mendosa
1372 486 1520 542 sunt,
1553 480 1858 551 castigandi
1892 496 2058 536 causa
2087 487 2133 542 Α
2197 501 2215 532 ι
2257 480 2362 537 Per
2421 481 2552 536 illud
2631 491 2847 551 tempus
2923 480 3102 534 solum
3191 491 3402 534 summa
3453 474 3730 546 spicarum

507 571 838 626 referemus.
895 567 1094 625 Narrat
1148 570 1399 626 instituta
1443 569 1726 641 Robigalia
1777 587 1830 626 a.
1885 573 1939 626 d.
1989 589 2064 627 vn

507 660 736 716 Kalend.
781 661 906 716 Mai.
959 681 972 716 :
1033 679 1052 713 ι
1093 659 1248 726 Quod
1303 669 1426 732 post
1464 663 1580 717 dies
1627 663 1962 732 undeviginti
1997 665 2066 718 ab

507 752 834 821 aequinoctio
874 767 1071 816 verno,
1116 767 1214 822 per
1261 751 1316 806 id
1365 753 1716 822 quatriduum
1769 755 1914 806 varia
1944 769 2068 823 gen-

511 845 643 898 tium
665 845 1044 900 observatione
1073 846 1128 897 in
1153 860 1206 899 IV
1231 843 1464 900 Kalend.
1499 844 1626 898 Maii
1650 845 1814 902 Canis
1841 847 2062 912 occidit,

510 936 664 990 sidus
699 945 752 990 et
782 951 878 1004 per
907 951 967 990 se
994 934 1310 998 vehemens,
1343 943 1398 990 et
1441 937 1528 990 cui
1561 937 1924 1006 praeoccidere
1963 936 2066 992 Ca-

509 1028 746 1080 niculam
793 1041 1017 1082 necesse
1043 1027 1148 1081 sit.
1183 1045 1203 1078 ι
1250 1027 1296 1080 Α
1337 1041 1416 1082 vn
1473 1027 1744 1083 Kalendas
1783 1027 2066 1083 Maias-ad

509 1133 562 1172 IV
594 1125 764 1172 totum
786 1117 888 1171 hoc
908 1118 1258 1187 quatriduum
1285 1117 1532 1190 frugibus
1559 1119 1920 1174 decretorium
1946 1135 2070 1174 esse

507 1209 642 1264 dicit
665 1227 679 1264 :
703 1219 756 1264 et
781 1209 849 1264 ab
877 1211 1206 1280 azquinoctio
1235 1225 1404 1266 verno
1426 1211 1542 1267 dies
1574 1219 1822 1266 numerat
1845 1211 2070 1266 undevi—

505 1303 660 1373 ginti.
676 1301 1084 1372 [Equinoctium
1103 1318 1329 1357 vernum
1347 1302 1564 1358 aPlinio
1583 1305 1864 1360 confertur
1891 1305 1944 1358 in
1971 1321 2066 1358 vnn

504 1393 676 1462 April,
695 1392 975 1454 Kalendas.
999 1409 1028 1446 a
1045 1408 1154 1462 quo
1173 1394 1447 1450 secundus
1461 1403 1514 1450 et
1527 1396 1836 1451 tricesimus
1851 1396 1965 1450 dies
1986 1403 2070 1452 est

503 1502 559 1540 νι
585 1483 853 1540 Kalendas
884 1484 1072 1538 Maias.
1109 1483 1420 1556 Legendum
1455 1487 1640 1556 itaque
1673 1489 1865 1542 fuerit:
1897 1507 1916 1540 ι
1945 1496 2068 1558 post

505 1577 624 1632 dies
673 1593 841 1630 unum
871 1586 926 1632 et
959 1576 1201 1646 triginta.
1237 1597 1256 1629 ι
1303 1577 1448 1634 Idem
1483 1578 1696 1634 Plinius
1720 1597 1788 1635 ex
1823 1579 2070 1637 Varrone

503 1668 673 1724 refert
720 1683 974 1724 occasum
1007 1667 1282 1722 Canicula:
1333 1669 1388 1722 in
1440 1668 1708 1725 decimam
1752 1669 1916 1726 Tauri
1943 1687 2102 1742 par-~

495 1768 636 1816 tem.
673 1757 830 1826 Quod
881 1759 1029 1814 illius
1095 1761 1278 1815 saeculi
1335 1761 1577 1831 opinioni
1633 1753 1904 1834 congruit,
1947 1780 2069 1834 qua:

2167 573 2345 643 capita
2415 580 2764 645 gravantur;
2813 578 2867 626 et
2947 585 3082 640 ιιι-ω,
3129 569 3416 640 frugibus,
3475 582 3540 622 ac
3613 581 3730 621 me-

2168 667 2314 722 tendi
2347 666 2661 720 maturitate
2709 665 3084 730 inclinantur;
3132 671 3391 732 tanquam
3436 660 3504 716 ad
3533 674 3593 716 se
3626 658 3730 713 fal-

2165 773 2282 811 cem
2328 758 2577 812 invitent.
2603 776 2644 816 ,ι
2689 756 2814 827 Agit
2867 763 3047 810 autem
3081 753 3150 808 de
3195 752 3436 808 Sabbato
3474 751 3732 806 deutero—

2165 857 2361 917 proto;
2393 846 2538 917 quod
2589 861 2711 902 esse
2752 845 2892 900 idem
2919 842 3200 898 existimat
3229 855 3292 894 ac
3323 839 3556 910 primam
3603 851 3732 908 azy-

2167 953 2380 992 morum
2417 937 2582 992 diem.
2622 934 2803 1002 Quare
2830 951 2898 989 ex
2935 933 3057 1004 ejus
3085 931 3412 988 auctoritate
3443 930 3636 999 liquet,
3673 928 3732 982 in

2167 1027 2424 1100 Egypto,
2473 1039 2560 1091 et,
2615 1028 2765 1098 quod
2827 1035 2936 1082 tam
3006 1028 3186 1098 reipsa
3239 1037 3584 1094 consequens
3623 1031 3731 1086 est,

2167 1137 2331 1191 quam
2359 1123 2427 1176 ab
2473 1121 2664 1177 eodem
2703 1121 3083 1186 concluditur;
3113 1121 3296 1179 .etiam
3332 1119 3387 1172 in
3417 1117 3732 1180 Palaestina,

2168 1222 2412 1268 maturas
2439 1228 2538 1284 per
2564 1213 2706 1268 idem
2753 1219 2967 1282 tempus
2996 1218 3208 1282 segetes
3239 1210 3304 1264 ad
3329 1223 3563 1264 messem
3593 1207 3733 1262 fuis-

2168 1319 2244 1358 se.
2301 1301 2441 1358 Sunt
2495 1304 2641 1358 enim
2687 1303 2850 1358 ambo
2889 1302 2968 1356 illi
3019 1309 3232 1357 tractus
3271 1301 3375 1357 sub
3401 1299 3588 1355 eadem
3619 1299 3732 1369 poli

2167 1397 2457 1451 altitudine
2485 1397 2600 1453 siti.

2236 1485 2360 1541 Haec
2379 1501 2504 1540 cum
2523 1487 2576 1540 in
2595 1484 3175 1540 Animadversionibus
3195 1481 3588 1553 Epiphanianis
3605 1491 3734 1536 ante

2167 1576 2374 1646 aliquot
2427 1591 2601 1632 annos
2653 1577 3027 1632 observassem
3084 1575 3186 1646 (Ad
3255 1575 3402 1628 haer.
3454 1573 3622 1639 XXX,
3671 1591 3730 1629 ιι.

2165 1667 2380 1740 XXXI),
2409 1671 2524 1724 visa
2556 1684 2666 1724 non
2701 1669 2907 1734 nemini
2945 1667 3183 1724 absurda
3229 1683 3316 1723 res
3347 1675 3430 1723 est
3453 1707 3467 1732 ,
3495 1667 3590 1736 qui
3623 1667 3731 1722 faI-

2167 1775 2284 1814 sam
2313 1761 2625 1832 opinionem
2649 1777 2771 1816 esse
2793 1769 3036 1817 nostram
3067 1761 3277 1830 putavit
3309 1775 3473 1830 super
3491 1757 3734 1814 Sabbato

504 1853 812 1923 ingressum
850 1853 906 1907 in
929 1852 1366 1908 dodecatemoria
1399 1865 1594 1910 octavo
1639 1865 1768 1911 ante
1807 1857 2068 1913 cardines
2099 1855 2142 1914 B
2169 1853 2573 1923 deuteroproto.
2621 1853 2777 1920 Quod
2809 1869 2933 1908 cum
2963 1853 3240 1924 Scaligero
3265 1854 3400 1908 illud
3437 1869 3560 1910 esse
3591 1851 3734 1909 Sab-

505 1945 594 2000 die
624 1945 1062 2015 repraesentabat.
1099 1943 1169 2000 Ut
1208 1945 1372 2015 igitur
1393 1948 1448 2000 in
1485 1945 1724 2000 Taurum
1757 1949 1948 2004 subeat
1981 1952 2064 2003 sol

503 2055 599 2094 xm
629 2039 896 2093 Kalendas
929 2037 1119 2103 Maias,
1169 2039 1381 2094 decima
1428 2055 1555 2110 pars
1607 2041 1728 2111 ejus
1781 2044 1838 2096 in
1873 2061 1924 2099 IV
1958 2043 2066 2098 Ka-

506 2131 694 2186 lendas
723 2131 928 2186 incidet
961 2147 978 2185 :
1011 2147 1120 2200 quo
1156 2132 1242 2186 die
1279 2131 1607 2190 Ptolemaeus
1653 2133 1841 2190 Graece
1884 2149 1916 2190 a
1966 2152 2067 2190 no-

503 2223 589 2279 bis
621 2224 866 2292 vulgatus
907 2237 1166 2278 occasum
1196 2223 1362 2280 Canis
1389 2224 1689 2281 adnotavit.
1722 2225 1944 2282 Tabulae
1977 2243 2068 2282 no-

504 2321 633 2368 strai
681 2313 952 2367 heliacum
988 2327 1245 2368 occasum
1304 2313 1434 2369 Sirii
1481 2315 1715 2371 reddunt
1771 2315 1959 2373 Romae
2010 2319 2066 2374 in

503 2407 673 2478 gradu
697 2405 862 2460 Tauri
904 2405 960 2471 5,
993 2405 1056 2460 51
1071 2411 1106 2461 ’.
1147 2403 1320 2472 Quem
1355 2407 1436 2462 sol
1486 2407 1668 2462 adibat
1703 2406 1838 2463 Julii
1885 2409 2068 2466 Cresa-

503 2500 584 2553 ris
618 2504 781 2552 aetate
811 2497 974 2552 tertio
1025 2497 1245 2552 circiter
1293 2495 1568 2554 Kalendas
1606 2497 1797 2554 Maias.
1856 2498 2068 2556 Plinius

503 2589 758 2659 vero,qui
787 2604 860 2643 vn
889 2587 1158 2644 Kalendas
1199 2589 1497 2658 adnotavit,
1527 2606 1593 2646 ex
1627 2591 2068 2656 ὲπικαταδύσεως

503 2682 830 2752 φαινομένης
885 2681 1094 2736 ratione
1147 2681 1432 2735 conciliari
1469 2689 1667 2752 potest.
1725 2683 1861 2738 Nam
1923 2685 2069 2742 illius

505 2772 711 2826 laxiora
734 2773 908 2826 solent
933 2787 1055 2827 esse
1077 2773 1268 2843 spatia,
1287 2781 1345 2826 ut
1365 2787 1530 2845 supra
1551 2773 2064 2834 demonstravimus.

504 2861 765 2918 Geminus
812 2863 890 2916 ait
931 2863 1132 2918 Canem
1173 2865 1495 2920 Euctemoni
1547 2863 1602 2919 in
1643 2867 1870 2922 secundi
1900 2866 2067 2923 Tauri

504 2961 682 3024 parte,
733 2953 956 3010 Eudoxo
990 2955 1048 3010 in
1079 2965 1271 3025 quarta
1300 2956 1486 3012 celari.

1082 3067 1310 3124 CAPUT
1362 3068 1475 3124 XII.

503 3181 580 3237 Ds
606 3193 830 3252 tempore
851 3183 1035 3254 messis
1057 3185 1110 3238 in
1139 3182 1375 3254 (Egyplof
1397 3195 1448 3254 et
1475 3185 1768 3240 Palmtina
1803 3202 1868 3240 ea:
1911 3202 2066 3240 occa-

571 3257 715 3308 sione
734 3265 880 3307 ortus
905 3253 1184 3324 Pleiadum
1207 3269 1224 3317 ;
1253 3253 1316 3307 ac
1343 3253 1406 3308 de
1419 3253 1649 3310 Sabbato
1674 3257 2065 3324 deuteroproto;

571 3324 723 3391 cujus
776 3325 914 3377 ratio
971 3324 1024 3376 in
1082 3323 1462 3392 Epiphanianis
1513 3323 2066 3380 Animadversiouibus

572 3394 772 3447 tradita
819 3393 1149 3465 defenditur,
1194 3404 1478 3465 contraque
1541 3411 1658 3450 eam
1705 3397 1908 3464 objecta
1957 3397 2067 3450 sol-

570 3474 780 3518 buntur.
825 3463 1037 3516 Primus
1087 3465 1279 3517 mensis
1323 3463 1400 3517 ab‘
1427 3463 1662 3519 Hebr-mis
1694 3463 1775 3519 ad,
1813 3481 2068 3520 novarum

571 3535 784 3607 frugum
810 3543 1008 3607 tempus
1036 3534 1488 3607 accommodatus.
1526 3533 1817 3607 Maturitas
1853 3535 2068 3607 frugum

571 3601 782 3670 duplex.
816 3601 990 3656 Marci
1033 3605 1366 3674 evangetistw
1397 3605 1543 3659 locus
1572 3601 1906 3662 illustratur.

572 3713 765 3768 Mirum
801 3714 1152 3784 quibusdam,
1183 3731 1282 3770 nec
1318 3717 1454 3773 satis
1479 3717 1741 3773 credibile
1761 3733 1936 3772 Visum
1962 3727 2067 3784 est,

499 3805 646 3876 quod
672 3819 738 3860 ex
773 3803 996 3874 Hesiodi
1045 3813 1102 3859 et
1137 3806 1371 3861 aliorum
1415 3807 1772 3877 antiquorum
1809 3807 2071 3863 testifica—

503 3897 649 3950 tione
695 3903 931 3959 constat,
969 3895 1072 3951 sub
1099 3909 1348 3952 exortum
1379 3897 1743 3968 Vergiliarum
1776 3901 2066 3970 tempesti-

501 4001 623 4042 vam
655 3987 710 4041 in
737 3985 946 4040 Graecia
987 4001 1220 4043 messem
1261 3987 1451 4045 fuisse.
1485 3989 1624 4046 Nam
1661 3992 1878 4046 illarum
1915 4001 2070 4050 ortus

501 4079 747 4135 heliacus
799 4081 852 4133 in
886 4095 1030 4135 anno
1066 4077 1285 4136 Iuliano
1315 4083 1490 4151 primo
1543 4083 1731 4140 Romae
1777 4085 1958 4142 factus
1985 4094 2066 4142 es'

500 4171 787 4228 Tauronos
827 4188 1020 4239 xxvnt,
1047 4173 1141 4244 qui
1177 4173 1232 4226 in
1265 4174 1387 4227 Maii
1418 4191 1508 4230 χιιι
1539 4177 1686 4230 diem
1718 4177 1980 4244 cadebat;
2015 4179 2068 4234 in

499 4264 735 4336 Egypto
769 4280 920 4326 vero.
952 4263 1244 4321 Tauronos
1275 4281 1389 4330 xm,
1429 4265 1556 4321 Maii
1599 4283 1711 4324 xiv.
1754 4268 2070 4324 Atﬂesiodi

501 4365 742 4424 tempore
785 4357 1054 4412 maturius
1107 4357 1288 4411 adhuc
1338 4365 1494 4414 ortus
1533 4359 1624 4414 ille
1656 4359 1839 4414 fiebat.
1875 4359 1981 4416 Sed
2013 4369 2071 4414 ut

499 4447 568 4503 de
600 4445 810 4502 Graecia
841 4449 1024 4512 modo,
1054 4455 1108 4504 et
1141 4433 1294 4503 Italia
1327 4449 1466 4504 nihil
1487 4451 1664 4505 dicam
1691 4491 1706 4517 ,
1750 4452 1806 4506 in
1835 4451 2069 4524 Egypto

501 4555 635 4597 sane
685 4555 750 4595 ac
796 4539 1084 4596 Palaestina
1117 4541 1278 4612 longe
1329 4551 1456 4598 ante
1493 4543 1768 4598 heliacum
1803 4517 2062 4614 Vergil-ia-
2095 4545 2148 4605 1)
2171 4517 2346 4614 ⁰ί¹ξ¹⁰⁵
2388 4533 2401 4569 ³

501 4647 622 4687 rum
652 4637 901 4686 exortum
953 4647 1188 4687 messem
1236 4633 1685 4702 auspicabantur.
1739 4631 1874 4688 Nam
1918 4633 1958 4686 Τ
1967 4636 2060 4689 hec

505 4723 560 4777 in
585 4722 992 4780 commentariis
1017 4720 1086 4776 ad
1109 4723 1332 4777 Aratum
1359 4725 1514 4780 testis
1535 4733 1639 4788 est,
1667 4725 1872 4780 mensis
1897 4723 2042 4780 Phar

503 4812 676 4866 muthi
705 4827 812 4866 xxv
853 4811 962 4876 die,
1002 4813 1096 4882 qui
1125 4813 1330 4882 Aprilis
1375 4829 1446 4866 xx
1480 4815 1796 4884 respondet,
1837 4815 2064 4869 orienti-

503 4905 605 4958 bus
631 4901 885 4972 Vergiliis
911 4903 1106 4958 messis
1129 4902 1184 4956 in
1217 4901 1451 4974 IEgypto
1479 4909 1693 4974 tempus
1722 4919 1863 4960 esse.
1906 4905 1972 4958 Et
2001 4905 2071 4960 de

502 4996 744 5051 cosmico
765 5011 862 5051 seu
893 5011 1042 5061 vero,
1069 5013 1179 5052 non
1220 4997 1430 5054 heliaco
1456 5005 1652 5054 exortu
1685 5000 1948 5070 loquitur,
1974 5001 2064 5070 qui

501 5087 742 5144 Theonis
787 5090 988 5143 saeculo
1037 5089 1183 5144 circa
1221 5091 1354 5145 illud
1401 5099 1613 5160 tempus
1643 5093 1860 5146 accidit.
1913 5093 2064 5159 Quod

503 5197 568 5235 ne
617 5181 742 5251 quis
795 5189 994 5236 vanum
1035 5183 1329 5248 existimet,
1361 5183 1677 5254 Egyptium
1715 5185 1944 5240 alterum
1989 5187 2058 5240 ci-

502 5273 628 5327 tabo
686 5273 866 5342 priore
921 5273 1016 5328 illo
1075 5273 1248 5345 magis
1313 5275 1478 5330 etiam
1521 5275 1778 5331 idoneum
1829 5285 2064 5344 testem;

501 5359 559 5414 S.
579 5357 842 5415 Isidorutn
875 5361 1342 5434 Pelusiotam,qui
1377 5365 1474 5419 lib.
1507 5364 1593 5428 Ill,
1623 5368 1783 5436 epist.
1807 5367 1907 5422 IIO
1931 5370 2069 5423 scri-

503 5451 581 5504 bit
613 5452 718 5507 sub
747 5451 801 5505 id
829 5461 1067 5523 tempus,
1100 5469 1210 5524 quo
1239 5455 1411 5510 Judaei
1447 5455 1658 5512 Pascha
1691 5460 2064 5524 celebrabant,

501 5536 684 5595 spicas
729 5536 842 5606 jam
875 5548 1120 5595 maturas
1149 5543 1218 5596 ad
1237 5559 1470 5598 messem
1497 5546 1691 5602 videri.
1751 5549 1838 5602 Ἐν
1873 5550 2067 5620 ἐκείνῳ

500 5626 608 5692 γὰρ
642 5625 721 5696 τῷ
751 5629 926 5698 καιρῷ
953 5631 1096 5700 μόνῳ
1137 5633 1546 5704 καρηϐαροῦσιν
1569 5638 1616 5686 οἱ
1655 5635 1941 5706 ἀστάχυες,
1973 5637 2064 5690 καὶ

498 5718 773 5770 ιέκλινται
803 5721 907 5772 ὑπὸ
953 5721 1046 5773 τοῦ
1095 5723 1327 5792 καρποῦ,
1369 5727 1460 5778 καὶ
1501 5725 1599 5794 τῆς
1666 5727 1802 5798 πρὸς
1859 5728 2062 5797 ἄμητον

497 5809 666 5888 ὥρας,
706 5811 866 5863 οἱονεὶ
907 5812 1003 5883 τὴν
1058 5813 1330 5885 δρεπάνην
1363 5817 1446 5884 ἐφ’
1480 5817 1707 5881 ἑαυτοὺς
1741 5818 2062 5889 ,καλοῦντες

2167 1945 2356 1998 batum
2387 1945 2751 2014 ostendimus,
2789 1946 2936 2018 quod
2969 1947 3204 2016 primum
3235 1955 3320 2002 est
3349 1947 3458 2000 ἀπὸ
3488 1948 3586 2018 τῆς
3613 1947 3735 2002 δευ-

2165 2038 2328 2108 τέρας
2359 2039 2452 2092 τοῦ
2489 2041 2698 2111 Πάσχα,
2735 2041 2790 2096 in
2821 2053 2928 2110 qua
2967 2039 3276 2110 manipulus
3307 2055 3573 2095 novarum
3619 2041 3735 2096 fru-

2165 2147 2293 2202 gum
2324 2133 2510 2188 offerri
2556 2143 2938 2190 consueverat.
2979 2131 3098 2198 Quo
3133 2133 3296 2187 etiam
3354 2134 3407 2186 in
3459 2136 3578 2188 loco
3607 2150 3736 2190 sen-

2167 2223 2390 2277 tentiam
2450 2224 2600 2278 illam
2662 2224 3066 2294 redarguimus,
3119 2239 3242 2294 quae
3290 2223 3589 2280 Sabbatum
3647 2241 3736 2281 se-

2166 2313 2638 2384 cundo-primum
2689 2315 2811 2371 ideo
2866 2313 3226 2369 Pentecosten
3271 2329 3395 2370 esse
3451 2313 3734 2378 malebat,

2161 2402 2426 2472 quoniam
2457 2413 2682 2458 matura:
2715 2412 2846 2458 tunc
2873 2411 3029 2459 erant
3057 2403 3244 2472 spicae,
3277 2409 3336 2456 ut
3373 2417 3467 2458 eas
3501 2403 3734 2472 apostoli

2169 2495 2410 2550 Sabbato
2434 2495 2528 2549 illo
2555 2495 2945 2552 confricarent.
2996 2495 3112 2552 Sub
3143 2495 3358 2550 initium
3389 2503 3572 2550 autem
3605 2511 3736 2565 azy-

2167 2603 2380 2642 morum
2427 2595 2654 2643 maturte
2699 2603 2826 2645 esse
2861 2603 2970 2644 non
3003 2596 3255 2658 poterant
3291 2588 3732 2659 quandoquidem

2169 2679 2626 2750 quinquagesimo
2671 2679 2799 2736 inde
2841 2681 2930 2736 die
2959 2681 3066 2736 falx
3104 2683 3334 2751 primum
3392 2681 3728 2736 mittebatur.

2171 2771 2293 2826 llaec
2347 2788 2458 2828 non
2513 2773 2652 2828 falsa
2679 2774 2854 2829 solum
2889 2789 3047 2838 esse,
3104 2773 3200 2830 sed
3245 2775 3408 2829 etiam
3456 2775 3734 2828 contraria

2171 2863 2466 2934 Scriptura
2521 2863 3041 2918 demonstravimus.
3094 2861 3264 2933 Negat
3313 2877 3444 2917 vero
3499 2862 3735 2930 scriptor

2171 2957 2262 3012 ille
2313 2971 2578 3025 nuperus,
2625 2963 2679 3012 et
2711 2954 3026 3010 damnatam
3077 2954 3188 3008 illic
3220 2968 3271 3023 ‘a
3323 2953 3480 3008 nobis
3515 2959 3737 3008 senten-

2165 3048 2298 3101 tiam
2327 3047 2470 3102 tueri
2525 3047 2724 3117 pergit,
2785 3060 2850 3102 ac
2913 3046 3104 3101 mirari
3137 3061 3196 3100 se
3231 3045 3386 3110 dicit,
3415 3059 3534 3100 eam
3587 3044 3737 3097 velut

2173 3139 2470 3209 Scriptura:
2515 3139 2856 3194 contrariam
2889 3154 3010 3194 esse
3058 3137 3336 3206 reiectam.
3367 3137 3470 3191 Cui
3515 3135 3735 3206 quidem

2093 3215 2138 3274 ο
2171 3233 2252 3288 sic
2289 3232 2392 3286 hoc
2433 3233 2556 3287 Ioco
2605 3231 2940 3287 satisfaciam
2967 3270 2981 3294 ,
3019 3239 3079 3285 ut
3107 3231 3175 3285 de
3223 3231 3420 3286 messis
3470 3236 3734 3299 tempore,

2169 3323 2317 3394 quod
2355 3337 2650 3392 coeperam,
2687 3323 2904 3394 plenius
2923 3330 3090 3392 atque
3127 3321 3350 3376 u'berius
3381 3320 3669 3390 explicem.

2237 3416 2408 3486 Igitur
2433 3416 2527 3486 qui
2559 3424 2782 3486 propter
2807 3416 2991 3470 vulsas
3037 3413 3105 3468 ab
3139 3397 3404 3482 apostolis
3437 3419 3492 3466 et
3529 3409 3739 3468 confri-

2169 3520 2323 3566 catas
2369 3517 2580 3579 segetes
2627 3509 2898 3579 negabant
2949 3506 3245 3562 Sabbatum
3309 3505 3736 3573 deuteroproton

2169 3617 2340 3656 unum
2379 3601 2688 3670 quempiam
2745 3614 2812 3654 ex
2859 3611 3170 3667 azymorum
3221 3610 3343 3651 esse
3391 3594 3624 3662 diebus;
3681 3594 3737 3648 in

2168 3689 2316 3762 quod
2368 3690 2618 3761 plerique
2661 3689 3032 3753 consentiunt,
3084 3701 3169 3752 ea,
3207 3699 3370 3754 quam
3401 3685 3740 3755 oppugnavi-

2169 3799 2314 3848 mus,
2345 3783 2560 3838 ratione
2602 3781 2946 3847 nitebantur;
2995 3779 3140 3850 quod
3185 3795 3252 3832 xv
3287 3777 3376 3832 die
3413 3775 3600 3840 Nisan,
3644 3782 3740 3828 aut

2171 3890 2242 3928 xx
2279 3872 2458 3928 Martii
2495 3879 2724 3928 maturas
2753 3887 2875 3928 esse
2905 3871 3070 3941 spicae
3097 3885 3206 3924 non
3233 3877 3504 3940 poterant.
3552 3886 3570 3918 ‹
3603 3866 3738 3921 Nam

2170 3963 2408 4026 festum,
2483 3961 2780 4033 inquiunt,
2873 3961 3273 4031 primitivorum
3359 3959 3742 4014 celebrabatur

2167 4055 2627 4126 quinquagesimo
2655 4055 2743 4110 die
2791 4063 2914 4125 post
2947 4053 3156 4110 Pascha
3187 4073 3200 4108 :
3237 4053 3616 4108 celebrabatur
3641 4066 3741 4104 au-

2169 4157 2278 4202 tem
2309 4148 2470 4203 sin‘ml
2505 4155 2668 4217 atque
2723 4149 2898 4218 prima
2929 4145 3037 4200 falx
3087 4146 3142 4200 in
3193 4161 3428 4200 messem
3489 4145 3742 4198 mitteba-

2171 4247 2278 4293 tur.
2323 4238 2440 4294 Non
2470 4253 2602 4309 ergo
2632 4244 2886 4308 poterant
2927 4238 2982 4294 in
3026 4235 3166 4292 festo
3198 4250 3534 4307 azymorum,
3571 4234 3624 4288 id
3655 4244 3742 4290 est

2169 4331 2560 4401 quinquaginta
2605 4337 2731 4385 ante
2762 4329 2973 4398 diebus,
3007 4337 3215 4400 segetes
3255 4343 3378 4383 esse
3435 4333 3682 4380 maturae.
3713 4343 3734 4377 ι

2171 4424 2370 4478 Contra
2401 4423 2542 4478 hanc
2575 4437 2642 4478 ex
2681 4423 2860 4492 capite
2888 4421 3062 4476 Levit.
3113 4417 3301 4482 XXIII,
3333 4418 3368 4472 2
3416 4418 3562 4474 istud
3589 4419 3743 4488 obje-

2388 4533 2401 4569 :
2457 4529 2725 4571 novarum
2796 4512 3016 4583 frugum
3051 4503 3054 4506 ’
3086 4513 3426 4583 manipulum
3475 4511 3742 4581 postridie

2175 4607 2362 4676 prima:
2407 4620 2720 4678 azymorum
2751 4603 2992 4658 oblatum
3033 4602 3231 4670 fuisse;
3283 4601 3512 4674 proinde
3564 4611 3742 4656 matu-

2175 4715 2266 4755 ras
2292 4699 2402 4770 jam
2434 4699 2606 4755 fuisse
2633 4707 2862 4768 segetes.
2893 4696 3084 4768 Neque
3122 4713 3254 4752 vero
3284 4695 3744 4766 quinquagesimo

2175 4801 2298 4862 post
2335 4792 2424 4847 die
2453 4805 2624 4847 novas
2652 4791 2838 4862 fruges
2863 4833 2879 4858 ,
2921 4789 3016 4846 sed
3053 4805 3120 4845 ex
3159 4791 3314 4846 novis
3351 4787 3602 4860 frugibus
3635 4789 3768 4858 pri-‘

2169 4884 2448 4944 mitiarum
2479 4899 2650 4954 panes
2684 4889 3099 4954 repraesentatos
3137 4897 3280 4939 esse.

2241 4975 2312 5029 At
2365 4989 2558 5031 recens
2599 4975 2688 5030 ille
2732 4975 2968 5045 scriptor
3019 4975 3306 5030 adversum
3357 4989 3458 5029 nos
3503 4973 3740 5044 excipit,

2175 5083 2284 5122 non
2319 5069 2501 5137 spicas
2528 5076 2800 5134 maturas,
2838 5068 2934 5126 sed
2972 5067 3151 5122 adhuc
3194 5067 3469 5128 virentes:
3508 5081 3610 5121 nec
3645 5081 3745 5121 eas

2175 5159 2442 5221 triticeas,
2489 5157 2586 5214 sed
2637 5158 2987 5221 hordeaceus,
3016 5157 3226 5213 oblatas
3255 5173 3395 5214 esse.
3459 5175 3478 5207 ι
3537 5155 3742 5222 Quare,

2162 5251 2374 5320 .nquit,
2438 5249 2482 5307 si
2525 5251 2717 5306 diebus
2763 5267 3078 5322 azymorum
3123 5251 3287 5321 spicae
3351 5251 3550 5306 messis
3613 5249 3744 5303 hor-

2174 5341 2406 5404 deaceae,
2439 5357 2560 5411 qua:
2607 5349 2742 5396 tunc
2781 5341 3182 5408 offerebantur,
3237 5341 3416 5395 adhuc
3457 5341 3741 5406 virebant,

2159 5433 2379 5501 .optime
2441 5431 2711 5494 infertur,
2785 5434 3065 5500 triticum,
3125 5433 3272 5503 quod
3325 5433 3506 5488 serius
3562 5441 3744 5486 matu-

2159 5525 2361 5587 ireScit,
2409 5525 2650 5579 nondum
2699 5533 2828 5578 tunc
2883 5526 3146 5596 temporis
3189 5525 3435 5594 potuisse
3465 5539 3590 5580 esse
3627 5539 3744 5577 ma-

2161 5621 2378 5667 turum.
2415 5633 2434 5666 ι

2199 5713 2208 5720 ’
2243 5729 2444 5784 Verum
2477 5745 2588 5784 non
2621 5731 2950 5788 hordeaceus
2983 5735 3157 5788 solum
3188 5775 3204 5799 ,
3246 5735 3340 5788 sed
3383 5734 3546 5789 etiam
3605 5733 3742 5786 triti-

2174 5837 2297 5877 ceas
2317 5835 2526 5902 messes
2543 5817 2678 5904 sub
2694 5839 3010 5904 azymorum
3031 5817 3274 5906 tempus
3301 5835 3542 5882 maturas
3575 5825 3744 5881 inter-
