4124 6418
435 450 460 504 1
472 449 576 506 395

1247 448 1697 506 DISSERTATIO
1735 450 1823 506 DE
1863 449 2050 505 ORTU
2092 449 2178 504 ET
2211 449 2480 506 OCCASU
2524 450 2846 509 SIDERUM‘.

3540 459 3677 516 1391

433 561 564 616 dum
599 559 792 626 fuisse,
827 561 872 618 si
904 561 1202 632 Scriptura:
1245 563 1404 617 fidem
1449 564 1737 629 habemus,
1782 581 2008 622 necesse
2035 571 2080 626 Α
2108 581 2218 636 quo
2258 581 2455 635 passus
2490 575 2573 622 est
2599 567 2872 631 Christus,
2902 582 3086 623 mense
3134 569 3347 639 integro
3388 571 3547 629 cilius
3569 575 3677 628 Pa-

431 659 519 708 est
571 652 814 707 credere.
862 653 998 708 Nam
1028 652 1253 707 Levitici
1298 654 1467 708 XXIII
1533 655 1586 709 id
1628 672 1736 710 non
1773 658 2010 712 obscure

434 742 696 796 declarat.
732 741 830 796 Ubi
865 751 1154 813 postquam
1187 753 1458 798 commate
1485 747 1552 799 10
1584 749 1836 818 przecepit
1862 748 2010 820 Moy-

2110 657 2242 711 scha
2268 657 2599 711 celebratum
2629 667 2734 713 est.

2179 747 2446 802 Praeterea
2488 747 2769 802 sciendum
2818 757 2926 811 est,
2977 749 3314 805 maturitatis
3344 749 3398 805 in
3429 749 3678 821 frugibus

435 850 548 898 ses,
579 843 636 888 ut
667 843 791 906 post
825 837 1134 891 demessam
1162 845 1400 907 segetem
1447 839 1722 908 spicarum
1755 841 2010 908 manipu-
2108 838 2334 908 gradum
2365 854 2489 893 esse
2529 839 2820 908 duplicem.
2850 841 2958 892 Aut
2989 841 3137 895 enim
3161 851 3374 895 matura
3398 857 3553 912 seges
3596 854 3680 900 cst

438 927 543 988 los,
574 934 628 979 et
657 927 928 996 primitias
955 926 1237 993 offerrent,
1273 928 1498 997 subjicit
1526 945 1667 984 com.
1711 931 1778 985 15
1811 949 1825 984 :
1857 950 1874 982 ι
1905 930 2010 985 Pa-

440 1033 604 1085 nem,
631 1025 685 1073 et
715 1019 1012 1088 polentam,
1047 1027 1101 1073 et
1143 1021 1322 1089 pultes
1354 1036 1462 1074 non
1489 1021 1790 1078 comedetis
1821 1038 1886 1078 ex
1925 1039 2012 1078 se-

439 1117 580 1179 gete,
613 1125 786 1178 usque
817 1111 884 1164 ad
919 1111 1063 1166 diem
1112 1127 1220 1181 qua
1270 1111 1510 1167 offeratis
1544 1130 1608 1167 ex
1655 1129 1719 1168 ea
1757 1113 1869 1170 Deo
1918 1131 2013 1170 ve-

441 1210 578 1257 stro.
616 1222 634 1254 ι
671 1201 729 1257 Si
768 1219 1049 1275 nunquam
1110 1213 1358 1260 maturae.
1405 1206 1568 1260 etiam
1601 1206 1667 1260 ad
1701 1206 2011 1262 confrican-

438 1293 591 1359 dum,
630 1305 842 1362 segetes
887 1305 1044 1351 erant
1098 1313 1414 1368 azymorum
1470 1307 1752 1369 tempore,
1808 1300 2013 1354 frustra

439 1384 508 1439 de
539 1385 791 1454 panificio
808 1399 1112 1451 caveretur,
1141 1403 1208 1443 ne
1238 1397 1365 1444 ante
1396 1390 1636 1444 oblatum
1662 1389 1825 1446 Omer
1854 1392 2018 1460 panis

437 1490 510 1530 ex
560 1477 714 1530 novis
753 1476 996 1548 frugibus
1041 1479 1211 1534 ﬁeret.
1266 1479 1451 1551 Itaque
1505 1491 1830 1552 argumento
1880 1485 2012 1539 illud

440 1576 548 1628 est.
575 1568 742 1622 etiam
777 1570 1024 1623 triticum
1058 1571 1354 1641 aliquando
1383 1582 1655 1627 maturum
1691 1574 1879 1629 fuisse.
1905 1575 2012 1630 Sed

439 1673 658 1713 omnem
718 1661 1080 1728 pervicaciam
1141 1665 1384 1718 retundit
1435 1665 1592 1718 aditae
1638 1665 1707 1719 ab
1754 1666 2015 1719 Israelitis

444 1747 766 1814 Palaestinae,
827 1766 891 1807 ac
932 1753 1240 1809 transmissi
1296 1753 1554 1810 Iordanis
1599 1757 1848 1821 historia,
1897 1773 2018 1826 quae

439 1835 609 1894 Josue
642 1854 765 1909 cap.
803 1838 870 1894 IIl
901 1850 960 1896 et
993 1843 1352 1912 sequentibus
1386 1845 1721 1900 continetur.

517 1973 878 2031 Transierunt
930 1978 1075 2032 enim
1128 1977 1422 2033 Iordanem
1489 1986 1733 2049 tempore
1797 1982 2011 2036 messis.

450 2087 474 2117 ε
503 2065 758 2124 Iordanis
813 2077 992 2124 autem
1049 2069 1250 2140 (inquit
1294 2086 1441 2125 vers.
1487 2072 1683 2141 capitis
1728 2073 1895 2142 tertii)
1935 2073 2014 2125 ri-

447 2173 546 2226 pas
600 2159 735 2214 alvei
782 2161 865 2214 sui
918 2168 1158 2229 tempore
1210 2163 1407 2216 messis
1441 2162 1781 2232 impleverat.
1822 2182 1839 2214 ι
1898 2163 2017 2228 Quo

446 2247 773 2301 transmisso
819 2247 1134 2302 circumcisi
1165 2259 1313 2312 sunt,
1358 2256 1413 2302 et
1446 2251 1766 2320 aliquandiu
1811 2250 2017 2306 substi-

446 2344 662 2399 terunt,
708 2337 882 2392 donec
930 2339 1154 2392 vulnera
1208 2348 1569 2404 sanarentur;
1611 2340 1756 2411 (cap.
1827 2339 1910 2404 V,
1961 2341 2018 2410 8)

446 2437 632 2497 postea
665 2426 872 2482 Pascha
899 2429 1260 2492 celebrarunt,
1288 2448 1306 2480 ι
1326 2439 1519 2498 quarta
1539 2430 1747 2485 decima
1765 2430 1852 2485 die
1870 2446 1988 2485 men
2002 2459 2022 2472 -

447 2518 524 2572 sis
554 2517 620 2570 ad
661 2533 968 2588 vesperam.
1007 2538 1026 2570 ι
1066 2517 1219 2573 IIaud
1262 2519 1426 2575 dubie
1455 2536 1522 2575 ex
1566 2519 1734 2576 Mosis
1771 2525 2020 2591 praescri-

447 2617 541 2680 pto
565 2649 582 2675 ,
614 2609 860 2680 adeoque
893 2627 1080 2667 mense
1110 2613 1309 2682 primo.
1361 2612 1522 2666 Addit
1567 2613 1786 2669 eosdem
1835 2630 2020 2670 come-

446 2702 594 2756 disse
628 2701 696 2756 de
734 2702 984 2773 frugibus
1033 2704 1295 2772 postridie
1342 2719 1564 2775 azymos
1614 2721 1782 2775 panes
1827 2712 1880 2761 et
1923 2723 2020 2775 po-

447 2793 678 2861 lentam;
732 2809 797 2848 ac
855 2802 969 2849 tum
1023 2811 1222 2849 manna
1271 2796 1561 2857 defecisse.
1609 2813 1734 2852 cum
1785 2799 2019 2869 primum

450 2883 694 2954 frugibus
732 2885 890 2940 novis
945 2885 1266 2942 Chananzea:
1325 2888 1474 2961 vesci
1528 2896 1834 2958 coeperunt.
1884 2888 2018 2956 Quis

453 2983 521 3024 c:
570 2983 638 3023 eo
676 2984 785 3023 non
831 2969 998 3032 videt,
1057 2987 1165 3026 non
1196 2973 1359 3026 modo
1388 2980 1629 3028 maturas
1657 2974 1724 3029 ad
1757 2975 2018 3030 vellican-

448 3057 576 3113 dum
602 3069 811 3130 segetes
849 3076 1034 3116 mense
1069 3064 1243 3132 primo
1272 3063 1462 3128 fuisse,
1505 3063 1600 3120 sed
1625 3066 1788 3119 etiam
1814 3068 1882 3122 ad
1919 3083 2017 3136 pa-

449 3167 574 3206 nem
608 3167 670 3206 ex
705 3151 812 3208 illis
864 3151 1214 3208 faciendum?
1253 3155 1407 3210 Adde
1449 3157 1655 3211 mensis
1695 3158 1868 3228 ipsius
1917 3173 2017 3213 vo-

449 3242 728 3306 cabulum,
765 3244 910 3314 quod
953 3244 1095 3300 Abib
1144 3255 1429 3316 propterea
1483 3245 1692 3302 dictum
1743 3257 1846 3313 cst,
1905 3241 2086 3306 siveC

448 3349 736 3398 novorum,
772 3336 842 3390 ob
871 3351 1040 3391 novas
1086 3339 1274 3406 utique
1317 3336 1522 3408 fruges.
1572 3337 1727 3393 Adde
1776 3337 2018 3397 Theonis

449 3433 506 3481 et
551 3426 744 3481 Isidori
789 3424 1080 3482 Pelusiota:
1133 3427 1249 3480 loca
1284 3427 1398 3493 illa,
1453 3443 1573 3497 qua:
1625 3428 1783 3482 initio
1823 3430 2019 3499 capitis

451 3517 796 3584 adduximus,
843 3533 911 3573 ex
961 3519 1159 3588 quibus
1194 3526 1439 3589 apparet,
1498 3503 1715 3574 tam°iu
1755 3519 2016 3592 zEgypto,

449 3622 615 3676 quam
646 3609 700 3661 in
735 3607 1025 3663 Palaestina
1055 3610 1250 3664 messis
1285 3618 1415 3663 tunc
1441 3611 1673 3680 coepisse
1711 3619 1946 3682 tempus.

522 3737 592 3795 Ut
646 3747 828 3794 autem
875 3756 964 3796 res
1010 3741 1314 3797 illustretur
1362 3744 1572 3812 magis;
1624 3744 1734 3800 duo
1773 3747 2018 3815 quaedam

449 3827 804 3896 proponenda
855 3837 1000 3883 sunt.
1046 3829 1312 3894 Alterum,
1345 3847 1586 3888 mensem
1621 3835 1877 3902 primum,
1923 3853 2022 3892 seu

450 3931 754 3984 novorum,
805 3920 1031 3976 minime
1083 3923 1224 3991 apud
1291 3921 1509 3980 Judeos
1556 3905 1768 3981 veteres
1819 3934 2019 3983 statum

450 4007 642 4077 fuisse,
668 4024 732 4065 ac
761 4019 912 4066 certo
935 4021 1176 4082 tempore
1205 4013 1460 4069 deﬁxum.
1489 4016 1849 4086 Namjdocent
1900 4035 2020 4073 ma-

450 4101 630 4172 gistri,
680 4117 804 4157 cum
860 4104 1109 4174 pluribus
1139 4105 1266 4161 aliis
1307 4106 1373 4161 de
1405 4109 1589 4163 causis
1623 4105 1855 4178 proferri
1885 4125 2019 4166 con-

453 4193 699 4250 suevisse
725 4210 967 4251 mensem
999 4196 1151 4251 illum
1171 4238 1186 4263 ,
1229 4205 1291 4253 et.
1326 4197 1741 4256 intercalatioue
1797 4201 2021 4258 submo-

452 4286 563 4339 veri
591 4303 605 4350 ;
638 4294 751 4339 tum
795 4287 865 4342 ob
891 4286 1076 4357 fruges
1107 4304 1278 4345 novas
1321 4290 1564 4344 nondum
1606 4291 1845 4348 adultas.
1901 4291 2020 4358 Qua

451 4375 520 4431 de
547 4391 608 4431 re
645 4376 766 4432 fuse
797 4378 978 4447 agitur
1021 4380 1075 4432 in
1109 4378 1446 4436 Talmudicis
1484 4379 1741 4452 Digestis,
1793 4390 1847 4437 et
1875 4383 2018 4451 apud

453 4469 520 4523 Β.
565 4469 768 4526 Mosem
809 4470 1196 4526 Maimonidcn.
1257 4471 1394 4526 Tum
1437 4473 1589 4528 Abeu
1629 4472 1765 4528 Ezra
1797 4475 1852 4528 in
1896 4489 2016 4545 cap.

2111 929 2178 982 ad
2206 928 2395 984 falcem
2425 949 2438 984 :
2483 931 2625 1000 quod
2657 940 2874 1002 tempus
2919 932 3137 988 Marcus
3165 937 3500 1004 evangelista
3555 953 3678 1008 cap.

2113 1018 2201 1084 IV,
2238 1020 2308 1074 29
2350 1019 2604 1075 obscuris
2663 1022 2843 1076 verbis
2874 1021 3099 1085 indicat,
3143 1038 3262 1091 quae
3293 1024 3467 1078 obiter
3512 1025 3683 1092 expli-

2112 1112 2286 1166 canda
2336 1112 2695 1165 ευιιῑεὌταν
2740 1112 2796 1165 δὲ
2843 1111 3070 1182 παραδῷ
3123 1114 3151 1166 ὁ
3184 1111 3415 1183 καρπὸς,
3481 1113 3684 1176 εὐθέως

2111 1203 2425 1256 ἀποστέλλει
2451 1203 2509 1256 τὸ
2535 1203 2817 1274 δρέπανον.
2862 1201 3035 1274 Vulgo
3077 1204 3156 1259 sic
3183 1205 3478 1274 accipiunt,
3527 1207 3684 1275 quasi

2116 1295 2364 1366 παραδῷ,
2413 1297 2505 1359 sit,
2563 1313 2581 1347 ι
2623 1295 2922 1365 prodiderit
2955 1311 3032 1356 se.
3069 1314 3087 1347 ι
3138 1303 3192 1350 et
3221 1296 3469 1352 absolute
3498 1313 3685 1352 suma-

2115 1396 2246 1441 tur:
2297 1385 2442 1456 quod
2487 1393 2570 1440 est
2604 1385 3144 1443 inusitatum.Malim
3195 1387 3274 1441 sic
3316 1387 3682 1457 interpretari,

2120 1496 2138 1528 ι
2177 1494 2300 1532 cum
2351 1478 2699 1548 permiserint
2767 1476 2983 1545 fruges,
3029 1497 3047 1528 ι
3105 1478 3158 1532 id
3208 1486 3313 1543 est,
3368 1494 3491 1532 cum
3527 1480 3683 1549 plena

2119 1567 2438 1622 maturitate
2482 1581 2754 1622 messores
2799 1567 3034 1621 invitare
3085 1567 3369 1638 cmperint.
3421 1565 3685 1637 Vulgatus

2117 1658 2389 1729 interpres
2424 1673 2532 1712 non
2565 1667 2675 1712 tam
2709 1659 2870 1712 verba
2903 1673 3064 1728 quam
3105 1659 3431 1713 sententiam
3465 1675 3686 1727 expres-

2116 1751 2206 1804 sit.
2240 1748 2624 1818 Conjecturam
2680 1758 2925 1805 nostram
2968 1751 3191 1820 adjuvat
3219 1749 3683 1821 Theophylactus,

2116 1839 2208 1908 qui
2239 1839 2319 1895 sic
2347 1841 2592 1909 exponit,
2627 1847 2720 1893 aut
2741 1840 2868 1911 legit
2894 1859 2906 1894 :
2937 1841 3072 1902 ὅταν,
3086 1839 3140 1892 δὲ
3170 1838 3395 1910 παραδῷ
3419 1838 3478 1891 τὸ
3510 1839 3683 1910 Θέρος.

2115 1929 2292 1996 Quod,
2330 1931 2436 1985 nisi
2471 1939 2528 1984 ut
2559 1945 2660 1985 nos
2698 1929 2950 1997 fecimus,
2979 1930 3253 2000 explicare
3285 1944 3546 2002 nequeas.
3579 1929 3690 1984 Aut

2117 2022 2283 2091 igitur
2312 2022 2470 2091 plena
2502 2023 2558 2075 in
2609 2021 2858 2092 frugibus
2905 2023 3192 2076 maturitas
3235 2021 3341 2076 ista
3373 2029 3684 2091 spectatur;

2117 2125 2211 2166 aut
2244 2112 2420 2166 adhuc
2445 2112 2637 2168 viridis
2669 2120 2753 2167 est
2780 2123 2884 2168 tam
2915 2113 3065 2184 spica
3088 2128 3249 2183 quam
3277 2129 3459 2169 semen
3486 2113 3683 2182 ipsum,

2118 2200 2191 2253 ita
2220 2208 2400 2255 tamen
2429 2209 2488 2254 ut
2516 2202 2633 2256 esui
2672 2210 2960 2272 utrumque
2993 2203 3064 2258 sit
3100 2209 3305 2273 aptum,
3337 2217 3401 2257 ac
3443 2202 3688 2257 vellicari

2118 2292 2491 2364 destringique
2538 2295 2732 2364 possit.
2787 2294 2898 2349 Iino
2955 2298 3180 2350 suavius
3229 2304 3316 2350 est
3373 2311 3472 2350 esu
3503 2294 3685 2350 virens

2121 2385 2318 2449 adhuc,
2349 2393 2402 2441 et
2425 2386 2587 2442 molle
2619 2386 2882 2450 triticum,
2912 2403 3074 2456 quam
3116 2386 3406 2450 torridum,
3438 2395 3492 2442 et
3519 2385 3686 2440 messi

2119 2477 2449 2547 proximum.
2488 2477 2546 2531 In
2581 2477 2820 2532 Sabbato
2875 2479 2966 2532 illo
3018 2478 3428 2548 deuterOproto,
3484 2477 3550 2532 de
3579 2492 3688 2548 quo

2120 2584 2298 2622 sermo
2325 2568 2483 2623 nobis
2509 2574 2614 2634 est,
2639 2577 2866 2634 maturae
2894 2583 3002 2622 non
3051 2567 3118 2622 ad
3147 2583 3299 2623 esum
3324 2575 3552 2627 tantum,
3592 2566 3686 2620 sed

2119 2657 2188 2711 ad
2221 2673 2452 2714 messem
2479 2673 2696 2727 quoque
2721 2665 2930 2728 segetes
2965 2657 3204 2712 fuerunt.
3237 2655 3365 2710 Erat
3397 2657 3538 2711 enim
3571 2656 3688 2710 dies

2119 2748 2321 2818 Aprilis
2343 2762 2499 2802 xxm'.
2531 2748 2668 2803 Aliis
2700 2749 3055 2818 temporibus,
3097 2747 3318 2817 quando
3357 2747 3565 2801 Pascha
3604 2747 3687 2799 ci-

2119 2839 2228 2894 tius
2265 2838 2566 2904 accidebat,
2605 2837 2940 2892 hordeaceus
2993 2838 3305 2906 manipulus
3338 2836 3685 2900 offerebatur,

2119 2941 2213 2983 aut
2260 2929 2516 2984 viridium
2557 2929 2734 2982 adhuc
2772 2929 2941 2982 tritici
2968 2929 3262 2998 spicarum.
3305 2927 3494 2983 Utrius
3521 2944 3684 2999 gene-

2118 3021 2196 3077 ris
2236 3022 2406 3092 spicis
2458 3027 2735 3076 constaret
2785 3019 2948 3075 Omer
2994 3021 3279 3089 Scriptura
3330 3035 3439 3073 non
3479 3018 3682 3072 deﬁnit.

2119 3113 2386 3180 Quocirca
2441 3113 2602 3183 justa:
2641 3113 2936 3183 suspicioni
2960 3112 3113 3167 locus
3139 3119 3241 3174 est,
3273 3112 3579 3181 promiscue
3609 3110 3689 3164 al-

2121 3213 2390 3259 terutrum
2432 3202 2615 3258 offerri
2657 3201 2740 3256 fas
2771 3201 2960 3263 fuisse,
2997 3209 3159 3270 prout
3198 3199 3462 3254 utriusvis
3507 3205 3686 3251 matu-

2119 3296 2255 3351 ritas
2297 3296 2352 3350 in
2411 3296 2710 3366 legitimum
2766 3294 2908 3348 diem
2960 3291 3266 3347 incidisset.
3319 3289 3453 3344 Nam
3508 3305 3684 3358 neque

2119 3388 2301 3458 plena,
2334 3395 2388 3441 et
2422 3386 2496 3440 ad
2517 3401 2748 3440 messem
2780 3383 2974 3439 idonea
3001 3382 3292 3438 maturitas
3322 3381 3700 3451 cxspectaba-.

2118 3488 2230 3544 tur,
2289 3493 2466 3548 neque
2515 3483 2696 3530 tamen
2731 3475 2942 3529 lactens
2966 3472 3144 3526 adhuc
3190 3485 3378 3526 semen
3427 3469 3490 3523 ad
3523 3468 3687 3522 Omer

2117 3569 2494 3631 adhibebatur,
2525 3568 2618 3624 sed
2653 3568 2846 3622 saltem
2879 3565 3070 3619 viride.
3117 3563 3187 3616 At
3226 3577 3349 3617 cum
3398 3561 3560 3631 paulo
3603 3561 3683 3613 ci-

2118 3663 2228 3717 tius
2249 3660 2458 3716 Pascha
2489 3661 2846 3729 contingeret,
2878 3671 3041 3727 quam
3082 3653 3148 3710 ad
3181 3654 3508 3710 oblationem
3543 3654 3714 3706 triti-.

2072 3803 2078 3810 .
2118 3767 2249 3806 ceus
2290 3750 2585 3805 fasciculus
2615 3749 2924 3818 comparari
2963 3753 3166 3816 posset,
3215 3745 3542 3801 succidanea
3569 3752 3712 3800 erat;

2119 3842 2315 3898 messis
2339 3842 2665 3906 hordeacea,
2697 3850 2884 3910 utpote
2915 3838 3233 3909 praecocior.

2118 3973 2134 3989 .
2187 3931 2471 3986 Postremo
2495 3946 2604 3985 non
2633 3929 2850 3985 videtur
2874 3927 3229 3983 interdictum
3267 3926 3373 3979 ulla
3429 3925 3543 3996 lege
3589 3923 3688 3979 Ju-

2118 4023 2271 4089 dzeis,
2300 4038 2370 4079 ne
2416 4032 2541 4077 ante
2571 4022 2816 4077 oblatum
2862 4019 3205 4089 manipulum
3248 4031 3481 4072 messem
3536 4016 3686 4071 face—

2119 4124 2261 4180 rent,
2286 4116 2451 4170 etiam
2494 4114 2877 4169 hordeaceam.
2910 4112 3024 4165 Imo
3053 4119 3178 4166 ante
3208 4108 3404 4164 factam
3433 4125 3574 4174 esse,
3605 4110 3687 4162 lo-

2119 4223 2218 4263 cus
2261 4208 2352 4263 ille
2399 4206 2625 4262 Levitici
2653 4203 2840 4270 XXIII,
2876 4203 2960 4267 l0,
3003 4201 3386 4257 demonstrat:
3424 4199 3558 4256 Cum
3605 4202 3690 4254 ίηεξ

2119 4301 2285 4372 gressi
2316 4301 2525 4371 fueritis
2553 4309 2768 4366 terram,
2796 4314 2952 4368 quam
2980 4313 3073 4366 ego
3105 4294 3241 4348 dabo
3261 4292 3426 4355 vobis,
3466 4302 3515 4347 et
3548 4310 3684 4346 mes-

2119 4392 2334 4447 suen'tis
2391 4399 2631 4461 segetem,
2669 4390 2844 4458 feretis
2889 4385 3190 4455 manipulos
3241 4384 3530 4452 spicarum,
3575 4392 3682 4438 etc.

2121 4484 2276 4551 Quod
2309 4494 2490 4538 tamen
2534 4497 2646 4536 non
2682 4487 2969 4550 perpetuo,
3026 4477 3120 4531 sed
3167 4475 3439 4531 interdum
3463 4476 3682 4538 accidit,

452 4558 548 4614 ΧΠ
588 4559 757 4616 Εκοάί
803 4562 1054 4632 Pluribus
1101 4563 1239 4618 idem
1286 4563 1541 4632 explicat»
1593 4564 1686 4619 “bi
1741 4565 1882 4620 ίηῑθῐ·
1913 4566 2018 4620 alia
2049 4577 2094 4632 D
2125 4577 2418 4633 secundum
2471 4593 2530 4630 ea
2585 4589 2706 4646 quae
2755 4573 2920 4645 paulo
2966 4579 3092 4627 ante
3140 4571 3398 4626 diximus.
3447 4569 3592 4624 Idem
3632 4578 3686 4624 et

452 4653 664 4717 scribit,
715 4654 852 4708 nihil
888 4656 956 4709 de
1003 4655 1181 4709 lunari
1230 4669 1417 4711 mense
1448 4656 1516 4710 ab
1545 4657 1852 4729 legislatore
1889 4672 2019 4712 cau-

453 4754 567 4811 tum
617 4761 780 4812 esse;
821 4747 914 4802 sed
942 4747 1046 4801 hoc
1083 4763 1251 4802 unum
1290 4751 1634 4819 prtecepisse,
1681 4757 1740 4804 ut
1801 4750 1854 4804 in
1898 4751 2018 4820 ipso

453 4850 718 4890 novarum
749 4836 964 4907 frugum
1003 4853 1191 4892 mense
1221 4836 1432 4892 Pascha
1471 4839 1831 4894 celebrarent.
1871 4838 2018 4905 Quo-

451 4929 598 4982 circa
635 4944 735 4999 pro
762 4944 827 4984 eo
869 4937 1034 4998 atque
1065 4928 1252 4998 fruges
1299 4931 1463 4985 citius
1517 4938 1612 4986 aut
1652 4931 1859 4986 tardius
1898 4947 2018 4987 ere.

450 5020 698 5086 vissent,
731 5023 804 5076 ita
835 5023 1014 5076 serius
1041 5021 1265 5075 ociusve
1309 5023 1545 5091 primum
1579 5024 1702 5080 illos
1751 5023 2018 5079 indixisse

452 5127 694 5168 mensem
715 5154 730 5178 ,
765 5129 829 5169 ac
858 5129 1246 5184 nonnunquam
1283 5131 1457 5169 annos
1489 5116 1847 5172 intercalares
1879 5117 2026 5173 duos.

452 5204 822 5259 continuasse.
857 5205 1000 5260 Sane
1051 5206 1194 5274 quod
1232 5205 1298 5258 ad
1359 5221 1482 5260 eum
1535 5222 1740 5262 annum
1786 5215 2017 5279 spectat,

453 5295 510 5349 in
541 5309 701 5364 quem
743 5294 1040 5352 Sabbatum
1089 5296 1224 5351 illud
1279 5295 1730 5366 deuteroproton,
1782 5312 1894 5367 quo
1950 5298 2020 5354 de

452 5386 652 5456 agitur,
684 5387 896 5454 incidit,
947 5388 1040 5458 qui
1079 5388 1181 5443 fuit
1220 5387 1497 5460 κηρύξεως
1531 5391 1764 5459 primus,
1793 5407 2019 5447 neome-

452 5476 545 5530 nia
572 5474 856 5532 Paschalis
883 5477 1084 5548 Aprilis
1112 5493 1150 5532 ιι
1185 5479 1485 5549 contigisse
1501 5479 1736 5542 videtur,
1768 5479 1901 5536 feria
1919 5497 2016 5548 vn,

452 5566 630 5638 prima
684 5569 801 5624 dies
835 5584 1146 5641 azymorum
1181 5571 1383 5640 Aprilis
1417 5587 1528 5634 χιιι,
1581 5570 1708 5626 feria
1751 5587 1851 5626 vn.
1908 5575 2018 5628 Ita-

453 5676 562 5730 que
592 5661 890 5716 Sabbatum
931 5662 1353 5734 deuteroproton
1389 5663 1442 5717 in
1482 5680 1614 5718 xxut
1643 5665 1784 5719 diem
1814 5667 2018 5736 Aprilis

455 5752 708 5816 incurrit,
741 5754 833 5822 qni
863 5762 1091 5823 quartus
1121 5762 1202 5818 est
1231 5757 1300 5809 ab
1337 5770 1403 5809 eo
1445 5770 1604 5824 quem
1657 5754 2016 5825 Vergiliarum

453 5845 709 5909 ortui,et
749 5845 900 5901 initio
937 5847 1128 5900 messis
1147 5845 1294 5902 Theo
1327 5848 1573 5913 pta-linit.
1605 5847 1668 5902 At
1699 5862 1840 5902 anno
1874 5849 2013 5908 ipso.

2120 4669 2186 4724 de
2230 4668 2553 4723 Pentecoste
2582 4666 2742 4721 debet
2797 4680 2920 4721 esse
2961 4663 3262 4734 judicium;
3299 4662 3448 4716 nullo
3486 4677 3687 4731 praece-

2121 4768 2213 4830 pto
2236 4759 2461 4812 vetitum
2497 4755 2698 4812 Iudaeis
2729 4770 2870 4820 esse,
2901 4769 2966 4808 ne
2991 4759 3117 4806 ante
3155 4750 3354 4806 festum
3380 4750 3483 4804 hoc
3517 4752 3687 4819 frugi-

2118 4850 2221 4904 bus
2253 4849 2410 4903 novis
2451 4863 2512 4901 ac
2544 4846 2776 4918 panibus
2799 4861 2866 4900 ex
2893 4846 2977 4900 his
3006 4841 3274 4898 confectis
3303 4852 3677 4903 vescerentur;

2121 4938 2266 5011 quod
2318 4937 2591 5008 opinionis
2637 4935 2878 4990 fautores
2917 4933 3208 4988 contraria:
3255 4943 3517 4987 sumunt:
3555 4933 3685 4999 quin

2122 5031 2308 5103 potius
2343 5029 2398 5084 id
2430 5036 2591 5083 antea
2624 5027 2708 5082 fas
2745 5027 2932 5092 fuisse,
2961 5025 3204 5080 declarat
3228 5023 3456 5078 historia
3490 5023 3705 5091 capitis.

2119 5123 2267 5178 tertii
2323 5133 2375 5177 et
2432 5121 2608 5191 quinti
2663 5118 2864 5182 Insue,
2923 5133 3085 5186 quam
3142 5116 3451 5170 citavimus.
3500 5113 3690 5183 Neque

2121 5213 2485 5284 primitiarum
2552 5210 2875 5265 vocabulum
2936 5209 2990 5261 id
3059 5213 3320 5276 perpetuo
3373 5205 3683 5275 significat,

2120 5302 2265 5374 quod
2301 5303 2544 5357 omnium
2567 5301 2799 5371 primum
2832 5305 2935 5363 est,
2973 5307 3028 5352 et
3061 5304 3185 5352 ante
3213 5294 3359 5366 quod
3391 5295 3596 5348 nullum
3631 5296 3684 5347 in

2121 5407 2225 5447 usu
2282 5390 2426 5454 fuit;
2478 5388 2575 5444 sed
2628 5386 2900 5442 interdum
2961 5385 3287 5454 simpliciter
3331 5401 3431 5454 pro
3491 5399 3685 5452 quavis

2121 5477 2416 5537 oblatione,
2443 5476 2525 5529 vel
2545 5489 2604 5529 re
2634 5473 2702 5527 ad
2723 5473 2984 5526 honorem
3003 5469 3097 5525 Dei
3116 5469 3353 5540 seposita
3373 5484 3436 5522 ac
3459 5469 3683 5531 selecta,

2120 5580 2182 5626 ut
2197 5569 2368 5624 Exod.
2386 5567 2551 5634 XXV,
2577 5567 2631 5634 2,
2647 5574 2702 5621 et
2732 5563 2949 5629 XXXV,
2967 5565 3000 5618 5
3025 5563 3158 5618 8121
3185 5579 3201 5626 ;
3240 5560 3463 5616 Numer.
3489 5559 3684 5622 XXXI,

2119 5663 2207 5720 29.
2262 5661 2444 5727 Quare
2479 5658 2696 5714 tametsi
2752 5655 3010 5727 primitivi
3066 5668 3235 5725 panes
3280 5654 3336 5706 in
3369 5651 3687 5707 Pentecoste

2121 5754 2287 5809 oblati
2345 5751 2572 5814 fuerint,
2615 5749 2836 5803 minime
2881 5764 2946 5802 ex
2983 5762 3046 5801 eo
3088 5744 3337 5814 sequitur
3363 5759 3533 5799 novas
3564 5751 3687 5796 ante

2124 5847 2224 5902 hoc
2261 5853 2474 5904 tempus
2515 5841 2698 5903 fruges
2750 5856 2855 5896 non
2889 5839 3134 5900 attigisse
3165 5836 3404 5892 Iudaeos.
3445 5833 3597 5894 Ouod
3633 5834 3700 5887 in.
