4124 6424
441 424 467 480 1
477 423 582 480 395

1418 417 1508 472 AD
1550 415 1812 472 EUSEBII
1850 413 2244 472 CHRONICON
2277 413 2638 474 APPE’NDIX.

3531 421 3672 478 1396

441 533 859 593 Commentariis
893 535 1008 590 suis
1034 533 1246 589 erudite
1271 531 1588 590 Bonfrerius
1613 542 1800 590 noster
1821 534 2004 590 obser-
2029 539 2072 594 Δ
2101 532 2410 595 oﬂ‘erretur,
2433 531 2652 602 quando
2687 529 2863 586 serius
2891 527 3100 584 Pascha
3135 531 3495 602 contingeret.
3525 532 3672 592 Idem

439 635 578 680 vat:
613 625 704 680 cui
751 624 926 688 idem,
984 623 1130 694 quod
1183 625 1240 677 in
1283 631 1517 678 mentem
1569 625 1704 678 mihi
1759 633 2001 689 venerat,

439 717 712 788 placuisse
741 716 914 784 prius,
948 717 1186 770 maxime
1217 730 1336 769 sum
1365 730 1528 784 opere
1555 715 1796 784 gavisus.

511 807 646 860 Hinc
677 807 788 866 illa,
825 823 942 875 quae
970 815 1162 860 contra
1215 820 1314 860 nos
1349 806 1512 858 allata
1562 817 1712 872 sunt,
1745 806 2004 864 universa

439 901 746 952 solvuntur.
777 897 834 950 Si
865 913 959 965 per
993 912 1306 964 azymorum
1339 897 1480 962 dies,
1530 897 1807 966 inquiunt,
1839 897 2006 968 spica:

439 988 638 1044 messis
665 987 974 1042 hordeaceae
1007 987 1184 1040 adhuc
1205 987 1475 1052 virebant,
1495 989 1732 1041 triticum
1763 989 2004 1042 nondum

441 1091 713 1134 maturum
740 1096 862 1135 esse
897 1081 1092 1150 potuit.
1121 1079 1536 1149 Respondemus
1565 1120 1580 1142 ,
1616 1081 1856 1135 virentes
1893 1079 2006 1150 spi-

439 1188 533 1227 cas
557 1173 643 1228 hic
673 1173 814 1228 sumi
845 1187 944 1242 pro
975 1171 1308 1236 recentibus,
1329 1186 1439 1226 non
1471 1171 1686 1242 penitus
1715 1172 2000 1236 viridibus,

438 1271 493 1316 et
523 1263 846 1319 immaturis.
883 1263 1015 1318 Nam
1040 1262 1302 1318 llebraice
1329 1271 1412 1318 est
1435 1263 1606 1318 Levit.
1639 1279 1700 1325 ιι,
1735 1263 1823 1324 14.
1867 1271 2006 1322 nux

439 1337 551 1436 ηθρ
607 1354 752 1422 spica
797 1370 1012 1416 recens,
1065 1365 1230 1416 tosta,
1283 1362 1338 1409 et
1391 1337 1548 1440 521p
1603 1364 1714 1412 3:71:
1769 1355 2002 1408 triticum

437 1455 708 1498 contusum
743 1446 899 1513 spica:
927 1445 1110 1512 plena.
1163 1447 1238 1498 Ita
1271 1443 1338 1498 IV
1383 1443 1512 1516 Reg.
1547 1463 1618 1509 Iv,
1651 1445 1738 1500 42.
1792 1443 2004 1500 Carmel

437 1536 757 1602 frumentum
801 1553 988 1591 novum
1017 1538 1177 1592 vertit
1225 1539 1512 1607 interpres.
1547 1536 1656 1592 Nec
1697 1545 1780 1592 est
1807 1537 2003 1592 absur-

435 1627 588 1691 dum,
629 1642 736 1696 quo
767 1633 1008 1696 tempore
1037 1629 1258 1682 metitur
1293 1629 1577 1688 hordeum,
1625 1629 1868 1682 triticeas
1893 1627 2004 1696 spi-

437 1733 551 1778 cas,
580 1719 626 1774 si
655 1718 832 1774 minus
865 1719 932 1773 ad
963 1733 1218 1785 messem,
1255 1728 1404 1774 certe
1429 1719 1497 1774 ad
1527 1717 1860 1774 vescendum
1889 1731 2002 1770 ma-

436 1815 492 1862 tu
501 1825 589 1864 ras
621 1825 760 1866 esse.

505 1898 775 1970 Josephus
821 1901 858 1954 Ι.
901 1901 970 1955 lll
1010 1901 1328 1972 0rig.,cap.
1371 1899 1418 1956 Χ
1447 1901 1649 1956 sentire
1687 1901 1902 1956 videtur
1933 1919 2002 1958 ex

438 1989 738 2048 hordeacea
769 2008 946 2048 messe
997 1994 1360 2063 primitiarum
1396 1993 1638 2068 oblatum
1669 2009 1792 2048 esse
1827 1995 2002 2049 mani-

437 2083 644 2153 pulum.
673 2081 780 2140 Sed
809 2085 944 2140 nihil
975 2085 1081 2140 hoc
1107 2085 1288 2140 obstat
1329 2085 1462 2154 quin
1495 2099 1564 2140 ex
1595 2083 1720 2140 aliis
1751 2084 2000 2156 frugibus

2106 639 2272 694 porro
2325 623 2570 692 subjicit,
2611 623 2679 676 ab
2725 619 2908 674 oblato
2947 621 3226 690 manipulo
3249 622 3462 691 publice
3489 627 3672 696 priva-

2105 715 2312 782 timque
2353 721 2557 768 metere
2613 711 2836 766 licuisse
2875 729 2888 764 :
2927 709 3020 764 καὶ
3058 710 3179 764 τότε
3221 711 3404 766 λοιπὸν
3439 712 3675 786 δημοσίᾳ

2105 805 2279 870 ἔξεστι
2307 806 2463 868 πᾶσι,
2497 805 2592 857 καὶ
2622 803 2730 872 ἰδίᾳ
2751 799 2984 872 θερίζειν
3005 839 3020 865 ,
3045 803 3200 870 quasi
3235 801 3288 856 id
3320 809 3446 858 ante
3475 821 3585 860 non
3613 807 3674 862 li-

2105 896 2300 950 cuerit.
2335 894 2441 948 Sed
2469 893 2634 960 hujus
2663 893 2743 947 rei
2775 893 2986 944 nullum
3018 893 3074 946 in
3105 893 3280 947 sacris
3307 892 3460 950 libris
3491 891 3674 950 ex'stat

2105 988 2480 1042 interdictum.
2507 985 2618 1041 Nos
2649 993 2830 1038 autem
2853 983 2922 1039 de
2959 984 3158 1054 priscis
3186 981 3496 1040 ludmorum
3539 993 3678 1042 tem-

2105 1080 2354 1150 poribus,
2379 1095 2488 1134 non
2511 1077 2731 1148 Iosephi
2775 1085 2933 1131 aetate
2954 1076 3247 1146 loquimur.
3293 1075 3455 1147 Atqui
3473 1079 3558 1133 vel
3605 1097 3672 1136 ex

2104 1171 2210 1226 hoc
2239 1171 2358 1242 ipso
2407 1170 2652 1240 ejusdem
2696 1169 2946 1226 historici
2985 1169 3106 1222 loco
3134 1168 3360 1223 evidens
3413 1177 3518 1230 est,
3569 1172 3676 1226 sub

2103 1263 2314 1320 Pascha
2352 1280 2584 1320 messem
2631 1263 2916 1333 inJudzea
2967 1274 3240 1332 peractam
3275 1285 3290 1319 ;
3328 1265 3476 1334 quod
3513 1266 3676 1322 nobis

2105 1359 2242 1414 satis
2273 1365 2380 1414 est.
2409 1357 2568 1422 Nam,
2605 1357 2652 1412 si
2681 1364 2806 1426 post
2835 1356 3124 1411 delibatam
3181 1357 3454 1413 oblatione
3499 1358 3676 1414 mani-

2103 1451 2216 1520 puli
2245 1461 2502 1520 segetem,
2533 1457 2736 1504 metere
2769 1448 2852 1504 i'as
2891 1450 3028 1513 fuit,
3059 1465 3188 1519 ergo
3213 1458 3439 1505 maturae
3463 1450 3576 1520 jam
3604 1451 3674 1506 ad

2103 1545 2336 1596 messem
2383 1549 2539 1597 erant
2579 1551 2810 1612 segetes,
2835 1543 2998 1596 etiam
3029 1542 3276 1606 triticea,
3337 1551 3501 1612 atque
3553 1543 3675 1598 ista

2105 1633 2298 1688 saltem
2341 1633 2408 1686 ad
2461 1648 2639 1687 esum.
2697 1631 2850 1688 Unde
2897 1631 3194 1688 Sabbatum
3243 1634 3674 1706 deuterOproton

2105 1723 2338 1792 septimo
2367 1723 2436 1776 ab
2469 1723 2746 1778 oblatione
2775 1725 3038 1794 manipuli
3081 1711 3169 1779 die
3212 1726 3526 1797 contigisse,
3569 1729 3672 1781 mi-

2104 1815 2250 1869 nime
2273 1829 2340 1868 ex
2361 1829 2426 1869 eo
2457 1813 2516 1868 tlt
2541 1815 2863 1880 absurdum,
2895 1815 3042 1884 quod
3071 1823 3186 1870 tum
3217 1816 3456 1872 virentes
3485 1818 3672 1888 spicas

2107 1905 2362 1962 manibus
2415 1905 2534 1961 suis
2584 1907 2816 1977 apostoli
2871 1906 3244 1964 defricarent:
3299 1910 3444 1980 quod
3479 1919 3672 1964 contra

2105 1995 2588 2066 reprehensionem
2635 2013 2897 2068 nuperam
2949 2001 3284 2069 propositum
3334 2007 3450 2055 erat
3487 2008 3673 2058 osten-

2103 2086 2252 2142 dere.

446 2249 3658 2294 _——_——-—-———_—_—_——__—_

613 2421 811 2547 DE
907 2420 1818 2551 GBIECOBUM
1912 2425 2321 2554 λἘΒΙΞ
2419 2427 2614 2558 AC
2699 2432 3496 2567 COMPUTIS

1603 2683 1608 2688 ’
1651 2672 2480 2770 DISSERTATIO.

1231 2853 1518 2922 (Dionysius
1557 2850 1812 2911 Ριτινιυε,
1841 2849 1908 2900 De
1939 2845 2162 2898 doctrina
2191 2855 2476 2918 temporum,
2499 2861 2535 2905 t.
2561 2855 2649 2920 11],
2671 2872 2722 2922 p.
2751 2859 2884 2924 155.)

1009 3071 1314 3134 CAPUT
1361 3075 1422 3133 l.

437 3189 514 3246 De
539 3189 736 3258 triplici
767 3187 1068 3243 Grazeorum
1113 3205 1250 3258 tera,
1281 3205 1398 3257 qua:
1433 3187 1502 3240 ad
1547 3185 1998 3258 duas_redigitur.

2177 3071 2388 3128 Etenim
2421 3083 2825 3146 computorum,
2860 3079 2976 3134 sive
3007 3079 3116 3132 τῶν
3147 3081 3362 3152 opaea»;
3395 3083 3676 3138 annalium

2106 3161 2396 3222 diversitas
2437 3167 2494 3220 in
2545 3183 2609 3222 eo
2656 3170 2897 3239 ponitur,
2933 3172 3074 3226 utin
3121 3188 3288 3226 unum
3333 3179 3386 3228 et
3424 3175 3672 3230 eumdem

510 3233 830 3332 Zethum:
883 3259 1190 3332 Panodorjﬂ
1222 3233 1605 3332 Clifonologitt.
1657 3233 1950 3320 Maximus,
2030 3233 2075 3292 δ
2107 3269 2330 3320 annum,
2361 3271 2460 3310 ceu
2499 3271 2842 3314 communem
2873 3264 3186 3328 terminum,
3232 3263 3482 3332 dispares
3523 3279 3672 3320 sum-

505 3327 754 3400 Seargius
791 3327 1087 3400 Syncellus,
1125 3327 1702 3397 Theophanes,’aliique
1732 3334 2004 3379 notantur.

507 3445 818 3500 Graecorum
869 3452 1174 3514 computos.
1225 3459 1474 3512 :erasque
1527 3442 1828 3512 praecipuas
1884 3457 2008 3498 esse

438 3544 573 3602 tres,
605 3538 746 3591 inter
772 3535 1019 3590 eruditos
1066 3537 1340 3590 convenit.
1363 3535 1496 3588 Nam
1546 3535 1706 3588 aliam
1757 3549 1880 3588 esse
1923 3533 2006 3587 di-

439 3635 590 3689 cunt.
627 3643 749 3698 qua:
785 3627 854 3682 ab
891 3628 1046 3683 initio
1093 3642 1280 3682 rerum
1325 3627 1394 3680 ad
1445 3625 1652 3681 Christi
1693 3623 1748 3679 in
1789 3631 2004 3680 uterum

439 3717 679 3787 Virginis
724 3717 1038 3782 adventum,
1085 3726 1179 3771 aut
1227 3717 1460 3771 natalem
1504 3730 1678 3771 annos
1725 3721 2006 3783 computat

439 3809 601 3872 5495,
656 3809 838 3874 aliam,
896 3823 1015 3878 quae
1062 3823 1236 3862 annos
1281 3814 1534 3862 numerat
1583 3805 1744 3872 5501,
1787 3805 2006 3860 tertiam

441 3917 561 3974 qua:
593 3899 731 3954 5509
761 3899 1068 3954 constituit.
1111 3897 1350 3952 Primam
1379 3897 1774 3952 Antiochenam
1821 3897 2007 3966 appel-

443 3995 556 4045 lant
589 3991 776 4061 aliqui,
805 3990 1098 4045 secundam
1129 3989 1516 4059 AEthiOpicam,
1543 3991 1758 4044 tertiam
1775 3989 2008 4043 Alexan-

441 4084 674 4137 drinam.
742 4081 984 4151 Scaliger
1031 4081 1098 4135 ad
1165 4079 1438 4150 Excerpta
1507 4079 1725 4135 Maximi
1775 4081 2008 4150 primam

444 4175 684 4226 norninat
713 4171 982 4236 lunarem,
1015 4171 1246 4225 mediam
1290 4169 1632 4232 orientalem,
1677 4177 2006 4238 postremam

441 4263 752 4334 paschalth
781 4282 795 4318 :
833 4279 1064 4332 quarum
1103 4263 1526 4332 appellationum
1554 4261 1793 4331 origines
1819 4261 2008 4331 dispu-

439 4363 520 4408 tat
571 4355 728 4408 initio
765 4354 890 4407 libri
935 4349 980 4406 ν
1020 4351 1096 4407 De
1147 4351 1506 4406 emendatione
1550 4361 1857 4419 temporum.
1901 4349 2006 4405 Sed

439 4459 536 4498 eas
580 4459 608 4496 a
652 4443 810 4498 nobis
840 4441 1154 4498 confutatus
1200 4442 1404 4506 habes,
1439 4443 1764 4512 penitusque
1814 4441 2004 4495 convi-

2105 3357 2208 3398 maa
2239 3344 2512 3402 desinant.
2533 3347 2688 3414 Quod
2727 3351 2774 3404 si
2811 3351 2932 3406 aliis
2963 3361 3124 3422 atque
3165 3353 3286 3408 aliis
3319 3353 3479 3408 annis
3511 3355 3672 3408 iidem

2105 3434 2480 3490 inscribantur
2517 3437 2684 3503 tituli,
2731 3453 2842 3492 non
2895 3438 3056 3495 debet
3097 3449 3384 3510 prepterea
3423 3441 3676 3496 diversus

2107 3526 2370 3596 appellari
2399 3537 2725 3598 computus;
2757 3531 2900 3600 quod
2937 3531 3002 3586 ad
3047 3532 3460 3602 longinquiores
3502 3547 3674 3586 annos

2107 3617 2284 3687 major
2309 3635 2611 3684 numerus;
2643 3621 2824 3676 minor
2855 3629 3038 3676 autem
3064 3623 3132 3676 ad
3163 3623 3578 3693 propinquiores
3608 3623 3674 3676 ab

2105 3709 2294 3764 eodem
2327 3711 2505 3780 capite
2549 3711 2747 3768 ductus
2785 3715 3114 3768 extenditur.
3157 3713 3228 3768 Ut
3253 3716 3396 3768 enim
3429 3714 3674 3784 exemplo

2107 3801 2200 3858 ﬁat
2225 3803 2372 3873 quod
2405 3804 2530 3858 dico
2550 3805 2771 3870 clarius,
2801 3815 3052 3860 sumatur
3083 3805 3150 3860 ab
3179 3805 3312 3862 orbe
3349 3806 3572 3861 condito
3607 3803 3675 3858 ad

2107 3911 2310 3950 annum
2379 3912 2500 3952 terat
2567 3896 2892 3952 Christiana:
2945 3899 3180 3968 primum
3240 3905 3424 3952 certus
3479 3897 3676 3966 aliquis

2107 3997 2418 4058 computus,
2449 3989 2594 4043 velut
2630 3987 2720 4042 ille
2753 3997 2940 4043 noster
2969 4003 3236 4042 annorum
3281 3987 3441 4052 5983,
3487 3987 3542 4041 in
3585 4003 3677 4042 eo-

2108 4095 2214 4148 que
2243 4079 2475 4135 diversis
2498 4081 2658 4135 annis
2683 4081 2870 4135 eadem
2895 4081 3131 4151 illigetur
3158 4080 3384 4149 cpocha,
3417 4079 3674 4132 nimirum

2109 4169 2274 4224 Urbis
2300 4170 2570 4226 CODClllIB:
2603 4185 2766 4240 quam
2797 4171 2937 4224 alius
2971 4171 3024 4224 in
3057 4185 3122 4224 eo
3145 4185 3290 4223 anno
3332 4169 3550 4238 deligat,
3580 4169 3675 4238 qui

2107 4273 2188 4318 est
2211 4271 2336 4318 ante
2361 4278 2526 4317 seram
2551 4261 2918 4318 Christianam
2955 4262 3078 4324 754,
3112 4263 3249 4315 alter
3283 4261 3540 4316 tredecim
3578 4275 3676 4312 an-

2107 4357 2194 4410 nis
2219 4362 2440 4426 postea;
2475 4354 2765 4416 Pictorem,
2801 4363 2893 4408 aut
2927 4354 3114 4408 nescio
3145 4369 3304 4423 quem
3338 4353 3567 4407 altermn
3609 4367 3676 4406 ex

2106 4447 2382 4502 veteribus
2407 4453 2682 4500 auctorem
2717 4453 2966 4508 secutus,
2999 4453 3126 4514 puta
3151 4445 3206 4498 in
3235 4459 3298 4498 eo
3330 4443 3422 4512 qui
3453 4443 3524 4498 sit
3553 4449 3676 4496 ante

439 4542 558 4587 clas
603 4533 659 4587 in
705 4548 849 4586 nono
880 4531 956 4586 De
993 4533 1234 4586 doctrina
1279 4547 1570 4602 temporum
1597 4533 1776 4603 capite
1819 4531 1884 4598 V,
1913 4531 2004 4586 ubi
2035 4563 2083 4620 ο
2109 4539 2388 4594 Christum
2421 4539 2544 4593 745.
2579 4537 2700 4592 Duo
2735 4539 2900 4608 igitur
2933 4539 3012 4592 illi
3047 4538 3100 4590 in
3149 4537 3338 4592 eadem
3381 4535 3450 4590 ad
3493 4544 3674 4588 ortum

441 4625 574 4679 nihil
625 4626 682 4679 in
717 4625 988 4696 computis
1031 4627 1152 4680 istis
1191 4625 1395 4680 vidisse
1419 4665 1434 4689 ,
1489 4641 1665 4696 neque
1701 4625 1830 4696 quid
1863 4625 2003 4679 scri—

443 4719 592 4772 beret
625 4717 961 4773 intellexisse
998 4719 1273 4772 hominem
1305 4719 1620 4788 plenissime
1664 4719 2006 4772 demonstra-

439 4813 653 4878 vimus;
677 4825 742 4866 ac
775 4811 944 4866 multa
971 4811 1025 4864 in
1051 4825 1168 4866 eam
1193 4825 1306 4864 rem
1337 4811 1713 4880 congessimus
1744 4817 1797 4864 et
1821 4809 2006 4878 ignota

439 4904 603 4974 vulgo
653 4910 708 4958 et
755 4903 898 4958 scitu
937 4903 1290 4974 dignissima;
1327 4912 1382 4956 et
1417 4901 1486 4956 ad
1535 4901 1611 4967 id,
1657 4901 1804 4971 quod
1843 4903 2006 4956 modo

439 4997 640 5065 agitur,
677 4995 924 5065 apprime
963 4995 1310 5060 necessaria;
1339 5009 1458 5063 quae
1499 4992 1720 5048 minime
1749 4993 1850 5047 hoc
1885 4993 2006 5047 loco

439 5087 728 5154 repetenda
765 5095 913 5141 sunt.
941 5085 1059 5140 Non
1111 5101 1283 5154 pauca
1329 5096 1513 5140 tamen
1555 5086 1666 5140 illic
1717 5085 2004 5139 omisimus

440 5179 659 5248 propria
709 5179 884 5250 magis
915 5179 1152 5233 instituti
1181 5179 1362 5248 hujus,
1397 5187 1450 5233 et
1487 5179 1762 5248 paschalis
1785 5179 2004 5232 Graeco-

440 5285 562 5323 rum
602 5269 866 5334 methodi,
897 5285 1058 5338 quam
1088 5269 1156 5324 ad
1185 5270 1538 5326 illustrandos
1569 5269 1804 5332 Maximi,
1833 5267 2004 5324 lsaaci

437 5362 782 5433 aliorumque
811 5371 1118 5433 computos,
1139 5362 1234 5434 qui
1261 5363 1318 5416 iu
1333 5363 1652 5416 Auctarium
1679 5364 1833 5418 relati
1855 5369 2003 5418 sunt.

441 5453 798 5506 enarrandam
850 5453 1216 5522 suscepimus,
1285 5451 1442 5521 cujus
1499 5451 1714 5506 initium
1769 5451 2008 5524 disputa-

441 5543 608 5599 tionis
639 5545 708 5599 ab
735 5561 842 5600 aera
871 5545 962 5600 illa
995 5545 1216 5616 triplici,
1263 5553 1318 5600 et
1360 5545 1638 5600 communi
1675 5545 1744 5600 de
1797 5544 1865 5600 iis
1891 5545 2006 5614 opi-

441 5639 605 5690 nione
635 5639 940 5704 doctorum,
976 5647 1138 5707 atque
1173 5649 1359 5692 errore
1397 5637 1646 5702 ducetur,
1679 5645 1738 5692 ut
1785 5637 1854 5692 ab
1897 5637 2004 5692 illis

441 5727 647 5783 frustra
696 5731 990 5784 doceamus
1035 5737 1148 5785 tres
1193 5745 1316 5785 esse
1369 5729 1660 5788 distinctas
1706 5731 2002 5798 hactenus,

442 5837 568 5874 cum
599 5821 710 5876 sint
745 5837 932 5876 revera
959 5821 1339 5878 tantummodo
1365 5821 1505 5876 dum.

2107 4631 2312 4686 Christi
2342 4645 2554 4684 summa
2573 4631 3000 4694 consentientes,
3036 4629 3089 4682 in
3117 4629 3276 4682 annis
3301 4637 3479 4680 autem
3499 4625 3676 4680 diver-

2109 4723 2186 4778 sis
2235 4721 2480 4791 ejusdem
2535 4721 2756 4789 epoclue
2808 4719 3178 4786 dissidentes;
3215 4719 3296 4774 sic
3327 4725 3386 4771 ut
3427 4717 3575 4787 prior
3608 4715 3677 4769 ab

2108 4815 2296 4870 eodem
2341 4813 2530 4869 mundi
2569 4812 2730 4866 initio
2761 4811 2828 4865 ad
2859 4811 3060 4866 Urbem
3109 4810 3382 4866 conditam
3429 4813 3678 4862 numeret

2109 4923 2284 4964 annos
2311 4907 2472 4970 3230,
2505 4906 2661 4968 alter,
2693 4919 2867 4960 annos
2893 4903 3055 4968 5245,
3085 4919 3190 4958 non
3213 4903 3404 4972 utique
3427 4902 3678 4956 diversos

2109 4999 2178 5053 ab
2232 4997 2440 5052 Adamo
2487 5005 2774 5066 computos
2833 4997 3120 5052 instituere
3181 4995 3480 5050 dicuntur:
3531 4991 3676 5064 quod

2107 5098 2222 5145 tum
2253 5090 2470 5144 demum
2501 5087 2759 5152 facerent,
2805 5088 2852 5143 si
2899 5087 2968 5141 ad
3013 5085 3263 5141 eumdem
3311 5099 3538 5148 annum,
3581 5083 3675 5152 qui

2107 5183 2179 5241 sit
2205 5191 2332 5238 ante
2369 5182 2735 5236 Christianam
2779 5196 2942 5236 teram
2990 5179 3115 5246 754,
3151 5177 3358 5248 periodi
3401 5192 3531 5232 vero
3579 5175 3677 5229 Ju-

2107 5275 2264 5328 liante
2283 5272 2441 5340 5960,
2469 5273 2606 5326 alter
2630 5273 2700 5326 ab
2731 5270 2935 5326 Adamo
2963 5275 3274 5325 numeraret
3309 5283 3482 5322 annos
3513 5267 3674 5324 5250.

2107 5367 2242 5422 alter
2271 5365 2450 5430 3245;
2493 5375 2548 5418 et
2580 5364 2726 5433 quod
2757 5379 3104 5440 consequens
3136 5369 3240 5426 est,
3275 5361 3366 5416 ille
3410 5358 3480 5414 ad
3516 5357 3674 5412 Chri-

2107 5465 2250 5514 stum
2285 5471 2456 5511 annos
2474 5455 2633 5519 5983,
2661 5455 2764 5509 iste
2791 5452 2952 5508 5996.

2181 5547 2272 5603 Sic
2293 5547 2460 5618 igitur
2481 5557 2594 5602 tres
2630 5547 2755 5602 illos
2785 5547 3095 5602 Grzecorum
3123 5553 3430 5615 computos,
3463 5551 3580 5598 uta
3619 5559 3678 5600 se

2107 5641 2354 5697 distincti
2409 5640 2639 5696 invicem
2699 5639 3013 5708 diversique
3063 5637 3209 5702 sint,
3251 5637 3306 5690 in
3361 5651 3530 5690 unum
3579 5635 3678 5688 aii-

2107 5746 2268 5802 quem
2317 5732 2632 5800 conspirare
2687 5729 2976 5783 terminum
3028 5737 3266 5798 oportet,
3325 5727 3394 5782 ad
3444 5741 3678 5794 eumque

2107 5839 2215 5880 non
2248 5822 2436 5880 eodem
2481 5838 2512 5876 a
2559 5819 2736 5888 capite
2779 5831 2831 5876 et
2869 5820 3092 5875 exordio
3129 5817 3480 5876 descendere;
3527 5805 3678 5873 Tali;
