4124 6488
447 471 470 523 1
481 467 584 524 599

1427 457 1514 510 AD
1553 455 1822 512 EUSEBII
1857 446 2250 512 CHRONICON
2293 440 2654 500 APPENDIX.

3527 429 3665 485 1400

445 589 606 650 annis
631 585 814 640 minus
851 581 1004 638 dicit.
1049 579 1162 637 Nos
1209 581 1266 634 in
1319 595 1464 636 nono
1492 581 1571 635 De
1608 581 1850 635 doctrina
1879 591 2008 636 ωηι-
2033 586 2082 640 Α
2109 587 2230 630 esse
2255 570 2446 625 volunt
2484 563 2644 628 5777,
2673 552 3070 650 lncar‘nationis
3090 545 3502 650 277;‘atquime_x
3543 545 3666 650 illo—

445 694 652 748 parum,
673 689 792 744 cap.
833 671 922 736 IV,
951 672 1090 727 duos
1115 672 1235 726 illos
1261 685 1434 726 annos
1463 671 1865 742 χρηματισμοῦ.
1907 671 2008 727 Za-

446 769 650 824 charia:
722 773 777 822 et
845 762 1242 819 lncarnationis
1313 777 1345 815 a
1417 761 1651 818 Maximo
1709 770 2006 833 conceptos

447 859 736 914 retulimus
783 857 840 910 in
897 854 1038 910 4710
1097 861 1151 908 et
1198 851 1332 906 4711
1387 851 1596 922 periodi
1630 851 1880 920 Julianre,
1911 854 2008 923 qui

449 951 641 1004 iisdem
673 945 1104 1001 Dominicalibus
1137 943 1334 998 litteris
1363 943 1732 999 instruuntur.
1765 941 1874 1000 Sed
1923 945 2008 1000 in-

447 1039 616 1094 dictio
673 1035 789 1100 XII,
836 1049 1000 1105 quam
1047 1033 1216 1087 natali
1242 1031 1452 1090 Christi
1485 1033 1756 1090 Maximus
1789 1049 2008 1088 accom-

451 1131 651 1192 modat,
676 1141 878 1180 annum
911 1123 1104 1180 suadet
1131 1123 1294 1190 4722,
1327 1139 1438 1194 quo
1493 1122 1742 1180 Romana
1781 1125 2008 1180 indictio

447 1227 565 1275 erat
601 1219 658 1272 in
701 1232 869 1272 cursu
907 1231 982 1270 xu
1017 1231 1048 1268 a
1075 1213 1359 1284 Januario,
1391 1214 1476 1270 vel
1528 1229 1559 1268 a
1587 1213 1804 1281 Martio,
1847 1214 2010 1285 Apri-

447 1313 572 1377 live,
621 1319 682 1366 ut
728 1318 883 1380 putat
927 1307 1215 1364 Maximus.
1259 1305 1351 1362 Sic
1387 1307 1444 1361 in
1487 1307 1758 1378 baptismo
1803 1305 2008 1362 Christi

449 1419 513 1458 ac
551 1403 804 1474 passione
837 1399 986 1454 labes
1031 1398 1218 1453 eadem
1269 1396 1510 1466 computi
1543 1396 1804 1461 cernitur,
1838 1397 2010 1466 siqui-

449 1495 570 1550 dem
605 1508 728 1566 cap.
786 1489 982 1546 XXXII
1025 1489 1356 1560 baptizatum
1403 1503 1434 1542 a
1475 1486 1684 1542 Joanne
1729 1487 2011 1542 Christum

449 1591 716 1640 memorat
757 1597 899 1638 anno
936 1581 1098 1646 5550,
1139 1580 1384 1636 feriam.
1423 1579 1567 1649 Ergo
1599 1579 1779 1634 littera
1825 1577 2010 1632 Domi-

449 1679 564 1732 nie.
597 1675 660 1742 D,
694 1674 920 1743 adjectis
955 1687 1084 1726 xxix
1111 1671 1176 1726 ad
1213 1685 1334 1726 eum
1359 1684 1586 1736 annum,
1617 1685 1725 1740 quo
1755 1670 2012 1723 incarna—

449 1775 540 1820 tus
577 1771 682 1820 cst.
717 1762 873 1818 Unde
895 1767 978 1817 est
1009 1759 1100 1814 hic
1135 1774 1312 1814 annus
1335 1759 1541 1830 periodi
1576 1758 1806 1813 Julianaa
1847 1759 2008 1824 4752,

449 1873 560 1927 quo
590 1857 656 1910 ad
686 1869 911 1909 vernum
970 1865 1144 1922 usque
1200 1865 1443 1905 mensem
1498 1849 1782 1904 labebatur
1832 1863 2010 1902 annus

451 1916 666 2004 Maximi
690 1947 829 2003 5550
863 1951 917 2001 et
954 1916 1084 2000 5551
1127 1942 1250 1998 inde
1286 1941 1572 1998 successit.
1619 1939 1755 1996 Item
1795 1941 2009 2010 passio-
2039 1916 2085 1974 Β

451 2057 574 2097 nem
612 2039 819 2096 Christi
857 2036 1082 2107 conjicit
1109 2036 1167 2090 in
1216 2049 1418 2090 annum
1449 2032 1613 2096 5554,
1635 2046 1700 2087 ac
1733 2031 1878 2088 diem
1905 2029 2012 2084 Pa-

450 2147 732 2193 rasceves;
781 2147 901 2202 quae
929 2129 1144 2202 quidem
1179 2127 1356 2182 Martii
1397 2141 1534 2180 xxiii
1571 2123 1819 2194 contigit,
1854 2129 1914 2177 ut
1945 2138 2013 2178 ex

451 2219 682 2291 Georgio
730 2235 854 2274 mox
905 2217 1246 2291 probabitur,
1276 2215 1460 2270 littera
1499 2213 1768 2269 Dominic.
1815 2211 1880 2266 G.
1907 2210 2015 2266 Ita-

450 2325 558 2382 que
584 2325 760 2366 annus
798 2308 901 2364 fuit
931 2309 1142 2380 periodi
1173 2306 1401 2363 Julianae
1427 2305 1590 2360 4755.
1639 2303 1772 2370 Quae
1800 2301 2017 2358 Graeco-

450 2416 573 2455 rum
601 2403 1006 2458 sentenlia'non
1039 2401 1212 2470 magis
1239 2398 1448 2469 reliqua
1481 2399 1550 2452 ab
1581 2395 1831 2464 historia,
1853 2410 2016 2467 quam

453 2495 521 2548 ab
543 2492 850 2565 evangelica
881 2492 1193 2547 narratione
1217 2491 1510 2560 discrepat.
1546 2487 1682 2544 Nam
1714 2488 1916 2544 Tiberii
1948 2503 2016 2543 xv

453 2584 568 2640 fere
595 2583 902 2654 baptizatus
929 2591 1014 2638 est
1048 2581 1330 2648 Christus;
1365 2589 1419 2635 et
1450 2579 1639 2634 eodem
1679 2577 2012 2648 imperante,

453 2676 638 2739 tertio,
665 2683 928 2744 quartove
963 2688 1105 2727 anno
1135 2682 1321 2743 postea
1344 2686 1542 2742 passus
1569 2689 1582 2724 :
1613 2677 1669 2724 at
1703 2685 1769 2725 ex
1797 2669 2016 2724 Maximi

454 2774 709 2835 computo
739 2765 1006 2836 sequitur,
1033 2764 1164 2819 Caio
1203 2763 1501 2834 imperante
1533 2769 1589 2818 et
1619 2762 1739 2832 ejus
1769 2777 1912 2816 anno
1933 2777 2018 2816 se-

455 2858 634 2912 cundo
659 2857 724 2911 ad
751 2857 1084 2928 baptismum
1115 2854 1344 2911 Joannis
1376 2857 1675 2912 accessisse
1727 2855 2015 2911 Dominum

454 2957 510 3004 et
553 2965 774 3020 passum
827 2964 949 3006 esse
979 2948 1193 3008 Claudii
1242 2948 1518 3006 secundo:
1567 2964 1688 3020 qua:
1735 2959 1865 3004 sunt
1923 2949 2019 3003 ab-

457 3041 803 3096 surdissima.

529 3131 796 3204 Georgius
846 3131 1132 3203 Syncellus
1176 3131 1236 3186 in
1291 3131 1480 3188 eadem
1539 3140 1624 3188 est
1677 3147 1843 3188 causa
1893 3147 2018 3186 cum

2105 677 2226 720 rum
2257 665 2440 714 mente
2493 655 2544 710 is
2586 663 2710 708 esse
2753 645 2913 701 debet
2955 657 3076 698 rem
3136 645 3342 696 nostra:
3390 637 3516 692 285.
3574 634 3667 692 Sic

2106 751 2464 822 TlieOphanes
2509 737 2855 801 Constantini
2905 735 3114 790 obitum
3161 731 3330 788 refert
3377 729 3434 784 in
3462 742 3667 782 annum

2106 831 2902 904 mundi5829,lncarnationis
2925 828 3066 884 529ε
3121 839 3282 896 quem
3331 829 3539 878 certum
3583 827 3670 876 est

2105 951 2226 992 terte
2254 929 2559 990 communis
2592 939 2736 982 anno
2762 921 2867 976 557
2907 917 3188 974 incidisse.
3221 915 3435 969 Rursus
3463 910 3664 965 Valen-

2106 1027 2303 1084 tiniani
2332 1021 2615 1081 exordium
2658 1015 2871 1073 confert
2923 1013 2981 1067 in
3035 1024 3238 1065 annum
3286 1004 3475 1062 mundi
3531 1002 3670 1058 5857

2106 1125 2427 1182 exeuntem;
2461 1118 2719 1182 sequente
2742 1120 2864 1160 mox
2895 1103 3052 1168 5858,
3089 1099 3348 1172 quoniam
3375 1094 3669 1151 Februario

2107 1217 2324 1264 creatus
2352 1213 2437 1261 est
2469 1204 2796 1272 imperator;
2833 1194 3036 1252 Christi
3070 1203 3247 1248 autem
3269 1195 3545 1259 computat
3567 1187 3672 1242 557

2107 1299 2293 1356 itidem
2324 1299 2634 1352 exeuntem.
2671 1288 2975 1345 Discrimen
3009 1297 3276 1338 annorum
3327 1279 3379 1342 7,
3411 1278 3674 1350 quemad-

2107 1390 2330 1446 modum
2370 1393 2426 1443 et
2465 1385 2522 1440 in
2566 1395 2712 1437 anno
2743 1377 2959 1435 concilii
2986 1373 3485 1438 Chalcedonensis,
3527 1369 3674 1440 quod

2111 1497 2256 1538 anno
2287 1477 2478 1534 mundi
2523 1474 2685 1540 5944,
2732 1470 3033 1526 indictione
3061 1484 3096 1523 γ
3131 1466 3462 1522 celebratum
3489 1461 3671 1529 docet,

2110 1589 2254 1630 anno
2283 1569 2488 1628 Christi
2527 1567 2656 1622 444.
2687 1564 2850 1634 Atqui
2884 1575 3028 1616 anno
3062 1559 3159 1614 451
3209 1574 3331 1613 sane
3359 1565 3562 1613 nostra:
3589 1565 3676 1611 est

2111 1665 2376 1728 habitum,
2407 1660 2488 1717 sic
2525 1671 2634 1714 uno
2664 1653 2937 1711 interdum
2963 1665 3106 1705 anno
3140 1649 3210 1704 ab
3241 1647 3488 1702 instituta
3511 1645 3675 1700 ehro-
3741 1677 3744 1680 «

2109 1754 2332 1824 nologia
2362 1748 2721 1818 Theophanes
2751 1743 3006 1797 aberrat:
3039 1753 3104 1793 ac
3147 1744 3352 1807 septem
3401 1749 3670 1789 annorum

2110 1839 2490 1901 tantummodo
2521 1837 2818 1894 discrimen
2851 1831 3014 1898 facit;
3047 1844 3171 1884 cum
3205 1834 3330 1882 octo
3351 1841 3474 1882 esse
3502 1841 3675 1882 anno-

2111 1952 2232 1992 rum
2259 1936 2508 2004 oporteat
2529 1945 2596 1984 ex
2623 1927 2772 1982 illius
2791 1921 3092 1979 ratiociniis
3116 1939 3128 1973 :
3155 1919 3313 1988 cujus
3338 1917 3476 1972 ratio
3491 1932 3560 1972 ex
3587 1918 3675 1982 iis,

2111 2043 2232 2101 quae
2271 2027 2338 2082 de
2372 2037 2640 2078 annorum
2682 2017 2854 2074 initiis
2885 2017 2942 2072 in
2979 2029 3124 2070 anno
3159 2012 3377 2068 Juliano
3405 2011 3677 2076 dicentur,

2113 2128 2389 2189 utcunque
2415 2113 2707 2171 constabit.

2181 2233 2264 2288 Ex
2309 2231 2397 2287 his
2421 2227 2678 2284 omnibus
2704 2222 2851 2296 quod
2900 2221 3056 2277 initio
3091 2219 3376 2291 posuimus
3427 2215 3678 2280 efficitur,

2113 2327 2279 2382 trium
2316 2335 2549 2378 terarum
2577 2319 2714 2374 duas
2741 2315 3180 2370 lncarnationem
3210 2309 3416 2366 Christi
3449 2309 3684 2364 diversis

2115 2415 2273 2469 annis
2316 2412 2610 2483 affingere;
2643 2423 2708 2462 ac
2742 2406 2964 2478 prioris,
2994 2419 3114 2474 quas
3140 2402 3276 2457 5501
3337 2407 3514 2472 putat,
3551 2398 3682 2454 ulti-

2115 2521 2264 2560 mum
2291 2504 2586 2559 convenire
2605 2499 2814 2556 Christi
2859 2511 3003 2550 anno
3033 2509 3216 2561 nono;
3250 2493 3483 2548 alterius
3529 2505 3680 2552 vero,

2115 2611 2236 2668 quae
2260 2595 2400 2652 5495
2423 2599 2691 2656 numerat,
2724 2603 2870 2643 anno
2895 2589 3070 2659 primo
3094 2605 3108 2640 :
3133 2587 3378 2655 adeoque
3403 2600 3512 2638 non
3545 2584 3686 2638 duos

2117 2689 2344 2743 annales
2399 2695 2718 2754 computos;
2763 2680 2859 2736 sed
2911 2693 3079 2734 unum
3125 2686 3180 2734 et
3233 2677 3480 2732 eumdem
3539 2689 3681 2730 esse.

2117 2781 2332 2838 Etenim
2389 2791 2597 2832 annum
2648 2771 2976 2830 Christianae.
3034 2771 3120 2824 vel
3173 2768 3516 2838 Dionysianze
3564 2781 3692 2820 aere

2117 2874 2354 2943 primum
2381 2876 2616 2938 uterque
2643 2869 2934 2935 computus
2955 2861 3098 2917 5495
3121 2867 3374 2915 numerat
3399 2877 3414 2913 :
3447 2875 3547 2912 nec
3579 2873 3692 2911 non

2119 2979 2324 3020 annum
2389 2959 2638 3031 ejusdem
2702 2971 2826 3012 erat
2879 2968 3085 3010 nonum
3149 2960 3384 3020 uterque
3445 2959 3692 3004 recenset

2119 3057 2278 3114 550i.
2313 3054 2524 3123 Quippe
2553 3051 2622 3105 de
2655 3063 2800 3103 anno
2824 3056 3079 3102 currente
3107 3043 3294 3098 mundi
3325 3043 3392 3096 ad
3435 3041 3692 3094 lncarna-

2120 3147 2288 3203 tionis
2314 3158 2520 3200 annum
2543 3137 2943 3208 assequendum
2977 3137 3193 3207 priores
3221 3149 3394 3189 annos
3427 3132 3568 3188 5500
3597 3131 3692 3186 de-

458 3219 713 3320 Maximo.
747 3221 880 3276 Nam
930 3227 984 3277 et
1037 3237 1262 3291 passum
1309 3238 1434 3280 esse
1467 3223 1580 3278 vult
1609 3222 1887 3278 Christum
1920 3239 2018 3278 xui
2049 3257 2095 3320 ο
2127 3238 2393 3300 trahunt;
2431 3232 2772 3314 posteriores
2814 3227 2974 3292 5492,
3007 3243 3077 3282 ex
3114 3241 3224 3297 quo
3279 3223 3456 3293 major
3505 3221 3688 3289 hujus,

458 3313 672 3378 Martii,
739 3313 1110 3378 resurrexisse
1169 3329 1298 3370 vero
1375 3331 1502 3379 xxv,
1562 3316 1740 3372 aetatis
1806 3316 2021 3387 expleto

460 3419 658 3469 xxxiii,
687 3419 830 3458 anno
857 3405 926 3460 ab
947 3405 1154 3460 Adamo
1183 3405 1467 3462 desinente
1505 3407 1666 3472 5555,
1716 3413 1772 3463 et
1805 3407 2024 3464 ineunte

461 3497 602 3551 5554
657 3511 724 3550 ex
772 3511 824 3551 a.
878 3495 933 3550 d.
975 3513 1070 3550 VIII
1111 3496 1341 3552 Kalend.
1396 3496 1566 3568 April.
1619 3497 1883 3554 Praeterea
1924 3514 2024 3554 an-

461 3601 590 3640 num
613 3586 806 3641 mortis
827 3585 1122 3641 Alexandri
1159 3585 1334 3658 Magni
1357 3597 1608 3642 numerat
1636 3588 1824 3642 mundi
1861 3589 2020 3651 5-l70,

463 3677 628 3747 idque
655 3677 711 3732 in
735 3677 992 3732 confesso
1019 3679 1092 3732 ait
1121 3685 1261 3750 apud
1302 3695 1493 3735 omnes
1521 3695 1664 3736 esse.
1696 3681 1765 3733 At
1793 3679 2025 3750 Augusti

464 3769 794 3824 monarehiae
845 3770 1096 3840 primum,
1143 3786 1264 3840 quas
1301 3785 1443 3825 anno
1477 3779 1598 3841 post
1625 3779 1857 3827 mortem
1897 3771 2026 3826 Julii

464 3859 637 3912 altero
695 3861 881 3928 C(Bpit,
931 3873 1052 3914 esse
1091 3859 1260 3926 5458;
1311 3860 1557 3929 ejusdem
1617 3875 1746 3915 vero
1796 3871 2026 3914 mortem

463 3950 760 4019 contigisse
787 3951 932 4004 inter
974 3951 1110 4006 5514
1137 3957 1190 4005 et
1237 3951 1397 4016 55l5,
1431 3967 1554 4007 cum
1591 3951 1842 4007 Christus
1865 3965 2030 4021 prope

467 4041 738 4096 decimum
771 4043 1021 4112 quintum
1073 4045 1249 4098 atatis
1292 4059 1494 4098 annum
1534 4051 1736 4115 ageret.
1768 4021 2030 4099 Interral-

467 4134 578 4186 lum
634 4133 702 4188 ab
752 4147 897 4187 anno
945 4133 1084 4189 5170
1117 4135 1172 4188 in
1217 4151 1378 4204 quem
1412 4133 1592 4190 Thoth
1635 4133 1868 4206 Philippi
1899 4151 2031 4190 con-

465 4225 631 4296 gruit,
661 4225 726 4280 ad
756 4225 894 4280 5458
921 4227 1249 4282 monarchiae
1276 4226 1530 4298 Augusti,
1565 4234 1694 4281 sunt
1723 4227 1850 4281 anni
1883 4227 1988 4282 288
2013 4246 2028 4294 ;

467 4334 606 4388 quos
643 4319 691 4373 si
719 4319 1002 4376 addideris
1037 4319 1106 4373 ad
1149 4336 1352 4373 annum
1383 4320 1590 4389 periodi
1613 4317 1842 4375 Julianze
1869 4319 2028 4384 4590,

466 4427 575 4480 quo
609 4418 854 4467 mortuus
894 4419 978 4466 est
1017 4410 1322 4467 Alexander
1356 4411 1602 4481 Magnus,
1635 4410 1832 4466 confiet
1859 4427 2032 4468 annus

463 4502 626 4568 4678,
663 4503 756 4573 qui
783 4511 867 4558 est
907 4514 1129 4566 octavus
1174 4513 1297 4574 post
1339 4512 1567 4558 mortem
1593 4501 1722 4558 Julii
1755 4501 2030 4560 Caesaris:

468 4611 589 4666 qua}
623 4611 765 4650 anno
799 4595 939 4650 4670
967 4596 1158 4650 incidit

541 4687 752 4744 Rursus
777 4689 1121 4744 intervallum
1151 4689 1218 4744 ab
1248 4704 1390 4744 anno
1413 4689 1552 4744 5458
1599 4687 1666 4742 ad
1695 4687 1856 4754 55l5,
1887 4703 2036 4743 mor-

469 4783 542 4836 tis
585 4781 839 4852 Augusti,
879 4781 1010 4834 anni
1049 4781 1160 4847 57;
1193 4797 1332 4851 quos
1371 4781 1416 4835 si
1465 4781 1532 4834 ad
1568 4795 1769 4835 annum
1825 4781 2034 4851 periodi

475 4871 698 4925 iulianae
732 4869 873 4925 4678
902 4871 1152 4941 adjicias,
1183 4871 1601 4926 exsistetannus
1627 4871 1836 4942 periodi
1859 4869 2034 4926 Julia-

471 4977 554 5015 me
608 4961 768 5023 4755,
824 4976 933 5030 quo
996 4976 1257 5017 excessus
1290 4961 1519 5032 Augusti
1570 4963 1816 5032 contigit.
1873 4963 2038 5033 Atqui

471 5054 726 5109 convenit
747 5053 892 5108 hunc
938 5067 1082 5107 anno
1122 5054 1328 5124 periodi
1361 5053 1592 5110 Julianus
1641 5054 1780 5108 4727
1813 5053 2033 5110 obiisse.

473 5145 644 5215 Igitur
671 5145 828 5198 annis
851 5149 975 5199 octo
1009 5159 1188 5198 veram
1208 5145 1466 5215 epocham
1493 5155 1736 5199 moratur
1752 5145 2038 5214 Georgius.

545 5237 684 5291 Hinc
713 5237 846 5290 illud
878 5237 1098 5304 accidit,
1129 5245 1186 5290 ut
1225 5237 1282 5290 in
1318 5239 1605 5293 annalibus
1643 5236 1861 5308 Georgii
1895 5235 2039 5308 Syn-

475 5327 620 5400 celli,
671 5336 725 5383 et
769 5327 866 5398 qui
894 5327 1015 5398 ejus
1064 5327 1403 5383 continuavit
1449 5343 1608 5398 opus,
1649 5325 2038 5398 The0phanis;

478 5436 578 5474 nec
623 5435 734 5474 non
773 5419 935 5489 hujus
987 5420 1302 5491 interpretis
1351 5419 1622 5486 Miscellze,
1662 5421 1790 5476 anni
1839 5419 2043 5477 Christi

477 5521 602 5564 octo
633 5513 817 5566 minus
857 5511 1142 5583 colligant,
1193 5528 1358 5582 quam
1407 5527 1515 5568 mra
1549 5513 1895 5569 communis:
1941 5529 2044 5570 nec

475 5610 632 5658 auter
683 5603 950 5659 Maximus
984 5605 1240 5660 instituit.
1271 5603 1371 5660 llic
1401 5607 1546 5660 enim
1572 5605 1808 5662 Ileraclii
1837 5622 2044 5664 annum

477 5709 605 5748 xxxi
638 5710 760 5749 cum
795 5713 938 5750 anno
968 5697 1168 5752 Christi
1206 5697 1310 5751 655
1334 5698 1610 5766 componit
1640 5698 1696 5752 in
1719 5715 1866 5752 anno
1892 5715 2045 5754 com-

477 5787 660 5840 munis
696 5803 816 5842 aera:
849 5789 984 5856 641,
1015 5799 1075 5842 ιιι
1111 5789 1272 5858 paulo
1321 5799 1444 5858 post
1483 5790 1718 5844 dicetur.
1774 5790 2042 5859 Georgius

478 5883 534 5927 et
571 5873 928 5944 Timophanes
981 5893 1180 5932 annum
1227 5879 1402 5949 primu
1447 5901 1454 5914 -
1490 5879 1810 5935 Diocletiani
1857 5881 2042 5938 mundi

2121 3343 2286 3400 quam
2349 3311 2520 3389 illius,
2587 3321 2837 3378 calculus
2899 3318 3152 3375 efﬁcitur.
3211 3316 3407 3370 Annus
3459 3311 3692 3380 exempti

2121 3434 2289 3496 causa
2326 3415 2518 3471 mundi
2555 3411 2700 3484 apud
2731 3411 3025 3466 Maximum
3054 3407 3194 3464 5155
3231 3405 3493 3496 detractis
3514 3401 3694 3496 5500,

2121 3513 2227 3567 erit
2269 3494 2340 3564 ab
2389 3505 2774 3562 lncarnatione
2801 3502 2926 3558 655.
2963 3499 3223 3555 Deductis
3245 3513 3374 3553 vero
3401 3494 3560 3558 5492,
3593 3509 3696 3563 pu-

2123 3602 2328 3657 tabitur
2368 3598 2493 3663 64l,
2533 3597 2602 3652 ad
2663 3610 2826 3667 quem
2885 3607 3074 3648 revera
3137 3591 3404 3646 Maximus
3430 3595 3696 3659 perpetuo

2123 3702 2434 3764 respectum
2463 3688 2678 3745 habuit.
2717 3687 2905 3758 Itaque
2935 3686 2990 3740 in
3035 3685 3196 3739 annis
3247 3681 3436 3736 mundi
3465 3695 3696 3736 consen-

2125 3787 2270 3840 tiunt
2297 3783 2458 3838 ambo
2487 3780 2750 3849 computi,
2781 3779 2836 3833 in
2865 3778 3024 3833 annis
3055 3773 3454 3832 Incarnationis
3483 3771 3698 3828 dissen-

2125 3873 2288 3928 tiunt.
2312 3871 2432 3925 Non
2487 3869 2688 3925 debent
2722 3867 2888 3939 igitur
2930 3865 3118 3920 mundi
3147 3879 3270 3919 aera).
3319 3863 3402 3918 vel
3433 3859 3696 3931 computi,

2127 3965 2338 4022 censeri
2367 3966 2510 4030 duo;
2542 3962 2637 4018 sed
2665 3975 2809 4016 unus
2838 3959 3132 4024 duntaxat;
3159 3956 3318 4026 cujus
3355 3953 3420 4009 ad
3453 3953 3700 4009 diversos

2129 4073 2302 4113 annos
2348 4055 2552 4111 Christi
2591 4049 2998 4125 ὲνανθρώπησις
3029 4049 3302 4118 alligatur.
3349 4047 3528 4113 Quare
3579 4044 3701 4099 due

2129 4160 2366 4215 tantum,
2401 4147 2545 4218 quod
2573 4145 2910 4207 dicebamus,
2934 4141 3220 4211 praecipuas
3247 4145 3375 4194 sunt
3407 4151 3528 4192 arae
3555 4133 3703 4190 Grie-

2130 4257 2340 4307 eorum,
2369 4253 2562 4308 nempe
2597 4251 2728 4300 una,
2761 4235 2922 4306 cujus
2951 4235 3006 4289 in
3046 4247 3248 4288 annum
3296 4229 3436 4286 5495
3489 4227 3702 4300 primus

2132 4346 2309 4386 annus
2341 4345 2464 4386 certe
2502 4327 2861 4398 Dionysianae,
2915 4325 3000 4379 vel
3041 4320 3349 4378 communis
3403 4317 3651 4387 congruit
3683 4335 3698 4370 :

2131 4431 2186 4479 et
2208 4423 2396 4482 altera,
2431 4433 2554 4489 quas
2601 4417 2852 4472 eumdem
2883 4428 3087 4469 annum
3142 4419 3396 4466 numerat
3451 4409 3521 4463 ab
3569 4407 3704 4462 orbe

2135 4514 2354 4569 condito
2385 4509 2546 4567 5509.
2569 4506 2879 4564 Postcriore
2899 4505 3002 4558 hac
3027 4502 3250 4558 lsaacus
3269 4500 3570 4556 monachus
3595 4497 3704 4552 uti-

2065 4601 2108 4656 D
2138 4616 2259 4672 tur;
2289 4605 2384 4676 qui
2441 4617 2562 4673 cap.
2611 4599 2680 4656 Ill
2709 4599 2951 4669 computi
2979 4611 3179 4652 annum
3211 4593 3400 4650 mundi
3427 4593 3561 4648 6881
3601 4607 3704 4645 nu-

2135 4707 2312 4755 merat
2357 4711 2503 4758 eum,
2557 4693 2651 4764 qui
2699 4691 3060 4761 aSeptembri
3111 4690 3278 4758 etrapit
3331 4687 3458 4741 anni
3499 4683 3704 4739 Christi

2139 4789 2300 4854 1572,
2333 4801 2446 4858 quo
2475 4799 2619 4838 anno
2669 4781 2922 4837 Octobris
2951 4797 3104 4847 xxvr,
3159 4779 3293 4836 feria
3339 4793 3398 4832 ιιι
3441 4776 3702 4845 contigit;

2136 4879 2362 4951 proinde
2385 4879 2562 4932 littera
2581 4875 2621 4929 C
2645 4873 2764 4934 fuit,
2781 4887 2843 4927 ac
2863 4873 3118 4926 nimirum
3137 4885 3312 4925 annus
3329 4869 3532 4924 Christi
3547 4866 3698 4922 1572.

2138 4969 2384 5039 Demptis
2413 4965 2554 5022 5508
2581 4966 2648 5020 de
2675 4964 2836 5028 6881,
2871 4963 3064 5032 reliqui
3096 4971 3225 5018 sunt
3265 4961 3424 5024 1575,
3454 4959 3704 5031 quando-

2138 5060 2356 5130 quidem
2413 5071 2590 5110 annus
2645 5053 2956 5109 Graecorum
3013 5053 3148 5107 6881
3201 5053 3395 5121 majori
3427 5052 3514 5107 sui
3547 5057 3702 5121 parte

2140 5165 2266 5205 cum
2298 5147 2438 5202 1575
2459 5146 2662 5201 Christi
2683 5146 2994 5210 concurrit;
3025 5151 3118 5198 aut
3137 5159 3167 5197 a
3197 5157 3366 5198 verno
3393 5157 3580 5198 mense
3605 5157 3704 5195 an-

2139 5241 2200 5296 ni
2251 5239 2496 5308 ejusdem
2533 5252 2600 5293 ex
2645 5237 2922 5292 communi
2951 5235 3208 5290 methodo
3249 5235 3464 5290 illorum
3495 5233 3706 5302 incipit,

2140 5332 2222 5388 uti
2251 5347 2376 5387 mox
2402 5331 2702 5386 ostendam.
2721 5328 2988 5384 Praeterea
3013 5325 3157 5381 Gaza
3175 5327 3312 5381 libro
3330 5324 3402 5379 Dc
3421 5324 3706 5385 mensibus,

2142 5437 2244 5492 cap
2273 5419 2417 5488 XXI,
2450 5433 2652 5474 annum
2681 5416 2888 5473 Christi
2917 5411 3526 5469 Romanorum-calculo
3549 5409 3706 5468 1470,

2143 5513 2222 5567 ait
2247 5528 2278 5568 a
2307 5511 2512 5567 Graecis
2541 5509 2720 5581 putari
2751 5507 2940 5562 mundi
2971 5505 3132 5560 6978.
3167 5503 3330 5558 Deme
3361 5517 3534 5555 annos
3569 5498 3711 5554 5508

2143 5611 2354 5660 restant
2407 5603 2564 5657 1470.
2597 5601 2866 5667 Quocirca
2900 5613 3048 5659 cum,
3089 5603 3150 5650 ut
3187 5594 3345 5648 initio
3381 5592 3578 5661 capitis
3607 5589 3712 5642 hu-

2141 5696 2232 5767 jus
2281 5695 2640 5757 ostendimus,
2691 5690 2891 5746 diversi
2939 5689 3017 5742 illi
3063 5687 3304 5756 computi
3357 5689 3709 5744 censeantur,

2145 5789 2236 5861 qui
2271 5789 2336 5844 ad
2365 5787 2613 5842 eumdem
2649 5801 2850 5840 annum
2875 5799 2996 5839 tera:
3021 5791 3223 5837 nostra:
3255 5778 3500 5835 diversas
3537 5789 3714 5830 anno~

2145 5897 2264 5937 rum
2316 5893 2561 5934 summas
2601 5876 2893 5947 colligunt;
2935 5873 3044 5928 duo
3097 5877 3246 5936 sunt,
3286 5885 3393 5924 non
3447 5875 3578 5928 tres,
3634 5864 3710 5918 illi
