  <div class='ocr_page' id='page_1' title='image "/cluster/home/n/w/nwhite01/storage/ocr_20150623/19:no.1/coo.31924054872993/722.png"; bbox 0 0 4124 6420; ppageno 0'>
   <div class='ocr_carea' id='block_1_1' title="bbox 418 485 548 534">
    <p class='ocr_par' dir='ltr' id='par_1_1' title="bbox 418 485 548 534">
     <span class='ocr_line' id='line_1_1' title="bbox 418 485 548 534; baseline 0 -1"><span class='ocrx_word' id='word_1_1' title='bbox 418 485 548 534; x_wconf 68' lang='grc'>1401</span> 
     </span>
    </p>
   </div>
   <div class='ocr_carea' id='block_1_2' title="bbox 416 688 1984 756">
    <p class='ocr_par' dir='ltr' id='par_1_2' title="bbox 416 688 1984 756">
     <span class='ocr_line' id='line_1_2' title="bbox 416 688 1984 756; baseline -0.003 -12"><span class='ocrx_word' id='word_1_2' title='bbox 416 705 537 745; x_wconf 92' lang='lat' dir='ltr'><strong>mus</strong></span> <span class='ocrx_word' id='word_1_3' title='bbox 573 703 777 742; x_wconf 92' lang='lat' dir='ltr'><strong>annum</strong></span> <span class='ocrx_word' id='word_1_4' title='bbox 808 703 954 750; x_wconf 90' lang='lat' dir='ltr'><strong>eum,</strong></span> <span class='ocrx_word' id='word_1_5' title='bbox 985 688 1077 754; x_wconf 90' lang='lat' dir='ltr'><strong>qui</strong></span> <span class='ocrx_word' id='word_1_6' title='bbox 1111 688 1321 756; x_wconf 91' lang='lat' dir='ltr'><strong>primus</strong></span> <span class='ocrx_word' id='word_1_7' title='bbox 1349 694 1432 740; x_wconf 92' lang='lat' dir='ltr'><strong>est</strong></span> <span class='ocrx_word' id='word_1_8' title='bbox 1477 701 1600 740; x_wconf 66' lang='lat' dir='ltr'><strong>terte</strong></span> <span class='ocrx_word' id='word_1_9' title='bbox 1632 697 1851 751; x_wconf 64' lang='lat' dir='ltr'><strong>nostrae,</strong></span> <span class='ocrx_word' id='word_1_10' title='bbox 1884 702 1984 739; x_wconf 87' lang='lat' dir='ltr'><strong>nu-</strong></span> 
     </span>
    </p>
   </div>
   <div class='ocr_carea' id='block_1_3' title="bbox 416 775 1985 847">
    <p class='ocr_par' dir='ltr' id='par_1_3' title="bbox 416 775 1985 847">
     <span class='ocr_line' id='line_1_3' title="bbox 416 775 1985 847; baseline -0.001 -13"><span class='ocrx_word' id='word_1_11' title='bbox 416 786 590 834; x_wconf 89' lang='lat' dir='ltr'><strong>merat</strong></span> <span class='ocrx_word' id='word_1_12' title='bbox 639 778 708 832; x_wconf 90' lang='lat' dir='ltr'><strong>ab</strong></span> <span class='ocrx_word' id='word_1_13' title='bbox 742 776 952 831; x_wconf 82' lang='lat' dir='ltr'><strong>Adamo</strong></span> <span class='ocrx_word' id='word_1_14' title='bbox 980 775 1153 842; x_wconf 65' lang='lat'><strong>5493;</strong></span> <span class='ocrx_word' id='word_1_15' title='bbox 1184 775 1454 847; x_wconf 75' lang='lat' dir='ltr'><strong>posterior</strong></span> <span class='ocrx_word' id='word_1_16' title='bbox 1480 775 1642 838; x_wconf 92' lang='lat'><strong>5509,</strong></span> <span class='ocrx_word' id='word_1_17' title='bbox 1676 790 1775 829; x_wconf 92' lang='lat' dir='ltr'><strong>nec</strong></span> <span class='ocrx_word' id='word_1_18' title='bbox 1800 776 1985 846; x_wconf 86' lang='lat' dir='ltr'><strong>plures</strong></span> 
     </span>
    </p>
   </div>
   <div class='ocr_carea' id='block_1_4' title="bbox 415 865 1987 937">
    <p class='ocr_par' dir='ltr' id='par_1_4' title="bbox 415 865 1987 937">
     <span class='ocr_line' id='line_1_4' title="bbox 415 865 1987 937; baseline -0.003 -13"><span class='ocrx_word' id='word_1_19' title='bbox 415 869 727 924; x_wconf 61' lang='lat' dir='ltr'><strong>Grecorum</strong></span> <span class='ocrx_word' id='word_1_20' title='bbox 759 867 965 937; x_wconf 92' lang='lat' dir='ltr'><strong>antiqui</strong></span> <span class='ocrx_word' id='word_1_21' title='bbox 996 867 1332 935; x_wconf 76' lang='lat' dir='ltr'><strong>computista:</strong></span> <span class='ocrx_word' id='word_1_22' title='bbox 1361 877 1692 921; x_wconf 78' lang='lat' dir='ltr'><strong>memorant:</strong></span> <span class='ocrx_word' id='word_1_23' title='bbox 1717 867 1808 936; x_wconf 89' lang='lat' dir='ltr'><strong>qui</strong></span> <span class='ocrx_word' id='word_1_24' title='bbox 1840 865 1987 936; x_wconf 93' lang='lat' dir='ltr'><strong>prio-</strong></span> 
     </span>
    </p>
   </div>
   <div class='ocr_carea' id='block_1_5' title="bbox 415 942 1985 1027">
    <p class='ocr_par' dir='ltr' id='par_1_5' title="bbox 415 942 1985 1027">
     <span class='ocr_line' id='line_1_5' title="bbox 415 942 1985 1027; baseline -0.001 -13"><span class='ocrx_word' id='word_1_25' title='bbox 415 974 528 1014; x_wconf 87' lang='lat' dir='ltr'><strong>rem</strong></span> <span class='ocrx_word' id='word_1_26' title='bbox 556 966 754 1013; x_wconf 85' lang='lat' dir='ltr'><strong>vocant</strong></span> <span class='ocrx_word' id='word_1_27' title='bbox 801 957 942 1010; x_wconf 81' lang='grc' dir='ltr'><strong>κατὰ</strong></span> <span class='ocrx_word' id='word_1_28' title='bbox 972 955 1384 1027; x_wconf 81' lang='grc' dir='ltr'><strong>Ἀλεξανδρέας,</strong></span> <span class='ocrx_word' id='word_1_29' title='bbox 1422 972 1522 1014; x_wconf 82' lang='grc' dir='ltr'><strong>ηοε</strong></span> <span class='ocrx_word' id='word_1_30' title='bbox 1563 942 1985 1013; x_wconf 72' lang='lat' dir='ltr'><strong>Alexandrinam</strong></span> 
     </span>
    </p>
   </div>
   <div class='ocr_carea' id='block_1_6' title="bbox 415 1045 1986 1118">
    <p class='ocr_par' dir='ltr' id='par_1_6' title="bbox 415 1045 1986 1118">
     <span class='ocr_line' id='line_1_6' title="bbox 415 1045 1986 1118; baseline -0.001 -17"><span class='ocrx_word' id='word_1_31' title='bbox 415 1048 776 1118; x_wconf 87' lang='lat' dir='ltr'><strong>appellemus;</strong></span> <span class='ocrx_word' id='word_1_32' title='bbox 799 1045 1154 1116; x_wconf 79' lang='lat' dir='ltr'><strong>posteriorem</strong></span> <span class='ocrx_word' id='word_1_33' title='bbox 1185 1046 1325 1098; x_wconf 77' lang='grc' dir='ltr'><strong>κατὰ</strong></span> <span class='ocrx_word' id='word_1_34' title='bbox 1366 1046 1691 1117; x_wconf 78' lang='grc' dir='ltr'><strong>Ῥωμαίους,</strong></span> <span class='ocrx_word' id='word_1_35' title='bbox 1717 1063 1817 1102; x_wconf 90' lang='lat' dir='ltr'><strong>nos</strong></span> <span class='ocrx_word' id='word_1_36' title='bbox 1842 1046 1986 1102; x_wconf 51' lang='lat' dir='ltr'><strong>Conn</strong></span> 
     </span>
    </p>
   </div>
   <div class='ocr_carea' id='block_1_7' title="bbox 309 1135 1984 1208">
    <p class='ocr_par' dir='ltr' id='par_1_7' title="bbox 309 1135 1984 1208">
     <span class='ocr_line' id='line_1_7' title="bbox 309 1135 1984 1208; baseline -0.001 -15"><span class='ocrx_word' id='word_1_37' title='bbox 309 1166 321 1177; x_wconf 93' lang='lat'><strong><em>-</em></strong></span> <span class='ocrx_word' id='word_1_38' title='bbox 415 1137 983 1208; x_wconf 87' lang='lat' dir='ltr'><strong>stantinopolitanam,</strong></span> <span class='ocrx_word' id='word_1_39' title='bbox 1021 1150 1051 1189; x_wconf 91' lang='lat' dir='ltr'><strong>a</strong></span> <span class='ocrx_word' id='word_1_40' title='bbox 1083 1150 1224 1190; x_wconf 87' lang='lat' dir='ltr'><strong>nova</strong></span> <span class='ocrx_word' id='word_1_41' title='bbox 1280 1135 1453 1190; x_wconf 79' lang='lat' dir='ltr'><strong>Roma</strong></span> <span class='ocrx_word' id='word_1_42' title='bbox 1504 1137 1868 1192; x_wconf 86' lang='lat' dir='ltr'><strong>nominemus.</strong></span> <span class='ocrx_word' id='word_1_43' title='bbox 1906 1136 1984 1192; x_wconf 91' lang='lat' dir='ltr'><strong>lta</strong></span> 
     </span>
    </p>
   </div>
   <div class='ocr_carea' id='block_1_8' title="bbox 415 1225 1986 1300">
    <p class='ocr_par' dir='ltr' id='par_1_8' title="bbox 415 1225 1986 1300">
     <span class='ocr_line' id='line_1_8' title="bbox 415 1225 1986 1300; baseline -0.001 -16"><span class='ocrx_word' id='word_1_44' title='bbox 415 1230 774 1300; x_wconf 84' lang='lat' dir='ltr'><strong>Theophanes</strong></span> <span class='ocrx_word' id='word_1_45' title='bbox 806 1243 913 1283; x_wconf 91' lang='lat' dir='ltr'><strong>non</strong></span> <span class='ocrx_word' id='word_1_46' title='bbox 939 1242 1048 1281; x_wconf 93' lang='lat' dir='ltr'><strong>uno</strong></span> <span class='ocrx_word' id='word_1_47' title='bbox 1075 1227 1213 1281; x_wconf 94' lang='lat' dir='ltr'><strong>loco.</strong></span> <span class='ocrx_word' id='word_1_48' title='bbox 1239 1226 1308 1279; x_wconf 83' lang='lat' dir='ltr'><strong>At</strong></span> <span class='ocrx_word' id='word_1_49' title='bbox 1335 1225 1585 1298; x_wconf 78' lang='lat' dir='ltr'><strong>Scaliger</strong></span> <span class='ocrx_word' id='word_1_50' title='bbox 1619 1242 1789 1282; x_wconf 90' lang='lat' dir='ltr'><strong>novas</strong></span> <span class='ocrx_word' id='word_1_51' title='bbox 1819 1243 1986 1298; x_wconf 91' lang='lat' dir='ltr'><strong>quas-</strong></span> 
     </span>
    </p>
   </div>
   <div class='ocr_carea' id='block_1_9' title="bbox 414 1317 1985 1387">
    <p class='ocr_par' dir='ltr' id='par_1_9' title="bbox 414 1317 1985 1387">
     <span class='ocr_line' id='line_1_9' title="bbox 414 1317 1985 1387; baseline -0.001 -13"><span class='ocrx_word' id='word_1_52' title='bbox 414 1321 539 1375; x_wconf 93' lang='lat' dir='ltr'><strong>dam</strong></span> <span class='ocrx_word' id='word_1_53' title='bbox 579 1321 656 1373; x_wconf 93' lang='lat' dir='ltr'><strong>uti</strong></span> <span class='ocrx_word' id='word_1_54' title='bbox 691 1319 930 1373; x_wconf 86' lang='lat' dir='ltr'><strong>rationes</strong></span> <span class='ocrx_word' id='word_1_55' title='bbox 962 1331 1194 1372; x_wconf 69' lang='lat' dir='ltr'><strong>terarum</strong></span> <span class='ocrx_word' id='word_1_56' title='bbox 1245 1317 1494 1380; x_wconf 90' lang='lat' dir='ltr'><strong>istarum,</strong></span> <span class='ocrx_word' id='word_1_57' title='bbox 1539 1320 1621 1372; x_wconf 90' lang='lat' dir='ltr'><strong>sic</strong></span> <span class='ocrx_word' id='word_1_58' title='bbox 1666 1318 1985 1387; x_wconf 88' lang='lat' dir='ltr'><strong>appellatio-</strong></span> 
     </span>
    </p>
   </div>
   <div class='ocr_carea' id='block_1_10' title="bbox 415 1405 1984 1477">
    <p class='ocr_par' dir='ltr' id='par_1_10' title="bbox 415 1405 1984 1477">
     <span class='ocr_line' id='line_1_10' title="bbox 415 1405 1984 1477; baseline -0.003 -12"><span class='ocrx_word' id='word_1_59' title='bbox 415 1426 513 1465; x_wconf 85' lang='lat' dir='ltr'><strong>nes</strong></span> <span class='ocrx_word' id='word_1_60' title='bbox 557 1408 905 1477; x_wconf 75' lang='lat' dir='ltr'><strong>excogitavit,</strong></span> <span class='ocrx_word' id='word_1_61' title='bbox 943 1415 1206 1476; x_wconf 90' lang='lat' dir='ltr'><strong>utrasque</strong></span> <span class='ocrx_word' id='word_1_62' title='bbox 1237 1414 1415 1460; x_wconf 90' lang='lat' dir='ltr'><strong>autem</strong></span> <span class='ocrx_word' id='word_1_63' title='bbox 1445 1405 1673 1471; x_wconf 90' lang='lat' dir='ltr'><strong>alienas,</strong></span> <span class='ocrx_word' id='word_1_64' title='bbox 1703 1414 1758 1460; x_wconf 92' lang='lat' dir='ltr'><strong>et</strong></span> <span class='ocrx_word' id='word_1_65' title='bbox 1787 1407 1984 1461; x_wconf 89' lang='lat' dir='ltr'><strong>absur-</strong></span> 
     </span>
    </p>
   </div>
   <div class='ocr_carea' id='block_1_11' title="bbox 414 1496 1984 1570">
    <p class='ocr_par' dir='ltr' id='par_1_11' title="bbox 414 1496 1984 1570">
     <span class='ocr_line' id='line_1_11' title="bbox 414 1496 1984 1570; baseline -0.001 -16"><span class='ocrx_word' id='word_1_66' title='bbox 414 1501 536 1563; x_wconf 88' lang='lat' dir='ltr'><strong>das,</strong></span> <span class='ocrx_word' id='word_1_67' title='bbox 566 1515 702 1570; x_wconf 90' lang='lat' dir='ltr'><strong>quas</strong></span> <span class='ocrx_word' id='word_1_68' title='bbox 725 1498 818 1553; x_wconf 88' lang='lat' dir='ltr'><strong>lib.</strong></span> <span class='ocrx_word' id='word_1_69' title='bbox 855 1497 922 1550; x_wconf 81' lang='lat' dir='ltr'><strong>IX</strong></span> <span class='ocrx_word' id='word_1_70' title='bbox 951 1496 1028 1552; x_wconf 85' lang='lat' dir='ltr'><strong>De</strong></span> <span class='ocrx_word' id='word_1_71' title='bbox 1041 1497 1281 1552; x_wconf 78' lang='lat' dir='ltr'><strong>doctrina</strong></span> <span class='ocrx_word' id='word_1_72' title='bbox 1311 1508 1622 1567; x_wconf 81' lang='lat' dir='ltr'><strong>temporum,</strong></span> <span class='ocrx_word' id='word_1_73' title='bbox 1655 1511 1776 1568; x_wconf 86' lang='lat' dir='ltr'><strong>cap.</strong></span> <span class='ocrx_word' id='word_1_74' title='bbox 1802 1497 1868 1562; x_wconf 72' lang='grc' dir='ltr'>γ,</span> <span class='ocrx_word' id='word_1_75' title='bbox 1898 1513 1984 1553; x_wconf 85' lang='lat' dir='ltr'><strong>re-</strong></span> 
     </span>
    </p>
   </div>
   <div class='ocr_carea' id='block_1_12' title="bbox 417 1585 1983 1660">
    <p class='ocr_par' dir='ltr' id='par_1_12' title="bbox 417 1585 1983 1660">
     <span class='ocr_line' id='line_1_12' title="bbox 417 1585 1983 1660; baseline -0.002 -16"><span class='ocrx_word' id='word_1_76' title='bbox 417 1590 673 1655; x_wconf 91' lang='lat' dir='ltr'><strong>fellimus,</strong></span> <span class='ocrx_word' id='word_1_77' title='bbox 725 1604 789 1644; x_wconf 91' lang='lat' dir='ltr'><strong>ac</strong></span> <span class='ocrx_word' id='word_1_78' title='bbox 837 1588 905 1644; x_wconf 89' lang='lat' dir='ltr'><strong>de</strong></span> <span class='ocrx_word' id='word_1_79' title='bbox 935 1589 1003 1644; x_wconf 90' lang='lat' dir='ltr'><strong>iis</strong></span> <span class='ocrx_word' id='word_1_80' title='bbox 1043 1585 1204 1659; x_wconf 91' lang='lat' dir='ltr'><strong>paulo</strong></span> <span class='ocrx_word' id='word_1_81' title='bbox 1235 1596 1357 1658; x_wconf 89' lang='lat' dir='ltr'><strong>post</strong></span> <span class='ocrx_word' id='word_1_82' title='bbox 1380 1588 1576 1643; x_wconf 91' lang='lat' dir='ltr'><strong>iterum</strong></span> <span class='ocrx_word' id='word_1_83' title='bbox 1594 1602 1837 1660; x_wconf 83' lang='lat' dir='ltr'><strong>agemus.</strong></span> <span class='ocrx_word' id='word_1_84' title='bbox 1865 1586 1983 1642; x_wconf 88' lang='lat' dir='ltr'><strong>Erit</strong></span> 
     </span>
    </p>
   </div>
   <div class='ocr_carea' id='block_1_13' title="bbox 414 1677 1982 1749">
    <p class='ocr_par' dir='ltr' id='par_1_13' title="bbox 414 1677 1982 1749">
     <span class='ocr_line' id='line_1_13' title="bbox 414 1677 1982 1749; baseline -0.001 -17"><span class='ocrx_word' id='word_1_85' title='bbox 414 1679 506 1749; x_wconf 91' lang='lat' dir='ltr'><strong>qui</strong></span> <span class='ocrx_word' id='word_1_86' title='bbox 538 1679 605 1732; x_wconf 87' lang='lat' dir='ltr'><strong>ad</strong></span> <span class='ocrx_word' id='word_1_87' title='bbox 639 1678 760 1732; x_wconf 91' lang='lat' dir='ltr'><strong>illas</strong></span> <span class='ocrx_word' id='word_1_88' title='bbox 787 1677 924 1733; x_wconf 91' lang='lat' dir='ltr'><strong>duas</strong></span> <span class='ocrx_word' id='word_1_89' title='bbox 952 1679 1171 1732; x_wconf 88' lang='lat' dir='ltr'><strong>tertiam</strong></span> <span class='ocrx_word' id='word_1_90' title='bbox 1195 1685 1349 1747; x_wconf 91' lang='lat' dir='ltr'><strong>putet</strong></span> <span class='ocrx_word' id='word_1_91' title='bbox 1398 1677 1825 1748; x_wconf 87' lang='lat' dir='ltr'><strong>adjungendam,</strong></span> <span class='ocrx_word' id='word_1_92' title='bbox 1860 1692 1982 1748; x_wconf 65' lang='lat' dir='ltr'><strong>quae</strong></span> 
     </span>
    </p>
   </div>
   <div class='ocr_carea' id='block_1_14' title="bbox 413 1768 1981 1839">
    <p class='ocr_par' dir='ltr' id='par_1_14' title="bbox 413 1768 1981 1839">
     <span class='ocr_line' id='line_1_14' title="bbox 413 1768 1981 1839; baseline -0.001 -16"><span class='ocrx_word' id='word_1_93' title='bbox 413 1785 614 1823; x_wconf 90' lang='lat' dir='ltr'><strong>annum</strong></span> <span class='ocrx_word' id='word_1_94' title='bbox 639 1769 1055 1834; x_wconf 90' lang='lat' dir='ltr'><strong>lncarnationis,</strong></span> <span class='ocrx_word' id='word_1_95' title='bbox 1081 1777 1137 1826; x_wconf 90' lang='lat' dir='ltr'><strong>et</strong></span> <span class='ocrx_word' id='word_1_96' title='bbox 1159 1769 1358 1824; x_wconf 86' lang='lat' dir='ltr'><strong>natalis</strong></span> <span class='ocrx_word' id='word_1_97' title='bbox 1379 1776 1659 1839; x_wconf 85' lang='lat' dir='ltr'><strong>computat</strong></span> <span class='ocrx_word' id='word_1_98' title='bbox 1687 1771 1757 1823; x_wconf 90' lang='lat' dir='ltr'><strong>ab</strong></span> <span class='ocrx_word' id='word_1_99' title='bbox 1773 1768 1981 1822; x_wconf 79' lang='lat' dir='ltr'><strong>Adamo</strong></span> 
     </span>
    </p>
   </div>
   <div class='ocr_carea' id='block_1_15' title="bbox 413 1857 1980 1931">
    <p class='ocr_par' dir='ltr' id='par_1_15' title="bbox 413 1857 1980 1931">
     <span class='ocr_line' id='line_1_15' title="bbox 413 1857 1980 1931; baseline -0.002 -16"><span class='ocrx_word' id='word_1_100' title='bbox 413 1860 571 1924; x_wconf 89' lang='lat'><strong>5507,</strong></span> <span class='ocrx_word' id='word_1_101' title='bbox 597 1857 761 1931; x_wconf 83' lang='lat' dir='ltr'><strong>quam</strong></span> <span class='ocrx_word' id='word_1_102' title='bbox 786 1860 1048 1915; x_wconf 86' lang='lat' dir='ltr'><strong>adhibent</strong></span> <span class='ocrx_word' id='word_1_103' title='bbox 1089 1867 1343 1915; x_wconf 89' lang='lat' dir='ltr'><strong>auctores</strong></span> <span class='ocrx_word' id='word_1_104' title='bbox 1385 1860 1590 1930; x_wconf 88' lang='lat' dir='ltr'><strong>aliqui,</strong></span> <span class='ocrx_word' id='word_1_105' title='bbox 1643 1867 1702 1914; x_wconf 91' lang='lat' dir='ltr'><strong>ut</strong></span> <span class='ocrx_word' id='word_1_106' title='bbox 1742 1859 1980 1913; x_wconf 74' lang='lat' dir='ltr'><strong>Alexan-</strong></span> 
     </span>
    </p>
   </div>
   <div class='ocr_carea' id='block_1_16' title="bbox 1398 473 2674 534">
    <p class='ocr_par' dir='ltr' id='par_1_16' title="bbox 1398 473 2674 534">
     <span class='ocr_line' id='line_1_16' title="bbox 1398 473 2674 534; baseline 0.002 -4"><span class='ocrx_word' id='word_1_107' title='bbox 1398 473 1856 532; x_wconf 70' lang='lat' dir='ltr'><strong>DISSERTATIO</strong></span> <span class='ocrx_word' id='word_1_108' title='bbox 1897 475 1984 530; x_wconf 86' lang='lat' dir='ltr'><strong>DE</strong></span> <span class='ocrx_word' id='word_1_109' title='bbox 2016 474 2429 534; x_wconf 64' lang='lat' dir='ltr'><strong>GRACORUM</strong></span> <span class='ocrx_word' id='word_1_110' title='bbox 2469 475 2674 532; x_wconf 59' lang='lat' dir='ltr'><strong>ERIS.</strong></span> 
     </span>
    </p>
   </div>
   <div class='ocr_carea' id='block_1_17' title="bbox 416 594 2061 666">
    <p class='ocr_par' dir='ltr' id='par_1_17' title="bbox 416 594 2061 666">
     <span class='ocr_line' id='line_1_17' title="bbox 416 594 2061 666; baseline -0.003 -13"><span class='ocrx_word' id='word_1_111' title='bbox 416 600 728 653; x_wconf 65' lang='lat' dir='ltr'><strong>Graecorum</strong></span> <span class='ocrx_word' id='word_1_112' title='bbox 764 597 1040 666; x_wconf 90' lang='lat' dir='ltr'><strong>computi;</strong></span> <span class='ocrx_word' id='word_1_113' title='bbox 1075 611 1309 666; x_wconf 91' lang='lat' dir='ltr'><strong>quorum</strong></span> <span class='ocrx_word' id='word_1_114' title='bbox 1353 594 1524 665; x_wconf 88' lang='lat' dir='ltr'><strong>prior,</strong></span> <span class='ocrx_word' id='word_1_115' title='bbox 1568 601 1623 650; x_wconf 90' lang='lat' dir='ltr'><strong>et</strong></span> <span class='ocrx_word' id='word_1_116' title='bbox 1667 594 1985 664; x_wconf 89' lang='lat' dir='ltr'><strong>antiquissi-</strong></span> <span class='ocrx_word' id='word_1_117' title='bbox 2010 599 2061 656; x_wconf 81' lang='grc' dir='ltr'><strong>Α</strong></span> 
     </span>
    </p>
   </div>
   <div class='ocr_carea' id='block_1_18' title="bbox 3519 478 3658 534">
    <p class='ocr_par' dir='ltr' id='par_1_18' title="bbox 3519 478 3658 534">
     <span class='ocr_line' id='line_1_18' title="bbox 3519 478 3658 534; baseline 0 -2"><span class='ocrx_word' id='word_1_118' title='bbox 3519 479 3543 532; x_wconf 76' lang='grc'><strong>1</strong></span> <span class='ocrx_word' id='word_1_119' title='bbox 3558 478 3658 534; x_wconf 65' lang='lat'><strong>102</strong></span> 
     </span>
    </p>
   </div>
   <div class='ocr_carea' id='block_1_19' title="bbox 2698 588 3037 648">
    <p class='ocr_par' dir='ltr' id='par_1_19' title="bbox 2698 588 3037 648">
     <span class='ocr_line' id='line_1_19' title="bbox 2698 588 3037 648; baseline 0.015 -5"><span class='ocrx_word' id='word_1_120' title='bbox 2698 588 2930 647; x_wconf 85' lang='lat' dir='ltr'><strong>CAPUT</strong></span> <span class='ocrx_word' id='word_1_121' title='bbox 2975 589 3037 648; x_wconf 80' lang='lat' dir='ltr'><strong>ll.</strong></span> 
     </span>
    </p>
   </div>
   <div class='ocr_carea' id='block_1_20' title="bbox 2086 727 3659 798">
    <p class='ocr_par' dir='ltr' id='par_1_20' title="bbox 2086 727 3659 798">
     <span class='ocr_line' id='line_1_20' title="bbox 2086 727 3659 798; baseline 0.001 -15"><span class='ocrx_word' id='word_1_122' title='bbox 2086 729 2163 784; x_wconf 85' lang='lat' dir='ltr'><strong>De</strong></span> <span class='ocrx_word' id='word_1_123' title='bbox 2192 739 2436 798; x_wconf 81' lang='lat' dir='ltr'><strong>computo</strong></span> <span class='ocrx_word' id='word_1_124' title='bbox 2465 729 2650 783; x_wconf 81' lang='lat' dir='ltr'><strong>annali</strong></span> <span class='ocrx_word' id='word_1_125' title='bbox 2678 743 2928 790; x_wconf 82' lang='lat' dir='ltr'><strong>veterum,</strong></span> <span class='ocrx_word' id='word_1_126' title='bbox 2971 729 3229 798; x_wconf 75' lang='lat' dir='ltr'><strong>imprimis</strong></span> <span class='ocrx_word' id='word_1_127' title='bbox 3259 727 3503 798; x_wconf 77' lang='lat' dir='ltr'><strong>Africani</strong></span> <span class='ocrx_word' id='word_1_128' title='bbox 3549 747 3659 784; x_wconf 77' lang='lat' dir='ltr'><strong>me-</strong></span> 
     </span>
    </p>
   </div>
   <div class='ocr_carea' id='block_1_21' title="bbox 2160 798 3659 868">
    <p class='ocr_par' dir='ltr' id='par_1_21' title="bbox 2160 798 3659 868">
     <span class='ocr_line' id='line_1_21' title="bbox 2160 798 3659 868; baseline -0.001 -14"><span class='ocrx_word' id='word_1_129' title='bbox 2160 800 2304 854; x_wconf 79' lang='lat' dir='ltr'><strong>tltodi</strong></span> <span class='ocrx_word' id='word_1_130' title='bbox 2355 801 2577 853; x_wconf 78' lang='lat' dir='ltr'><strong>vinculis</strong></span> <span class='ocrx_word' id='word_1_131' title='bbox 2616 800 2808 852; x_wconf 75' lang='lat' dir='ltr'><strong>soluto.</strong></span> <span class='ocrx_word' id='word_1_132' title='bbox 2857 799 3107 866; x_wconf 82' lang='lat' dir='ltr'><strong>Ejusdem</strong></span> <span class='ocrx_word' id='word_1_133' title='bbox 3147 801 3392 868; x_wconf 76' lang='lat' dir='ltr'><strong>Africani</strong></span> <span class='ocrx_word' id='word_1_134' title='bbox 3432 798 3659 854; x_wconf 80' lang='lat' dir='ltr'><strong>Chroni-</strong></span> 
     </span>
    </p>
   </div>
   <div class='ocr_carea' id='block_1_22' title="bbox 2154 867 3660 939">
    <p class='ocr_par' dir='ltr' id='par_1_22' title="bbox 2154 867 3660 939">
     <span class='ocr_line' id='line_1_22' title="bbox 2154 867 3660 939; baseline 0.001 -16"><span class='ocrx_word' id='word_1_135' title='bbox 2154 887 2272 924; x_wconf 89' lang='lat' dir='ltr'><strong>cum</strong></span> <span class='ocrx_word' id='word_1_136' title='bbox 2302 885 2429 936; x_wconf 80' lang='lat' dir='ltr'><strong>opus</strong></span> <span class='ocrx_word' id='word_1_137' title='bbox 2459 870 2784 922; x_wconf 77' lang='lat' dir='ltr'><strong>illustratur.</strong></span> <span class='ocrx_word' id='word_1_138' title='bbox 2811 867 2990 923; x_wconf 81' lang='lat' dir='ltr'><strong>Photii</strong></span> <span class='ocrx_word' id='word_1_139' title='bbox 3025 869 3280 924; x_wconf 84' lang='lat' dir='ltr'><strong>obscurus</strong></span> <span class='ocrx_word' id='word_1_140' title='bbox 3316 869 3460 924; x_wconf 81' lang='lat' dir='ltr'><strong>locus</strong></span> <span class='ocrx_word' id='word_1_141' title='bbox 3491 870 3660 939; x_wconf 77' lang='lat' dir='ltr'><strong>expli-</strong></span> 
     </span>
    </p>
   </div>
   <div class='ocr_carea' id='block_1_23' title="bbox 2154 939 2802 1008">
    <p class='ocr_par' dir='ltr' id='par_1_23' title="bbox 2154 939 2802 1008">
     <span class='ocr_line' id='line_1_23' title="bbox 2154 939 2802 1008; baseline -0.005 -14"><span class='ocrx_word' id='word_1_142' title='bbox 2154 951 2329 995; x_wconf 83' lang='lat' dir='ltr'><strong>catur.</strong></span> <span class='ocrx_word' id='word_1_143' title='bbox 2366 939 2510 995; x_wconf 80' lang='lat' dir='ltr'><strong>Cesti</strong></span> <span class='ocrx_word' id='word_1_144' title='bbox 2539 939 2802 1008; x_wconf 79' lang='lat' dir='ltr'><strong>Africani.</strong></span> 
     </span>
    </p>
   </div>
   <div class='ocr_carea' id='block_1_24' title="bbox 2154 1049 3656 1108">
    <p class='ocr_par' dir='ltr' id='par_1_24' title="bbox 2154 1049 3656 1108">
     <span class='ocr_line' id='line_1_24' title="bbox 2154 1049 3656 1108; baseline 0 -2"><span class='ocrx_word' id='word_1_145' title='bbox 2154 1050 2379 1107; x_wconf 82' lang='lat' dir='ltr'><strong>Veteres</strong></span> <span class='ocrx_word' id='word_1_146' title='bbox 2410 1051 2466 1106; x_wconf 94' lang='lat' dir='ltr'><strong>in</strong></span> <span class='ocrx_word' id='word_1_147' title='bbox 2509 1050 2718 1106; x_wconf 60' lang='lat' dir='ltr'><strong>Graecia</strong></span> <span class='ocrx_word' id='word_1_148' title='bbox 2746 1049 3047 1108; x_wconf 86' lang='lat' dir='ltr'><strong>Christiani</strong></span> <span class='ocrx_word' id='word_1_149' title='bbox 3079 1051 3136 1106; x_wconf 89' lang='lat' dir='ltr'><strong>in</strong></span> <span class='ocrx_word' id='word_1_150' title='bbox 3164 1050 3322 1106; x_wconf 87' lang='lat' dir='ltr'><strong>annis</strong></span> <span class='ocrx_word' id='word_1_151' title='bbox 3353 1051 3421 1106; x_wconf 86' lang='lat' dir='ltr'><strong>ab</strong></span> <span class='ocrx_word' id='word_1_152' title='bbox 3447 1051 3656 1106; x_wconf 82' lang='lat' dir='ltr'><strong>Adamo</strong></span> 
     </span>
    </p>
   </div>
   <div class='ocr_carea' id='block_1_25' title="bbox 2085 1142 3658 1214">
    <p class='ocr_par' dir='ltr' id='par_1_25' title="bbox 2085 1142 3658 1214">
     <span class='ocr_line' id='line_1_25' title="bbox 2085 1142 3658 1214; baseline 0 -18"><span class='ocrx_word' id='word_1_153' title='bbox 2085 1145 2340 1214; x_wconf 86' lang='lat' dir='ltr'><strong>putandis</strong></span> <span class='ocrx_word' id='word_1_154' title='bbox 2387 1143 2525 1208; x_wconf 88' lang='lat' dir='ltr'><strong>sola,</strong></span> <span class='ocrx_word' id='word_1_155' title='bbox 2555 1157 2676 1213; x_wconf 62' lang='lat' dir='ltr'><strong>qua:</strong></span> <span class='ocrx_word' id='word_1_156' title='bbox 2722 1142 2778 1196; x_wconf 92' lang='lat' dir='ltr'><strong>in</strong></span> <span class='ocrx_word' id='word_1_157' title='bbox 2813 1143 2988 1199; x_wconf 89' lang='lat' dir='ltr'><strong>sacris</strong></span> <span class='ocrx_word' id='word_1_158' title='bbox 3039 1142 3193 1198; x_wconf 89' lang='lat' dir='ltr'><strong>libris</strong></span> <span class='ocrx_word' id='word_1_159' title='bbox 3219 1149 3457 1206; x_wconf 81' lang='lat' dir='ltr'><strong>exstant,</strong></span> <span class='ocrx_word' id='word_1_160' title='bbox 3487 1143 3658 1198; x_wconf 89' lang='lat' dir='ltr'><strong>inter-</strong></span> 
     </span>
    </p>
   </div>
   <div class='ocr_carea' id='block_1_26' title="bbox 2083 1233 3656 1306">
    <p class='ocr_par' dir='ltr' id='par_1_26' title="bbox 2083 1233 3656 1306">
     <span class='ocr_line' id='line_1_26' title="bbox 2083 1233 3656 1306; baseline 0.001 -16"><span class='ocrx_word' id='word_1_161' title='bbox 2083 1237 2224 1290; x_wconf 87' lang='lat' dir='ltr'><strong>valla</strong></span> <span class='ocrx_word' id='word_1_162' title='bbox 2255 1237 2611 1306; x_wconf 87' lang='lat' dir='ltr'><strong>spectabant;</strong></span> <span class='ocrx_word' id='word_1_163' title='bbox 2659 1250 2760 1290; x_wconf 92' lang='lat' dir='ltr'><strong>nec</strong></span> <span class='ocrx_word' id='word_1_164' title='bbox 2797 1235 3022 1290; x_wconf 85' lang='lat' dir='ltr'><strong>annales</strong></span> <span class='ocrx_word' id='word_1_165' title='bbox 3049 1243 3338 1304; x_wconf 88' lang='lat' dir='ltr'><strong>computos</strong></span> <span class='ocrx_word' id='word_1_166' title='bbox 3383 1249 3514 1290; x_wconf 89' lang='lat' dir='ltr'><strong>suos</strong></span> <span class='ocrx_word' id='word_1_167' title='bbox 3544 1233 3656 1291; x_wconf 86' lang='lat' dir='ltr'><strong>ulla</strong></span> 
     </span>
    </p>
   </div>
   <div class='ocr_carea' id='block_1_27' title="bbox 2084 1323 3656 1396">
    <p class='ocr_par' dir='ltr' id='par_1_27' title="bbox 2084 1323 3656 1396">
     <span class='ocr_line' id='line_1_27' title="bbox 2084 1323 3656 1396; baseline -0.001 -18"><span class='ocrx_word' id='word_1_168' title='bbox 2084 1325 2396 1396; x_wconf 88' lang='lat' dir='ltr'><strong>paschalem</strong></span> <span class='ocrx_word' id='word_1_169' title='bbox 2454 1324 2522 1380; x_wconf 88' lang='lat' dir='ltr'><strong>ad</strong></span> <span class='ocrx_word' id='word_1_170' title='bbox 2580 1323 2896 1380; x_wconf 88' lang='lat' dir='ltr'><strong>methodum</strong></span> <span class='ocrx_word' id='word_1_171' title='bbox 2948 1324 3152 1396; x_wconf 83' lang='grc' dir='ltr'><strong>σχέσει,</strong></span> <span class='ocrx_word' id='word_1_172' title='bbox 3181 1325 3266 1378; x_wconf 83' lang='lat' dir='ltr'><strong>vel</strong></span> <span class='ocrx_word' id='word_1_173' title='bbox 3293 1323 3527 1379; x_wconf 83' lang='lat' dir='ltr'><strong>artificio</strong></span> <span class='ocrx_word' id='word_1_174' title='bbox 3552 1326 3656 1377; x_wconf 85' lang='lat' dir='ltr'><strong>im-</strong></span> 
     </span>
    </p>
   </div>
   <div class='ocr_carea' id='block_1_28' title="bbox 2083 1415 3656 1490">
    <p class='ocr_par' dir='ltr' id='par_1_28' title="bbox 2083 1415 3656 1490">
     <span class='ocr_line' id='line_1_28' title="bbox 2083 1415 3656 1490; baseline -0.001 -19"><span class='ocrx_word' id='word_1_175' title='bbox 2083 1419 2314 1490; x_wconf 85' lang='lat' dir='ltr'><strong>plicatos</strong></span> <span class='ocrx_word' id='word_1_176' title='bbox 2362 1418 2675 1474; x_wconf 89' lang='lat' dir='ltr'><strong>habebant:</strong></span> <span class='ocrx_word' id='word_1_177' title='bbox 2713 1417 2782 1472; x_wconf 89' lang='lat' dir='ltr'><strong>ad</strong></span> <span class='ocrx_word' id='word_1_178' title='bbox 2811 1417 2956 1489; x_wconf 90' lang='lat' dir='ltr'><strong>quod</strong></span> <span class='ocrx_word' id='word_1_179' title='bbox 3009 1415 3268 1486; x_wconf 81' lang='lat' dir='ltr'><strong>deinceps</strong></span> <span class='ocrx_word' id='word_1_180' title='bbox 3314 1431 3656 1486; x_wconf 89' lang='lat' dir='ltr'><strong>consequen-</strong></span> 
     </span>
    </p>
   </div>
   <div class='ocr_carea' id='block_1_29' title="bbox 2082 1506 3654 1580">
    <p class='ocr_par' dir='ltr' id='par_1_29' title="bbox 2082 1506 3654 1580">
     <span class='ocr_line' id='line_1_29' title="bbox 2082 1506 3654 1580; baseline -0.003 -16"><span class='ocrx_word' id='word_1_181' title='bbox 2082 1512 2218 1565; x_wconf 91' lang='lat' dir='ltr'><strong>tium</strong></span> <span class='ocrx_word' id='word_1_182' title='bbox 2248 1510 2369 1566; x_wconf 91' lang='lat' dir='ltr'><strong>illos</strong></span> <span class='ocrx_word' id='word_1_183' title='bbox 2402 1518 2706 1580; x_wconf 88' lang='lat' dir='ltr'><strong>temporum</strong></span> <span class='ocrx_word' id='word_1_184' title='bbox 2741 1509 2993 1565; x_wconf 81' lang='lat' dir='ltr'><strong>formavit</strong></span> <span class='ocrx_word' id='word_1_185' title='bbox 3024 1507 3320 1562; x_wconf 88' lang='lat' dir='ltr'><strong>industria.</strong></span> <span class='ocrx_word' id='word_1_186' title='bbox 3387 1506 3454 1564; x_wconf 88' lang='lat' dir='ltr'><strong>Ut</strong></span> <span class='ocrx_word' id='word_1_187' title='bbox 3487 1507 3654 1578; x_wconf 80' lang='lat' dir='ltr'><strong>igitur</strong></span> 
     </span>
    </p>
   </div>
   <div class='ocr_carea' id='block_1_30' title="bbox 2081 1599 3654 1674">
    <p class='ocr_par' dir='ltr' id='par_1_30' title="bbox 2081 1599 3654 1674">
     <span class='ocr_line' id='line_1_30' title="bbox 2081 1599 3654 1674; baseline -0.004 -17"><span class='ocrx_word' id='word_1_188' title='bbox 2081 1603 2316 1674; x_wconf 90' lang='lat' dir='ltr'><strong>quisque</strong></span> <span class='ocrx_word' id='word_1_189' title='bbox 2349 1603 2601 1674; x_wconf 88' lang='lat' dir='ltr'><strong>pluribus</strong></span> <span class='ocrx_word' id='word_1_190' title='bbox 2633 1611 2729 1656; x_wconf 91' lang='lat' dir='ltr'><strong>aut</strong></span> <span class='ocrx_word' id='word_1_191' title='bbox 2760 1600 3112 1672; x_wconf 89' lang='lat' dir='ltr'><strong>paucioribus</strong></span> <span class='ocrx_word' id='word_1_192' title='bbox 3155 1600 3316 1655; x_wconf 90' lang='lat' dir='ltr'><strong>annis</strong></span> <span class='ocrx_word' id='word_1_193' title='bbox 3355 1599 3530 1670; x_wconf 86' lang='lat' dir='ltr'><strong>spatia</strong></span> <span class='ocrx_word' id='word_1_194' title='bbox 3561 1599 3654 1651; x_wconf 87' lang='lat' dir='ltr'><strong>illa</strong></span> 
     </span>
    </p>
   </div>
   <div class='ocr_carea' id='block_1_31' title="bbox 2082 1688 3654 1761">
    <p class='ocr_par' dir='ltr' id='par_1_31' title="bbox 2082 1688 3654 1761">
     <span class='ocr_line' id='line_1_31' title="bbox 2082 1688 3654 1761; baseline -0.003 -16"><span class='ocrx_word' id='word_1_195' title='bbox 2082 1693 2429 1758; x_wconf 85' lang='lat' dir='ltr'><strong>terminabat,</strong></span> <span class='ocrx_word' id='word_1_196' title='bbox 2467 1693 2542 1746; x_wconf 89' lang='lat' dir='ltr'><strong>ita</strong></span> <span class='ocrx_word' id='word_1_197' title='bbox 2592 1692 2831 1761; x_wconf 89' lang='lat' dir='ltr'><strong>majores</strong></span> <span class='ocrx_word' id='word_1_198' title='bbox 2872 1690 3182 1745; x_wconf 85' lang='lat' dir='ltr'><strong>minoresve</strong></span> <span class='ocrx_word' id='word_1_199' title='bbox 3214 1705 3458 1745; x_wconf 90' lang='lat' dir='ltr'><strong>summas</strong></span> <span class='ocrx_word' id='word_1_200' title='bbox 3496 1688 3654 1742; x_wconf 91' lang='lat' dir='ltr'><strong>adbi-</strong></span> 
     </span>
    </p>
   </div>
   <div class='ocr_carea' id='block_1_32' title="bbox 2080 1778 3653 1852">
    <p class='ocr_par' dir='ltr' id='par_1_32' title="bbox 2080 1778 3653 1852">
     <span class='ocr_line' id='line_1_32' title="bbox 2080 1778 3653 1852; baseline -0.003 -15"><span class='ocrx_word' id='word_1_201' title='bbox 2080 1782 2260 1845; x_wconf 90' lang='lat' dir='ltr'><strong>bebat,</strong></span> <span class='ocrx_word' id='word_1_202' title='bbox 2293 1796 2402 1852; x_wconf 91' lang='lat' dir='ltr'><strong>qua</strong></span> <span class='ocrx_word' id='word_1_203' title='bbox 2451 1781 2520 1837; x_wconf 93' lang='lat' dir='ltr'><strong>de</strong></span> <span class='ocrx_word' id='word_1_204' title='bbox 2565 1781 2888 1852; x_wconf 91' lang='lat' dir='ltr'><strong>opinionum</strong></span> <span class='ocrx_word' id='word_1_205' title='bbox 2934 1780 3199 1834; x_wconf 87' lang='lat' dir='ltr'><strong>varietate</strong></span> <span class='ocrx_word' id='word_1_206' title='bbox 3229 1778 3436 1834; x_wconf 90' lang='lat' dir='ltr'><strong>dictum</strong></span> <span class='ocrx_word' id='word_1_207' title='bbox 3480 1778 3653 1834; x_wconf 86' lang='lat' dir='ltr'><strong>estin</strong></span> 
     </span>
    </p>
   </div>
   <div class='ocr_carea' id='block_1_33' title="bbox 2082 1867 3190 1940">
    <p class='ocr_par' dir='ltr' id='par_1_33' title="bbox 2082 1867 3190 1940">
     <span class='ocr_line' id='line_1_33' title="bbox 2082 1867 3190 1940; baseline -0.003 -14"><span class='ocrx_word' id='word_1_208' title='bbox 2082 1888 2228 1928; x_wconf 91' lang='lat' dir='ltr'><strong>nono</strong></span> <span class='ocrx_word' id='word_1_209' title='bbox 2257 1872 2333 1926; x_wconf 89' lang='lat' dir='ltr'><strong>De</strong></span> <span class='ocrx_word' id='word_1_210' title='bbox 2351 1872 2595 1926; x_wconf 85' lang='lat' dir='ltr'><strong>doctrina</strong></span> <span class='ocrx_word' id='word_1_211' title='bbox 2623 1882 2936 1940; x_wconf 73' lang='lat' dir='ltr'><strong>temporum,</strong></span> <span class='ocrx_word' id='word_1_212' title='bbox 2966 1885 3089 1939; x_wconf 90' lang='lat' dir='ltr'><strong>cap.</strong></span> <span class='ocrx_word' id='word_1_213' title='bbox 3125 1867 3190 1923; x_wconf 89' lang='grc'>11.</span> 
     </span>
    </p>
   </div>
   <div class='ocr_carea' id='block_1_34' title="bbox 409 1935 1983 2027">
    <p class='ocr_par' dir='ltr' id='par_1_34' title="bbox 409 1935 1978 2020">
     <span class='ocr_line' id='line_1_34' title="bbox 409 1935 1978 2020; baseline -0.001 -15"><span class='ocrx_word' id='word_1_214' title='bbox 409 1935 622 2005; x_wconf 73' lang='lat' dir='ltr'><strong>drinum</strong></span> <span class='ocrx_word' id='word_1_215' title='bbox 659 1951 978 2014; x_wconf 86' lang='lat' dir='ltr'><strong>cltronicon;</strong></span> <span class='ocrx_word' id='word_1_216' title='bbox 1027 1965 1137 2005; x_wconf 92' lang='lat' dir='ltr'><strong>uno</strong></span> <span class='ocrx_word' id='word_1_217' title='bbox 1165 1952 1348 2006; x_wconf 85' lang='lat' dir='ltr'><strong>minu’s</strong></span> <span class='ocrx_word' id='word_1_218' title='bbox 1380 1949 1662 2005; x_wconf 90' lang='lat' dir='ltr'><strong>Cedrenus</strong></span> <span class='ocrx_word' id='word_1_219' title='bbox 1702 1948 1978 2020; x_wconf 69' lang='lat' dir='ltr'><strong>(pagJM)</strong></span> 
     </span>
    </p>
   </div>
   <div class='ocr_carea' id='block_1_35' title="bbox 2080 1935 3654 2027">
    <p class='ocr_par' dir='ltr' id='par_1_35' title="bbox 2151 1935 3654 2027">
     <span class='ocr_line' id='line_1_35' title="bbox 2151 1935 3654 2027; baseline -0.003 -11"><span class='ocrx_word' id='word_1_220' title='bbox 2151 1961 2297 2017; x_wconf 86' lang='lat' dir='ltr'><strong>Inter</strong></span> <span class='ocrx_word' id='word_1_221' title='bbox 2340 1962 2440 2017; x_wconf 91' lang='lat' dir='ltr'><strong>has</strong></span> <span class='ocrx_word' id='word_1_222' title='bbox 2474 1962 2707 2017; x_wconf 89' lang='lat' dir='ltr'><strong>celebris</strong></span> <span class='ocrx_word' id='word_1_223' title='bbox 2727 1935 2832 2016; x_wconf 30' lang='lat' dir='ltr'><strong>villa</strong></span> <span class='ocrx_word' id='word_1_224' title='bbox 2872 1958 2975 2012; x_wconf 93' lang='lat' dir='ltr'><strong>fuit</strong></span> <span class='ocrx_word' id='word_1_225' title='bbox 3024 1935 3269 2014; x_wconf 53' lang='lat' dir='ltr'><strong>Africani</strong></span> <span class='ocrx_word' id='word_1_226' title='bbox 3314 1956 3547 2027; x_wconf 91' lang='lat' dir='ltr'><strong>antiqui,</strong></span> <span class='ocrx_word' id='word_1_227' title='bbox 3598 1965 3654 2012; x_wconf 84' lang='lat' dir='ltr'><strong>et</strong></span> 
     </span>
    </p>
   </div>
   <div class='ocr_carea' id='block_1_36' title="bbox 411 2043 1981 2118">
    <p class='ocr_par' dir='ltr' id='par_1_36' title="bbox 411 2043 1981 2118">
     <span class='ocr_line' id='line_1_36' title="bbox 411 2043 1981 2118; baseline -0.001 -20"><span class='ocrx_word' id='word_1_228' title='bbox 411 2047 504 2118; x_wconf 88' lang='lat' dir='ltr'><strong>qui</strong></span> <span class='ocrx_word' id='word_1_229' title='bbox 533 2060 675 2099; x_wconf 93' lang='lat' dir='ltr'><strong>anno</strong></span> <span class='ocrx_word' id='word_1_230' title='bbox 704 2044 843 2100; x_wconf 87' lang='lat'><strong>5506</strong></span> <span class='ocrx_word' id='word_1_231' title='bbox 868 2043 921 2098; x_wconf 91' lang='lat' dir='ltr'><strong>id</strong></span> <span class='ocrx_word' id='word_1_232' title='bbox 953 2058 1076 2099; x_wconf 87' lang='lat' dir='ltr'><strong>esse</strong></span> <span class='ocrx_word' id='word_1_233' title='bbox 1112 2043 1315 2097; x_wconf 88' lang='lat' dir='ltr'><strong>factum</strong></span> <span class='ocrx_word' id='word_1_234' title='bbox 1347 2043 1566 2106; x_wconf 78' lang='lat' dir='ltr'><strong>asserit,</strong></span> <span class='ocrx_word' id='word_1_235' title='bbox 1611 2049 1666 2097; x_wconf 89' lang='lat' dir='ltr'><strong>et</strong></span> <span class='ocrx_word' id='word_1_236' title='bbox 1697 2043 1791 2113; x_wconf 90' lang='lat' dir='ltr'><strong>qui</strong></span> <span class='ocrx_word' id='word_1_237' title='bbox 1837 2057 1981 2097; x_wconf 90' lang='lat' dir='ltr'><strong>anno</strong></span> 
     </span>
    </p>
   </div>
   <div class='ocr_carea' id='block_1_37' title="bbox 409 2139 1979 2211">
    <p class='ocr_par' dir='ltr' id='par_1_37' title="bbox 409 2139 1979 2211">
     <span class='ocr_line' id='line_1_37' title="bbox 409 2139 1979 2211; baseline -0.001 -15"><span class='ocrx_word' id='word_1_238' title='bbox 409 2141 550 2197; x_wconf 85' lang='grc'>5500</span> <span class='ocrx_word' id='word_1_239' title='bbox 599 2148 777 2194; x_wconf 91' lang='lat' dir='ltr'><strong>ortum</strong></span> <span class='ocrx_word' id='word_1_240' title='bbox 821 2139 1068 2194; x_wconf 84' lang='lat' dir='ltr'><strong>Christi:</strong></span> <span class='ocrx_word' id='word_1_241' title='bbox 1116 2140 1427 2209; x_wconf 88' lang='lat' dir='ltr'><strong>passionem</strong></span> <span class='ocrx_word' id='word_1_242' title='bbox 1474 2139 1630 2211; x_wconf 56' lang='grc' dir='ltr'>ς5555</span> <span class='ocrx_word' id='word_1_243' title='bbox 1675 2140 1979 2211; x_wconf 77' lang='lat' dir='ltr'><strong>assignant,</strong></span> 
     </span>
    </p>
   </div>
   <div class='ocr_carea' id='block_1_38' title="bbox 408 2224 1983 2296">
    <p class='ocr_par' dir='ltr' id='par_1_38' title="bbox 408 2224 1983 2296">
     <span class='ocr_line' id='line_1_38' title="bbox 408 2224 1983 2296; baseline 0.001 -15"><span class='ocrx_word' id='word_1_244' title='bbox 408 2241 597 2282; x_wconf 89' lang='lat' dir='ltr'><strong>errare</strong></span> <span class='ocrx_word' id='word_1_245' title='bbox 616 2225 921 2280; x_wconf 90' lang='lat' dir='ltr'><strong>contendit.</strong></span> <span class='ocrx_word' id='word_1_246' title='bbox 955 2224 1059 2280; x_wconf 89' lang='lat' dir='ltr'><strong>Sed</strong></span> <span class='ocrx_word' id='word_1_247' title='bbox 1099 2224 1240 2280; x_wconf 88' lang='lat' dir='ltr'><strong>hanc</strong></span> <span class='ocrx_word' id='word_1_248' title='bbox 1271 2240 1435 2280; x_wconf 73' lang='lat' dir='ltr'><strong>seram</strong></span> <span class='ocrx_word' id='word_1_249' title='bbox 1467 2226 1536 2281; x_wconf 89' lang='lat' dir='ltr'><strong>ab</strong></span> <span class='ocrx_word' id='word_1_250' title='bbox 1569 2226 1685 2289; x_wconf 91' lang='lat' dir='ltr'><strong>illa,</strong></span> <span class='ocrx_word' id='word_1_251' title='bbox 1729 2242 1852 2296; x_wconf 69' lang='lat' dir='ltr'><strong>qua:</strong></span> <span class='ocrx_word' id='word_1_252' title='bbox 1899 2236 1983 2283; x_wconf 77' lang='lat' dir='ltr'><strong>est</strong></span> 
     </span>
    </p>
   </div>
   <div class='ocr_carea' id='block_1_39' title="bbox 407 2319 1980 2390">
    <p class='ocr_par' dir='ltr' id='par_1_39' title="bbox 407 2319 1980 2390">
     <span class='ocr_line' id='line_1_39' title="bbox 407 2319 1980 2390; baseline 0.001 -16"><span class='ocrx_word' id='word_1_253' title='bbox 407 2319 602 2384; x_wconf 82' lang='lat' dir='ltr'><strong>lsaaci,</strong></span> <span class='ocrx_word' id='word_1_254' title='bbox 665 2320 978 2390; x_wconf 89' lang='lat' dir='ltr'><strong>discrepare</strong></span> <span class='ocrx_word' id='word_1_255' title='bbox 1031 2334 1142 2374; x_wconf 92' lang='lat' dir='ltr'><strong>non</strong></span> <span class='ocrx_word' id='word_1_256' title='bbox 1204 2319 1459 2386; x_wconf 88' lang='lat' dir='ltr'><strong>arbitror,</strong></span> <span class='ocrx_word' id='word_1_257' title='bbox 1519 2321 1614 2375; x_wconf 88' lang='lat' dir='ltr'><strong>sed</strong></span> <span class='ocrx_word' id='word_1_258' title='bbox 1672 2320 1727 2373; x_wconf 90' lang='lat' dir='ltr'><strong>in</strong></span> <span class='ocrx_word' id='word_1_259' title='bbox 1791 2321 1980 2376; x_wconf 89' lang='lat' dir='ltr'><strong>eodem</strong></span> 
     </span>
    </p>
   </div>
   <div class='ocr_carea' id='block_1_40' title="bbox 407 2410 1978 2484">
    <p class='ocr_par' dir='ltr' id='par_1_40' title="bbox 407 2410 1978 2484">
     <span class='ocr_line' id='line_1_40' title="bbox 407 2410 1978 2484; baseline 0.001 -17"><span class='ocrx_word' id='word_1_260' title='bbox 407 2423 667 2484; x_wconf 89' lang='lat' dir='ltr'><strong>computo</strong></span> <span class='ocrx_word' id='word_1_261' title='bbox 693 2413 968 2468; x_wconf 89' lang='lat' dir='ltr'><strong>diversum</strong></span> <span class='ocrx_word' id='word_1_262' title='bbox 996 2427 1197 2467; x_wconf 90' lang='lat' dir='ltr'><strong>annum</strong></span> <span class='ocrx_word' id='word_1_263' title='bbox 1219 2410 1590 2466; x_wconf 89' lang='lat' dir='ltr'><strong>lncarnationi</strong></span> <span class='ocrx_word' id='word_1_264' title='bbox 1617 2413 1978 2482; x_wconf 66' lang='lat' dir='ltr'><strong>praestituere,</strong></span> 
     </span>
    </p>
   </div>
   <div class='ocr_carea' id='block_1_41' title="bbox 408 2505 1742 2576">
    <p class='ocr_par' dir='ltr' id='par_1_41' title="bbox 408 2505 1742 2576">
     <span class='ocr_line' id='line_1_41' title="bbox 408 2505 1742 2576; baseline 0 -16"><span class='ocrx_word' id='word_1_265' title='bbox 408 2516 538 2576; x_wconf 87' lang='lat' dir='ltr'><strong>puta</strong></span> <span class='ocrx_word' id='word_1_266' title='bbox 574 2505 794 2561; x_wconf 92' lang='lat' dir='ltr'><strong>biennio</strong></span> <span class='ocrx_word' id='word_1_267' title='bbox 818 2519 981 2560; x_wconf 73' lang='lat' dir='ltr'><strong>teram</strong></span> <span class='ocrx_word' id='word_1_268' title='bbox 1013 2518 1357 2559; x_wconf 91' lang='lat' dir='ltr'><strong>communem</strong></span> <span class='ocrx_word' id='word_1_269' title='bbox 1381 2511 1742 2560; x_wconf 76' lang='lat' dir='ltr'><strong>antevenere.-</strong></span> 
     </span>
    </p>
   </div>
   <div class='ocr_carea' id='block_1_42' title="bbox 481 2665 1980 2721">
    <p class='ocr_par' dir='ltr' id='par_1_42' title="bbox 481 2665 1980 2721">
     <span class='ocr_line' id='line_1_42' title="bbox 481 2665 1980 2721; baseline 0.001 -1"><span class='ocrx_word' id='word_1_270' title='bbox 481 2665 593 2720; x_wconf 86' lang='lat' dir='ltr'><strong>Etsi</strong></span> <span class='ocrx_word' id='word_1_271' title='bbox 647 2666 716 2721; x_wconf 93' lang='lat' dir='ltr'><strong>de</strong></span> <span class='ocrx_word' id='word_1_272' title='bbox 757 2665 1044 2720; x_wconf 91' lang='lat' dir='ltr'><strong>amborum</strong></span> <span class='ocrx_word' id='word_1_273' title='bbox 1101 2665 1322 2720; x_wconf 88' lang='lat' dir='ltr'><strong>illorum</strong></span> <span class='ocrx_word' id='word_1_274' title='bbox 1366 2665 1642 2720; x_wconf 89' lang='lat' dir='ltr'><strong>sententia</strong></span> <span class='ocrx_word' id='word_1_275' title='bbox 1675 2665 1812 2720; x_wconf 88' lang='lat' dir='ltr'><strong>nihil</strong></span> <span class='ocrx_word' id='word_1_276' title='bbox 1841 2665 1980 2721; x_wconf 90' lang='lat' dir='ltr'><strong>certi</strong></span> 
     </span>
    </p>
   </div>
   <div class='ocr_carea' id='block_1_43' title="bbox 405 2753 1982 2825">
    <p class='ocr_par' dir='ltr' id='par_1_43' title="bbox 405 2753 1982 2825">
     <span class='ocr_line' id='line_1_43' title="bbox 405 2753 1982 2825; baseline 0 -16"><span class='ocrx_word' id='word_1_277' title='bbox 405 2755 670 2825; x_wconf 79' lang='lat' dir='ltr'><strong>consequi</strong></span> <span class='ocrx_word' id='word_1_278' title='bbox 749 2753 1077 2825; x_wconf 81' lang='lat' dir='ltr'><strong>possumus,</strong></span> <span class='ocrx_word' id='word_1_279' title='bbox 1156 2761 1447 2824; x_wconf 87' lang='lat' dir='ltr'><strong>propterea</strong></span> <span class='ocrx_word' id='word_1_280' title='bbox 1505 2755 1651 2824; x_wconf 92' lang='lat' dir='ltr'><strong>quod</strong></span> <span class='ocrx_word' id='word_1_281' title='bbox 1734 2755 1982 2825; x_wconf 89' lang='lat' dir='ltr'><strong>imperite</strong></span> 
     </span>
    </p>
   </div>
   <div class='ocr_carea' id='block_1_44' title="bbox 405 2844 1978 2916">
    <p class='ocr_par' dir='ltr' id='par_1_44' title="bbox 405 2844 1978 2916">
     <span class='ocr_line' id='line_1_44' title="bbox 405 2844 1978 2916; baseline -0.002 -15"><span class='ocrx_word' id='word_1_282' title='bbox 405 2847 591 2902; x_wconf 89' lang='lat' dir='ltr'><strong>omnia</strong></span> <span class='ocrx_word' id='word_1_283' title='bbox 622 2847 978 2916; x_wconf 87' lang='lat' dir='ltr'><strong>permiscent,</strong></span> <span class='ocrx_word' id='word_1_284' title='bbox 1010 2852 1066 2900; x_wconf 87' lang='lat' dir='ltr'><strong>et</strong></span> <span class='ocrx_word' id='word_1_285' title='bbox 1090 2858 1186 2901; x_wconf 91' lang='lat' dir='ltr'><strong>eos</strong></span> <span class='ocrx_word' id='word_1_286' title='bbox 1209 2844 1674 2900; x_wconf 88' lang='lat' dir='ltr'><strong>characterismos</strong></span> <span class='ocrx_word' id='word_1_287' title='bbox 1699 2845 1978 2910; x_wconf 88' lang='lat' dir='ltr'><strong>adhibent,</strong></span> 
     </span>
    </p>
   </div>
   <div class='ocr_carea' id='block_1_45' title="bbox 405 2935 1982 3008">
    <p class='ocr_par' dir='ltr' id='par_1_45' title="bbox 405 2935 1982 3008">
     <span class='ocr_line' id='line_1_45' title="bbox 405 2935 1982 3008; baseline 0 -18"><span class='ocrx_word' id='word_1_288' title='bbox 405 2938 502 3008; x_wconf 78' lang='lat' dir='ltr'><strong>qui</strong></span> <span class='ocrx_word' id='word_1_289' title='bbox 575 2937 863 2992; x_wconf 87' lang='lat' dir='ltr'><strong>conciliari</strong></span> <span class='ocrx_word' id='word_1_290' title='bbox 937 2936 1174 2992; x_wconf 85' lang='lat' dir='ltr'><strong>invicem</strong></span> <span class='ocrx_word' id='word_1_291' title='bbox 1228 2945 1528 3007; x_wconf 90' lang='lat' dir='ltr'><strong>nequeunt.</strong></span> <span class='ocrx_word' id='word_1_292' title='bbox 1595 2935 1670 2990; x_wconf 93' lang='lat' dir='ltr'><strong>De</strong></span> <span class='ocrx_word' id='word_1_293' title='bbox 1732 2935 1982 2990; x_wconf 83' lang='lat' dir='ltr'><strong>Cltronici</strong></span> 
     </span>
    </p>
   </div>
   <div class='ocr_carea' id='block_1_46' title="bbox 409 3024 1979 3096">
    <p class='ocr_par' dir='ltr' id='par_1_46' title="bbox 409 3024 1979 3096">
     <span class='ocr_line' id='line_1_46' title="bbox 409 3024 1979 3096; baseline -0.002 -13"><span class='ocrx_word' id='word_1_294' title='bbox 409 3029 764 3084; x_wconf 68' lang='lat' dir='ltr'><strong>Alexandrini</strong></span> <span class='ocrx_word' id='word_1_295' title='bbox 791 3027 913 3082; x_wconf 88' lang='lat' dir='ltr'><strong>labe</strong></span> <span class='ocrx_word' id='word_1_296' title='bbox 941 3027 1150 3082; x_wconf 89' lang='lat' dir='ltr'><strong>dictum</strong></span> <span class='ocrx_word' id='word_1_297' title='bbox 1185 3035 1272 3083; x_wconf 89' lang='lat' dir='ltr'><strong>est</strong></span> <span class='ocrx_word' id='word_1_298' title='bbox 1301 3028 1358 3081; x_wconf 89' lang='lat' dir='ltr'><strong>in</strong></span> <span class='ocrx_word' id='word_1_299' title='bbox 1388 3024 1484 3080; x_wconf 81' lang='lat' dir='ltr'><strong>XII</strong></span> <span class='ocrx_word' id='word_1_300' title='bbox 1513 3024 1590 3080; x_wconf 83' lang='lat' dir='ltr'><strong>De</strong></span> <span class='ocrx_word' id='word_1_301' title='bbox 1620 3025 1762 3080; x_wconf 83' lang='lat' dir='ltr'><strong>doct.</strong></span> <span class='ocrx_word' id='word_1_302' title='bbox 1796 3035 1979 3096; x_wconf 84' lang='lat' dir='ltr'><strong>temp.,</strong></span> 
     </span>
    </p>
   </div>
   <div class='ocr_carea' id='block_1_47' title="bbox 405 3118 1976 3192">
    <p class='ocr_par' dir='ltr' id='par_1_47' title="bbox 405 3118 1976 3192">
     <span class='ocr_line' id='line_1_47' title="bbox 405 3118 1976 3192; baseline -0.003 -14"><span class='ocrx_word' id='word_1_303' title='bbox 405 3137 530 3192; x_wconf 82' lang='lat' dir='ltr'><strong>cap.</strong></span> <span class='ocrx_word' id='word_1_304' title='bbox 557 3120 625 3175; x_wconf 78' lang='grc' dir='ltr'>ιν</span> <span class='ocrx_word' id='word_1_305' title='bbox 651 3140 665 3178; x_wconf 91' lang='lat'><strong>:</strong></span> <span class='ocrx_word' id='word_1_306' title='bbox 691 3119 972 3176; x_wconf 90' lang='lat' dir='ltr'><strong>Cedrenus</strong></span> <span class='ocrx_word' id='word_1_307' title='bbox 998 3119 1160 3190; x_wconf 92' lang='lat' dir='ltr'><strong>paulo</strong></span> <span class='ocrx_word' id='word_1_308' title='bbox 1194 3118 1368 3190; x_wconf 89' lang='lat' dir='ltr'><strong>magis</strong></span> <span class='ocrx_word' id='word_1_309' title='bbox 1397 3134 1632 3176; x_wconf 91' lang='lat' dir='ltr'><strong>concors</strong></span> <span class='ocrx_word' id='word_1_310' title='bbox 1657 3127 1740 3174; x_wconf 90' lang='lat' dir='ltr'><strong>est</strong></span> <span class='ocrx_word' id='word_1_311' title='bbox 1769 3134 1976 3174; x_wconf 89' lang='lat' dir='ltr'><strong>secum.</strong></span> 
     </span>
    </p>
   </div>
   <div class='ocr_carea' id='block_1_48' title="bbox 409 3208 1978 3274">
    <p class='ocr_par' dir='ltr' id='par_1_48' title="bbox 409 3208 1978 3274">
     <span class='ocr_line' id='line_1_48' title="bbox 409 3208 1978 3274; baseline -0.001 -8"><span class='ocrx_word' id='word_1_312' title='bbox 409 3211 604 3267; x_wconf 84' lang='lat' dir='ltr'><strong>Natum</strong></span> <span class='ocrx_word' id='word_1_313' title='bbox 648 3218 927 3268; x_wconf 86' lang='lat' dir='ltr'><strong>asseverat</strong></span> <span class='ocrx_word' id='word_1_314' title='bbox 957 3211 1235 3267; x_wconf 89' lang='lat' dir='ltr'><strong>Christum</strong></span> <span class='ocrx_word' id='word_1_315' title='bbox 1267 3225 1414 3266; x_wconf 86' lang='lat' dir='ltr'><strong>anno</strong></span> <span class='ocrx_word' id='word_1_316' title='bbox 1445 3211 1639 3265; x_wconf 90' lang='lat' dir='ltr'><strong>mundi</strong></span> <span class='ocrx_word' id='word_1_317' title='bbox 1670 3209 1836 3274; x_wconf 89' lang='lat'><strong>5506,</strong></span> <span class='ocrx_word' id='word_1_318' title='bbox 1871 3208 1978 3264; x_wconf 90' lang='lat' dir='ltr'><strong>De-</strong></span> 
     </span>
    </p>
   </div>
   <div class='ocr_carea' id='block_1_49' title="bbox 407 3301 1979 3375">
    <p class='ocr_par' dir='ltr' id='par_1_49' title="bbox 407 3301 1979 3375">
     <span class='ocr_line' id='line_1_49' title="bbox 407 3301 1979 3375; baseline -0.001 -16"><span class='ocrx_word' id='word_1_319' title='bbox 407 3305 611 3359; x_wconf 86' lang='lat' dir='ltr'><strong>cembr.</strong></span> <span class='ocrx_word' id='word_1_320' title='bbox 644 3320 772 3367; x_wconf 89' lang='lat' dir='ltr'><strong>xxv,</strong></span> <span class='ocrx_word' id='word_1_321' title='bbox 802 3302 939 3358; x_wconf 89' lang='lat' dir='ltr'><strong>feria</strong></span> <span class='ocrx_word' id='word_1_322' title='bbox 970 3318 1044 3358; x_wconf 88' lang='lat' dir='ltr'><strong>tv.</strong></span> <span class='ocrx_word' id='word_1_323' title='bbox 1091 3302 1218 3358; x_wconf 88' lang='lat' dir='ltr'><strong>Fuit</strong></span> <span class='ocrx_word' id='word_1_324' title='bbox 1259 3317 1390 3375; x_wconf 92' lang='lat' dir='ltr'><strong>ergo</strong></span> <span class='ocrx_word' id='word_1_325' title='bbox 1436 3303 1618 3358; x_wconf 88' lang='lat' dir='ltr'><strong>littera</strong></span> <span class='ocrx_word' id='word_1_326' title='bbox 1669 3301 1730 3368; x_wconf 84' lang='lat' dir='ltr'><strong>F,</strong></span> <span class='ocrx_word' id='word_1_327' title='bbox 1775 3311 1829 3358; x_wconf 89' lang='lat' dir='ltr'><strong>et</strong></span> <span class='ocrx_word' id='word_1_328' title='bbox 1857 3317 1979 3358; x_wconf 88' lang='lat' dir='ltr'><strong>esse</strong></span> 
     </span>
    </p>
   </div>
   <div class='ocr_carea' id='block_1_50' title="bbox 409 3391 1982 3463">
    <p class='ocr_par' dir='ltr' id='par_1_50' title="bbox 409 3391 1982 3463">
     <span class='ocr_line' id='line_1_50' title="bbox 409 3391 1982 3463; baseline -0.001 -15"><span class='ocrx_word' id='word_1_329' title='bbox 409 3401 590 3463; x_wconf 87' lang='lat' dir='ltr'><strong>potest</strong></span> <span class='ocrx_word' id='word_1_330' title='bbox 619 3407 798 3448; x_wconf 89' lang='lat' dir='ltr'><strong>annus</strong></span> <span class='ocrx_word' id='word_1_331' title='bbox 841 3391 1052 3463; x_wconf 87' lang='lat' dir='ltr'><strong>periodi</strong></span> <span class='ocrx_word' id='word_1_332' title='bbox 1095 3391 1327 3447; x_wconf 75' lang='lat' dir='ltr'><strong>Julianae</strong></span> <span class='ocrx_word' id='word_1_333' title='bbox 1357 3391 1520 3457; x_wconf 76' lang='grc'>4711,</span> <span class='ocrx_word' id='word_1_334' title='bbox 1576 3391 1797 3446; x_wconf 89' lang='lat' dir='ltr'><strong>biennio</strong></span> <span class='ocrx_word' id='word_1_335' title='bbox 1854 3398 1982 3446; x_wconf 90' lang='lat' dir='ltr'><strong>ante</strong></span> 
     </span>
    </p>
   </div>
   <div class='ocr_carea' id='block_1_51' title="bbox 416 3482 1982 3554">
    <p class='ocr_par' dir='ltr' id='par_1_51' title="bbox 416 3482 1982 3554">
     <span class='ocr_line' id='line_1_51' title="bbox 416 3482 1982 3554; baseline -0.003 -12"><span class='ocrx_word' id='word_1_336' title='bbox 416 3500 764 3542; x_wconf 86' lang='lat' dir='ltr'><strong>communem</strong></span> <span class='ocrx_word' id='word_1_337' title='bbox 809 3499 995 3540; x_wconf 75' lang='lat' dir='ltr'><strong>teram.</strong></span> <span class='ocrx_word' id='word_1_338' title='bbox 1031 3483 1228 3541; x_wconf 82' lang='lat' dir='ltr'><strong>Postea</strong></span> <span class='ocrx_word' id='word_1_339' title='bbox 1263 3485 1598 3554; x_wconf 88' lang='lat' dir='ltr'><strong>baptizatum</strong></span> <span class='ocrx_word' id='word_1_340' title='bbox 1642 3499 1765 3540; x_wconf 88' lang='lat' dir='ltr'><strong>esse</strong></span> <span class='ocrx_word' id='word_1_341' title='bbox 1812 3482 1982 3538; x_wconf 83' lang='lat' dir='ltr'><strong>refert</strong></span> 
     </span>
    </p>
   </div>
   <div class='ocr_carea' id='block_1_52' title="bbox 409 3573 1981 3642">
    <p class='ocr_par' dir='ltr' id='par_1_52' title="bbox 409 3573 1981 3642">
     <span class='ocr_line' id='line_1_52' title="bbox 409 3573 1981 3642; baseline -0.004 -8"><span class='ocrx_word' id='word_1_342' title='bbox 409 3578 708 3634; x_wconf 89' lang='lat' dir='ltr'><strong>indictione</strong></span> <span class='ocrx_word' id='word_1_343' title='bbox 743 3574 785 3642; x_wconf 90' lang='lat' dir='ltr'><strong>l,</strong></span> <span class='ocrx_word' id='word_1_344' title='bbox 818 3589 966 3630; x_wconf 89' lang='lat' dir='ltr'><strong>anno</strong></span> <span class='ocrx_word' id='word_1_345' title='bbox 1000 3575 1190 3630; x_wconf 89' lang='lat' dir='ltr'><strong>mundi</strong></span> <span class='ocrx_word' id='word_1_346' title='bbox 1245 3575 1406 3640; x_wconf 86' lang='grc'>5556,</span> <span class='ocrx_word' id='word_1_347' title='bbox 1441 3573 1688 3630; x_wconf 80' lang='lat' dir='ltr'><strong>Januarii</strong></span> <span class='ocrx_word' id='word_1_348' title='bbox 1724 3590 1797 3641; x_wconf 77' lang='lat' dir='ltr'><strong>v1,</strong></span> <span class='ocrx_word' id='word_1_349' title='bbox 1846 3573 1981 3628; x_wconf 83' lang='lat' dir='ltr'><strong>feria</strong></span> 
     </span>
    </p>
   </div>
   <div class='ocr_carea' id='block_1_53' title="bbox 411 3663 1981 3738">
    <p class='ocr_par' dir='ltr' id='par_1_53' title="bbox 411 3663 1981 3738">
     <span class='ocr_line' id='line_1_53' title="bbox 411 3663 1981 3738; baseline -0.003 -15"><span class='ocrx_word' id='word_1_350' title='bbox 411 3684 445 3723; x_wconf 92' lang='lat' dir='ltr'><strong>v</strong></span> <span class='ocrx_word' id='word_1_351' title='bbox 469 3685 486 3735; x_wconf 95' lang='lat'><strong>;</strong></span> <span class='ocrx_word' id='word_1_352' title='bbox 516 3665 620 3722; x_wconf 92' lang='lat' dir='ltr'><strong>fuit</strong></span> <span class='ocrx_word' id='word_1_353' title='bbox 650 3681 780 3738; x_wconf 84' lang='lat' dir='ltr'><strong>ergo</strong></span> <span class='ocrx_word' id='word_1_354' title='bbox 809 3666 988 3720; x_wconf 89' lang='lat' dir='ltr'><strong>littera</strong></span> <span class='ocrx_word' id='word_1_355' title='bbox 1025 3664 1087 3730; x_wconf 86' lang='grc' dir='ltr'>Β,</span> <span class='ocrx_word' id='word_1_356' title='bbox 1107 3672 1163 3722; x_wconf 91' lang='lat' dir='ltr'><strong>et</strong></span> <span class='ocrx_word' id='word_1_357' title='bbox 1194 3665 1296 3720; x_wconf 87' lang='lat' dir='ltr'><strong>hac</strong></span> <span class='ocrx_word' id='word_1_358' title='bbox 1324 3666 1535 3721; x_wconf 88' lang='lat' dir='ltr'><strong>ratione</strong></span> <span class='ocrx_word' id='word_1_359' title='bbox 1563 3679 1741 3720; x_wconf 89' lang='lat' dir='ltr'><strong>annus</strong></span> <span class='ocrx_word' id='word_1_360' title='bbox 1771 3663 1981 3735; x_wconf 84' lang='lat' dir='ltr'><strong>periodi</strong></span> 
     </span>
    </p>
   </div>
   <div class='ocr_carea' id='block_1_54' title="bbox 407 3755 1981 3826">
    <p class='ocr_par' dir='ltr' id='par_1_54' title="bbox 407 3755 1981 3826">
     <span class='ocr_line' id='line_1_54' title="bbox 407 3755 1981 3826; baseline -0.002 -13"><span class='ocrx_word' id='word_1_361' title='bbox 407 3758 636 3814; x_wconf 70' lang='lat' dir='ltr'><strong>Iuliana:</strong></span> <span class='ocrx_word' id='word_1_362' title='bbox 664 3757 838 3826; x_wconf 68' lang='lat'><strong>4742;</strong></span> <span class='ocrx_word' id='word_1_363' title='bbox 888 3757 980 3812; x_wconf 90' lang='lat' dir='ltr'><strong>sed</strong></span> <span class='ocrx_word' id='word_1_364' title='bbox 1012 3757 1240 3812; x_wconf 91' lang='lat' dir='ltr'><strong>indictio</strong></span> <span class='ocrx_word' id='word_1_365' title='bbox 1287 3765 1418 3812; x_wconf 92' lang='lat' dir='ltr'><strong>tunc</strong></span> <span class='ocrx_word' id='word_1_366' title='bbox 1460 3763 1638 3812; x_wconf 89' lang='lat' dir='ltr'><strong>erata</strong></span> <span class='ocrx_word' id='word_1_367' title='bbox 1672 3755 1981 3826; x_wconf 88' lang='lat' dir='ltr'><strong>Septembri</strong></span> 
     </span>
    </p>
   </div>
   <div class='ocr_carea' id='block_1_55' title="bbox 409 3845 1982 3917">
    <p class='ocr_par' dir='ltr' id='par_1_55' title="bbox 409 3845 1982 3917">
     <span class='ocr_line' id='line_1_55' title="bbox 409 3845 1982 3917; baseline -0.003 -14"><span class='ocrx_word' id='word_1_368' title='bbox 409 3856 461 3904; x_wconf 91' lang='lat' dir='ltr'><strong>et</strong></span> <span class='ocrx_word' id='word_1_369' title='bbox 491 3847 754 3902; x_wconf 84' lang='lat' dir='ltr'><strong>Januario</strong></span> <span class='ocrx_word' id='word_1_370' title='bbox 785 3863 843 3903; x_wconf 91' lang='lat' dir='ltr'><strong>ll.</strong></span> <span class='ocrx_word' id='word_1_371' title='bbox 881 3845 1081 3903; x_wconf 84' lang='lat' dir='ltr'><strong>Verum</strong></span> <span class='ocrx_word' id='word_1_372' title='bbox 1112 3855 1173 3903; x_wconf 89' lang='lat' dir='ltr'><strong>ut</strong></span> <span class='ocrx_word' id='word_1_373' title='bbox 1202 3862 1230 3902; x_wconf 90' lang='lat' dir='ltr'><strong>a</strong></span> <span class='ocrx_word' id='word_1_374' title='bbox 1259 3863 1428 3904; x_wconf 89' lang='lat' dir='ltr'><strong>verno</strong></span> <span class='ocrx_word' id='word_1_375' title='bbox 1459 3863 1646 3904; x_wconf 89' lang='lat' dir='ltr'><strong>mense</strong></span> <span class='ocrx_word' id='word_1_376' title='bbox 1671 3847 1852 3917; x_wconf 89' lang='lat' dir='ltr'><strong>putari</strong></span> <span class='ocrx_word' id='word_1_377' title='bbox 1897 3849 1982 3900; x_wconf 90' lang='lat' dir='ltr'><strong>in-</strong></span> 
     </span>
    </p>
   </div>
   <div class='ocr_carea' id='block_1_56' title="bbox 408 3934 1981 4009">
    <p class='ocr_par' dir='ltr' id='par_1_56' title="bbox 408 3934 1981 4009">
     <span class='ocr_line' id='line_1_56' title="bbox 408 3934 1981 4009; baseline -0.003 -16"><span class='ocrx_word' id='word_1_378' title='bbox 408 3940 596 4009; x_wconf 88' lang='lat' dir='ltr'><strong>cipiat,</strong></span> <span class='ocrx_word' id='word_1_379' title='bbox 653 3940 827 4008; x_wconf 90' lang='lat' dir='ltr'><strong>prima</strong></span> <span class='ocrx_word' id='word_1_380' title='bbox 879 3938 936 3993; x_wconf 93' lang='lat' dir='ltr'><strong>in</strong></span> <span class='ocrx_word' id='word_1_381' title='bbox 985 3953 1089 3993; x_wconf 92' lang='lat' dir='ltr'><strong>usu</strong></span> <span class='ocrx_word' id='word_1_382' title='bbox 1143 3946 1261 3994; x_wconf 88' lang='lat' dir='ltr'><strong>erat</strong></span> <span class='ocrx_word' id='word_1_383' title='bbox 1311 3935 1674 4003; x_wconf 83' lang='lat' dir='ltr'><strong>Januar.&#39;vt;</strong></span> <span class='ocrx_word' id='word_1_384' title='bbox 1730 3934 1981 4004; x_wconf 87' lang='lat' dir='ltr'><strong>sequenti</strong></span> 
     </span>
    </p>
   </div>
   <div class='ocr_carea' id='block_1_57' title="bbox 409 4027 1981 4101">
    <p class='ocr_par' dir='ltr' id='par_1_57' title="bbox 409 4027 1981 4101">
     <span class='ocr_line' id='line_1_57' title="bbox 409 4027 1981 4101; baseline -0.003 -15"><span class='ocrx_word' id='word_1_385' title='bbox 409 4048 556 4087; x_wconf 85' lang='lat' dir='ltr'><strong>anno</strong></span> <span class='ocrx_word' id='word_1_386' title='bbox 607 4033 778 4096; x_wconf 78' lang='grc'>5057,</span> <span class='ocrx_word' id='word_1_387' title='bbox 835 4033 913 4086; x_wconf 91' lang='lat' dir='ltr'><strong>ait</strong></span> <span class='ocrx_word' id='word_1_388' title='bbox 971 4031 1154 4086; x_wconf 88' lang='lat' dir='ltr'><strong>lunam</strong></span> <span class='ocrx_word' id='word_1_389' title='bbox 1185 4030 1448 4086; x_wconf 91' lang='lat' dir='ltr'><strong>decimam</strong></span> <span class='ocrx_word' id='word_1_390' title='bbox 1485 4039 1734 4101; x_wconf 87' lang='lat' dir='ltr'><strong>quartam</strong></span> <span class='ocrx_word' id='word_1_391' title='bbox 1803 4027 1981 4083; x_wconf 73' lang='lat' dir='ltr'><strong>Martii</strong></span> 
     </span>
    </p>
   </div>
   <div class='ocr_carea' id='block_1_58' title="bbox 410 4122 1981 4194">
    <p class='ocr_par' dir='ltr' id='par_1_58' title="bbox 410 4122 1981 4194">
     <span class='ocr_line' id='line_1_58' title="bbox 410 4122 1981 4194; baseline -0.004 -14"><span class='ocrx_word' id='word_1_392' title='bbox 410 4142 584 4190; x_wconf 86' lang='lat' dir='ltr'><strong>xxvn,</strong></span> <span class='ocrx_word' id='word_1_393' title='bbox 643 4125 777 4180; x_wconf 83' lang='lat' dir='ltr'><strong>feria</strong></span> <span class='ocrx_word' id='word_1_394' title='bbox 820 4141 917 4178; x_wconf 92' lang='lat' dir='ltr'><strong>vn.</strong></span> <span class='ocrx_word' id='word_1_395' title='bbox 966 4122 1091 4179; x_wconf 79' lang='lat' dir='ltr'><strong>Fuit</strong></span> <span class='ocrx_word' id='word_1_396' title='bbox 1135 4138 1266 4194; x_wconf 91' lang='lat' dir='ltr'><strong>ergo</strong></span> <span class='ocrx_word' id='word_1_397' title='bbox 1297 4124 1478 4178; x_wconf 83' lang='lat' dir='ltr'><strong>littera</strong></span> <span class='ocrx_word' id='word_1_398' title='bbox 1515 4123 1577 4186; x_wconf 91' lang='lat' dir='ltr'><strong>C,</strong></span> <span class='ocrx_word' id='word_1_399' title='bbox 1609 4122 1796 4194; x_wconf 85' lang='lat' dir='ltr'><strong>cyclus</strong></span> <span class='ocrx_word' id='word_1_400' title='bbox 1839 4122 1981 4175; x_wconf 75' lang='lat' dir='ltr'><strong>lunae</strong></span> 
     </span>
    </p>
   </div>
   <div class='ocr_carea' id='block_1_59' title="bbox 409 4212 1982 4286">
    <p class='ocr_par' dir='ltr' id='par_1_59' title="bbox 409 4212 1982 4286">
     <span class='ocr_line' id='line_1_59' title="bbox 409 4212 1982 4286; baseline -0.004 -15"><span class='ocrx_word' id='word_1_401' title='bbox 409 4233 466 4278; x_wconf 88' lang='lat' dir='ltr'><strong>x,</strong></span> <span class='ocrx_word' id='word_1_402' title='bbox 498 4232 562 4270; x_wconf 91' lang='lat' dir='ltr'><strong>ac</strong></span> <span class='ocrx_word' id='word_1_403' title='bbox 589 4213 819 4286; x_wconf 89' lang='lat' dir='ltr'><strong>proinde</strong></span> <span class='ocrx_word' id='word_1_404' title='bbox 845 4213 1074 4270; x_wconf 67' lang='lat' dir='ltr'><strong>Iuliana:</strong></span> <span class='ocrx_word' id='word_1_405' title='bbox 1099 4214 1309 4285; x_wconf 89' lang='lat' dir='ltr'><strong>periodi</strong></span> <span class='ocrx_word' id='word_1_406' title='bbox 1344 4228 1521 4269; x_wconf 91' lang='lat' dir='ltr'><strong>annus</strong></span> <span class='ocrx_word' id='word_1_407' title='bbox 1552 4213 1712 4277; x_wconf 76' lang='grc'>4741,</span> <span class='ocrx_word' id='word_1_408' title='bbox 1745 4212 1856 4266; x_wconf 81' lang='grc' dir='ltr'><strong>ἄνω</strong></span> <span class='ocrx_word' id='word_1_409' title='bbox 1890 4228 1982 4264; x_wconf 82' lang='grc' dir='ltr'><strong>πο-</strong></span> 
     </span>
    </p>
   </div>
   <div class='ocr_carea' id='block_1_60' title="bbox 409 4305 1979 4379">
    <p class='ocr_par' dir='ltr' id='par_1_60' title="bbox 409 4305 1979 4379">
     <span class='ocr_line' id='line_1_60' title="bbox 409 4305 1979 4379; baseline -0.004 -16"><span class='ocrx_word' id='word_1_410' title='bbox 409 4308 620 4379; x_wconf 80' lang='grc' dir='ltr'><strong>ταμῶν,</strong></span> <span class='ocrx_word' id='word_1_411' title='bbox 666 4306 811 4377; x_wconf 92' lang='lat' dir='ltr'><strong>quod</strong></span> <span class='ocrx_word' id='word_1_412' title='bbox 843 4307 1018 4361; x_wconf 91' lang='lat' dir='ltr'><strong>aiunt.</strong></span> <span class='ocrx_word' id='word_1_413' title='bbox 1063 4307 1281 4360; x_wconf 81' lang='lat' dir='ltr'><strong>Annum</strong></span> <span class='ocrx_word' id='word_1_414' title='bbox 1330 4305 1589 4375; x_wconf 88' lang='lat' dir='ltr'><strong>denique,</strong></span> <span class='ocrx_word' id='word_1_415' title='bbox 1644 4319 1756 4374; x_wconf 90' lang='lat' dir='ltr'><strong>quo</strong></span> <span class='ocrx_word' id='word_1_416' title='bbox 1781 4317 1979 4374; x_wconf 91' lang='lat' dir='ltr'><strong>passus</strong></span> 
     </span>
    </p>
   </div>
   <div class='ocr_carea' id='block_1_61' title="bbox 410 4394 1979 4469">
    <p class='ocr_par' dir='ltr' id='par_1_61' title="bbox 410 4394 1979 4469">
     <span class='ocr_line' id='line_1_61' title="bbox 410 4394 1979 4469; baseline -0.005 -14"><span class='ocrx_word' id='word_1_417' title='bbox 410 4407 493 4455; x_wconf 87' lang='lat' dir='ltr'><strong>est</strong></span> <span class='ocrx_word' id='word_1_418' title='bbox 520 4399 798 4464; x_wconf 88' lang='lat' dir='ltr'><strong>Christus,</strong></span> <span class='ocrx_word' id='word_1_419' title='bbox 829 4399 906 4453; x_wconf 90' lang='lat' dir='ltr'><strong>ait</strong></span> <span class='ocrx_word' id='word_1_420' title='bbox 947 4414 1072 4455; x_wconf 88' lang='lat' dir='ltr'><strong>esse</strong></span> <span class='ocrx_word' id='word_1_421' title='bbox 1101 4399 1262 4463; x_wconf 87' lang='grc'>5559,</span> <span class='ocrx_word' id='word_1_422' title='bbox 1293 4413 1404 4469; x_wconf 91' lang='lat' dir='ltr'><strong>quo</strong></span> <span class='ocrx_word' id='word_1_423' title='bbox 1437 4397 1617 4452; x_wconf 89' lang='lat' dir='ltr'><strong>Martii</strong></span> <span class='ocrx_word' id='word_1_424' title='bbox 1650 4412 1812 4461; x_wconf 87' lang='lat' dir='ltr'><strong>xxnt,</strong></span> <span class='ocrx_word' id='word_1_425' title='bbox 1846 4394 1979 4451; x_wconf 90' lang='lat' dir='ltr'><strong>feria</strong></span> 
     </span>
    </p>
   </div>
   <div class='ocr_carea' id='block_1_62' title="bbox 411 4487 1975 4560">
    <p class='ocr_par' dir='ltr' id='par_1_62' title="bbox 411 4487 1975 4560">
     <span class='ocr_line' id='line_1_62' title="bbox 411 4487 1975 4560; baseline -0.003 -16"><span class='ocrx_word' id='word_1_426' title='bbox 411 4506 465 4543; x_wconf 79' lang='lat' dir='ltr'><strong>vt</strong></span> <span class='ocrx_word' id='word_1_427' title='bbox 498 4488 636 4556; x_wconf 89' lang='lat' dir='ltr'><strong>fuit;</strong></span> <span class='ocrx_word' id='word_1_428' title='bbox 679 4499 732 4544; x_wconf 89' lang='lat' dir='ltr'><strong>et</strong></span> <span class='ocrx_word' id='word_1_429' title='bbox 765 4491 974 4546; x_wconf 90' lang='lat' dir='ltr'><strong>decima</strong></span> <span class='ocrx_word' id='word_1_430' title='bbox 1017 4498 1210 4560; x_wconf 90' lang='lat' dir='ltr'><strong>quarta</strong></span> <span class='ocrx_word' id='word_1_431' title='bbox 1262 4489 1442 4545; x_wconf 83' lang='lat' dir='ltr'><strong>Martii</strong></span> <span class='ocrx_word' id='word_1_432' title='bbox 1492 4505 1640 4557; x_wconf 91' lang='lat' dir='ltr'><strong>xxtv,</strong></span> <span class='ocrx_word' id='word_1_433' title='bbox 1691 4487 1827 4544; x_wconf 89' lang='lat' dir='ltr'><strong>feria</strong></span> <span class='ocrx_word' id='word_1_434' title='bbox 1879 4503 1975 4543; x_wconf 88' lang='lat' dir='ltr'><strong>vtt.</strong></span> 
     </span>
    </p>
   </div>
   <div class='ocr_carea' id='block_1_63' title="bbox 412 4574 1977 4649">
    <p class='ocr_par' dir='ltr' id='par_1_63' title="bbox 412 4574 1977 4649">
     <span class='ocr_line' id='line_1_63' title="bbox 412 4574 1977 4649; baseline 0.002 -22"><span class='ocrx_word' id='word_1_435' title='bbox 412 4574 541 4628; x_wconf 85' lang='lat' dir='ltr'><strong>Erat</strong></span> <span class='ocrx_word' id='word_1_436' title='bbox 573 4591 704 4646; x_wconf 88' lang='lat' dir='ltr'><strong>ergo</strong></span> <span class='ocrx_word' id='word_1_437' title='bbox 746 4577 927 4632; x_wconf 89' lang='lat' dir='ltr'><strong>littera</strong></span> <span class='ocrx_word' id='word_1_438' title='bbox 985 4574 1051 4644; x_wconf 74' lang='grc' dir='ltr'><strong>Ε,</strong></span> <span class='ocrx_word' id='word_1_439' title='bbox 1096 4579 1283 4649; x_wconf 87' lang='lat' dir='ltr'><strong>cyclus</strong></span> <span class='ocrx_word' id='word_1_440' title='bbox 1309 4594 1440 4634; x_wconf 85' lang='lat' dir='ltr'><strong>vero</strong></span> <span class='ocrx_word' id='word_1_441' title='bbox 1494 4578 1636 4632; x_wconf 71' lang='lat' dir='ltr'><strong>luna:</strong></span> <span class='ocrx_word' id='word_1_442' title='bbox 1679 4592 1777 4631; x_wconf 89' lang='lat' dir='ltr'><strong>xtn</strong></span> <span class='ocrx_word' id='word_1_443' title='bbox 1809 4595 1824 4631; x_wconf 92' lang='lat'><strong>:</strong></span> <span class='ocrx_word' id='word_1_444' title='bbox 1857 4592 1977 4647; x_wconf 77' lang='lat' dir='ltr'><strong>qua:</strong></span> 
     </span>
    </p>
   </div>
   <div class='ocr_carea' id='block_1_64' title="bbox 411 4669 1980 4742">
    <p class='ocr_par' dir='ltr' id='par_1_64' title="bbox 411 4669 1980 4742">
     <span class='ocr_line' id='line_1_64' title="bbox 411 4669 1980 4742; baseline 0.002 -20"><span class='ocrx_word' id='word_1_445' title='bbox 411 4678 723 4739; x_wconf 81' lang='lat' dir='ltr'><strong>congruunt</strong></span> <span class='ocrx_word' id='word_1_446' title='bbox 775 4669 832 4723; x_wconf 93' lang='lat' dir='ltr'><strong>in</strong></span> <span class='ocrx_word' id='word_1_447' title='bbox 879 4683 1083 4725; x_wconf 89' lang='lat' dir='ltr'><strong>annum</strong></span> <span class='ocrx_word' id='word_1_448' title='bbox 1124 4671 1331 4740; x_wconf 89' lang='lat' dir='ltr'><strong>periodi</strong></span> <span class='ocrx_word' id='word_1_449' title='bbox 1379 4670 1606 4726; x_wconf 78' lang='lat' dir='ltr'><strong>Julianae</strong></span> <span class='ocrx_word' id='word_1_450' title='bbox 1649 4670 1792 4726; x_wconf 72' lang='grc'><strong>4744</strong></span> <span class='ocrx_word' id='word_1_451' title='bbox 1826 4688 1839 4725; x_wconf 89' lang='lat'><strong>:</strong></span> <span class='ocrx_word' id='word_1_452' title='bbox 1871 4685 1980 4742; x_wconf 91' lang='lat' dir='ltr'><strong>quo</strong></span> 
     </span>
    </p>
   </div>
   <div class='ocr_carea' id='block_1_65' title="bbox 412 4761 1984 4832">
    <p class='ocr_par' dir='ltr' id='par_1_65' title="bbox 412 4761 1984 4832">
     <span class='ocr_line' id='line_1_65' title="bbox 412 4761 1984 4832; baseline 0.001 -18"><span class='ocrx_word' id='word_1_453' title='bbox 412 4775 606 4815; x_wconf 90' lang='lat' dir='ltr'><strong>revera</strong></span> <span class='ocrx_word' id='word_1_454' title='bbox 637 4775 835 4830; x_wconf 88' lang='lat' dir='ltr'><strong>passus</strong></span> <span class='ocrx_word' id='word_1_455' title='bbox 885 4769 971 4817; x_wconf 90' lang='lat' dir='ltr'><strong>est</strong></span> <span class='ocrx_word' id='word_1_456' title='bbox 1015 4777 1086 4816; x_wconf 92' lang='lat' dir='ltr'><strong>ex</strong></span> <span class='ocrx_word' id='word_1_457' title='bbox 1136 4761 1426 4832; x_wconf 87' lang='lat' dir='ltr'><strong>Epiphanii</strong></span> <span class='ocrx_word' id='word_1_458' title='bbox 1460 4771 1515 4818; x_wconf 90' lang='lat' dir='ltr'><strong>et</strong></span> <span class='ocrx_word' id='word_1_459' title='bbox 1557 4763 1790 4818; x_wconf 88' lang='lat' dir='ltr'><strong>aliorum</strong></span> <span class='ocrx_word' id='word_1_460' title='bbox 1831 4769 1984 4816; x_wconf 86' lang='lat' dir='ltr'><strong>vete-</strong></span> 
     </span>
    </p>
   </div>
   <div class='ocr_carea' id='block_1_66' title="bbox 414 4850 1984 4920">
    <p class='ocr_par' dir='ltr' id='par_1_66' title="bbox 414 4850 1984 4920">
     <span class='ocr_line' id='line_1_66' title="bbox 414 4850 1984 4920; baseline 0.004 -18"><span class='ocrx_word' id='word_1_461' title='bbox 414 4864 534 4903; x_wconf 89' lang='lat' dir='ltr'><strong>rum</strong></span> <span class='ocrx_word' id='word_1_462' title='bbox 587 4850 842 4920; x_wconf 85' lang='lat' dir='ltr'><strong>Opinione</strong></span> <span class='ocrx_word' id='word_1_463' title='bbox 892 4851 1168 4909; x_wconf 83' lang='lat' dir='ltr'><strong>Christus.</strong></span> <span class='ocrx_word' id='word_1_464' title='bbox 1223 4853 1588 4918; x_wconf 86' lang='lat' dir='ltr'><strong>Quamobrem</strong></span> <span class='ocrx_word' id='word_1_465' title='bbox 1645 4851 1984 4908; x_wconf 47' lang='lat' dir='ltr'><strong>lncarnatiod</strong></span> 
     </span>
    </p>
   </div>
   <div class='ocr_carea' id='block_1_67' title="bbox 413 4941 1982 5015">
    <p class='ocr_par' dir='ltr' id='par_1_67' title="bbox 413 4941 1982 5015">
     <span class='ocr_line' id='line_1_67' title="bbox 413 4941 1982 5015; baseline -0.001 -17"><span class='ocrx_word' id='word_1_466' title='bbox 413 4958 536 4998; x_wconf 90' lang='lat' dir='ltr'><strong>nem</strong></span> <span class='ocrx_word' id='word_1_467' title='bbox 564 4941 779 4999; x_wconf 89' lang='lat' dir='ltr'><strong>Domini</strong></span> <span class='ocrx_word' id='word_1_468' title='bbox 799 4942 1082 4999; x_wconf 87' lang='lat' dir='ltr'><strong>Cedrenus</strong></span> <span class='ocrx_word' id='word_1_469' title='bbox 1103 4944 1341 5004; x_wconf 87' lang='lat' dir='ltr'><strong>triennio</strong></span> <span class='ocrx_word' id='word_1_470' title='bbox 1371 4954 1496 5000; x_wconf 85' lang='lat' dir='ltr'><strong>ante</strong></span> <span class='ocrx_word' id='word_1_471' title='bbox 1522 4945 1798 5015; x_wconf 86' lang='lat' dir='ltr'><strong>vulgarem</strong></span> <span class='ocrx_word' id='word_1_472' title='bbox 1819 4957 1982 4998; x_wconf 58' lang='lat' dir='ltr'><strong>atram</strong></span> 
     </span>
    </p>
   </div>
   <div class='ocr_carea' id='block_1_68' title="bbox 415 5035 1980 5106">
    <p class='ocr_par' dir='ltr' id='par_1_68' title="bbox 415 5035 1980 5106">
     <span class='ocr_line' id='line_1_68' title="bbox 415 5035 1980 5106; baseline -0.002 -15"><span class='ocrx_word' id='word_1_473' title='bbox 415 5035 628 5106; x_wconf 87' lang='lat' dir='ltr'><strong>posuit;</strong></span> <span class='ocrx_word' id='word_1_474' title='bbox 664 5035 974 5106; x_wconf 88' lang='lat' dir='ltr'><strong>passionem</strong></span> <span class='ocrx_word' id='word_1_475' title='bbox 1002 5044 1208 5100; x_wconf 87' lang='lat' dir='ltr'><strong>autem,</strong></span> <span class='ocrx_word' id='word_1_476' title='bbox 1241 5051 1386 5090; x_wconf 89' lang='lat' dir='ltr'><strong>anno</strong></span> <span class='ocrx_word' id='word_1_477' title='bbox 1411 5037 1657 5106; x_wconf 83' lang='lat' dir='ltr'><strong>ejusdem</strong></span> <span class='ocrx_word' id='word_1_478' title='bbox 1690 5051 1812 5090; x_wconf 63' lang='lat' dir='ltr'><strong>aera</strong></span> <span class='ocrx_word' id='word_1_479' title='bbox 1832 5050 1980 5089; x_wconf 85' lang='lat' dir='ltr'><strong>xxxt.</strong></span> 
     </span>
    </p>
   </div>
   <div class='ocr_carea' id='block_1_69' title="bbox 419 5125 1983 5194">
    <p class='ocr_par' dir='ltr' id='par_1_69' title="bbox 419 5125 1983 5194">
     <span class='ocr_line' id='line_1_69' title="bbox 419 5125 1983 5194; baseline 0.001 -14"><span class='ocrx_word' id='word_1_480' title='bbox 419 5125 570 5182; x_wconf 74' lang='lat' dir='ltr'><strong>[nde</strong></span> <span class='ocrx_word' id='word_1_481' title='bbox 603 5142 712 5182; x_wconf 93' lang='lat' dir='ltr'><strong>non</strong></span> <span class='ocrx_word' id='word_1_482' title='bbox 743 5136 828 5183; x_wconf 90' lang='lat' dir='ltr'><strong>est</strong></span> <span class='ocrx_word' id='word_1_483' title='bbox 869 5128 1090 5193; x_wconf 91' lang='lat' dir='ltr'><strong>mirum,</strong></span> <span class='ocrx_word' id='word_1_484' title='bbox 1126 5142 1330 5182; x_wconf 86' lang='lat' dir='ltr'><strong>annum</strong></span> <span class='ocrx_word' id='word_1_485' title='bbox 1362 5128 1514 5182; x_wconf 91' lang='lat' dir='ltr'><strong>illum</strong></span> <span class='ocrx_word' id='word_1_486' title='bbox 1561 5127 1983 5194; x_wconf 87' lang='lat' dir='ltr'><strong>lncarnationis,</strong></span> 
     </span>
    </p>
   </div>
   <div class='ocr_carea' id='block_1_70' title="bbox 415 5216 1984 5289">
    <p class='ocr_par' dir='ltr' id='par_1_70' title="bbox 415 5216 1984 5289">
     <span class='ocr_line' id='line_1_70' title="bbox 415 5216 1984 5289; baseline -0.001 -16"><span class='ocrx_word' id='word_1_487' title='bbox 415 5217 556 5273; x_wconf 88' lang='lat'><strong>5506</strong></span> <span class='ocrx_word' id='word_1_488' title='bbox 586 5219 654 5273; x_wconf 88' lang='lat' dir='ltr'><strong>ab</strong></span> <span class='ocrx_word' id='word_1_489' title='bbox 681 5220 776 5273; x_wconf 88' lang='lat' dir='ltr'><strong>illo</strong></span> <span class='ocrx_word' id='word_1_490' title='bbox 804 5219 984 5289; x_wconf 73' lang='lat' dir='ltr'><strong>puta.‘2</strong></span> <span class='ocrx_word' id='word_1_491' title='bbox 1018 5220 1072 5274; x_wconf 92' lang='lat' dir='ltr'><strong>in</strong></span> <span class='ocrx_word' id='word_1_492' title='bbox 1104 5234 1212 5274; x_wconf 76' lang='lat' dir='ltr'><strong>tera</strong></span> <span class='ocrx_word' id='word_1_493' title='bbox 1241 5219 1873 5289; x_wconf 87' lang='lat' dir='ltr'><strong>Constantinopolitana.</strong></span> <span class='ocrx_word' id='word_1_494' title='bbox 1925 5216 1984 5272; x_wconf 92' lang='lat' dir='ltr'><strong>Si</strong></span> 
     </span>
    </p>
   </div>
   <div class='ocr_carea' id='block_1_71' title="bbox 412 5314 1986 5385">
    <p class='ocr_par' dir='ltr' id='par_1_71' title="bbox 412 5314 1986 5385">
     <span class='ocr_line' id='line_1_71' title="bbox 412 5314 1986 5385; baseline -0.003 -15"><span class='ocrx_word' id='word_1_495' title='bbox 412 5317 559 5370; x_wconf 84' lang='lat' dir='ltr'><strong>enim</strong></span> <span class='ocrx_word' id='word_1_496' title='bbox 587 5323 700 5372; x_wconf 88' lang='lat' dir='ltr'><strong>tres</strong></span> <span class='ocrx_word' id='word_1_497' title='bbox 733 5331 919 5372; x_wconf 67' lang='lat' dir='ltr'><strong>annos.</strong></span> <span class='ocrx_word' id='word_1_498' title='bbox 939 5315 1188 5385; x_wconf 89' lang='lat' dir='ltr'><strong>adjicias,</strong></span> <span class='ocrx_word' id='word_1_499' title='bbox 1221 5315 1310 5370; x_wconf 83' lang='lat' dir='ltr'><strong>fiet</strong></span> <span class='ocrx_word' id='word_1_500' title='bbox 1339 5329 1514 5370; x_wconf 90' lang='lat' dir='ltr'><strong>annus</strong></span> <span class='ocrx_word' id='word_1_501' title='bbox 1548 5314 1688 5369; x_wconf 88' lang='lat'><strong>5509</strong></span> <span class='ocrx_word' id='word_1_502' title='bbox 1714 5315 1986 5370; x_wconf 89' lang='lat' dir='ltr'><strong>Constan-</strong></span> 
     </span>
    </p>
   </div>
   <div class='ocr_carea' id='block_1_72' title="bbox 415 5403 1984 5476">
    <p class='ocr_par' dir='ltr' id='par_1_72' title="bbox 415 5403 1984 5476">
     <span class='ocr_line' id='line_1_72' title="bbox 415 5403 1984 5476; baseline -0.001 -16"><span class='ocrx_word' id='word_1_503' title='bbox 415 5405 847 5475; x_wconf 89' lang='lat' dir='ltr'><strong>tinopolitanus;</strong></span> <span class='ocrx_word' id='word_1_504' title='bbox 879 5404 1108 5461; x_wconf 61' lang='lat' dir='ltr'><strong>Iuliana</strong></span> <span class='ocrx_word' id='word_1_505' title='bbox 1142 5404 1352 5476; x_wconf 90' lang='lat' dir='ltr'><strong>periodi</strong></span> <span class='ocrx_word' id='word_1_506' title='bbox 1379 5403 1540 5467; x_wconf 74' lang='grc'>4714,</span> <span class='ocrx_word' id='word_1_507' title='bbox 1572 5404 1664 5474; x_wconf 93' lang='lat' dir='ltr'><strong>qui</strong></span> <span class='ocrx_word' id='word_1_508' title='bbox 1697 5412 1782 5459; x_wconf 93' lang='lat' dir='ltr'><strong>est</strong></span> <span class='ocrx_word' id='word_1_509' title='bbox 1818 5403 1984 5474; x_wconf 90' lang='lat' dir='ltr'><strong>ipsis-</strong></span> 
     </span>
    </p>
   </div>
   <div class='ocr_carea' id='block_1_73' title="bbox 415 5495 1984 5565">
    <p class='ocr_par' dir='ltr' id='par_1_73' title="bbox 415 5495 1984 5565">
     <span class='ocr_line' id='line_1_73' title="bbox 415 5495 1984 5565; baseline -0.001 -16"><span class='ocrx_word' id='word_1_510' title='bbox 415 5497 588 5552; x_wconf 85' lang='lat' dir='ltr'><strong>simus</strong></span> <span class='ocrx_word' id='word_1_511' title='bbox 619 5511 742 5551; x_wconf 61' lang='lat' dir='ltr'><strong>aera!</strong></span> <span class='ocrx_word' id='word_1_512' title='bbox 794 5497 1124 5554; x_wconf 90' lang='lat' dir='ltr'><strong>communis.</strong></span> <span class='ocrx_word' id='word_1_513' title='bbox 1180 5495 1299 5550; x_wconf 80' lang='lat' dir='ltr'><strong>Non</strong></span> <span class='ocrx_word' id='word_1_514' title='bbox 1357 5503 1440 5550; x_wconf 90' lang='lat' dir='ltr'><strong>est</strong></span> <span class='ocrx_word' id='word_1_515' title='bbox 1487 5495 1652 5565; x_wconf 88' lang='lat' dir='ltr'><strong>igitur</strong></span> <span class='ocrx_word' id='word_1_516' title='bbox 1695 5501 1984 5565; x_wconf 88' lang='lat' dir='ltr'><strong>computus</strong></span> 
     </span>
    </p>
   </div>
   <div class='ocr_carea' id='block_1_74' title="bbox 416 5586 1984 5658">
    <p class='ocr_par' dir='ltr' id='par_1_74' title="bbox 416 5586 1984 5658">
     <span class='ocr_line' id='line_1_74' title="bbox 416 5586 1984 5658; baseline 0.001 -17"><span class='ocrx_word' id='word_1_517' title='bbox 416 5586 591 5653; x_wconf 88' lang='lat' dir='ltr'><strong>alius;</strong></span> <span class='ocrx_word' id='word_1_518' title='bbox 625 5589 720 5644; x_wconf 87' lang='lat' dir='ltr'><strong>sed</strong></span> <span class='ocrx_word' id='word_1_519' title='bbox 747 5587 992 5657; x_wconf 87' lang='lat' dir='ltr'><strong>ejusdem</strong></span> <span class='ocrx_word' id='word_1_520' title='bbox 1019 5588 1260 5658; x_wconf 90' lang='lat' dir='ltr'><strong>computi</strong></span> <span class='ocrx_word' id='word_1_521' title='bbox 1306 5601 1479 5642; x_wconf 89' lang='lat' dir='ltr'><strong>annos</strong></span> <span class='ocrx_word' id='word_1_522' title='bbox 1524 5586 1771 5643; x_wconf 87' lang='lat' dir='ltr'><strong>diversos</strong></span> <span class='ocrx_word' id='word_1_523' title='bbox 1799 5588 1984 5642; x_wconf 85' lang='lat' dir='ltr'><strong>lncar-</strong></span> 
     </span>
    </p>
   </div>
   <div class='ocr_carea' id='block_1_75' title="bbox 415 5678 1986 5750">
    <p class='ocr_par' dir='ltr' id='par_1_75' title="bbox 415 5678 1986 5750">
     <span class='ocr_line' id='line_1_75' title="bbox 415 5678 1986 5750; baseline 0.001 -17"><span class='ocrx_word' id='word_1_524' title='bbox 415 5679 624 5734; x_wconf 88' lang='lat' dir='ltr'><strong>nationi</strong></span> <span class='ocrx_word' id='word_1_525' title='bbox 668 5679 942 5750; x_wconf 77' lang='lat' dir='ltr'><strong>prteﬂniit.</strong></span> <span class='ocrx_word' id='word_1_526' title='bbox 993 5678 1073 5733; x_wconf 87' lang='lat' dir='ltr'><strong>Ex</strong></span> <span class='ocrx_word' id='word_1_527' title='bbox 1120 5680 1204 5735; x_wconf 88' lang='lat' dir='ltr'><strong>his</strong></span> <span class='ocrx_word' id='word_1_528' title='bbox 1250 5678 1411 5734; x_wconf 82' lang='lat' dir='ltr'><strong>facile</strong></span> <span class='ocrx_word' id='word_1_529' title='bbox 1457 5685 1541 5734; x_wconf 83' lang='lat' dir='ltr'><strong>est</strong></span> <span class='ocrx_word' id='word_1_530' title='bbox 1589 5678 1806 5733; x_wconf 91' lang='lat' dir='ltr'><strong>odorari</strong></span> <span class='ocrx_word' id='word_1_531' title='bbox 1865 5694 1986 5749; x_wconf 67' lang='lat' dir='ltr'><strong>quae</strong></span> 
     </span>
    </p>
   </div>
   <div class='ocr_carea' id='block_1_76' title="bbox 418 5770 1981 5844">
    <p class='ocr_par' dir='ltr' id='par_1_76' title="bbox 418 5770 1981 5844">
     <span class='ocr_line' id='line_1_76' title="bbox 418 5770 1981 5844; baseline 0.003 -21"><span class='ocrx_word' id='word_1_532' title='bbox 418 5780 803 5842; x_wconf 81' lang='lat' dir='ltr'><strong>compulerum</strong></span> <span class='ocrx_word' id='word_1_533' title='bbox 855 5771 1086 5827; x_wconf 88' lang='lat' dir='ltr'><strong>istorum</strong></span> <span class='ocrx_word' id='word_1_534' title='bbox 1137 5773 1291 5844; x_wconf 88' lang='lat' dir='ltr'><strong>origo</strong></span> <span class='ocrx_word' id='word_1_535' title='bbox 1326 5770 1534 5827; x_wconf 90' lang='lat' dir='ltr'><strong>fuerit:</strong></span> <span class='ocrx_word' id='word_1_536' title='bbox 1567 5770 1713 5843; x_wconf 92' lang='lat' dir='ltr'><strong>quod</strong></span> <span class='ocrx_word' id='word_1_537' title='bbox 1766 5772 1818 5826; x_wconf 93' lang='lat' dir='ltr'><strong>in</strong></span> <span class='ocrx_word' id='word_1_538' title='bbox 1867 5787 1981 5843; x_wconf 89' lang='lat' dir='ltr'><strong>seq.</strong></span> 
     </span>
    </p>
   </div>
   <div class='ocr_carea' id='block_1_77' title="bbox 421 5863 962 5932">
    <p class='ocr_par' dir='ltr' id='par_1_77' title="bbox 421 5863 962 5932">
     <span class='ocr_line' id='line_1_77' title="bbox 421 5863 962 5932; baseline 0.004 -17"><span class='ocrx_word' id='word_1_539' title='bbox 421 5878 540 5932; x_wconf 79' lang='lat' dir='ltr'><strong>cap.</strong></span> <span class='ocrx_word' id='word_1_540' title='bbox 577 5863 962 5919; x_wconf 82' lang='lat' dir='ltr'><strong>declarabitur.</strong></span> 
     </span>
    </p>
   </div>
   <div class='ocr_carea' id='block_1_78' title="bbox 2080 2045 3648 2122">
    <p class='ocr_par' dir='ltr' id='par_1_78' title="bbox 2080 2045 3648 2122">
     <span class='ocr_line' id='line_1_78' title="bbox 2080 2045 3648 2122; baseline -0.005 -15"><span class='ocrx_word' id='word_1_541' title='bbox 2080 2051 2281 2107; x_wconf 88' lang='lat' dir='ltr'><strong>eruditi</strong></span> <span class='ocrx_word' id='word_1_542' title='bbox 2310 2050 2652 2122; x_wconf 86' lang='lat' dir='ltr'><strong>chronologi,</strong></span> <span class='ocrx_word' id='word_1_543' title='bbox 2683 2050 2777 2120; x_wconf 92' lang='lat' dir='ltr'><strong>qui</strong></span> <span class='ocrx_word' id='word_1_544' title='bbox 2815 2046 3091 2102; x_wconf 90' lang='lat' dir='ltr'><strong>Christum</strong></span> <span class='ocrx_word' id='word_1_545' title='bbox 3126 2062 3270 2102; x_wconf 91' lang='lat' dir='ltr'><strong>anno</strong></span> <span class='ocrx_word' id='word_1_546' title='bbox 3301 2046 3486 2100; x_wconf 87' lang='lat' dir='ltr'><strong>mundi</strong></span> <span class='ocrx_word' id='word_1_547' title='bbox 3513 2045 3648 2100; x_wconf 85' lang='grc'>5501</span> 
     </span>
    </p>
   </div>
   <div class='ocr_carea' id='block_1_79' title="bbox 2080 2136 3654 2212">
    <p class='ocr_par' dir='ltr' id='par_1_79' title="bbox 2080 2136 3654 2212">
     <span class='ocr_line' id='line_1_79' title="bbox 2080 2136 3654 2212; baseline -0.004 -14"><span class='ocrx_word' id='word_1_548' title='bbox 2080 2144 2423 2198; x_wconf 89' lang='lat' dir='ltr'><strong>incarnatum</strong></span> <span class='ocrx_word' id='word_1_549' title='bbox 2457 2157 2580 2197; x_wconf 89' lang='lat' dir='ltr'><strong>esse</strong></span> <span class='ocrx_word' id='word_1_550' title='bbox 2601 2182 2614 2206; x_wconf 93' lang='lat'><strong>,</strong></span> <span class='ocrx_word' id='word_1_551' title='bbox 2666 2156 2889 2212; x_wconf 91' lang='lat' dir='ltr'><strong>passum</strong></span> <span class='ocrx_word' id='word_1_552' title='bbox 2920 2154 3050 2196; x_wconf 84' lang='lat' dir='ltr'><strong>vero</strong></span> <span class='ocrx_word' id='word_1_553' title='bbox 3099 2136 3462 2206; x_wconf 70' lang='lat' dir='ltr'><strong>5551,&#39;a2tatis</strong></span> <span class='ocrx_word' id='word_1_554' title='bbox 3489 2137 3654 2191; x_wconf 80' lang='lat' dir='ltr'><strong>trice-</strong></span> 
     </span>
    </p>
   </div>
   <div class='ocr_carea' id='block_1_80' title="bbox 2084 2227 3655 2305">
    <p class='ocr_par' dir='ltr' id='par_1_80' title="bbox 2084 2227 3655 2305">
     <span class='ocr_line' id='line_1_80' title="bbox 2084 2227 3655 2305; baseline -0.003 -17"><span class='ocrx_word' id='word_1_555' title='bbox 2084 2227 2243 2288; x_wconf 62' lang='lat' dir='ltr'><strong>simo&#39;</strong></span> <span class='ocrx_word' id='word_1_556' title='bbox 2275 2233 2452 2305; x_wconf 90' lang='lat' dir='ltr'><strong>primo</strong></span> <span class='ocrx_word' id='word_1_557' title='bbox 2504 2232 2728 2287; x_wconf 86' lang='lat' dir='ltr'><strong>circiter</strong></span> <span class='ocrx_word' id='word_1_558' title='bbox 2768 2231 3047 2287; x_wconf 85' lang='lat' dir='ltr'><strong>asseruit:</strong></span> <span class='ocrx_word' id='word_1_559' title='bbox 3093 2238 3148 2285; x_wconf 88' lang='lat' dir='ltr'><strong>et</strong></span> <span class='ocrx_word' id='word_1_560' title='bbox 3185 2230 3449 2300; x_wconf 90' lang='lat' dir='ltr'><strong>originem</strong></span> <span class='ocrx_word' id='word_1_561' title='bbox 3504 2230 3655 2286; x_wconf 86' lang='lat' dir='ltr'><strong>dedit</strong></span> 
     </span>
    </p>
   </div>
   <div class='ocr_carea' id='block_1_81' title="bbox 2083 2322 3650 2394">
    <p class='ocr_par' dir='ltr' id='par_1_81' title="bbox 2083 2322 3650 2394">
     <span class='ocr_line' id='line_1_81' title="bbox 2083 2322 3650 2394; baseline -0.001 -14"><span class='ocrx_word' id='word_1_562' title='bbox 2083 2341 2206 2380; x_wconf 70' lang='lat' dir='ltr'><strong>terte</strong></span> <span class='ocrx_word' id='word_1_563' title='bbox 2257 2326 2360 2389; x_wconf 90' lang='lat' dir='ltr'><strong>illi,</strong></span> <span class='ocrx_word' id='word_1_564' title='bbox 2418 2340 2582 2394; x_wconf 89' lang='lat' dir='ltr'><strong>quam</strong></span> <span class='ocrx_word' id='word_1_565' title='bbox 2622 2323 3047 2377; x_wconf 81' lang='lat' dir='ltr'><strong>Alexandrinam</strong></span> <span class='ocrx_word' id='word_1_566' title='bbox 3087 2322 3346 2393; x_wconf 89' lang='lat' dir='ltr'><strong>appellari</strong></span> <span class='ocrx_word' id='word_1_567' title='bbox 3391 2322 3650 2379; x_wconf 84' lang='lat' dir='ltr'><strong>diximus.</strong></span> 
     </span>
    </p>
   </div>
   <div class='ocr_carea' id='block_1_82' title="bbox 2083 2413 3654 2485">
    <p class='ocr_par' dir='ltr' id='par_1_82' title="bbox 2083 2413 3654 2485">
     <span class='ocr_line' id='line_1_82' title="bbox 2083 2413 3654 2485; baseline 0 -16"><span class='ocrx_word' id='word_1_568' title='bbox 2083 2416 2254 2482; x_wconf 88' lang='lat' dir='ltr'><strong>Quem</strong></span> <span class='ocrx_word' id='word_1_569' title='bbox 2286 2417 2432 2470; x_wconf 89' lang='lat' dir='ltr'><strong>illius</strong></span> <span class='ocrx_word' id='word_1_570' title='bbox 2463 2423 2780 2485; x_wconf 90' lang='lat' dir='ltr'><strong>computum</strong></span> <span class='ocrx_word' id='word_1_571' title='bbox 2830 2415 2974 2469; x_wconf 89' lang='lat' dir='ltr'><strong>nacti</strong></span> <span class='ocrx_word' id='word_1_572' title='bbox 3020 2413 3249 2485; x_wconf 88' lang='lat' dir='ltr'><strong>posteri,</strong></span> <span class='ocrx_word' id='word_1_573' title='bbox 3285 2414 3526 2469; x_wconf 86' lang='lat' dir='ltr'><strong>auctoris</strong></span> <span class='ocrx_word' id='word_1_574' title='bbox 3567 2414 3654 2470; x_wconf 84' lang='lat' dir='ltr'><strong>sui</strong></span> 
     </span>
    </p>
   </div>
   <div class='ocr_carea' id='block_1_83' title="bbox 2084 2504 3656 2578">
    <p class='ocr_par' dir='ltr' id='par_1_83' title="bbox 2084 2504 3656 2578">
     <span class='ocr_line' id='line_1_83' title="bbox 2084 2504 3656 2578; baseline -0.002 -16"><span class='ocrx_word' id='word_1_575' title='bbox 2084 2508 2495 2578; x_wconf 89' lang='lat' dir='ltr'><strong>cbronologiam</strong></span> <span class='ocrx_word' id='word_1_576' title='bbox 2537 2506 2957 2577; x_wconf 86' lang='lat' dir='ltr'><strong>interpolarunt,</strong></span> <span class='ocrx_word' id='word_1_577' title='bbox 2989 2519 3054 2558; x_wconf 89' lang='lat' dir='ltr'><strong>ac</strong></span> <span class='ocrx_word' id='word_1_578' title='bbox 3087 2504 3390 2562; x_wconf 57' lang='lat' dir='ltr'><strong>foedissime</strong></span> <span class='ocrx_word' id='word_1_579' title='bbox 3432 2513 3656 2560; x_wconf 89' lang='lat' dir='ltr'><strong>contur-</strong></span> 
     </span>
    </p>
   </div>
   <div class='ocr_carea' id='block_1_84' title="bbox 2082 2595 3653 2668">
    <p class='ocr_par' dir='ltr' id='par_1_84' title="bbox 2082 2595 3653 2668">
     <span class='ocr_line' id='line_1_84' title="bbox 2082 2595 3653 2668; baseline -0.001 -13"><span class='ocrx_word' id='word_1_580' title='bbox 2082 2599 2298 2658; x_wconf 83' lang='lat' dir='ltr'><strong>barunt.</strong></span> <span class='ocrx_word' id='word_1_581' title='bbox 2332 2597 2465 2652; x_wconf 85' lang='lat' dir='ltr'><strong>Nam</strong></span> <span class='ocrx_word' id='word_1_582' title='bbox 2504 2599 2690 2654; x_wconf 88' lang='lat' dir='ltr'><strong>decem</strong></span> <span class='ocrx_word' id='word_1_583' title='bbox 2719 2597 2943 2652; x_wconf 90' lang='lat' dir='ltr'><strong>circiter</strong></span> <span class='ocrx_word' id='word_1_584' title='bbox 2976 2595 3134 2651; x_wconf 89' lang='lat' dir='ltr'><strong>annis</strong></span> <span class='ocrx_word' id='word_1_585' title='bbox 3160 2597 3227 2651; x_wconf 89' lang='lat' dir='ltr'><strong>ab</strong></span> <span class='ocrx_word' id='word_1_586' title='bbox 3257 2597 3379 2668; x_wconf 88' lang='lat' dir='ltr'><strong>ejus</strong></span> <span class='ocrx_word' id='word_1_587' title='bbox 3406 2598 3615 2667; x_wconf 87' lang='lat' dir='ltr'><strong>epocha</strong></span> <span class='ocrx_word' id='word_1_588' title='bbox 3636 2637 3653 2664; x_wconf 93' lang='lat'><strong>,</strong></span> 
     </span>
    </p>
   </div>
   <div class='ocr_carea' id='block_1_85' title="bbox 2079 2687 3658 2762">
    <p class='ocr_par' dir='ltr' id='par_1_85' title="bbox 2079 2687 3658 2762">
     <span class='ocr_line' id='line_1_85' title="bbox 2079 2687 3658 2762; baseline -0.003 -16"><span class='ocrx_word' id='word_1_589' title='bbox 2079 2707 2111 2746; x_wconf 90' lang='lat' dir='ltr'><strong>a</strong></span> <span class='ocrx_word' id='word_1_590' title='bbox 2145 2690 2471 2762; x_wconf 80' lang='lat' dir='ltr'><strong>Dionysiana</strong></span> <span class='ocrx_word' id='word_1_591' title='bbox 2519 2701 2700 2744; x_wconf 87' lang='lat' dir='ltr'><strong>autem</strong></span> <span class='ocrx_word' id='word_1_592' title='bbox 2743 2695 2890 2750; x_wconf 85' lang='lat' dir='ltr'><strong>octo,</strong></span> <span class='ocrx_word' id='word_1_593' title='bbox 2949 2687 3156 2744; x_wconf 87' lang='lat' dir='ltr'><strong>Christi</strong></span> <span class='ocrx_word' id='word_1_594' title='bbox 3203 2687 3419 2743; x_wconf 90' lang='lat' dir='ltr'><strong>Domini</strong></span> <span class='ocrx_word' id='word_1_595' title='bbox 3472 2688 3658 2743; x_wconf 86' lang='lat' dir='ltr'><strong>lncar-</strong></span> 
     </span>
    </p>
   </div>
   <div class='ocr_carea' id='block_1_86' title="bbox 2080 2777 3653 2848">
    <p class='ocr_par' dir='ltr' id='par_1_86' title="bbox 2080 2777 3653 2848">
     <span class='ocr_line' id='line_1_86' title="bbox 2080 2777 3653 2848; baseline -0.001 -14"><span class='ocrx_word' id='word_1_596' title='bbox 2080 2782 2357 2835; x_wconf 88' lang='lat' dir='ltr'><strong>nationem</strong></span> <span class='ocrx_word' id='word_1_597' title='bbox 2399 2779 2808 2834; x_wconf 86' lang='lat' dir='ltr'><strong>abstraxerunt.</strong></span> <span class='ocrx_word' id='word_1_598' title='bbox 2842 2777 2898 2832; x_wconf 90' lang='lat' dir='ltr'><strong>ld</strong></span> <span class='ocrx_word' id='word_1_599' title='bbox 2929 2793 3037 2848; x_wconf 89' lang='lat' dir='ltr'><strong>qua</strong></span> <span class='ocrx_word' id='word_1_600' title='bbox 3069 2778 3286 2834; x_wconf 89' lang='lat' dir='ltr'><strong>ratione</strong></span> <span class='ocrx_word' id='word_1_601' title='bbox 3311 2779 3382 2834; x_wconf 91' lang='lat' dir='ltr'><strong>sit</strong></span> <span class='ocrx_word' id='word_1_602' title='bbox 3407 2777 3612 2834; x_wconf 87' lang='lat' dir='ltr'><strong>factum</strong></span> <span class='ocrx_word' id='word_1_603' title='bbox 3636 2818 3653 2844; x_wconf 94' lang='lat'><strong>,</strong></span> 
     </span>
    </p>
   </div>
   <div class='ocr_carea' id='block_1_87' title="bbox 2079 2868 3656 2942">
    <p class='ocr_par' dir='ltr' id='par_1_87' title="bbox 2079 2868 3656 2942">
     <span class='ocr_line' id='line_1_87' title="bbox 2079 2868 3656 2942; baseline -0.001 -16"><span class='ocrx_word' id='word_1_604' title='bbox 2079 2879 2134 2926; x_wconf 91' lang='lat' dir='ltr'><strong>et</strong></span> <span class='ocrx_word' id='word_1_605' title='bbox 2159 2887 2278 2942; x_wconf 64' lang='lat' dir='ltr'><strong>qua:</strong></span> <span class='ocrx_word' id='word_1_606' title='bbox 2308 2871 2524 2926; x_wconf 90' lang='lat' dir='ltr'><strong>sincera</strong></span> <span class='ocrx_word' id='word_1_607' title='bbox 2557 2870 2704 2924; x_wconf 91' lang='lat' dir='ltr'><strong>illius</strong></span> <span class='ocrx_word' id='word_1_608' title='bbox 2735 2869 2922 2940; x_wconf 84' lang='lat' dir='ltr'><strong>Opinio</strong></span> <span class='ocrx_word' id='word_1_609' title='bbox 2959 2868 3149 2934; x_wconf 91' lang='lat' dir='ltr'><strong>fuerit,</strong></span> <span class='ocrx_word' id='word_1_610' title='bbox 3180 2869 3514 2940; x_wconf 86' lang='lat' dir='ltr'><strong>investigare</strong></span> <span class='ocrx_word' id='word_1_611' title='bbox 3545 2885 3656 2925; x_wconf 90' lang='lat' dir='ltr'><strong>non</strong></span> 
     </span>
    </p>
   </div>
   <div class='ocr_carea' id='block_1_88' title="bbox 2079 2961 3655 3034">
    <p class='ocr_par' dir='ltr' id='par_1_88' title="bbox 2079 2961 3655 3034">
     <span class='ocr_line' id='line_1_88' title="bbox 2079 2961 3655 3034; baseline -0.002 -15"><span class='ocrx_word' id='word_1_612' title='bbox 2079 2965 2205 3028; x_wconf 91' lang='lat' dir='ltr'><strong>erit,</strong></span> <span class='ocrx_word' id='word_1_613' title='bbox 2256 2964 2473 3034; x_wconf 87' lang='lat' dir='ltr'><strong>opinor,</strong></span> <span class='ocrx_word' id='word_1_614' title='bbox 2524 2961 2803 3016; x_wconf 88' lang='lat' dir='ltr'><strong>alienum:</strong></span> <span class='ocrx_word' id='word_1_615' title='bbox 2850 2961 2961 3016; x_wconf 92' lang='lat' dir='ltr'><strong>imo</strong></span> <span class='ocrx_word' id='word_1_616' title='bbox 3015 2975 3148 3016; x_wconf 89' lang='lat' dir='ltr'><strong>vero</strong></span> <span class='ocrx_word' id='word_1_617' title='bbox 3197 2961 3542 3018; x_wconf 59' lang='lat' dir='ltr'><strong>Graecanicas</strong></span> <span class='ocrx_word' id='word_1_618' title='bbox 3585 2961 3655 3016; x_wconf 89' lang='lat' dir='ltr'><strong>ad</strong></span> 
     </span>
    </p>
   </div>
   <div class='ocr_carea' id='block_1_89' title="bbox 2077 3050 3656 3122">
    <p class='ocr_par' dir='ltr' id='par_1_89' title="bbox 2077 3050 3656 3122">
     <span class='ocr_line' id='line_1_89' title="bbox 2077 3050 3656 3122; baseline -0.001 -14"><span class='ocrx_word' id='word_1_619' title='bbox 2077 3068 2216 3109; x_wconf 59' lang='lat' dir='ltr'><strong>atras</strong></span> <span class='ocrx_word' id='word_1_620' title='bbox 2254 3052 2634 3122; x_wconf 85' lang='lat' dir='ltr'><strong>intelligendas</strong></span> <span class='ocrx_word' id='word_1_621' title='bbox 2678 3050 2974 3120; x_wconf 90' lang='lat' dir='ltr'><strong>plurimum</strong></span> <span class='ocrx_word' id='word_1_622' title='bbox 3017 3050 3166 3108; x_wconf 90' lang='lat' dir='ltr'><strong>illius</strong></span> <span class='ocrx_word' id='word_1_623' title='bbox 3194 3050 3475 3121; x_wconf 88' lang='lat' dir='ltr'><strong>inquisitio</strong></span> <span class='ocrx_word' id='word_1_624' title='bbox 3505 3052 3656 3106; x_wconf 83' lang='lat' dir='ltr'><strong>utili-</strong></span> 
     </span>
    </p>
   </div>
   <div class='ocr_carea' id='block_1_90' title="bbox 2077 3144 2452 3201">
    <p class='ocr_par' dir='ltr' id='par_1_90' title="bbox 2077 3144 2452 3201">
     <span class='ocr_line' id='line_1_90' title="bbox 2077 3144 2452 3201; baseline -0.005 0"><span class='ocrx_word' id='word_1_625' title='bbox 2077 3147 2208 3201; x_wconf 88' lang='lat' dir='ltr'><strong>tatis</strong></span> <span class='ocrx_word' id='word_1_626' title='bbox 2241 3144 2452 3199; x_wconf 67' lang='lat' dir='ltr'><strong>afferet.</strong></span> 
     </span>
    </p>
   </div>
   <div class='ocr_carea' id='block_1_91' title="bbox 2153 3231 3654 3306">
    <p class='ocr_par' dir='ltr' id='par_1_91' title="bbox 2153 3231 3654 3306">
     <span class='ocr_line' id='line_1_91' title="bbox 2153 3231 3654 3306; baseline 0.001 -19"><span class='ocrx_word' id='word_1_627' title='bbox 2153 3231 2355 3287; x_wconf 90' lang='lat' dir='ltr'><strong>Scribit</strong></span> <span class='ocrx_word' id='word_1_628' title='bbox 2385 3232 2744 3306; x_wconf 84' lang='lat' dir='ltr'><strong>Hieronymus</strong></span> <span class='ocrx_word' id='word_1_629' title='bbox 2769 3234 2823 3288; x_wconf 90' lang='lat' dir='ltr'><strong>in</strong></span> <span class='ocrx_word' id='word_1_630' title='bbox 2859 3245 3023 3304; x_wconf 92' lang='lat' dir='ltr'><strong>caput</strong></span> <span class='ocrx_word' id='word_1_631' title='bbox 3051 3250 3107 3288; x_wconf 80' lang='lat' dir='ltr'><strong>1x</strong></span> <span class='ocrx_word' id='word_1_632' title='bbox 3135 3232 3400 3298; x_wconf 89' lang='lat' dir='ltr'><strong>Danielis,</strong></span> <span class='ocrx_word' id='word_1_633' title='bbox 3435 3233 3654 3288; x_wconf 85' lang='lat' dir='ltr'><strong>Africa-</strong></span> 
     </span>
    </p>
   </div>
   <div class='ocr_carea' id='block_1_92' title="bbox 2080 3323 3654 3396">
    <p class='ocr_par' dir='ltr' id='par_1_92' title="bbox 2080 3323 3654 3396">
     <span class='ocr_line' id='line_1_92' title="bbox 2080 3323 3654 3396; baseline -0.001 -17"><span class='ocrx_word' id='word_1_634' title='bbox 2080 3340 2212 3380; x_wconf 91' lang='lat' dir='ltr'><strong>num</strong></span> <span class='ocrx_word' id='word_1_635' title='bbox 2251 3325 2597 3381; x_wconf 84' lang='lat' dir='ltr'><strong>existimasse</strong></span> <span class='ocrx_word' id='word_1_636' title='bbox 2640 3325 2846 3380; x_wconf 87' lang='lat' dir='ltr'><strong>Christi</strong></span> <span class='ocrx_word' id='word_1_637' title='bbox 2900 3323 3116 3378; x_wconf 91' lang='lat' dir='ltr'><strong>Domini</strong></span> <span class='ocrx_word' id='word_1_638' title='bbox 3165 3325 3475 3396; x_wconf 90' lang='lat' dir='ltr'><strong>passionem</strong></span> <span class='ocrx_word' id='word_1_639' title='bbox 3510 3339 3654 3378; x_wconf 88' lang='lat' dir='ltr'><strong>anno</strong></span> 
     </span>
    </p>
   </div>
   <div class='ocr_carea' id='block_1_93' title="bbox 2081 3415 3654 3487">
    <p class='ocr_par' dir='ltr' id='par_1_93' title="bbox 2081 3415 3654 3487">
     <span class='ocr_line' id='line_1_93' title="bbox 2081 3415 3654 3487; baseline 0.001 -18"><span class='ocrx_word' id='word_1_640' title='bbox 2081 3416 2272 3487; x_wconf 93' lang='lat' dir='ltr'><strong>quinto</strong></span> <span class='ocrx_word' id='word_1_641' title='bbox 2297 3416 2510 3472; x_wconf 89' lang='lat' dir='ltr'><strong>decimo</strong></span> <span class='ocrx_word' id='word_1_642' title='bbox 2549 3416 2754 3472; x_wconf 87' lang='lat' dir='ltr'><strong>Tiberii</strong></span> <span class='ocrx_word' id='word_1_643' title='bbox 2789 3415 3024 3472; x_wconf 66' lang='lat' dir='ltr'><strong>Caesaris</strong></span> <span class='ocrx_word' id='word_1_644' title='bbox 3053 3415 3322 3471; x_wconf 89' lang='lat' dir='ltr'><strong>accidisse</strong></span> <span class='ocrx_word' id='word_1_645' title='bbox 3358 3435 3370 3470; x_wconf 91' lang='lat'>:</span> <span class='ocrx_word' id='word_1_646' title='bbox 3400 3431 3560 3486; x_wconf 90' lang='lat' dir='ltr'><strong>quem</strong></span> <span class='ocrx_word' id='word_1_647' title='bbox 3585 3416 3654 3470; x_wconf 88' lang='lat' dir='ltr'><strong>ab</strong></span> 
     </span>
    </p>
   </div>
   <div class='ocr_carea' id='block_1_94' title="bbox 2080 3507 3654 3572">
    <p class='ocr_par' dir='ltr' id='par_1_94' title="bbox 2080 3507 3654 3572">
     <span class='ocr_line' id='line_1_94' title="bbox 2080 3507 3654 3572; baseline 0.001 -8"><span class='ocrx_word' id='word_1_648' title='bbox 2080 3507 2216 3564; x_wconf 90' lang='lat' dir='ltr'><strong>orbe</strong></span> <span class='ocrx_word' id='word_1_649' title='bbox 2243 3508 2464 3563; x_wconf 89' lang='lat' dir='ltr'><strong>condito</strong></span> <span class='ocrx_word' id='word_1_650' title='bbox 2498 3509 2631 3563; x_wconf 85' lang='grc'>5551</span> <span class='ocrx_word' id='word_1_651' title='bbox 2669 3523 3011 3572; x_wconf 91' lang='lat' dir='ltr'><strong>numerasse,</strong></span> <span class='ocrx_word' id='word_1_652' title='bbox 3047 3509 3224 3565; x_wconf 65' lang='lat' dir='ltr'><strong>aetatis</strong></span> <span class='ocrx_word' id='word_1_653' title='bbox 3252 3509 3454 3564; x_wconf 90' lang='lat' dir='ltr'><strong>Christi</strong></span> <span class='ocrx_word' id='word_1_654' title='bbox 3488 3509 3654 3566; x_wconf 86' lang='lat' dir='ltr'><strong>trice-</strong></span> 
     </span>
    </p>
   </div>
   <div class='ocr_carea' id='block_1_95' title="bbox 2080 3595 3654 3670">
    <p class='ocr_par' dir='ltr' id='par_1_95' title="bbox 2080 3595 3654 3670">
     <span class='ocr_line' id='line_1_95' title="bbox 2080 3595 3654 3670; baseline -0.002 -13"><span class='ocrx_word' id='word_1_655' title='bbox 2080 3599 2280 3657; x_wconf 84' lang='lat' dir='ltr'><strong>simum</strong></span> <span class='ocrx_word' id='word_1_656' title='bbox 2328 3600 2564 3669; x_wconf 88' lang='lat' dir='ltr'><strong>primum</strong></span> <span class='ocrx_word' id='word_1_657' title='bbox 2617 3598 2860 3663; x_wconf 88' lang='lat' dir='ltr'><strong>circiter,</strong></span> <span class='ocrx_word' id='word_1_658' title='bbox 2893 3595 3160 3668; x_wconf 85' lang='lat' dir='ltr'><strong>Georgius</strong></span> <span class='ocrx_word' id='word_1_659' title='bbox 3192 3597 3476 3670; x_wconf 79' lang='lat' dir='ltr'><strong>Syncellus</strong></span> <span class='ocrx_word' id='word_1_660' title='bbox 3509 3597 3654 3655; x_wconf 73' lang='lat' dir='ltr'><strong>afﬁr-</strong></span> 
     </span>
    </p>
   </div>
   <div class='ocr_carea' id='block_1_96' title="bbox 2081 3690 3654 3750">
    <p class='ocr_par' dir='ltr' id='par_1_96' title="bbox 2081 3690 3654 3750">
     <span class='ocr_line' id='line_1_96' title="bbox 2081 3690 3654 3750; baseline 0.003 -4"><span class='ocrx_word' id='word_1_661' title='bbox 2081 3699 2212 3747; x_wconf 92' lang='lat' dir='ltr'><strong>mat.</strong></span> <span class='ocrx_word' id='word_1_662' title='bbox 2265 3691 2494 3748; x_wconf 78' lang='lat' dir='ltr'><strong>Pltotius</strong></span> <span class='ocrx_word' id='word_1_663' title='bbox 2527 3707 2658 3748; x_wconf 93' lang='lat' dir='ltr'><strong>vero</strong></span> <span class='ocrx_word' id='word_1_664' title='bbox 2700 3709 2830 3746; x_wconf 91' lang='lat' dir='ltr'><strong>num</strong></span> <span class='ocrx_word' id='word_1_665' title='bbox 2877 3690 3097 3748; x_wconf 79' lang='lat' dir='ltr'><strong>XXXIV</strong></span> <span class='ocrx_word' id='word_1_666' title='bbox 3135 3692 3307 3748; x_wconf 89' lang='lat' dir='ltr'><strong>refert</strong></span> <span class='ocrx_word' id='word_1_667' title='bbox 3334 3693 3654 3750; x_wconf 86' lang='lat' dir='ltr'><strong>Africanum</strong></span> 
     </span>
    </p>
   </div>
   <div class='ocr_carea' id='block_1_97' title="bbox 2079 3784 3657 3856">
    <p class='ocr_par' dir='ltr' id='par_1_97' title="bbox 2079 3784 3657 3856">
     <span class='ocr_line' id='line_1_97' title="bbox 2079 3784 3657 3856; baseline 0.001 -17"><span class='ocrx_word' id='word_1_668' title='bbox 2079 3798 2218 3854; x_wconf 91' lang='lat' dir='ltr'><strong>opus</strong></span> <span class='ocrx_word' id='word_1_669' title='bbox 2261 3784 2585 3839; x_wconf 86' lang='lat' dir='ltr'><strong>historicum</strong></span> <span class='ocrx_word' id='word_1_670' title='bbox 2632 3784 2874 3841; x_wconf 89' lang='lat' dir='ltr'><strong>edidisse</strong></span> <span class='ocrx_word' id='word_1_671' title='bbox 2905 3785 3142 3840; x_wconf 91' lang='lat' dir='ltr'><strong>divisum</strong></span> <span class='ocrx_word' id='word_1_672' title='bbox 3190 3785 3246 3840; x_wconf 88' lang='lat' dir='ltr'><strong>in</strong></span> <span class='ocrx_word' id='word_1_673' title='bbox 3277 3785 3449 3841; x_wconf 89' lang='lat' dir='ltr'><strong>libros</strong></span> <span class='ocrx_word' id='word_1_674' title='bbox 3490 3786 3657 3856; x_wconf 90' lang='lat' dir='ltr'><strong>quin-</strong></span> 
     </span>
    </p>
   </div>
   <div class='ocr_carea' id='block_1_98' title="bbox 2079 3875 3656 3946">
    <p class='ocr_par' dir='ltr' id='par_1_98' title="bbox 2079 3875 3656 3946">
     <span class='ocr_line' id='line_1_98' title="bbox 2079 3875 3656 3946; baseline 0.001 -16"><span class='ocrx_word' id='word_1_675' title='bbox 2079 3892 2218 3946; x_wconf 88' lang='lat' dir='ltr'><strong>que;</strong></span> <span class='ocrx_word' id='word_1_676' title='bbox 2241 3875 2442 3946; x_wconf 91' lang='lat' dir='ltr'><strong>quibus</strong></span> <span class='ocrx_word' id='word_1_677' title='bbox 2465 3883 2708 3944; x_wconf 90' lang='lat' dir='ltr'><strong>tempora</strong></span> <span class='ocrx_word' id='word_1_678' title='bbox 2739 3875 2922 3930; x_wconf 87' lang='lat' dir='ltr'><strong>omnia</strong></span> <span class='ocrx_word' id='word_1_679' title='bbox 2951 3875 3270 3945; x_wconf 83' lang='lat' dir='ltr'><strong>complexus</strong></span> <span class='ocrx_word' id='word_1_680' title='bbox 3294 3884 3398 3941; x_wconf 89' lang='lat' dir='ltr'><strong>est,</strong></span> <span class='ocrx_word' id='word_1_681' title='bbox 3426 3892 3455 3930; x_wconf 91' lang='lat' dir='ltr'><strong>a</strong></span> <span class='ocrx_word' id='word_1_682' title='bbox 3478 3877 3656 3946; x_wconf 87' lang='lat' dir='ltr'><strong>prima</strong></span> 
     </span>
    </p>
   </div>
   <div class='ocr_carea' id='block_1_99' title="bbox 2080 3966 3656 4040">
    <p class='ocr_par' dir='ltr' id='par_1_99' title="bbox 2080 3966 3656 4040">
     <span class='ocr_line' id='line_1_99' title="bbox 2080 3966 3656 4040; baseline -0.001 -16"><span class='ocrx_word' id='word_1_683' title='bbox 2080 3983 2263 4024; x_wconf 88' lang='lat' dir='ltr'><strong>rerum</strong></span> <span class='ocrx_word' id='word_1_684' title='bbox 2291 3968 2500 4038; x_wconf 85' lang='lat' dir='ltr'><strong>origine</strong></span> <span class='ocrx_word' id='word_1_685' title='bbox 2537 3968 2605 4022; x_wconf 90' lang='lat' dir='ltr'><strong>ad</strong></span> <span class='ocrx_word' id='word_1_686' title='bbox 2629 3966 2834 4022; x_wconf 88' lang='lat' dir='ltr'><strong>Christi</strong></span> <span class='ocrx_word' id='word_1_687' title='bbox 2867 3967 3189 4040; x_wconf 82' lang='grc' dir='ltr'><strong>παρουσίαν,</strong></span> <span class='ocrx_word' id='word_1_688' title='bbox 3221 3967 3324 4022; x_wconf 91' lang='lat' dir='ltr'><strong>hoc</strong></span> <span class='ocrx_word' id='word_1_689' title='bbox 3355 3976 3440 4024; x_wconf 91' lang='lat' dir='ltr'><strong>est</strong></span> <span class='ocrx_word' id='word_1_690' title='bbox 3471 3966 3656 4023; x_wconf 85' lang='lat' dir='ltr'><strong>lncar-</strong></span> 
     </span>
    </p>
   </div>
   <div class='ocr_carea' id='block_1_100' title="bbox 2079 4061 3654 4129">
    <p class='ocr_par' dir='ltr' id='par_1_100' title="bbox 2079 4061 3654 4129">
     <span class='ocr_line' id='line_1_100' title="bbox 2079 4061 3654 4129; baseline -0.001 -13"><span class='ocrx_word' id='word_1_691' title='bbox 2079 4062 2381 4125; x_wconf 86' lang='lat' dir='ltr'><strong>nationem,</strong></span> <span class='ocrx_word' id='word_1_692' title='bbox 2413 4061 2550 4116; x_wconf 90' lang='lat' dir='ltr'><strong>nihil</strong></span> <span class='ocrx_word' id='word_1_693' title='bbox 2583 4070 2642 4114; x_wconf 93' lang='lat' dir='ltr'><strong>ut</strong></span> <span class='ocrx_word' id='word_1_694' title='bbox 2673 4076 2854 4115; x_wconf 92' lang='lat' dir='ltr'><strong>rerum</strong></span> <span class='ocrx_word' id='word_1_695' title='bbox 2897 4062 3332 4118; x_wconf 88' lang='lat' dir='ltr'><strong>necessariarum</strong></span> <span class='ocrx_word' id='word_1_696' title='bbox 3361 4063 3654 4129; x_wconf 90' lang='lat' dir='ltr'><strong>omitteret,</strong></span> 
     </span>
    </p>
   </div>
   <div class='ocr_carea' id='block_1_101' title="bbox 2081 4150 3649 4222">
    <p class='ocr_par' dir='ltr' id='par_1_101' title="bbox 2081 4150 3649 4222">
     <span class='ocr_line' id='line_1_101' title="bbox 2081 4150 3649 4222; baseline -0.001 -14"><span class='ocrx_word' id='word_1_697' title='bbox 2081 4152 2396 4209; x_wconf 88' lang='lat' dir='ltr'><strong>summatim</strong></span> <span class='ocrx_word' id='word_1_698' title='bbox 2445 4159 2645 4206; x_wconf 92' lang='lat' dir='ltr'><strong>cuncta</strong></span> <span class='ocrx_word' id='word_1_699' title='bbox 2679 4151 3048 4222; x_wconf 88' lang='lat' dir='ltr'><strong>perscribens.</strong></span> <span class='ocrx_word' id='word_1_700' title='bbox 3090 4150 3222 4206; x_wconf 88' lang='lat' dir='ltr'><strong>Inde</strong></span> <span class='ocrx_word' id='word_1_701' title='bbox 3247 4166 3376 4207; x_wconf 87' lang='lat' dir='ltr'><strong>vero</strong></span> <span class='ocrx_word' id='word_1_702' title='bbox 3417 4151 3486 4206; x_wconf 88' lang='lat' dir='ltr'><strong>ad</strong></span> <span class='ocrx_word' id='word_1_703' title='bbox 3529 4151 3649 4206; x_wconf 84' lang='lat' dir='ltr'><strong>Ma-</strong></span> 
     </span>
    </p>
   </div>
   <div class='ocr_carea' id='block_1_102' title="bbox 2080 4242 3653 4314">
    <p class='ocr_par' dir='ltr' id='par_1_102' title="bbox 2080 4242 3653 4314">
     <span class='ocr_line' id='line_1_102' title="bbox 2080 4242 3653 4314; baseline -0.001 -15"><span class='ocrx_word' id='word_1_704' title='bbox 2080 4243 2222 4299; x_wconf 93' lang='lat' dir='ltr'><strong>crini</strong></span> <span class='ocrx_word' id='word_1_705' title='bbox 2255 4242 2544 4313; x_wconf 89' lang='lat' dir='ltr'><strong>imperium</strong></span> <span class='ocrx_word' id='word_1_706' title='bbox 2577 4244 2783 4314; x_wconf 90' lang='lat' dir='ltr'><strong>reliqua</strong></span> <span class='ocrx_word' id='word_1_707' title='bbox 2813 4243 3226 4313; x_wconf 82' lang='lat' dir='ltr'><strong>perstrinxisse,</strong></span> <span class='ocrx_word' id='word_1_708' title='bbox 3259 4249 3422 4312; x_wconf 90' lang='lat' dir='ltr'><strong>atque</strong></span> <span class='ocrx_word' id='word_1_709' title='bbox 3461 4243 3566 4297; x_wconf 88' lang='lat' dir='ltr'><strong>hoc</strong></span> <span class='ocrx_word' id='word_1_710' title='bbox 3598 4243 3653 4297; x_wconf 93' lang='lat' dir='ltr'><strong>in</strong></span> 
     </span>
    </p>
   </div>
   <div class='ocr_carea' id='block_1_103' title="bbox 2079 4329 3654 4406">
    <p class='ocr_par' dir='ltr' id='par_1_103' title="bbox 2079 4329 3654 4406">
     <span class='ocr_line' id='line_1_103' title="bbox 2079 4329 3654 4406; baseline -0.003 -17"><span class='ocrx_word' id='word_1_711' title='bbox 2079 4349 2246 4406; x_wconf 84' lang='lat' dir='ltr'><strong>Opere</strong></span> <span class='ocrx_word' id='word_1_712' title='bbox 2288 4340 2546 4388; x_wconf 85' lang='lat' dir='ltr'><strong>testatum</strong></span> <span class='ocrx_word' id='word_1_713' title='bbox 2594 4348 2653 4388; x_wconf 93' lang='lat' dir='ltr'><strong>se</strong></span> <span class='ocrx_word' id='word_1_714' title='bbox 2701 4347 2873 4387; x_wconf 89' lang='lat' dir='ltr'><strong>annos</strong></span> <span class='ocrx_word' id='word_1_715' title='bbox 2925 4331 2994 4385; x_wconf 93' lang='lat' dir='ltr'><strong>ab</strong></span> <span class='ocrx_word' id='word_1_716' title='bbox 3037 4331 3243 4384; x_wconf 86' lang='lat' dir='ltr'><strong>Adamo</strong></span> <span class='ocrx_word' id='word_1_717' title='bbox 3291 4329 3654 4399; x_wconf 85' lang='lat' dir='ltr'><strong>comprehen-</strong></span> 
     </span>
    </p>
   </div>
   <div class='ocr_carea' id='block_1_104' title="bbox 2080 4419 3652 4492">
    <p class='ocr_par' dir='ltr' id='par_1_104' title="bbox 2080 4419 3652 4492">
     <span class='ocr_line' id='line_1_104' title="bbox 2080 4419 3652 4492; baseline -0.003 -12"><span class='ocrx_word' id='word_1_718' title='bbox 2080 4425 2229 4482; x_wconf 89' lang='lat' dir='ltr'><strong>disse</strong></span> <span class='ocrx_word' id='word_1_719' title='bbox 2259 4423 2420 4480; x_wconf 81' lang='lat'><strong>5725.</strong></span> <span class='ocrx_word' id='word_1_720' title='bbox 2454 4423 2598 4477; x_wconf 87' lang='lat' dir='ltr'><strong>Idem</strong></span> <span class='ocrx_word' id='word_1_721' title='bbox 2629 4431 2863 4478; x_wconf 86' lang='lat' dir='ltr'><strong>testatur</strong></span> <span class='ocrx_word' id='word_1_722' title='bbox 2891 4429 2945 4477; x_wconf 91' lang='lat' dir='ltr'><strong>et</strong></span> <span class='ocrx_word' id='word_1_723' title='bbox 2973 4419 3240 4492; x_wconf 87' lang='lat' dir='ltr'><strong>Georgius</strong></span> <span class='ocrx_word' id='word_1_724' title='bbox 3273 4419 3560 4492; x_wconf 87' lang='lat' dir='ltr'><strong>Syncellus</strong></span> <span class='ocrx_word' id='word_1_725' title='bbox 3594 4421 3652 4476; x_wconf 91' lang='lat' dir='ltr'><strong>in</strong></span> 
     </span>
    </p>
   </div>
   <div class='ocr_carea' id='block_1_105' title="bbox 2079 4513 3654 4587">
    <p class='ocr_par' dir='ltr' id='par_1_105' title="bbox 2079 4513 3654 4587">
     <span class='ocr_line' id='line_1_105' title="bbox 2079 4513 3654 4587; baseline -0.002 -16"><span class='ocrx_word' id='word_1_726' title='bbox 2079 4516 2364 4586; x_wconf 82' lang='lat' dir='ltr'><strong>Excerptis</strong></span> <span class='ocrx_word' id='word_1_727' title='bbox 2396 4513 2659 4586; x_wconf 86' lang='lat' dir='ltr'><strong>Scaligeri</strong></span> <span class='ocrx_word' id='word_1_728' title='bbox 2692 4516 2835 4587; x_wconf 85' lang='lat' dir='ltr'><strong>(pag.</strong></span> <span class='ocrx_word' id='word_1_729' title='bbox 2869 4515 2984 4580; x_wconf 90' lang='grc'>59),</span> <span class='ocrx_word' id='word_1_730' title='bbox 3032 4515 3124 4570; x_wconf 90' lang='lat' dir='ltr'><strong>ubi</strong></span> <span class='ocrx_word' id='word_1_731' title='bbox 3166 4530 3232 4570; x_wconf 90' lang='lat' dir='ltr'><strong>ex</strong></span> <span class='ocrx_word' id='word_1_732' title='bbox 3278 4514 3537 4568; x_wconf 83' lang='lat' dir='ltr'><strong>Africano</strong></span> <span class='ocrx_word' id='word_1_733' title='bbox 3565 4527 3654 4568; x_wconf 84' lang='lat' dir='ltr'><strong>re-</strong></span> 
     </span>
    </p>
   </div>
   <div class='ocr_carea' id='block_1_106' title="bbox 2011 4604 3653 4679">
    <p class='ocr_par' dir='ltr' id='par_1_106' title="bbox 2011 4604 3653 4679">
     <span class='ocr_line' id='line_1_106' title="bbox 2011 4604 3653 4679; baseline -0.006 -9"><span class='ocrx_word' id='word_1_734' title='bbox 2011 4614 2056 4670; x_wconf 94' lang='lat' dir='ltr'><strong>D</strong></span> <span class='ocrx_word' id='word_1_735' title='bbox 2085 4609 2190 4666; x_wconf 90' lang='lat' dir='ltr'><strong>fert</strong></span> <span class='ocrx_word' id='word_1_736' title='bbox 2223 4607 2291 4663; x_wconf 90' lang='lat' dir='ltr'><strong>ad</strong></span> <span class='ocrx_word' id='word_1_737' title='bbox 2325 4606 2686 4679; x_wconf 85' lang='lat' dir='ltr'><strong>Olympiadem</strong></span> <span class='ocrx_word' id='word_1_738' title='bbox 2722 4622 2896 4677; x_wconf 91' lang='lat' dir='ltr'><strong>usque</strong></span> <span class='ocrx_word' id='word_1_739' title='bbox 2918 4621 3015 4661; x_wconf 83' lang='lat' dir='ltr'><strong>cet.</strong></span> <span class='ocrx_word' id='word_1_740' title='bbox 3053 4606 3347 4661; x_wconf 89' lang='lat' dir='ltr'><strong>archontas</strong></span> <span class='ocrx_word' id='word_1_741' title='bbox 3379 4605 3450 4660; x_wconf 90' lang='lat' dir='ltr'><strong>ab</strong></span> <span class='ocrx_word' id='word_1_742' title='bbox 3486 4604 3653 4660; x_wconf 85' lang='lat' dir='ltr'><strong>Athe-</strong></span> 
     </span>
    </p>
   </div>
   <div class='ocr_carea' id='block_1_107' title="bbox 2084 4696 3656 4769">
    <p class='ocr_par' dir='ltr' id='par_1_107' title="bbox 2084 4696 3656 4769">
     <span class='ocr_line' id='line_1_107' title="bbox 2084 4696 3656 4769; baseline -0.001 -14"><span class='ocrx_word' id='word_1_743' title='bbox 2084 4699 2372 4756; x_wconf 89' lang='lat' dir='ltr'><strong>niensibus</strong></span> <span class='ocrx_word' id='word_1_744' title='bbox 2396 4698 2672 4755; x_wconf 88' lang='lat' dir='ltr'><strong>numerari</strong></span> <span class='ocrx_word' id='word_1_745' title='bbox 2711 4697 2837 4763; x_wconf 88' lang='grc'>905,</span> <span class='ocrx_word' id='word_1_746' title='bbox 2869 4713 2900 4752; x_wconf 91' lang='lat' dir='ltr'><strong>a</strong></span> <span class='ocrx_word' id='word_1_747' title='bbox 2934 4696 3190 4766; x_wconf 89' lang='lat' dir='ltr'><strong>Creonte,</strong></span> <span class='ocrx_word' id='word_1_748' title='bbox 3217 4699 3311 4769; x_wconf 92' lang='lat' dir='ltr'><strong>qui</strong></span> <span class='ocrx_word' id='word_1_749' title='bbox 3349 4697 3656 4768; x_wconf 82' lang='lat' dir='ltr'><strong>Olympiade</strong></span> 
     </span>
    </p>
   </div>
   <div class='ocr_carea' id='block_1_108' title="bbox 2086 4788 3653 4862">
    <p class='ocr_par' dir='ltr' id='par_1_108' title="bbox 2086 4788 3653 4862">
     <span class='ocr_line' id='line_1_108' title="bbox 2086 4788 3653 4862; baseline -0.002 -15"><span class='ocrx_word' id='word_1_750' title='bbox 2086 4807 2183 4847; x_wconf 76' lang='lat' dir='ltr'><strong>xIx</strong></span> <span class='ocrx_word' id='word_1_751' title='bbox 2229 4789 2483 4862; x_wconf 72' lang='lat' dir='ltr'><strong>praefuit;</strong></span> <span class='ocrx_word' id='word_1_752' title='bbox 2531 4799 2866 4860; x_wconf 83' lang='lat' dir='ltr'><strong>postremum</strong></span> <span class='ocrx_word' id='word_1_753' title='bbox 2915 4806 3044 4845; x_wconf 86' lang='lat' dir='ltr'><strong>vero</strong></span> <span class='ocrx_word' id='word_1_754' title='bbox 3076 4789 3246 4845; x_wconf 91' lang='lat' dir='ltr'><strong>fuisse</strong></span> <span class='ocrx_word' id='word_1_755' title='bbox 3286 4788 3560 4844; x_wconf 89' lang='lat' dir='ltr'><strong>Philinum</strong></span> <span class='ocrx_word' id='word_1_756' title='bbox 3590 4804 3653 4844; x_wconf 88' lang='lat' dir='ltr'><strong>ea</strong></span> 
     </span>
    </p>
   </div>
   <div class='ocr_carea' id='block_1_109' title="bbox 2089 4877 3656 4950">
    <p class='ocr_par' dir='ltr' id='par_1_109' title="bbox 2089 4877 3656 4950">
     <span class='ocr_line' id='line_1_109' title="bbox 2089 4877 3656 4950; baseline 0.001 -17"><span class='ocrx_word' id='word_1_757' title='bbox 2089 4895 2251 4950; x_wconf 90' lang='lat' dir='ltr'><strong>quam</strong></span> <span class='ocrx_word' id='word_1_758' title='bbox 2290 4879 2404 4933; x_wconf 89' lang='lat' dir='ltr'><strong>dixi</strong></span> <span class='ocrx_word' id='word_1_759' title='bbox 2433 4879 2761 4949; x_wconf 79' lang='lat' dir='ltr'><strong>Olympiade,</strong></span> <span class='ocrx_word' id='word_1_760' title='bbox 2797 4881 3118 4935; x_wconf 92' lang='lat' dir='ltr'><strong>consulibus</strong></span> <span class='ocrx_word' id='word_1_761' title='bbox 3153 4878 3321 4934; x_wconf 89' lang='lat' dir='ltr'><strong>Grato</strong></span> <span class='ocrx_word' id='word_1_762' title='bbox 3355 4877 3656 4934; x_wconf 86' lang='lat' dir='ltr'><strong>Sabiniano</strong></span> 
     </span>
    </p>
   </div>
   <div class='ocr_carea' id='block_1_110' title="bbox 2081 4968 3650 5038">
    <p class='ocr_par' dir='ltr' id='par_1_110' title="bbox 2081 4968 3650 5038">
     <span class='ocr_line' id='line_1_110' title="bbox 2081 4968 3650 5038; baseline -0.002 -12"><span class='ocrx_word' id='word_1_763' title='bbox 2081 4979 2135 5026; x_wconf 91' lang='lat' dir='ltr'><strong>et</strong></span> <span class='ocrx_word' id='word_1_764' title='bbox 2165 4969 2530 5038; x_wconf 79' lang='lat' dir='ltr'><strong>Seleuco;qui</strong></span> <span class='ocrx_word' id='word_1_765' title='bbox 2557 4985 2588 5023; x_wconf 89' lang='lat' dir='ltr'><strong>a</strong></span> <span class='ocrx_word' id='word_1_766' title='bbox 2611 4968 2776 5024; x_wconf 90' lang='lat' dir='ltr'><strong>Bruto</strong></span> <span class='ocrx_word' id='word_1_767' title='bbox 2799 4973 3052 5027; x_wconf 90' lang='lat' dir='ltr'><strong>consules</strong></span> <span class='ocrx_word' id='word_1_768' title='bbox 3087 4971 3238 5027; x_wconf 91' lang='lat' dir='ltr'><strong>fuere</strong></span> <span class='ocrx_word' id='word_1_769' title='bbox 3259 4971 3384 5025; x_wconf 92' lang='lat'><strong>725.</strong></span> <span class='ocrx_word' id='word_1_770' title='bbox 3419 4969 3650 5026; x_wconf 89' lang='lat' dir='ltr'><strong>Demum</strong></span> 
     </span>
    </p>
   </div>
   <div class='ocr_carea' id='block_1_111' title="bbox 2084 5059 3654 5130">
    <p class='ocr_par' dir='ltr' id='par_1_111' title="bbox 2084 5059 3654 5130">
     <span class='ocr_line' id='line_1_111' title="bbox 2084 5059 3654 5130; baseline -0.001 -17"><span class='ocrx_word' id='word_1_771' title='bbox 2084 5061 2265 5130; x_wconf 82' lang='lat' dir='ltr'><strong>colligi</strong></span> <span class='ocrx_word' id='word_1_772' title='bbox 2290 5063 2435 5130; x_wconf 90' lang='lat' dir='ltr'><strong>(pag.</strong></span> <span class='ocrx_word' id='word_1_773' title='bbox 2465 5059 2554 5127; x_wconf 88' lang='grc'><strong>57)</strong></span> <span class='ocrx_word' id='word_1_774' title='bbox 2577 5075 2748 5115; x_wconf 89' lang='lat' dir='ltr'><strong>annos</strong></span> <span class='ocrx_word' id='word_1_775' title='bbox 2775 5060 2914 5115; x_wconf 79' lang='lat'><strong>5725</strong></span> <span class='ocrx_word' id='word_1_776' title='bbox 2937 5061 3004 5115; x_wconf 91' lang='lat' dir='ltr'><strong>ad</strong></span> <span class='ocrx_word' id='word_1_777' title='bbox 3031 5061 3248 5116; x_wconf 89' lang='lat' dir='ltr'><strong>tertium</strong></span> <span class='ocrx_word' id='word_1_778' title='bbox 3274 5076 3496 5122; x_wconf 91' lang='lat' dir='ltr'><strong>annum,</strong></span> <span class='ocrx_word' id='word_1_779' title='bbox 3535 5062 3654 5112; x_wconf 84' lang='grc' dir='ltr'><strong>Ἀν-</strong></span> 
     </span>
    </p>
   </div>
   <div class='ocr_carea' id='block_1_112' title="bbox 2083 5147 3649 5219">
    <p class='ocr_par' dir='ltr' id='par_1_112' title="bbox 2083 5147 3649 5219">
     <span class='ocr_line' id='line_1_112' title="bbox 2083 5147 3649 5219; baseline -0.003 -16"><span class='ocrx_word' id='word_1_780' title='bbox 2083 5151 2328 5215; x_wconf 78' lang='grc' dir='ltr'><strong>τωνίνου,</strong></span> <span class='ocrx_word' id='word_1_781' title='bbox 2361 5151 2456 5203; x_wconf 77' lang='grc' dir='ltr'><strong>κα).</strong></span> <span class='ocrx_word' id='word_1_782' title='bbox 2497 5148 2788 5219; x_wconf 83' lang='grc' dir='ltr'><strong>Αὑγέντου.</strong></span> <span class='ocrx_word' id='word_1_783' title='bbox 2820 5147 3061 5202; x_wconf 84' lang='lat' dir='ltr'><strong>Marcum</strong></span> <span class='ocrx_word' id='word_1_784' title='bbox 3091 5149 3424 5202; x_wconf 88' lang='lat' dir='ltr'><strong>Antoninum</strong></span> <span class='ocrx_word' id='word_1_785' title='bbox 3455 5147 3649 5216; x_wconf 80' lang='lat' dir='ltr'><strong>Alaga-</strong></span> 
     </span>
    </p>
   </div>
   <div class='ocr_carea' id='block_1_113' title="bbox 2084 5239 3652 5312">
    <p class='ocr_par' dir='ltr' id='par_1_113' title="bbox 2084 5239 3652 5312">
     <span class='ocr_line' id='line_1_113' title="bbox 2084 5239 3652 5312; baseline -0.002 -15"><span class='ocrx_word' id='word_1_786' title='bbox 2084 5243 2271 5297; x_wconf 90' lang='lat' dir='ltr'><strong>balum</strong></span> <span class='ocrx_word' id='word_1_787' title='bbox 2313 5242 2587 5312; x_wconf 88' lang='lat' dir='ltr'><strong>intelligit.</strong></span> <span class='ocrx_word' id='word_1_788' title='bbox 2620 5240 2676 5295; x_wconf 91' lang='lat' dir='ltr'><strong>In</strong></span> <span class='ocrx_word' id='word_1_789' title='bbox 2722 5240 2914 5296; x_wconf 90' lang='lat' dir='ltr'><strong>iisdem</strong></span> <span class='ocrx_word' id='word_1_790' title='bbox 2949 5239 3336 5311; x_wconf 84' lang='lat' dir='ltr'><strong>Scaligerianis</strong></span> <span class='ocrx_word' id='word_1_791' title='bbox 3379 5239 3652 5308; x_wconf 87' lang='lat' dir='ltr'><strong>excerptis</strong></span> 
     </span>
    </p>
   </div>
   <div class='ocr_carea' id='block_1_114' title="bbox 2085 5329 3649 5406">
    <p class='ocr_par' dir='ltr' id='par_1_114' title="bbox 2085 5329 3649 5406">
     <span class='ocr_line' id='line_1_114' title="bbox 2085 5329 3649 5406; baseline -0.004 -16"><span class='ocrx_word' id='word_1_792' title='bbox 2085 5335 2454 5406; x_wconf 84' lang='lat' dir='ltr'><strong>fragmentum</strong></span> <span class='ocrx_word' id='word_1_793' title='bbox 2483 5334 2731 5387; x_wconf 87' lang='lat' dir='ltr'><strong>Africani</strong></span> <span class='ocrx_word' id='word_1_794' title='bbox 2761 5333 2954 5403; x_wconf 81' lang='lat' dir='ltr'><strong>legitur</strong></span> <span class='ocrx_word' id='word_1_795' title='bbox 2987 5333 3053 5388; x_wconf 91' lang='lat' dir='ltr'><strong>de</strong></span> <span class='ocrx_word' id='word_1_796' title='bbox 3080 5329 3479 5402; x_wconf 84' lang='lat' dir='ltr'><strong>olympiadibus</strong></span> <span class='ocrx_word' id='word_1_797' title='bbox 3502 5329 3649 5399; x_wconf 82' lang='lat' dir='ltr'><strong>(pag.</strong></span> 
     </span>
    </p>
   </div>
   <div class='ocr_carea' id='block_1_115' title="bbox 2086 5422 3652 5504">
    <p class='ocr_par' dir='ltr' id='par_1_115' title="bbox 2086 5422 3652 5504">
     <span class='ocr_line' id='line_1_115' title="bbox 2086 5422 3652 5504; baseline -0.005 -20"><span class='ocrx_word' id='word_1_798' title='bbox 2086 5429 2212 5500; x_wconf 79' lang='grc'>517)</span> <span class='ocrx_word' id='word_1_799' title='bbox 2240 5447 2254 5484; x_wconf 88' lang='lat'><strong>:</strong></span> <span class='ocrx_word' id='word_1_800' title='bbox 2285 5427 2340 5481; x_wconf 90' lang='lat' dir='ltr'><strong>in</strong></span> <span class='ocrx_word' id='word_1_801' title='bbox 2374 5441 2484 5498; x_wconf 93' lang='lat' dir='ltr'><strong>quo</strong></span> <span class='ocrx_word' id='word_1_802' title='bbox 2517 5426 2660 5504; x_wconf 74' lang='lat' dir='ltr'><strong>apud</strong></span> <span class='ocrx_word' id='word_1_803' title='bbox 2697 5426 3057 5480; x_wconf 85' lang='lat' dir='ltr'><strong>Athenienses</strong></span> <span class='ocrx_word' id='word_1_804' title='bbox 3078 5424 3132 5478; x_wconf 94' lang='lat' dir='ltr'><strong>in</strong></span> <span class='ocrx_word' id='word_1_805' title='bbox 3159 5422 3527 5494; x_wconf 86' lang='lat' dir='ltr'><strong>olympiadum</strong></span> <span class='ocrx_word' id='word_1_806' title='bbox 3556 5422 3652 5502; x_wconf 64' lang='lat' dir='ltr'><strong>de:</strong></span> 
     </span>
    </p>
   </div>
   <div class='ocr_carea' id='block_1_116' title="bbox 2087 5513 3650 5594">
    <p class='ocr_par' dir='ltr' id='par_1_116' title="bbox 2087 5513 3650 5594">
     <span class='ocr_line' id='line_1_116' title="bbox 2087 5513 3650 5594; baseline -0.004 -19"><span class='ocrx_word' id='word_1_807' title='bbox 2087 5521 2386 5591; x_wconf 90' lang='lat' dir='ltr'><strong>scriptione</strong></span> <span class='ocrx_word' id='word_1_808' title='bbox 2434 5519 2778 5573; x_wconf 79' lang='lat' dir='ltr'><strong>Stadionicas</strong></span> <span class='ocrx_word' id='word_1_809' title='bbox 2831 5519 2906 5570; x_wconf 88' lang='lat' dir='ltr'><strong>ait</strong></span> <span class='ocrx_word' id='word_1_810' title='bbox 2945 5515 3251 5588; x_wconf 90' lang='lat' dir='ltr'><strong>percenseri</strong></span> <span class='ocrx_word' id='word_1_811' title='bbox 3297 5513 3423 5577; x_wconf 67' lang='lat'><strong>248,</strong></span> <span class='ocrx_word' id='word_1_812' title='bbox 3473 5527 3650 5594; x_wconf 69' lang='lat' dir='ltr'><strong>annos</strong></span> 
     </span>
    </p>
   </div>
   <div class='ocr_carea' id='block_1_117' title="bbox 2088 5603 3650 5681">
    <p class='ocr_par' dir='ltr' id='par_1_117' title="bbox 2088 5603 3650 5681">
     <span class='ocr_line' id='line_1_117' title="bbox 2088 5603 3650 5681; baseline -0.006 -13"><span class='ocrx_word' id='word_1_813' title='bbox 2088 5611 2215 5668; x_wconf 87' lang='lat'><strong>989.</strong></span> <span class='ocrx_word' id='word_1_814' title='bbox 2275 5611 2380 5666; x_wconf 91' lang='lat' dir='ltr'><strong>Sed</strong></span> <span class='ocrx_word' id='word_1_815' title='bbox 2435 5612 2489 5665; x_wconf 93' lang='lat' dir='ltr'><strong>in</strong></span> <span class='ocrx_word' id='word_1_816' title='bbox 2559 5609 2934 5681; x_wconf 77' lang='grc' dir='ltr'><strong>Ὀλυμπιάδων</strong></span> <span class='ocrx_word' id='word_1_817' title='bbox 2985 5609 3269 5679; x_wconf 79' lang='grc' dir='ltr'>ἀναγραφῇ</span> <span class='ocrx_word' id='word_1_818' title='bbox 3321 5606 3486 5662; x_wconf 90' lang='lat' dir='ltr'><strong>etiam</strong></span> <span class='ocrx_word' id='word_1_819' title='bbox 3541 5603 3650 5659; x_wconf 49' lang='lat'><strong>2‘9</strong></span> 
     </span>
    </p>
   </div>
   <div class='ocr_carea' id='block_1_118' title="bbox 2087 5694 3649 5772">
    <p class='ocr_par' dir='ltr' id='par_1_118' title="bbox 2087 5694 3649 5772">
     <span class='ocr_line' id='line_1_118' title="bbox 2087 5694 3649 5772; baseline -0.003 -16"><span class='ocrx_word' id='word_1_820' title='bbox 2087 5701 2413 5772; x_wconf 84' lang='lat' dir='ltr'><strong>Olympiadis</strong></span> <span class='ocrx_word' id='word_1_821' title='bbox 2467 5698 2837 5754; x_wconf 87' lang='lat' dir='ltr'><strong>Stadionieam</strong></span> <span class='ocrx_word' id='word_1_822' title='bbox 2899 5708 3146 5755; x_wconf 87' lang='lat' dir='ltr'><strong>recenset</strong></span> <span class='ocrx_word' id='word_1_823' title='bbox 3176 5697 3436 5767; x_wconf 81' lang='lat' dir='ltr'><strong>Scaliger.</strong></span> <span class='ocrx_word' id='word_1_824' title='bbox 3490 5694 3545 5750; x_wconf 88' lang='lat' dir='ltr'><strong>Si</strong></span> <span class='ocrx_word' id='word_1_825' title='bbox 3582 5696 3649 5751; x_wconf 89' lang='lat' dir='ltr'><strong>de</strong></span> 
     </span>
    </p>
   </div>
   <div class='ocr_carea' id='block_1_119' title="bbox 2089 5777 3648 5852">
    <p class='ocr_par' dir='ltr' id='par_1_119' title="bbox 2089 5777 3648 5852">
     <span class='ocr_line' id='line_1_119' title="bbox 2089 5777 3648 5852; baseline -0.004 -6"><span class='ocrx_word' id='word_1_826' title='bbox 2089 5792 2248 5846; x_wconf 89' lang='lat' dir='ltr'><strong>annis</strong></span> <span class='ocrx_word' id='word_1_827' title='bbox 2285 5792 2352 5845; x_wconf 90' lang='lat' dir='ltr'><strong>ab</strong></span> <span class='ocrx_word' id='word_1_828' title='bbox 2385 5792 2591 5844; x_wconf 77' lang='lat' dir='ltr'><strong>Adamn</strong></span> <span class='ocrx_word' id='word_1_829' title='bbox 2615 5791 2754 5845; x_wconf 69' lang='lat'><strong>5725</strong></span> <span class='ocrx_word' id='word_1_830' title='bbox 2787 5790 3006 5846; x_wconf 81' lang='lat' dir='ltr'><strong>auferas</strong></span> <span class='ocrx_word' id='word_1_831' title='bbox 3039 5791 3210 5852; x_wconf 84' lang='lat'><strong>5500,</strong></span> <span class='ocrx_word' id='word_1_832' title='bbox 3249 5788 3452 5844; x_wconf 79' lang='lat' dir='ltr'><strong>residui</strong></span> <span class='ocrx_word' id='word_1_833' title='bbox 3479 5777 3648 5842; x_wconf 83' lang='lat' dir='ltr'><strong>erunt</strong></span> 
     </span>
    </p>
   </div>
   <div class='ocr_carea' id='block_1_120' title="bbox 2087 5880 3625 5939">
    <p class='ocr_par' dir='ltr' id='par_1_120' title="bbox 2087 5880 3625 5939">
     <span class='ocr_line' id='line_1_120' title="bbox 2087 5880 3625 5939; baseline -0.003 -2"><span class='ocrx_word' id='word_1_834' title='bbox 2087 5884 2193 5938; x_wconf 74' lang='lat'><strong>225</strong></span> <span class='ocrx_word' id='word_1_835' title='bbox 2223 5883 2292 5938; x_wconf 91' lang='lat' dir='ltr'><strong>ab</strong></span> <span class='ocrx_word' id='word_1_836' title='bbox 2320 5881 2698 5939; x_wconf 87' lang='lat' dir='ltr'><strong>lncarnationc</strong></span> <span class='ocrx_word' id='word_1_837' title='bbox 2736 5881 2946 5938; x_wconf 90' lang='lat' dir='ltr'><strong>Domini</strong></span> <span class='ocrx_word' id='word_1_838' title='bbox 2983 5881 3278 5938; x_wconf 86' lang='lat' dir='ltr'><strong>secundum</strong></span> <span class='ocrx_word' id='word_1_839' title='bbox 3307 5880 3625 5936; x_wconf 77' lang='lat' dir='ltr'><strong>Africanum</strong></span> 
     </span>
    </p>
   </div>
  </div>
