4124 6442
471 459 610 516 1405

1497 461 1586 516 AD
1629 461 1900 519 EUSEBII
1940 463 2332 520 CIIRONICON
2377 460 2732 518 APPENDIX.

3579 462 3719 522 1401

473 579 580 636 Sed
627 593 804 634 annus
835 579 1035 634 tertius
1085 578 1370 649 Alagabalt
1418 595 1544 635 aera:
1593 581 1904 638 communis
1958 594 2044 638 est
2076 597 2117 649 Α
2147 599 2310 654 porro
2365 581 2606 638 Geminis
2663 577 2878 635 duobus
2939 593 3080 636 coss.
3141 593 3286 634 anno
3349 577 3556 638 Tiberii
3611 597 3720 641 xv:

470 675 598 734 221,
635 675 687 726 in
729 687 888 742 quem
945 681 1000 724 et
1041 671 1150 726 250
1196 673 1464 742 Olympias
1507 673 1762 730 incurrit.
1821 675 2047 738 Biennio

473 767 658 834 itaque
687 763 1070 832 Dionysianam
1102 763 1362 830 epocham
1411 766 1700 819 antevertit
1728 765 2042 832 Africanus,

472 865 527 912 et
579 855 1014 910 lncarnationem
1063 851 1282 908 Domini
1325 855 1554 908 contulit
1595 857 1652 914 in
1709 873 1920 912 annum.
1950 874 2046 928 pe-

473 948 614 1002 riodi
640 945 870 1000 Julianze
901 945 1064 998 4712.
1099 945 1254 1010 Quod
1285 947 1509 1017 insuper
1538 965 1606 1004 ex
1639 964 1784 1004 anno
1827 950 2050 1006 Passio-

476 1040 566 1094 nis
613 1038 681 1092 ab
723 1037 912 1092 eodem
949 1037 1210 1096 Africano
1245 1040 1546 1094 constituto
1575 1041 1866 1112 colligitur.
1915 1041 2049 1097 Nam

477 1132 522 1185 si
555 1131 766 1185 decimo
813 1129 1004 1200 quinto
1027 1130 1273 1198 .Tiberii,
1321 1147 1517 1202 nempe
1557 1130 1800 1190 Geminis
1837 1135 2052 1194 duobus

477 1238 622 1278 coss.
685 1237 879 1291 passus
925 1223 1010 1276 est
1069 1227 1213 1290 (quae
1267 1221 1369 1274 fuit
1401 1223 1756 1291 plurimorum
1797 1233 2043 1280 veterum

480 1313 793 1380 sententia),
820 1322 876 1367 et
907 1312 954 1366 is
985 1327 1163 1366 annus
1189 1312 1378 1366 mundi
1408 1313 1541 1368 5551
1574 1314 1641 1370 ab
1667 1314 1928 1370 Africano
1953 1333 2057 1370 nu-

478 1413 724 1460 meratus
771 1411 882 1470 est,
913 1418 1040 1458 cum
1087 1401 1526 1458 lncarnationem
1575 1421 1720 1462 anno
1771 1407 1904 1462 5501
1957 1409 2059 1466 tri-

480 1499 718 1564 buisset,
765 1505 826 1552 ut
855 1505 1044 1551 auctor
1071 1505 1156 1550 est
1185 1495 1450 1566 Georgius
1479 1495 1764 1568 Syncellus
1795 1519 1809 1554 :
1843 1515 1968 1556 cum
2001 1499 2058 1554 in

482 1605 688 1645 annum
741 1605 866 1644 aera:
915 1589 1237 1644 Christianae
1283 1587 1372 1652 29,
1411 1590 1527 1644 sive
1573 1591 1782 1660 periodi
1831 1589 2059 1647 Julianae

481 1681 624 1740 4742
662 1683 984 1736 consulatus
1033 1679 1387 1734 Geminorum
1443 1690 1754 1752 competat;
1807 1683 2059 1738 deductis

485 1774 647 1834 annis
675 1773 748 1830 50,
784 1775 852 1826 de
894 1771 1058 1838 4742,
1107 1774 1351 1842 reliquus
1387 1771 1496 1827 erit
1525 1771 1922 1828 lncarnationis
1957 1791 2058 1828 an-

485 1883 590 1922 nus
637 1865 777 1920 4712
820 1865 874 1919 in
923 1863 1138 1918 Juliana
1184 1863 1429 1934 periodo.
1462 1863 1664 1920 Verum
1712 1866 1854 1934 apud
1897 1865 2062 1922 Euse-

487 1960 635 2014 bium
687 1973 784 2012 vm
835 1957 910 2012 De
970 1957 1254 2012 demonstr.
1311 1957 1455 2026 (pag.
1487 1971 1490 1986 ε
1525 1955 1652 2026 245)
1697 1955 2062 2026 fragmentum

491 2051 640 2106 aliud
665 2052 906 2106 occurrit
933 2051 1178 2105 Africani
1209 2050 1276 2106 de
1303 2049 1566 2108 Passione
1595 2049 1828 2117 Domini,
1879 2059 1932 2106 et
1957 2051 2063 2107 Da-

489 2138 649 2194 nielis
681 2139 1110 2196 hebdomadibus
1129 2158 1144 2206 ;
1163 2141 1218 2194 in
1241 2155 1350 2209 quo
1371 2141 1554 2208 passio
1588 2141 1876 2209 conjicitur
1897 2141 1952 2196 in
1971 2157 2063 2197 an-

495 2245 626 2287 num
673 2231 970 2286 secundum
997 2231 1320 2301 Olympiadis
1347 2231 1476 2294 202,
1511 2231 1711 2286 Tiberii
1750 2249 1860 2287 xw.

557 2321 716 2376 Hunc
769 2321 945 2391 ipsum
993 2321 1237 2377 Africani
1287 2324 1474 2380 locum
1517 2339 1657 2393 pene
1713 2323 1782 2376 ad
1837 2325 2062 2378 verbum

487 2411 782 2480 exscripsit
813 2410 1178 2481 Hieronymus
1225 2411 1282 2464 in
1318 2407 1742 2466 Commentariis
1785 2411 1850 2465 ad
1902 2419 2064 2480 caput

489 2503 562 2558 ιχ
609 2503 868 2568 Danielis,
897 2511 952 2557 et
1001 2511 1182 2556 tamen
1221 2503 1493 2558 decimum
1550 2503 1797 2572 quintum
1859 2501 2063 2556 Tiberii

489 2598 706 2668 posuit;
735 2612 863 2660 non,
910 2603 969 2650 ut
1015 2605 1100 2652 est
1147 2598 1200 2649 in
1244 2593 1456 2658 Graeco,
1508 2593 1782 2652 decimum
1823 2603 2060 2650 sextum.

490 2689 816 2758 Quanquam
855 2689 962 2742 nisi
993 2687 1324 2758 olympiadis
1368 2702 1545 2742 annus
1575 2686 1859 2756 appositus
1897 2693 2060 2750 esset,

490 2782 790 2836 conciliare
837 2781 944 2834 ista
981 2779 1142 2834 facile
1176 2793 1486 2849 possemus,
1523 2779 1727 2848 quippe
1771 2793 1952 2834 annus
1993 2795 2062 2832 xv

491 2873 722 2942 Tiberii,
769 2873 814 2928 si
859 2874 928 2928 ab
962 2873 1210 2942 Augusto
1245 2887 1434 2926 mense
1469 2877 1710 2941 putetur,
1755 2886 1864 2940 quo
1893 2871 2064 2940 impe-

491 2981 616 3021 rare
650 2965 850 3035 cmpit;
892 2965 1016 3018 iniit
1067 2978 1218 3018 anno
1245 2961 1452 3018 Christi
1479 2963 1571 3026 28,
1618 2973 1816 3032 quarto
1849 2963 2064 3018 labente

491 3055 822 3126 Olympiadis
874 3055 1003 3117 20i,
1061 3062 1116 3108 et
1172 3053 1240 3108 ad
1291 3053 1600 3124 Augustum
1657 3069 1898 3110 mensem
1934 3053 2062 3106 anni

491 3147 694 3202 Christi
721 3147 791 3200 29
822 3147 1176 3201 continuatus
1211 3153 1314 3210 est,
1353 3161 1461 3215 quo
1483 3147 1591 3201 duo
1625 3144 1836 3200 Gemini
1863 3161 2063 3201 consu-

490 3239 570 3294 les
617 3250 794 3294 erant.
839 3239 919 3293 Ita
969 3255 1040 3294 xv
1073 3238 1280 3293 Tiberii
1315 3253 1512 3307 passus
1557 3240 1663 3293 erit
1706 3239 1980 3301 Christus,
2015 3240 2062 3292 si

493 3331 578 3384 his
607 3331 934 3386 consulibus
964 3330 1249 3385 acciderit.
1281 3328 1378 3384 Sin
1405 3338 1510 3399 εει,
1537 3339 1597 3385 ut
1625 3331 2062 3385 Christianorum

491 3427 764 3483 veterum,
813 3421 1156 3489 aliorumque
1209 3435 1383 3484 more,
1429 3435 1610 3476 annos.
1656 3419 1862 3475 Tiberii
1899 3435 1930 3474 a
1961 3419 2065 3474 Pa-

494 3511 670 3565 schali
698 3527 888 3567 mense
921 3511 1272 3567 antecedente
1303 3512 1534 3582 coeperit
1568 3512 1895 3581 Africanus;
1927 3513 2066 3568 idem

496 3621 676 3661 annus
711 3623 800 3660 xv:
851 3605 1054 3660 Tiberii
1091 3606 1302 3660 censeri
1335 3607 1532 3675 potuit.
1581 3603 1688 3659 Sed
1729 3619 1853 3658 cum
1893 3605 2068 3675 olym-

498 3697 677 3766 piadis
729 3698 836 3752 202
893 3713 1070 3752 annus
1117 3699 1392 3754 secundus
1451 3699 1741 3753 inchoatus
1799 3697 1870 3753 sit
1925 3713 2068 3752 anno

495 3787 698 3843 Christi
741 3789 832 3852 50,
885 3797 939 3842 ει
987 3787 1056 3842 ad
1084 3797 1327 3843 aestatem
1376 3803 1551 3858 usque
1597 3789 1877 3858 sequentis
1935 3789 2066 3842 anni

497 3887 832 3950 propagatus
875 3878 1076 3944 fuerit;
1125 3893 1352 3935 necesse
1381 3889 1464 3934 est
1493 3894 1637 3932 anno
1667 3893 1790 3934 sane
1824 3893 2070 3932 commu-

497 3970 584 4022 nis
613 3969 702 4032 50,
737 3967 822 4022 vel
858 3967 922 4022 51
963 3983 1184 4036 passum
1217 3969 1325 4023 dici
1363 3969 1430 4024 ab
1462 3969 1722 4024 Africano
1753 3968 2066 4036 Christum;

497 4067 658 4130 prout
686 4073 890 4111 annum
933 4057 1136 4112 Tiberii
1167 4075 1282 4122 xvu,
1313 4067 1408 4112 aut
1435 4059 1703 4114 labentem
1737 4059 2066 4124 adhibuerit,

498 4155 594 4200 aut
625 4162 654 4200 a
687 4145 940 4202 Paschali
985 4161 1172 4203 mense
1201 4150 1562 4218 praeverterit.
1600 4147 1658 4204 Si
1691 4165 1836 4204 anno
1871 4148 2068 4220 Dllmy-

498 4237 655 4292 siano
703 4235 771 4291 50
803 4235 1084 4291 Christum
1127 4239 1298 4291 voluit
1339 4253 1462 4294 esse
1501 4253 1722 4308 passum
1749 4278 1764 4304 ,
1811 4238 2069 4294 lncarna-

498 4326 698 4380 tionem
731 4341 956 4380 necesse
977 4333 1061 4381 est
1089 4325 1160 4380 ab
1187 4326 1378 4381 eodem
1411 4327 1644 4381 locatam
1681 4343 1806 4384 esse
1841 4331 1896 4383 in
1923 4345 2068 4385 anno

497 4418 706 4488 periodi
750 4415 984 4472 Iuliana:
1027 4417 1190 4484 4715,
1229 4433 1339 4473 uno
1385 4433 1528 4472 anno
1560 4425 1686 4474 ante
1723 4435 2064 4476 communem

497 4525 684 4572 seram,
735 4515 795 4562 ut
829 4508 1099 4578 hodieque
1143 4508 1388 4578 ponitur.
1425 4507 1520 4564 Sin
1570 4523 1715 4563 anno
1759 4509 1966 4565 Christi
1999 4511 2060 4564 51

2153 673 2338 728 mundi
2381 675 2532 730 5550⁴
2574 679 2828 733 exeunte,
2864 685 3024 740 quem
3081 669 3211 724 5551
3275 671 3442 739 Aprili
3502 671 3724 726 circiter

2149 765 2397 834 excepit;
2459 779 2678 832 passum
2729 761 2964 830 denique
3015 775 3159 816 anno
3207 761 3396 814 mundi
3439 760 3726 816 desinente

2151 855 2312 919 5551,
2361 864 2626 924 sequente
2673 852 2812 908 5552
2854 867 2884 906 a
2927 851 3214 916 Paschate,
3255 853 3340 906 vel
3373 851 3543 921 Aprili
3593 851 3726 905 anni

2153 946 2358 1004 Christi
2407 947 2714 1001 communis
2758 944 2848 1009 50,
2879 944 3088 1000 Tiberii
3137 958 3250 1008 xvr,
3300 951 3356 998 et
3401 943 3725 1014 Olympiadis

2151 1050 2257 1089 ccn
2310 1051 2453 1090 anno
2501 1035 2743 1090 schndo
2790 1033 3031 1088 nondum
3077 1032 3145 1087 ab
3189 1031 3392 1087 aestivis
3441 1031 3724 1088 mensibus

2153 1127 2445 1192 inchoato;
2486 1125 2580 1180 sed
2609 1125 2750 1178 κατὰ
2793 1123 3059 1196 πρόληψιν
3099 1139 3130 1180 a
3171 1121 3454 1188 Januario,
3491 1133 3584 1182 aut
3615 1123 3725 1178 alio

2155 1219 2410 1290 quopiam
2457 1219 2614 1272 initio
2643 1219 2924 1289 popularis
2949 1217 3100 1280 anni,
3133 1231 3244 1287 quo
3273 1231 3408 1270 usus
3449 1225 3534 1270 est
3579 1215 3726 1268 Afri-

2156 1325 2348 1364 canus.
2394 1308 2610 1364 Scimus
2637 1311 2782 1366 enim
2817 1309 3155 1380 olympiadas
3196 1322 3610 1376 nonnunquam,
3645 1313 3724 1372 et,

2157 1403 2304 1474 quod
2345 1417 2690 1472 consequens
2721 1411 2826 1470 est,
2859 1403 3174 1473 olympiacre
3222 1400 3587 1456 tetraeteridis
3632 1415 3732 1453 an.

2159 1511 2260 1551 nos
2289 1511 2400 1550 non
2431 1496 2498 1550 ab
2531 1496 2650 1566 ipso
2691 1504 2932 1564 tempore
2959 1509 3213 1564 agonum,
3251 1493 3346 1550 sed
3391 1507 3424 1548 a
3471 1491 3730 1562 populari

2159 1589 2438 1642 civitatum
2470 1601 2696 1642 suarum
2743 1585 2968 1641 exordio
3000 1601 3031 1638 a
3083 1585 3362 1656 plerisque.
3401 1585 3677 1640 numerari
3707 1602 3724 1638 :

2161 1679 2236 1734 ita
2265 1686 2324 1733 ut
2353 1680 2406 1734 in
2440 1693 2706 1734 annorum
2732 1679 2914 1733 exitus
2937 1676 3050 1731 ludi
3077 1677 3179 1746 ipsi
3211 1683 3620 1732 concurrerent.
3651 1671 3732 1728 lta

2163 1787 2340 1826 annus
2389 1772 2578 1826 mundi
2611 1771 2770 1834 5725,
2821 1771 2938 1824 sive
2967 1769 3034 1824 ab
3063 1767 3444 1823 lncarnatione
3467 1767 3596 1833 225,
3625 1768 3734 1823 erit

2163 1860 2472 1914 communis
2503 1875 2624 1916 atrae
2651 1858 2777 1920 221,
2806 1865 2860 1912 et
2885 1857 3162 1927 Alagabali
3195 1857 3412 1912 tertius.

2093 1931 2134 1984 Β
2233 1949 2498 2014 Quocirca
2531 1949 2622 2018 qui
2654 1947 2970 2002 Africanum
2999 1945 3242 2001 referunt
3275 1948 3584 2016 passionem
3621 1945 3732 2002 Do-

2161 2039 2294 2094 mini
2349 2053 2494 2092 anno
2550 2037 2744 2092 Adami
2789 2035 2962 2100 5551,
3013 2036 3414 2094 lncarnationis
3457 2037 3518 2094 51
3573 2039 3734 2104 attri-

2162 2128 2369 2192 buisse,
2399 2128 2464 2182 de
2487 2128 2645 2182 annis
2667 2127 3048 2182 desinentibus
3081 2126 3382 2196 intelligere
3407 2127 3730 2183 debuerunt.

2161 2216 2296 2270 Nam
2327 2217 2656 2284 baptismum
2703 2219 2770 2274 ab
2820 2232 2886 2272 eo
2931 2217 3190 2271 collatum
3221 2233 3344 2272 esse
3383 2218 3440 2272 in
3471 2219 3734 2276 consula-

2161 2317 2278 2364 tum
2341 2307 2690 2366 Geminorum
2743 2309 3080 2383 verisimiqu
3103 2317 3218 2374 est;
3271 2323 3397 2364 cum
3462 2325 3530 2364 ex
3585 2309 3735 2365 Luca

2163 2410 2376 2456 constet
2405 2415 2550 2454 anno
2597 2417 2667 2454 xv
2713 2399 2918 2456 Tiberii
2951 2399 3098 2455 istud
3125 2401 3410 2468 evenisse;
3447 2407 3540 2456 aut
3569 2401 3638 2466 si,
3675 2409 3736 2454 ut

2163 2490 2520 2561 Epiphanius,
2553 2501 2609 2546 et
2651 2493 2741 2546 alii
2771 2493 3014 2562 quidam,
3055 2489 3346 2550 Novembri
3383 2507 3587 2558 mense,
3620 2509 3734 2548 non

2164 2591 2320 2639 sexto
2337 2581 2602 2648 Januarii,
2630 2583 2694 2636 ad
2719 2585 3048 2654 baptismum
3075 2585 3292 2640 venisse
3313 2583 3560 2650 credidit,
3585 2599 3732 2640 anno

2163 2675 2473 2729 communis
2501 2689 2623 2728 atrae
2651 2690 2854 2740 xxvtu;
2909 2684 3056 2729 certe
3105 2675 3234 2728 hinc
3289 2675 3358 2729 ad
3413 2676 3732 2746 passionem

2163 2767 2374 2821 solidus
2403 2781 2582 2822 annus
2611 2767 2967 2836 interpositus
2997 2775 3116 2832 est,
3135 2783 3258 2822 cum
3301 2783 3504 2822 annum
3535 2769 3730 2823 saltem

2161 2873 2332 2912 unum
2359 2859 2426 2928 τῇ
2469 2857 2694 2929 κηρύξει
2723 2857 3015 2912 Africanus
3055 2858 3420 2928 imputaverit.
3457 2857 3648 2927 Atqui,
3683 2859 3730 2914 si

2163 2949 2484 3004 consulibus
2527 2949 2660 3018 ipsis
2691 2947 2933 3005 Geminis
2975 2949 3170 3004 Martio
3203 2966 3392 3006 mense
3419 2967 3612 3022 passus
3651 2951 3736 3008 fo-

2161 3049 2267 3102 ret,
2289 3049 2402 3095 tres
2431 3041 2500 3094 ab
2529 3039 2813 3106 Januario,
2841 3041 2924 3096 vel
2955 3057 2984 3094 a
3013 3040 3304 3098 Novembri
3333 3046 3574 3114 quinque
3603 3045 3738 3100 dun-

2163 3139 2314 3186 taxat
2343 3147 2561 3187 menses
2585 3131 2788 3189 Christi
2819 3133 3136 3203 praedicatio
3163 3142 3392 3190 teneret.
3419 3135 3574 3204 Quod
3595 3137 3739 3192 Afri-

2165 3237 2364 3277 canum
2401 3225 2640 3280 sensisse
2669 3239 2780 3279 non
2810 3225 3068 3281 arbitror.

2239 3314 2346 3369 Sed
2373 3315 2482 3370 duo
2513 3325 2642 3371 sunt
2685 3317 2740 3370 in
2785 3317 2879 3372 illo
2913 3317 3152 3373 Africani
3195 3319 3430 3387 calculo,
3461 3337 3622 3391 quem
3667 3337 3736 3378 ex

2163 3405 2358 3464 Photio
2423 3417 2480 3464 et
2545 3409 2780 3480 Georgio
2847 3411 3171 3476 retulimus,
3259 3414 3734 3470 animadversione

2165 3499 2372 3570 digna:
2405 3501 2638 3554 alterum
2679 3501 2826 3571 quod
2873 3499 3102 3558 Photius
3155 3503 3368 3569 scribit,
3415 3503 3732 3562 Africanum

2164 3591 2230 3644 ad
2261 3590 2489 3646 Macrini
2515 3593 2800 3662 imperiunm
2833 3607 2971 3663 Opus
3000 3607 3160 3647 suum
3191 3593 3532 3664 perduxisse,
3563 3612 3735 3651 anno-

2163 3695 2286 3736 rum
2313 3683 2451 3736 5725
2477 3681 2759 3736 historiam
2781 3683 3158 3752 complexum;
3191 3685 3512 3740 mendosum
3539 3688 3754 3754 videri,_

2165 3789 2230 3830 ac
2267 3789 2366 3845 pro
2401 3775 2685 3846 Μακρίνου
2735 3775 3022 3844 legendum
3177 3776 3516 3833 Ἀντωνίνου.
3553 3779 3734 3846 Quan-

2165 3884 2328 3939 quam
2357 3875 2412 3923 et
2456 3867 2602 3922 aliud
2634 3867 2992 3934 occurrebat;
3039 3867 3358 3924 Africanum
3395 3869 3756 3932 Stadionicas.

2167 3977 2274 4015 non
2329 3960 2472 4014 ultra
2517 3959 2876 4030 Olympiadem
2921 3959 3029 4013 248
3077 3959 3132 4012 in
3163 3960 3404 4015 archivis
3431 3961 3734 4018 Athenien-

2166 4053 2308 4106 sium
2353 4049 2650 4112 invenisse,
2683 4065 2804 4120 quae
2847 4049 3116 4119 Olympias
3157 4049 3228 4102 ad
3279 4065 3478 4105 annum
3529 4051 3736 4106 Christi

2164 4143 2290 4210 217,
2321 4149 2375 4198 ει
2401 4141 2630 4196 Macrini
2659 4142 2945 4211 imperium
2973 4141 3316 4209 extenditur;
3343 4151 3520 4198 tamen
3553 4159 3752 4199 rerum.

2167 4241 2439 4306 gestarum
2477 4235 2800 4288 memoriam
2847 4235 2912 4288 ad
2967 4249 3142 4290 annos
3189 4243 3446 4304 praterea
3495 4237 3742 4306 quinun

2164 4341 2517 4398 propagasse,
2545 4327 2599 4382 id
2631 4337 2715 4382 est
2741 4327 2806 4382 ad
2837 4343 3038 4382 annum
3071 4327 3275 4383 Christi
3307 4327 3403 4381 22l
3437 4345 3451 4395 ;
3481 4329 3734 4383 Photium

2166 4433 2294 4474 vero
2313 4419 2564 4474 eumdem
2593 4418 2836 4474 historiae
2863 4419 3154 4473 terminum
3181 4425 3423 4488 putasse,
3447 4421 3539 4488 qui
3562 4421 3736 4491 olym-

2167 4513 2506 4582 pionicarum
2538 4519 2676 4566 erat.
2707 4509 2842 4566 Vide
2871 4525 2992 4580 qua:
3023 4509 3116 4564 XII
3147 4510 3224 4565 De
3261 4510 3502 4565 doctrina
3535 4519 3736 4580 tempo-

498 4603 808 4672 passionem
850 4601 1180 4671 assignavit,
1221 4601 1438 4656 Tiberio
1485 4619 1520 4654 v
1565 4611 1619 4658 et
1664 4601 1864 4670 Sejano
1893 4619 2068 4668 coss.,
2099 4623 2144 4680 ι)
2172 4621 2311 4666 rum,
2343 4621 2464 4675 cap.
2497 4603 2590 4658 XL
2617 4605 2874 4658 diximus.

499 4690 660 4756 plane
691 4697 749 4742 ut
782 4685 1142 4758 Epiphanius,
1173 4689 1376 4759 aliique
1399 4698 1613 4746 veteres
1639 4692 1886 4746 arbitrati
1919 4701 2067 4760 sunt,

500 4779 808 4833 lncarnatio
841 4788 1106 4850 congruet
1163 4780 1218 4834 in
1267 4795 1470 4834 annum
1499 4782 1735 4852 primum
1764 4799 1886 4838 aet-re
1913 4784 2070 4838 Chri-

499 4871 719 4936 stianae;
751 4871 939 4925 itidem
969 4877 1026 4924 ut
1054 4869 1366 4936 Panodoro,
1401 4887 1466 4927 ac
1498 4873 1702 4928 Graecis
1727 4874 2069 4946 tLatinisque

500 4961 846 5030 computistis
893 4961 1166 5031 placuisse
1211 4963 1485 5017 novimus.
1545 4963 1652 5018 Sed
1703 4963 1806 5020 hac
1856 4966 2070 5021 ratione

501 5067 676 5106 annus
711 5051 895 5106 mtmdi
924 5053 1063 5107 5725
1087 5095 1102 5120 ,
1161 5055 1256 5123 qui
1285 5055 1353 5109 ab
1385 5053 1762 5109 incarnatione
1803 5055 1963 5110 debet
2003 5071 2068 5111 ex

501 5143 741 5199 Africani
773 5145 984 5198 calculo
1011 5159 1133 5199 esse
1159 5144 1284 5209 225,
1315 5147 1418 5200 erit
1449 5147 1756 5202 communis
1787 5163 1906 5202 sera:
1931 5147 2066 5215 225;

502 5251 611 5304 quo
640 5251 842 5290 annum
881 5235 1094 5304 imperii
1128 5237 1428 5290 secundum
1462 5237 1769 5291 Alexander
1795 5237 2071 5293 ﬂammeae

503 5327 646 5382 ﬁlius
705 5328 1029 5384 inchoavit:
1078 5343 1201 5383 cum
1253 5335 1436 5382 tamen
1485 5329 1744 5382 Antonini
1788 5329 2069 5399 Alagabali

505 5421 722 5474 tertium
775 5421 1034 5478 incidisse
1077 5423 1132 5476 in
1179 5435 1384 5475 annum
1421 5421 1574 5475 illum
1629 5422 1818 5476 mundi
1868 5421 2071 5478 diserte

505 5511 788 5580 scripserit
811 5513 1122 5568 Africanus.

580 5607 715 5673 Mea,
749 5617 810 5662 ut
851 5609 904 5662 in
939 5609 1160 5679 ancipiti
1192 5625 1256 5664 ac
1301 5610 1556 5680 perplexa
1585 5613 1904 5681 quaestione,
1936 5627 2070 5668 con-

502 5699 718 5768 jectura
749 5707 854 5764 est,
886 5699 1186 5768 Christum,
1219 5717 1284 5757 ex
1315 5701 1560 5756 Africani
1592 5705 1867 5773 Opinione,
1895 5705 2073 5760 incar-

507 5797 694 5846 natum
751 5807 872 5846 esse
921 5807 1064 5846 anno
1113 5793 1322 5862 periodi
1371 5792 1598 5849 Iuliana:
1647 5795 1805 5860 4712,
1853 5795 2072 5851 biennio

499 5893 636 5940 ante
682 5895 1026 5938 communem
1071 5899 1267 5952 mrum;
1323 5885 1512 5962 mundi
1541 5887 1702 5954 5501,
1735 5889 2065 5958 baptizatum

2241 4695 2486 4750 Alterum
2539 4705 2652 4758 est,
2701 4694 2845 4749 haud
2903 4695 3036 4750 satis
3089 4693 3304 4748 ﬁrmum
3355 4702 3737 4764 argumentum

2171 4799 2293 4840 esse
2325 4801 2480 4839 novae
2507 4785 2905 4855 chronologiaa;
2939 4801 3056 4854 quae
3095 4801 3162 4841 ex
3207 4785 3300 4839 illo
3341 4785 3584 4839 Africani
3617 4786 3738 4838 loco

2171 4879 2450 4932 concludit
2505 4881 2746 4948 quinque
2802 4894 3070 4933 annorum
3131 4878 3304 4934 labem
3358 4879 3414 4933 in
3465 4875 3740 4934 Romanos

2172 4969 2345 5025 fastos
2381 4975 2436 5025 et
2479 4971 2704 5026 annales
2735 4971 3041 5041 irrepsisse,
3078 4987 3141 5024 ac
3175 4970 3402 5024 totidem
3435 4969 3742 5039 superﬂuos

2171 5061 2226 5115 in
2254 5060 2322 5115 iis
2366 5075 2507 5116 esse.
2541 5057 2635 5115 Vis
2669 5067 2750 5115 est
2783 5061 3268 5131 argumentationis
3297 5059 3582 5126 ejusmodi.
3625 5060 3742 5113 An-

2170 5169 2275 5208 nus
2303 5152 2546 5208 Africani
2577 5153 2717 5208 5725
2742 5163 2826 5208 est
2854 5169 2976 5208 aera
3005 5153 3210 5208 Christi
3255 5152 3381 5216 221,
3413 5151 3620 5222 periodi
3649 5149 3742 5204 Ju-

2169 5245 2331 5300 liante
2351 5243 2512 5306 4954,
2537 5259 2645 5316 quo
2673 5245 2927 5300 consules
2957 5244 3106 5300 fuere
3142 5243 3342 5298 Gratus
3373 5252 3425 5298 et
3455 5241 3738 5296 Seleucus.

2172 5337 2286 5393 Hoc
2318 5353 2447 5394 vero
2477 5355 2572 5408 par
2606 5339 2892 5392 consulum
2923 5338 2998 5390 ait
3029 5339 3096 5391 ab
3138 5338 3344 5391 exactis
3375 5335 3593 5405 regibus
3615 5347 3743 5388 esse

2173 5430 2716 5500 septingentesimum
2783 5429 3104 5483 vicesimum
3177 5427 3450 5496 quintum.
3523 5423 3743 5480 Additis

2171 5537 2302 5592 ergo
2349 5537 2536 5592 regum
2583 5521 2742 5574 annis
2784 5519 2890 5573 245
2929 5519 2993 5572 ad
3025 5518 3169 5580 725,.
3195 5517 3330 5570 frunt
3379 5517 3504 5569 anni
3551 5513 3679 5576 968,
3707 5529 3742 5569 e

2173 5614 2370 5683 quibus
2403 5611 2652 5666 deductis
2679 5609 2806 5672 221,
2841 5615 3012 5664 restat
3046 5623 3221 5661 annus
3253 5607 3418 5662 Urbis
3453 5605 3550 5658 747
3583 5623 3596 5658 :
3631 5617 3742 5672 quo

2171 5704 2424 5758 Christus
2471 5719 2536 5758 ex
2579 5701 2886 5758 communis
2929 5715 3052 5754 aera:
3075 5699 3378 5754 ratiociniis
3423 5703 3578 5750 ortus
3619 5703 3772 5764 εει;,

2171 5797 2546 5867 quinquennio
2577 5795 2728 5864 prius
2755 5807 2918 5862 quam
2955 5793 3118 5862 vulgo
3147 5789 3373 5852 feratur,
3407 5789 3516 5842 imo
3542 5801 3740 5842 sexen-

2176 5891 2287 5945 nio.
2319 5887 2490 5943 Natus
2519 5888 2678 5942 cnim'
2705 5885 2924 5953 ponitur
2969 5899 3113 5939 anno
3145 5880 3306 5939 Urbis
3345 5880 3578 5936 condita:
3603 5877 3738 5936 753.
