4124 6460
414 457 436 510 1
447 455 552 511 $95

1387 457 1846 514 DISSERTATIO
1882 458 1971 512 DE
2004 458 2414 514 GR/ECORUM
2454 459 2657 516 EHIS.

3511 463 3644 520 {v.16

418 573 614 630 Verum
648 572 942 630 Africanus
972 575 1030 630 in
1067 575 1387 632 consulibus
1415 578 1529 631 sive
1569 577 1977 647 magistratibus
2005 585 2051 640 Α
2079 586 2187 632 eta.
2248 576 2582 647 Theophilus
2631 575 3031 631 Alexandrinus
3083 577 3367 649 episcopus
3417 584 3651 649 pascha-

411 667 611 723 annuis
659 667 1045 730 numerandis,
1093 683 1188 724 eos
1232 684 1406 723 annos
1463 670 1716 734 exclusit,
1773 670 1973 739 quibus

412 759 549 812 nulli
597 758 858 813 consules
907 758 1128 812 fuerunt
1161 777 1174 814 :
1212 761 1304 829 qui
1334 761 1550 829 quidem
1584 761 1637 813 in
1671 759 1847 814 Fastis
1887 760 1973 813 in-

411 849 641 920 signiter
670 849 911 920 quinque
951 858 1210 904 notantur
1243 851 1311 905 ab
1356 866 1497 905 anno
1541 850 1704 906 Urbis
1743 851 1846 908 578
1903 851 1972 906 ad

409 955 610 995 annum
631 941 766 1009 582;
784 942 982 1011 quibus
999 943 1316 996 continuum
1335 943 1723 1012 interregnum,
1743 953 1794 997 et
1813 944 1974 1014 ἀναρ-

408 1032 502 1102 χία
531 1033 757 1088 exstitit.
801 1033 916 1089 Mos
953 1043 1037 1090 est
1081 1043 1257 1088 autem
1289 1035 1564 1104 plerisque
1610 1035 1972 1105 scriptoribus

408 1125 464 1178 in
509 1140 813 1180 annuorum
865 1126 1279 1195 magistratuum
1329 1135 1420 1180 aut
1465 1142 1652 1195 regum
1708 1127 1970 1196 tempori-

409 1217 514 1271 bus
562 1217 980 1287 percensendis,
1036 1234 1131 1274 eos
1191 1234 1366 1276 annos
1429 1220 1715 1283 omittere,
1772 1220 1971 1288 quibus

407 1310 542 1364 nulli
575 1311 795 1364 fuerunt
821 1329 834 1364 :
863 1310 1006 1380 quod
1039 1324 1066 1362 a
1094 1310 1418 1380 quibusdam
1449 1311 1722 1366 veteribus
1765 1311 1820 1365 in
1863 1310 1972 1365 Ro-

406 1401 584 1456 manis
603 1400 912 1470 digerendis
947 1403 1236 1457 annalibus
1257 1405 1602 1458 observatum
1633 1419 1754 1458 esse
1783 1403 1972 1472 dispu-

405 1501 486 1545 tat
531 1491 866 1562 Onuphrius,
903 1509 1026 1547 eum
1076 1493 1143 1548 de
1185 1495 1448 1549 varietate
1481 1497 1970 1566 computandorum

406 1583 572 1639 Urbis
611 1600 876 1639 annorum
907 1585 1148 1640 disserit.

472 1695 756 1752 Postremo
787 1713 889 1752 nec
932 1697 1065 1752 illud
1115 1699 1431 1763 omiserim,
1472 1700 1617 1770 quod
1662 1715 1727 1754 ex
1773 1700 1968 1756 Photio

399 1797 456 1843 et
490 1788 727 1843 Eusebio
749 1797 964 1843 constat
994 1791 1048 1844 in
1083 1789 1360 1855 Chronico,
1391 1792 1588 1861 duplex
1614 1793 1680 1846 ab
1709 1793 1967 1847 Africano

399 1892 538 1947 opus
588 1881 1002 1946 elucubratum;
1061 1897 1291 1949 quorum
1351 1885 1582 1938 alterum
1643 1885 1964 1940 historicum
1999 1919 2040 1972 Β

401 1969 502 2023 fuit
547 1971 603 2024 in
654 1973 894 2042 quinque
954 1974 1120 2029 libros
1168 1976 1460 2044 partitum.
1517 1984 1572 2031 et
1636 1977 1703 2031 ad
1761 1992 1963 2030 annum

399 2065 617 2117 tertium
685 2065 1002 2135 Alagabali,
1081 2067 1269 2121 mundi
1331 2068 1511 2132 5725,
1572 2069 1960 2137 perductum:

395 2153 466 2209 de
494 2171 602 2224 quo
635 2157 899 2212 hactenus
950 2159 1118 2212 locuti
1159 2175 1371 2222 sumus,
1411 2160 1640 2213 alterum
1682 2159 1827 2227 quod
1857 2160 1964 2210 Κε-

397 2247 557 2309 στθὺς
604 2246 886 2316 inscripsit
922 2249 976 2301 in
1010 2248 1182 2304 libros
1209 2248 1327 2302 XIV
1366 2249 1659 2318 digestum.
1698 2247 1962 2302 Eusebius

395 2353 525 2391 vero
561 2335 578 2388 I
617 2337 814 2392 Chron.
841 2353 1033 2392 novem
1068 2339 1237 2392 libros
1268 2346 1542 2394 numerat.
1579 2337 1750 2405 Cujus
1779 2337 1962 2406 operis

393 2437 776 2496 argumentum
821 2429 1105 2498 multiplex
1154 2427 1276 2482 fuit.
1326 2428 1462 2482 Nam
1509 2429 1578 2483 de
1619 2427 1842 2481 medicis
1876 2443 1958 2481 re-

392 2523 518 2585 bus,
543 2521 805 2592 physicis,
838 2523 1085 2586 rusticis,
1117 2522 1385 2592 chymicis
1407 2523 1591 2587 etiam,
1626 2522 1693 2576 iis
1725 2523 1777 2574 in
1807 2520 1962 2574 libris

390 2597 694 2668 tractavit:
729 2630 850 2686 qua:
901 2615 1061 2668 ambo
1109 2614 1357 2683 ejusdem
1403 2613 1646 2667 Africani
1699 2621 1847 2677 sunt,
1900 2617 1961 2664 ut

388 2714 626 2760 testatur
653 2705 915 2769 Photius,
946 2721 1054 2760 non
1084 2715 1143 2760 ut
1179 2705 1460 2776 Scaligero
1488 2707 1662 2760 visum
1691 2711 1812 2768 est,
1863 2704 1960 2774 qui

390 2805 646 2852 auctores
695 2798 969 2853 immerito
1021 2797 1290 2852 distinxit.
1345 2796 1532 2866 Itaque
1575 2797 1771 2849 Κεστοὶ
1820 2794 1960 2849 nihil

391 2886 461 2940 ad
513 2888 920 2958 chronologiam
972 2887 1308 2952 attinebant;
1345 2896 1535 2942 contra
1587 2901 1748 2956 quam
1799 2885 1957 2941 nobis

391 2979 670 3034 exciderat
719 2980 812 3032 lib.
867 2979 962 3033 XII
1011 2979 1088 3032 De
1151 2979 1394 3033 doctrina
1448 2988 1773 3046 temporum,
1833 2992 1954 3046 cap.

387 3068 550 3132 XLII,
587 3071 678 3125 ubi
704 3070 944 3132 Κεστοὺς
971 3084 1098 3124 cum
1134 3067 1470 3140 πενταδίόλῳ
1501 3069 1728 3124 historia
1764 3065 1956 3124 confu-

387 3162 594 3218 dimus.

989 3315 1217 3373 CAPUT
1262 3316 1352 3372 III.

385 3432 468 3486 De
485 3429 786 3484 Grmcorum
815 3430 958 3492 (eris,
975 3438 1229 3498 quatenus
1257 3427 1510 3482 methodis
1526 3427 1885 3494 paschalibus,
1904 3438 1956 3482 et

457 3501 615 3571 cyclis
641 3501 924 3569 implicata:
947 3497 1090 3552 sunt.
1125 3497 1394 3571 Panodori
1416 3499 1957 3571 computusillustm—

459 3567 562 3624 tur.
594 3574 668 3623 Ab
714 3567 774 3623 eo
812 3579 1130 3640 propagatus
1169 3579 1244 3624 est
1305 3569 1440 3622 alter
1478 3584 1626 3638 quem
1681 3567 1954 3623 Maximus

461 3642 690 3695 adhibet.

459 3753 734 3810 Hactenus
767 3770 947 3810 meras
979 3769 1246 3809 annorum
1274 3768 1518 3809 summas
1548 3753 1618 3807 ab
1661 3754 1793 3808 orbe
1819 3769 1956 3808 eon-

387 3848 505 3903 dito
556 3848 674 3902 sine
720 3848 827 3901 ulla
867 3849 1167 3917 cyclorum,
1202 3847 1283 3900 uti
1319 3847 1525 3901 dictum
1561 3857 1664 3908 est,
1701 3845 1957 3900 methodo

387 3941 784 3996 subducebant.
820 3939 1038 4003 Postea,
1067 3955 1190 3994 cum
1217 3939 1329 4008 jam
1375 3953 1510 3994 usus
1540 3938 1758 3992 artiﬁcii
1795 3938 1956 3992 istius

386 4032 500 4086 fere
554 4031 610 4084 in
661 4029 905 4084 Ecclesia
955 4029 1247 4098 cmpisset,
1300 4028 1506 4097 placuit
1550 4043 1724 4082 annos
1768 4025 1957 4081 mundi

385 4123 467 4176 sic
497 4120 564 4175 ad
595 4119 845 4175 eumdem
877 4128 1083 4190 aptare,
1139 4127 1198 4173 ut
1248 4117 1424 4174 divisa
1457 4135 1670 4175 summa
1720 4135 1815 4188 per
1864 4134 1956 4188 cy-

383 4215 594 4268 clorum
645 4212 952 4282 periodum,
1003 4211 1258 4282 proprius
1288 4210 1416 4264 anni
1456 4211 1722 4280 cujusque
1768 4210 1955 4280 cyclus

382 4308 692 4361 exsisteret.
724 4305 893 4371 Quem
929 4306 982 4358 in
1019 4305 1178 4358 ﬁnem
1215 4303 1411 4376 partim
1449 4317 1716 4356 annorum
1750 4301 1958 4371 aliquot

384 4398 718 4454 detractione
760 4398 845 4451 vel
897 4396 1201 4459 additioue,
1250 4394 1459 4464 priores
1506 4401 1793 4462 computos
1855 4393 1958 4447 im-

386 4495 704 4553 mutarunt;
759 4487 953 4556 partim
1004 4487 1072 4540 iis
1114 4485 1362 4548 retentis,
1411 4483 1846 4537 Inearnationem
1890 4496 1954 4535 ac

2075 668 2180 722 lem
2239 669 2446 738 cyclum
2492 669 2727 722 instituit
2778 683 3045 724 armorum
3095 685 3429 735 ccccxxxvu,
3486 675 3645 741 cujus

2074 765 2288 812 centum
2351 760 2561 828 priores
2629 775 2801 815 annos
2859 761 3168 828 descripsit,
3226 778 3388 817 orsus
3439 778 3468 816 a
3515 779 3647 816 con-

2073 849 2253 903 sulatu
2313 847 2556 903 Gratiani
2600 867 2632 905 v
2697 861 2749 906 et
2812 851 3102 906 Theodosii
3155 853 3363 923 impp.,
3413 856 3505 922 qui
3560 861 3645 908 est

2074 955 2250 994 annus
2276 955 2397 994 mra).
2428 941 2759 997 Christiana:
2795 957 3060 1008 cccuxx,
3093 944 3248 1014 cyclo
3291 944 3430 998 lunae
3457 944 3499 997 I.
3546 944 3646 998 Hic

2073 1049 2249 1089 annus
2293 1049 2358 1088 ex
2395 1033 2637 1090 Africani
2681 1037 2891 1090 calculo
2937 1037 3232 1105 putabatur
3275 1037 3343 1090 ab
3392 1037 3646 1090 Inearna-

2073 1127 2224 1180 tione
2271 1141 2578 1190 cccnxxxu,
2615 1127 2682 1180 ab
2723 1127 2931 1181 Adamo
2973 1128 3114 1182 5882
3155 1128 3270 1194 (lib.
3315 1143 3352 1180 ιι
3391 1127 3467 1180 De
3498 1128 3640 1182 doct.

2073 1227 2254 1285 temp.,
2288 1232 2408 1286 cap.
2448 1215 2654 1287 LXIX).
2694 1215 2894 1271 Divisis
2927 1218 3066 1272 5882
3092 1233 3188 1285 per
3224 1217 3293 1271 19
3318 1217 3642 1286 relinquun-

2072 1315 2164 1362 tur
2194 1309 2258 1372 Il,
2290 1310 2440 1378 atqui
2471 1309 2489 1361 I
2523 1309 2802 1363 residuum
2837 1326 2957 1364 esse
2986 1309 3224 1364 methodi
3253 1310 3526 1379 paschalis
3556 1311 3642 1366 in-

2070 1411 2294 1458 tererat.
2329 1402 2652 1458 Panodorus
2688 1418 2816 1472 ergo
2858 1403 3042 1458 decem
3077 1404 3355 1469 detractis,
3389 1404 3638 1458 eumdem

2071 1493 2226 1547 illum
2284 1508 2490 1546 annum
2539 1493 2850 1547 numeravit
2902 1493 2970 1546 ab
3020 1494 3152 1547 orbe
3209 1493 3429 1546 condito
3475 1492 3635 1554 5872,

2070 1584 2268 1653 quibus
2296 1600 2390 1653 per
2428 1584 2493 1637 19
2521 1585 2755 1654 partitis,
2787 1585 2974 1654 cyclus
3002 1585 3089 1637 ille
3121 1585 3260 1638 lunae
3286 1585 3512 1653 primus.
3543 1585 3634 1654 qui

2071 1676 2436 1744 quaerebatur,
2483 1676 2718 1730 exsistit.
2773 1673 3039 1731 Prteterea
3084 1675 3517 1730 Incarnationem
3571 1691 3636 1729 ac

2069 1766 2310 1821 Natalem
2358 1767 2558 1820 Christi
2589 1768 2807 1822 biennio
2838 1766 3098 1820 subduxit
3134 1769 3202 1821 ab
3227 1767 3467 1821 Africani
3495 1782 3630 1835 epo—

2069 1859 2169 1913 cha
2191 1876 2211 1925 ;-
2241 1866 2292 1913 et
2326 1859 2380 1912 in
2412 1875 2615 1913 annum
2648 1859 2872 1929 redegit,
2903 1863 2996 1929 qui
3036 1860 3449 1914 trecentesimus
3478 1869 3634 1912 octo-

2065 1952 2472 2020 gesimuS‘retro
2495 1951 2786 2018 puta-batur
2811 1951 2879 2003 ab
2907 1951 3132 2004 exordio
3161 1950 3297 2020 cycli
3324 1948 3631 2019 TheOphili.

2067 2040 2124 2094 Si
2155 2057 2335 2096 annus
2368 2039 2513 2094 5872·
2555 2040 2740 2094 mundi
2792 2040 3212 2094 trecentesimus
3263 2040 3634 2108 octogesimus

2064 2131 2338 2184 secundus
2372 2130 2659 2184 haberetur
2703 2131 2770 2181 ab
2804 2130 3085 2182 incarnato
3132 2129 3379 2191 Domino,
3417 2130 3633 2183 caderet

2062 2205 2371 2274 Inearnatio
2401 2221 2456 2273 in
2503 2235 2702 2273 annum
2749 2221 2819 2274 ab
2865 2221 3072 2274 Adamo
3101 2220 3258 2274 5491.
3311 2220 3631 2275 Panodorus

2063 2319 2244 2364 autem
2277 2326 2400 2366 eum
2433 2327 2634 2364 annum
2665 2311 2874 2380 putavit
2909 2312 3066 2366 5495.
3099 2311 3264 2381 Igitur
3290 2312 3500 2381 primus
3531 2327 3633 2364 an~

2064 2419 2168 2456 nus
2193 2404 2330 2474 cycli
2374 2401 2682 2472 Theophili,
2714 2417 2835 2456 term
2865 2401 3262 2458 Incarnationis
3289 2404 3356 2459 ab
3386 2403 3477 2456 illo
3522 2420 3630 2456 nu-

2063 2499 2303 2546 meratus
2353 2499 2438 2546 est
2479 2493 2898 2547 trecentesimus
2947 2493 3350 2560 octogesimus:
3382 2507 3502 2561 quae
3547 2499 3632 2546 est

2060 2582 2290 2652 insignis
2319 2583 2631 2638 observatio
2650 2583 2934 2637 vetustatis
2959 2597 3081 2636 terte
3111 2583 3435 2644 communis,
3467 2598 3632 2652 quam

2059 2671 2444 2742 Dionysianam
2490 2673 2796 2735 nominant,
2844 2686 3155 2740 quanquam
3198 2685 3306 2723 uno
3353 2685 3496 2723 anno
3541 2668 3632 2724 In-

2059 2764 2433 2818 carnationem
2482 2763 2906 2826 antevertimus,
2955 2778 3021 2817 eo
3070 2762 3216 2832 quod
3264 2776 3370 2816 aera
3426 2761 3632 2836 Christi

2058 2872 2168 2911 non
2201 2855 2627 2911 Incarnationem
2658 2856 2886 2910 includit
2925 2855 3133 2924 ipsam;
3179 2853 3274 2909 sed
3309 2869 3337 2905 a
3367 2852 3630 2909 Kalendis

2055 2943 2333 3000 Ianuariis
2372 2945 2635 3014 proximis
2681 2960 2711 2999 a
2761 2943 2938 2998 Natali
2979 2943 3185 3012 incipit.
3255 2941 3624 2997 Nihilominus

2056 3039 2332 3092 luculenta
2394 3046 2478 3092 est
2527 3038 2640 3090 tunc
2699 3035 2906 3089 notatio
2960 3035 3200 3104 vulgaris
3247 3048 3410 3098 verte;
3463 3047 3625 3100 quam

2056 3128 2370 3197 ehronologi
2424 3127 2646 3195 quidam
2702 3125 3042 3180 recentiores
3100 3131 3158 3177 ut
3208 3122 3434 3176 minime
3483 3123 3626 3176 anti-

1982 3251 2023 3306 C
2059 3235 2243 3290 quam,
2271 3226 2324 3272 et
2351 3235 2381 3271 a
2407 3217 2667 3288 Dionysio
2708 3217 2937 3284 primum
2972 3215 3181 3284 Exiguo
3222 3222 3490 3283 repertam
3523 3215 3627 3266 im-

2062 3317 2435 3382 punevexant
2465 3324 2528 3362 ac
2555 3307 2790 3362 ludibrio
2822 3307 3042 3361 habent.
3070 3307 3176 3362 Sed
3204 3307 3322 3376 ejus
3347 3315 3624 3361 auctorem

2060 3403 2251 3457 saltem
2298 3399 2640 3454 Panodorum
2687 3397 2858 3453 fuisse
2909 3413 2976 3452 ex
3022 3413 3088 3452 eo
3132 3397 3426 3462 vincimus,
3476 3396 3621 3467 quod

2059 3492 2323 3563 Georgius
2373 3490 2658 3562 Syncellus
2698 3489 3131 3543 Incarnationem
3182 3487 3387 3555 Christi
3431 3489 3498 3542 ab
3527 3489 3622 3543 illo

2059 3583 2285 3638 relatam
2315 3581 2512 3636 astruit
2543 3581 2599 3634 in
2625 3594 2826 3633 annum
2858 3579 3047 3632 mundi
3070 3578 3242 3644 5493;
3271 3594 3430 3648 quem
3460 3579 3624 3648 ipsis-

2060 3675 2257 3729 simum
2298 3687 2421 3727 esse
2452 3672 2686 3741 primum
2718 3685 2840 3724 mra:
2871 3669 3176 3725 communis
3221 3684 3342 3740 cap.
3374 3668 3623 3739 sequenti

2060 3764 2574 3827 demonstrabimus,
2608 3762 2700 3816 ubi
2729 3761 2943 3831 Georgii
2971 3761 3330 3832 fragmentum
3357 3761 3486 3814 illud
3528 3775 3625 3814 ex-

2061 3859 2385 3914 scribemus.
2416 3856 2604 3912 Annos
2644 3854 2784 3909 5493
2813 3855 2856 3909 si
2884 3870 2980 3925 per
3008 3856 3074 3908 I9
3104 3855 3358 3921 partiare,
3402 3853 3459 3906 Iit
3483 3853 3624 3906 lunae

2060 3953 2246 4024 cyclus
2275 3950 2331 4013 2,
2381 3949 2475 4018 qui
2505 3947 2729 4018 perinde
2757 3962 2898 4001 anno
2941 3947 3119 4016 primo
3147 3945 3355 4000 Christi
3393 3943 3625 3999 nostrati

2059 4043 2330 4114 congruit.
2378 4040 2452 4094 Ex
2490 4040 2592 4094 hac
2621 4039 2894 4093 Panodori
2942 4036 3376 4091 conformatione
3427 4034 3625 4089 accidit

2058 4144 2117 4189 ut
2148 4142 2436 4204 computus
2458 4133 2561 4187 iste
2592 4146 2784 4186 recens
2812 4131 2880 4186 ab
2908 4130 3041 4184 orbe
3063 4129 3284 4184 condito
3311 4136 3433 4181 octo
3465 4126 3624 4179 annis

2059 4229 2239 4283 minor
2265 4235 2412 4282 esset
2462 4225 2646 4295 priore
2680 4225 2793 4287 illo,
2829 4223 2922 4291 qui
2953 4221 3058 4275 fuit
3094 4220 3356 4274 Africani.
3386 4216 3624 4273 Tametsi

2056 4321 2201 4374 enim
2226 4319 2412 4373 decem
2435 4331 2609 4370 annos
2636 4315 2703 4369 de
2723 4329 2788 4369 eo
2812 4311 3129 4367 Panodorus
3157 4310 3414 4372 abstulit,
3443 4316 3624 4363 tamen

2058 4423 2401 4464 communem
2447 4406 2746 4460 terminum
2796 4402 3016 4458 biennio
3064 4399 3378 4456 summovit.
3423 4395 3480 4451 Si
3538 4398 3626 4450 ln-

2057 4497 2392 4554 carnationis
2410 4495 2698 4564 pristinum
2721 4507 2922 4546 annum
2945 4490 3261 4544 retinuisset
3281 4489 3349 4542 ab
3365 4485 3624 4540 Africano

384 4581 704 4636 Passionem
760 4578 964 4633 Chiis“
1017 4579 1153 4632 alios
1205 4579 1259 4631 i“
1306 4592 1501 4637 θηηοδν
1539 4589 1701 4645 quam
1749 4573 1950 4643 9"“)“5
1985 4595 2028 4649 D
2057 4591 2260 4647 editum
2282 4629 2296 4654 ,
2327 4587 2420 4658 qui
2454 4599 2538 4644 est
2569 4585 2772 4656 periodi
2805 4581 3034 4638 Iuliana:
3062 4582 3223 4644 4712,
3248 4579 3471 4634 biennio
3497 4589 3626 4632 ante

385 4665 610 4735 ascripti
656 4672 812 4719 erant
841 4663 1018 4729 initio,
1055 4666 1390 4733 relegarunt.
1442 4659 1556 4715 Hoc
1588 4667 1646 4713 ut
1684 4660 1949 4729 paulatim

382 4758 632 4814 evenisse
665 4758 979 4827 conjectura
1013 4762 1200 4812 nostra
1240 4756 1363 4822 fert,
1394 4755 1666 4825 explicare
1693 4752 1949 4823 deinceps

383 4849 687 4920 aggrediar.

451 4961 736 5032 Princeps,
787 4971 1050 5031 quantum
1098 4961 1367 5030 suspicari
1419 4961 1564 5022 licet,
1613 4958 1668 5012 in
1715 4957 1950 5028 Egypto

380 5053 724 5116 Panodorus,
759 5068 882 5107 cum
914 5051 1372 5107 animadverteret
1422 5065 1594 5106 annos
1643 5049 1712 5104 ab
1742 5049 1950 5102 Adamo

378 5161 445 5198 ex
489 5143 730 5197 Africani
766 5142 1035 5198 sententia
1065 5142 1347 5206 collectos,
1386 5141 1433 5196 si
1485 5155 1580 5210 per
1631 5139 1698 5193 I9
1743 5137 1950 5192 divide-

381 5239 590 5294 rentur,
621 5248 966 5303 nequaquam
1000 5233 1267 5287 labentem
1310 5233 1451 5286 lunae
1472 5233 1687 5302 cyclum
1713 5230 1945 5296 eﬂieere,

380 5341 490 5381 non
518 5325 786 5379 dubitavit
814 5325 1096 5395 captanda;
1123 5322 1541 5394 opportunitatis
1571 5323 1723 5379 illius
1751 5324 1945 5394 gratia,

381 5429 588 5484 paucos
639 5429 812 5468 annos
876 5429 907 5468 e
974 5429 1186 5468 summa
1242 5411 1550 5483 decerpere.
1613 5411 1734 5466 Jam
1802 5413 1949 5468 enim

383 5503 872 5558 Alexandrinorum
899 5503 1107 5558 lunaris
1130 5503 1315 5569 cvclus
1345 5503 1761 5571 percrebuerat;
1793 5503 1885 5572 qui
1919 5518 1950 5556 a

382 5595 626 5663 paschali
669 5594 781 5649 fere
812 5610 998 5650 mense
1030 5610 1252 5650 sumens
1287 5594 1524 5658 initium,
1568 5593 1709 5648 idem
1739 5602 1858 5648 erat
1885 5610 1949 5648 ae

379 5695 590 5750 noster,
639 5687 744 5740 hoc
774 5694 858 5741 est
898 5688 1108 5756 primus
1155 5689 1320 5741 unius
1369 5685 1578 5755 primus
1609 5685 1796 5741 itidem
1831 5695 1948 5740 erat

381 5777 611 5834 alterius
648 5797 661 5834 :
697 5777 1134 5849 quandoquidem
1166 5778 1439 5848 paschalis
1470 5779 1649 5834 omnis
1677 5777 1946 5833 Romano-

387 5884 512 5925 rum
549 5869 834 5928 tncthodus
858 5870 926 5926 ab
969 5869 1460 5926 Alexandrinorum
1494 5877 1576 5925 est
1607 5867 1750 5926 fonte
1777 5869 1949 5950 dedu-_

2053 4682 2316 4753 epocham
2358 4687 2636 4744 nostram;
2672 4692 2847 4731 annus
2892 4675 3101 4745 primus
3143 4673 3280 4744 cycli
3309 4670 3620 4741 Theophili,

2055 4771 2278 4828 Christi.
2315 4769 2451 4833 380,
2503 4769 2699 4824 fuisset
2749 4781 2871 4820 terte
2911 4762 3312 4820 Incamationis
3352 4761 3624 4815 Panodori

2044 4850 2191 4929 382;
2223 4859 2411 4915 mundi
2439 4860 2600 4914 5872.
2642 4857 2853 4913 Ablatis
2883 4858 3042 4910 anuis
3063 4854 3168 4909 582
3192 4853 3260 4909 de
3291 4852 3449 4914 5872,
3484 4851 3623 4906 resi-

2049 4956 2144 5011 dui
2175 4961 2301 5008 sunt
2347 4950 2505 5006 5490.
2556 4949 2696 5020 Ergo
2747 4964 2925 5003 annus
2977 4947 3107 5002 549i
3165 4953 3311 5001 esset
3365 4944 3622 4998 Inearna-

2048 5047 2213 5102 tionis
2265 5059 2464 5098 annus.
2521 5043 2667 5098 Idem
2731 5041 2940 5111 primus
3008 5037 3292 5107 Theophili
3341 5051 3516 5091 annus
3554 5050 3623 5089 ex

2050 5137 2296 5192 Africani
2338 5144 2596 5204 computo
2644 5141 2761 5189 erat
2791 5133 2860 5186 ab
2893 5131 3100 5186 Adamo
3137 5129 3298 5195 5882,
3343 5144 3373 5182 a
3412 5127 3619 5182 Christi

2051 5229 2435 5284 Inearnatione
2481 5226 2605 5280 582.
2655 5224 2951 5279 Subductis
2993 5222 3096 5276 382
3127 5221 3194 5278 de
3227 5221 3387 5286 5882,
3421 5218 3619 5289 reliqui

2052 5329 2180 5378 sunt
2211 5319 2338 5374 anni
2365 5318 2503 5374 5500
2538 5339 2550 5372 :
2593 5317 2820 5390 proinde
2851 5329 2993 5368 anno
3024 5314 3159 5395 5591
3188 5313 3504 5368 incarnatus
3537 5317 3623 5366 est

2050 5411 2305 5466 Christus
2343 5398 2409 5464 ex
2452 5408 2696 5462 Africani
2741 5406 3065 5461 ratiociniis.
3116 5403 3423 5459 Discrimen
3468 5417 3622 5456 eom-

2053 5503 2170 5572 puti
2199 5500 2361 5570 hujus
2396 5508 2450 5554 et
2489 5501 2734 5562 alterius,
2771 5500 2901 5552 anni
2936 5498 3022 5552 I0.
3059 5494 3260 5551 Verum
3300 5494 3621 5548 Panodorus

2050 5594 2296 5656 biennio,
2333 5601 2392 5647 ut
2434 5592 2637 5646 dictum
2677 5598 2782 5654 est,
2811 5588 3248 5643 Incarnationem
3282 5585 3616 5640 descendere

2047 5686 2214 5756 jussit
2259 5686 2325 5740 ad
2374 5701 2576 5740 annum
2608 5684 2746 5738 5495
2775 5700 2791 5737 :
2821 5683 2966 5739 unde
3011 5693 3134 5737 octo
3179 5694 3446 5735 annorum
3479 5679 3619 5732 dun-

2052 5786 2202 5833 taxat
2241 5779 2381 5833 inter
2414 5786 2702 5846 utrumque
2740 5783 2868 5830 nata
2898 5773 3200 5830 differentia
3237 5781 3343 5828 est.
3378 5771 3615 5826 Accessit

2055 5870 2120 5926 ad
2156 5886 2275 5928 eam
2303 5871 2439 5942 cycli
2475 5870 2685 5925 lunaris
2715 5869 3198 5940 opportunitatem,
3221 5876 3276 5924 et
3305 5863 3616 5921 indictionir
