4124 6466
503 467 641 519 1107
1521 461 1608 515 ΑΙ)
1649 459 1920 516 EUSEBII
1958 455 2354 515 CIIRONICON
2391 455 2752 510 APPENDIX.
3601 457 3741 516 I408

497 592 655 634 Usus.
692 574 828 632 Nam
865 575 1075 632 unitate
1115 576 1321 638 addita,
1360 583 1416 630 et
1454 589 1666 630 summa
1697 591 1794 645 per
1841 573 1907 628 I5
1947 590 2072 644 par-
2105 578 2148 633 Α
2177 571 2324 640 quod
2353 581 2546 626 neuter
2577 572 2794 626 illorum
2843 570 3100 626 instituit.
3147 568 3286 622 Hinc
3329 577 3550 639 apparet
3591 584 3742 628 recte

499 670 619 728 ti'a.
657 669 878 739 propria
909 670 1177 740 cujusque
1213 669 1344 722 anni
1377 667 1607 722 habetur
1644 667 1892 721 indictio.
1929 666 2074 720 Anni
2173 679 2276 718 nos
2299 665 2476 733 capite
2509 662 2840 726 ldocuisse,
2875 673 3188 730 computum
3231 661 3376 717 hunc
3405 665 3654 720 annalem
3687 673 3744 719 et

499 757 642 812 5372
673 773 770 826 per
810 758 879 812 15
905 757 1182 812 distributi
1233 759 1555 828 relinquunt
1585 756 1636 810 7.
1683 753 1884 810 Verum
1931 769 2076 808 anno
2173 753 2639 816 Alexandrinum,
2689 752 2824 806 nihil
2863 767 2896 806 a
2928 749 3198 806 Panodori
3242 759 3496 822 computo
3535 755 3746 808 discre-

499 845 707 904 Christi
735 847 841 903 580
865 847 1090 902 indictio
1125 847 1229 902 fuit
1259 848 1326 904 8:
1365 851 1547 904 unitas
1569 861 1699 919 ergo
1728 846 1950 916 adjungi
1983 846 2078 900 de-

500 940 594 996 bet
620 940 684 994 ad
717 956 1028 996 numerum.
1061 939 1220 1007 Quod
1242 941 1288 998 si
1313 955 1516 996 annum
1547 940 1790 996 Africani
1813 939 1955 996 5882
1983 954 2094 1009 per

503 1030 572 1086 15
603 1030 897 1096 divideres,
945 1029 1176 1086 indictio
1224 1031 1262 1086 2
1306 1031 1642 1102 proveniret,
1691 1045 1814 1101 quae
1864 1029 2078 1099 longius

501 1121 658 1176 abest
687 1120 759 1174 ab
795 1135 880 1180 ea.
911 1135 1033 1191 qua:
1066 1130 1182 1176 tum
1215 1123 1530 1193 putabatur.
1569 1121 1936 1188 Quamobrem
1967 1135 2078 1174 non

503 1211 686 1266 minus
719 1211 1064 1276 indictionis,
1107 1228 1274 1284 quam
1303 1214 1442 1284 cycli
1475 1213 1686 1268 lunaris
1719 1212 2080 1267 commoditas

501 1300 850 1358 Panodorum
885 1304 1126 1374 impulit,
1170 1311 1230 1358 ut
1263 1304 1510 1358 Africani
1549 1311 1868 1374 computum
1909 1303 2082 1358 inter-

502 1393 735 1463 polaret.
785 1391 846 1447 Si
878 1393 1098 1462 quidem
1135 1392 1455 1450 indictionis
1499 1409 1634 1450 usus
1676 1409 1773 1464 per
1815 1395 1908 1449 illa
1945 1405 2083 1450 tem-

503 1497 638 1554 pora
665 1485 1041 1542 vehementius
1070 1485 1477 1542 increbrescere
1506 1488 1693 1558 cmpit,
1711 1495 1772 1540 ut
1799 1494 1882 1542 est
1911 1487 1966 1542 in
1987 1487 2082 1542 lib.

503 1574 576 1630 XI
596 1576 674 1631 De
689 1575 934 1632 doctrina
957 1588 1266 1646 temporum,
1297 1593 1421 1648 cap.
1453 1577 1590 1632 XLI.

574 1669 792 1724 Atenim
830 1684 1160 1739 persuasum
1199 1669 1304 1723 hoc
1335 1670 1616 1740 plerisque
1647 1667 1770 1734 fuit,
1803 1667 2084 1724 Christum

507 1759 798 1816 Dominum
833 1768 886 1815 et
917 1759 1095 1816 Martii
1127 1777 1287 1829 χχιιι,
1314 1770 1367 1816 ει
1399 1762 1529 1816 luna
1557 1777 1648 1815 xiv
1690 1761 1774 1816 vel
1805 1777 1894 1822 xv,
1921 1761 1972 1814 id
1999 1769 2085 1815 est

507 1851 828 1922 plenilunio,
857 1867 981 1908 esse
1012 1868 1259 1924 passum,
1299 1853 1356 1908 id
1387 1861 1473 1909 est
1501 1860 1555 1908 in
1593 1852 1862 1909 Paschate
1893 1851 2084 1908 Judai-

506 1957 592 2007 co,
630 1941 808 1998 Martii
856 1959 990 1998 vero
1039 1961 1145 2000 xxv
1193 1947 1571 2002 resurrexisse

509 2035 644 2089 feria
675 2051 752 2100 vt,
789 2036 894 2090 hoc
925 2044 1106 2091 autem
1141 2037 1278 2092 feria
1307 2055 1324 2092 ι
1354 2039 1652 2109 contigisse
1681 2046 1834 2092 extra
1861 2045 2086 2094 contro-

508 2128 744 2182 versiam
783 2136 888 2184 est.
935 2127 1092 2195 Quod
1123 2129 1302 2183 Martii
1347 2145 1485 2184 χχιιι
1517 2145 1740 2200 passum
1779 2146 1902 2186 esse
1931 2131 2090 2184 Chri-

511 2228 656 2275 stum
683 2219 856 2277 Graeci
877 2225 1222 2295 computistae
1253 2223 1610 2286 crediderint,
1636 2233 1955 2294 argumento
1980 2231 2084 2288 est,

511 2311 657 2381 quod
718 2313 1008 2380 Maximus,
1052 2315 1342 2385 Georgius,
1385 2313 1716 2369 'Chronicon
1765 2315 2090 2369 Alexandri-

511 2419 666 2468 num,
685 2404 990 2468 Cedrenus,
1015 2414 1068 2460 et
1096 2406 1188 2459 alii
1220 2405 1533 2475 complures
1559 2407 1630 2458 ita
1657 2406 1916 2459 sentiunt.
1944 2405 2087 2470 Quin

507 2494 677 2549 etiam
713 2495 1052 2552 Caesariense
1083 2497 1400 2559 concilium,
1443 2497 1589 2565 quod
1643 2496 1860 2552 Victore
1911 2497 2091 2566 ponti-

509 2584 612 2642 ﬁce
639 2587 788 2641 circa
821 2603 1025 2642 annum
1069 2589 1276 2644 Christi
1321 2587 1556 2644 CXCVII
1599 2589 1934 2644 celebratum
1983 2597 2087 2652 est,

509 2677 618 2732 hoc
643 2678 821 2747 ipsum
851 2679 1062 2734 detiniit
1092 2664 1186 2734 lib.
1218 2678 1314 2732 xu
1335 2679 1412 2734 De
1441 2679 1582 2735 doct.
1619 2690 1775 2749 temp.
1806 2695 1950 2749 cap.,
1975 2677 2088 2732 xu.

513 2755 788 2834 Quoci'rca
833 2770 941 2825 tria
979 2771 1095 2826 haec
1141 2770 1198 2825 in
1247 2771 1498 2828 eumdem
1549 2773 1899 2828 concurrisse
1945 2773 2088 2827 diem

513 2861 693 2916 Martii
725 2878 862 2917 χχιιι
903 2863 1150 2918 arbitrati
1181 2873 1330 2930 sunt,
1363 2865 1556 2922 feriam
1587 2881 1661 2927 vt,
1699 2874 1753 2920 et
1777 2865 1962 2920 lunam
1987 2881 2090 2932 xv;

513 2969 618 3010 nec
645 2969 754 3009 non
783 2953 1086 3026 legitimum
1115 2957 1293 3011 aetatis
1325 2957 1568 3021 modum,
1607 2964 1666 3011 ut
1703 2973 1878 3012 χχχιιι
1915 2973 2092 3013 annos

515 3045 736 3100 circiter
783 3047 960 3102 aetatis
1005 3047 1276 3102 haberet:
1313 3049 1570 3117 quoniam
1621 3049 1898 3104 tricesimo
1948 3063 2094 3103 anno

513 3136 826 3206 baptizatus
867 3144 988 3202 est,
1041 3152 1105 3192 ac
1157 3139 1258 3192 tria
1305 3137 1502 3193 deinde
1547 3137 1816 3192 Paschata
1861 3141 2090 3210 peregit.

513 3224 725 3291 Quibus
759 3227 1014 3280 omnibus
1055 3227 1394 3282 commodior
1427 3229 1613 3283 nullus
1641 3230 2090 3284 annus'inveniri

513 3318 714 3387 potuit,
732 3333 896 3389 quam
927 3319 1020 3388 qui
1041 3333 1162 3373 aera:
1183 3320 1493 3374 communis
1509 3327 1592 3375 est
1611 3335 1744 3378 χιιι.
1767 3331 1822 3375 ει
1843 3321 1898 3374 in
1921 3320 2098 3376 Pano—

515 3407 636 3463 dori
663 3419 922 3480 computo
951 3411 1094 3466 5555
1116 3413 1326 3476 exiens,
1349 3411 1636 3482 iniensque
1656 3413 1816 3478 5551,
1845 3413 2099 3484 idemque

517 3501 588 3556 ab
605 3500 1008 3566 Incarnatione,
1029 3503 1331 3558 secundum
1347 3503 1714 3570 Panodorum,
1733 3497 1819 3560 4'2.
1839 3505 1972 3560 Nam
1997 3507 2100 3561 hoc

519 3605 664 3646 anno
704 3592 892 3662 cyclus
923 3601 1044 3646 erat
1098 3595 1231 3649 solis
1279 3592 1560 3650 Romanus
1618 3611 1776 3660 χχιιι,
1805 3597 1986 3650 littera
2029 3595 2096 3666 G,

523 3685 865 3756 proindeque
901 3686 1082 3741 Martii
1107 3685 1243 3743 feria
1274 3703 1348 3758 vn,
1373 3695 1430 3744 et
1453 3689 1626 3743 Martii
1651 3705 1758 3744 xxv
1793 3689 2098 3754 Dominica,

519 3778 708 3848 cyclus
729 3777 872 3833 lunae
901 3778 1324 3848 Alexandrinus,
1352 3789 1406 3837 et
1431 3779 1712 3837 Romanus
1745 3781 1848 3837 fuit
1878 3800 1932 3848 v,
1966 3799 2099 3838 neo-

522 3869 702 3924 menia
735 3868 954 3925 Nictena
976 3871 1156 3924 Martii
1187 3888 1242 3926 ιχ
1270 3882 1325 3927 ει
1349 3887 1511 3936 χχιιι,
1545 3873 1674 3928 luna
1699 3889 1788 3929 xv.
1821 3873 1963 3945 Ergo
1991 3891 2102 3930 non

522 3958 844 4014 dubitarunt
879 3961 971 4014 illo
994 3975 1137 4014 anno
1168 3949 1484 4030 passionem
1512 3963 1804 4020 accidisse.
1838 3963 1911 4018 Ut
1938 3965 2105 4036 igitur

521 4050 844 4106 tricesimus
863 4051 954 4106 hic
973 4059 1026 4106 et
1047 4052 1265 4119 tertius,
1285 4055 1371 4108 vel
1393 4062 1621 4125 quartus
1642 4058 1816 4113 aetatis
1847 4069 1993 4114 esset
2015 4075 2105 4114 an-

525 4157 632 4196 nus
651 4142 875 4212 patienti
897 4143 1142 4210 Christo,
1166 4147 1572 4203 constituerunt
1588 4163 1733 4204 anno
1753 4153 1992 4221 computi
2013 4151 2108 4206 Pa-

530 4235 724 4289 nodori
761 4235 892 4290 5501
931 4237 1277 4290 incarnatum
1311 4253 1433 4294 esse
1463 4239 1776 4307 Christum;
1816 4257 1937 4296 teme
1991 4243 2108 4296 vul-

527 4329 672 4399 garis
688 4343 852 4390 nono,
869 4329 1080 4400 periodi
1095 4327 1326 4385 Julianze
1346 4329 1510 4386 4722.
1535 4330 1610 4386 De
1631 4347 1736 4402 qua
1759 4333 1978 4388 illorum
1997 4336 2108 4405 opi—

531 4419 711 4481 nione,
747 4426 802 4474 et
834 4421 1186 4490 chronologia
1219 4421 1284 4474 ad
1313 4419 1697 4491 Fragmentum
1725 4421 1943 4494 Georgii
1970 4421 2110 4496 Syn-

528 4509 650 4562 celli
663 4508 1030 4578 disputabitur
1043 4509 1217 4580 capite
1229 4511 1475 4581 sequenti
1485 4510 1642 4566 .Huic
1655 4512 1870 4567 illorum
1885 4516 2113 4586 castiga-

2173 860 2326 914 pare,
2357 845 2402 900 si
2437 845 2504 898 ad
2538 859 2712 900 annos
2738 845 2931 898 Adami
2975 845 3052 900 vel
3075 845 3262 899 mundi
3299 845 3582 914 respicias.
3603 845 3746 900 Tum

2177 937 2232 992 id
2259 943 2510 1004 constat;
2557 938 2788 992 multum
2823 938 2968 992 hunc
2993 938 3062 993 ab
3088 953 3196 992 aera
3239 938 3486 994 Africani
3518 954 3640 996 esse
3660 940 3747 996 di-

2177 1045 2417 1084 versum.
2435 1029 2710 1095 Quocirca
2725 1032 2872 1102 quod
2893 1031 2949 1086 in
2969 1031 3043 1087 IX
3061 1031 3140 1086 De
3163 1031 3406 1088 doctrina
3431 1043 3745 1103 temporum,

2177 1137 2299 1193 cap.
2325 1121 2390 1176 IV
2411 1123 2671 1188 diximus,
2701 1139 2768 1178 ex
2803 1125 2980 1198 tribus
3003 1125 3237 1194 vulgatis
3261 1125 3574 1183 Graecorum
3599 1145 3747 1184 com-

2179 1214 2347 1283 putis,
2383 1213 2723 1282 antiquitatis
2749 1215 2984 1284 palmam
3018 1216 3069 1270 ei
3101 1215 3310 1282 deberi,
3341 1218 3435 1289 qui
3469 1218 3536 1272 ad
3561 1217 3747 1272 Incar-

2182 1309 2454 1361 nationem
2487 1306 2692 1362 Christi
2735 1315 2988 1363 numerat
3035 1309 3317 1366 absolutos
3363 1325 3540 1368 annos
3583 1313 3748 1378 5500,

2180 1395 2290 1450 late
2325 1393 2380 1448 id
2413 1397 2792 1466 accipiendum
2823 1405 2938 1462 est;
2973 1405 3028 1452 et
3071 1397 3324 1464 καθόλου,
3381 1401 3428 1456 si
3480 1418 3750 1459 annorum

2181 1487 2562 1542 tantummodo
2619 1504 2834 1544 summa
2893 1497 3211 1562 spectetur,
3265 1493 3573 1562 cujusmodi
3627 1511 3750 1550 eam

2182 1575 2479 1632 Africanus
2512 1577 2770 1632 instituit.
2809 1575 2905 1632 Sin
2933 1593 3000 1634 eo
3027 1579 3192 1636 modo
3219 1582 3617 1648 consideretur,
3643 1601 3754 1655 quo

2185 1667 2253 1721 ab
2283 1667 2634 1738 computandi
2665 1668 2943 1738 magistris
2970 1673 3376 1732 accommodata
3417 1685 3604 1744 postea
3647 1685 3752 1738 est,

2187 1775 2310 1814 cum
2345 1776 2480 1816 usus
2528 1762 2770 1845 tnethodi
2815 1765 3088 1834 paschalis
3133 1765 3404 1838 implexa;
3443 1769 3630 1824 eadem
3673 1777 3757 1826 est

2188 1867 2312 1906 cum
2363 1853 2455 1907 illa
2487 1853 2796 1926 Panodori;
2839 1857 2936 1916 sed
2965 1859 3086 1930 ejus
3129 1869 3216 1916 est
3255 1861 3510 1919 tractatio
3537 1863 3759 1918 confor-

1613 1964 1628 2001 :
1677 1961 1914 2016 quorum
1951 1945 2086 2000 illud
2119 1916 2158 1971 Β
2191 1941 2468 2012 natioque
2499 1916 2787 2000 recentior.

2257 2117 2388 2174 Post
2423 2119 2570 2176 hunc
2595 2119 2864 2178 Panodori
2900 2136 3212 2196 computum
3237 2146 3542 2200 perperam,
3579 2141 3634 2188 et
3659 2134 3758 2188 ad-

2187 2223 2382 2265 versus
2422 2209 2843 2282 Evangeliorum
2879 2216 3037 2270 Iidem
3073 2233 3102 2271 a
3139 2217 3344 2278 Graecis
3369 2239 3430 2277 ea
3460 2240 3622 2293 quam
3661 2241 3759 2281 ex-

2189 2303 2372 2371 posui,
2403 2305 2614 2360 ratione
2643 2306 2997 2375 depravatum
3018 2349 3034 2373 ,
3080 2311 3219 2366 alter
3255 2316 3597 2385 excogitatus
3637 2325 3754 2383 est;

2189 2394 2282 2464 qui
2327 2393 2430 2450 hoc
2460 2397 2682 2452 excluso
2713 2399 2917 2468 priore,
2957 2401 3216 2472 pleraque
3263 2405 3316 2458 in
3363 2409 3510 2462 omni
3551 2407 3758 2464 Graecia

2189 2497 2243 2544 et
2269 2488 2491 2546 Oriente
2522 2492 2624 2546 hac
2658 2501 2818 2549 aetate
2843 2506 3094 2566 receptus
3127 2506 3232 2553 est.
3267 2500 3364 2554 Hic
3394 2500 3460 2555 ad
3491 2500 3760 2561 Panodori

2191 2583 2454 2650 epocham
2487 2583 2584 2653 τῆς
2613 2585 3076 2657 ὲνανθρωπήσεως
3109 2605 3282 2644 annos
3309 2590 3460 2646 addit
3487 2593 3756 2658 sedecim;

2193 2673 2257 2726 ad
2290 2675 2712 2731 Alexandrinam
2764 2677 2982 2733 Maximi
3030 2689 3086 2734 et
3135 2681 3348 2752 Georgii
3399 2699 3570 2738 annos
3609 2685 3760 2740 addit

2192 2772 2339 2828 octo,
2389 2767 2434 2820 si
2467 2767 2788 2838 simplicem
2838 2786 3108 2826 annorum
3159 2791 3442 2830 numerum
3483 2777 3756 2834 advertas.

2191 2854 2350 2920 Nam,
2387 2859 2434 2914 si
2485 2875 2664 2916 annus
2713 2862 2829 2931 ipse
2869 2871 3168 2934 spectet-ur,
3211 2875 3334 2922 octo
3389 2869 3516 2932 illis,
3559 2872 3759 2940 quibus

2193 2946 2618 3005 Alexandrinum
2663 2963 2980 3023 computum
3027 2971 3287 3026 superare
3325 2959 3560 3024 videtur,
3603 2961 3761 3017 annis

2194 3053 2260 3092 eo
2293 3037 2469 3092 minor
2495 3047 2580 3094 est
2616 3059 2629 3094 :
2664 3040 2768 3097 hoc
2797 3051 2881 3098 est
2913 3041 3342 3102 incarnationem
3387 3049 3589 3105 Christi
3633 3053 3762 3106 toti-

2196 3131 2316 3184 dem
2349 3133 2508 3187 annis
2537 3134 2830 3203 anticipat;
2855 3143 2910 3190 et
2940 3151 3064 3190 cum
3095 3140 3300 3207 epocha
3334 3139 3603 3200 Panodori
3629 3159 3762 3198 con-

2197 3220 2364 3276 venit.
2389 3223 2549 3275 Anno
2579 3223 2760 3294 itaque
2788 3225 2977 3280 mundi
3005 3226 3144 3282 5509
3179 3228 3383 3284 Christi
3413 3231 3764 3304 ὲνανθρὼπη-

2201 3329 2283 3364 σιν
2309 3320 2598 3384 ortumque
2627 3313 2836 3370 tribuit.
2865 3315 3038 3387 Cujus
3063 3319 3282 3388 quidem
3311 3321 3629 3378 instituendi
3653 3334 3763 3380 tres

2201 3403 2424 3458 omnino
2455 3419 2650 3461 causas
2683 3406 2960 3464 exstitisse
2995 3424 3317 3478 persuasum
3351 3411 3546 3468 habeo.
3583 3413 3774 3470 Prima.

2201 3497 2324 3562 fuit,
2359 3505 2419 3553 ut
2463 3500 2619 3556 annis
2665 3517 2762 3572 per
2807 3502 2872 3556 I5
2903 3503 3146 3570 tributis,
3187 3505 3322 3561 citra
3365 3507 3592 3568 unitatis
3621 3507 3768 3577 adje-

2201 3592 2459 3656 ctionem,
2509 3593 2802 3648 haberetur
2844 3595 3092 3652 indictio.
3145 3596 3346 3656 Divisis
3372 3601 3512 3657 5509
3548 3619 3643 3674 per
3678 3604 3766 3670 15,

2202 3685 2530 3754 relinquitur
2587 3685 2814 3742 indictio
2859 3686 2948 3754 IV,
2991 3690 3168 3759 qualis
3223 3706 3365 3746 anno
3421 3694 3600 3762 primo
3648 3710 3770 3750 terte

2203 3773 2525 3828 Christianae
2551 3774 2653 3828 fuit
2674 3795 2686 3829 :
2704 3791 2864 3846 quem
2889 3778 3256 3835 Incarnationi
3284 3781 3557 3837 dicarunt.
3585 3783 3786 3840 Altera-

2205 3864 2309 3918 τήν.
2334 3867 2472 3936 cycli
2508 3863 2718 3922 Judaici
2755 3871 3141 3936 commoditas,
3177 3889 3336 3942 quem
3373 3883 3428 3930 et
3455 3873 3790 3933 Victorinus.

2206 3972 2270 4010 ac
2313 3957 2492 4012 Latini
2543 3966 2596 4013 et
2645 3958 3024 4018 Occidentales
3078 3963 3324 4034 plerique
3384 3967 3558 4021 secuti
3623 3977 3770 4024 sunt.

2206 4049 2529 4121 Quanquam
2573 4052 2708 4106 nihil
2758 4062 2956 4124 praeter
3017 4057 3291 4125 cyclorum
3345 4059 3430 4113 vel
3484 4073 3776 4115 aureorum

2208 4157 2558 4197 umerorum
2591 4143 2838 4199 ordinem
2877 4145 3216 4214 expressisse
3242 4145 3462 4202 Grmcos
3485 4148 3772 4215 existimo;

2206 4249 2310 4289 nec
2339 4233 2394 4288 in
2429 4233 2754 4290 celebrando
2799 4234 3065 4292 Paschate
3107 4237 3174 4290 ad
3207 4253 3303 4294 eos
3345 4254 3560 4295 errores
3591 4239 3776 4294 adhae-

2209 4327 2370 4392 sisse,
2401 4341 2540 4396 quos
2568 4328 2624 4380 in
2655 4325 2922 4382 Victorini
2955 4343 3020 4383 ac
3053 4329 3370 4384 Latinorum
3403 4342 3604 4388 sectam
3635 4349 3776 4403 pra:-

2209 4425 2429 4487 postera
2470 4416 2780 4473 Iudaeorum
2818 4419 3050 4476 imitatio
3080 4419 3398 4476 transfudit.
3439 4423 3636 4493 Cyclus
3673 4421 3778 4476 Ju-

2211 4510 2400 4566 daicus
2425 4525 2488 4566 ac
2504 4509 2730 4568 Latinus
2743 4513 2811 4567 ab
2825 4513 3190 4568 Alexandrino
3203 4522 3255 4569 et
3269 4513 3517 4570 Romano
3539 4517 3782 4570 ternario

529 4601 664 4655 tioni
687 4601 970 4671 sull‘ragari
992 4611 1252 4672 praeterea
1268 4611 1425 4660 vetus
1443 4605 1532 4658 illa
1552 4605 1773 4659 traditio
1791 4605 2104 4672 videbatur,
2139 4623 2182 4678 Ι)
2211 4599 2506 4670 discrepat,
2539 4607 2600 4654 ut
2631 4602 2724 4672 qui
2761 4601 2972 4672 primus
2999 4609 3083 4657 est
3119 4601 3512 4668 Romanorum,
3559 4603 3780 4657 Latino-

529 4707 672 4748 anno
695 4693 882 4747 mundi
903 4695 1035 4750 550l
1071 4695 1418 4750 iucarnatum
1444 4711 1568 4752 esse
1595 4697 1874 4753 Christum
1895 4739 1910 4763 ,
1942 4713 2106 4768 quam

529 4785 824 4843 Africanus
848 4789 1175 4843 auctoritate
1198 4803 1298 4844 sua
1320 4791 1750 4849 commendarat.
1779 4792 1856 4848 Ita
1879 4809 2108 4864 prorsus

534 4877 928 4934 admirabiliter
956 4880 1204 4950 contigit,
1250 4886 1310 4933 ut
1350 4879 1419 4935 ad
1451 4895 1616 4936 atram
1645 4883 1930 4951 pristinam
1955 4899 2112 4953 spre-

531 4966 606 5023 tis
635 4966 910 5023 Panodori
941 4970 1166 5025 calculis
1197 4969 1479 5038 redirent;
1514 4979 1628 5036 aut,
1677 4979 1735 5025 ut
1773 4971 2010 5041 priorem
2045 4973 2111 5026 il-

533 5060 648 5113 lum
680 5069 995 5130 computum
1044 5069 1362 5118 constanter
1387 5062 1646 5118 Ecclesiae
1673 5063 1887 5134 aliquae,
1921 5065 2112 5118 civita-

535 5161 730 5224 tesque
763 5153 1122 5222 retinuerint;
1155 5154 1417 5225 deinceps
1449 5155 1600 5210 nulla
1631 5157 1686 5210 in
1711 5171 1777 5211 eo
1809 5157 2112 5212 mutatione

541 5243 705 5308 facta,
753 5243 992 5315 epochas
1041 5245 1440 5300 Incarnationis
1484 5261 1548 5300 ac
1587 5246 1868 5303 Passionis
1907 5247 2112 5302 Christi

541 5337 917 5392 tantummodo
979 5336 1367 5392 sollicitarunt.
1418 5335 1620 5392 Verum
1673 5353 1774 5393 nec
1841 5339 1896 5392 in
1953 5338 2113 5393 annis

543 5430 727 5482 mundi
755 5443 880 5483 cum
901 5428 1160 5482 Africano
1179 5471 1196 5496 ,
1227 5443 1329 5484 nec
1350 5429 1406 5483 in
1427 5429 1584 5484 annis
1604 5427 1810 5484 Christi
1833 5427 2112 5498 putandis,

543 5537 666 5576 cum
713 5519 1003 5576 Panodoro
1050 5522 1488 5578 consentiebant.
1541 5520 1758 5576 Etenim
1800 5535 1977 5577 annus
2025 5521 2116 5576 ille

544 5629 666 5668 reme
691 5613 1018 5669 Christianae
1047 5629 1228 5668 nonus
1269 5613 1338 5668 ab
1367 5613 1630 5668 Africano
1671 5623 1990 5667 numeratus
2031 5618 2116 5666 est

545 5707 733 5761 mundi
761 5707 894 5762 5511
921 5725 936 5774 ;
966 5705 1172 5762 Christi
1202 5703 1561 5763 undecimus:
1604 5721 1636 5760 a
1675 5705 1964 5760 Panodoro
1988 5719 2117 5758 vero

547 5797 732 5852 mundi
766 5797 926 5857 550i.
953 5796 1158 5853 Christi
1195 5811 1392 5852 nonus.
1433 5795 1503 5850 At
1543 5797 1620 5850 illi
1661 5795 1872 5858 mundi,
1913 5804 1970 5848 ut
2011 5791 2116 5847 Pa-

553 5890 814 5955 nodorus,
861 5889 1034 5954 5501,
1075 5889 1280 5946 Christi
1313 5905 1442 5945 vero
1489 5879 1724 5955 primum
1779 5888 2114 5942 censebant:

2211 4709 2334 4748 rum
2365 4695 2436 4749 sit
2479 4709 2647 4760 xvtu;
2680 4693 2772 4764 qui
2803 4694 3018 4747 illorum
3052 4694 3287 4758 tertius,
3313 4693 3510 4748 horum
3553 4697 3624 4750 sit
3663 4712 3778 4759 χιχ,

2211 4791 2271 4838 ιιι
2299 4783 2395 4838 lib.
2429 4781 2499 4837 VI
2526 4782 2604 4836 De
2631 4783 2874 4836 doctrina
2902 4791 3192 4851 temporum
3238 4783 3489 4854 pluribus
3525 4787 3784 4855 exposui-

2211 4889 2366 4942 mus;
2401 4874 2700 4945 praesertim
2737 4874 2914 4944 capite
2950 4871 3016 4939 V,
3065 4873 3158 4928 ubi
3203 4876 3448 4930 numeris
3495 4875 3780 4928 amborum

2213 4963 2396 5020 aureis
2415 4963 2726 5018 Kalendarii
2751 4961 2984 5018 Romani
3009 4962 3128 5018 dies
3145 4963 3402 5032 utrinque
3433 4963 3778 5034 stipavimus.

2213 5055 2296 5110 lbi
2319 5055 2386 5108 ad
2415 5053 2686 5108 Kalendas
2699 5051 2993 5108 Januarias
3024 5051 3303 5108 Romanus
3327 5067 3588 5108 numerus
3615 5053 3784 5107 ascri—

2215 5155 2340 5218 ptus
2383 5155 2468 5202 est
2508 5159 2594 5210 ιιι,
2647 5145 2968 5201 Latinorum
3019 5161 3134 5202 xIx.
3182 5145 3464 5216 Ejusmodi
3503 5146 3782 5217 cyclorum

2215 5239 2356 5292 ratio
2399 5238 2456 5292 in
2497 5247 2774 5308 postremo
2803 5238 2898 5292 illo
2929 5245 3184 5307 computo
3213 5238 3394 5292 locum
3429 5237 3610 5292 habet.
3645 5235 3783 5291 Nam

2215 5329 2408 5385 divisis
2433 5329 2572 5385 5509
2593 5345 2688 5400 per
2711 5330 2800 5396 19,
2827 5335 3033 5384 restant
3055 5328 3142 5390 18,
3169 5329 3260 5398 qui
3281 5326 3544 5382 Judaicus
3573 5327 3782 5397 cyclus.

2215 5429 2270 5476 et
2297 5419 2522 5476 Latinus
2553 5429 2672 5476 erat
2702 5435 2844 5474 anno
2867 5417 3292 5480 Incarnationis,
3329 5416 3444 5471 sive
3475 5414 3786 5474 communis

2215 5527 2337 5566 atrae
2365 5511 2540 5582 primo
2568 5530 2580 5565 :
2613 5511 2682 5565 ad
2714 5525 2874 5580 quem
2921 5511 3100 5566 tribus
3137 5507 3386 5576 adjectis,
3429 5505 3659 5561 eIIicitur
3683 5519 3782 5558 au-

2217 5619 2346 5662 reus
2379 5619 2640 5659 numerus
2667 5601 3160 5658 Alexandrinorum
3191 5601 3248 5664 2,
3283 5601 3378 5670 qui
3410 5597 3662 5655 eumdem
3691 5611 3790 5650 an-

2219 5711 2348 5750 num
2381 5704 2631 5766 occupat.
2669 5693 2759 5750 Sic
2791 5709 2936 5750 anno
2967 5693 3171 5748 Christi
3211 5693 3350 5746 1575
3378 5705 3576 5744 ιιιιτειιε
3603 5701 3790 5742 mune-

2218 5803 2314 5842 rus
2361 5787 2763 5844 Alexandrinus
2811 5797 2928 5840 erat
2971 5801 3046 5838 v1.
3095 5783 3252 5838 Ilunc
3311 5797 3514 5836 annum
3567 5779 3804 5834 Isaacns.

2220 5891 2468 5936 numerat
2498 5879 2654 5934 istius
2683 5893 2803 5930 mra!
2835 5877 3004 5932 088i:
3037 5891 3145 5933 ouo
3185 5889 3414 5928 numero
3443 5888 3538 5926 ner
3569 5869 3634 5923 I9
3667 5883 3794 5922 nar-
