4124 6432
351 383 490 441 1409

1337 380 1788 436 DISSERTATIO
1829 379 1916 433 DE
1955 379 2363 438 GRAECORUM
2402 381 2606 437 [ERlSt

3461 390 3603 445 H10

360 499 484 564 tito,
514 505 811 568 supersunt
844 499 896 552 5.
927 495 1161 552 Proinde
1196 495 1456 555 Judaicus
1488 498 1591 552 iste
1619 497 1802 566 cyclus
1825 495 1926 550 fuit
1952 531 2000 584 Α
2026 494 2152 550 Ηειιο
2173 498 2356 551 omnia
2377 499 2657 554 consecuti
2688 504 2816 552 sunt
2842 497 3041 554 additis
3065 499 3130 553 ad
3157 497 3424 554 Panodori
3452 517 3604 557 sum-

351 590 481 645 anni
514 591 678 655 1375;
708 591 980 660 duplicem
1011 589 1078 642 ad
1113 590 1255 643 hanc
1280 604 1503 643 causam
1539 598 1816 658 postrema
1841 589 1920 641 in-

351 697 516 751 super
544 682 799 736 accedere
829 685 1022 751 potuit,
1068 689 1127 735 ut
1157 697 1275 735 eam
1307 681 1484 734 labem
1518 683 1916 750 abstergerent,

350 789 458 844 qua
489 771 761 826 Panodori
796 781 1111 843 computum
1165 773 1498 842 posteriores
1551 773 1646 826 illo
1684 772 1924 826 artiﬁces

351 864 690 930 infecerant;
724 873 776 918 et
806 864 1079 934 ingentem
1113 864 1260 918 hunc
1293 864 1776 918 anachronismum
1823 865 1927 918 tol-

353 955 526 1009 lerent
547 997 562 1021 ,
599 971 708 1025 quo
741 956 1044 1025 baptismus
1089 965 1144 1011 et
1188 957 1372 1026 passio
1401 955 1632 1020 Christi,
1664 957 1806 1009 ultra
1836 954 1930 1008 Ti-

354 1045 491 1100 berii
513 1047 741 1114 obitum,
765 1047 822 1100 in
843 1046 961 1102 Caii
981 1054 1036 1101 et
1062 1045 1280 1102 Claudii
1301 1055 1549 1117 tempora
1579 1046 1925 1101 diffunditur.

2023 604 2170 641 mam
2220 589 2480 644 sedecim.
2541 590 2734 646 Annus
2786 589 3190 646 lncarnationis
3242 609 3271 646 a
3320 591 3606 648 Panodoro

2025 679 2245 734 habitus
2285 690 2368 734 est
2398 680 2588 734 mundi
2617 681 2797 748 5495;
2835 698 2945 752 quo
2979 698 3076 752 per
3109 683 3173 737 19
3209 683 3440 747 tributo,
3471 688 3608 738 resi-

2026 770 2170 825 duus
2206 780 2290 824 est
2318 773 2504 841 cyclus
2541 773 2681 826 lunae
2714 789 2805 837 xi;
2837 789 2934 843 per
2967 774 3031 826 15
3066 781 3248 827 autem
3281 773 3492 828 divisus
3521 791 3610 829 re~

2029 863 2230 932 linquit
2258 877 2320 916 ιιι
2353 880 2367 916 :
2400 863 2628 933 adjectis
2673 864 2740 918 16
2783 865 2851 919 ad
2898 865 3058 930 5495,
3105 881 3430 935 summaque
3468 867 3610 921 5509

2032 971 2130 1026 per
2162 956 2351 1010 ambos
2380 958 2566 1026 cyclos
2593 955 2880 1020 distracta,
2917 956 2976 1010 ﬁt
3005 956 3235 1010 indictio
3268 972 3343 1023 ιν,
3376 973 3501 1012 cum
3526 959 3612 1012 lu-

2029 1047 2151 1100 nari
2181 1047 2336 1117 cyclo
2362 1062 2516 1112 xvm,
2545 1046 2692 1118 quod
2716 1056 2833 1102 erat
2862 1048 3228 1118 propositum.

1764 1199 1993 1254 CAPUT
2039 1200 2128 1255 1V.

355 1321 734 1392 Fragmentum
767 1319 1092 1389 Theophanis
1121 1321 1327 1391 insigne
1361 1319 1428 1372 ad
1473 1317 1779 1373 Graacorum
1808 1329 2173 1387 computorum
2205 1319 2464 1374 rationem
2497 1321 2900 1389 explicandam;
2936 1322 3004 1375 ad
3036 1323 3190 1394 idque
3221 1323 3380 1380 Nam
3427 1325 3608 1380 eodem

1806 1395 2120 1459 pertinentes
2131 1431 2142 1444 .

426 1508 546 1561 Ὀτι
573 1506 674 1577 μὲν
702 1506 886 1577 ,εφλαζ
909 1509 1026 1577 οὐχὶ
1050 1507 1105 1560 δὲ
1131 1508 1292 1578 ,εφλτ
1311 1510 1339 1561 ὁ
1375 1509 1697 1582 Ἀφρικανὸς
1725 1509 1917 1577 λέγων,

352 1599 444 1652 δύο
474 1599 762 1668 σφάλλεται
793 1599 909 1670 ἔτη,
939 1599 1079 1652 κατά
1098 1601 1197 1670 τὴν
1221 1600 1422 1672 ἀψευδῆ
1449 1601 1556 1654 τῶν
1577 1601 1921 1670 Εὑαγγελίων

353 1693 645 1761 ὑφήγησιν·
677 1695 694 1723 ⁸
725 1691 988 1762 πρόδηλον
1023 1691 1152 1760 γὰρ,
1182 1693 1264 1745 ὅτι
1296 1691 1374 1762 τῷ
1412 1691 1454 1745 λ’
1489 1693 1598 1745 ἔτει
1635 1693 1920 1764 ἀρχομένῳ

354 1802 480 1849 που,
524 1785 557 1855 ἢ
611 1783 790 1854 μικρῷ
823 1785 980 1856 πρὸς,
1025 1783 1059 1856 ἢ
1105 1785 1344 1849 ἔλαττον,
1390 1785 1478 1839 διὰ
1518 1786 1579 1838 τὸ
1610 1787 1917 1858 εἰρημένον,

2099 1508 2254 1575 Quod
2308 1509 2602 1565 Africanus
2654 1527 2830 1567 annos
2894 1512 2986 1584 (ad
3031 1513 3232 1569 Christi
3283 1517 3606 1586 passionem)

2026 1606 2351 1670 computans
2392 1599 2553 1664 5551,
2591 1615 2702 1655 ιιοιι
2735 1601 2898 1665 5555,
2934 1610 2994 1656 ιιι
3027 1605 3244 1659 sincera
3279 1605 3606 1676 Evangelia-

2025 1705 2148 1744 rum
2178 1691 2422 1746 narratio
2451 1692 2719 1756 continet,
2755 1694 2971 1749 duobus
3009 1696 3172 1751 annis
3217 1696 3446 1752 fallitur.
3496 1698 3610 1752 Ma-

2025 1781 2286 1836 nifestum
2320 1789 2404 1837 cst
2439 1783 2612 1837 enim.
2634 1799 2782 1838 anno
2821 1784 3103 1841 Christum
3140 1789 3604 1852 aetatisjneunte,

366 1876 595 1943 Ἰησοῦς
618 1875 686 1929 δὲ
715 1873 794 1946 ἦν
817 1877 960 1930 ὡσεί
984 1876 1135 1930 ἐτῶν
1156 1881 1230 1941 .1',
1247 1878 1397 1948 παρὰ
1417 1877 1494 1948 τῷ
1519 1879 1738 1949 μεγάλῳ
1764 1880 1919 1947 εὐαγ-

2023 1874 2126 1929 hoc
2157 1883 2241 1929 est
2272 1876 2436 1946 paulo
2481 1876 2604 1945 plus
2641 1877 2913 1941 minusve,
2951 1879 3253 1942 tricesimo,
3298 1884 3603 1936 secundum

353 1966 570 2037 γελιστῇ
610 1968 811 2038 Λουκᾷ,
852 1967 1172 2039 ἐϐαπτίσθη,
1206 1969 1298 2021 καὶ
1326 1968 1562 2035 ἐδίδαξεν
1604 1969 1698 2021 καὶ
1730 1969 1921 2040 ἐθερά-

355 2074 522 2111 πευσε
567 2059 744 2112 πᾶσαν
789 2059 962 2121 νόσον,
1000 2059 1091 2112 καὶ
1132 2061 1309 2112 πᾶσαν
1345 2059 1616 2130 μαλακίαν
1662 2061 1756 2113 ἐπὶ
1797 2059 1924 2132 τρία

307 2196 310 2198 .
353 2148 469 2218 ἔτη·
515 2148 590 2210 ὡς
633 2146 770 2201 εἶναι
809 2149 900 2202 τὸν
937 2149 1044 2203 ἀπὸ
1085 2149 1185 2219 τῆς
1224 2148 1372 2213 θείας
1407 2149 1719 2222 συλλήψεως
1759 2151 1922 2204 αὑτοῦ

350 2242 542 2311 χρόνον
587 2241 890 2312 ἀρξάμενον
930 2241 1008 2312 τῷ
1039 2241 1205 2312 ,εφλα’
1229 2246 1248 2274 ²
1288 2243 1395 2296 ἔτει
1441 2243 1534 2296 τοῦ
1580 2245 1808 2316 κόσμου,
1855 2248 1921 2316 τῇ

352 2330 542 2402 πρώτῃ
567 2332 658 2384 τοῦ
693 2332 1098 2402 πρωτοκτίστου
1139 2333 1306 2403 μηνὸς
1334 2333 1527 2399 Νισάν,
1564 2334 1795 2406 Μαρτίῳ
1823 2335 1920 2400 κε’,

354 2423 516 2493 μέχρι
560 2424 658 2494 τῆς
707 2423 968 2488 ζωοποιοῦ
1022 2425 1367 2488 ἀναστάσεως
1419 2425 1560 2479 κατά
1605 2425 1704 2496 τὴν
1752 2427 1924 2497 αὐτὴν

353 2514 738 2582 συμπεσοῦσαν
778 2515 994 2586 ἡμέραν
1041 2515 1121 2568 κε’
1165 2517 1433 2588 Μαρτίου,
1484 2516 1621 2570 ἐτῶν
1673 2517 1775 2585 λγθ,
1829 2519 1924 2572 καὶ

349 2607 564 2677 ἡμέρας
606 2609 733 2677 μιᾶς
764 2608 841 2678 τῷ
871 2607 1027 2679 δειρλό
1061 2609 1170 2661 ἔτει
1201 2609 1486 2680 ἀρξαμένη
1509 2609 1530 2640 ³
1549 2626 1563 2640 ·
1602 2610 1696 2678 ἀφ’
1726 2605 1794 2681 ἧς
1831 2611 1922 2662 ἐπὶ

349 2699 450 2765 τὴν
479 2701 557 2763 είς
587 2700 845 2768 οὐρανοὺς
873 2701 1008 2771 μετά
1039 2699 1286 2770 σώματος
1318 2701 1594 2772 θεοπρεπῆ
1625 2700 1772 2754 θείαν
1794 2701 1922 2754 ἀνά·-

345 2788 512 2858 ςληψιν
538 2791 740 2862 ἡμέραι
773 2790 844 2860 μ’.
885 2792 949 2843 Ei
987 2790 1043 2843 δέ
1079 2807 1164 2854 τις
1202 2792 1422 2844 ἀπιστεῖ
1455 2795 1568 2854 τοῖς
1613 2791 1922 2863 λεγομένοις
1959 2790 1963 2793 ’

350 2882 484 2955 περὶ
510 2881 674 2951 αὐτῆς
705 2881 966 2951 πολλαχοῦ
991 2881 1309 2954 λεγομένης,
1337 2885 1418 2936 ὅτι
1448 2885 1505 2936 ἐν
1538 2884 1672 2955 αὐτῇ
1703 2885 1793 2936 τὸν
1828 2883 1921 2936 θά-

349 2953 510 3026 νατον
550 2975 796 3044 πατήσας
825 2977 853 3027 ὁ
882 2973 1084 3044 Κύριος
1123 2953 1278 3046 ἡμῶν
1315 2953 1702 3046 πρωτοκτίστω
1738 2977 1919 3047 ἡμέρᾳ

349 3063 499 3134 ζωὴν
530 3067 660 3135 ἡμῖν
696 3067 760 3118 ὲκ
787 3066 993 3137 νεκρῶν
1023 3067 1291 3135 ὲπήγασε·
1318 3066 1586 3119 σκοπείτω
1613 3069 1690 3130 είς
1719 3068 1816 3139 τὴν
1852 3067 1918 3120 ια’

348 3156 592 3227 περίοδον
627 3157 734 3210 τῶν
775 3157 894 3228 (ρλβ’
924 3157 1196 3212 κυκλικῶν
1223 3159 1378 3221 ὲτῶν,
1415 3159 1554 3212 κατά
1589 3161 1650 3212 τὸ
1679 3166 1778 3228 σιγ¹
1799 3160 1916 3224 έτος

345 3249 450 3320 τῆς
503 3249 669 3321 αὐτῆς
714 3250 980 3321 περιόδου,
1034 3248 1136 3322 τὴν
1183 3250 1777 3322 τεσσαρεσκαιδεκάτην
1824 3249 1917 3303 τοῦ

347 3345 481 3413 παρ’
528 3343 795 3414 Ἑϐραίοις
835 3343 1047 3413 Πάσχα,
1092 3345 1186 3397 καὶ
1217 3344 1507 3415 εὑρήσεις⁸
1537 3344 1677 3396 κατὰ
1709 3344 1806 3414 τὴν
1835 3349 1920 3412 κγ’

343 3436 442 3487 τοῦ
466 3435 631 3488 αὑτοῦ
662 3435 908 3508 Μαρτίου
943 3436 1128 3507 μηνὸς,
1154 3438 1210 3490 ὲν
1233 3437 1416 3508 ἡμέρα
1444 3440 1758 3508 παρασκευῇ
1788 3453 1918 3489 κατ-

345 3526 594 3579 αντῶσαν
625 3526 717 3579 ἐπὶ
755 3527 816 3580 τὸ
842 3530 1105 3599 σωτήριον
1140 3529 1330 3593 πάθος,
1360 3528 1388 3580 ὃ
1419 3530 1558 3599 ὑπὲρ
1580 3528 1736 3600 ήμῶν
1763 3514 1920 3581 ἐκου-

349 3621 481 3683 σίως
519 3620 744 3692 ὑπέστη·
773 3621 865 3674 καὶ
887 3621 1077 3689 ταφεὶς
1105 3621 1210 3674 ὑπὸ
1253 3622 1448 3693 Ἰωσὴφ
1476 3621 1570 3674 τοῦ
1599 3622 1657 3688 ἐξ
1693 3622 1920 3693 Ἀριμα-

348 3712 516 3776 θείας,
551 3713 644 3764 καὶ
686 3711 1019 3782 Νικοδήμου,
1066 3713 1262 3783 ἀνέστη
1309 3716 1373 3784 τῇ
1422 3713 1560 3782 μετά
1603 3713 1704 3782 τὴν
1749 3712 1919 3782 αὐτὴν

345 3806 702 3877 παρασκευὴν
731 3804 1115 3876 ἐπιφωσκούσῃ
1152 3805 1525 3877 τρίτῃήμέρᾳ,
1568 3808 1665 3876 μιᾷ
1702 3805 1916 3859 Σαϐϐά-

343 3915 474 3959 των,
519 3897 710 3968 πρώτῃ
748 3897 805 3950 δὲ
846 3895 941 3949 τοῦ
989 3897 1116 3969 παρ’
1158 3896 1428 3968 Ἑϐραίοις
1478 3898 1650 3951 Νισὰν
1701 3898 1917 3967 πρώτου

343 3987 537 4058 μηνός⁸
569 3988 689 4058 ἥτις
713 3987 800 4041 ἀεὶ
825 3990 890 4058 τῇ
917 3993 994 4040 κε’
1026 3987 1118 4041 τοῦ
1151 3989 1394 4059 Μαρτίου
1425 3988 1592 4062 μηνὸς
1627 3988 1724 4060 μία
1759 3990 1852 4043 καὶ
1879 3991 1912 4060 ή

343 4083 481 4154 αὐτή
515 4083 681 4134 ἐστιν.

429 4262 486 4315 '0
523 4261 620 4332 μὲν
649 4257 740 4316 οὖν
785 4264 1128 4336 Ἀφρικανὸς,
1164 4263 1466 4336 συμφώνως
1489 4267 1554 4337 τῇ
1584 4265 1912 4340 ἁποστολικῇ

343 4352 637 4421 παραδόσει
669 4352 746 4423 τῷ
777 4352 909 4422 ,εφα’
931 4354 1041 4407 ἔτει
1061 4357 1157 4427 τὴν
1180 4355 1328 4408 θείαν
1360 4356 1756 4428 χρονολογήσας
1783 4357 1915 4427 σάρ-

342 4462 534 4507 κωσιν,
576 4445 702 4516 περὶ
742 4445 803 4498 τὸ
843 4446 1012 4511 πάθος
1042 4449 1135 4502 καὶ
1167 4449 1264 4520 τὴν
1313 4449 1575 4518 σωτήριον
1619 4448 1914 4502 ἀνάστασιν

340 4538 493 4591 δυσὶν
515 4537 660 4591 ἔτεσι
687 4538 972 4610 διήμαρτε,
1006 4540 1148 4593 κατά
1170 4541 1230 4593 τὸ
1251 4540 1410 4612 ,εφλω
1433 4539 1551 4603 ἔτος
1577 4539 1673 4592 τοῦ
1703 4539 1910 4630 κάσμου
1944 4576 1986 4630 Ι)

340 4627 544 4698 ταύτην
579 4626 914 4696 συναγαγών·
950 4628 1204 4692 Εὐσέϐιος
1231 4629 1287 4682 δὲ
1319 4631 1347 4681 ὁ
1387 4627 1672 4698 Παμφίλου
1703 4626 1772 4680 τὰ
1806 4628 1912 4680 ἀπὸ

355 4719 525 4789 Ἀδὰμ
555 4719 660 4782 ἓως
695 4717 944 4788 Ἀϐραὰμ
975 4719 1261 4788 γενέσεως,
1293 4721 1328 4792 ἢ
1363 4719 1504 4774 κατὰ
1535 4719 1662 4784 τοὺς
1685 4720 1912 4791 χρόνους

339 4811 506 4864 Νίνου
532 4812 627 4865 καὶ
650 4814 1004 4886 Σεμιράμεως
1022 4811 1130 4865 τῶν
1160 4813 1459 4885 Ἀσσυρίων
1484 4813 1744 4884 βασιλέων
1771 4813 1914 4885 ὡμο-

339 4900 600 4972 λόγηται,
656 4906 934 4975 συντεμὼν
980 4904 1074 4976 ἔτη
1126 4911 1302 4976 ιγρπα¹
1338 4906 1359 4937 ⁸
1408 4905 1781 4976 ὲστοιχείωσε,
1831 4904 1910 4976 τῷ

353 4993 624 5066 Ἐὁραῖκῷ
664 4994 1109 5068 ὲξακολουθήσας,
1151 4997 1247 5050 καὶ
1281 4996 1373 5050 τὸν
1408 4997 1659 5069 δεύτερον
1700 4999 1909 5050 Καϊνᾶν

338 5086 434 5157 ἐτη
469 5087 543 5157 ρλ⁹
576 5086 813 5157 ζήσαντα
843 5088 947 5160 πρὸ
973 5090 1072 5159 τῆς
1094 5087 1403 5152 τεκνώσεως
1433 5090 1507 5160 μὴ
1541 5089 1906 5162 στοιχειώσας·

335 5173 400 5234 οὗ
425 5181 454 5232 ὁ
478 5179 618 5244 θεῖος
647 5180 1031 5252 εὐαγγελιστὴς
1059 5183 1271 5245 Λουκᾶς
1298 5181 1568 5252 μέμνηται
1599 5185 1658 5238 ὲν
1685 5187 1750 5255 τῇ
1790 5187 1908 5237 κατ’

335 5271 500 5327 αὐτὸν
533 5272 868 5343 γενεαλογίᾳ·
913 5273 987 5335 ὡς
1030 5273 1125 5326 καὶ
1173 5271 1405 5342 ἀλλαχοῦ
1449 5271 1716 5328 λέλεκται.
1747 5275 1820 5328 Τὸ
1851 5275 1910 5328 δὲ

338 5363 463 5416 καθ’
491 5365 636 5434 ἡμᾶς
659 5345 816 5417 τοῦτο
846 5364 1236 5434 χρονογράφιον
1271 5362 1378 5416 ἀπὺ
1418 5362 1588 5433 ’Δδάμ
1623 5365 1728 5426 ἕως
1755 5365 1908 5431 γενέο

338 5471 477 5516 ςεως
511 5455 758 5527 Ἀϐραὰμ
781 5454 874 5526 ἔτη
903 5455 1031 5525 ,γλβ’
1055 5457 1074 5487 ⁸
1097 5453 1338 5525 περιέχει
1370 5453 1674 5524 συμφώνως
1698 5457 1764 5525 τῇ
1788 5453 1908 5526 θεία

336 5548 616 5609 Μωῦσέως
647 5550 830 5617 γραφῇ
877 5547 968 5600 καὶ
1002 5549 1120 5611 ταῖς
1147 5548 1358 5615 γενεαῖς
1386 5545 1480 5598 τοῦ
1515 5545 1656 5598 κατὰ
1695 5547 1908 5599 Λουκᾶν

335 5640 690 5708 Εὐαγγελίου.
727 5642 836 5692 Καὶ
870 5639 976 5692 ἀπὸ
1017 5641 1115 5710 τῆς
1158 5637 1460 5708 γεννήσεως
1508 5638 1758 5709 ’Λϐραάμ
1803 5624 1908 5702 ἕως

413 5795 438 5830 ⁸
459 5796 503 5867 Ι.
536 5795 806 5869 ὑφήγησιν
835 5798 1110 5871 πρόδηλον.
1142 5798 1282 5852 Ὅτι.
1360 5797 1382 5830 ³
1408 5813 1517 5853 cor.
1543 5811 1693 5867 ,erpa.
1783 5795 1804 5827 ³
1839 5797 1879 5865 f.
1914 5819 1919 5848 ι

2026 5796 2245 5867 αμένης.
2321 5796 2344 5828 ⁸
2379 5779 2694 5869 Ῑ.ἐὺρήσει.
2785 5800 2806 5832 ⁵
2913 5796 3105 5867 ,γρπῶ

2022 1967 2112 2020 illa
2137 1966 2298 2022 Lucae
2323 1968 2668 2038 evangelista:
2690 1970 2855 2024 verba
2887 1985 3012 2040 cap.
3045 1971 3132 2038 lll,
3172 1972 3244 2026 23
3273 1990 3285 2025 :
3315 1971 3474 2026 Jesus
3513 1989 3608 2028 an-

2023 2069 2125 2114 tem
2160 2070 2274 2115 erat
2312 2063 2467 2132 quasi
2503 2048 2762 2116 annorum
2797 2065 3040 2134 triginta,
3083 2066 3422 2136 baptizatum
3455 2083 3602 2132 esse,

2022 2167 2086 2205 ac
2128 2152 2414 2219 docuisse;
2448 2161 2503 2208 et
2535 2142 2758 2209 morbos
2797 2169 3012 2220 omnes,
3061 2156 3465 2230 languoresque
3500 2176 3603 2214 cu-

2022 2259 2177 2300 rasse
2210 2245 2370 2300 annis
2397 2247 2606 2311 tribus;
2648 2245 2785 2302 adeo
2819 2254 2878 2300 ut
2907 2255 3127 2319 tempus
3162 2264 3345 2316 omne,
3388 2253 3532 2322 quod
3573 2268 3606 2308 ιι

2022 2332 2210 2387 divino
2241 2333 2388 2387 illius
2419 2341 2711 2404 conceptu,
2742 2344 2796 2390 et
2841 2337 2911 2390 ab
2942 2352 3087 2391 anno
3119 2339 3309 2394 mundi
3343 2341 3504 2404 5501,
3541 2356 3607 2394 ac

2021 2423 2192 2479 Nisan
2232 2425 2500 2496 principis
2532 2427 2806 2482 mensium
2833 2428 2922 2483 die
2957 2431 3153 2499 prima,
3179 2431 3360 2488 Martii
3384 2450 3510 2498 xxv,
3537 2434 3606 2488 ad

2020 2515 2293 2569 vivificam
2326 2532 2502 2585 usque
2535 2519 3000 2574 resurrectionem
3031 2522 3365 2591 extenditur,
3397 2541 3518 2594 qua:
3549 2526 3606 2580 in

2022 2607 2268 2663 eamdem
2324 2623 2432 2661 xxv
2476 2607 2656 2662 Martii
2710 2599 2856 2664 diem
2910 2611 3140 2680 incidit;
3203 2629 3474 2670 annorum
3535 2619 3610 2674 sit

2020 2714 2216 2765 xxxur,
2239 2707 2293 2754 et
2313 2700 2477 2754 unius
2499 2699 2627 2764 diei,
2656 2717 2778 2771 quae
2801 2717 3005 2757 annum
3029 2704 3171 2759 5554
3192 2706 3416 2778 incepit.
3451 2708 3609 2765 Unde

2022 2788 2090 2841 ad
2131 2787 2370 2844 divinam
2422 2806 2548 2844 cum
2601 2806 2836 2861 corpore
2882 2796 3319 2864 assumptionem
3365 2799 3515 2855 illius
3550 2802 3606 2856 in

2020 2881 2219 2936 cmlum
2267 2881 2385 2937 dies
2435 2882 2904 2938 intercedunth.
2941 2883 3000 2940 Si
3045 2889 3170 2957 quis
3217 2899 3398 2946 autem
3437 2893 3598 2949 iidem

2019 2975 2201 3030 minus
2232 2975 2458 3030 adhibet
2506 2975 2596 3041 iis,
2639 2993 2761 3046 quae
2809 2978 2877 3033 de
2919 2979 3008 3034 die
3056 2979 3147 3033 illa
3182 2997 3292 3035 non
3337 2998 3447 3036 uno
3478 2985 3600 3040 loco

2021 3075 2414 3130 memorantur,
2447 3067 2709 3122 nimirum
2741 3067 3032 3125 Dominum
3062 3081 3309 3127 nostrum
3333 3075 3600 3144 primaria

2021 3156 2075 3209 in
2113 3157 2204 3210 illa
2232 3158 2339 3222 die,
2383 3160 2592 3213 calcata
2630 3168 2826 3228 morte,
2858 3161 3026 3217 vitam
3065 3164 3227 3218 nobis
3262 3180 3327 3219 ex
3362 3169 3600 3225 mortuis

2023 3247 2298 3313 effudisse,
2333 3249 2399 3303 ad
2431 3252 2770 3306 undecimam
2805 3255 3090 3324 periodum
3131 3258 3466 3327 cyclicorum
3501 3276 3603 3316 an-

2022 3355 2216 3396 norum
2250 3340 2374 3403 5'52.
2407 3349 2460 3396 et
2507 3343 2627 3412 ejus
2657 3358 2862 3398 annum
2907 3344 3013 3398 215
3045 3347 3286 3401 animum
3326 3349 3600 3418 advertat,

2020 3435 2076 3488 in
2106 3450 2281 3504 eoque
2322 3434 2591 3490 decimam
2627 3444 2879 3505 quartam
2928 3435 3141 3491 llebrwi
3177 3437 3466 3495 Paschalis
3515 3451 3602 3495 at-

2019 3527 2224 3583 tendat.
2251 3526 2406 3583 Hauc
2421 3528 2567 3583 enim
2590 3529 2831 3583 inveniet
2853 3527 2942 3583 die
2963 3543 3099 3582 χχιιι
3121 3528 3303 3584 Martii
3322 3530 3595 3599 ejusdem,

2019 3634 2084 3674 ac
2113 3619 2434 3684 Parasceve,
2485 3620 2539 3673 in
2575 3619 2915 3675 salutiferam
2951 3621 3265 3691 passionem
3309 3622 3596 3687 incidisse,

2022 3725 2184 3781 quam
2218 3726 2318 3780 pro
2351 3709 2512 3766 nobis
2544 3710 2636 3766 ille
2665 3711 2962 3778 sustinuit;
2993 3717 3048 3766 et
3083 3713 3332 3782 sepultus
3372 3728 3403 3767 a
3442 3712 3600 3772 Jose-

2019 3803 2148 3872 pho,
2167 3803 2261 3873 qui
2286 3818 2354 3858 ex
2378 3803 2704 3857 Arimathaaa
2734 3810 2853 3858 erat
2877 3804 3172 3870 oriundus,
3205 3813 3254 3861 et
3277 3804 3598 3875 Nicodemo,

2018 3895 2179 3949 tertia
2205 3895 2274 3949 ab
2296 3893 2485 3950 eadem
2515 3893 2815 3950 Parasceve
2837 3896 2925 3951 die
2955 3897 3257 3952 resurrexit
3288 3915 3302 3952 :
3333 3913 3439 3952 una
3463 3897 3601 3955 Sab-

2017 3985 2292 4052 batorum,
2342 3995 2397 4042 et
2450 3985 2620 4040 Nisan
2665 3986 2830 4057 primi
2877 3987 3023 4058 apud
3069 3987 3329 4045 Hebraeos
3386 3991 3597 4048 mensis

2016 4078 2194 4148 prima
2224 4076 2345 4144 die;
2373 4093 2496 4148 quae
2522 4078 2783 4134 vicesima
2811 4079 3005 4150 quinta
3028 4079 3208 4135 Martii
3240 4095 3348 4136 una
3372 4082 3597 4138 eadem-

2017 4184 2124 4240 que
2164 4185 2382 4241 semper
2419 4169 2634 4225 incidit.

2086 4261 2255 4332 lgitur
2281 4261 2597 4329 Africanus,
2632 4276 2758 4317 cum
2792 4261 2849 4316 in
2885 4276 3090 4316 annum
3123 4261 3314 4316 mundi
3343 4262 3478 4318 550-1
3510 4263 3595 4319 die

2016 4355 2200 4409 rinam
2237 4353 2676 4411 lncarnationem
2714 4364 3080 4410 consentanee
3133 4353 3419 4408 traditioni
3459 4369 3594 4426 apo-

2017 4445 2222 4500 stolicae
2249 4447 2597 4516 conjecisset,
2640 4445 2694 4500 in
2719 4445 2974 4516 passione
3004 4460 3068 4499 ac
3093 4444 3372 4522 salutifera
3401 4460 3580 4501 resur-

2017 4537 2258 4591 rectione
2297 4535 2671 4606 consignanda
2715 4535 2939 4590 biennio
2966 4534 3262 4596 aberravit,
3299 4544 3589 4606 utramque

2015 4626 2302 4683 conferens
2325 4628 2380 4682 in
2401 4643 2605 4682 annum
2636 4625 2825 4681 mundi
2858 4626 3018 4681 555i.
3050 4627 3119 4679 At
3146 4625 3414 4681 Eusebius
3434 4624 3592 4680 Pam-

2015 4720 2148 4792 phili
2169 4735 2341 4775 annos
2370 4720 2439 4775 ab
2467 4719 2677 4774 Adamo
2716 4719 2785 4774 ad
2809 4726 2993 4772 ortum
3021 4717 3303 4782 Abraami,
3341 4717 3434 4786 qui
3462 4715 3588 4772 Nini

2015 4826 2078 4864 ac
2119 4809 2497 4865 Semiramidis
2538 4825 2724 4880 regum
2768 4809 3009 4880 Assyriae
3039 4808 3400 4878 temporibus,
3433 4821 3586 4861 com-

2014 4904 2167 4959 muni
2206 4904 2462 4976 opinione
2503 4903 2777 4974 congruit,
2824 4903 2880 4956 in
2925 4916 3092 4955 unam
3127 4915 3398 4955 summam
3433 4899 3590 4954 colli-

2013 5012 2169 5066 gens,
2209 4996 2344 5052 3|8l
2389 4995 2618 5067 putavit,
2657 4994 2914 5051 Hebraeos
2958 4993 3178 5050 codices
3227 5000 3451 5050 secutus
3488 5001 3587 5048 :et

2016 5088 2318 5144 secundum
2346 5087 2576 5153 Cainan,
2615 5087 2709 5158 qui
2742 5087 2880 5140 vixit
2912 5099 3086 5141 annos
3115 5101 3255 5139 cxxx
3291 5092 3586 5155 antequam

2016 5179 2283 5250 gigneret,
2315 5182 2371 5233 in
2402 5180 2543 5254 serie
2571 5178 2794 5232 minime
2819 5174 3106 5230 collocavit
3131 5193 3148 5233 :
3175 5173 3336 5244 cujus
3363 5173 3585 5243 quidem

2015 5270 2192 5327 Lucas
2223 5272 2554 5342 evangelista
2579 5269 2828 5326 meminit
2854 5269 2909 5322 in
2935 5265 3248 5338 genealogia
3271 5279 3370 5320 sua
3399 5281 3415 5319 :
3439 5263 3584 5334 quod

2016 5365 2144 5419 alibi
2186 5363 2297 5431 jam
2347 5365 2604 5418 diximus.
2653 5361 2852 5417 Nostra
2907 5375 3074 5431 porro
3121 5357 3472 5426 cbronologia
3514 5356 3585 5425 ab

2015 5457 2224 5510 Adamo
2279 5456 2346 5510 ad
2401 5464 2583 5511 ortum
2640 5454 2898 5509 Abraami
2967 5467 3142 5508 annos
3199 5448 3584 5518 complectitur

2015 5548 2180 5602 55-12:
2209 5548 2301 5618 qui
2335 5563 2598 5603 numerus
2628 5555 2737 5600 tam
2765 5545 2930 5601 Mosis
2954 5545 3194 5599 historiae
3217 5557 3378 5611 quam
3415 5554 3583 5592 evan-

2017 5641 2200 5710 gelica:
2235 5641 2564 5712 genealogiaa
2617 5637 2777 5694 Luca:
2829 5638 3106 5696 convenit.
3141 5635 3186 5690 Α
3233 5632 3401 5689 natali
3449 5645 3583 5686 vero

3216 5796 3237 5827 ⁸
3271 5809 3381 5850 cor.
3409 5783 3582 5859 x139-
