4124 6424
503 381 632 436 Mli

1519 379 1609 433 AD
1638 377 1902 435 EUSEBII
1932 375 2329 434 CHRONICON
2358 373 2719 432 APPENDIX.

3599 385 3739 440 “1'2.

503 491 758 549 Abraami
801 507 974 562 usque
1001 491 1070 546 ad
1107 491 1447 550 salutiferam
1477 506 1694 548 crucem
1716 503 1769 550 et
1795 493 2060 548 viviﬁcam

2165 490 2258 543 τοῦ
2289 491 2555 564 σωτηρίου
2587 489 2820 560 σταυροῦ
2853 489 3068 561 καὶτῆς
3101 490 3365 554 ζωοποιοῦ
3389 489 3744 559 ἀναστάσεως

501 587 979 647 resurrectionem,
1013 599 1186 639 annos
1214 584 1356 639 2048
1387 585 1604 656 collegit
1633 585 1922 650 Eusebius,
1945 601 2067 640 cum

503 691 572 729 ex
605 675 914 729 verioribus
965 673 1268 728 ratiociniis
1321 683 1582 744 putentur
1627 689 1660 727 a
1705 676 1863 728 nobis
1903 675 2064 730 29.21.

503 765 672 820 Fiunt
705 767 761 819 in
805 773 976 820 totum
1025 765 1152 818 anni
1193 766 1261 819 ab
1299 765 1508 819 Adamo
1549 765 1689 820 5555
1721 785 1734 820 :
1768 767 2068 822 secundum

503 857 804 912 Eusebium
831 871 982 919 vero,
1014 857 1142 909 anni
1169 854 1330 920 5252,
1364 857 1506 924 quod
1539 857 1607 910 ab
1635 858 1932 926 apostolica
1957 865 2072 910 tra-

504 948 712 1002 ditione
752 947 972 1016 penitus
1017 947 1293 1000 abhorret.
1337 945 1437 1000 Hic
1475 955 1658 1002 autem
1696 965 1762 1002 ex
1800 948 2070 1016 ejusmodi

506 1039 936 1092 hallucinatione
967 1037 1044 1091 illi
1087 1053 1242 1092 error
1279 1038 1546 1108 obrepsit,
1581 1037 1726 1108 quod
1753 1047 1949 1108 praeter
1972 1055 2071 1093 an-

506 1145 605 1185 nos
635 1129 866 1184 Cainani
899 1129 1023 1193 150,
1060 1130 1197 1184 alios
1231 1131 1455 1200 insuper
1481 1131 1578 1184 111
1607 1131 1788 1186 omisit
1815 1131 2069 1202 AIIOphy-

503 1221 702 1284 lorum,
735 1221 828 1290 qui
863 1221 918 1274 in
948 1220 1204 1276 Iudicum
1233 1221 1374 1275 libro
1404 1223 1754 1276 continentur
1790 1237 1936 1276 :.nec
1959 1237 2068 1276 non

501 1313 804 1381 interregni
825 1319 878 1366 et
901 1313 1073 1382 pacis,
1101 1311 1200 1378 40;
1235 1311 1362 1367 item
1399 1311 1568 1378 Darii,
1597 1313 1691 1382 qui
1723 1320 1776 1367 et
1804 1313 2068 1384 Astyages

502 1399 688 1456 dictus
715 1409 820 1464 est,
855 1417 1030 1456 annos
1057 1417 1131 1456 xl.

569 1491 888 1548 Panodorus
921 1509 1048 1548 vero
1091 1509 1234 1546 unus
1269 1508 1336 1547 ex
1378 1491 1594 1564 {Egypti
1635 1495 1936 1558 monachis,
1983 1494 2068 1548 hi—

501 1583 756 1648 storicus,
787 1598 960 1652 neque
983 1583 1346 1654 chronologize
1373 1585 1730 1640 accuratioris
1761 1586 2064 1656 imperitus,

502 1673 596 1741 qui
626 1672 845 1727 Arcadii
887 1673 1252 1741 imperatoris,
1291 1689 1353 1727 ac
1389 1672 1676 1743 TheOphili
1712 1673 2068 1729 Alexandrini

501 1763 904 1833 archiepiscopi
957 1771 1200 1834 tempore
1249 1763 1452 1828 ﬂoruit,
1502 1779 1626 1818 cum
1671 1765 1954 1820 veritatem
2011 1767 2065 1820 in

2171 583 2313 652 ,βμ-ιγ
2355 583 2446 653 ἔτη
2484 582 2726 653 συνῆξεν·
2773 581 2929 634 ἅτινα
2964 581 3106 634 κατά
3135 583 3225 636 τὸν
3259 582 3433 653 ἀληθῆ
3466 584 3620 654 λόγον
3645 589 3742 660 ἔτη

2169 675 2335 743 ,βσκα’
2367 675 2495 744 ἡμῖν
2521 673 2937 740 ὲπιλελόγισται.
2959 674 3093 743 Ἔτη
3117 673 3173 726 δὲ
3197 673 3263 727 τά
3287 675 3463 729 πάντα
3485 679 3543 744 ἐξ
3571 678 3746 751 Ἀδὰμ

2169 763 2351 832 ,εςρλγ⁸
2401 761 2542 816 κατά
2565 761 2620 814 δὲ
2651 763 2906 815 Εὑσέὸιον
2934 763 3110 832 facit?“
3142 765 3276 836 ὅπερ
3300 767 3576 838 ἀλλότριον
3606 771 3745 827 πάν-

2167 871 2234 925 τη
2267 855 2367 925 τῆς
2399 855 2761 923 ἁποστολικῆς
2792 854 3164 924 παραδόσεως
3199 855 3228 908 ὃ
3259 858 3354 910 καὶ
3399 861 3464 912 ὲκ
3499 861 3741 932 παραλο-

2167 943 2367 1015 γισμοῦ
2399 944 2604 997 τοιοῦδε
2643 944 2898 1012 πέπονθε,
2948 946 3084 1014 πρὸς
3119 949 3232 1008 τοῖς
3270 947 3346 1017 ρλ’
3391 949 3484 1001 τοῦ
3531 952 3742 1004 Καῖνᾶν

2167 1037 2334 1099 ἔτεσι,
2365 1035 2508 1090 κατὰ
2531 1035 2621 1088 τὸν
2649 1035 2706 1087 ὲν
2733 1038 2844 1098 τοῖς
2869 1037 3096 1106 Κριταῖς
3129 1037 3440 1106 ἀλλοφύλων
3461 1043 3479 1072 ⁷
3512 1041 3606 1112 ἔτη
3637 1051 3741 1114 ρια⁹

2168 1129 2527 1202 παραλείψεις·
2559 1129 2628 1182 τά
2659 1147 2719 1182 τε
2749 1130 2846 1200 τῆς
2877 1130 3140 1200 ἀναρχίας
3171 1133 3263 1184 καὶ
3293 1133 3514 1204 εἰρήνης
3539 1135 3634 1205 ἔτη
3663 1143 3738 1206 μό

2170 1221 2262 1275 καὶ
2294 1221 2373 1274 ἔτι
2399 1219 2492 1274 τοῦ
2523 1219 2746 1292 Δαρείου
2779 1219 2871 1273 τοῦ
2895 1220 2990 1274 καὶ
3024 1221 3354 1292 Ἀστυάγους
3386 1222 3479 1295 ἕτη
3509 1231 3598 1278 ια’.

2235 1485 2550 1556 Πανόδωρος
2579 1485 2637 1538 δέ
2673 1503 2761 1548 τις
2790 1484 2898 1538 τῶν
2938 1485 3058 1538 κατ’
3089 1487 3362 1553 Αἴγυπτον
3399 1483 3478 1551 εἷς
3509 1491 3743 1561 μοναχῆς

2171 1579 2459 1649 ἱστορικὸς,
2496 1579 2596 1632 οὐκ
2628 1579 2854 1650 ἄπειρος
2885 1579 3145 1650 χρονικῆς
3179 1580 3482 1650 ἀκριϐείας,
3533 1583 3590 1636 ἐν
3631 1586 3742 1648 τοῖς

2167 1677 2377 1748 χρόνοις
2419 1675 2674 1746 ἀκμάσας
2715 1675 2999 1744 Ἀρκαδίου
3045 1673 3306 1743 βασιλέως
3348 1677 3442 1729 καὶ
3482 1675 3741 1744 Θεοφίλου

2179 1766 2582 1837 Ἀλεξανδρείας
2601 1765 3052 1837 ἀρχιεπισκόπου,
3081 1764 3338 1836 ἀλήθειαν
3359 1768 3744 1836 ἀσπασάμενος

499 1853 778 1923 plerisque
805 1852 1092 1918 tenuisset,
1122 1861 1328 1922 septem
1364 1855 1638 1910 aberravit
1664 1856 1846 1919 annis,
1877 1855 1968 1910 ubi
1997 1857 2060 1910 ad

2165 1859 2222 1910 ἐν
2257 1857 2490 1921 πολλοῖς,
2519 1857 2562 1919 ς’
2587 1855 2887 1926 διήμαρτεν
2913 1855 3107 1922 ἔτεσιν,
3137 1855 3308 1908 ἐλθὼν
3335 1858 3415 1919 είς
3439 1858 3539 1926 τὴν
3571 1862 3744 1927 σωτή-

498 1943 836 2000 salutiferam
866 1945 1294 1998 incarnationem
1325 1947 1588 2014 pervenit.
1622 1945 1774 2000 lianc
1803 1947 1950 2002 enim
1978 1961 2068 2000 an-

499 2050 573 2090 no
599 2035 786 2089 mundi
819 2034 960 2089 5495
991 2035 1238 2105 illigavit.
1271 2035 1439 2106 Cujus
1469 2037 1558 2092 ille
1583 2039 1787 2093 erroris
1813 2039 2064 2092 occasio-

500 2143 624 2182 nem
657 2127 844 2182 habuit
875 2143 942 2181 ex
984 2141 1072 2190 eo,
1123 2127 1271 2196 quod
1313 2129 1372 2182 in
1417 2143 1560 2181 anno
1607 2129 1784 2198 primo
1829 2127 2066 2200 Philippi

495 2218 716 2283 Aridaei,
740 2220 834 2288 qui
859 2217 1172 2272 Alexandro
1197 2217 1479 2274 Macedoni
1510 2221 1720 2290 primus
1753 2221 1806 2274 in
1838 2237 2066 2292 regnum

498 2312 800 2376 successit;
829 2309 1024 2364 eodem
1055 2310 1330 2373 videlicet,
1366 2311 1422 2364 in
1455 2327 1564 2381 quo
1584 2319 1639 2366 et
1658 2313 1919 2368 Claudius
1939 2313 2067 2368 Pto-

495 2402 722 2456 lemaaus
765 2401 1142 2470 expeditorum
1185 2415 1459 2456 canonum
1505 2403 1790 2457 ratiocinia
1839 2403 2062 2471 deﬁxit;

499 2492 714 2544 initium
763 2491 960 2545 statuit
992 2489 1298 2562 Egyptiaci
1353 2493 1503 2558 anni,
1559 2501 1721 2561 atque
1761 2492 1954 2556 Graeci,
2001 2493 2064 2548 in

497 2583 672 2653 prima
704 2583 793 2637 die
822 2581 1023 2646 Thoth,
1067 2583 1230 2652 primi
1276 2581 1656 2654 Egyptiorum
1691 2583 1918 2647 mensis,
1951 2583 2064 2636 Au-

495 2674 642 2742 gusti
675 2687 834 2740 xxtx;
870 2674 1016 2742 quod
1047 2673 1114 2727 ad
1144 2674 1388 2729 eamdem
1431 2675 1695 2745 epocham
1743 2676 2058 2730 revolvitur.

497 2764 612 2818 Hoc
645 2780 774 2818 vero
804 2773 1020 2836 tempus
1056 2767 1193 2821 citra
1219 2767 1654 2822 controversiam
1687 2781 1832 2820 anno
1873 2766 2063 2820 mundi

497 2858 638 2913 5170
664 2858 941 2912 tribuitur.
964 2857 1136 2914 Porro
1157 2861 1224 2913 ab
1248 2874 1392 2912 anno
1414 2861 1591 2929 primo
1610 2857 1862 2930 Philippi,
1887 2873 2062 2928 usque

494 2952 563 3006 ad
607 2951 808 3006 victam
861 2951 1232 3022 Cleopatram,
1283 2952 1412 3006 anni
1466 2951 1763 3006 secundum
1823 2967 2060 3008 canones

495 3044 892 3099 astronomicos
917 3052 1278 3100 numerantur
1307 3043 1431 3100 294.
1461 3043 1626 3098 Fiunt
1659 3047 1728 3099 ab
1764 3045 1898 3100 orbe
1928 3061 2057 3100 con-

493 3133 627 3198 dito,
651 3141 704 3187 et
735 3135 804 3188 ab
827 3135 1034 3188 Adamo
1059 3135 1126 3188 ad
1150 3138 1356 3191 exitum
1386 3135 1708 3205 Cleopatrae,
1745 3138 1872 3190 anni
1897 3135 2054 3191 5465.

493 3223 697 3279 Verum
727 3225 796 3279 ab
816 3225 1192 3281 ecclesiastica
1218 3226 1513 3280 traditione
1541 3226 1796 3280 dissentit
1831 3227 1885 3278 in
1917 3239 2062 3279 anno

491 3313 563 3368 45
597 3313 828 3384 Augusti
867 3315 1120 3380 Caesaris,
1165 3330 1273 3384 quo
1313 3313 1577 3370 Dominus
1615 3322 1801 3370 noster
1841 3330 2060 3369 carnem

493 3405 693 3462 induit.
755 3404 878 3461 Non
913 3409 1060 3462 enim
1105 3407 1292 3478 plures
1329 3423 1493 3478 quam
1530 3409 1602 3462 45
1644 3423 1819 3463 annos
1852 3424 1881 3460 a
1913 3407 2060 3462 victa

491 3497 778 3568 Cleopatra
823 3507 879 3551 et
914 3497 1150 3569 IEgypto
1189 3499 1440 3564 subacta,
1475 3499 1618 3570 apud
1646 3500 2059 3554 mathematicos

491 3589 792 3658 imperasse
821 3589 1025 3643 dicitur
1069 3591 1370 3662 Augustus.
1398 3591 1556 3659 Quod
1591 3593 1636 3647 si
1673 3605 1995 3646 concessum
2027 3605 2058 3645 a

491 3682 651 3736 nobis
677 3679 863 3742 fuerit,
899 3696 1245 3752 consequens
1283 3685 1388 3738 erit
1421 3699 1563 3738 anno
1599 3683 1788 3737 mundi
1821 3681 1961 3737 5505
1991 3697 2058 3736 ex

491 3774 594 3828 hac
626 3776 736 3828 vita
765 3775 1070 3845 Augustum
1100 3776 1429 3832 excessisse.
1476 3776 1546 3829 At
1574 3775 1715 3830 idem
1745 3774 1864 3845 ipse
1893 3775 2055 3844 quin-

489 3873 580 3921 tus
619 3867 724 3920 erit
753 3867 931 3920 aetatis
967 3865 1267 3923 Salvatoris
1301 3882 1478 3923 annus
1513 3887 1524 3920 :
1558 3865 1704 3937 quod
1739 3877 1924 3936 aperte
1955 3865 2060 3920 fal-

491 3974 612 4014 sum
641 3965 742 4012 est.
773 3957 928 4023 Quod
955 3965 1134 4012 autem
1166 3959 1314 4012 circa
1337 3960 1544 4014 obitum
1568 3960 1802 4014 Caesaris
1825 3959 2056 4029 Augusti

489 4049 802 4122 quindecim
834 4049 1063 4104 circiter
1093 4065 1362 4104 annorum
1395 4050 1659 4106 Dominus
1688 4057 1854 4114 esset,
1893 4065 1957 4104 ac
1986 4067 2056 4105 xv

489 4141 693 4197 Tiberii
727 4141 962 4198 Caesaris
994 4157 1262 4196 annorum
1298 4140 1408 4195 fere
1449 4157 1578 4204 xxx,
1613 4148 1672 4193 ut
1714 4155 1870 4194 sacra
1907 4138 2055 4194 Scri-

487 4245 644 4304 ptura
675 4234 856 4298 docet,
890 4233 1350 4289 nemini'dubium
1388 4243 1490 4289 est.
1530 4233 1605 4287 Ita
1634 4233 1920 4303 contigerit
1941 4233 2052 4287 Au-

487 4326 634 4394 gusti
667 4325 901 4380 Caasaris
931 4325 1110 4380 exitus
1153 4325 1296 4379 inter
1341 4339 1543 4379 annum
1587 4323 1774 4379 mundi
1819 4325 1958 4378 5514
2001 4329 2054 4378 et

487 4415 655 4482 55-15;
691 4417 907 4472 initium
936 4425 1116 4471 autem
1152 4417 1364 4487 imperii
1397 4416 1564 4471 totius
1597 4429 1742 4469 anno
1765 4415 1922 4470 5158.
1958 4415 2054 4469 Pa-

2166 1967 2280 2022 ριον
2307 1949 2598 2020 σάρκωσιν,
2629 1946 2707 2018 τῷ
2748 1951 2908 2015 ,ευίιιγ’
2951 1947 3060 2000 ἔτει
3107 1947 3312 2018 ταύτην
3347 1947 3742 2019 συλλογισάμε-

2163 2053 2273 2099 νος.
2320 2035 2380 2089 Ἦ
2413 2037 2470 2090 δὲ
2501 2035 2648 2089 αἰτία
2669 2034 2762 2088 τοῦ
2785 2035 3098 2105 σφάλματος
3119 2036 3282 2089 αὐτοῦ
3309 2037 3527 2105 γέγονεν
3545 2039 3742 2102 οὓτως.

2177 2127 2299 2180 Ἐπὶ
2329 2125 2440 2198 γὰρ
2467 2125 2526 2178 τὸ
2561 2133 2608 2178 α’
2642 2125 2760 2186 ἔτος
2781 2125 3046 2178 Φιλίππου
3075 2125 3167 2179 τοῦ
3203 2127 3472 2198 Ἀριδαίου
3503 2128 3596 2181 τοῦ
3623 2132 3742 2198 μετ’

2177 2217 2520 2288 Ἀλέξανδρον
2547 2217 2636 2270 τὸν
2663 2216 2945 2270 Μακεδόνα
2971 2216 3388 2286 βασιλεύσαντος
3417 2221 3742 2274 Μακεδόνων

2164 2315 2233 2372 α’,
2269 2309 2390 2362 καθ’
2427 2309 2456 2360 ὃ
2495 2309 2612 2370 ἔτος
2650 2309 2743 2361 καὶ
2785 2311 2813 2360 6
2846 2307 3112 2371 Κλαύδιος
3143 2309 3476 2379 Πτολεμαῖος
3510 2312 3606 2381 τὴν
3631 2313 3744 2365 τῶν

2166 2397 2470 2467 προχείρων
2511 2397 2750 2450 κανόνων
2787 2397 3140 2468 ψηφηφορίαν
3167 2397 3402 2468 ἐπήξατο
3437 2400 3612 2472 ἀρχὴν
3643 2403 3742 2454 Αἰ-

2165 2487 2468 2557 γυπτιακοῦ
2514 2488 2610 2542 καὶ¹
2653 2487 2967 2559 Ἑλληνικοῦ
3007 2488 3182 2552 ἔτους,
3237 2489 3378 2542 κατὰ
3423 2491 3522 2560 τὴν
3568 2497 3616 2544 α’
3643 2491 3738 2544 τοῦ

2163 2579 2282 2633 Θὼθ
2319 2581 2485 2651 μηνὸς
2519 2582 2650 2652 παρ’
2689 2580 3008 2648 Αἰγυπτίοις
3037 2579 3353 2650 λεγομένου,
3389 2581 3472 2634 κθ⁹
3504 2584 3596 2636 τοῦ
3627 2585 3739 2636 Αὑ-

2163 2671 2390 2739 γούστου
2433 2671 2598 2742 μηνὸς
2627 2666 2790 2724 οὖσαν
2829 2671 3361 2742 ἀποκαταστατικὴν,
3397 2673 3687 2744 ὁμόχρονον
3711 2675 3735 2706 ⁸

2164 2761 2605 2832 ὁμολογουμένως
2644 2761 2761 2814 ἐστὶ
2785 2761 2863 2832 τῷ
2900 2761 3018 2832 ,ερο¹
3047 2762 3152 2814 ἔτει
3189 2761 3281 2815 τοῦ
3327 2763 3552 2834 κόσμου.
3605 2763 3741 2818 Ἀπὸ

2161 2850 2255 2904 τοῦ
2287 2852 2448 2905 αὑτοῦ
2475 2850 2515 2904 δ’
2541 2853 2562 2884 ⁵
2589 2851 2741 2915 ἔτους
2767 2851 3031 2905 Φιλίππου
3059 2852 3221 2924 μέχρι
3243 2853 3342 2922 τῆς
3371 2853 3742 2927 καθαιρέσεως

2161 2943 2514 3015 Κλεοπάτρας
2551 2943 2642 3014 ἔτη
2692 2944 2835 2998 κατά
2867 2947 2993 3008 τοὺς
3034 2947 3460 3016 ἀστρονομικοὺς
3511 2948 3740 3010 κανόνας

2162 3035 2542 3103 ὲπισυνάγεται
2598 3036 2727 3102 σιιδυ.
2787 3037 2918 3089 Ἀπὸ
2957 3039 3051 3090 τοῦ
3095 3038 3261 3091 αὐτοῦ
3305 3035 3426 3108 ,ερο⁰
3473 3041 3738 3108 κοσμικοῦ

2164 3127 2314 3190 ἔτους
2349 3125 2387 3178 ε’
2413 3127 2455 3158 ¹⁰
2491 3127 2729 3196 γίνονται
2776 3127 2937 3200 γευξγ¹
2999 3130 3168 3200 Ἀδὰμ
3215 3129 3320 3193 ἕως
3367 3129 3740 3201 καθαιρέσεως

2164 3219 2542 3289 Κλεοπάτρας.
2565 3219 2722 3273 Κατά
2741 3220 2898 3273 τοῦτο
2921 3219 2981 3273 οὐ
3007 3221 3220 3292 συνᾴδει
3253 3223 3319 3292 τῇ
3346 3221 3736 3293 ὲκκλησιατικῇ

2162 3311 2472 3382 παραδόσει,
2503 3313 2577 3375 ὡς
2600 3311 2660 3364 τὺ
2687 3312 2821 3381 πρὸς
2846 3313 2906 3366 τὸ
2943 3321 3032 3384 μγ¹
3058 3313 3178 3375 ἔτος
3202 3313 3514 3382 Αὐγούστου
3531 3315 3740 3368 Καίσα-

2163 3421 2272 3475 ρος·
2306 3404 2466 3475 ἡνίκα
2497 3407 2526 3458 ὁ
2552 3404 2754 3476 Κύριος
2781 3404 2938 3476 ἡμῶν
2964 3404 3270 3476 ὲσαρκώθηι
3311 3407 3446 3476 μόνα
3487 3407 3596 3478 γὰρ
3629 3407 3740 3463 ἀπὶ

2159 3498 2258 3567 τῆς
2282 3499 2450 3568 αὐτῆς
2479 3497 2850 3568 καθαιρέσεως
2887 3498 2979 3551 καὶ
3012 3498 3290 3570 ὑποταγῆς
3323 3499 3600 3567 Αἰγύπτου
3648 3508 3737 3571 μγθ

2159 3588 2252 3658 ἔτη
2279 3588 2488 3658 λέγεται
2519 3588 2959 3660 βεϐασιλευκέναι
2987 3590 3138 3660 παρά
3157 3594 3268 3654 τοῖς
3291 3591 3690 3662 μαθηματικοῖς
3707 3594 3739 3646 6

2157 3679 2480 3748 Αὔγουστος.
2524 3683 2700 3753 Ὅπερ
2731 3685 2779 3736 εί
2809 3683 2986 3754 δῶμεν
3017 3683 3320 3752 ἀληθεύειν,
3365 3684 3738 3754 εύρηθήσεται

2159 3773 2299 3826 κατὰ
2333 3773 2392 3826 τὸ
2420 3770 2541 3841 ,εφέ
2581 3771 2700 3836 ἔτος
2728 3773 2822 3827 τοῦ
2865 3775 3070 3844 κόσμου
3112 3775 3439 3845 τελευτήσας
3471 3777 3499 3827 6
3529 3775 3736 3844 Αὔγου-

2160 3880 2296 3926 στος.
2327 3863 2416 3934 Τῷ
2446 3864 2492 3917 δ’
2523 3864 2669 3934 αὐτῷ
2701 3863 2740 3917 ε’
2777 3865 2928 3918 ἔσται
2958 3867 3054 3938 τῆς
3087 3865 3180 3919 τοῦ
3216 3867 3466 3938 Σωτῆρος
3494 3867 3732 3937 ἡλικίας.

2169 3961 2307 4012 Ἀλλ’
2343 3961 2422 4013 ὅτι
2459 3961 2555 4031 μέν
2595 3963 2710 4014 ἐστι
2744 3963 2784 3993 ¹¹
2811 3962 3095 4035 πρόδηλοψ
3126 3963 3206 4015 ὅτι
3239 3963 3296 4014 δὲ
3323 3963 3464 4016 κατὰ
3497 3963 3586 4016 τὸν
3623 3963 3732 4016 Αὑ-

2156 4052 2382 4119 γούστου
2409 4054 2685 4125 Καίσαρος
2713 4055 2939 4109 θάνατον
2969 4063 3029 4110 ιε’
3063 4056 3227 4124 ἐγγὺς
3259 4051 3390 4126 ἦγεν
3421 4056 3540 4120 ἔτος
3561 4059 3589 4110 6
3617 4057 3734 4109 Κύ-

2158 4160 2290 4214 ριος,
2317 4145 2412 4198 καὶ
2435 4146 2574 4199 κατά
2599 4145 2658 4198 τὸ
2690 4153 2746 4198 ιε’
2772 4147 3024 4220 Τιϐερίου
3045 4149 3324 4218 Καίσαρος
3347 4149 3476 4200 ὡσεὶ
3503 4149 3639 4201 ὲτῶν
3661 4145 3730 4219 ἦν

2154 4235 2218 4298 λ’,
2251 4237 2325 4299 ὡς
2354 4237 2422 4290 τὰ
2456 4237 2630 4305 λόγια,
2667 4239 2760 4291 καὶ
2799 4239 2956 4292 τοῦτο
2997 4241 3292 4312 προφανές.
3343 4242 3536 4294 Ἔσται
3568 4241 3674 4312 ἄρα
3703 4241 3734 4294 6

2157 4325 2254 4396 μὲν
2285 4325 2593 4393 Αὐγούστου
2626 4329 2905 4401 Καίσαρος
2951 4331 3176 4394 θάνατος
3231 4332 3434 4402 μεταξύ
3481 4349 3582 4384 που
3631 4333 3730 4386 τοῦ

2154 4415 2300 4486 γεφιδ¹
2333 4415 2597 4485 κοσμικοῠ
2631 4417 2782 4481 ἔτους
2809 4419 2903 4472 καὶ
2933 4419 3025 4471 τοῦ
3059 4426 3232 4492 ,εφιεη
3271 4421 3304 4490 ἡ
3350 4421 3406 4473 δὲ
3452 4421 3594 4491 ἀρχὴ
3631 4423 3731 4492 τῆς

485 4509 728 4564 nodorus
752 4525 882 4563 vero
917 4509 1359 4564 mathematicum
1396 4525 1658 4564 canonem
1689 4517 1912 4565 secutus
1939 4511 2050 4562 Au-

2162 4508 2279 4578 Ξλης
2316 4507 2592 4576 βασιλείας
2632 4509 2794 4562 αὑτοῦ
2839 4510 2916 4580 τῷ
2948 4517 3125 4582 ,ευνη’.
3179 4513 3496 4584 Πανὸδωρος
3538 4513 3614 4574 δὲ,
3659 4515 3726 4584 τῇ

483 4599 629 4668 gusti
649 4597 864 4669 imperii
885 4599 1243 4670 primordium
1275 4591 1592 4654 contulit'in
1627 4615 1828 4654 annum
1861 4599 2048 4654 mundi

2162 4601 2510 4672 μαθηματικῇ
2537 4601 2903 4666 ὲξακολουθῶν
2929 4603 3156 4668 ἐκδόσει,
3184 4605 3281 4674 τὴν
3311 4604 3407 4674 μὲν
3432 4605 3605 4676 ἀρχὴν
3629 4605 3728 4674 τῆς
3773 4618 3802 4654 I

487 4687 645 4752 5451,
679 4697 908 4744 mortem
949 4705 1076 4746 vero
1111 4691 1163 4744 in
1210 4706 1412 4746 annum
1453 4691 1612 4758 5506,
1644 4693 2047 4764 generationem

2162 4692 2460 4760 Αὐγούστου
2490 4693 2764 4763 βασιλείας
2789 4693 2868 4764 τῷ
2889 4701 3043 4757 ,ευναθ
3073 4694 3182 4748 ἔτει
3213 4695 3302 4748 τοῦ
3329 4696 3531 4766 κόσμου
3556 4698 3729 4749 ὲστοι-

483 4779 717 4850 denique
741 4781 944 4837 Christi
969 4782 1024 4836 in
1052 4781 1210 4847 5495,
1243 4782 1388 4853 quod
1416 4785 1485 4839 ab
1509 4799 1576 4840 eo
1604 4797 1886 4854 perperam
1919 4798 2050 4838 con-

2162 4786 2368 4853 χείωσε,
2397 4785 2457 4838 τὺ
2484 4785 2540 4836 δὲ
2572 4785 2722 4847 τέλος
2746 4784 2822 4855 τῷ
2844 4793 3000 4854 ,εφς-’,
3030 4786 3126 4858 τὴν
3159 4787 3214 4840 δὲ
3243 4790 3507 4860 σωτήριον
3533 4789 3728 4862 γέννη-

483 4877 592 4925 stat
617 4885 740 4926 esse
767 4869 993 4926 factum.

2162 4889 2240 4926 σιν
2263 4873 2341 4944 τῷ
2371 4877 2558 4942 βυτ-ιγ’,
2592 4875 2653 4928 οὐ
2686 4875 2868 4940 καλῶς
2891 4877 3332 4950 διανοησάμενος.

1387 5023 1484 5086 Ad
1519 5025 1780 5103 Georgii
1820 5023 2098 5102 Synccllt'
2143 5026 2590 5103 Fragmentum
2620 5028 2820 5090 Nota.

555 5145 683 5197 "On
700 5143 818 5212 μὲν
845 5148 1014 5214 ﬁsa/ta
1033 5183 1046 5198 .
1073 5141 1332 5198 Veterum
1367 5143 1666 5197 multorum
1697 5143 1885 5216 opinio
1925 5145 2048 5212 fuit,

479 5233 758 5288 Christum
783 5249 896 5288 uno
929 5239 1140 5287 tantum
1171 5247 1318 5286 anno
1347 5231 1698 5303 pmdicasse,
1719 5249 1893 5304 eoque
1921 5249 2048 5304 pas-

481 5337 600 5376 sum
633 5319 824 5376 fuisse.
881 5320 960 5374 Ex
1006 5335 1198 5375 eorum
1233 5334 1466 5375 numero
1503 5319 1607 5375 fuit
1644 5320 1960 5386 Africanus,
1986 5331 2048 5377 ut

480 5420 712 5468 testatur
743 5411 1105 5482 Hieronymus
1135 5412 1192 5464 in
1215 5409 1284 5463 IX
1305 5409 1547 5466 Danielis
1573 5430 1584 5465 :
1615 5427 1776 5483 quem
1799 5421 1948 5469 recte
1977 5429 2044 5468 ex

479 5506 803 5560 auctoritate
829 5505 1139 5575 evangelica
1170 5503 1440 5573 Georgius
1473 5505 1923 5576 redarguit.Vide
1949 5505 2046 5560 XII

483 5594 556 5648 De
576 5595 820 5650 doctrina
844 5606 1166 5665 temporum,
1199 5611 1320 5666 cap.
1353 5595 1445 5651 IX.

2231 5147 2332 5211 Ὠς
2357 5143 2506 5200 εἶναι
2525 5145 2634 5200 τὸν
2665 5149 2784 5202 ἀπὸ
2817 5149 2928 5218 τῆς
2965 5154 3148 5219 θείας.
3178 5155 3306 5210 Tria
3341 5157 3430 5210 hic
3456 5157 3722 5213 observa-

2147 5233 2298 5290 tione
2327 5235 2511 5306 digna.
2543 5237 2813 5306 Alterum,
2847 5251 3012 5312 caput
3033 5246 3162 5298 anni
3192 5247 3248 5301 in
3283 5257 3540 5319 computo
3567 5249 3719 5306 Gne-

2149 5341 2234 5391 co,
2265 5343 2375 5382 non
2421 5337 2664 5398 repetere
2695 5331 2990 5403 Georgium
3022 5351 3052 5390 a
3103 5338 3254 5393 civili
3289 5341 3521 5410 epocha,
3554 5343 3608 5398 id
3632 5351 3724 5400 est

2149 5417 2549 5490 a-Septcmbri;
2591 5423 2685 5479 sed
2719 5439 2747 5477 a
2780 5441 2954 5482 verno
3004 5439 3250 5500 tempore
3294 5442 3457 5501 atque
3513 5435 3581 5489 ab
3619 5450 3721 5492 vm

2147 5507 2372 5567 Kalend.
2415 5512 2586 5582 April.
2632 5529 2740 5584 quo
2781 5515 2870 5571 die
2895 5519 3176 5576 conditum
3199 5524 3596 5580 essemundum
3615 5541 3721 5596 pu-

2145 5601 2371 5656 tabant:
2411 5605 2641 5661 alterum
2675 5621 2894 5678 passum
2928 5625 2994 5664 ex
3039 5611 3255 5669 illorum
3297 5617 3552 5674 oninione
3591 5631 3720 5677 cete

546 5751 568 5783 ⁷
595 5765 703 5803 cor.
739 5749 830 5803 καὶ
855 5749 961 5803 τῶν
981 5760 1027 5804 et
1053 5749 1382 5821 ἀλλοφύλων.
1457 5752 1478 5784 ⁸
1501 5753 1540 5822 f.
1569 5751 1598 5806 6
1623 5753 1778 5823 ὁμοχ.
1853 5753 1874 5786 ⁸
1905 5753 2012 5808 imo
2035 5769 2060 5806 α

2184 5756 2229 5788 ιο
2258 5757 2300 5826 f,
2335 5760 2450 5828 ἔτη.
2532 5761 2572 5794 ³⁸
2611 5761 2766 5818 Deest
2795 5765 3020 5828 aliquid.
