4124 6448
359 379 497 433 1415

1338 370 1793 427 ΒῙΒΞΕΠΤΑἹΊΟ
1833 369 1920 425 DE
1951 367 2356 424 GRECORUM
2396 366 2600 426 ΜΝΞ.

3454 371 3592 423 MM

359 493 636 548 Christum
683 489 861 544 Martii
893 505 1051 552 χχιιι,
1092 487 1227 544 feria
1260 505 1348 553 vI;
1390 487 1759 542 resurrexisse
1795 501 1924 540 vero
1953 494 2001 548 Α
2027 499 2296 538 annorum
2324 483 2493 549 5184;
2531 484 2714 554 itaque
2763 483 3050 551 legendum
3091 484 3230 553 apud
3281 483 3592 556 Georgium.

360 586 449 639 die
475 600 574 636 xxv
611 603 623 636 :
658 597 818 651 quam
842 580 1128 651 Epiphanii
1154 595 1373 650 quoque
1405 581 1730 633 sententiam
1755 576 1943 631 fuisse-

360 685 595 730 constat.
618 672 747 727 Vide
780 689 899 742 qua:
940 687 1102 740 super
1129 687 1190 724 ea
1224 672 1423 739 partim
1455 671 1508 723 in
1540 668 1919 722 Animadvers.

361 768 430 821 ad
482 768 613 819 liter.
661 764 748 827 LI,
792 764 991 834 partim
1031 764 1086 816 in
1126 761 1216 814 Xll
1249 763 1325 815 De
1349 762 1591 814 doctrina
1631 770 1923 828 temporum

359 857 731 928 exposuimus.
775 854 910 908 Cum
966 863 1144 910 autem
1177 858 1353 924 capite
1393 853 1661 923 superiori
1699 852 1923 906 demon-

361 955 589 1004 stratum
623 947 694 1002 sit
743 945 1066 1010 Maximum,
1104 961 1264 1016 quem
1302 945 1586 1014 Georgius,
1619 954 1671 998 et
1717 943 1919 1008 eazteri,

359 1038 454 1108 qui
508 1036 933 1091 Alexandrinam
978 1051 1142 1089 teram
1196 1042 1511 1096 tenuerunt,
1543 1034 1717 1088 secuti
1771 1040 1919 1094 sunt,

359 1128 564 1182 Christi
615 1127 928 1196 passionem
975 1129 1029 1180 in
1063 1142 1186 1180 eum
1235 1142 1436 1179 annum
1474 1126 1796 1189 contulisse,
1828 1124 1923 1194 qui

360 1230 445 1274 est
493 1235 612 1272 aera:
679 1227 880 1274 nostr-.e
912 1234 1050 1282 XLII,
1110 1218 1318 1287 periodi
1373 1215 1601 1271 Julianze
1640 1217 1804 1280 4755,
1857 1230 1924 1270 eo

360 1323 508 1362 anno
541 1308 936 1362 admirabiliter
965 1309 1213 1376 contigit,
1243 1317 1300 1361 ut
1333 1308 1387 1360 in
1407 1306 1550 1362 diem
1580 1306 1758 1360 Martii
1785 1321 1924 1359 χχιιι

361 1400 570 1453 decima
637 1408 831 1468 quarta
891 1397 1171 1453 Paschalis
1230 1398 1515 1451 incideret.
1571 1397 1923 1450 Novilunium

363 1491 508 1546 enim
534 1506 600 1544 ex
632 1490 896 1545 Parisinis
919 1491 1114 1545 tabulis
1149 1491 1500 1545 commissum
1537 1499 1621 1544 est
1653 1489 1833 1542 Martii
1865 1505 1921 1553 χ,

363 1581 497 1637 feria
527 1597 624 1646 VII,
676 1581 807 1634 hora
842 1582 937 1645 10,
973 1583 1055 1635 2-l'
1099 1584 1154 1635 in
1199 1582 1480 1636 horizonte
1533 1580 1924 1652 Hierosolymi-

360 1681 513 1729 tano.
534 1673 713 1740 Quare
735 1673 946 1728 decima
977 1682 1172 1745 quarta
1205 1674 1459 1728 convenit
1481 1674 1534 1727 in
1556 1673 1733 1726 Martii
1765 1689 1920 1737 χχιιι,

359 1765 499 1821 feria
549 1782 635 1831 vr;
691 1767 1043 1836 plenilunium
1097 1781 1224 1821 vero
1297 1766 1537 1821 medium
1591 1767 1768 1821 Martii
1817 1783 1922 1820 xxv

362 1857 606 1920 ineunte,
632 1858 762 1910 hora
781 1855 1031 1911 videlicet
1055 1855 1106 1921 1,
1133 1856 1259 1910 55'a
1288 1855 1462 1909 media
1488 1865 1670 1911 nocte.
1701 1856 1921 1910 Niczeno

358 1963 494 2003 vero
522 1956 764 2017 tempore
801 1949 1086 2003 neomenia
1126 1948 1353 2002 cadebat
1385 1949 1440 2002 in
1492 1965 1544 2002 Ix
1597 1949 1798 2014 Martii,
1831 1966 1922 2021 cy-

361 2038 449 2092 clo
477 2053 509 2089 v
541 2037 753 2092 decima
783 2043 999 2106 quarta,
1035 2035 1214 2088 Martii
1251 2051 1401 2089 χχιιι
1441 2035 1586 2104 quod
1609 2035 1683 2095 ad
1708 2033 1924 2089 ϐιωσο-

360 2135 484 2183 tum
511 2129 967 2198 computistarum
1011 2137 1245 2181 mentem
1287 2126 1524 2196 perbelle
1563 2126 1920 2195 congruebat,

360 2221 455 2291 qui
486 2227 541 2274 et
591 2218 768 2273 Martii
816 2234 972 2281 χχιιι,
1003 2225 1058 2272 et
1094 2216 1228 2270 feria
1258 2233 1332 2280 Vl,
1369 2224 1424 2271 et
1469 2217 1770 2286 plenilunio
1801 2231 1925 2285 pas-

359 2327 484 2366 sum
533 2325 656 2364 esse
706 2308 984 2363 Christum
1020 2309 1424 2362 asseverabant.
1460 2306 1566 2361 Sed
1608 2309 1723 2362 haec
1761 2321 1925 2377 quam

360 2403 575 2456 illorum
620 2400 927 2454 rationibus
957 2407 1320 2455 consentanea
1358 2399 1609 2453 videntur
1637 2409 1744 2452 tam
1797 2409 1925 2455 sunt

360 2494 588 2556 absona,
627 2501 680 2547 et
717 2492 784 2546 ab
822 2491 1136 2562 evangelica
1181 2491 1410 2545 veritate
1457 2507 1682 2560 prorsus
1724 2492 1922 2548 aliena.

361 2583 469 2638 Sed
510 2597 610 2637 nec
655 2581 943 2651 Epiphanii
995 2580 1322 2635 sententiam
1367 2581 1602 2635 assecuti
1641 2580 1720 2634 illi
1765 2587 1922 2648 sunt;

357 2691 525 2746 quam
561 2689 662 2730 nos
694 2674 908 2728 abunde
952 2673 1108 2728 libris
1146 2673 1254 2727 illis
1286 2673 1704 2742 explicavimus.
1741 2672 1926 2728 Tertio

354 2768 594 2838 denique
623 2772 840 2822 constat
857 2781 923 2820 ex
948 2764 1169 2818 Maximi
1210 2779 1273 2818 ac
1304 2762 1653 2833 Theophanis
1682 2763 1923 2829 decreto,

362 2857 638 2914 Christum
674 2856 962 2911 Dominum
993 2855 1228 2910 triennio
1252 2897 1266 2921 ,
1296 2871 1360 2909 ac
1389 2855 1673 2911 mensibus
1705 2855 1926 2910 circiter

357 2950 542 3004 tribus
570 2965 599 3003 a
633 2949 908 3018 baptismo
941 2947 1286 3018 prtedicassc,
1337 2953 1396 3001 ut
1442 2948 1536 3018 qui
1573 2963 1716 3002 anno
1745 2951 1925 3003 aetatis

360 3032 584 3095 ineunte
638 3055 790 3106 χχχι,
830 3037 1074 3092 Januarii
1123 3054 1198 3105 vI,
1234 3039 1542 3109 baptizatus
1592 3042 1682 3104 sit,
1734 3041 1926 3095 mundi

357 3132 502 3189 5530
518 3142 774 3199 exeunte,
799 3133 871 3186 ita
895 3141 952 3185 ut
973 3131 1104 3186 5551
1133 3131 1380 3201 proximo
1397 3147 1522 3187 vere
1551 3132 1882 3187 successerit
1907 3148 1921 3184 :

358 3240 508 3280 anno
541 3225 749 3294 periodi
779 3223 1006 3278 Juliana:
1029 3223 1191 3290 4752,
1219 3238 1416 3293 passus
1458 3232 1641 3278 autem
1671 3227 1742 3280 sit
1781 3239 1925 3279 anno

350 3316 539 3372 aetatis
567 3332 739 3371 χχχιιι
771 3317 1044 3380 absoluto,
1093 3331 1159 3371 ac
1212 3315 1390 3371 tribus
1425 3327 1684 3387 praeterea
1717 3319 1924 3372 mensi-

360 3408 501 3476 bus;
531 3407 720 3462 mundi
756 3407 896 3463 5553
923 3407 1228 3472 desinente,
1273 3407 1483 3477 periodi
1507 3405 1738 3462 Iuliana:
1763 3409 1922 3463 4755.

360 3500 426 3554 ln
468 3515 578 3569 quo
621 3501 689 3554 ab
737 3498 1024 3569 Epiphanii
1070 3499 1342 3554 sententia
1401 3499 1736 3554 desciscunt.
1793 3498 1929 3555 Vide

360 3587 584 3642 Maximi
613 3604 731 3658 cap.
762 3586 977 3642 XXXII.
1026 3585 1320 3642 Sciendum
1366 3596 1449 3643 est
1487 3603 1674 3658 porro,
1709 3587 1928 3644 Graecos

359 3688 577 3735 aetatem
615 3680 821 3735 Christi
879 3680 947 3734 ab
998 3678 1382 3734 lncarnatione
1433 3681 1552 3750 ipsa
1599 3697 1926 3747 numerare,

360 3787 498 3836 non,
519 3779 579 3826 ut
611 3773 753 3826 ratio
790 3772 1052 3842 postulat,
1085 3779 1138 3826 et
1161 3786 1259 3826 nos
1298 3773 1461 3842 vulgo
1489 3772 1741 3837 facimus,
1774 3773 1843 3827 ab
1863 3789 1929 3828 eo

362 3871 630 3934 tempore,
667 3879 774 3934 quo
796 3873 948 3920 extra
993 3872 1206 3920 uterum
1239 3866 1463 3933 prodiit.
1496 3863 1740 3930 Quorum
1767 3867 1929 3921 insti-

363 3965 543 4010 tutum
575 3955 803 4010 Romani
836 3971 1052 4027 quoque
1094 3958 1439 4026 computistze
1478 3959 1746 4028 complexi
1778 3964 1926 4024 sunt,

364 4048 660 4119 Dionysius
697 4049 961 4120 Exiguus,
983 4050 1166 4112 Deda,
1198 4059 1253 4104 et
1294 4051 1572 4106 inferioris
1609 4051 1706 4105 aevi
1735 4067 1932 4122 prope-

364 4141 586 4194 modum
614 4157 824 4198 omnes.
867 4142 1006 4198 Hinc
1050 4144 1314 4214 Georgius
1353 4158 1529 4199 annos
1558 4143 1680 4197 vita:
1718 4142 1930 4199 Domini

365 4239 560 4304 putare
582 4234 824 4304 incipita
857 4251 962 4288 xxv
997 4235 1197 4290 Martii.

439 4327 737 4380 Σκοπείτω
761 4329 847 4393 εις
876 4326 992 4396 τὴν
1031 4335 1122 4382 ια’.
1171 4329 1351 4384 Divisa
1399 4343 1612 4384 summa
1659 4343 1930 4382 annorum

365 4417 508 4472 5555
554 4435 648 4488 per
679 4419 802 4482 552,
844 4421 972 4475 [ient
1017 4422 1280 4477 absolutae
1315 4421 1522 4491 periodi
1553 4438 1607 4487 x,
1649 4429 1703 4477 et
1753 4437 1930 4476 annus

1957 1827 1995 1881 li

1952 3175 1994 3233 C

2023 575 2106 628 Ad
2160 573 2303 626 hanc
2358 590 2628 627 summam
2690 575 2735 629 si
2773 575 2914 628 22l5
2965 576 3270 643 adieceris,
3333 585 3466 646 quot
3524 580 3594 632 ab

2023 664 2314 718 Abrahami
2348 664 2512 716 natali
2540 664 2608 716 ad
2633 673 2811 718 ortum
2837 663 3044 720 Christi
3075 665 3372 735 interponit
3422 667 3596 722 Euse-

2025 756 2167 814 bius,
2202 755 2400 810 cliicies
2431 770 2604 810 annos
2628 757 2784 810 5199.
2816 758 2894 810 Ac
2927 773 3114 812 revera
3154 758 3385 812 totidem
3420 773 3595 814 annos

2023 862 2090 901 ex
2116 846 2333 901 Eusebii
2385 848 2596 901 calculo
2631 847 2806 901 Latini
2858 851 3196 920 antiquiores
3231 852 3545 920 exprimunt
3576 872 3593 908 :

2024 939 2166 992 etin
2218 939 2459 993 Romano
2501 940 2885 1011 Martyrologio
2946 960 3040 997 VIII
3095 944 3320 999 Kalend.
3365 944 3592 1000 Januar.

2024 1047 2284 1086 numerus
2315 1032 2402 1085 ille
2433 1034 2760 1100 concipitur.
2798 1032 2932 1088 Vide
2969 1035 3064 1090 lib.
3115 1035 3184 1088 lX
3223 1036 3301 1090 De
3349 1038 3595 1091 doctrina

2027 1135 2335 1191 temporum,
2360 1138 2482 1195 cap.
2519 1123 2580 1178 ll.
2613 1123 2783 1178 Porro
2814 1126 2878 1179 ad
2917 1127 3250 1195 passionem,
3296 1145 3418 1196 qua:
3449 1145 3597 1184 anno

2024 1217 2316 1270 Abrahami
2345 1215 2480 1270 2047
2517 1217 2758 1285 ponitur,
2781 1218 2906 1270 anni
2932 1226 3060 1271 sunt
3095 1233 3123 1270 a
3156 1220 3374 1272 conditu
3409 1236 3593 1272 rerum

2026 1307 2180 1361 523l.
2217 1306 2487 1372 Quaeritur
2518 1307 2785 1376 Georgius
2809 1309 2875 1360 ab
2905 1307 3136 1362 Eusebio
3166 1309 3592 1377 pnetcrmissum

2024 1398 2252 1461 Cainan,
2287 1406 2341 1452 et
2389 1399 2509 1468 ejus
2558 1414 2734 1452 annos
2763 1414 2943 1452 cxxx:
2975 1399 3096 1454 ideo
3137 1401 3399 1454 minorem
3443 1401 3594 1469 justo

2024 1505 2145 1545 esse
2167 1505 2434 1546 summam
2465 1490 2530 1544 ad
2563 1498 2739 1543 ortum
2781 1490 3112 1556 Abrahami;
3146 1507 3308 1560 quam
3361 1493 3476 1559 ipse
3519 1494 3597 1546 ait

2025 1596 2148 1635 esse
2179 1597 2448 1634 annorum
2491 1581 2650 1644 5512,
2675 1582 2876 1650 quibus
2924 1582 3089 1636 additi
3127 1585 3257 1636 anni
3309 1579 3470 1647 2221,
3500 1586 3592 1652 qui

2025 1672 2092 1724 ab
2118 1671 2430 1725 Abrahamo
2459 1672 2527 1726 ad
2565 1672 2771 1728 Christi
2803 1675 3113 1744 passionem
3144 1675 3412 1737 interjecti
3443 1687 3593 1740 sunt,

2023 1763 2262 1817 elIiciunt
2285 1777 2460 1817 annos
2484 1763 2623 1817 5535
2643 1781 2658 1829 ;
2681 1779 2803 1818 cum
2835 1771 3016 1818 tamen
3047 1764 3312 1819 Ειιερὶιιιιε
3334 1773 3386 1820 et
3419 1780 3596 1818 annos

2024 1855 2092 1908 ab
2111 1854 2421 1908 Abrahamo
2445 1864 2694 1909 numeret
2717 1855 2785 1909 ad
2807 1855 3079 1909 Christum
3101 1855 3263 1921 2048,
3282 1866 3332 1910 et
3362 1857 3428 1911 iis
3454 1857 3596 1926 prio-

2021 1960 2134 1998 rem
2170 1943 2236 1996 ad
2261 1959 2546 1997 numerum
2578 1943 2834 2013 adjectis,
2869 1961 3134 2000 summam
3166 1946 3291 1999 inde
3336 1948 3594 2010 conjiciat
3675 1955 3680 1960 '

2023 2050 2290 2090 annorum
2317 2034 2478 2091 5252.
2506 2033 2712 2089 Desunt
2741 2035 2868 2089 anni
2906 2037 3001 2090 501
3044 2035 3111 2090 ad
3153 2034 3368 2104 Georgii
3402 2037 3592 2089 calcu-

2022 2128 2134 2180 lum
2167 2145 2179 2179 :
2219 2141 2357 2196 quos
2387 2127 2504 2196 ipse
2531 2127 2702 2180 variis
2732 2126 2906 2182 modis
2949 2127 3226 2181 inculcare
3257 2128 3470 2180 nititur.
3519 2129 3593 2180 De

2023 2217 2289 2275 Cainano.
2326 2223 2380 2269 et
2407 2215 2567 2269 annis
2601 2215 2853 2270 Judicum
2892 2217 3206 2286 plenissime
3236 2218 3404 2272 habes
3439 2219 3492 2271 in
3518 2217 3590 2269 lx

2027 2309 2102 2362 De
2124 2308 2367 2362 doctrina
2400 2317 2706 2374 temporum.
2734 2305 2948 2378 Georgii
2997 2307 3313 2380 μικρολογία
3347 2309 3452 2364 ista
3481 2325 3593 2363 non

2025 2407 2108 2454 est
2138 2400 2326 2454 nauci.

2095 2490 2444 2558 Πανόδωρος
2473 2489 2542 2545 δέ
2566 2507 2677 2556 τις.
2711 2489 2866 2545 Nune
2901 2490 2970 2547 de
2996 2491 3166 2548 altero
3194 2502 3470 2564 computo,
3502 2495 3595 2564 qui

2024 2589 2108 2639 est
2146 2581 2420 2637 Panodori
2454 2583 2733 2638 monachi.
2776 2583 2826 2638 Is
2852 2593 3015 2638 teram
3056 2585 3292 2654 priorem
3327 2601 3597 2640 annorum

2026 2677 2094 2732 ad
2154 2676 2362 2731 Christi
2424 2675 2832 2748 ὲνανθρώπησιν
2883 2675 3016 2731 5501
3073 2685 3200 2731 octo
3265 2678 3453 2742 annis,
3511 2679 3598 2731 vel

2026 2767 2215 2823 decem
2262 2767 2603 2834 decurtavit;
2637 2767 2798 2836 cujus
2838 2767 3044 2822 inventi
3102 2768 3402 2837 probabilis
3443 2776 3526 2823 est
3566 2785 3600 2823 a

2025 2861 2186 2916 nobis
2225 2874 2391 2929 supra
2416 2859 2626 2914 reddita
2651 2861 2824 2914 ratio:
2851 2874 3015 2930 quam
3047 2874 3176 2914 vero
3207 2858 3476 2930 Georgius
3515 2859 3600 2913 af-

2025 2951 2151 3015 fert,
2179 2949 2371 3005 frivola
2401 2958 2516 3017 est;
2560 2964 2661 3006 nec
2710 2951 2835 3020 jure
2879 2950 3158 3005 hominem
3207 2951 3492 3019 redarguit
3538 2959 3600 3005 ut

2025 3059 2152 3099 mox
2173 3042 2464 3098 videbitur.

2109 3133 2239 3188 Ἐπὶ
2266 3130 2373 3203 γὰρ
2397 3132 2464 3186 τὸ
2502 3140 2552 3186 α’
2576 3133 2731 3200 ἕως.
2773 3131 2907 3200 Quae
2954 3137 3264 3203 sequuntur
3310 3131 3598 3204 insigniter

2027 3221 2319 3293 depravata
2371 3231 2532 3290 sunt;
2585 3239 2760 3295 neque
2811 3223 2895 3278 vis
2946 3222 3455 3292 argumentationis,
3485 3238 3598 3294 qua

2027 3313 2374 3368 Panodorum
2420 3313 2706 3386 Syncellus
2749 3323 3057 3384 oppugnat,
3092 3314 3229 3368 satis
3255 3314 3601 3368 animadver-

2028 3410 2182 3463 titur.
2231 3408 2406 3478 Hujus
2457 3418 2637 3463 taInen
2693 3409 2806 3462 hac
2847 3423 3061 3462 summa
3117 3407 3444 3461 conficitur:
3475 3407 3602 3461 ideo

2029 3508 2232 3569 septem
2251 3500 2409 3555 annis
2434 3500 2618 3554 minus
2644 3506 2867 3569 putasse
2893 3498 3263 3564 Panodorum,
3294 3498 3442 3568 quod
3470 3513 3596 3552 cum

2029 3605 2174 3645 anno
2210 3591 2398 3645 mundi
2417 3590 2556 3645 5458
2584 3591 2865 3660 Augustus
2899 3591 3169 3659 imperare
3193 3591 3420 3659 cmperit
3473 3599 3602 3660 post

2029 3695 2218 3736 necem
2235 3681 2366 3735 Julii
2401 3681 2652 3744 Ga‘saris,
2685 3679 3007 3735 Panodorus
3036 3680 3166 3735 5451
3217 3684 3601 3737 tantummodo

2030 3775 2297 3842 posuerit,
2337 3773 2851 3828 mathematicorum
2885 3772 3157 3825 calculum
3199 3781 3440 3828 secutus.
3473 3772 3601 3828 Fuit

2031 3863 2172 3934 apud
2212 3872 2556 3919 astronomos
2593 3865 2646 3917 in
2677 3880 2778 3918 usu
2818 3879 2994 3917 canon
3027 3864 3272 3934 quidam,
3299 3866 3412 3919 sive
3434 3865 3604 3920 later-

2031 3957 2214 4008 culum
2243 3971 2452 4026 regum,
2471 3957 2562 4026 qui
2593 3971 2623 4010 a
2643 3955 3026 4011 Nabonassaro
3055 3957 3121 4011 ad
3152 3957 3484 4011 Antoninum
3511 3975 3604 4012 us-

2030 4063 2139 4117 que
2184 4055 2534 4118 propagatur,
2569 4047 2827 4102 nimirum
2873 4048 2940 4102 ad
2985 4047 3260 4104 Ptolemaei
3300 4057 3543 4118 tempora
3581 4065 3600 4101 :

2032 4139 2125 4208 qui
2150 4154 2179 4191 a
2205 4139 2472 4196 Chaldaeis
2501 4141 2758 4194 traditum
2784 4156 3048 4196 canonem
3082 4139 3344 4194 Romanis
3374 4142 3602 4208 impera-

2032 4233 2245 4286 toribus
2271 4232 2494 4287 auxisse
2521 4233 2757 4287 videtur.
2789 4231 2990 4287 Verum
3030 4233 3083 4284 in
3117 4231 3255 4284 libro
3297 4231 3602 4301 προχείρων

2032 4323 2294 4386 κανόνων,
2341 4325 2434 4394 qui
2481 4325 2696 4380 tabulas
2743 4325 3138 4378 astronomicas
3199 4324 3600 4392 complectitur,

2032 4431 2208 4470 canon
2235 4417 2376 4471 idem
2405 4433 2434 4470 a
2479 4415 2730 4492 Philippo
2779 4417 2993 4471 Aridazo
3026 4417 3256 4486 incipit,
3292 4423 3352 4469 ut
3379 4416 3433 4469 in
3482 4430 3601 4468 ma-

363 4509 474 4564 2l5
503 4511 802 4566 undecimae
821 4553 835 4576 ,
866 4528 976 4582 quo
1023 4529 1212 4569 revera
1242 4523 1438 4584 quarta
1485 4513 1696 4568 decima
1725 4515 1925 4568 Christi

2035 4507 2335 4578 nuscriptis
2357 4506 2639 4562 codicibus
2663 4515 2909 4578 apparet,
2934 4508 3026 4576 qui
3053 4505 3290 4561 Theonis
3317 4521 3599 4561 commen-

366 4601 569 4654 smeulo
611 4601 800 4659 incidit
827 4603 883 4658 in
920 4603 1102 4659 Martii
1133 4605 1275 4660 diem
1309 4622 1472 4672 χχιιι,
1499 4615 1558 4660 ιιι
1594 4606 1759 4676 paulo
1805 4612 1930 4660 ante

363 4691 624 4748 vidimus.

437 4779 640 4852 Πρώτη
663 4779 731 4836 δὲ
749 4785 854 4838 τοῦ
884 4787 1018 4854 παρ’
1061 4785 1369 4854 Ἑϐραίοις.
1412 4785 1608 4841 Mirum
1659 4785 1792 4841 illud
1823 4791 1928 4853 est,

366 4887 484 4927 non
525 4875 699 4928 solum
752 4877 1091 4931 neomeniam
1138 4877 1310 4934 fuisse
1354 4876 1523 4935 Nisan
1568 4876 1710 4932 diem
1755 4877 1928 4939 illum,

365 4981 526 5035 quem
571 4967 715 5022 lunae
748 4985 839 5023 va
876 4969 960 5024 vel
993 4985 1105 5024 xvii
1137 4985 1260 5026 esse
1295 4971 1427 5026 dicit
1457 5013 1472 5038 ,
1520 4971 1616 5026 sed
1663 4969 1931 5039 ejusmodi

367 5072 584 5126 semper
610 5060 909 5117 exstitisse.
945 5059 1114 5133 Nugae
1154 5063 1272 5119 ista:
1308 5071 1468 5128 sunt,
1500 5064 1606 5118 nisi
1637 5063 1742 5118 hoc
1789 5061 1933 5116 forte

370 5150 560 5216 voluit,
601 5151 756 5206 init-io
797 5169 982 5208 rerum
1027 5155 1266 5224 primum
1305 5170 1571 5223 mensem,
1609 5154 1723 5211 sive
1761 5154 1932 5210 Nisan

365 5241 708 5296 neomeniam
737 5243 998 5300 habuisse
1021 5261 1126 5300 xxv
1153 5244 1240 5300 die
1271 5243 1470 5299 Martii.

451 5332 511 5383 '0
527 5332 643 5400 μὲν
665 5328 778 5387 οὖν
812 5335 1180 5404 Ἀφρικανός.
1203 5335 1332 5390 Vide
1362 5334 1646 5405 superiora
1679 5335 1802 5390 libri
1832 5336 1934 5390 hu-

359 5423 454 5491 jus
476 5425 644 5479 nostri
676 5427 876 5495 capita.

434 5515 724 5581 Εὐσέϐιος
771 5516 840 5570 δὲ
876 5521 908 5571 o’
947 5519 1286 5588 Παμφίλου.
1343 5517 1401 5571 In
1447 5518 1708 5573 chronico
1746 5528 1933 5587 poste-

363 5605 534 5669 riore,
572 5607 866 5678 interprete
920 5618 1111 5665 sancto
1159 5609 1510 5682 Hieronymo,
1563 5609 1830 5664 Eusebius
1874 5611 1931 5665 in

363 5694 637 5752 Prooemio
662 5709 910 5755 numerat
958 5701 1027 5754 ab
1084 5702 1292 5756 Adamo
1329 5702 1396 5756 ad
1439 5701 1704 5755 diluvium
1730 5715 1930 5757 annos

360 5785 524 5859 2242,
561 5805 589 5843 a
625 5790 829 5848 diluvio
881 5793 947 5848 ad
978 5803 1159 5849 ortum
1185 5795 1500 5860 Abrahami,
1533 5793 1655 5850 942.
1705 5791 1928 5848 Summa

2032 4599 2203 4655 larius
2233 4601 2312 4662 εἰς
2342 4601 2468 4662 τοὺς
2498 4601 2818 4671 προχείρους
2865 4601 3095 4663 κανόνας
3125 4599 3402 4654 exhibent.
3432 4598 3603 4668 Igitur

2031 4703 2060 4741 a
2091 4698 2270 4744 morte
2315 4690 2631 4752 Alexandri,
2665 4697 2720 4744 et
2745 4689 2921 4743 Thoth
2956 4688 3214 4759 Philippi,
3256 4689 3324 4742 ad
3370 4695 3598 4743 mortem

2029 4781 2350 4850 Cleopatrae,
2383 4783 2513 4837 anni
2546 4784 2879 4854 colliguntur
2906 4782 3030 4838 294.
3067 4781 3194 4836 Inde
3225 4780 3458 4851 Augusti
3485 4781 3603 4834 Ca-

2033 4873 2174 4928 saris
2207 4874 2298 4928 45.
2333 4873 2542 4944 Duplex
2578 4875 2725 4930 enim
2763 4875 2980 4929 initium
3007 4874 3265 4944 Augusti,
3307 4873 3537 4926 alterum
3568 4887 3599 4924 ιι

2031 4972 2206 5019 morte
2259 4962 2388 5018 Julii
2435 4965 2690 5030 Caesaris,
2725 4966 2958 5020 alterum
3003 4979 3034 5018 a
3091 4978 3225 5018 nece
3275 4962 3495 5016 Antonii
3545 4971 3602 5016 et

2031 5054 2353 5124 Cleopatrae,
2386 5072 2505 5127 qua:
2535 5064 2620 5112 est
2657 5057 2865 5128 epocha
2916 5071 3183 5111 annorum
3230 5056 3596 5109 Actiacorum.

2031 5149 2318 5206 Intervalla
2348 5164 2512 5219 porro
2554 5163 2822 5203 annorum
2849 5163 2880 5202 a
2922 5148 3208 5204 neomenia
3237 5145 3438 5208 Thoth,
3478 5159 3601 5215 quae
3638 5151 3643 5156 '

2031 5245 2344 5316 principum
2401 5251 2633 5297 mortem
2665 5243 2914 5314 proxime
2945 5251 3240 5297 consecuta
3273 5246 3375 5304 est,
3410 5239 3465 5292 in
3505 5239 3600 5292 illo

2032 5349 2243 5390 canone
2280 5333 2603 5404 procedunt.
2648 5333 2893 5388 Mortuus
2918 5341 3001 5388 est
3032 5331 3339 5387 Alexander
3369 5329 3600 5398 Magnul

2032 5442 2178 5483 anno
2197 5427 2375 5498 primo
2394 5428 2616 5483 ineunte
2640 5425 2966 5497 Olympiadis
2979 5439 3126 5489 cxIv,
3143 5423 3352 5493 periodi
3366 5421 3598 5476 Iuliana:

2031 5520 2195 5585 4590,
2227 5535 2373 5574 anno
2399 5518 2772 5574 Nabonassari
2799 5517 2924 5581 424,
2955 5517 3049 5587 qui
3073 5517 3239 5586 cmpit
3273 5513 3600 5568 Novembris

2033 5627 2133 5666 χιι.
2168 5611 2349 5676 Quare
2376 5611 2555 5664 Thoth
2589 5610 2823 5679 Philippi
2853 5610 3074 5674 Aridaai,
3099 5610 3214 5664 sive
3250 5607 3443 5660 mortis
3472 5603 3596 5657 Ale-

2034 5701 2248 5764 xandri,
2273 5702 2526 5756 convenit
2555 5701 2611 5755 in
2636 5701 2953 5756 Novembris
2970 5715 3043 5753 χιι
3077 5701 3204 5753 anni
3233 5696 3475 5768 ejusdem
3506 5712 3597 5761 ιιι·-

2031 5791 2172 5848 riodi
2199 5790 2429 5849 Julianae
2457 5793 2619 5856 4590.
2656 5801 2708 5851 et
2729 5793 2943 5849 initium
2969 5791 3116 5848 dedit
3147 5806 3290 5847 anno
3316 5789 3600 5845 Nabonaso
