4124 6426
485 371 621 422 HI?)

1504 359 1594 413 AD
1636 354 1904 412 EUSEBll
1940 350 2339 412 CHRONICON
2378 347 2738 404 APPENDIX.

3580 343 3718 402 1616

482 483 592 537 sari
629 479 753 536 425.
795 478 922 534 Hac
969 487 1052 534 est
1085 478 1293 550 epocba
1333 475 1443 531 τῶν
1477 475 1784 548 προχείρων
1813 473 2054 527 κανόνων

2158 469 2300 524 ticus
2330 467 2399 522 ab
2425 465 2648 522 exordio
2666 463 2900 533 Philippi
2918 461 2983 515 ad
3000 459 3231 531 Augusti
3252 458 3504 514 ultimum
3525 473 3721 515 nurne-

479 571 778 626 Ptolemai.
807 570 853 623 A
883 583 991 639 qua
1027 569 1153 622 anni
1191 574 1319 622 sunt
1349 563 1656 636 Egyptiaci
1686 561 1791 616 294
1817 559 2051 616 absoluti

480 664 550 716 ad
581 661 759 715 Thoth
807 658 1115 721 Actiacum,
1163 656 1278 711 sive
1317 654 1657 710 neomeniam
1699 651 1901 716 Thoth,
1929 665 2051 721 qua

481 767 628 805 anno
668 751 782 816 illo,
817 764 926 820 quo
965 755 1179 802 mortua
1224 757 1308 802 est
1357 745 1678 815 Cleopatra,
1717 743 1951 798 incurrit
1995 743 2051 796 in

478 857 609 897 xxxn
635 841 778 895 diem
803 838 1067 909 Augusti;
1102 845 1156 893 et
1182 837 1466 892 exordium
1490 835 1671 890 attulit
1699 849 1843 888 anno
1874 831 2054 888 Nabo-

479 932 696 987 nassari
731 929 850 996 7l9,
893 944 1038 984 anno
1077 928 1284 998 periodi
1313 926 1544 982 Juliana
1570 925 1732 989 4684,
1767 924 1931 980 Urbis
1961 940 2050 980 se-

479 1023 719 1078 cundum
744 1019 1044 1074 Varronem
1064 1019 1186 1073 724.
1207 1017 1560 1073 intervallum
1581 1032 1612 1071 a
1634 1026 1807 1071 morte
1818 1017 2054 1070 Alexan-

478 1115 565 1170 dri
599 1114 666 1167 ad
713 1113 893 1168 Thoth
941 1112 1251 1176 Actiacum,
1299 1111 1430 1166 anni
1480 1109 1645 1166 solidi
1678 1109 1805 1164 294.
1838 1107 2052 1163 Rursus

481 1204 712 1276 Augusti
743 1220 894 1260 mors
934 1205 1166 1275 contigit
1205 1219 1350 1258 anno
1379 1201 1540 1259 Urbis
1568 1201 1689 1267 767,
1718 1199 1924 1256 mensis
1959 1215 2053 1254 co-

480 1296 760 1365 gnominis
818 1312 934 1362 xix,
968 1310 1347 1368 epagomenon
1377 1311 1430 1359 ν,
1474 1293 1604 1348 anni
1648 1291 2053 1348 Nabonassarei

481 1380 805 1456 762;cujus
840 1385 1023 1440 Thoth
1061 1386 1184 1441 iniit
1207 1386 1436 1458 Augusti
1468 1401 1561 1450 xx,
1588 1386 1798 1455 periodi
1823 1382 2054 1440 Iuliana

478 1480 641 1543 4727,
668 1480 880 1536 decimo
909 1486 1107 1550 quarto
1135 1473 1452 1534 communis
1508 1494 1650 1534 ara.
1678 1477 1784 1533 Sed
1818 1487 1932 1532 tum
1960 1493 2057 1532 an-

480 1585 587 1624 nus
619 1569 780 1632 ﬁxus,
811 1576 866 1624 et
893 1569 1154 1623 Actiacus
1197 1569 1393 1622 eratin
1431 1584 1631 1635 cursu;
1673 1567 1834 1637 cujus
1875 1566 2052 1622 Thoth

480 1669 742 1731 perpetuo
783 1659 852 1716 ab
894 1660 1128 1731 Augusti
1167 1674 1298 1713 xxix
1327 1658 1415 1713 die
1462 1659 1913 1728 auspicabantur.
1948 1657 2055 1712 lta-

477 1769 586 1823 que
615 1767 642 1805 a
664 1751 839 1806 Thoth
859 1751 1104 1816 Actiaco,
1135 1752 1202 1806 ad
1231 1751 1411 1807 Thoth
1437 1752 1630 1807 mortis
1650 1750 1901 1821 Augusti,
1926 1751 2054 1805 anni

2151 571 2242 615 rat
2265 574 2439 614 annos
2465 565 2740 612 vertentes
2756 555 2880 618 557,
2905 554 2978 607 ita
3003 562 3062 607 ut
3081 553 3185 608 558
3203 553 3272 608 ab
3290 550 3517 622 Augusti
3542 558 3722 607 morte

2153 653 2398 723 coeperit.
2428 650 2547 705 Jan:
2573 651 2619 706 si
2646 664 2818 704 annos
2841 647 2946 702 558
2967 647 3192 716 adjicias
3221 646 3291 699 ad
3317 645 3422 715 A24
3443 644 3724 702 Nabonas-

2154 746 2300 808 sari,
2332 743 2657 799 conﬁabitur
2700 755 2879 795 annus
2919 737 3290 792 Nabonassari
3333 737 3459 801 762,
3500 738 3591 807 qui
3635 745 3722 792 est

2153 836 2330 892 Thoth
2360 835 2552 890 mortis
2579 830 2828 904 Augusti.
2855 829 3010 885 Adde
3033 830 3256 885 eosdem
3286 828 3392 884 558
3420 828 3486 882 ad
3515 844 3720 883 annum

2151 929 2424 986 Panodori
2448 926 2608 990 5169,
2641 927 2868 981 exsistet
2896 937 3074 978 annus
3107 922 3292 977 mundi
3321 922 3480 976 5507.
3513 921 3725 978 Rectis-

2154 1025 2293 1080 sime
2336 1022 2519 1091 itaque
2544 1018 2866 1073 Panodorus
2895 1032 3006 1072 non
3045 1016 3224 1073 solum
3260 1013 3440 1069 Thoth
3482 1013 3723 1085 Philippi

2154 1131 2278 1169 cum
2317 1128 2461 1168 anno
2505 1109 2748 1181 computi
2781 1109 2866 1164 sui
2897 1108 3037 1163 5170
3073 1109 3377 1178 c0pulavit,
3411 1107 3507 1162 sed
3555 1108 3720 1162 etiam

2154 1207 2389 1277 primum
2419 1219 2622 1258 annum
2641 1201 2903 1272 Augustei
2928 1200 3142 1270 imperii
3172 1215 3296 1254 cum
3321 1200 3489 1266 545i;
3517 1201 3562 1254 si
3595 1199 3721 1270 qui.-

2153 1297 2276 1352 dem
2307 1297 2742 1351 incarnationem
2763 1293 2972 1350 Christi
2990 1293 3222 1348 contulit
3245 1292 3301 1347 in
3323 1307 3526 1346 annum
3553 1291 3716 1354 5495,

2154 1403 2219 1443 ac
2238 1389 2379 1443 luna
2407 1387 2620 1459 cyclum
2655 1385 2691 1439 2
2722 1400 2754 1438 a
2792 1383 3043 1455 populari
3073 1383 3564 1438 Alexandrinorum
3590 1397 3721 1452 epo-

2154 1481 2256 1533 cha
2282 1480 2688 1550 procedentem,
2716 1476 2772 1532 id
2795 1485 2880 1533 est
2907 1475 3137 1546 Augusti
3156 1492 3303 1538 xxix,
3331 1490 3360 1529 a
3378 1490 3486 1545 quo
3512 1489 3716 1530 annum

2153 1572 2541 1636 ordiebantur;
2575 1571 2658 1626 vel
2691 1583 2721 1623 a
2753 1584 2922 1624 verno
2967 1576 3232 1637 tempore,
3284 1575 3342 1620 ut
3377 1568 3723 1636 computista

2155 1669 2352 1723 solent.
2377 1666 2521 1734 Quin
2556 1681 2623 1721 ex
2653 1666 2721 1722 iis
2762 1664 3008 1736 vestigiis
3043 1663 3409 1734 chronologia
3443 1661 3713 1717 Panodori

2155 1759 2474 1828 conjectura
2519 1756 2637 1813 ﬁeri
2687 1763 2866 1827 potest
2895 1763 3210 1811 accuratum
3242 1755 3311 1810 iis
3353 1756 3407 1809 in
3454 1754 3618 1810 rebus
3652 1768 3717 1808 ac

479 1843 717 1899 absoluti
749 1852 879 1898 sunt
925 1842 1014 1897 45.
1049 1840 1175 1898 Hac
1216 1849 1346 1898 sunt
1387 1841 1722 1906 indubitata,
1750 1850 1805 1896 et
1828 1855 1859 1894 a
1894 1841 2052 1897 nobis
2083 1838 2125 1894 B
2154 1851 2472 1922 diligentem
2505 1848 2781 1904 hominem
2812 1847 3018 1914 fuisse;
3058 1853 3222 1916 atque
3257 1843 3403 1899 haud
3444 1844 3608 1914 paulo
3632 1845 3720 1899 ίη-

479 1934 925 1988 demonstrantur
979 1932 1038 1986 in
1072 1941 1220 1987 tomo
1263 1933 1572 2002 posteriore
1619 1930 1800 2001 aperis
1840 1928 1917 1984 De
1955 1929 2051 1983 do-

481 2023 652 2077 ctrina
679 2032 992 2094 temporum.
1029 2022 1107 2077 Ex
1138 2023 1340 2094 quibus
1361 2020 1708 2077 intervallum
1738 2021 1884 2077 aliud
1911 2036 2054 2077 com-

481 2117 662 2187 putari
685 2123 884 2188 potest,
908 2115 1056 2188 quod
1085 2118 1226 2172 inter
1261 2116 1492 2187 Augusti
1515 2116 1752 2187 primum
1767 2115 2050 2172 exordium

479 2225 544 2264 ac
570 2224 757 2265 necem
791 2209 1091 2280 Cleopatra
1117 2217 1461 2275 numeratur,
1498 2223 1769 2263 annorum
1799 2207 1886 2262 15.
1913 2205 2050 2260 Nam

477 2302 712 2371 Augusti
753 2301 1042 2373 imperium
1075 2301 1241 2372 capit
1290 2315 1435 2356 anno
1483 2298 1649 2355 Urbis
1698 2299 1792 2352 711
1830 2315 1843 2350 :
1891 2299 2051 2367 cujus

478 2392 660 2448 Thoth
716 2393 971 2447 convenit
1024 2392 1081 2446 in
1120 2388 1473 2462 Septembris
1537 2405 1620 2457 Ill,
1670 2389 1880 2446 Nabon.
1925 2388 2050 2455 706,

479 2485 688 2555 periodi
720 2483 953 2540 Iuliana
978 2484 1141 2539 4671.
1165 2483 1294 2540 lude
1327 2483 1392 2540 ad
1418 2483 1594 2538 Thoth
1611 2487 1894 2540 Actiacum
1919 2485 2050 2538 anni

482 2576 645 2634 Urbis
674 2577 795 2644 724,
831 2577 960 2630 anni
1008 2576 1248 2632 confecti
1302 2584 1430 2632 sunt
1463 2577 1552 2632 15.
1591 2576 1772 2644 Quare
1799 2592 1831 2630 a
1869 2575 2050 2647 Thoth

479 2669 694 2738 imperii
726 2667 981 2739 Augusti,
1029 2667 1096 2722 ad
1146 2665 1326 2722 Thoth
1385 2669 1579 2725 mortis
1619 2669 1887 2740 ejusdem,
1917 2668 2051 2723 anni

480 2765 610 2810 sunt
637 2755 948 2827 Egyptiaci
979 2763 1256 2812 vertentes
1289 2755 1378 2812 56.
1436 2757 1754 2814 Panodorus
1797 2758 2064 2817 incarna—.

477 2849 684 2903 tionem
730 2847 938 2904 Christi
963 2847 1286 2904 conferebat
1323 2849 1381 2903 in
1429 2865 1554 2905 eum
1589 2864 1814 2915 annum,
1841 2849 1938 2920 qui
1966 2864 2052 2920 cy-

479 2942 627 2996 clum
669 2940 918 2996 lunarem
973 2940 1168 2996 habuit
1195 2941 1232 2995 2
1275 2956 1306 2995 a
1351 2939 1529 2996 Thoth
1578 2929 1968 3007 Alexandrino,
2003 2942 2051 2998 si

477 3032 642 3087 civile
679 3031 896 3087 initium
926 3034 1137 3103 cogites
1157 3075 1172 3101 ,
1205 3034 1286 3088 uti
1317 3033 1414 3089 lib.
1438 3031 1511 3088 lX
1540 3033 1618 3087 De
1653 3033 1896 3088 doctrina
1927 3042 2055 3088 tent-

477 3139 688 3192 porum,
720 3123 900 3193 capite
923 3121 992 3178 1V
1023 3123 1332 3178 docuimus.
1369 3122 1500 3178 Erat
1545 3139 1676 3195 ergo
1710 3124 1919 3194 periodi
1955 3123 2053 3178 Jua

477 3215 638 3270 liana
663 3215 824 3278 4715,
857 3215 914 3269 in
943 3230 1107 3287 quem
1148 3216 1389 3286 vulgaris
1419 3231 1638 3287 quoque
1670 3217 1870 3272 natalis
1903 3233 2054 3271 com-

477 3310 637 3381 petit,
668 3309 753 3365 vel
780 3308 943 3374 4714,
982 3310 1029 3364 si
1069 3311 1321 3380 populari
1372 3311 1581 3382 epocba
1610 3327 1745 3368 usus
1768 3327 1852 3368 ρει
1873 3327 1886 3378 ;
1911 3327 2056 3368 anno

477 3399 848 3457 Nabonassari
894 3399 1018 3456 718.
1071 3399 1311 3457 Proinde
1356 3418 1386 3456 a
1437 3402 1617 3457 Thoth
1665 3404 1794 3457 anni
1845 3403 2056 3458 Actiaci

479 3492 681 3563 primi,
716 3491 832 3547 sive
876 3489 1248 3547 Nabonassari
1282 3493 1404 3558 719,
1441 3493 1510 3548 ad
1551 3493 1731 3548 Thoth
1761 3494 1889 3548 anni
1929 3494 2053 3557 748,

479 3591 747 3655 putantur
779 3582 912 3638 anni
965 3584 1125 3639 solidi
1157 3584 1248 3650 29,
1279 3584 1352 3639 ita
1401 3593 1461 3640 ut
1518 3584 1796 3641 tricesimo
1833 3585 2057 3640 Actiaco

481 3676 712 3732 ineunte
763 3675 1090 3731 incarnatus
1138 3677 1212 3730 sit
1260 3676 1547 3733 Dominus.
1590 3678 1762 3748 Igitur
1799 3679 1868 3734 ab
1913 3693 2058 3732 anno

482 3767 858 3823 Nabonassari
888 3767 1114 3823 ineunte
1144 3767 1272 3831 425,
1295 3768 1414 3824 sive
1440 3784 1471 3822 a
1502 3767 1683 3823 Thoth
1710 3768 1964 3839 Philippi,
1988 3767 2058 3822 ad

485 3875 692 3915 annum
735 3860 1015 3915 ineuntem
1069 3859 1171 3914 748
1215 3859 1608 3924 Nabonassari,
1659 3877 1770 3932 quo
1808 3860 2058 3916 Christus

484 3957 810 4009 incarnatus
858 3961 964 4017 est,
1008 3953 1139 4007 anni
1172 3953 1442 4023 interjecti
1483 3962 1612 4010 sunt
1655 3955 1887 4011 absoluti
1922 3953 2055 4021 525;

487 4045 566 4100 ita
595 4055 656 4100 ut
683 4059 829 4099 anno
861 4043 966 4100 524
989 4044 1060 4100 ab
1083 4045 1242 4100 initio
1278 4043 1514 4117 Philippi
1552 4045 1759 4101 Christi
1791 4045 2058 4117 ὲνανθρώ-

488 4155 656 4210 πησις
687 4137 965 4193 inciderit.
996 4135 1270 4193 Detractis
1295 4151 1428 4207 ergo
1458 4139 1620 4193 annis
1647 4137 1753 4192 524
1789 4137 1857 4192 de
1895 4136 2055 4202 5495,

488 4231 687 4300 reliqui
709 4214 1029 4297 sunt5169;
1058 4229 1306 4300 adeoque
1332 4245 1479 4285 anno
1512 4229 1653 4285 5170
1684 4231 1752 4284 ab
1794 4236 2058 4284 autumno

489 4314 750 4376 inchoato
791 4318 973 4374 Thoth
1025 4318 1265 4392 Philippi
1293 4321 1519 4385 accidit,
1554 4329 1615 4374 ut
1660 4320 1852 4375 scribit
1891 4320 2062 4376 Geor-

489 4414 652 4484 gius:
685 4412 779 4482 qui
811 4421 866 4466 et
907 4411 1114 4468 frustra
1167 4410 1518 4467 Panodorum
1562 4411 1865 4481 redarguit,
1911 4410 2057 4481 quod

489 4504 728 4575 primum
786 4501 998 4556 initium
1065 4502 1300 4573 Augusti
1360 4500 1595 4559 Caesaris
1639 4501 1868 4572 illigavit
1917 4512 2138 4569 aunoD

488 4592 680 4649 mundi
701 4592 864 4647 5451.
882 4591 942 4646 ld
965 4593 1111 4647 enim
1138 4601 1508 4649 consentanee
1532 4591 1662 4648 fecit
1690 4592 2006 4648 constituta
2027 4606 2059 4645 a

491 4699 554 4741 se
573 4684 962 4754 cbronologia.
994 4684 1206 4740 Etenim
1233 4685 1473 4754 primum
1501 4683 1735 4756 Augusti
1764 4685 2062 4755 imperato-

491 4777 570 4832 ris
589 4777 873 4832 exordium
892 4778 962 4832 ab
977 4792 1122 4832 anno
1145 4778 1373 4833 deduxit
1404 4778 1614 4849 periodi
1634 4777 1867 4833 Iuliana
1895 4775 2060 4839 4671,

493 4865 659 4923 Urbis
683 4869 918 4927 condita
951 4869 1074 4935 7H,
1098 4886 1130 4925 a
1169 4887 1280 4942 quo
1311 4872 1563 4942 plerique
1586 4872 1880 4942 imperium
1912 4869 2063 4925 illius

493 4961 760 5032 auspicati
786 4969 936 5028 sunt,
976 4969 1038 5017 ut
1065 4965 1232 5034 paulo
1265 4972 1393 5020 ante
1431 4963 1694 5020 diximus.
1719 4962 1840 5018 Jam
1861 4977 1992 5018 vero
2031 4978 2060 5016 a

495 5048 676 5105 Thoth
734 5051 996 5124 Philippi,
1051 5055 1168 5110 sive
1223 5055 1293 5109 ab
1341 5063 1488 5111 anno
1535 5055 1907 5112 Nabonassari
1957 5054 2063 5109 425

495 5142 741 5210 ineunte,
794 5145 862 5201 ad
918 5146 1197 5203 ineuntem
1250 5162 1456 5204 annum
1501 5147 1713 5205 Nabon.
1768 5148 1890 5212 706,
1935 5148 2065 5201 anni

497 5245 626 5292 sunt
661 5246 961 5306 vertentes,
996 5248 1052 5296 et
1097 5241 1295 5312 integri
1334 5241 1435 5297 281
1470 5257 1482 5293 :
1515 5242 1609 5312 qui
1638 5241 1808 5296 additi
1853 5239 1922 5295 ad
1967 5255 2067 5293 an-

497 5343 626 5383 na
651 5331 840 5386 mundi
867 5332 1028 5398 5170,
1060 5333 1148 5387 cui
1177 5331 1356 5388 Thoth
1377 5332 1610 5403 Philippi
1629 5332 1907 5403 congruit,
1933 5347 2066 5387 con-

496 5418 693 5473 ﬁciunt
752 5435 958 5476 annum
1005 5423 1196 5478 mundi
1243 5424 1403 5487 5151,
1455 5425 1693 5494 primum
1733 5423 2067 5478 monarchia

494 5511 748 5581 Augusti.
771 5513 978 5570 Exinde
1009 5517 1168 5573 annis
1197 5516 1428 5586 adjectis
1457 5515 1523 5572 56
1547 5516 1763 5585 imperii
1793 5515 2062 5585 ejusdem,

498 5603 716 5658 exsistit
753 5620 931 5663 annus
958 5609 1148 5664 mundi
1179 5609 1340 5677 5507,
1373 5624 1483 5680 quo
1504 5609 1785 5679 Augustus
1807 5607 2066 5674 excessit,

499 5707 810 5758 quanquam
864 5697 1108 5753 nondum
1153 5700 1414 5755 inchoato
1450 5699 1611 5764 £507,
1657 5699 1750 5754 sed
1779 5698 1958 5752 adhuc
1992 5698 2070 5750 la-

498 5781 662 5839 bente
683 5785 820 5844 5306
853 5791 1031 5859 periit.
1059 5789 1202 5858 Quin
1222 5795 1385 5849 etiam
1416 5807 1592 5849 canon
1635 5793 1726 5849 ille
1765 5792 2066 5846 mathema-

2150 1939 2571 2011 telligeutiorem
2605 1937 2728 2008 ejus
2759 1938 3154 2010 reprehensore
3186 1935 3452 2007 Georgio,
3479 1933 3638 2007 cujus
3661 1935 3718 1990 in

2151 2031 2255 2087 hoc
2279 2046 2477 2102 genere
2504 2030 2713 2085 inﬁnita
2738 2037 2961 2101 peccata
2979 2040 3140 2096 sunt;
3161 2030 3254 2085 sed
3283 2031 3492 2084 nullum
3513 2030 3715 2099 majus,

2149 2138 2313 2194 quam
2341 2123 2487 2194 quod
2516 2137 2579 2178 ea
2599 2122 2857 2178 vellicare
2891 2121 3146 2188 instituit,
3177 2137 3299 2192 qua
3329 2137 3502 2191 neque
3532 2121 3717 2192 capie-

2148 2215 2242 2270 bat
2277 2215 2416 2284 ipse,
2441 2222 2496 2270 et
2531 2215 2600 2270 ab
2640 2215 2734 2270 illo
2767 2215 2911 2284 ipso,
2941 2229 3103 2285 quem
3138 2215 3465 2280 accusabat,
3499 2212 3716 2270 fuerant

2151 2306 2356 2376 scripta
2379 2314 2716 2363 constanter.

2233 2399 2328 2466 Ὧς
2348 2399 2415 2452 τὸ
2431 2399 2581 2468 πρὸς
2610 2399 2678 2452 τὸ
2693 2407 2788 2470 μγ
2802 2400 2956 2466 ἔτος.
2982 2398 3110 2454 Hac
3136 2406 3266 2453 sunt
3284 2397 3563 2453 mendosa.
3579 2395 3715 2450 Nam

2151 2491 2331 2546 dicere
2360 2490 2580 2546 videtur
2605 2491 2883 2546 Christum
2913 2492 2969 2544 in
3018 2489 3285 2545 mundum
3323 2488 3538 2544 venisse
3572 2499 3716 2543 anno

2149 2582 2383 2652 Augusti
2403 2595 2570 2649 xuii;
2603 2591 2658 2636 et
2689 2581 2827 2636 idem
2861 2588 3044 2634 tamen
3083 2589 3192 2636 tres
3221 2579 3345 2634 illos
3389 2585 3442 2632 et
3475 2579 3715 2648 quadra-

2151 2674 2301 2745 ginta
2330 2688 2505 2728 annos
2550 2687 2582 2726 a
2617 2681 2795 2727 morte
2831 2671 3129 2743 Cleopatra
3159 2669 3226 2724 ad
3249 2669 3477 2740 Augusti
3508 2669 3715 2724 obitum

2152 2764 2415 2820 extendit.
2451 2763 2762 2834 Utrumque
2791 2777 2982 2817 verum
3012 2769 3133 2828 est;
3179 2768 3234 2816 et
3273 2774 3305 2814 a
3338 2760 3515 2830 primo
3557 2759 3716 2814 initio

2150 2854 2386 2910 Caesaris
2425 2854 2662 2927 Augusti
2711 2853 2780 2908 ad
2833 2851 3232 2908 lncarnationis
3279 2867 3517 2917 annum,
3555 2866 3718 2921 quem

2149 2942 2474 3000 Panodorus
2505 2943 2816 3007 constituit,
2852 2958 3029 2999 annos
3066 2957 3190 2998 esse
3221 2957 3390 3008 xtut;
3431 2948 3487 2996 et
3519 2957 3549 2995 a
3586 2957 3722 2997 nece

2151 3036 2456 3106 Cleopatra
2484 3035 2710 3090 totidem
2766 3033 2835 3088 ad
2879 3047 3168 3088 excessum
3213 3031 3469 3102 Augusti.
3506 3029 3720 3088 Etenim

2155 3141 2299 3181 anno
2328 3126 2490 3182 tertio
2516 3125 2756 3192 Juliano,
2776 3125 2983 3196 periodi
3011 3123 3241 3179 Juliana
3265 3124 3429 3190 4671,
3457 3125 3724 3194 imperare

2155 3219 2319 3289 capit
2361 3218 2664 3290 Augustus,
2712 3233 2779 3273 ex
2819 3217 3077 3288 Opinione
3131 3215 3428 3271 Panodori.
3470 3214 3724 3282 Christus

2155 3313 2475 3370 incarnatus
2495 3319 2580 3367 est
2606 3326 2749 3366 anno
2778 3308 2998 3366 Iuliano
3032 3325 3181 3366 var.
3211 3309 3454 3380 Demptis
3485 3307 3720 3369 duobus.
3751 3340 3755 3345 -

2155 3407 2401 3476 reliquus
2435 3411 2518 3461 est
2566 3419 2743 3460 annus
2771 3419 2898 3458 xLIv
2941 3403 3010 3457 ab
3053 3402 3211 3456 initio
3252 3400 3483 3471 Augusti
3525 3419 3538 3454 :
3575 3400 3724 3468 quia

2155 3497 2336 3551 Thoth
2367 3496 2494 3551 anni
2543 3493 2747 3550 Juliani
2789 3509 2934 3558 XLVI,
2961 3493 3170 3565 periodi
3209 3490 3442 3546 Juliana
3472 3491 3613 3546 47H
3649 3493 3728 3544 in-

2156 3591 2406 3644 choatur.
2465 3587 2706 3642 Labente
2759 3587 2946 3657 itaque
2999 3601 3130 3640 xtut
3186 3585 3421 3640 Casaris
3466 3583 3721 3653 Augusti,

2156 3691 2344 3731 mense
2365 3675 2558 3730 Martio
2585 3675 2814 3746 contigit
2851 3673 3285 3747 ὲνανθρώπησις.
3318 3671 3534 3728 Rursus
3584 3673 3724 3728 obiit

2157 3768 2436 3837 Augustus
2465 3782 2608 3822 anno
2627 3766 2845 3822 Iuliano
2864 3782 2974 3832 le,
3002 3765 3234 3837 Augusti
3254 3767 3458 3821 mensis
3479 3781 3592 3828 xix,
3625 3780 3722 3835 pe-

2158 3861 2297 3914 riodi
2325 3859 2557 3915 Iuliana
2603 3859 2764 3915 4727.
2804 3857 3158 3916 Intervallum
3197 3860 3267 3915 ab
3324 3874 3468 3914 anno
3507 3856 3728 3914 Iuliano

2157 3966 2270 4015 xvn,
2289 3967 2400 4020 quo
2425 3952 2634 4022 primus
2663 3951 2920 4006 Actiacus
2947 3952 3134 4023 capit,
3173 3951 3241 4006 ad
3288 3966 3401 4015 ιιι,
3430 3958 3558 4007 sunt
3599 3952 3728 4005 anni

2158 4059 2310 4099 me.
2339 4044 2487 4100 Obiit
2517 4045 2686 4115 igitur
2707 4044 2988 4117 Augustus
3016 4051 3251 4099 exeunte
3275 4058 3420 4097 anno
3458 4059 3592 4098 me
3619 4044 3730 4096 ἀπὸ

2158 4138 2260 4208 τῆς
2292 4137 2661 4208 καθαιρέσεως
2690 4136 3012 4208 Cleopatra,
3053 4136 3158 4191 hoc
3193 4142 3279 4190 est
3321 4133 3500 4188 Thoth
3535 4135 3730 4190 mortis

2160 4229 2390 4300 Augusti
2416 4229 2515 4284 fuit
2534 4229 3232 4302 quadragesimusquartus
3251 4243 3280 4281 a
3292 4225 3469 4283 Thoth
3483 4228 3728 4282 Actiaco.

2162 4321 2290 4376 Haec
2318 4338 2447 4377 vera
2483 4330 2631 4380 sunt.
2664 4322 2772 4379 Sed
2809 4321 3077 4394 Georgius
3125 4323 3382 4392 perplexe
3413 4326 3468 4374 et
3497 4319 3731 4376 obscure

2162 4413 2425 4485 loquitur.

2775 4527 2907 4588 CAP
2917 4525 3004 4584 UT
3045 4526 3111 4582 ν.

2164 4623 2244 4678 De
2273 4621 2578 4677 Grrecorum
2606 4628 2968 4690 computorum
2993 4619 3189 4688 epocha
3221 4620 3277 4672 in
3297 4615 3452 4690 anno
3485 4617 3731 4683 Iuliano,
3765 4607 3784 4626 ’

2239 4694 2400 4764 deque
2460 4686 2730 4763 συρισταηὶ
2768 4691 2825 4744 in
2857 4691 2923 4744 iis
2972 4686 3235 4746 methodo.
3284 4686 3556 4743 Maximus
3607 4691 3735 4744 illu-

2238 4772 2465 4818 uratur.

2237 4874 2428 4930 Civilis
2450 4872 3188 4943 Constantinopolitanorum
3205 4885 3386 4926 annus
3415 4885 3444 4924 a
3475 4869 3736 4926 Kalendis

2172 4963 2512 5034 Septembris
2567 4963 2865 5035 incipiebat
2917 4979 3026 5018 una
3079 4978 3204 5018 cum
3249 4963 3571 5019 indictione.
3605 4959 3738 5018 Inde

2170 5059 2339 5128 igitur
2367 5057 2502 5113 solis
2529 5070 2593 5111 ac
2613 5057 2756 5111 luna
2780 5055 2965 5128 cyclos
2994 5069 3093 5126 par
3113 5061 3233 5109 erat
3253 5054 3514 5125 incipere,
3543 5067 3738 5122 quem-

2171 5149 2464 5205 admodum
2495 5148 2873 5212 Alexandrini,
2903 5149 2997 5218 qui
3037 5147 3220 5202 triduo
3283 5152 3411 5201 ante
3459 5143 3740 5216 popularis

2172 5242 2298 5295 anni
2327 5241 2655 5312 principium
2683 5241 2976 5303 habebant,
3007 5239 3248 5295 indidem
3265 5246 3320 5293 et
3347 5237 3529 5308 cyclos
3555 5233 3740 5288 ordie-

2169 5331 2394 5388 bantur.
2431 5331 2538 5388 Sed
2575 5348 2701 5388 cum
2753 5331 2986 5388 Romani
3038 5331 3170 5386 anni
3219 5328 3592 5399 descriptione
3638 5323 3746 5379 Bo—

2173 5428 2457 5496 manisque
2494 5426 2776 5482 mensibus
2807 5431 3113 5489 uterentur,
3144 5422 3291 5477 illius
3321 5421 3486 5477 etiam
3521 5418 3743 5473 initium

2171 5519 2344 5575 Graci
2363 5533 2754 5588 nonnunquam
2774 5517 3161 5572 adhibuerunt.
3176 5513 3314 5568 Tum
3333 5511 3476 5584 quod
3503 5509 3746 5565 Pascha-

2173 5609 2244 5664 tis
2274 5623 2440 5664 causa
2467 5608 2608 5679 cycli
2655 5622 2685 5660 a
2715 5606 3046 5661 Christianis
3087 5604 3354 5674 assumpti
3399 5609 3567 5657 sunt:
3597 5597 3748 5669 quod

2174 5697 2373 5752 festum
2420 5714 2590 5753 verno
2633 5706 2878 5768 tempore
2925 5697 3265 5760 celebratur;
3313 5695 3441 5749 hinc
3499 5692 3748 5762 plerique

2177 5805 2285 5845 non
2309 5789 2470 5846 modo
2502 5789 2800 5861 cyclorum,
2831 5789 2927 5847 sed
2974 5797 3029 5846 et
3071 5789 3201 5844 anni
3248 5788 3426 5858 ipsius
3457 5783 3748 5842 exordium
