4124 6460
346 334 483 388 NI?

1318 319 1770 379 DISSEBTATIO
1802 317 1890 372 DE
1926 314 2335 373 GRJECORUM
2374 313 2579 369 ASRIS.

3437 308 3570 368 1418

345 450 400 502 in
446 459 612 500 verno
659 456 846 496 mense
898 444 1240 503 statuerunt;
1299 436 1471 505 Aprili
1516 433 1766 488 videlicet
1815 440 1906 485 aut
1938 443 1982 495 Α
2011 432 2220 486 scitur:
2248 430 2474 485 ubitam
2502 429 2744 482 lunarem
2776 441 3001 490 annum,
3036 440 3100 481 ac
3139 428 3373 497 cyclum,
3406 443 3571 497 quam

346 537 557 592 Martio.

415 629 546 695 Quae
582 634 660 680 tot
702 624 979 678 initiorum
1013 622 1250 676 varietas
1292 621 1444 689 prius
1487 618 1786 686 scriptores
1822 617 1906 685 ip-

346 736 459 783 sos,
480 732 640 789 quam
665 730 853 770 eorum
877 715 1129 775 lectores,
1164 710 1472 765 admirabili
1495 707 1911 778 perturbatione

345 809 613 867 confudit.
641 806 775 860 Nam
801 806 910 861 duo
939 806 1258 875 plerumque
1284 800 1501 855 diversa
1540 814 1829 861 annorum,
1858 804 1912 852 et

347 903 624 973 cyclorum
670 896 940 968 principia
993 896 1225 949 miscent
1274 892 1550 946 invicem:
1586 906 1688 945 nec
1740 890 1807 944 ad
1858 889 1912 943 id

346 992 492 1064 quod
516 991 683 1048 semel
716 988 950 1057 amplexi
984 993 1133 1047 sunt,
1165 990 1482 1039 constanter
1505 982 1910 1035 adhaarcscunt.

348 1089 569 1139 Annum
598 1097 725 1137 ecce
767 1081 861 1135 alii
909 1079 978 1134 ab
1012 1074 1316 1145 Septembri
1358 1075 1442 1129 vel
1503 1072 1731 1128 Octobri
1778 1071 1916 1125 inci-

350 1176 545 1246 piunt;
588 1173 768 1244 cyclos
800 1177 984 1223 autem
1032 1168 1170 1231 solis
1205 1182 1269 1221 ac
1300 1166 1444 1219 luna:
1481 1163 1550 1218 ab
1586 1160 1782 1215 Martio
1829 1158 1917 1214 vel

349 1268 545 1339 Aprili.
572 1265 808 1332 Quidam
840 1262 1056 1334 cyclum
1088 1260 1222 1315 solis
1240 1258 1307 1313 ab
1332 1255 1591 1323 Octobri;
1626 1255 1768 1308 lunae
1788 1268 1917 1308 vero

350 1361 421 1414 ab
456 1372 624 1413 verno
672 1370 861 1411 mense
897 1359 1204 1421 coeperunt.
1235 1349 1431 1404 Plures
1466 1361 1670 1401 annum
1701 1345 1917 1401 civilem

351 1468 382 1507 a
418 1448 754 1522 Septembri;
778 1445 1211 1502 ecclesiasticum
1230 1443 1299 1498 ab
1332 1441 1505 1512 Aprili
1535 1439 1808 1510 proficisci
1826 1438 1919 1509 ju-

352 1544 515 1609 bent;
541 1542 687 1595 hunc
719 1539 885 1596 etiam
927 1537 1093 1609 aliqui
1123 1534 1318 1590 Martio
1350 1533 1418 1588 ab
1461 1546 1672 1596 mense,
1707 1537 1761 1586 et
1797 1531 1918 1600 ejus

354 1642 506 1691 certa
538 1632 625 1687 die
651 1637 924 1703 repetunt.

420 1723 498 1778 Ea
532 1722 771 1778 methodi
795 1722 1102 1777 obscuritas
1124 1726 1179 1776 et
1206 1717 1460 1775 confusio
1485 1717 1609 1773 luce
1638 1722 1700 1769 ut
1734 1712 1916 1782 aliqua

351 1828 558 1874 nostra:
576 1815 961 1887 disputationis
982 1815 1312 1879 illustretur,
1337 1813 1405 1868 de
1435 1810 1666 1882 singulis
1696 1807 1915 1863 Graeco-
1944 1784 1992 1845 Β

354 1926 478 1964 rum
514 1908 786 1978 computis
819 1905 1013 1961 ordine
1044 1904 1333 1959 dicendum
1362 1902 1488 1967 erit,
1522 1911 1578 1956 et
1603 1900 1698 1971 qui
1724 1899 1920 1953 unius-

354 2005 624 2075 cujusque
661 2001 913 2057 tradendi
966 1998 1242 2071 principes
1290 1994 1534 2056 fuerunt,
1572 2008 1763 2048 eorum
1795 2006 1921 2062 per-

356 2094 675 2167 vestiganda
708 2093 978 2149 sententia
994 2096 1099 2155 est,
1131 2099 1210 2152 ut,
1233 2083 1689 2157 quemadmodum
1721 2082 1788 2136 ab
1812 2080 1921 2134 illis

355 2184 640 2242 constituti
674 2184 813 2255 cycli
847 2181 1084 2247 fuerint;
1115 2188 1169 2234 et
1209 2192 1319 2247 quo
1354 2182 1515 2245 pacto
1563 2188 1688 2228 cum
1722 2169 1924 2226 Roma-

355 2277 445 2332 nis
472 2273 851 2340 consentiant;
891 2286 955 2325 ac
980 2270 1126 2341 quod
1151 2268 1280 2322 anni
1302 2267 1540 2337 denique
1561 2262 1921 2335 primordium

355 2369 622 2439 ceperint,
646 2375 793 2422 certa
816 2365 1025 2418 ratione
1053 2361 1379 2416 declaretur.
1410 2358 1457 2412 A
1489 2356 1728 2411 Maximo
1758 2355 1925 2426 igitur

356 2457 729 2529 incipiendum
759 2457 887 2520 erit,
908 2455 1000 2525 qui
1038 2463 1091 2509 et
1125 2452 1402 2522 antiquior
1431 2457 1619 2515 est,et
1653 2447 1925 2519 antiquio-&

354 2548 439 2603 ris
478 2546 798 2602 observator
851 2558 996 2609 atrae,
1060 2545 1223 2614 cujus
1276 2540 1345 2596 de
1381 2553 1526 2594 anno
1572 2538 1838 2609 primum,
1873 2545 1927 2593 et

358 2640 490 2695 anni
521 2638 727 2710 epocba
756 2643 1083 2693 statuemus.

431 2728 858 2785 Alexandrinum
891 2734 1209 2797 computum
1261 2725 1316 2780 in
1372 2722 1624 2779 Paschali
1669 2735 1767 2778 sua
1806 2737 1925 2778 me-

359 2824 528 2881 tbodo
573 2833 760 2878 tenere
806 2837 865 2877 se
911 2819 1184 2874 Maximus
1235 2816 1478 2873 ostendit
1504 2815 1679 2887 capite
1703 2811 1923 2881 XXXII,

361 2934 488 2974 cum
543 2931 745 2971 annum
804 2912 1202 2969 lncarnationis
1236 2926 1303 2967 ac
1352 2909 1551 2965 natalis
1608 2907 1812 2963 Christi
1849 2906 1927 2960 ait

361 3009 537 3065 fuisse
584 3006 772 3062 mundi
804 3005 964 3070 550i,
1003 3003 1292 3074 scripsisse
1330 3017 1459 3058 vero
1495 3016 1554 3056 se
1584 3014 1729 3055 anno
1763 2998 1924 3064 6155,

2008 525 2242 579 solarem
2271 537 2301 576 a
2326 536 2498 575 verno
2527 534 2712 575 mense
2733 519 2954 589 incipit;
2983 519 3135 573 illum
3156 519 3374 588 quidem
3404 520 3473 574 ab
3505 520 3571 573 iis

2008 615 2222 680 diebus,
2256 613 2458 683 quibus
2496 611 2640 666 aﬂixi
2690 620 2820 666 sunt
2867 611 3019 665 aurei
3051 611 3300 676 numeri;
3337 612 3571 664 solerem

2011 719 2193 767 autem
2243 710 2310 764 ab
2334 707 2706 779 aequinoctiali
2755 721 2966 761 mense.
2997 705 3131 759 Item
3167 706 3349 774 capite
3378 701 3570 769 XXIII,

2011 805 2225 874 cyclum
2248 803 2380 857 solis
2408 817 2601 864 xxvm,
2637 810 2691 854 et
2714 800 2855 853 lunae
2886 814 2998 864 xiv,
3030 797 3204 868 Aprili
3228 811 3293 851 ac
3318 794 3575 851 Pascbati

2013 895 2141 947 anni
2161 893 2280 962 ejus
2306 894 2558 962 imputat,
2584 890 2674 961 qui
2701 889 2911 944 Pascha
2931 888 3061 943 anni
3082 886 3224 942 6155
3242 886 3574 951 antecessit;

2013 987 2171 1055 cujus
2210 987 2395 1056 cyclus
2438 992 2556 1040 erat
2586 983 2781 1038 solaris
2812 999 2850 1048 ι,
2881 982 3090 1037 lunaris
3142 995 3243 1046 xv;
3273 994 3382 1049 quo
3411 967 3577 1034 etiam

2014 1079 2193 1148 capite
2224 1078 2437 1148 cyclum
2473 1076 2605 1131 solis
2627 1090 2797 1129 xxvm
2821 1089 2850 1128 a
2879 1072 3138 1129 Kalendis
3169 1072 3373 1142 Aprilis
3416 1086 3579 1126 orsus

2015 1178 2119 1225 est.
2155 1169 2306 1224 Unde
2337 1175 2558 1239 epactas
2591 1168 2723 1223 solis
2764 1164 2956 1221 feriam
3010 1165 3157 1218 illam
3200 1179 3323 1219 esse
3363 1161 3576 1228 deﬁnit,

2017 1278 2137 1334 quae
2165 1273 2250 1318 est
2282 1261 2458 1317 Martii
2485 1275 2640 1324 xxxt,
2684 1260 2828 1316 sicut
2853 1268 3071 1330 epactas
3096 1257 3340 1321 lunares,
3365 1261 3579 1308 aetatem

2019 1359 2160 1412 lunae
2189 1359 2245 1412 in
2268 1356 2459 1412 eodem
2486 1356 2594 1410 die.
2628 1353 2706 1407 Ex
2736 1368 2843 1423 quo
2896 1351 3145 1421 sequitur
3175 1348 3302 1402 anni
3343 1347 3580 1417 primor-

2017 1447 2168 1502 dium
2187 1447 2241 1501 in
2264 1445 2534 1500 Kalendas
2555 1443 2778 1515 Aprilis,
2806 1442 2874 1497 ab
2900 1442 2993 1497 illo
3026 1440 3305 1497 constitui.
3338 1438 3582 1509 Duplici-

2017 1548 2102 1594 ter
2118 1540 2298 1608 itaque
2314 1553 2517 1593 annum
2542 1551 2701 1593 suum
2728 1535 3047 1606 auspicatur
3063 1532 3332 1587 Maximus
3351 1572 3366 1595 ,
3386 1539 3582 1601 nempe

2018 1646 2049 1686 a
2082 1630 2342 1686 Kalendis
2385 1630 2587 1700 Aprilis
2610 1668 2625 1693 ,
2665 1636 2719 1684 et
2752 1643 2783 1683 a
2819 1625 3105 1682 neomenia
3149 1623 3401 1680 Paschali
3433 1639 3447 1674 :
3480 1638 3583 1677 cu-

2015 1723 2254 1794 jusmodi
2280 1724 2336 1777 in
2372 1723 2578 1779 nostris
2611 1738 2845 1793 quoque,
2878 1722 2931 1776 id
2962 1726 3046 1778 est
3081 1718 3315 1787 Latinis,
3342 1716 3584 1787 computi

2021 1816 2818 1887 scriptoribusinconstantiam
2840 1813 3329 1870 animadvertimus
3353 1811 3492 1865 libro
3515 1808 3585 1864 Vl

2019 1905 2097 1961 De
2121 1906 2363 1961 doctrina
2385 1915 2672 1976 temporum
2692 1921 2834 1976 quae,
2852 1906 2978 1976 quia
3007 1904 3263 1975 perlevis,
3288 1902 3445 1959 facile
3471 1902 3585 1957 dis-

2021 2000 2341 2066 simulatur;
2393 1999 2521 2053 dum
2564 1999 2696 2054 illud
2738 2006 2973 2063 constet,
3018 2014 3187 2054 verno
3233 2013 3441 2060 mense,
3473 2010 3586 2050 non

2022 2084 2323 2147 autumnali
2359 2108 2628 2148 annorum
2668 2107 2892 2148 suorum
2925 2091 3160 2161 epochas
3190 2089 3376 2147 ﬁxisse
3413 2088 3587 2143 Maxi-

2021 2200 2192 2240 mum.

2092 2275 2231 2330 Cum
2261 2275 2381 2331 hate
2415 2274 2860 2345 exploratissima
2905 2274 3049 2339 sint,
3081 2274 3264 2341 tamen
3298 2287 3365 2327 ex
3394 2272 3588 2327 eodem

2025 2358 2245 2424 Maximi
2297 2376 2556 2439 computo
2582 2368 2816 2423 difﬁcilis
2857 2367 3037 2423 nodus
3075 2366 3338 2423 occurrit.
3378 2365 3591 2436 Quippe

2025 2477 2227 2517 annum
2272 2459 2435 2526 6155,
2467 2466 2521 2516 et
2569 2459 2923 2515 indictionem
2988 2474 3077 2513 xxv
3132 2457 3411 2528 componit
3461 2469 3590 2511 cum

2026 2568 2173 2609 anno
2206 2568 2336 2607 xxxx
2383 2550 2647 2614 Heraclii,
2672 2550 2919 2620 adeoque
2940 2563 3064 2604 cum
3100 2549 3254 2619 cyclo
3282 2547 3414 2603 solis
3446 2561 3484 2611 ι,
3507 2546 3593 2599 lu.

2025 2658 2113 2699 ne
2136 2659 2227 2698 xv.
2260 2643 2426 2719 Atqui
2460 2656 2637 2696 annus
2663 2656 2793 2694 xxxi
2831 2639 3067 2695 Heraclii
3089 2644 3303 2709 coeptus
3325 2644 3409 2692 est
3431 2634 3581 2690 Octo-

2027 2734 2112 2791 bri
2141 2733 2270 2788 anni
2290 2731 2498 2787 Christi
2541 2746 2685 2787 tocx.
2736 2728 2983 2785 Mortuus
3023 2734 3108 2784 est
3151 2742 3283 2782 vero
3327 2725 3507 2781 Martii
3536 2741 3592 2778 xi

2026 2824 2157 2881 anni
2208 2837 2408 2880 tacht.
2453 2822 2510 2878 Si
2543 2839 2721 2878 annus
2767 2821 2961 2877 mundi
3005 2820 3146 2875 6155
3176 2819 3244 2873 ab
3268 2819 3464 2889 Aprili,
3496 2829 3595 2874 aut

2025 2918 2313 2975 neomenia
2358 2916 2613 2973 Paschali
2643 2924 2863 2987 caperet
2890 2914 3176 2970 exordium
3199 2954 3213 2979 ,
3255 2929 3367 2968 non
3398 2914 3591 2983 utique

2027 3009 2168 3065 6155
2210 3024 2413 3063 annum
2454 3008 2724 3077 attigisset
2755 3005 3109 3075 (Heraclius:
3153 3004 3592 3077 quandoquidem

364 3101 600 3158 Heraclii
630 3116 757 3154 XXXI
780 3113 898 3168 cap-
937 3095 1084 3190 XV,“
1117 3096 1425 3190 εἱειιίιῑίξδις
1461 3093 1620 3190 cilius
1652 3092 1781 3190 ifilli
1806 3107 1929 3190 Pasi-
1954 3132 1996 3190 ρ
2028 3101 2315 3157 neomenia
2344 3100 2627 3155 Paschalis
2657 3113 2801 3153 anno
2834 3100 2940 3156 isto
2980 3098 3205 3169 contigit
3242 3097 3420 3154 Martii
3461 3115 3592 3165 xix;

365 3196 470 3251 sim
500 3193 748 3263 exemplo
779 3192 969 3245 utitur.
1018 3189 1209 3243 Annus
1257 3187 1468 3258 primus
1498 3184 1733 3241 Heraclii
1763 3184 1930 3255 coepit

364 3284 590 3340 Octobri
621 3297 807 3338 mense
841 3280 971 3335 anni
1015 3294 1137 3334 terre
1161 3277 1491 3333 Christiana:
1532 3291 1674 3342 mox,
1716 3274 1931 3331 tricesi-

366 3386 492 3431 tnus
512 3389 642 3429 vero
668 3374 875 3444 primus
905 3387 1049 3426 anno
1078 3384 1260 3433 mch,
1294 3369 1589 3425 indictione
1614 3366 1932 3424 Constanti-

367 3466 684 3536 n0politana
713 3481 802 3519 xiv
828 3471 952 3535 post
1001 3462 1391 3533 Septembrem,
1437 3462 1594 3533 cyclo
1634 3461 1781 3515 luna:
1814 3475 1929 3524 xiv,

368 3558 505 3614 solis
521 3573 574 3624 ν,
616 3557 796 3611 littera
840 3554 1055 3611 Domin.
1082 3554 1191 3609 BA.
1230 3552 1382 3608 Hanc
1406 3568 1572 3624 porro
1616 3550 1932 3606 methodum

368 3650 501 3705 anni
527 3649 611 3706 sui
656 3648 826 3704 tradit
855 3648 1032 3718 capite
1058 3645 1223 3712 XVII,
1256 3653 1315 3700 ut
1349 3645 1524 3714 divisa
1573 3659 1789 3701 summa
1831 3658 1933 3714 per

366 3755 562 3806 xxvm,
594 3740 642 3796 si
679 3739 807 3810 quid
858 3738 1137 3794 residuum
1167 3737 1268 3803 sit,
1307 3752 1407 3808 pro
1436 3738 1552 3792 sola
1568 3736 1615 3790 ri
1660 3736 1814 3806 cyclo
1842 3750 1936 3789 ca-

368 3834 596 3904 piatur:
636 3841 728 3888 aut
770 3833 817 3888 si
867 3831 1004 3886 nihil
1053 3838 1239 3896 restet,
1294 3831 1504 3901 integer
1550 3830 1667 3900 ipse
1718 3828 1930 3900 cyclus.

370 3925 519 3979 Idem
559 3933 613 3980 et
657 3924 712 3978 in
745 3924 942 3988 lunari,
991 3930 1152 3993 atque
1182 3921 1481 3978 indictione
1520 3921 1790 3992 praecipit.
1818 3919 1933 3975 Hoc

371 4014 538 4071 modo
567 4015 757 4071 divisis
780 4015 939 4070 annis
967 4013 1129 4078 6155,
1171 4019 1359 4085 cyclus
1409 4012 1744 4083 relinquetur
1799 4012 1934 4068 solis

370 4124 414 4173 ι,
443 4107 583 4162 luna:
610 4120 715 4172 xv,
743 4105 1055 4162 indictionis
1098 4121 1219 4159 xm.
1256 4104 1446 4161 Restat
1488 4103 1622 4159 illud
1661 4104 1936 4174 inquiren-

371 4201 537 4270 dum;
565 4199 761 4270 ecquid
818 4214 995 4253 annus
1047 4199 1135 4253 ille
1181 4197 1321 4253 6155
1369 4212 1402 4252 a
1451 4196 1761 4269 Septembri
1806 4201 1934 4252 anni

370 4294 573 4350 Christi
597 4308 772 4361 IDCXL,
802 4307 873 4348 an
904 4307 936 4347 a
966 4290 1215 4350 Paschali
1244 4307 1431 4348 mense
1468 4292 1597 4347 anni
1635 4306 1817 4348 tocxm
1851 4291 1937 4345 in-

371 4386 558 4457 cipiat.

2031 3199 2225 3262 quarta
2251 3188 2460 3245 decima
2491 3187 2770 3245 Paschalis
2785 3187 3041 3246 Kalendis
3064 3189 3360 3259 Aprilibus,
3393 3191 3528 3246 feria
3556 3206 3592 3245 ι.

2032 3282 2189 3339 Unde
2210 3280 2422 3339 Pascha
2452 3283 2509 3336 in
2529 3282 2732 3352 Aprilis
2760 3298 2856 3337 vui
2880 3281 3236 3348 diffunditur;
3266 3284 3420 3354 cyclo
3449 3284 3593 3340 lunx'

2032 3384 2144 3431 tam
2170 3374 2420 3431 Romano
2449 3390 2610 3446 quam
2652 3374 3258 3445 ConstantinOpolitano
3294 3394 3396 3446 xv;
3441 3381 3593 3450 cyclo

2032 3476 2165 3522 vero
2219 3465 2352 3522 solis
2389 3483 2406 3521 ι
2445 3463 3071 3535 Constantinopolitano,
3098 3463 3347 3521 Romano
3395 3483 3469 3535 vr,
3507 3469 3591 3524 lit-

2032 3563 2148 3614 tera
2177 3556 2242 3623 G,
2275 3557 2420 3628 quod
2444 3555 2710 3611 Maximus
2743 3571 2863 3626 cap.
2897 3554 3019 3610 XIX
3046 3557 3251 3612 diserte
3272 3560 3490 3614 astruit.

2105 3648 2221 3704 Hoc
2253 3665 2365 3704 non
2415 3648 2522 3703 alia
2549 3649 2762 3703 ratione
2815 3646 3042 3705 dissolvi
3089 3658 3270 3719 potest
3315 3668 3478 3723 quam
3532 3669 3593 3708 ea

2035 3755 2157 3810 quae
2185 3738 2256 3795 I-X
2294 3739 2373 3793 De
2396 3738 2640 3794 doctrina
2677 3748 2969 3809 temporum
3013 3741 3177 3795 allata
3213 3750 3321 3809 est,
3349 3756 3469 3814 cap.
3505 3740 3595 3809 Ill,

2036 3831 2126 3886 ubi
2157 3831 2453 3885 Maximum
2496 3829 2837 3886 ostendimus
2867 3829 3139 3900 duplicem
3179 3834 3441 3903 epocham
3468 3837 3596 3890 anni

2035 3921 2211 3978 civilis
2263 3931 2317 3977 et
2344 3922 2704 3978 ecclesiastici
2736 3921 3054 3979 confudisse
3085 3940 3100 3979 :
3131 3940 3366 3995 quarum
3410 3928 3502 3982 illa
3529 3931 3597 3985 ab

2039 4011 2345 4084 Septembri
2391 4014 2721 4083 procedebat
2760 4034 2772 4069 :
2821 4015 2937 4071 haec
2974 4016 3043 4071 ab
3071 4016 3266 4087 Aprili,
3299 4028 3393 4075 aut
3433 4039 3598 4081 verno

2035 4119 2241 4161 mense.
2265 4102 2503 4159 Proinde
2538 4104 2679 4159 6155
2705 4119 2909 4160 annum
2943 4106 3159 4163 civilem
3181 4110 3316 4166 alias
3341 4127 3464 4167 cum
3496 4113 3597 4169 Ile-

2035 4198 2193 4252 raclii
2210 4210 2353 4252 anno
2378 4212 2530 4260 xxxi,
2559 4204 2612 4251 et
2639 4197 2937 4252 indictione
2958 4212 3051 4251 xlv
3073 4202 3440 4270 comparavit;
3463 4205 3597 4261 alias

2036 4290 2286 4347 eumdem
2322 4305 2527 4344 annum
2550 4290 2763 4344 distulit
2793 4290 2847 4344 in
2873 4288 3190 4347 Paschalem
3212 4309 3476 4363 mensem,
3501 4314 3595 4353 ec-

2037 4383 2347 4440 clesiastico
2382 4396 2514 4439 usus
2537 4383 2784 4438 exordio.

443 4471 599 4539 Quod
622 4472 787 4543 igitur
813 4487 1156 4543 nequaquam
1186 4487 1216 4526 a
1245 4471 1550 4544 Septembri
1588 4489 1764 4531 annos
1797 4490 1929 4530 suos
1966 4478 2011 4534 D
2107 4475 2249 4532 Ante
2278 4464 2571 4530 Maximum
2614 4475 2932 4532 Panodorus
2970 4493 3145 4537 annos
3189 4498 3320 4540 suos
3365 4500 3397 4539 a
3432 4502 3599 4544 verno

373 4563 447 4620 sit
487 4579 737 4628 exorsus,
768 4580 835 4619 ex
869 4563 1061 4619 XXXII
1091 4567 1267 4637 capite
1317 4567 1569 4622 concludi
1614 4575 1813 4638 potest.
1860 4569 1934 4623 lbi

372 4655 520 4709 enim
542 4655 597 4710 in
620 4655 868 4710 eumdem
902 4670 1103 4712 annum
1137 4658 1592 4714 mundiMarlium
1619 4674 1684 4714 ac
1710 4658 1934 4715 Decem-

292 4766 297 4770 ’
372 4747 524 4800 brem
557 4746 802 4815 conjicit,
842 4762 1034 4817 nempe
1083 4748 1242 4813 550i,
1295 4766 1404 4821 quo
1447 4759 1500 4806 et
1550 4749 1742 4805 feriam
1780 4767 1812 4805 ιι
1859 4752 1935 4804 ait

374 4836 545 4892 fuisse
600 4837 777 4893 Martii
830 4855 958 4905 xxv,
1014 4849 1069 4895 et
1125 4849 1379 4912 quartam
1436 4842 1750 4898 Decembris
1804 4858 1931 4899 xxv.

372 4930 532 4985 Certe
545 4927 811 5001 Georgius
837 4928 1143 5002 Syncellus,
1166 4933 1260 5001 qui
1289 4934 1535 4990 eamdem
1560 4949 1725 4989 teram
1746 4934 1936 5005 expri-

372 5020 494 5083 mit,
547 5034 719 5074 annos
775 5035 907 5075 suos
964 5036 1131 5076 axxv
1178 5021 1356 5077 Martii
1410 5024 1767 5095 incipit;nec
1825 5040 1936 5079 non

370 5113 796 5167 Alexandrinum
813 5113 1122 5168 Chronicon
1142 5131 1156 5182 ;
1174 5115 1275 5170 etsi
1294 5115 1569 5170 interdum
1592 5117 1750 5171 aliter
1779 5133 1938 5172 usur-

371 5213 487 5275 pat,
516 5205 584 5260 de
615 5220 724 5274 quo
757 5205 879 5261 vide
908 5220 1028 5275 cap.
1053 5204 1142 5271 III,
1170 5206 1264 5260 lib.
1298 5204 1373 5258 IX
1406 5204 1484 5261 De
1514 5207 1765 5263 dodtrina
1801 5216 1938 5263 tem-

371 5313 579 5366 porum,
612 5297 794 5368 cyclos
834 5308 1011 5352 autem
1053 5298 1185 5354 solis
1220 5312 1283 5352 ac
1340 5299 1482 5353 lunae
1534 5301 1827 5371 perspicue
1869 5301 1938 5357 ab

371 5387 563 5442 eodem
593 5388 802 5453 Martio,
831 5405 938 5443 non
969 5405 999 5442 a
1030 5387 1337 5460 Septembri
1384 5391 1646 5447 inchoare
1673 5408 1732 5448 se
1760 5393 1939 5448 declaa

375 5488 478 5537 rat.
519 5492 641 5549 cap.
676 5478 765 5541 Vl,
811 5480 903 5534 ubi
936 5481 1260 5535 laterculum
1293 5497 1581 5546 enarrans,
1621 5483 1769 5553 quod
1823 5483 1941 5538 edi-

377 5581 491 5623 tum
518 5578 604 5624 est
635 5586 758 5640 pag.
790 5572 913 5632 515,
961 5570 1281 5628 Januarium
1313 5584 1368 5629 et
1416 5562 1774 5629 Februarium
1807 5577 1938 5629 anni

374 5659 745 5715 antecedentis
758 5676 879 5716 esse
890 5662 1024 5716 dicit
1038 5681 1052 5729 ;
1079 5662 1290 5719 Pascha
1306 5677 1454 5732 vero,
1466 5672 1520 5720 et
1535 5664 1656 5735 ejus
1676 5680 1789 5730 xiv,
1810 5666 1939 5719 anni

372 5749 672 5819 sequentis.
689 5749 951 5806 Praeterea
968 5752 1021 5806 id
1042 5770 1109 5808 ex
1126 5755 1393 5825 capitibus
1434 5754 1476 5810 Χ
1498 5770 1572 5828 ac
1596 5754 1708 5810 XIII
1738 5770 1935 5827 cogno-

533 5844 801 5906 Puuon.
834 5846 949 5906 Gn.
986 5847 1160 5908 XIX.

2037 4578 2278 4638 tempore
2327 4569 2614 4625 inchoasse
2656 4570 2867 4625 videtur
2910 4591 2923 4626 :
2971 4573 3076 4628 etsi
3132 4573 3399 4647 Georgius
3432 4580 3489 4634 in
3531 4600 3599 4637 eo

2036 4664 2374 4733 fragmento,
2415 4662 2561 4733 quod
2601 4662 2781 4732 capite
2809 4666 3081 4734 superiori
3142 4670 3452 4736 retulimus,
3503 4675 3598 4728 ubi

2036 4750 2445 4824 ὲνανθρώπησιν
2471 4792 2485 4815 ,
2525 4758 2580 4807 et
2613 4753 2862 4825 γέννησιν
2910 4755 2978 4810 ab
3025 4772 3090 4811 eo
3121 4758 3385 4829 illigatam
3436 4763 3603 4818 refert

2038 4854 2182 4894 anno
2218 4839 2408 4894 mundi
2450 4840 2610 4905 5495,
2661 4842 2868 4895 nullam
2916 4854 3123 4900 certam
3154 4847 3276 4917 ejus
3320 4850 3398 4905 rei
3431 4851 3600 4922 signi-

2038 4931 2343 4986 ﬁcationem
2384 4932 2614 4996 dederit,
2655 4943 2835 4991 tamen
2889 4935 2966 4990 ita
3015 4936 3315 4994 Christiani
3348 4941 3461 4998 fere
3505 4960 3601 4998 ve-

2039 5033 2207 5088 teres,
2253 5023 2444 5079 saltem
2483 5026 2876 5082 ecclesiasticis
2916 5029 2971 5083 in
3023 5033 3294 5101 computis
3319 5041 3373 5088 et
3423 5034 3600 5090 histo-

2040 5117 2174 5182 riis,
2214 5116 2395 5173 facere
2445 5128 2843 5189 consueverant
2890 5130 2950 5175 ut
3005 5122 3074 5178 de
3111 5123 3370 5180 Africano
3416 5142 3536 5200 cap.
3579 5127 3598 5182 1

2038 5207 2204 5277 bujus
2235 5209 2361 5264 libri
2394 5209 2702 5266 docuimus.

2112 5296 2209 5355 His
2254 5300 2670 5367 animadversis,
2711 5301 2872 5357 facile
2905 5303 3017 5374 jam
3047 5306 3155 5360 erit
3201 5308 3336 5363 solis
3368 5324 3431 5363 ac
3461 5310 3602 5365 lunae

2040 5392 2223 5462 cyclos
2251 5405 2373 5446 aera:
2394 5392 2577 5462 hujus,
2613 5401 2668 5448 et
2696 5396 2939 5465 contputi
2964 5393 3224 5467 proprios
3249 5400 3599 5472 investigare,

2042 5497 2105 5536 ac
2139 5495 2262 5536 cum
2297 5482 2503 5538 nostris
2534 5495 2885 5554 componere,
2927 5486 2981 5541 in
3011 5503 3123 5558 quo
3157 5488 3459 5544 fmdissitre
3484 5490 3602 5544 hal-

2042 5573 2314 5628 lucinatus
2338 5582 2422 5628 est
2457 5571 2732 5643 Scaliger;
2768 5577 2847 5632 uti
2879 5578 3040 5648 paulo
3081 5572 3209 5649 post
3257 5580 3599 5635 ostendetur.

2040 5660 2284 5716 Primum
2326 5664 2472 5718 enim
2522 5666 2669 5734 quod
2718 5667 2785 5720 ad
2821 5668 2954 5724 solis
2981 5669 3194 5741 cyclum
3235 5671 3466 5735 attinet,
3516 5668 3602 5723 di-

2041 5755 2177 5812 visis
2227 5759 2386 5814 annis
2438 5759 2505 5815 ab
2552 5760 2685 5817 orbe
2730 5762 2994 5830 condito,
3045 5764 3298 5819 residuus
3345 5776 3611 5820 numerus

3256 5855 3330 5918 1ιὸ
