4124 6460
533 343 673 402 1119

1562 328 1654 383 AD
1692 328 1959 385 EUSEBH
2002 325 2394 383 CHBONICON
2436 324 2800 380 APPENDIX.

3637 326 3777 382 1420

543 461 731 532 cyclus
754 463 837 512 est
874 454 1008 509 solis
1033 471 1046 507 :
1083 457 1177 506 aut
1204 456 1354 506 certe
1386 454 1537 524 totus
1568 447 1685 517 ipse
1714 460 1979 500 numerus
1997 442 2102 509 28;
2133 450 2178 505 Α
2211 458 2358 497 anno
2382 441 2542 497 1572.
2569 441 2647 495 Ac
2674 442 2757 497 vel
2778 456 2842 496 ea
2874 454 2960 504 eo,
2984 439 3129 510 quod
3157 455 3186 494 a
3216 439 3474 496 Kalendis
3502 436 3781 496 Januariis

545 566 691 607 anno
734 547 876 603 6155
902 544 1081 600 diviso
1126 558 1223 614 per
1260 541 1366 606 28,
1418 538 1750 609 relinquitur
1778 536 1829 591 1.
1871 534 2108 590 Proinde

545 644 737 714 cyclus
765 641 901 697 solis
927 656 945 694 ι
975 634 1258 694 concurrit
1279 647 1403 688 cum
1435 646 1582 685 anno
1612 628 1822 685 Christi
1849 627 1973 707 641,
1997 641 2109 697 quo

540 736 825 790 Romanus
870 731 1004 787 solis
1036 728 1222 800 cyclus
1254 733 1374 781 erat
1421 739 1498 786 v1,
1530 722 1711 777 littera
1756 718 2109 774 Dominicalis

539 824 622 880 C:
658 824 800 879 unde
828 820 1028 892 reliqui
1052 818 1312 887 deinceps
1342 812 1631 885 propagari
1664 817 1934 882 possunt;
1964 808 2109 879 quod

543 914 1003 987 insequentibus
1054 907 1349 966 constabit.
1384 904 1585 976 Cyclus
1633 900 1844 955 lunaris
1890 897 2111 952 Maximi

544 1012 688 1067 idem
718 1022 947 1081 prorsus
977 1012 1062 1060 est
1107 1016 1232 1056 cum
1282 997 1551 1053 Romano.
1587 992 1878 1064 Siquidem
1921 989 2112 1081 divisis

545 1102 683 1157 6155
704 1080 801 1172 per
827 1097 915 1166 19,
940 1094 1134 1165 reliqui
1162 1098 1293 1147 sunt
1319 1105 1415 1153 xv,
1435 1099 1489 1143 et
1518 1099 1711 1142 revera
1741 1098 1885 1138 anno
1907 1080 2111 1136 Christi

543 1195 668 1261 611,
697 1192 885 1264 cyclus
927 1194 1047 1245 erat
1082 1186 1226 1240 luna:
1259 1181 1348 1237 15.
1393 1178 1554 1246 Quod
1601 1178 1802 1233 mirum
1838 1187 1963 1229 esse
2001 1185 2112 1225 non

542 1289 723 1345 debet.
781 1283 860 1339 Ex
908 1281 1101 1338 eodem
1144 1278 1350 1348 quippe
1411 1269 1910 1328 Alexandrinorum
1961 1266 2113 1319 fonte

543 1378 716 1435 Graeci
750 1391 814 1431 ac
840 1373 1019 1428 Latini
1058 1371 1266 1443 pariter
1306 1369 1553 1422 lunarem
1599 1362 1837 1416 hausere
1865 1354 2111 1427 cyclum;

544 1478 600 1526 et
640 1469 709 1524 ab
741 1466 930 1523 eadem
975 1462 1220 1534 cpocha,
1255 1457 1513 1513 nimirum
1562 1452 1629 1506 ab
1685 1463 1854 1506 verno
1901 1459 2111 1508 mense,

546 1577 709 1619 usum
740 1560 887 1615 illius
913 1555 1180 1627 auspicati
1218 1560 1375 1608 sunt.

615 1654 677 1709 In
706 1649 1014 1707 indictione
1036 1644 1275 1718 putanda
1310 1642 1606 1713 perplexus
1630 1642 1714 1692 est
1735 1632 2030 1696 Maximus,
2057 1630 2115 1685 in

2212 537 2460 591 lunarem
2514 536 2729 607 cyclum
2806 534 3056 589 inchoari
3108 534 3339 599 scribit,
3402 534 3782 603 conjecturam

2211 634 2454 681 nostram
2482 626 2771 697 approbat,
2804 640 2969 696 quam
3005 625 3184 695 capite
3217 623 3284 679 lll
3308 625 3566 695 superius
3606 626 3785 696 expli-

2210 720 2489 785 cavimus;
2520 717 2737 775 Grzecos
2783 720 2840 774 in
2871 718 2978 773 hoc
3023 732 3223 788 genere
3268 718 3514 787 computi
3558 717 3785 771 Latino-

2211 814 2345 879 rum:
2407 827 2471 866 ac
2519 810 2831 867 Judaeorum
2915 826 3113 865 aureos
3170 825 3429 866 numeros
3479 810 3784 880 accepisse.

2212 901 2347 957 Nam
2371 902 2692 958 Latinorum
2738 902 3019 974 proprium
3051 902 3108 957 id
3145 901 3270 967 fuit,
3306 902 3557 956 lunarem
3588 901 3659 956 ab
3691 898 3781 954 Ja-

2212 995 2410 1049 nuario
2446 996 2661 1066 cyclum
2696 995 2987 1060 inchoare;
3041 1010 3164 1050 cum
3200 995 3269 1049 ab
3319 993 3514 1065 Aprili,
3545 994 3632 1049 vel
3678 992 3787 1047 Pa-

2214 1086 2388 1140 schali
2413 1100 2601 1141 mense
2633 1085 2901 1141 Romanis
2931 1085 3072 1142 idem
3107 1087 3295 1157 cyclus
3323 1086 3667 1157 procederet.
3703 1084 3784 1140 Ex

2215 1179 2303 1235 his
2365 1178 2714 1235 concluditur
2766 1193 2971 1234 annum
3028 1179 3241 1235 civilem
3284 1178 3787 1248 ConstantinOpoli-

2215 1279 2405 1326 tanum
2460 1270 2676 1326 duobus
2742 1270 3077 1341 respondere
3123 1268 3295 1341 cyclis
3349 1268 3675 1335 lunaribus,
3724 1277 3787 1322 ut
3843 1283 3851 1290 ·

2215 1377 2392 1419 annus
2436 1362 2571 1418 6881
2611 1377 2641 1416 a
2681 1360 2991 1433 Septembri
3027 1361 3158 1417 anni
3205 1360 3345 1416 1572
3382 1361 3673 1431 incipiens,
3715 1358 3785 1413 ad

2213 1455 2532 1511 Decembris
2562 1455 2725 1510 linem
2759 1455 2914 1527 cyclo
2954 1454 2990 1508 2
3024 1455 3660 1525 Constantinopolitano,
3698 1454 3787 1509 vel

2216 1546 2249 1600 5
2272 1543 2525 1611 Romano
2566 1546 2902 1617 respondet:
2940 1561 2970 1600 a
3012 1545 3272 1602 Kalendis
3301 1545 3599 1609 Januariis,
3631 1547 3788 1618 cyclo

2216 1637 2402 1703 tertio,
2431 1646 2487 1694 et
2516 1637 2769 1694 Romano
2797 1638 2851 1703 6,
2895 1637 3043 1709 quod
3085 1639 3153 1693 de
3184 1639 3351 1693 solari
3386 1653 3605 1709 quoque
3631 1638 3789 1710 cyclo

547 1761 721 1816 eaque
738 1741 1031 1799 methodus
1055 1737 1352 1806 fallit,quae
1374 1748 1472 1804 per
1493 1730 1704 1803 cycluul
1730 1728 2000 1797 integrum
2016 1722 2115 1793 τὴν
2145 1794 2190 1816 ἢ
2219 1730 2469 1787 Romano
2500 1732 2793 1788 dicendum
2829 1741 2933 1788 est.
2972 1732 3290 1788 Distributis
3324 1732 3484 1787 annis
3518 1731 3654 1787 6881
3689 1746 3790 1802 per

1162 1794 1213 1885 si
1240 1794 1500 1894 6153.per
1528 1794 1598 1876 15
1631 1794 1890 1910 partiare,
1921 1828 2116 1910 superi

2228 1821 2310 1887 28,
2347 1831 2517 1879 restat
2555 1823 2743 1894 cyclus
2776 1824 2912 1880 solis
2939 1823 3004 1877 21
3040 1824 3110 1878 ab
3152 1822 3376 1879 Octobri
3429 1823 3561 1878 anni
3606 1794 3785 1878 137.2:

547 1903 655 1988 erit.
706 1926 931 1984 indictio
974 1938 1097 1979 xm.
1133 1919 1298 1990 Atqui
1351 1932 1439 1971 xiv
1477 1921 1657 1984 empta
1698 1920 1783 1966 est
1812 1903 2119 1979 Septembri

549 2025 678 2078 anui
702 2021 830 2085 640,
851 2025 906 2074 et
944 2022 1210 2085 sequente
1236 2009 1338 2065 611
1377 2006 1557 2062 adhuc
1585 2001 1859 2066 obtinuit;
1887 2012 1991 2054 nec
2014 1996 2121 2051 alia

547 2130 673 2171 cum
705 2124 851 2167 anno
882 2105 1072 2163 mundi
1102 2104 1242 2159 6155
1267 2097 1523 2170 componi
1557 2094 1769 2151 debuit.
1812 2092 2012 2147 Verum
2052 2085 2121 2141 ad

550 2201 868 2260 methodum
906 2198 1094 2254 unitas
1140 2191 1359 2247 additur
1407 2187 1567 2243 annis
1615 2182 1832 2248 mundi,
1868 2192 1927 2235 ut
1975 2178 2120 2234 indi-

549 2295 788 2351 ctionem
838 2290 1115 2346 labentem
1163 2284 1416 2340 obtineas
1441 2300 1458 2334 :
1491 2274 1952 2350 quemadmodum
1997 2285 2119 2342 cap.

550 2383 773 2442 XXXIII
809 2379 1067 2450 Computi
1111 2375 1386 2431 admonet.
1442 2369 1725 2441 Duplicem
1771 2366 1917 2422 enim
1971 2363 2119 2418 indi-

551 2479 793 2534 ctionem
824 2471 1016 2529 statuit
1041 2489 1055 2524 :
1086 2481 1275 2531 unam,
1300 2478 1421 2535 quae
1438 2461 1656 2519 exsistit
1670 2474 1736 2515 ex
1753 2458 1912 2512 annis
1934 2454 2123 2510 mundi

555 2584 654 2641 per
686 2584 753 2622 xv
787 2564 1016 2628 divisis;
1053 2567 1249 2630 estque
1280 2557 1490 2611 unitate
1523 2552 1726 2617 minor,
1759 2564 1923 2621 quam
1944 2548 2125 2641 reipsa

555 2639 688 2716 tunc
715 2662 1047 2728 usurpatur;
1079 2651 1328 2713 alteram,
1358 2661 1481 2718 qua).
1512 2644 1580 2700 ab
1608 2642 1840 2714 Augusti
1879 2639 2124 2697 secundo

557 2751 774 2824 imperii
808 2763 954 2804 anno
982 2755 1069 2803 est
1090 2756 1289 2801 exorsa
1318 2759 1332 2794 :
1358 2753 1520 2809 quem
1547 2736 1767 2808 quidem
1800 2732 2030 2788 afﬁrmat
2058 2746 2126 2787 ex

556 2863 627 2900 xv
651 2842 953 2899 indictione
993 2838 1231 2909 primam
1267 2846 1413 2888 anno
1448 2832 1557 2887 isto
1596 2828 1815 2885 fecisse.
1840 2825 1966 2881 Haec
1997 2831 2127 2880 sunt

557 2929 954 2988 commentitia.
990 2925 1130 2981 Vera
1159 2931 1338 2978 autem
1370 2921 1524 2991 origo
1544 2916 1817 2991 patefacta
1852 2922 1937 2972 est
1960 2928 2125 2985 supra

557 3020 790 3096 eap.lll.
819 3019 955 3076 Vide
989 3026 1044 3074 et
1067 3030 1191 3087 cap.
1219 3016 1263 3082 1,
1293 3015 1387 3070 ubi
1416 3013 1484 3069 de
1525 3007 1921 3067 indictionibus
1957 3007 2129 3062 Maxi-

558 3116 633 3170 mi
658 3114 891 3185 egimus.

2217 1929 2328 1985 quo
2383 1913 2664 1971 Romanus
2704 1914 2738 1970 9
2785 1915 2966 1971 adhuc
3009 1915 3063 1970 in
3107 1931 3210 1971 usu
3254 1923 3412 1971 erat:
3466 1930 3611 1970 anno
3657 1931 3792 1971 vero

2220 2011 2482 2076 sequente
2514 2005 2658 2060 1575
2699 2012 2818 2062 erat
2873 2005 3063 2076 cyclus
3118 2005 3205 2061 10.
3254 2005 3524 2072 Quocirca
3575 2006 3790 2077 primus

2220 2097 2406 2169 cyclus
2443 2097 2643 2154 solaris
2669 2096 3399 2168 Constantinopolitanorum
3432 2106 3553 2154 erat
3584 2096 3790 2154 Roma-

2220 2205 2326 2246 nus
2355 2190 2422 2244 17
2451 2190 2520 2245 ab
2546 2188 2809 2254 Octobri;
2837 2188 3103 2245 Januario
3140 2204 3267 2245 vero
3296 2198 3579 2261 sequente,
3601 2180 3701 2258 18;
3735 2200 3790 2247 et

2218 2282 2433 2349 primus
2471 2282 2659 2353 cyclus
2698 2280 2979 2336 Romanus
3028 2279 3291 2336 Januario
3326 2297 3514 2337 mense
3559 2298 3789 2354 respon-

2221 2373 2384 2429 debat
2418 2374 2572 2445 cyclo
2612 2372 3223 2444 Constantinopolitano
3264 2373 3353 2428 12.
3394 2373 3619 2430 Octobri
3660 2390 3792 2430 vero

2222 2471 2503 2536 sequente,
2548 2465 2705 2537 cyclo
2754 2465 2840 2521 15.
2887 2465 3124 2521 Lunaris
3154 2466 3343 2537 cyclus
3377 2466 3681 2533 idem,erat
3728 2482 3796 2523 ac

2222 2554 2579 2624 Latinorum;
2633 2563 2688 2611 et
2741 2556 2986 2612 ternario
3041 2557 3222 2612 minor
3271 2565 3391 2613 erat
3436 2550 3696 2612 Romano
3738 2565 3795 2614 et

2222 2645 2611 2702 Alexandrino.
2644 2644 2773 2712 Sed,
2814 2656 2875 2702 ut
2899 2646 3013 2718 jam
3050 2650 3255 2715 moniti,
3293 2663 3472 2718 neque
3510 2648 3566 2702 in
3596 2648 3793 2703 embo-

2223 2737 2511 2793 lismorum
2548 2737 2797 2806 ratione;
2838 2754 2943 2795 nec
2971 2739 3026 2793 in
3060 2738 3343 2796 Paschalis
3380 2740 3695 2796 celebritate
3724 2741 3796 2796 ab

2224 2828 2608 2905 Alexandrinis
2646 2838 2701 2885 et
2731 2829 3034 2887 Catholicis
3062 2832 3330 2889 institutis
3360 2832 3793 2889 abliorruerunt.

2223 2919 2458 2975 indictio
2512 2921 2754 2992 denique
2798 2922 2989 2979 eadem
3043 2930 3163 2978 erat
3215 2938 3280 2978 ac
3330 2921 3614 2992 Romana,
3678 2923 3799 2980 sive

2226 3012 2602 3083 imperatoria,
2633 3019 2694 3066 ut
2735 3020 2954 3072 vocant.
3004 3029 3035 3067 a
3071 3012 3416 3084 Septembri;
3460 3015 3575 3071 sive
3616 3016 3798 3071 eccle-

2155 3106 2456 3199 C-siastica
2489 3106 2557 3161 ab
2587 3103 2871 3161 Januario.
2909 3104 3128 3162 Unitate
3156 3123 3286 3176 ergo
3327 3108 3505 3178 major
3537 3119 3654 3163 erat
3680 3108 3796 3171 illa,

632 3203 692 3259 In
713 3204 884 3259 altero
908 3207 1192 3272 computO.
1219 3213 1382 3270 quem
1408 3197 1548 3251 κατὰ
1575 3195 1875 3267 Ῥωμαίους
1896 3192 2130 3264 appellat
2162 3192 2197 3199 ⁷
2230 3214 2353 3270 qua!
2375 3214 2440 3256 ex
2464 3197 2836 3254 Alexandrino
2875 3205 3132 3268 computo
3160 3198 3344 3269 prodit
3371 3216 3386 3254 :
3428 3200 3577 3270 quod
3609 3199 3800 3268 impri—

559 3296 864 3367 Georgius,
927 3293 1131 3364 quique
1183 3304 1386 3346 annum
1456 3287 1857 3344 lncarnationis
1910 3286 2132 3341 exhibet

559 3386 753 3443 mundi
786 3383 948 3449 5509,
973 3380 1201 3455 perinde
1229 3381 1483 3451 ambigua
1507 3389 1591 3437 est
1611 3393 1879 3435 annorum
1901 3378 2128 3449 epocha.

560 3478 785 3534 lsaacus
820 3478 1064 3549 Argyrus
1113 3490 1234 3545 cap.
1278 3472 1347 3528 lll
1376 3474 1628 3544 Computi
1674 3472 1896 3544 prioris,
1928 3485 2131 3526 annum

563 3572 778 3626 civilem
804 3571 881 3625 ait
908 3585 940 3623 a
974 3568 1281 3633 Septembri
1316 3566 1598 3633 inchoari;
1622 3566 1836 3637 cyclum
1864 3565 2125 3627 solarem,

563 3667 634 3721 ab
656 3663 915 3721 Octobris
944 3662 1230 3719 Kalendis.
1254 3662 1478 3734 Cyclum
1499 3675 1633 3716 vero
1661 3660 1907 3715 lunarem
1923 3672 2043 3729 cap.
2066 3656 2133 3712 ιν

564 3758 635 3812 ab
682 3756 944 3811 Januario
998 3755 1221 3825 incipit,
1253 3768 1319 3809 ac
1369 3753 1560 3809 divisis
1614 3750 1999 3807 annis‘mundi
2039 3764 2137 3820 per

565 3857 955 3915 congruentem
989 3848 1144 3919 cyclo
1179 3846 1357 3901 cuivis
1390 3860 1701 3910 numerum,
1739 3843 1923 3914 colligi
1953 3843 2139 3897 laben-

566 3952 676 3995 tem
709 3955 855 3994 anno
886 3940 1075 3994 ultimo
1112 3938 1329 4009 cyclum
1375 3939 1592 3992 asserit.
1623 3937 1863 3997 Annum,
1891 3949 2001 4003 quo
2035 3934 2139 3989 ista

567 4026 855 4098 prodebat,
885 4027 1065 4097 rapite
1098 4026 1165 4080 lll
1211 4026 1409 4082 scribit
1444 4041 1567 4081 esse
1613 4025 1800 4079 mundi
1835 4024 1999 4088 6881,
2024 4040 2139 4093 quo

567 4117 747 4174 diviso
790 4132 886 4189 per
910 4117 1002 4183 28,
1048 4117 1108 4171 ﬁt
1155 4117 1289 4174 solis
1334 4117 1527 4189 cyclus
1586 4116 1677 4181 21,
1721 4124 1835 4170 tum
1881 4115 2137 4171 Octobris

567 4225 697 4264 xxvi
720 4208 808 4265 die
842 4208 1034 4264 feriam
1076 4225 1133 4263 ιιι
1164 4209 1359 4264 scribit
1404 4207 1596 4274 fuisse,
1641 4211 1819 4277 capite
1866 4207 2136 4276 sequenti.

565 4301 665 4357 Est
710 4303 799 4356 hic
846 4317 1022 4358 annus
1068 4301 1275 4358 Christi
1331 4301 1508 4364 1572,
1551 4301 1707 4373 cyclo
1763 4299 2013 4354 Romano
2062 4314 2138 4363 ιι,

573 4395 755 4471 littera
781 4394 1045 4450 Dominic.
1093 4394 1199 4451 DC.
1234 4394 1380 4451 ldetn
1418 4404 1599 4450 tamen
1640 4395 1818 4464 capite
1849 4391 1941 4456 Vl,
1976 4392 2138 4464 μέχρι

2230 3290 2335 3347 mis
2400 3289 2702 3346 notandum
2742 3291 2925 3355 venit,
2974 3297 3036 3344 ut
3093 3304 3161 3346 ex
3225 3306 3291 3346 eo
3342 3290 3801 3361 chronologorum

2230 3383 2568 3445 Graecorum,
2599 3390 2654 3436 et
2694 3381 2963 3452 imprimis
2993 3381 3346 3453 Theophanis
3380 3391 3562 3439 errata
3604 3383 3800 3452 depre-

2232 3471 2559 3527 hendamus.
2604 3469 2780 3541 Hujus
2823 3470 3227 3528 observationis
3269 3473 3545 3543 specimen
3591 3472 3803 3543 praebe-

2232 3565 2433 3621 bimus.
3865 3556 3872 3562 ’

2305 3656 2665 3727 Theophanes
2695 3657 2771 3711 ait
2806 3657 3115 3713 Heraclitum
3158 3658 3391 3727 coepisse
3423 3673 3570 3713 anno
3612 3658 3805 3713 mundi

2235 3748 2395 3815 6102,
2414 3748 2817 3804 lncarnationis
2834 3748 2960 3812 602,
2984 3750 3234 3805 Octobris
3263 3767 3335 3814 tv,
3364 3750 3498 3805 feria
3521 3766 3585 3813 ιι,
3611 3751 3803 3805 indict.

2236 3854 2345 3893 xiv.
2384 3837 2486 3893 Hic
2518 3847 2605 3895 est
2640 3854 2819 3895 annus
2861 3839 3064 3894 Christi
3095 3837 3460 3910 Dionysianus
3493 3838 3618 3904 610,
3649 3839 3808 3909 cyclo

2236 3929 2500 4001 praeditus
2521 3930 2690 3987 solari
2724 3946 2815 3995 ιιι,
2851 3931 3030 3986 littera
3063 3930 3125 3985 D.
3159 3931 3345 4001 Itaque
3367 3946 3522 3986 error
3547 3939 3632 3986 est
3661 3931 3808 4001 apud

2238 4019 2649 4089 Theophanem,
2699 4020 3097 4091 legendumque
3157 4020 3291 4074 feria
3324 4037 3363 4085 ι,
3408 4037 3519 4075 non
3565 4037 3625 4074 ιι.
3676 4020 3811 4074 Erat

2239 4112 2468 4167 indictto
2519 4111 3134 4183 Constantinopolitana
3204 4113 3272 4168 ab
3327 4111 3637 4182 Septembri
3692 4128 3808 4168 xtv.

2239 4204 2397 4258 Hunc
2428 4202 2594 4274 igitur
2628 4219 2834 4259 annum
2875 4213 3032 4274 putat
3076 4204 3435 4275 TbeOphanes
3486 4205 3555 4259 ab
3598 4206 3813 4260 Adamo

2241 4295 2416 4363 6102;
2452 4297 2848 4353 lncarnationis
2872 4298 2995 4353 602.
3024 4301 3095 4352 At
3115 4297 3399 4353 Cedrenus
3434 4298 3809 4365 mundi6103,

2242 4387 2643 4444 lncarnationis
2694 4387 2821 4444 609.
2855 4388 3059 4444 Verum
3103 4388 3251 4458 quod
3302 4389 3370 4443 ad
3407 4387 3813 4444 lncarnationis

573 4485 672 4556 τῆς
699 4484 871 4557 ἀρχῆς
903 4484 996 4538 τοῦ
1049 4484 1350 4557 ἀρχομένου
1394 4483 1720 4556 Ἰανουαρίου
1746 4521 1760 4547 ,
1811 4500 1830 4535 ι
1861 4497 2039 4552 usque
2070 4482 2129 4536 ad

2242 4493 2417 4535 annos
2438 4481 2650 4545 attinet,
2675 4480 2935 4544 Miscella,
2956 4496 3077 4552 quae
3100 4496 3166 4537 ex
3199 4479 3552 4551 Theophanis
3579 4480 3815 4536 historia

569 4577 786 4631 initium
817 4572 1085 4641 Januarii,
1107 4580 1200 4648 qui
1230 4577 1478 4646 proxime
1506 4576 1781 4647 sequitur,
1809 4594 1828 4626 ι
1856 4589 2031 4629 annos
2063 4574 2139 4627 ait

569 4682 693 4723 esse
724 4664 902 4723 6880:
942 4668 1143 4738 quibus
1176 4668 1368 4724 divisis
1414 4683 1511 4740 per
1551 4667 1641 4733 19,
1672 4667 1885 4739 cyclum
1935 4665 2077 4720 lunae
2107 4664 2143 4718 2

572 4759 788 4814 conlici.
854 4757 978 4813 llaec
1049 4762 1125 4814 ita
1188 4759 1473 4815 conciliari
1532 4767 1784 4831 possunt.
1857 4756 2143 4813 Scribebat

572 4846 791 4900 lsaacus
835 4845 1056 4902 Octobri
1108 4862 1297 4904 mense
1348 4848 1479 4903 anni
1534 4849 1740 4905 Christi
1793 4848 1967 4915 1372;
2018 4861 2143 4902 cum

568 4937 682 5004 jam
739 4937 806 4991 ab
853 4936 1158 5007 Septembri
1207 4948 1424 5011 cceptus
1464 4950 1611 4998 esset
1652 4926 1830 4996 annus
1869 4942 2145 4997 Constan-

574 5030 968 5101 tinupolitanus
999 5031 1134 5087 6881
1162 5048 1287 5087 cum
1323 5034 1622 5090 indictione
1642 5050 1696 5089 xi
1726 5073 1742 5099 ,
1775 5033 1990 5089 ratione
2013 5046 2145 5089 vero

573 5120 713 5190 cycli
752 5121 951 5177 solaris
1000 5136 1032 5175 a
1065 5120 1323 5179 Kalendis
1370 5123 1660 5180 Octobris:
1712 5139 1878 5194 porro
1928 5122 2145 5179 ratione

572 5214 713 5284 cycli
746 5214 987 5279 lunaris,
1022 5212 1282 5271 Kalendis
1317 5213 1597 5269 Januariis
1630 5216 1988 5286 sequentibus
2037 5214 2147 5270 ini-

574 5306 711 5359 tium
739 5304 1028 5361 habiturus
1049 5314 1187 5371 erat,
1211 5306 1294 5363 sic
1319 5313 1379 5361 ut
1404 5321 1581 5361 annus
1601 5305 1760 5376 6880,
1772 5312 2146 5377 perseveraret

576 5412 721 5451 anno
749 5396 907 5452 1572.
944 5397 1131 5468 Itaque
1163 5398 1232 5453 ad
1269 5397 1542 5455 Kalendas
1560 5398 1808 5454 Januarii
1840 5400 1971 5455 anni
2003 5400 2144 5454 1575

575 5485 797 5544 ﬂuxisse
827 5489 903 5543 ait
933 5503 1106 5545 annos
1138 5488 1316 5546 6880:
1346 5491 1543 5545 horum
1576 5491 1805 5547 ultimus
1838 5492 2144 5562 occupabat

578 5593 780 5633 annum
805 5580 963 5645 1572,
996 5581 1157 5651 cujus
1188 5579 1321 5637 adeo
1356 5582 1569 5654 cyclum
1608 5582 1919 5653 investigat.
1955 5583 2147 5639 Divide

578 5685 753 5726 annos
786 5670 926 5728 6880
959 5687 1056 5743 per
1084 5673 1171 5739 19,
1200 5681 1373 5729 restat
1400 5674 1435 5727 2
1470 5673 1614 5727 lunae
1641 5674 1827 5740 cyclus
1853 5673 2142 5741 Judaicus,

580 5770 635 5819 ct
660 5763 919 5833 Latinus;
953 5767 1045 5837 qui
1081 5765 1326 5823 Romano
1356 5766 1392 5825 ὅ
1436 5767 1752 5838 respondet,
1786 5778 1990 5839 quotus
2023 5779 2144 5826 erat

2241 4581 2479 4638 constat,
2512 4573 2766 4629 eumdem
2805 4573 2969 4627 habet
3000 4589 3203 4628 annum
3237 4570 3365 4639 602,
3400 4580 3458 4627 ut
3489 4581 3697 4627 certum
3741 4573 3818 4629 sit

2244 4680 2274 4719 a
2308 4665 2639 4737 Theophane
2696 4666 2771 4720 ita
2821 4666 3089 4737 scriptum
3134 4664 3339 4732 fuisse,
3391 4666 3586 4721 mundi
3635 4664 3817 4731 6102,

2242 4757 2640 4814 incarnationis
2687 4757 2836 4813 602:
2897 4759 3088 4815 divisis
3135 4759 3275 4814 6102
3331 4774 3429 4830 per
3465 4758 3565 4827 15,
3616 4758 3819 4829 reliqui

2240 4857 2374 4905 sunt
2398 4848 2498 4916 12;
2523 4847 2705 4903 addita
2738 4849 2968 4916 unitate,
3002 4864 3069 4905 ex
3088 4858 3361 4921 praecepto
3385 4842 3629 4914 Maximi,
3660 4849 3823 4909 colli-

2245 4941 2390 5009 gitur
2415 4940 2645 4995 indictio
2676 4956 2801 5005 xm,
2840 4940 2943 4996 hoc
2977 4951 3060 4997 est
3097 4943 3340 4997 Romana
3376 4940 3407 4996 ἐι
3444 4941 3708 4997 Januario
3749 4941 3820 4996 ad

2248 5033 2410 5085 linem
2462 5030 2812 5100 Decembris;
2845 5032 3454 5103 Constantinopolitana
3507 5050 3639 5089 vero
3666 5049 3698 5088 a
3723 5033 3820 5089 Ja-
3924 5100 3930 5106 ἢ

2247 5124 2463 5187 nuario,
2498 5123 2566 5177 ad
2602 5124 2763 5179 linem
2798 5124 3049 5196 Augusti.
3082 5124 3358 5190 Quocirca
3388 5126 3618 5181 indictio
3662 5142 3820 5183 com-

2249 5214 2361 5282 puti
2391 5214 2766 5279 Alexandrini,
2799 5232 2920 5287 qua:
2945 5232 3012 5271 ex
3045 5217 3314 5273 divisione
3342 5219 3441 5290 τῆς
3478 5217 3679 5289 ὁμάδος
3708 5219 3823 5273 ori-

2248 5312 2361 5368 tur,
2397 5307 2500 5361 nisi
2530 5308 2598 5362 ab
2628 5307 2939 5379 Septembri
2966 5326 3141 5366 annos
3170 5310 3472 5376 ordiamur,
3503 5325 3535 5363 a
3554 5309 3823 5366 Januario

2251 5398 2319 5453 ad
2364 5398 2738 5470 Septembrem
2784 5403 3052 5457 unitatem
3106 5402 3233 5457 addi
3292 5402 3397 5457 sibi
3457 5402 3732 5471 postulat;
3788 5416 3823 5457 a

2253 5487 2580 5560 Septembri,
2618 5493 2684 5546 ad
2720 5493 2851 5546 anni
2893 5496 3075 5561 tinem,
3107 5493 3322 5547 binario
3351 5503 3435 5550 est
3462 5493 3735 5563 augenda,
3761 5502 3825 5549 ut

2251 5583 2465 5639 civilem
2516 5582 3187 5656 Constantinopolitanam
3245 5593 3597 5656 assequatur.
3648 5584 3825 5655 Igitur

2252 5694 2397 5733 anno
2446 5677 2653 5735 Christi
2694 5678 2839 5744 610,
2884 5687 3002 5734 erat
3042 5695 3222 5737 annus
3273 5680 3657 5735 Alexandrina:
3700 5695 3826 5735 atra:

2253 5772 2392 5828 6102
2419 5787 2450 5826 a
2499 5786 2667 5827 verno
2724 5785 2913 5827 mense
2941 5782 3189 5846 .ca’ptus.
3233 5773 3278 5826 A
3330 5771 3640 5845 Septembri
3690 5788 3826 5828 vero
