4124 6438
361 348 494 405 1421

1331 340 1787 400 DISSERTATIO
1829 339 1916 394 DE
1956 336 2361 394 GRIECORUM
2401 336 2606 393 IERIS.

3448 337 3583 394 1122

360 462 539 521 civilis
586 475 764 517 annus
797 460 938 515 6105
982 460 1161 531 putari
1204 458 1373 529 cmpit
1402 477 1414 512 :
1460 456 1605 526 quod
1642 454 1921 509 Cedrenus
1951 459 1994 514 Α
2025 451 2589 523 lahentem'cujusque
2620 455 2859 522 computi
2893 453 3309 517 numerandum,
3337 458 3584 526 praecipit

361 563 583 612 secutus
617 561 735 621 est;
775 553 930 623 prius
974 560 1178 614 autem,
1211 548 1596 619 Theophanes,
1629 547 1719 615 qui
1750 546 1924 599 eccle-

362 645 587 703 siastico
620 659 792 711 more,
835 650 897 697 ut
923 641 1183 709 vidimus,
1208 655 1382 695 annos
1424 654 1454 691 a
1493 638 1754 692 Paschate
1788 635 1923 689 solet

364 737 625 806 incipere.

432 826 796 896 Theophanes
860 824 1000 880 idem
1069 829 1259 878 narrat
1316 820 1553 876 Leonem
1626 817 1924 874 Isauricum

364 919 567 974 obiisse
623 932 769 973 anno
810 916 1023 986 imperii
1063 917 1149 971 sui
1189 930 1318 977 xxv,
1358 913 1470 983 jam
1526 912 1593 966 ab
1647 910 1927 965 mensibus

362 1008 601 1071 duobus,
629 1007 822 1061 diebus
862 1021 976 1059 χχιι
1012 1005 1299 1067 inchoato,
1334 1018 1428 1056 xiv
1458 1000 1729 1056 Kalendas
1774 998 1923 1059 Julii,

364 1098 664 1154 indictione
688 1114 764 1159 ix,
796 1097 942 1166 quod
975 1106 1029 1150 et
1078 1096 1306 1150 historia
1346 1094 1586 1149 Miscella
1614 1092 1780 1148 refert
1826 1092 1929 1146 sub

363 1189 523 1242 finem
558 1186 684 1240 libri
715 1186 856 1240 XXI.
893 1188 1053 1250 Ἔτος
1090 1181 1158 1257 ἦν
1193 1185 1300 1239 ἀπὸ
1332 1184 1429 1256 μὲν
1460 1185 1688 1246 κτίσεως
1724 1184 1926 1253 κόσμου

365 1277 505 1330 κατὰ
540 1276 846 1347 Ῥωμαίους
866 1276 1054 1347 ,ςσμη’
1098 1277 1208 1330 ἀπὸ
1254 1275 1442 1346 Ἀδὰμ,
1479 1275 1618 1328 κατὰ
1666 1275 1723 1327 δὲ
1765 1276 1929 1343 Αἰγυ-

363 1368 577 1429 πτίους,
612 1368 779 1437 ἧγουν
813 1366 1200 1439 Ἀλεξανδρεῖς,
1224 1365 1419 1436 ,ςσλβς
1453 1365 1560 1418 ἀπὸ
1582 1364 1638 1417 δὲ
1662 1364 1928 1417 Φιλίππου

362 1459 505 1512 κατὰ
550 1457 867 1522 Μακεδόνας
905 1457 1060 1528 ,αξγζ
1110 1456 1241 1524 Quae
1272 1458 1351 1511 sic
1412 1455 1617 1510 Paulus
1658 1454 1930 1510 Diaconus

362 1550 561 1605 vertit:
609 1568 628 1600 ι
660 1549 799 1604 Cum
846 1565 1026 1605 annus
1077 1557 1223 1607 esset
1277 1565 1309 1604 a
1347 1549 1659 1605 conditione
1709 1550 1928 1620 quidem

362 1640 588 1704 mundi,
619 1639 777 1709 juxta
826 1639 1141 1705 Romanos,
1186 1640 1255 1695 ab
1287 1640 1460 1693 Adam
1518 1647 1706 1695 sextus
1752 1640 1926 1694 mille-

364 1733 538 1787 simus
587 1731 998 1788 ducentesimus
1037 1731 1490 1803 quadragesimus
1538 1739 1786 1795 octavus,
1840 1747 1929 1786 se-

364 1823 606 1877 cundum
634 1822 920 1894 :Egyptios
950 1840 1102 1889 vero,
1146 1840 1242 1879 seu
1274 1824 1698 1886 Alexandrinos,
1741 1832 1930 1878 sextus

362 1915 687 1971 millesimus
730 1916 1139 1970 ducentesimus
1175 1915 1488 1970 tricesimus
1547 1914 1862 1981 secundus;
1902 1929 1930 1968 a

362 2004 635 2076 Philippo,
674 2006 975 2061 secundum
1025 2006 1370 2070 Macedones,
1415 2007 1737 2062 millesimus
1778 2020 1934 2062 sexa-

364 2098 604 2167 gesimus
631 2098 843 2153 tertius.
872 2117 890 2150 ι
928 2096 1049 2151 Fuit
1077 2099 1166 2153 hic
1197 2114 1372 2153 annus
1394 2098 1597 2153 Christi
1627 2097 1932 2152 communis

363 2203 487 2242 aera:
507 2188 627 2253 741,
648 2205 755 2258 quo
777 2189 876 2244 fuit
895 2189 1120 2243 indictio
1135 2206 1214 2253 1x,
1233 2198 1342 2243 tam
1360 2189 1601 2243 Romana
1616 2205 1775 2259 quam
1793 2187 1936 2243 Con-

365 2280 873 2349 stantinopolitana,
895 2278 1059 2335 Junio
1080 2296 1285 2335 mense.
1313 2281 1579 2335 Detractis
1612 2281 1771 2335 annls
1796 2280 1934 2336 5508

365 2369 434 2423 de
470 2370 630 2435 6248,
656 2379 862 2426 restant
909 2371 1010 2425 740
1038 2386 1159 2425 atrae
1189 2370 1553 2443 Dionysianaa.
1591 2371 1710 2427 Uno
1750 2372 1935 2441 itaque

367 2462 552 2517 minus
581 2476 725 2516 anno
745 2470 1027 2532 computat
1048 2462 1440 2533 Theophanes;
1467 2463 1611 2532 quod
1636 2470 1690 2517 et
1711 2463 1935 2517 indictio

366 2554 741 2610 demonstrat:
781 2569 909 2609 nam
942 2556 989 2610 si
1023 2569 1197 2610 annos
1219 2553 1359 2608 6248
1388 2569 1484 2623 per
1513 2552 1580 2607 15
1608 2554 1931 2620 distribuas,

368 2644 599 2701 exsistet
638 2645 865 2700 indictio
897 2661 1015 2701 vm.
1050 2647 1214 2716 Atqui
1237 2646 1289 2700 in
1303 2662 1411 2701 :cra
1430 2636 1934 2718 ConstantinOpoli-

370 2746 520 2798 tana,
551 2751 713 2806 quam
750 2735 1067 2791 Paschalem
1112 2744 1274 2791 vocat
1323 2735 1587 2807 Scaliger,
1631 2735 1934 2791 Romanam

374 2827 772 2900 Theophanes;
827 2829 1018 2884 divisis
1080 2828 1239 2881 annis
1288 2827 1356 2881 ab
1406 2826 1652 2891 Adamo,
1705 2842 1935 2883 currens

375 2921 604 2975 indictio
628 2919 977 2988 relinquitur.
1012 2916 1105 2971 Sic
1138 2933 1283 2970 anno
1309 2916 1660 2970 Alexandrini
1695 2918 1935 2984 computi

370 3013 513 3067 6252
563 3027 659 3082 per
708 3011 776 3066 15
812 3009 1010 3074 diviso,
1046 3015 1296 3078 superest
1327 3008 1554 3063 indictio
1583 3023 1681 3072 vn,
1720 3008 1934 3062 binario

2029 543 2229 598 addere
2289 545 2448 597 annis
2499 544 2703 598 Christi
2768 543 3117 615 Dionysianis
3178 560 3352 601 annos
3405 546 3583 611 5494,

2026 634 2164 688 5508
2198 642 2251 689 et
2287 635 2446 698 5500,
2478 644 2641 703 atque
2673 650 2703 688 a
2738 635 3041 703 Septembri
3077 644 3240 705 caput
3270 637 3397 691 anui
3433 653 3588 706 repe-

2025 732 2180 779 tere:
2217 725 2364 795 quod
2405 725 2509 779 hoc
2545 727 2792 795 exemplo
2849 727 3198 796 perspicuum
3230 727 3383 783 facit.
3430 727 3588 782 Anno

2026 816 2229 872 Christi
2264 817 2423 883 1596,
2456 820 2621 888 ccepit
2651 819 2716 872 ab
2749 817 3050 888 Septembri
3094 818 3406 873 Graecorum
3437 832 3592 874 more

2028 922 2205 965 annus
2252 909 2431 964 1597:
2470 910 2607 965 adde
2655 925 2834 964 annos
2878 909 3051 973 5500,
3107 908 3337 966 habebis
3384 924 3590 964 annum

2031 1000 2168 1054 7097
2213 1015 2333 1055 aera
2379 1001 2698 1068 orientalis;
2758 1001 2895 1056 adde
2932 1001 3095 1066 5508,
3139 1001 3227 1055 fiet
3257 1016 3432 1057 annus
3469 1015 3592 1056 serae

2028 1089 2314 1145 Paschalis
2344 1091 2515 1159 7105;
2551 1092 2691 1147 adde
2722 1092 2891 1156 5494,
2928 1092 3029 1146 erit
3070 1107 3246 1146 annus
3275 1107 3395 1147 aera:
3435 1093 3594 1146 luna-

2030 1183 2107 1236 ris
2138 1182 2297 1238 7091.
2329 1181 2530 1238 Verum
2565 1185 2620 1237 in
2665 1184 2771 1237 hoc
2802 1190 3078 1252 postremo
3126 1184 3307 1238 lunari
3335 1191 3594 1252 computo

2030 1273 2141 1326 duo
2175 1272 2421 1327 subtrahi
2460 1280 2721 1342 perpetua
2767 1271 3025 1325 methodo
3049 1271 3226 1340 jubet,
3270 1279 3329 1324 ut
3363 1272 3594 1341 proinde

2032 1365 2253 1420 nonnisi
2282 1363 2420 1418 7089
2453 1379 2629 1420 annus
2682 1364 2775 1418 ille
2824 1373 3061 1434 putetur.
3117 1362 3273 1430 Haec,
3327 1363 3588 1432 inquam,

2031 1456 2215 1509 cautio
2243 1454 2540 1511 falsissima
2569 1462 2674 1519 est,
2703 1461 2765 1509 ut
2793 1470 2859 1509 ea
2880 1454 3257 1510 demonstrant
3284 1470 3406 1525 qua:
3431 1468 3595 1523 supe-

2031 1546 2275 1600 rioribus
2304 1546 2576 1616 capitibus
2605 1548 2836 1616 exposui
2861 1547 2928 1601 de
2951 1547 3127 1601 tribus
3155 1546 3276 1602 istis
3298 1544 3587 1615 computis.

2031 1632 2166 1687 Nam
2216 1635 2338 1689 duce
2378 1650 2441 1690 ex
2493 1636 2612 1703 his,
2671 1636 2880 1691 lunaris
2926 1644 2981 1692 et
3030 1636 3348 1701 orientalis,
3388 1649 3592 1689 annum

2033 1727 2341 1781 communis
2370 1727 2589 1791 natalis,
2616 1741 2681 1781 ac
2705 1726 3022 1798 Dionysiani
3051 1727 3294 1796 praebent
3319 1725 3589 1788 eumdem,

2032 1817 2127 1887 qui
2157 1826 2240 1873 est
2281 1817 2421 1871 5495
2451 1818 2627 1874 iniens
2656 1833 2687 1871 a
2723 1818 3050 1889 Septembri.
3087 1817 3376 1881 Maximus,
3420 1816 3592 1871 Geor-

2033 1907 2182 1976 gius,
2239 1921 2304 1960 ac
2340 1905 2700 1977 Theophanes
2739 1923 2848 1962 tera
2891 1907 2975 1963 usi
3011 1917 3160 1975 sunt,
3207 1922 3369 1979 quam
3409 1907 3594 1961 orien-

2035 1998 2198 2052 talem
2229 2005 2388 2052 vocat
2413 1996 2676 2069 Scaliger.
2703 1998 2818 2054 Iloc
2848 2010 2999 2054 extra
3028 1999 3456 2055 controversiam
3484 2008 3590 2055 est.

2032 2086 2169 2141 Nam
2202 2088 2481 2143 Christum
2533 2096 2787 2144 asserunt
2816 2089 3183 2154 incarnatum,
3227 2096 3283 2145 et
3311 2088 3367 2143 in
3414 2088 3594 2143 lucem

2034 2178 2242 2232 editum
2277 2193 2422 2232 anno
2446 2182 2687 2249 computi
2736 2181 2822 2236 s'ui
2854 2181 3014 2235 5501.
3061 2180 3227 2251 Igitur
3264 2195 3443 2236 annus
3474 2193 3595 2233 atra;

2035 2258 2531 2340 Dio'nysianaaﬁll,
2569 2286 2678 2341 quo
2706 2270 2943 2326 IIeraclii
2967 2287 3142 2326 annus
3180 2287 3306 2325 xxxi
3347 2269 3595 2325 Paschali

2035 2375 2226 2417 mense
2270 2364 2543 2428 currebat,
2578 2365 2887 2434 computari
2935 2364 3005 2418 ab
3046 2364 3154 2420 illis
3204 2364 3391 2418 debuit
3423 2362 3591 2428 6141,

2012 2457 2238 2513 δθᾱάίιὶε
2270 2459 2410 2514 5500
2453 2459 2519 2514 ad
2567 2459 2693 2514 641.
2747 2461 2912 2531 Atqui
2938 2476 3059 2516 eum
3115 2462 3295 2531 ipsum
3347 2468 3595 2517 statuunt

2041 2560 2247 2601 annum
2304 2549 2491 2603 mundi
2526 2549 2694 2615 6155,
2732 2557 2936 2620 quotus
2970 2559 3055 2605 est
3106 2552 3160 2605 in
3214 2552 3395 2605 lunari
3447 2567 3600 2607 com-

2041 2648 2205 2707 puto;
2244 2640 2290 2694 si
2320 2640 2390 2695 ad
2420 2656 2593 2697 annos
2626 2641 2722 2695 641
2763 2642 3033 2713 adjungas
3064 2642 3240 2707 5492,
3276 2644 3354 2697 uti
3391 2647 3604 2699 metho-

2041 2730 2150 2786 dus
2192 2731 2510 2803 exigit..Sic
2558 2749 2761 2787 annum
2805 2735 3040 2805 primum
3071 2734 3323 2801 Heraclii,
3354 2735 3448 2806 qui
3481 2736 3605 2792 iniit

2036 2818 2263 2878 Octobri
2295 2826 2425 2879 anni
2473 2823 2678 2881 Christi
2723 2826 2828 2880 610
2862 2827 3141 2882 numerari
3173 2829 3414 2897 oportuit
3460 2829 3602 2885 6110

2036 2915 2318 2973 orientalis
2359 2933 2515 2983 acra},
2573 2928 2629 2972 at
2680 2918 2859 2973 solum
2899 2918 3037 2973 6102
3086 2927 3313 2989 putatur
3351 2935 3381 2973 a
3424 2920 3604 2977 Theo-

2037 3006 2245 3076 phane;
2282 3017 2486 3079 quotus
2529 3017 2614 3066 est
2656 3011 2709 3064 in
2738 3025 2833 3078 ea,
2862 3025 3026 3081 quam
3067 3010 3315 3066 lunarem
3361 3011 3603 3085 Scaliger

371 3104 619 3158 Romana
657 3101 858 3167 minor,
891 3115 1014 3154 cum
1045 3101 1256 3153 unitate
1297 3106 1510 3152 tantum
1547 3099 1798 3169 superari
1840 3100 1936 3153 de—
1965 3121 2011 3181 ρ
2041 3098 2296 3167 appellat.

370 3197 519 3251 beat.
543 3194 674 3249 Item
699 3193 767 3248 de
792 3192 931 3246 6252
955 3190 1215 3246 detractis
1236 3190 1395 3255 5492,
1430 3184 1635 3245 residui
1662 3198 1790 3245 sunt
1814 3190 1936 3256 740,

372 3301 499 3341 cum
535 3285 626 3339 741
668 3284 910 3355 reliquos
959 3298 1082 3338 esse
1135 3290 1403 3352 Oporteat.
1465 3281 1708 3353 Denique
1762 3299 1940 3340 annus

373 3377 610 3448 Philippi
638 3390 733 3446 per
754 3376 897 3430 idem
921 3382 1136 3443 tempus
1161 3374 1447 3429 labebatur
1465 3375 1626 3439 1064,
1645 3392 1755 3430 ηοη
1778 3376 1937 3431 1065.

373 3467 565 3538 Itaque
593 3466 765 3523 falsus
817 3475 901 3521 est
936 3464 1334 3534 Theophanes,
1376 3473 1430 3520 et
1462 3466 1811 3522 scribendum
1863 3469 1941 3523 illi

378 3556 503 3622 fuit,
532 3567 752 3611 mortuo
779 3554 960 3610 Leone
985 3555 1325 3612 successisse
1346 3554 1769 3611 Constantinum
1797 3574 1943 3615 anno

379 3646 682 3701 secundum
731 3646 1007 3701 Romanos
1062 3643 1237 3712 6249,
1295 3644 1665 3701 Alexandrino
1698 3645 1855 3712 6255,
1911 3665 1944 3702 a

376 3737 631 3811 Philippo
660 3736 819 3794 1064.

969 3849 1199 3907 CAPUT
1255 3849 1346 3907 Vl.

378 3946 738 4017 Confutantur
765 3963 828 4001 ea
866 3962 983 4069 qua
1017 3946 1082 3999 de
1114 3943 1311 4026 Graecis
1353 3944 1608 4012 computis
1660 3944 1942 4013 explicavit

450 4018 686 4069 Scaliaer
713 4019 769 4069 in
804 4015 867 4069 Vl
917 4019 987 4069 De
1013 4016 1391 4069 emendatione
1422 4025 1725 4069 temporum
1751 4016 1940 4069 iidem-

450 4015 686 4087 Sealiger
713 4019 769 4070 in
804 4015 890 4070 Vll
917 4019 987 4087 De
1013 4016 1391 4071 emendatione
1422 4025 1725 4087 temporum
1751 4016 1940 4069 iidem-

450 4104 548 4158 que
585 4084 746 4141 uariis
778 4085 1027 4155 exemplis
1056 4087 1375 4140 illustriores
1398 4084 1712 4142 redduntur.

448 4196 609 4251 Nunc
639 4197 707 4251 ad
737 4195 1062 4251 excutienda
1103 4195 1195 4249 illa
1227 4196 1511 4251 veniamus
1550 4210 1672 4266 qua:
1699 4196 1765 4251 de
1795 4195 1946 4250 Grae-

382 4290 465 4343 cis
500 4288 635 4343 iisce
675 4288 947 4358 computis
975 4286 1250 4357 Iosephus
1294 4286 1537 4357 Scaliger
1577 4288 1632 4342 in
1664 4304 1840 4373 .opere
1869 4287 1947 4342 De

381 4380 743 4434 emendatione
790 4388 1078 4447 temporum
1128 4379 1307 4435 attulit
1351 4380 1442 4449 (p.
1490 4379 1594 4435 749
1638 4381 1769 4435 edit.
1821 4396 1947 4451 pos-

2111 3186 2379 3244 Praeterea
2408 3189 2672 3261 Georgius
2711 3207 2775 3246 ac
2812 3191 3187 3263 Theophanes,
3206 3200 3267 3247 ut
3295 3207 3462 3263 supra
3487 3208 3604 3249 me-

2040 3280 2321 3346 minimus,
2339 3297 2500 3336 aeram
2524 3284 2842 3338 orientalem
2865 3281 3128 3356 Scaligeri
3149 3286 3433 3341 nominant
3461 3285 3604 3341 κατὰ

2040 3374 2403 3441 Αἰγυπτίους,
2467 3377 2581 3430 sive
2634 3375 3021 3447 Ἀλεξανδρεῖς,
3078 3375 3396 3433 Paschalem
3436 3393 3602 3442 vero,

2042 3462 2184 3516 κατὰ
2217 3463 2536 3534 Ῥωμαίους.
2574 3462 2809 3534 Insignis
2836 3474 2920 3520 est
2948 3480 3011 3520 ea
3043 3465 3111 3521 de
3158 3481 3219 3520 re
3248 3465 3606 3535 Theophanis

2043 3554 2219 3618 locus,
2261 3571 2420 3624 quem
2445 3555 2622 3626 capite
2646 3556 2915 3625 superiori
2946 3557 3255 3624 retulimus,
3279 3557 3371 3611 ubi
3400 3573 3606 3612 annum

2043 3644 2289 3709 Christi,
2363 3650 2454 3716 qui
2511 3648 2874 3717 respondebat
2917 3664 3045 3703 xxiv
3100 3647 3300 3703 Leonis
3354 3648 3604 3716 Isaurici,

2043 3747 2269 3810 eratque
2301 3740 2427 3803 740,
2461 3739 2539 3794 ait
2572 3741 2875 3795 secundum
2906 3741 3202 3815 Romanos,
3234 3743 3287 3797 id
3311 3752 3395 3799 est
3424 3745 3479 3798 iu
3505 3743 3610 3798 Pa-

2045 3830 2239 3896 schali,
2266 3838 2326 3884 ut
2352 3829 2596 3902 Scaliger
2617 3847 2739 3887 eam
2766 3842 2946 3899 vocat,
2975 3849 3083 3888 tera
3113 3850 3236 3890 esse
3261 3834 3433 3901 6218;
3468 3835 3611 3890 κατὰ

2058 3920 2427 3992 Ἀλεξανδρεῖς
2461 3922 2626 3979 6252.
2670 3923 2929 3981 Deductis
2961 3926 3122 3981 armis
3152 3927 3317 3993 5508,
3352 3927 3419 3984 de
3449 3928 3608 3993 6248,

2046 4020 2216 4067 restat
2267 4028 2443 4067 annus
2472 4012 2576 4066 740
2602 4030 2616 4079 ;
2653 4013 2720 4070 de
2748 4015 2889 4071 6252
2918 4023 3098 4072 autem
3128 4018 3414 4074 subductis
3449 4020 3608 4083 5500,

2044 4110 2107 4157 ut
2140 4104 2278 4158 solet
2309 4104 2691 4174 Theophanes,
2729 4106 2975 4177 reliquus
3006 4117 3088 4162 est
3118 4123 3296 4162 annus
3327 4109 3395 4162 ab
3427 4111 3614 4163 lncar-

2045 4194 2268 4249 natione
2316 4194 2451 4258 752,
2484 4202 2608 4249 octo
2662 4196 2823 4250 annis
2870 4196 3050 4250 minor
3081 4211 3189 4251 aera
3237 4195 3564 4265 Dionysiana
3595 4237 3611 4261 ,

2049 4285 2128 4339 uti
2161 4292 2593 4341 consentaneum
2635 4295 2758 4341 est:
2797 4287 2994 4342 ablatis
3023 4294 3202 4341 autem
3249 4289 3408 4343 annis
3449 4289 3611 4355 5492,

2047 4376 2307 4433 residuus
2358 4384 2445 4431 est
2498 4392 2677 4433 anuus
2728 4378 3122 4434 Incarnationis
3163 4378 3435 4433 Panodori
3487 4380 3613 4436 7i0.

382 4471 615 4541 tremas),
661 4485 801 4542 quae,
857 4478 916 4524 ut
950 4471 1200 4526 universe
1233 4471 1433 4535 dicam,
1475 4472 1742 4541 ejusmodi
1783 4482 1943 4539 sunt;
1979 4469 2023 4522 D
2049 4472 2288 4542 Apparet
2330 4487 2462 4541 ergo
2491 4483 2807 4541 computum
2853 4478 3162 4541 utrumque,
3195 4485 3428 4541 quorum
3481 4472 3617 4526 alte-

384 4573 446 4619 ut
478 4565 697 4619 illorum
750 4561 994 4619 scientia:
1040 4561 1289 4616 funditus
1319 4572 1593 4630 expertem
1644 4576 1707 4615 ac
1752 4561 1944 4615 rudem

386 4655 663 4709 hominem
716 4651 887 4707 fuisse
912 4651 1308 4706 demonstrent.
1351 4649 1460 4705 Nec
1484 4665 1548 4705 ea
1586 4651 1748 4704 modo
1785 4651 1950 4719 repli-

384 4747 655 4811 cabimus,
676 4760 799 4816 quae
813 4743 880 4798 ab
895 4743 1013 4813 ipso
1039 4744 1093 4796 in
1114 4741 1158 4794 ιτ
1176 4741 1253 4797 De
1275 4744 1637 4797 emendatione
1661 4753 1951 4812 temporum

387 4839 663 4907 disputata
699 4835 972 4907 capitibus
1017 4834 1271 4899 duobus,
1322 4835 1379 4889 in
1414 4850 1560 4890 nono
1592 4834 1670 4889 De
1708 4834 1953 4888 doctrina

391 4939 681 4997 temporum
726 4926 906 4995 capite
956 4922 999 4977 V
1050 4924 1477 4980 confutavimus.
1514 4924 1614 4979 Hic
1672 4940 1736 4980 ea
1776 4925 1952 4979 solum

391 5019 703 5090 attingenda
730 5026 881 5083 sunt,
900 5031 1021 5086 quae
1040 5015 1107 5070 ad
1131 5022 1448 5085 computum
1472 5015 1692 5072 Maximi
1723 5016 1955 5087 septimo

389 5112 447 5166 in
482 5111 621 5165 libro
658 5108 955 5174 disseruit;
986 5122 1108 5177 quae
1143 5107 1213 5160 in
1248 5107 1396 5161 hunc
1445 5108 1651 5175 locum,
1704 5117 1759 5163 et
1790 5107 1955 5178 hujus

389 5203 684 5259 editionem
706 5199 962 5270 Computi
978 5206 1268 5253 reservata
1299 5197 1535 5252 fuerant.

459 5292 536 5346 Ex
566 5293 654 5347 his
677 5291 913 5361 primum
946 5289 1077 5345 illud
1117 5289 1459 5359 apertissime
1488 5288 1685 5344 falsum
1720 5300 1806 5346 est
1844 5298 1958 5347 tres

393 5385 527 5439 istos
560 5393 848 5453 computos
879 5382 960 5438 sic
985 5381 1207 5447 habere,
1241 5389 1301 5435 ut
1329 5382 1565 5437 natalem
1599 5383 1805 5441 Christi
1830 5383 1960 5439 Dio-

393 5476 683 5546 nysianum
732 5475 1005 5540 habeant,
1059 5476 1346 5531 orientalis
1398 5475 1655 5545 quidem,
1711 5476 1766 5530 in
1813 5492 1959 5549 anno

393 5565 527 5620 5501
557 5566 807 5629 ,lunaris
862 5569 918 5621 in
965 5582 1110 5621 anno
1163 5566 1334 5631 5495,
1386 5565 1672 5621 Paschalis
1724 5568 1779 5621 in
1812 5583 1959 5622 anno

390 5655 551 5711 5509.
591 5657 691 5727 (Ita
724 5660 869 5711 enim
900 5657 1083 5711 vocari
1114 5666 1224 5712 tres
1260 5673 1399 5712 aras
1438 5658 1561 5714 illas
1587 5673 1619 5713 a
1657 5657 1957 5729 Scaligero,

390 5747 518 5804 libri
568 5749 733 5819 hujus
792 5748 948 5805 initio
998 5749 1370 5822 monuimus.)
1414 5750 1566 5808 Unde
1617 5752 1684 5807 ad
1751 5768 1954 5806 annum

2051 4578 2173 4617 rum
2209 4563 2479 4627 lunarem,
2528 4564 2847 4617 orientalem
2880 4564 3112 4617 alterum
3152 4563 3454 4618 nominavit
3482 4565 3619 4617 Sca-

2052 4653 2219 4723 liger,
2277 4653 2346 4707 ab
2394 4654 2605 4708 Adamo
2658 4669 2879 4723 parem,
2936 4662 2991 4709 et
3038 4656 3288 4709 eumdem
3345 4669 3619 4710 annorum

2053 4762 2345 4800 numerum
2378 4747 2654 4817 colligere.
2691 4748 2769 4801 Ac
2799 4749 2846 4802 si
2888 4763 3016 4802 vera
3063 4755 3212 4802 esset
3246 4746 3620 4817 Scaligeriana
3658 4812 3661 4815 _

2053 4837 2365 4905 methodus,
2395 4846 2449 4893 et
2499 4839 2567 4892 ad
2596 4854 2800 4893 annum
2834 4854 2957 4894 terte
2993 4838 3339 4910 Dionysianm
3384 4840 3622 4895 addendi

2056 4931 2238 4984 forent
2265 4931 2430 4996 5500,
2462 4939 2523 4985 ut
2571 4946 3042 5002 consequeremur
3087 4948 3292 4987 annum
3337 4933 3622 4989 orientalis

2056 5023 2320 5092 computi,
2350 5023 2466 5079 sive
2490 5022 2632 5077 κατὰ
2655 5024 3045 5096 Ἀλεξανδρεῖς,
3076 5041 3186 5081 non
3217 5027 3407 5098 utique
3430 5027 3621 5083 mundi

2057 5113 2218 5179 6252,
2244 5114 2339 5169 sed
2378 5114 2519 5169 6240
2550 5116 2828 5170 numerari
2855 5118 3096 5186 oportuit
3121 5132 3323 5171 annum
3357 5119 3478 5175 740.

2127 5204 2397 5263 Praeterea
2435 5207 2573 5263 falso
2595 5215 2651 5263 et
2699 5208 2832 5263 illud
2864 5223 2895 5263 a
2933 5205 3215 5280 Scaligero
3247 5211 3511 5281 scriptum
3539 5218 3622 5268 est

2059 5312 2247 5357 atram,
2282 5314 2447 5369 quam
2471 5300 2707 5370 appellat
2740 5301 3011 5365 lunarem,
3044 5316 3190 5356 anno
3222 5302 3360 5358 5495
3386 5304 3623 5357 natalem

2059 5388 2317 5445 exhibere
2338 5389 2581 5446 Christi:
2607 5391 2703 5446 sed
2734 5391 2801 5445 ad
2824 5391 3137 5447 methodum
3162 5392 3436 5448 decurtari
3465 5394 3625 5448 annis

2058 5479 2133 5535 2:
2167 5481 2313 5549 quod
2342 5491 2708 5538 commentum
2741 5483 2933 5553 ἄλογον
2966 5492 3050 5538 est
3073 5491 3128 5540 et
3156 5483 3622 5539 ridiculum.Nam

2062 5586 2240 5642 neque
2304 5574 2553 5639 ratione,
2611 5590 2791 5644 neque
2843 5575 3168 5631 auctoritate
3213 5575 3455 5628 nititur:
3514 5573 3626 5628 imo

2061 5669 2294 5733 utraque
2357 5664 2726 5721 convincitur.
2790 5664 3071 5736 Siquidem
3132 5666 3375 5736 computi
3435 5673 3623 5720 auctor

2063 5754 2247 5823 istius,
2284 5762 2343 5810 ut
2386 5755 2603 5826 quidem
2640 5768 2889 5828 apparet,
2938 5756 3040 5814 fuit
3078 5756 3427 5816 Panodorus.
3465 5757 3535 5811 At
3578 5757 3629 5815 is
