4124 6418
529 337 664 393 1425

1513 327 1603 381 AD
1643 326 1907 382 EUSEBII
1945 323 2341 381 CIIRONICON
2375 321 2738 377 APPENDIX.

3622 319 3762 376 1424

529 466 668 504 anno
699 449 839 504 5495
868 445 1306 502 lncarnationem
1344 441 1619 502 attribuit,
1661 448 1800 496 teste
1832 439 2086 509 Georgio.
2118 443 2164 498 Α
2195 438 2344 500 facit,
2380 437 2644 492 detractis
2686 435 2754 490 de
2785 449 2930 488 anno
2973 433 3160 488 mundi
3188 430 3368 489 5494:
3403 432 3660 487 nimirum
3703 435 3761 489 in

529 544 666 598 Tum
699 543 975 614 cyclorum
1024 547 1078 592 et
1116 537 1477 592 indictionum
1533 531 1781 586 calculus
1821 530 2090 585 hactenus
2189 542 2256 581 eo
2289 526 2384 596 qui
2437 535 2662 596 putatur
2691 523 2852 587 6021,
2887 539 2996 593 quo
3025 523 3398 577 Justinianum
3441 523 3636 578 iniisse
3675 538 3763 577 re-

529 637 830 708 explicatus
862 651 892 687 ιι
919 631 1078 688 nobis
1109 629 1356 684 eumdem
1381 626 1606 681 damnat
1638 638 1900 680 errorem.

603 729 758 784 Unus
789 727 858 781 ab
893 725 986 779 illo
1023 722 1225 777 citatur
1253 720 1436 774 fautor
1478 716 1645 787 hujus
1689 713 1964 786 opinionis
1990 711 2092 767 Ce-

533 817 776 872 drenus:
813 791 1083 885 quem'ait
1109 823 1273 864 atram
1306 808 1455 861 illam
1492 803 1669 875 sequi,
1701 818 1823 872 quae
1857 799 2092 854 natalem

532 909 737 966 Christi
786 905 1063 974 componit
1105 917 1230 957 cum
1279 915 1424 955 anno
1493 897 1683 952 mundi
1731 893 1916 958 5495;
1971 890 2094 944 ideo

533 1010 794 1072 perpetua
832 997 1088 1054 methodo
1132 997 1199 1051 de
1251 994 1402 1048 illius
1431 1006 1541 1047 trra
1569 986 1934 1060 {deducendos
1974 998 2096 1038 esse

535 1094 693 1149 5494.
719 1090 831 1147 Etsi
859 1089 1029 1146 futilis
1055 1094 1140 1142 est
1171 1094 1368 1140 auctor
1388 1085 1510 1148 iste,
1545 1095 1650 1136 nec
1686 1080 1753 1134 ad
1785 1075 2095 1132 uniusmodi

534 1193 849 1255 computum
883 1178 1242 1243 adhaerescit;
1275 1183 1458 1231 tamen
1499 1189 1568 1228 ne
1617 1171 1672 1226 id
1712 1169 1933 1240 quidem
1972 1181 2098 1220 vere

534 1277 602 1332 de
647 1291 718 1332 eo
766 1270 1080 1344 praedicavit
1128 1268 1388 1339 ,Scaliger
1433 1269 1586 1336 (pag.
1623 1260 1806 1341 565),
1862 1257 2095 1313 natalem

535 1379 876 1421 communem
912 1363 968 1416 in
998 1361 1172 1433 ipsius
1204 1374 1312 1414 aera
1346 1373 1490 1412 anno
1521 1353 1810 1410 convenire
1835 1349 1994 1406 5495.

608 1456 852 1510 Primum
882 1453 1086 1510 diserte
1140 1451 1230 1506 hic
1265 1449 1426 1521 (pag.
1459 1446 1604 1511 144)
1641 1441 1878 1498 afﬁrmat
1920 1455 1981 1496 se
2029 1437 2098 1492 ad

537 1562 713 1603 annos
761 1545 1157 1602 lncarnationis
1203 1550 1396 1613 putare
1447 1537 1624 1598 5506,
1653 1543 1710 1590 et
1767 1532 1934 1604 paulo
1975 1535 2101 1584 ante

539 1638 734 1696 scribit
765 1650 968 1690 annum
997 1633 1199 1689 Tiberii
1223 1649 1292 1686 xv
1321 1644 1444 1686 esse
1486 1625 1677 1684 mundi
1717 1623 1876 1680 5556.
1908 1622 2100 1676 Annus

540 1747 610 1786 xv
643 1729 853 1784 Tiberii
901 1737 986 1782 est
1017 1741 1139 1782 serae
1182 1721 1489 1780 communis
1535 1734 1684 1774 xxix.
1722 1716 1889 1772 Deme
1927 1726 2100 1768 annos

543 1821 680 1877 5494
706 1820 774 1875 de
796 1819 959 1882 5556,
991 1825 1052 1872 ut
1092 1815 1336 1887 praecipit
1372 1811 1643 1882 Scaliger,
1676 1807 1884 1864 orietur
1922 1819 2101 1860 annus

545 1929 652 1967 xm
683 1925 806 1966 :eras
835 1907 1188 1974 Christianae;
1211 1904 1525 1962 tricesimus
1553 1909 1734 1956 autem
1770 1897 2019 1964 exsistet,
2056 1895 2104 1950 si

543 2003 684 2057 5506
713 1999 961 2056 auferas.

613 2092 697 2147 Ad
754 2093 871 2148 hac
915 2091 1102 2146 urbem
1150 2083 1813 2154 Constantinopolitanam
1866 2075 2106 2134 exaediﬁ-

542 2193 721 2240 catam
743 2183 912 2238 refert
935 2180 1160 2236 indictio
1188 2194 1250 2232 ιιι
1293 2190 1436 2232 anno
1465 2173 1654 2228 mundi
1681 2170 1820 2228 5858
1854 2168 1932 2240 (p.
1953 2166 2103 2236 255),

545 2277 672 2332 Maii
711 2291 801 2338 ιι,
849 2273 983 2330 feria
1027 2289 1089 2328 ιι.
1145 2271 1270 2326 Fuit
1307 2282 1438 2338 ergo
1485 2267 1666 2322 littera
1699 2263 1764 2328 D,
1827 2268 1882 2318 et
1931 2275 2106 2314 annus

543 2366 747 2423 Christi
767 2379 990 2420 cccxxx.
1009 2361 1067 2418 Si
1094 2361 1162 2416 de
1189 2358 1331 2414 5858
1358 2356 1567 2412 adimas
1597 2354 1738 2411 5494
1760 2395 1778 2421 ,
1805 2351 1898 2408 ﬁet
1927 2364 2110 2405 annus

545 2457 751 2514 Christi
783 2469 1025 2510 cccxuv.
1061 2451 1230 2506 Vides
1264 2447 1601 2517 ἀλογιστιαν.

615 2549 828 2604 Rursus
857 2545 999 2600 idem
1029 2542 1312 2598 Cedrenus
1343 2541 1420 2594 ait
1456 2541 1610 2610 (pag.
1638 2535 1772 2606 269)
1797 2533 2109 2590 Nectarium

549 2637 1206 2709 ConstantinOpolitanam
1275 2634 1516 2689 tenuisse
1588 2629 1904 2685 cathedram
1964 2639 2108 2683 anno

548 2731 739 2788 mundi
766 2729 925 2795 5888,
956 2723 1356 2782 incarnationis
1391 2722 1516 2778 594.
1560 2720 1752 2776 Annus
1780 2733 1891 2789 quo
1921 2715 2111 2773 sedere

548 2822 717 2892 cmpit
763 2819 1070 2880 Nectarius,
1099 2823 1182 2872 est
1207 2817 1262 2870 in
1293 2828 1402 2868 atra
1430 2810 1758 2882 Dionysiana
1791 2809 1926 2873 581;
1965 2821 2112 2861 mor-

550 2921 684 2967 tuus
707 2919 790 2966 est
818 2917 999 2964 autem
1029 2905 1155 2961 598.
1207 2903 1464 2960 Deductis
1505 2902 1664 2957 annis
1695 2899 1836 2956 5494
1871 2902 1940 2954 de
1971 2897 2113 2952 5888

547 3001 744 3072 reliqui
781 3007 909 3056 sunt
963 2997 1090 3054 594.
1124 2997 1322 3051 Verum
1369 3009 1482 3049 non
1529 2993 1618 3047 ille
1663 3006 1840 3046 annus
1865 2997 1956 3052 est
1989 3003 2112 3044 atras

549 3091 891 3164 Dionysiante
936 3108 949 3144 :
985 3088 1146 3159 cujus
1175 3086 1243 3141 ad
1286 3084 1596 3142 methodum
1636 3082 1959 3138 auferendos
1987 3095 2112 3137 esse
2136 3113 2186 3177 ο

549 3184 710 3240 scivit
741 3195 918 3236 annos
951 3179 1114 3234 5494.

620 3271 829 3338 Quarto
861 3270 1126 3342 synodum
1161 3266 1494 3337 Ephesinam
1537 3265 1768 3334 primam
1806 3262 2022 3318 confert
2054 3263 2109 3316 in

551 3375 752 3418 annum
795 3361 937 3418 5915
973 3360 1132 3431 (pag.
1158 3359 1324 3428 276).
1363 3355 1550 3413 Deduc
1593 3370 1766 3410 annos
1814 3353 1974 3419 5494,
2022 3353 2114 3409 [iet

551 3469 729 3512 annus
756 3454 960 3510 Christi
979 3453 1102 3508 421.
1136 3452 1304 3523 Atqui
1325 3458 1448 3508 erat
1477 3465 1656 3505 annus
1688 3449 1817 3504 451.

619 3546 822 3613 Quinto
871 3546 1178 3601 Romanum
1223 3544 1626 3614 imperatorem,
1659 3541 1755 3612 qui
1801 3555 1926 3603 cum
1963 3539 2109 3594 Cons

552 3639 794 3694 stantino
813 3635 1288 3706 Porphyrogeneto
1305 3633 1593 3704 imperium
1615 3633 1806 3697 tenuit,
1825 3646 1855 3685 a
1885 3628 2114 3700 Stepha-

551 3744 628 3784 no
655 3728 766 3784 filio
790 3727 849 3782 in
876 3725 1120 3782 ordinem
1140 3725 1416 3781 redactum
1442 3739 1565 3781 esse
1586 3732 1774 3778 narrat
1789 3737 1934 3778 anno
1952 3721 2112 3785 6455,

553 3821 849 3878 indictione
879 3833 942 3874 ιιι
973 3819 1051 3890 (p.
1075 3817 1235 3888 522).
1261 3816 1453 3872 Annus
1481 3824 1600 3871 erat
1629 3814 1836 3871 Christi
1857 3813 1981 3877 944,
2007 3828 2118 3882 quo

554 3910 783 3966 indictio
815 3925 872 3963 ιιι
899 3908 1011 3978 jam
1035 3910 1400 3978 usurpabatur
1419 3905 1732 3962 Decembris
1755 3921 1865 3972 xvr,
1890 3903 2117 3976 quando

556 4002 690 4057 illud
717 4001 935 4056 accidit.
950 3998 1068 4054 Jam
1091 4000 1136 4054 si
1171 3999 1240 4054 ab
1261 3999 1420 4055 annis
1437 3999 1578 4054 6455
1599 3997 1818 4054 auferas
1846 3996 2012 4062 5494,
2033 4011 2120 4050 re-

555 4092 831 4162 linquetur
852 4106 1029 4145 annus
1055 4089 1254 4146 Christi
1283 4089 1408 4146 959.
1425 4087 1726 4144 Subductis
1743 4095 1926 4142 autem
1955 4087 2116 4142 annis

557 4183 718 4249 5508,
737 4183 950 4240 exsistit
981 4197 1158 4236 annus
1190 4181 1318 4236 944.
1343 4179 1524 4246 Quare
1557 4196 1666 4235 non
1707 4181 1982 4248 lunarem,
2017 4178 2118 4234 sed

555 4273 871 4332 Paschalem
906 4281 1224 4342 computum
1253 4271 1428 4326 tenuit
1457 4271 1560 4325 hoc
1592 4270 1715 4324 loco
1746 4269 2044 4323 Cedrenus.

629 4363 796 4426 Sexto
821 4365 1284 4437 Theophylactum
1307 4363 1669 4434 patriarcham
1696 4361 1902 4416 obiisse
1920 4360 2114 4416 scribit

560 4459 704 4532 (pag.
722 4458 848 4528 526)
863 4471 1005 4512 anno
1021 4457 1182 4521 6464,
1200 4457 1497 4512 indictione
1511 4471 1622 4518 xxv,
1645 4454 1924 4509 Februarii
1942 4469 2111 4508 xxvu.
2145 4471 2197 4531 υ

559 4548 660 4604 Ηίο
685 4563 862 4604 annus
893 4557 978 4605 est
994 4563 1117 4604 terte
1145 4549 1449 4604 communis
1470 4547 1595 4611 956,
1619 4547 1820 4616 quibus
1846 4545 2114 4600 detractis

561 4643 628 4696 de
643 4639 782 4695 6464
809 4641 993 4706 annis,
1013 4647 1224 4696 restant
1245 4639 1404 4696 5508.
1428 4639 1668 4694 Proinde
1695 4641 1860 4694 etiam
1890 4638 1980 4692 hic
2008 4652 2120 4693 aera

559 4729 810 4786 Paschali
843 4731 1121 4788 Cedrenus
1155 4731 1352 4785 utitur.

628 4820 873 4890 Denique
910 4823 1144 4892 scriptor
1169 4821 1315 4875 idem
1339 4820 1598 4892 deinceps
1636 4819 1705 4874 ad
1738 4820 1901 4876 ﬁnem
1929 4818 2120 4889 operis-

557 4914 922 4984 computoillo
949 4915 1142 4980 utitur,
1174 4913 1268 4984 qui
1284 4913 1350 4968 ad
1371 4928 1534 4970 aram
1565 4913 1928 4969 Christianam
1953 4927 2120 4984 appo—

557 5007 638 5060 nit
663 5020 836 5061 annos
858 5005 1018 5073 5508,
1047 5013 1107 5060 ut
1139 5021 1206 5061 ex
1235 5005 1530 5061 indictione
1554 5007 1722 5074 liquet
1747 5024 1760 5060 :
1797 5006 1944 5060 velut
1971 5020 2120 5059 anno

559 5096 748 5150 mundi
777 5095 936 5160 6468,
963 5094 1121 5160 6471,
1158 5094 1316 5158 6497,
1362 5094 1526 5159 6508,
1553 5094 1714 5158 6518,
1753 5094 1915 5160 6524,
1951 5094 2114 5158 6526,

560 5187 720 5252 659.7,
749 5197 803 5242 et
835 5187 915 5242 sic
939 5187 996 5241 in
1020 5186 1266 5258 reliquis.
1297 5186 1634 5258 Quae’potest
1659 5189 1824 5258 igitur
1858 5202 1957 5257 par
1991 5187 2120 5240 huic

558 5293 683 5333 esse
709 5279 1009 5345 temeritas,
1052 5295 1174 5349 quae
1204 5278 1494 5336 oscitantia
1546 5281 1740 5350 major,
1774 5295 1937 5351 quam
1969 5278 2118 5333 allii--

561 5384 708 5424 mare
736 5369 1042 5425 Cedrennm
1085 5371 1161 5426 ita
1199 5385 1375 5428 annos
1403 5371 1592 5426 mundi
1635 5381 1898 5442 perpetuo
1946 5387 2120 5426 com-

561 5467 802 5528 putasse,
833 5469 894 5514 ut
924 5461 992 5516 ad
1035 5477 1196 5516 aeram
1223 5462 1590 5519 Christianam
1643 5464 1903 5534 adjiceret
1927 5463 2070 5518 5494
2101 5479 2116 5529 ;

561 5569 687 5606 cum
732 5554 934 5625 ubique
977 5555 1088 5610 fere
1123 5555 1262 5610 5508
1293 5555 1592 5626 adjungat;
1624 5565 1718 5611 aut
1751 5557 1798 5612 si
1839 5557 1997 5612 aliter
2034 5556 2118 5609 in-

565 5641 791 5708 stituat,
825 5644 1068 5700 mendosi
1113 5645 1402 5716 perspicue
1453 5647 1667 5701 numeri
1725 5647 1877 5701 sint?
1925 5646 2078 5702 Unus
2105 5687 2120 5711 ,

563 5734 787 5804 opinor,
824 5737 973 5791 locus
1006 5746 1110 5802 est,
1151 5736 1206 5792 in
1255 5752 1362 5806 quo
1393 5751 1520 5792 cum
1573 5753 1685 5792 aera
1715 5737 1919 5809 vulgari
1963 5738 2117 5809 paria

2193 617 2338 682 fert;
2377 619 2581 688 quique
2621 615 2992 688 Dionysianus
3027 615 3129 669 fuit
3162 629 3340 669 annus
3363 613 3488 668 527.
3539 614 3599 669 Si
3624 631 3765 686 pra:-

2193 718 2276 763 ter
2342 708 2446 764 hoc
2511 708 2758 777 exempla
2819 706 2926 760 alia
2977 713 3272 776 suppetant
3333 706 3563 776 (neque
3617 705 3765 760 enim

2193 801 2424 856 scrutari
2463 807 2622 854 vacat
2671 797 2914 868 omnia),
2946 812 3010 853 ea
3047 798 3204 867 longe
3249 797 3582 866 paucissima
3611 805 3765 863 sunt,

2193 907 2292 946 nec
2321 907 2447 946 cum
2481 907 2694 959 eorum,
2716 906 2838 962 qua:
2865 890 3246 962 produximus,
3280 904 3508 944 numero
3541 904 3768 959 compa-

2199 984 2310 1037 rari
2342 991 2573 1054 queunt.
2623 983 2895 1049 Quocirca
2946 996 3108 1037 nemo
3158 979 3476 1036 Grtecorum
3516 988 3764 1035 veterum

2196 1075 2265 1131 de
2290 1075 2394 1129 hac
2422 1089 2529 1129 aera
2577 1075 2836 1146 cogitavit
2883 1087 3160 1142 unquam;
3212 1088 3374 1127 nemo
3421 1071 3640 1128 biennio
3671 1071 3768 1126 de-

2195 1168 2432 1226 curtavit
2462 1167 2644 1237 :quod
2678 1168 2926 1236 ineptum
2959 1172 3044 1220 est
3079 1179 3142 1220 ac
3173 1163 3447 1219 frivolum.

2266 1261 2325 1315 ιιι
2346 1260 2518 1332 cyclis
2546 1275 2675 1315 vero
2709 1259 2844 1312 solis
2867 1273 2929 1312 ac
2955 1259 3118 1322 lunae,
3147 1272 3288 1326 quos
3310 1255 3582 1326 compulis
3614 1254 3765 1310 Cra:-

2197 1355 2278 1410 cis
2323 1350 2754 1407 accommodavit
2799 1351 2857 1404 in
2907 1347 3066 1403 Nolis
3116 1350 3181 1404 ad
3232 1347 3462 1419 Eclogas
3519 1347 3768 1412 Maximi,

2197 1453 2401 1516 quanta
2430 1443 2682 1498 caecitas!
2714 1440 2882 1512 Cyclo
2913 1439 3046 1496 solis
3069 1455 3192 1494 teras
3231 1439 3444 1494 lunaris
3471 1439 3649 1509 primo
3683 1455 3769 1494 re-

2198 1536 2468 1606 spondere
2503 1538 2704 1588 asserit
2743 1531 2956 1602 cyclum
3001 1530 3135 1585 solis
3159 1544 3272 1584 xvu
3313 1544 3435 1584 serae
3459 1527 3764 1594 Paschalis,

2199 1632 2254 1680 et
2305 1621 2588 1678 orientalis
2633 1635 2840 1676 nonum
2871 1637 2885 1686 ;
2916 1635 2980 1676 ac
3007 1619 3187 1674 tribus
3227 1619 3350 1674 istis
3384 1619 3594 1674 litteras
3623 1617 3666 1671 B
3699 1617 3766 1682 A,

2201 1722 2262 1769 ut
2295 1715 2368 1770 sit
2409 1713 2690 1767 Romanus
2723 1711 2910 1782 cyclus
2935 1727 3005 1765 v:
3056 1711 3209 1781 cyclo
3237 1724 3367 1765 vero
3398 1709 3576 1763 lunari
3625 1723 3770 1773 serae,

2203 1821 2368 1878 quam
2402 1806 2648 1860 lunarem
2669 1807 2848 1867 vocat,
2875 1801 3208 1872 respondere
3237 1800 3489 1856 similiter
3523 1798 3579 1854 in
3618 1814 3770 1854 com-

2201 1907 2334 1972 puto
2387 1897 2638 1953 Paschali
2694 1894 2908 1966 cyclum
2945 1908 3095 1956 xvu,
3131 1893 3189 1948 in
3234 1891 3489 1947 orientali
3539 1907 3776 1954 nonum,

2202 1989 2420 2063 quando
2443 2006 2535 2044 xiv
2551 1989 2834 2044 Paschalis
2856 1995 2977 2043 erat
2993 1986 3196 2057 Aprilis
3219 2003 3270 2041 v.
3289 1984 3485 2039 Mirum
3514 1999 3639 2039 cum
3667 1987 3770 2041 ista

2203 2084 2486 2149 scriberet,
2504 2098 2614 2138 non
2641 2081 2792 2136 illum
2823 2078 3169 2134 consuluisse
3189 2076 3481 2132 Maximum
3513 2085 3774 2140 suum,et

2203 2173 2510 2244 exemplum
2557 2173 2626 2227 ab
2677 2186 2744 2228 eo
2790 2169 3052 2240 descripti
3100 2167 3383 2224 Paschalis
3430 2169 3774 2224 animadver~

2203 2268 2380 2321 tisse:
2431 2279 2580 2320 anno
2624 2263 2817 2318 mundi
2866 2262 3036 2326 6155,
3094 2261 3309 2332 cyclum
3360 2261 3495 2317 solis
3541 2260 3772 2332 imputat

2207 2357 2477 2412 Maximus
2510 2357 2770 2426 primum,
2795 2355 3010 2426 cyclum
3037 2354 3182 2408 lunae
3201 2369 3302 2420 xv;
3342 2353 3640 2408 terminum
3669 2349 3775 2405 Pa-

2099 2459 2118 2475 ’
2207 2449 2470 2512 schalem,
2519 2449 2634 2504 sive
2665 2463 2759 2502 xiv
2803 2447 2880 2501 ait
2927 2446 3188 2502 incidisse
3222 2443 3480 2501 Kalendis
3529 2445 3776 2516 Aprilis.

2209 2540 2342 2595 feria
2380 2539 2578 2610 prima.
2627 2537 2685 2593 Si
2720 2539 2845 2609 quis
2873 2538 3014 2592 alius
3045 2538 3386 2600 orientalem,
3409 2552 3570 2607 quem
3613 2545 3775 2592 vocat

2213 2628 2476 2700 Scaliger,
2517 2637 2830 2699 computum
2857 2628 3135 2696 adhibuit,
3177 2629 3224 2683 is
3266 2639 3350 2682 est
3389 2628 3632 2698 profecto
3660 2625 3778 2680 Mu-

2213 2721 2414 2776 ximus.
2460 2717 2598 2775 Nam
2647 2720 2804 2776 docet
2856 2734 3002 2775 anno
3057 2719 3192 2774 5501
3253 2719 3596 2774 incarnatum
3651 2735 3774 2774 esse

2211 2812 2515 2868 Christum.
2547 2811 2718 2882 igitur
2745 2811 2901 2882 cyclo
2947 2811 3094 2866 illius
3123 2825 3244 2866 atrae
3273 2810 3448 2878 primo
3483 2809 3778 2880 respondet

2211 2919 2278 2960 ex
2306 2904 2573 2959 laterculo
2596 2903 2860 2974 Scaligeri
2887 2905 3075 2974 cyclus
3095 2904 3228 2959 solis
3247 2918 3337 2956 xxi
3359 2903 3416 2956 in
3441 2917 3549 2957 tera
3573 2903 3773 2966 lunari,

2215 3003 2271 3049 et
2298 3009 2354 3048 Ix
2379 2993 2436 3048 in
2461 2992 2714 3048 Paschali
2742 3011 2756 3046 :
2803 2992 3087 3047 Romanus
3114 3007 3246 3047 vero
3274 2993 3464 3062 cyclus
3509 3006 3637 3056 xxv,
3671 2991 3782 3044 hoc-

2213 3084 2501 3140 estlitteraa
2521 3083 2628 3138 ΕΙ).
2647 3084 2811 3156 Atqui
2829 3093 3044 3141 constat
3058 3083 3352 3139 litteramG
3369 3098 3512 3138 anno
3535 3082 3630 3136 illo
3651 3097 3776 3136 cum

2216 3191 2267 3230 vt
2303 3175 2548 3231 Romano
2589 3177 2744 3246 cyclo
2792 3176 2924 3231 solis
2946 3175 3251 3231 obtinuisse
3287 3194 3300 3230 :
3337 3173 3597 3228 nimirum
3635 3187 3787 3226 anno

2212 3267 2422 3323 Christi
2449 3281 2645 3332 locxm,
2677 3283 2786 3338 quo
2821 3267 2959 3323 feria
2995 3269 3171 3338 prima
3205 3265 3396 3321 incidit
3425 3265 3478 3320 in
3507 3263 3780 3320 Kalendas

2215 3358 2440 3430 Aprilis.
2476 3359 2612 3414 Item
2643 3375 2712 3414 ex
2759 3359 2960 3414 tabella
3011 3358 3277 3431 Scaligeri
3329 3357 3543 3412 decima
3581 3365 3785 3425 quarta

2213 3447 2496 3506 Paschalis
2522 3451 2676 3522 cyclo
2720 3452 2863 3507 lunae
2888 3468 2960 3507 xv
2989 3451 3183 3508 cadere
3225 3451 3488 3506 debuerat
3515 3451 3569 3504 in
3596 3448 3784 3504 Martii

2215 3559 2347 3608 xxx,
2379 3552 2440 3598 ut
2469 3551 2615 3600 esset
2643 3559 2846 3602 aureus
2875 3559 3137 3600 numerus
3159 3559 3256 3608 VII,
3287 3559 3414 3598 cum
3455 3552 3636 3598 tamen
3665 3555 3782 3620 ρεξ-

2217 3641 2334 3686 tum
2365 3633 2436 3689 sit
2487 3648 2630 3689 anno
2669 3634 2860 3689 eodem
2913 3649 3141 3688 aureum
3185 3648 3473 3688 numerum
3501 3632 3782 3688 exstitisse

2217 3739 2308 3788 xv,
2333 3733 2389 3780 et
2411 3725 2700 3780 terminum
2728 3725 3044 3781 Paschalcm
3075 3724 3346 3780 Kalendas
3371 3724 3586 3795 Apriles
3615 3739 3782 3777 occu-

2217 3831 2398 3886 passe.
2433 3815 2656 3872 Possem
2703 3818 2805 3872 ista
2842 3817 3007 3872 latius
3053 3817 3343 3886 persequi,
3378 3825 3434 3872 et
3482 3816 3789 3878 inscitiam,

2217 3922 2328 3978 qua
2355 3908 2506 3962 nulla
2529 3909 2632 3964 hoc
2658 3909 2714 3963 in
2745 3919 3066 3980 argumento
3093 3910 3266 3979 major
3303 3917 3484 3980 potest
3511 3909 3780 3970 accidere,

2218 3999 2470 4070 pluribus
2521 4000 2785 4070 exemplis
2841 3999 3150 4057 traducere.
3196 3999 3302 4055 Sed
3383 4015 3451 4056 ex
3499 4001 3784 4070 superiore

2220 4091 2370 4144 omni
2397 4091 2768 4160 disputatione
2789 4106 2952 4161 quam
2981 4090 3048 4146 de
3071 4091 3344 4161 compotis
3367 4091 3488 4146 istis
3508 4099 3564 4145 et
3591 4106 3782 4145 eorum

2220 4183 2364 4238 inter
2391 4198 2451 4238 se
2473 4182 2689 4239 ratione
2709 4192 3022 4238 accuratam
3055 4183 3412 4248 instituimus,
3443 4183 3571 4240 licet
3603 4183 3791 4238 cuivis

2222 4274 2303 4328 vel
2325 4273 2588 4350 mediocri
2619 4289 2724 4328 usu
2751 4273 2940 4327 talium
2971 4273 3239 4328 instructo
3265 4272 3477 4328 inﬁnite
3505 4280 3789 4344 patentem

2220 4364 2697 4420 hallucinationem
2729 4365 3080 4420 convincere.

2809 4453 3036 4510 CAPUT
3077 4453 3193 4509 Vll.

2224 4548 2302 4604 De
2340 4547 2580 4603 methodo
2621 4547 2883 4618 paschali
2933 4556 3294 4618 cormputorurm
3354 4546 3656 4618 (ἔπεσσι-ωτι
3716 4563 3788 4618 ac

2289 4621 2518 4689 primum
2549 4618 2612 4672 de
2639 4617 3067 4689 ὴμεροευρεσζῳ,
3097 4618 3203 4670 sive
3225 4617 3588 4689 investiganda
3627 4617 3784 4684 feria.

2291 4685 2638 4758 Exponantur
2661 4685 2917 4742 elementa
2947 4685 3062 4756 ejus
3081 4687 3272 4758 omnia
3289 4685 3458 4758 ;_qui_d
3497 4687 3604 4758 sint
3628 4703 3789 4756 regu-

2294 4755 2454 4822 lares,
2494 4767 2890 4828 concurrentes,
2930 4755 3244 4828 προσθεταὶ.
3287 4755 3569 4828 iScaligeri
3621 4755 3789 4810 intris

2289 4845 2458 4883 error.
2485 4828 2754 4881 Maximus
2784 4837 2833 4880 et
2861 4825 3083 4880 Isaacas
3114 4827 3362 4896 expositi.

2291 4915 2576 4973 Paschalis
2634 4916 2922 4972 methodus
2951 4917 3008 4970 in
3044 4915 3154 4970 duo
3213 4915 3432 4986 fastigia
3485 4913 3788 4983 dividitur;

2224 5024 2322 5079 pro
2365 5009 2534 5080 cyclis
2577 5007 2826 5074 totidem,
2881 5009 3014 5064 solis
3071 5023 3136 5062 ac
3195 5009 3358 5063 lunae.
3414 5006 3550 5063 Pars
3605 5008 3795 5076 itaque

2224 5100 2375 5169 prior
2400 5107 2487 5156 est
2517 5101 2807 5155 character
2837 5099 2966 5164 diei,
3003 5101 3120 5155 sive
3153 5099 3309 5166 feria,
3345 5101 3491 5171 quod
3519 5101 3788 5170 ήμεροευ-

2227 5191 2405 5262 ρέσιον
2439 5191 2705 5247 Maximus
2722 5193 2974 5263 appellat,
3012 5189 3286 5262 postei‘ior
3319 5193 3383 5246 ad
3417 5199 3667 5262 quartam
3692 5192 3784 5246 deo

2226 5283 2420 5337 cimam
2453 5284 2798 5354 paschalem;
2834 5286 3120 5355 ipsumque
3147 5283 3357 5340 Pascha
3379 5283 3802 5350 Christianum;

2227 5381 2282 5429 et
2311 5374 2377 5428 ad
2413 5375 2572 5438 lunae,
2609 5385 2671 5430 ut
2700 5385 2920 5438 vocant,
2945 5383 3157 5432 atatem
3195 5376 3628 5446 investigandam
3665 5391 3792 5445 per-

2226 5466 2382 5520 tinet.
2415 5463 2711 5536 Utriusque
2739 5451 2880 5522 ratfo
2903 5483 2934 5521 a
2965 5468 3120 5522 nobis
3144 5468 3527 5538 explicabitur,
3563 5476 3728 5536 atque
3757 5481 3787 5518 a

2227 5557 2420 5637 pripri,
2445 5574 2568 5629 quae
2592 5559 2728 5614 solis
2750 5560 2970 5629 propria
3001 5567 3106 5623 est,
3136 5559 3413 5628 capiemus
3458 5557 3696 5612 init-ium.

2298 5647 2424 5704 Tria
2456 5661 2584 5706 sunt
2647 5649 2714 5704 ad
2764 5651 3122 5720 indagandam
3172 5649 3361 5706 feriam
3393 5651 3450 5705 in
3477 5649 3791 5705 Graecorum

2229 5749 2485 5811 computo
2513 5742 2859 5808 necessaria;
2890 5741 3204 5814 προσθεται,
3235 5741 3351 5800 sive
3385 5749 3590 5812 epacta:
3637 5755 3794 5798 men-
