4124 6418
401 485 546 546 1425

1356 487 1809 544 DISSERTATIO
1849 487 1935 541 DE
1971 486 2376 543 GRECORUM
2414 487 2616 545 AERIS.

3495 492 3518 545 1
3528 491 3632 547 426

401 614 803 678 sium;epacta2
833 622 1143 675 annorum;
1169 609 1285 678 eti]
1339 608 1595 671 ποσταία,
1629 609 1744 664 sive
1802 615 1967 678 quota
1996 610 2039 664 A
2067 606 2197 660 bent
2238 605 2431 660 feriam
2475 622 2590 673 vtt;
2647 604 2905 660 Kalendis
2961 611 3140 659 autem
3187 601 3387 674 Aprilis
3433 605 3633 659 eaedem

399 693 517 747 dies
546 694 769 749 mensis.
810 696 1140 766 Προσθετάς,
1186 712 1281 751 eos
1313 710 1455 760 esse,
1489 698 1582 767 qui
1614 698 1880 768 regulares
1933 713 1963 750 a

397 783 872 852 computatorihus
914 786 1121 841 nostris
1159 793 1444 851 vocantur,
1496 786 1738 859 Scaliger
1775 788 1966 844 existi-

396 879 507 926 mat
542 873 688 944 (pag.
726 875 850 946 749)
885 896 898 929 :
930 877 988 931 in
1020 893 1129 946 quo
1162 878 1319 932 valde
1380 877 1605 934 fallitur.
1660 879 1967 950 Appellatio

394 961 613 1030 quidem
652 964 771 1032 ipsa
797 966 1128 1035 regularium
1162 970 1281 1030 ταῖς
1304 967 1629 1036 προσθεταῖς
1663 984 1964 1025 αρεοιιιιηοο

393 1052 511 1106 dari
533 1060 729 1122 potest,
757 1056 834 1110 uti
865 1071 967 1112 nos
996 1057 1276 1112 inLatina
1299 1060 1551 1114 versione
1582 1060 1844 1129 fecimus;
1866 1063 1959 1117 sed

393 1142 467 1196 ita
504 1154 559 1198 ut
582 1159 692 1199 non
720 1147 939 1203 eosdem
961 1164 1083 1205 esse
1105 1148 1415 1207 Graecorum
1462 1154 1739 1223 regulares
1765 1168 1828 1208 ac
1853 1154 1953 1207 La-

391 1237 556 1298 tinos,
589 1237 882 1309 intelligas.
906 1239 984 1294 Ac
1015 1242 1083 1296 de
1107 1243 1301 1298 horum
1339 1244 1558 1314 quidem
1588 1246 1955 1316 regularibus,

387 1331 442 1379 et
474 1331 934 1387 concurrentibus
966 1335 1177 1404 egimus
1203 1336 1299 1392 lib.
1332 1335 1402 1389 VI
1440 1336 1517 1392 De
1546 1338 1797 1393 doctrina
1827 1346 1959 1392 tem-

382 1430 593 1484 porum,
646 1435 768 1491 cap.
800 1419 1035 1489 XXVIII,
1080 1428 1237 1497 cujus
1262 1427 1513 1483 doctrina
1547 1430 1742 1500 capitis
1797 1446 1954 1486 assu-

385 1509 581 1564 menda
602 1522 687 1566 est
714 1514 781 1567 ad
811 1513 1010 1570 Graeci.
1042 1521 1285 1589 computi
1332 1522 1617 1589 notitiam;
1675 1532 1761 1578 est
1805 1522 1951 1578 enim

382 1603 713 1659 necessaria.
742 1603 846 1661 Sed
886 1590 991 1663 hoc
1038 1610 1158 1666 loco
1190 1613 1414 1669 minime
1451 1615 1781 1684 repetenda;
1825 1630 1949 1669 cum

381 1689 439 1744 in
470 1701 722 1764 promptu
756 1697 866 1751 illic
884 1697 1149 1756 habeatur
1174 1721 1188 1756 :
1221 1710 1418 1774 praeter
1447 1706 1777 1775 paucissima
1798 1720 1948 1775 quat-

380 1778 530 1845 dam,
555 1789 609 1835 et
661 1785 1015 1859 καιριώτερα,
1067 1791 1186 1847 sine
1221 1793 1421 1864 quibus
1474 1794 1736 1863 explicari
1799 1795 1946 1865 quod

380 1872 642 1940 proposui
667 1889 780 1929 non
809 1884 1009 1946 potest.
1035 1878 1354 1937 Latinorum
1382 1886 1661 1954 regulares
1694 1893 1821 1940 sunt
1867 1885 1945 1939 ie-

2067 702 2268 764 epactae
2300 697 2433 750 solis
2488 711 2565 748 vtt
2622 709 2746 749 cum
2800 694 3122 765 προσθεταῖς
3170 708 3267 759 vn,
3302 699 3355 748 et
3391 709 3500 747 uno
3545 692 3634 747 die

2066 784 2454 846 Kalendarum,
2485 783 2723 838 oderunt
2743 782 2932 838 feriam
2958 798 2998 836 ι.

2134 874 2437 945 Προσθεταὶ
2466 873 2713 938 Maximi,
2746 883 2873 929 sunt
2919 873 3065 927 feriae
3100 871 3304 927 ultimae.
3341 870 3449 926 diei
3479 878 3631 925 ante-

2064 963 2306 1018 cedentis
2354 964 2599 1033 proxime
2643 978 2885 1018 mensem
2934 978 3081 1028 eum,
3133 962 3291 1030 cujus
3332 961 3630 1032 προσθεταί

2061 1052 2321 1107 dicuntur
2339 1053 2395 1106 in
2420 1066 2564 1106 anno
2598 1052 2776 1122 primo
2829 1052 2967 1123 cycli
3015 1049 3626 1119 Constantinopolitani,

2060 1144 2150 1212 qui
2199 1143 2492 1213 respondet
2545 1144 2700 1213 cyclo
2767 1144 3016 1199 Romano
3055 1159 3130 1207 vt,
3175 1140 3396 1212 quando
3443 1141 3624 1196 littera

2058 1241 2143 1287 est
2201 1232 2278 1297 G;
2334 1240 2449 1288 tum
2504 1234 2648 1287 enim
2696 1231 3010 1289 Decembris
3069 1232 3426 1304 praecedentis
3496 1232 3625 1285 ulti-

2056 1308 2199 1378 mus
2237 1323 2292 1377 in
2344 1322 2535 1377 feriam
2595 1338 2611 1377 t
2661 1324 2868 1379 incidit.
2930 1323 3054 1379 Ideo
3107 1322 3373 1395 regularis
3418 1320 3621 1377 Janua-

2057 1415 2124 1470 rii
2171 1416 2299 1470 anni
2346 1415 2511 1479 illius,
2553 1430 2584 1469 a
2627 1431 2736 1486 quo
2776 1417 3019 1488 proxime
3067 1424 3288 1473 secutus
3324 1422 3409 1471 est
3445 1429 3622 1470 annus

2054 1506 2265 1574 primus
2318 1505 2457 1577 cycli
2513 1506 2728 1574 solaris,
2780 1508 2948 1577 Aprili
2989 1510 3230 1571 ineunte,
3289 1515 3374 1562 est
3426 1523 3441 1561 ι
3486 1504 3619 1562 feria

2053 1600 2255 1655 ultimae
2286 1601 2393 1656 diei
2417 1598 2664 1656 Januarii
2697 1618 2769 1655 tv.
2813 1600 2864 1658 Is
2895 1610 2978 1657 est
3010 1603 3277 1670 regularis
3313 1600 3617 1663 Februarii,

2051 1702 2099 1747 et
2122 1691 2202 1746 sic
2229 1691 2508 1762 deinceps,
2537 1700 2596 1746 ut
2626 1708 2699 1747 ex
2732 1694 2929 1747 tabella
2988 1701 3135 1764 patet
3163 1710 3175 1746 :
3210 1710 3332 1766 quae
3384 1701 3616 1764 quatuor

2050 1780 2300 1836 versibus
2331 1788 2568 1838 constat.
2599 1781 2619 1835 Ι
2650 1797 2865 1837 menses
2890 1782 3173 1838 Romanos
3213 1782 3612 1853 complectitur,

2049 1869 2090 1923 ιι
2123 1879 2347 1940 epactas
2376 1871 2593 1926 illorum
2629 1871 2744 1928 sive
2798 1873 3121 1944 προσθετάς,
3176 1873 3242 1929 Ill
3277 1875 3614 1946 singulorum

380 1959 475 2014 ria:
498 1961 709 2017 dierum
744 1966 801 2020 in
830 1981 976 2023 anno
998 1971 1137 2040 cycli
1168 1972 1321 2038 solis,
1352 1951 1467 2043 qui
1482 1974 1716 2029 litteram
1752 1976 1914 2030 habui

2049 1964 2318 2018 mensium
2348 1963 2490 2030 dies,
2528 1963 2598 2019 IV
2636 1966 2855 2023 eosdem
2887 1968 3006 2023 dies
3033 1968 3294 2023 collectos
3324 1983 3464 2038 quos
3513 1968 3609 2021 ad-

375 2043 442 2109 G,
483 2048 639 2104 initio
675 2051 744 2105 ab
769 2052 943 2124 Aprili
966 2055 1163 2126 ducto;
1219 2068 1319 2114 aut
1348 2062 1511 2117 etiam
1563 2064 1634 2119 ab
1659 2062 1938 2121 Januario.
2043 2054 2176 2118 dicit.
2209 2064 2267 2109 ut
2295 2058 2781 2128 propagandorum
2826 2061 3154 2131 regularium
3195 2062 3335 2115 ratio
3370 2059 3613 2116 declare-

375 2133 432 2189 Si
470 2151 500 2190 a
521 2135 783 2197 Januario
829 2144 1084 2213 ducatur,
1140 2151 1421 2220 regulares
1466 2156 1673 2211 mensis
1696 2156 1861 2225 hujus
1886 2165 1940 2212 et
2044 2152 2154 2209 ῑυτν
2185 2161 2350 2215 quam
2378 2163 2497 2218 ο³1)·
2532 2148 2699 2204 XXVI
2725 2151 2915 2220 Primi?
2936 2152 3106 2223 Panis
3133 2152 3386 2223 compmi
3439 2151 3611 2207 Maxi‘

372 2232 652 2299 sequentis
681 2236 890 2292 unitate
921 2239 1161 2297 minores
1192 2251 1343 2310 sunt,
1376 2261 1540 2315 quam
1568 2249 1615 2303 si
1661 2250 1730 2304 ab
1765 2252 1914 2321 April

2042 2255 2166 2293 nus
2199 2241 2442 2311 exponit.
2467 2240 2568 2297 Hic
2593 2244 2740 2299 enim
2769 2245 2887 2300 dies
2914 2260 3103 2301 omnes
3139 2246 3207 2301 ab
3232 2245 3405 2317 Aprili
3437 2245 3502 2299 ad
3545 2245 3609 2300 ﬁ-

368 2321 484 2375 orsi
514 2321 799 2382 fuerimus.
847 2326 1077 2394 Quando
1113 2332 1294 2388 littera
1344 2334 1700 2394 Dominicalis
1749 2352 1833 2396 est
1868 2342 1910 2398 (ἶ

2039 2344 2164 2384 nem
2192 2330 2439 2400 proxime
2459 2334 2831 2390 antecedentis
2851 2338 3054 2411 mensis
3071 2336 3237 2400 illius,
3262 2336 3421 2405 cujus
3437 2352 3608 2407 προσ-

368 2418 502 2468 tunc
541 2412 796 2473 Kalendae
846 2419 1053 2490 Aprilis
1093 2423 1280 2480 feriam
1342 2427 1545 2484 habent
1593 2447 1642 2495 ι,
1682 2430 1938 2489 Kalendae
2038 2419 2200 2486 θετάς
2240 2424 2561 2492 quierim“,
2604 2440 2702 2496 Per
2750 2426 2781 2479 7
2817 2426 2983 2483 (“Vidi
3009 2428 3272 2498 Ρτωεῖρίῑν
3302 2429 3602 2491 Υθείάυιιων

368 2500 492 2557 Maii
525 2519 622 2571 nt;
675 2515 732 2561 et
774 2509 849 2562 ita
901 2510 1160 2582 deinceps
1207 2530 1380 2584 usque
1437 2517 1505 2571 ad
1560 2518 1908 2576 Decembrem

2037 2518 2132 2566 aut
2153 2513 2200 2569 si
2232 2515 2369 2569 nihil
2414 2519 2676 2588 supersit,
2731 2522 3099 2591 septenarium
3152 2523 3331 2592 ipsum
3385 2530 3607 2593 epactas

363 2604 532 2663 quota
584 2598 763 2654 littera
819 2613 903 2657 est
956 2604 1183 2660 initialis
1230 2607 1499 2679 cujusque
1536 2611 1740 2668 mensis
1770 2613 1838 2667 ab
1863 2616 1930 2679 Α,
2033 2621 2161 2661 esse
2196 2609 2401 2663 mensis
2434 2611 2773 2681 insequentis
2802 2615 2897 2667 ait.
2943 2612 3185 2684 Exempli
3238 2630 3439 2670 causa:
3466 2615 3607 2671 scire

364 2687 575 2744 unitate
604 2691 806 2759 addita,
839 2701 990 2749 tanta
1020 2704 1101 2752 est
1123 2697 1274 2753 feria.
1306 2700 1376 2753 At
1425 2698 1687 2759 Januario
1715 2710 1914 2761 antece-

2031 2696 2165 2752 libet
2204 2714 2326 2768 quae
2352 2701 2465 2756 sint
2495 2710 2699 2773 epactas
2730 2703 3087 2774 Septembris.
3133 2705 3177 2759 A
3221 2704 3484 2762 Januario
3536 2708 3604 2761 ad

360 2777 523 2833 dente
545 2777 648 2833 fuit
679 2780 814 2835 feria
851 2799 911 2845 tt,
974 2783 1261 2841 Februarii
1298 2786 1526 2845 Kalend.
1565 2790 1697 2846 feria
1730 2809 1785 2859 v,
1835 2795 1930 2851 ubi
2029 2787 2260 2858 Augusli
2296 2790 2458 2846 ﬁnem
2491 2793 2607 2848 dies
2624 2793 2924 2849 sum245=
2964 2796 3215 2866 equibus
3232 2796 3482 2852 deductis
3509 2797 3601 2862 90.

357 2875 413 2922 et
433 2869 640 2926 unitate
669 2872 875 2939 addita,
911 2875 1103 2932 litterae
1125 2878 1491 2935 Kalendarum
1527 2881 1717 2939 feriam
1770 2887 1927 2942 exhi-
2028 2890 2239 2937 restant
2271 2883 2374 2938 155
2403 2898 2434 2937 a
2464 2883 2718 2941 Kalendis
2746 2888 2947 2957 Aprilis
2971 2904 3092 2958 qua:
3115 2890 3159 2944 si
3189 2905 3286 2959 per
3308 2890 3340 2943 7
3363 2889 3596 2952 dividas,

353 2960 507 3017 bent.
542 2961 743 3020 Verum
782 2968 1029 3026 calculus
1088 2969 1212 3042 post
1267 2972 1561 3039 bisextum,
1595 2975 1787 3033 Martio
1840 2980 1927 3035 vel
2027 2975 2307 3029 residuum
2364 2976 2510 3032 εδεδ
2554 2979 2831 3049 regulares
2891 2978 3245 3050 Septembris-
3313 2980 3469 3048 Ουοά
3532 2983 3599 3037 ab

351 3054 526 3125 Aprili
554 3059 738 3127 potius
778 3059 988 3132 incipit.
1028 3062 1209 3130 Quare
1236 3063 1483 3121 Januarii
1528 3074 1584 3124 et
1638 3069 1914 3127 Februarii

2028 3064 2226 3135 Aprilis
2251 3063 2508 3121 Kalendis
2533 3068 2778 3124 calculus
2801 3068 3014 3139 incipit,
3043 3084 3151 3123 non
3193 3085 3258 3124 ex
3298 3085 3364 3125 eo
3414 3072 3596 3140 sequi-

350 3147 631 3218 regulares
654 3151 828 3221 accipi
851 3152 1050 3209 debent
1077 3170 1144 3210 ex
1172 3155 1329 3224 feria,
1380 3174 1542 3229 quam
1580 3161 1782 3217 habent
1828 3177 1914 3219 co-

2028 3164 2135 3223 lar,
2174 3157 2453 3228 regulares
2497 3156 2701 3228 Aprilis
2749 3174 2934 3222 esset,
2978 3161 3069 3214 sed
3104 3161 3283 3231 potius
3320 3177 3427 3230 vn;
3476 3177 3595 3233 quae

348 3255 471 3294 rum
495 3241 748 3300 Kalendae
774 3261 921 3303 anno
950 3251 1222 3320 sequenti,
1244 3267 1353 3322 quo
1385 3254 1564 3310 littera
1594 3263 1679 3311 est
1707 3256 1773 3322 F,
1807 3267 1914 3313 tum

2028 3263 2112 3303 res
2154 3247 2491 3321 Scaligerum
2515 3249 2723 3317 Iefellit,
2764 3252 2859 3321 qui
2897 3252 3199 3325 προσθετάς
3228 3253 3446 3308 Maximi
3478 3254 3593 3309 uni-

347 3347 482 3387 vero
507 3332 803 3392 Januarius
829 3339 1067 3409 incipita
1105 3342 1241 3399 feria
1281 3361 1365 3410 ιιι,
1396 3345 1729 3406 Februarius
1763 3366 1795 3405 a
1836 3362 1915 3405 Vl.

347 3422 417 3477 Ili
447 3429 887 3513 sunt‘regulares
918 3433 1189 3490 mensium
1213 3435 1608 3507 Romanorum,
1636 3441 1730 3512 qui
1789 3457 1907 3513 per-

346 3518 497 3586 petui
528 3504 848 3592 immotique
878 3533 1047 3593 sunt;
1085 3542 1186 3582 nec
1216 3537 1421 3599 epactm
1458 3533 1732 3588 mensium
1791 3548 1919 3603 pro.

343 3607 463 3677 prie
498 3608 607 3663 dici
631 3608 851 3667 debent.
878 3612 1013 3667 Nam
1046 3625 1248 3685 epactas
1277 3620 1493 3689 proprie
1516 3628 1645 3676 sunt
1674 3622 1792 3677 dies
1818 3637 1916 3676 an-

339 3699 651 3757 tecedentes
683 3712 849 3775 caput
874 3708 1001 3761 anni
1021 3711 1313 3777 mensisve,
1333 3712 1492 3783 cujus
1522 3725 1727 3785 epactas
1749 3716 1916 3770 nomi-

336 3802 539 3846 nantur
572 3796 1067 3864 :quemadmodum
1128 3802 1346 3859 lunares
1402 3816 1602 3875 epactas
1642 3806 1758 3863 dies
1787 3815 1915 3863 sunt

337 3884 535 3955 reliqui
557 3901 586 3939 a
618 3888 869 3944 confecta
913 3892 1101 3946 ultima
1125 3895 1344 3966 syzygia
1384 3897 1451 3950 ad
1481 3899 1640 3953 tinem
1672 3900 1798 3954 anni
1830 3900 1912 3955 ci-

333 3974 482 4039 vilis,
528 3989 658 4049 puta
711 3996 743 4034 a
784 3979 1119 4050 Decembris,
1152 3987 1237 4041 vel
1267 3987 1465 4052 Martii.
1504 3991 1550 4045 si
1581 3987 1623 4044 ‘a
1647 3990 1909 4049 Januario

332 4064 420 4118 vel
448 4064 620 4136 Aprili
650 4082 829 4123 annus
867 4070 1077 4127 lunaris
1136 4072 1325 4143 ineat;
1370 4086 1577 4148 epactas
1621 4082 1756 4137 solis
1808 4098 1907 4137 an-

331 4173 459 4212 nuaa
490 4158 624 4214 feria
654 4169 737 4216 est
762 4161 871 4217 diei
903 4165 1079 4218 ultimi
1128 4168 1301 4223 totius
1334 4170 1482 4236 anni,
1533 4180 1593 4227 ut
1632 4173 1708 4227 ait
1736 4174 1904 4230 Maxi-

329 4265 475 4305 mus.
510 4250 698 4322 Itaque
747 4251 1002 4310 Kalendae
1041 4256 1173 4327 ipsa:
1224 4261 1452 4329 mensis,
1492 4265 1651 4334 cujus
1699 4276 1904 4337 epactas

328 4348 618 4406 vocantur,
652 4343 705 4397 in
735 4352 1052 4414 epactarum
1080 4364 1370 4405 numerum
1410 4368 1756 4425 nequaquam
1806 4374 1900 4413 ve-

327 4432 509 4487 niunt.
538 4431 657 4488 Non
699 4443 827 4490 sunt
850 4437 1018 4509 igitur
1044 4440 1361 4510 προσθεταί,
1414 4443 1518 4498 hoc
1575 4454 1659 4501 est
1695 4457 1898 4518 epactas

325 4524 620 4591 mensium,
648 4526 790 4581 idem
815 4543 940 4582 cum
974 4527 1346 4588 Romanorum
1373 4537 1738 4606 regularibus.
1760 4539 1895 4596 Hinc

323 4624 529 4683 epactas
554 4617 688 4673 solis
717 4632 932 4684 annuae,
956 4621 1071 4678 sive
1118 4636 1529 4692 concurrentes,
1584 4645 1710 4684 cum
1759 4633 1892 4689 solis
1925 4626 1968 4681 Ι)

322 4706 665 4796 regularibus
689 4708 1057 4767 Kalendarum
1091 4713 1284 4771 feriam
1332 4719 1596 4789 praebent.
1620 4721 1688 4775 At
1724 4741 1891 4796 προς-

315 4795 475 4851 Θεταί
512 4814 637 4854 cum
690 4802 897 4871 epactis
940 4805 1071 4860 solis
1118 4822 1229 4861 non
1261 4809 1496 4865 reddunt
1527 4811 1741 4880 feriam,
1771 4795 1889 4870 nisi

238 4876 241 4881 ’
313 4891 613 4965 ιιιΜιιῑιιιή
651 4896 905 4950 ποσταία.
934 4894 1253 4969 Exemplum
1299 4917 1312 4952 :
1350 4888 1468 4959 esto
1512 4918 1689 4960 annus
1726 4876 1888 4961 Chri-

317 4982 390 5034 sti
420 4997 621 5046 ιπιιι,
646 4991 703 5038 et
723 4995 1000 5054 quaeratur
1048 4985 1182 5041 feria
1214 4989 1587 5046 Kalendarum
1611 4994 1885 5063 {Septem-

317 5072 517 5127 brium.
552 5073 959 5132 Concurrentes
987 5077 1082 5133 illo
1112 5093 1256 5134 anno
1291 5079 1518 5137 fuerunt
1548 5101 1646 5153 vn,
1674 5101 1740 5139 ex
1773 5104 1878 5141 me-

311 5162 480 5218 tItodo
501 5165 699 5235 capitis
724 5164 939 5221 XXVIII
984 5168 1107 5222 libri
1160 5168 1222 5223 Vl
1272 5169 1350 5224 De
1395 5171 1638 5228 doctrina
1685 5186 1883 5247 tempo-

312 5266 431 5308 rum
468 5253 560 5324 qui
584 5254 651 5309 ad
683 5257 966 5326 regulares
995 5255 1329 5330 Septembris
1367 5278 1445 5316 vtt
1502 5266 1699 5334 adjecti
1749 5269 1881 5323 dant

309 5343 500 5400 feriam
530 5361 628 5411 vn,
651 5346 959 5416 cujusmodi
993 5364 1179 5405 revera
1209 5366 1352 5407 anno
1374 5351 1468 5407 illo
1492 5354 1611 5420 fuit,
1642 5372 1764 5411 cum
1790 5361 1879 5413 Iit—

308 5445 421 5491 tera
452 5431 805 5491 Dominicnlis
837 5448 984 5492 esset
1012 5436 1077 5503 G,
1126 5441 1283 5511 cyclo
1331 5442 1460 5497 solis
1504 5443 1748 5501 Romano
1797 5465 1872 5505 VI.

304 5526 383 5577 ita
414 5523 673 5582 Kalendis
704 5528 910 5598 Aprilis
937 5530 1096 5585 iidem
1122 5544 1512 5589 concurrentes
1542 5551 1615 5589 vn
1645 5551 1769 5591 cum
1786 5555 1873 5595 re-

297 5617 587 5686 gularibus
619 5635 634 5673 t
673 5620 806 5674 dant
835 5620 1025 5676 feriam
1052 5640 1089 5677 ι.
1122 5623 1211 5687 Λι,
1240 5640 1304 5679 ex
1333 5627 1587 5683 methodo
1626 5629 1866 5697 Maximi,

294 5713 511 5774 epactas,
544 5708 676 5762 solis
701 5725 776 5763 vtt
800 5724 946 5764 anno
984 5712 1163 5781 primo
1193 5714 1331 5784 cycli
1363 5717 1560 5773 solaris
1600 5716 1868 5776 Constan-

292 5798 665 5875 tinOpoIitani,
728 5816 850 5858 cum
891 5805 1219 5876 προσθεταίς
1267 5806 1604 5878 Septembris
1640 5829 1713 5879 νι,
1766 5814 1862 5869 ad-

295 5890 414 5945 dita
446 5891 698 5964 ποσταιᾳ,
732 5893 834 5949 hoc
877 5904 962 5951 est
998 5912 1108 5952 uno
1159 5897 1246 5955 die
1306 5898 1661 5971 Septembris,
1706 5905 1860 5960 exhi-

2024 3346 2133 3394 tate
2196 3355 2477 3412 perperam
2541 3351 2719 3412 auget.
2780 3341 2968 3411 Itaque
3031 3353 3249 3415 epactas
3307 3343 3485 3400 Martii
3517 3349 3590 3400 ait

2021 3446 2144 3487 esse
2178 3449 2230 3497 ν,
2260 3440 2479 3503 epactas
2535 3434 2741 3503 Aprilis
2792 3451 2831 3499 ι,
2892 3443 3113 3505 epactas
3153 3436 3277 3490 Maii
3336 3453 3434 3502 ιιι,
3483 3454 3588 3493 uno

2018 3524 2206 3589 verbo,
2241 3531 2408 3594 quota
2435 3534 2520 3580 est
2547 3525 2729 3580 littera
2779 3527 3008 3581 initialis
3042 3527 3336 3597 cujuslibet
3382 3530 3586 3585 mensis

2017 3614 2204 3669 addita
2233 3616 2464 3679 unitate,
2504 3623 2691 3672 tantas
2720 3632 2843 3674 esse
2883 3617 3186 3690 πωσθετάς
3215 3618 3431 3676 asserit.
3470 3618 3585 3674 Hoc

2014 3704 2177 3759 modo
2202 3703 2495 3776 προσθεται
2532 3703 2868 3775 Septembris
2895 3715 3057 3762 erunt
3079 3724 3154 3763 vtt
3177 3725 3191 3775 ;
3216 3706 3469 3763 Octobris
3518 3722 3581 3776 ιι,

2012 3797 2347 3852 reclamante
2377 3795 2617 3852 Maximo
2643 3798 2699 3852 in
2738 3799 3001 3854 laterculo
3045 3798 3248 3870 duplici
3313 3800 3507 3871 capitis
3538 3801 3577 3864 l,

2011 3888 2170 3958 cujus
2213 3890 2270 3944 in
2310 3889 2538 3945 sinistro
2578 3905 2775 3946 versus
2824 3891 3034 3961 primus
3072 3892 3315 3947 continet
3345 3892 3577 3964 1190605-

2009 3981 2107 4045 τάς
2132 3980 2312 4035 Martii
2337 3997 2425 4036 tv:
2450 3997 2589 4054 quas
2629 3980 2875 4055 Scaliger
2907 3999 2940 4037 v
2977 3998 3008 4037 a
3048 3983 3281 4040 Maximo
3320 3987 3577 4041 constitui

2006 4071 2144 4128 falso
2168 4074 2395 4143 putavit.
2432 4073 2490 4129 In
2510 4089 2672 4130 versu
2715 4080 2912 4144 quarto
2966 4076 3260 4149 προσθεταί
3290 4066 3417 4133 sunt
3474 4078 3574 4133 Sea-

2006 4164 2270 4233 ptembris
2298 4173 2351 4219 et
2373 4163 2648 4230 Octobris,
2672 4165 2835 4237 hujus
2869 4181 2910 4228 ι,
2964 4168 3111 4225 illius
3144 4186 3196 4223 vt
3232 4186 3410 4240 :quas
3449 4173 3574 4225 uni-

2004 4261 2114 4310 tate
2152 4254 2404 4325 producit
2429 4258 2704 4312 auctiores
2735 4256 2995 4329 Scaliger.

2006 4363 2225 4421 Tabella
2266 4367 2581 4438 προσθετῶν
2646 4370 2700 4423 in
2747 4369 3010 4426 mensibus
3053 4369 3309 4439 Iulianis,
3350 4383 3400 4429 et
3430 4374 3570 4430 Con-

2407 4440 2878 4509 stantinopolitano
2909 4452 3168 4510 computo.

2069 4546 2282 4605 Menses
2426 4550 2721 4624 προσθεταί
2864 4551 2992 4609 Dies
3023 4571 3175 4612 men-
3317 4558 3442 4615 Dies
3461 4562 3567 4616 col-

2940 4627 3082 4680 sium
3370 4632 3488 4686 lecti

1993 4706 2289 4765 Januarius
2542 4714 2565 4766 I
2960 4716 3024 4770 51
3353 4720 3415 4775 ’51

1991 4778 2320 4835 Februarius
2537 4785 2571 4836 4
2961 4786 3034 4841 28
3353 4790 3423 4844 59

1990 4848 2215 4906 Martius
2532 4854 2568 4907 4
2954 4857 3017 4911 51
3352 4862 3422 4915 90

1988 4940 2185 5011 Aprilis
2538 4945 2570 4997 7
2957 4950 3028 5003 su
3350 4954 3454 5009 tao

1984 5010 2159 5067 Maius
2523 5015 2562 5067 2
2956 5020 3020 5073 51
3349 5026 3444 5078 151

1981 5081 2175 5138 Junius
2532 5085 2568 5139 5
2954 5089 3027 5144 50
3347 5098 3440 5149 181

1979 5171 2155 5228 Julius
2536 5175 2568 5227 7
2957 5183 3019 5235 5i
3343 5185 3448 5239 212

1978 5242 2257 5313 Augustus
2529 5246 2564 5298 5
2955 5250 3017 5305 51
3341 5256 3447 5311 245

1981 5313 2295 5383 September
2518 5318 2554 5372 6
2628 5350 2639 5355 -
2951 5321 3022 5375 50
3339 5326 3448 5382 275

1978 5402 2214 5460 October
2531 5412 2556 5464 1
2954 5415 3016 5469 51
3335 5418 3441 5472 554

1976 5472 2281 5543 November
2525 5482 2560 5534 4
2950 5485 3019 5539 50
3335 5488 3439 5543 565

1973 5541 2269 5602 December
2526 5551 2558 5605 6
2950 5557 3011 5609 51
3333 5541 3437 5613 03d

2043 5633 2333 5693 Sciendum
2359 5652 2442 5697 est
2464 5644 2810 5708 autem,licet
2847 5644 3107 5701 Maximus
3143 5647 3209 5702 ab
3237 5648 3407 5718 Aprili
3435 5649 3535 5702 τῶν

1970 5727 2281 5798 προσθετῶν
2311 5733 2601 5788 ratiocinia
2624 5735 2894 5803 deducat;
2948 5754 3133 5794 revera
3167 5748 3347 5795 tamen
3382 5756 3411 5795 a
3448 5739 3539 5795 Ja-

1970 5820 2162 5873 nuario
2208 5824 2503 5891 proficisci.
2564 5824 2773 5883 Etenim
2808 5846 2837 5883 a
2870 5831 3097 5893 Kalend.
3138 5834 3413 5904 Aprilibus
3467 5835 3536 5888 ad

1972 5910 2227 5965 ultimum
2254 5911 2568 5971 Decembris
2590 5918 2707 5974 dies
2730 5922 2980 5977 sun1275
3008 5925 3205 5991 quibus
3237 5943 3332 5994 per
3366 5925 3397 5978 7
3428 5932 3535 5982 dis-
