4124 6446
512 544 646 602 Ηὲῖ

509 666 733 722 tributis
800 674 1007 722 restant

509 760 802 826 Januarii,
872 761 919 816 si
984 760 1050 813 ab
1113 759 1284 830 Aprili
1347 770 1776 831 computentur;
1845 774 1901 819 at
1978 765 2069 819 Ja-

512 853 738 907 nuarius
799 859 1006 906 tantum
1071 851 1234 906 habet
1291 868 1328 906 1.
1369 852 1603 908 Proinde
1634 855 1713 909 sic
1751 870 1780 908 a
1810 855 2071 912 Januario

514 944 760 999 calculus
795 950 1142 1013 propagatur.
1173 942 1440 1008 Quoniam
1477 961 1599 999 cum
1648 945 1884 1001 litteraG
1907 956 1987 1002 est
2018 950 2075 1001 in

515 1051 640 1099 usu,
669 1034 911 1088 Januarii
938 1033 1198 1089 Kalendis
1230 1034 1363 1089 feria
1410 1044 1494 1089 est
1546 1036 1818 1105 sccuudaf;
1873 1046 2076 1107 epactae

515 1124 758 1179 Januarii
803 1132 931 1179 sunt
962 1140 1002 1190 1,
1039 1125 1229 1177 ultima
1263 1124 1381 1178 dies
1428 1123 1671 1180 Januarii
1720 1136 1805 1182 est
1840 1126 1973 1181 feria
1999 1145 2071 1182 1v.

514 1214 649 1270 Nam
672 1214 864 1270 divisis
893 1216 961 1269 52
983 1215 1198 1280 diebus,
1222 1216 1324 1269 hoc
1355 1227 1440 1271 est
1486 1217 1548 1271 51
1580 1215 1848 1282 Januarii,
1874 1227 1927 1273 et
1950 1235 2078 1289 epa-

516 1316 602 1362 cta
625 1306 743 1375 ejus
776 1322 791 1359 1
825 1322 921 1376 per
951 1307 1006 1370 7,
1042 1313 1253 1360 restant
1285 1307 1499 1370 dics‘L;
1527 1308 1607 1362 sic
1637 1308 1829 1364 divisis
1860 1308 1951 1375 9i,
1976 1309 2079 1363 hoc

516 1405 601 1453 est
629 1398 820 1453 diebus
853 1399 1119 1453 mensium
1154 1400 1339 1465 trium,
1379 1397 1561 1453 addita
1592 1408 1781 1468 epacta
1805 1398 2074 1463 Januarii,

517 1504 614 1558 per
644 1489 693 1555 7,
722 1490 1001 1544 residuum
1025 1496 1108 1545 est
1138 1490 1168 1541 7
1194 1496 1385 1559 epacta
1419 1490 1623 1546 mensis
1645 1489 1885 1559 Aprilis;
1921 1489 2079 1544 dein-

517 1599 647 1653 ceps
669 1593 846 1637 autem
891 1584 959 1637 ab
988 1583 1160 1654 Aprili
1192 1584 1329 1637 nihil
1356 1583 1605 1648 additur,
1640 1584 1900 1653 quoniam
1956 1598 2083 1653 epa-

518 1684 606 1730 cta
633 1677 836 1746 Aprilis
855 1684 938 1732 est
970 1676 1023 1741 7,
1051 1676 1135 1731 vel
1161 1677 1215 1730 6.
1251 1675 1424 1744 Hujus
1448 1677 1547 1741 rei,
1581 1675 1878 1746 quamlibet
1908 1675 2042 1730 levis
2063 1715 2079 1738 ,

520 1766 828 1821 observatio
849 1782 958 1821 non
982 1767 1307 1822 mediocrem
1345 1769 1521 1822 lucem
1575 1765 1731 1821 all‘crt
1771 1764 2081 1820 Grzncorum

521 1865 779 1926 computo
814 1876 827 1911 :
861 1857 1022 1925 Cujus
1048 1857 1383 1927 ignoratione
1403 1858 1538 1914 adeo
1573 1856 1865 1913 manifesto
1893 1872 2082 1914 errore

520 1947 833 2017 implicatus
870 1955 954 2002 est
986 1947 1242 2018 Scaliger.

1059 665 1091 703 Θ

1061 701 1130 730 ⁸⁸9

1491 548 1583 604 AD
1612 547 1879 609 EUSEBII
1913 552 2307 611 CHRONICON
2345 550 2702 611 APPENDIX.

1187 682 1308 737 qua:
1366 668 1656 738 προσθεταί
1700 686 1821 727 esse
1874 673 2071 728 debent
2100 681 2148 737 Α
2179 674 2410 730 habebat
2458 673 2643 743 cyclus
2680 687 2866 735 xxvtn,
2926 672 3084 740 cujus
3114 678 3315 741 epactee
3357 677 3487 725 sunt
3544 686 3618 727 v1.
3654 671 3734 724 Ad

3596 548 3617 607 I
3631 545 3733 606 428

2173 766 2450 835 regulares
2501 764 2682 834 itaque
2724 760 3001 817 Februarii
3055 779 3142 826 1v,
3196 762 3243 816 si
3296 762 3555 815 accedant
3603 776 3733 830 epa-

2174 867 2275 911 ctae
2315 873 2386 920 v1,
2418 864 2471 910 et
2509 858 2542 926 ἡ
2572 854 2802 908 ποσταία
2845 871 2860 907 ι
2901 853 2989 907 ﬁet
3026 851 3282 907 Kalendis
3317 850 3623 906 Februariis
3659 851 3739 906 fe-

2175 949 2255 1002 ria
2281 965 2354 1003 1v.
2380 947 2508 1001 Erat
2541 955 2787 1001 autemv.
2812 945 2982 1015 Igitur
3013 961 3124 998 non
3149 951 3352 1012 epactze
3379 960 3431 997 v1
3465 942 3739 996 annicur-

2176 1038 2369 1101 rentis,
2403 1037 2498 1092 sed
2530 1053 2601 1091 v11
2639 1036 2765 1090 anni
2803 1037 3085 1106 sequentis
3117 1034 3440 1090 adhibenda:
3493 1042 3641 1099 sunt,
3679 1042 3738 1088 ut

2177 1128 2313 1182 feria
2341 1145 2373 1182 ν
2395 1127 2638 1198 prodeat.
2674 1126 2847 1196 IIujus
2878 1127 2955 1182 rei
2988 1142 3152 1181 causa
3188 1143 3255 1181 ex
3281 1126 3547 1196 dispositu
3581 1141 3741 1196 regu-

2178 1220 2373 1273 larium
2403 1219 2622 1289 petitur.
2654 1216 2788 1272 Nam
2816 1217 2861 1272 si
2899 1218 2967 1272 ab
3004 1217 3176 1287 Aprili
3209 1225 3386 1286 coepta
3433 1218 3742 1287 progressio

2178 1327 2291 1365 non
2318 1311 2760 1380 interpellaretur
2785 1309 2839 1363 in
2874 1307 3150 1375 Januario,
3180 1318 3437 1378 essetque
3476 1308 3743 1377 regularis

2181 1405 2367 1472 hujus,
2414 1411 2473 1456 ut
2511 1417 2608 1472 par
2668 1408 2807 1467 erat,
2838 1416 2899 1464 11,
2950 1408 3006 1455 et
3055 1399 3335 1454 Februarii
3366 1417 3420 1460 v.
3443 1416 3509 1455 ex
3539 1401 3745 1470 epactis

2181 1496 2379 1551 veteris
2425 1496 2576 1559 anni,
2633 1502 2687 1549 et
2746 1494 3090 1564 regularibus
3138 1493 3418 1547 Februarii
3463 1509 3586 1547 cum
3648 1510 3744 1545 πο-

2184 1587 2343 1657 σταίᾳ
2371 1592 2851 1654 repraesentaretur
2868 1583 3001 1637 feria
3016 1584 3223 1653 quinta.
3241 1583 3394 1638 Nunc
3417 1585 3470 1637 in
3485 1582 3746 1639 Januario

2183 1693 2381 1731 novum
2414 1677 2694 1731 exordium
2738 1674 3169 1745 imprudentibus
3209 1674 3483 1745 obrepsit,
3541 1682 3602 1728 ut
3657 1691 3748 1729 re-

2184 1767 2389 1838 gularis
2434 1773 2751 1835 competens
2803 1779 2913 1818 uno
2956 1765 3269 1819 deminutus
3324 1765 3474 1820 ﬁeret
3507 1780 3545 1821 1.
3579 1764 3747 1819 0111.1

2184 1870 2373 1932 epacta
2407 1862 2610 1915 unitate
2632 1859 2825 1929 major,
2856 1858 2911 1913 id
2941 1870 3022 1915 est
3064 1859 3194 1913 anni
3243 1858 3541 1929 sequentis,
3592 1864 3747 1912 antc-

2185 1952 2416 2007 vertitur

590 2040 812 2093 Isaacus
862 2038 1163 2094 monachus
1224 2039 1421 2113 prioris
1474 2038 1727 2110 Computi
1777 2040 1952 2113 capite
1998 2038 2086 2103 IV,
2117 2030 2161 2085 Β
2261 2019 2586 2114 Ειῖιιρῑειιιιιῐι
2611 2056 2936 2107 annuarum,
2973 2044 3087 2099 sive
3110 2042 3552 2098 concurrentium
3598 2042 3751 2096 inve-

521 2128 822 2201 προσθετάς
851 2131 1117 2185 mensium
1144 2141 1303 2185 vocat
1335 2131 1845 2202 smxqu,{quarutn
1872 2132 2091 2203 epilogi-

523 2236 700 2277 smum
734 2222 1023 2293 incipitab
1076 2221 1280 2291 Aprili;
1341 2237 1405 2277 ac
1462 2223 1730 2293 superiori
1766 2224 1842 2277 illi
1892 2224 2091 2277 rationi

524 2311 852 2383 suffragator
873 2313 1100 2368 accedit.
1132 2312 1344 2368 Etenim
1371 2323 1594 2383 epactas
1615 2314 1914 2384 cujuslibet
1941 2329 2093 2369 men-

524 2403 603 2458 sis
635 2402 919 2457 constituit
950 2402 1140 2457 feriam
1166 2404 1369 2456 ultimae
1398 2402 1502 2458 diei
1530 2403 1900 2459 antecedentis
1939 2406 2093 2475 cyclo

524 2494 721 2562 primo,
747 2508 871 2547 cum
908 2493 1085 2548 littera
1107 2502 1192 2549 est
1221 2492 1283 2547 G.
1320 2493 1671 2551 Ostendimus
1700 2510 1864 2565 supra
1895 2510 2015 2565 cap.
2046 2494 2092 2551 ν

526 2583 741 2654 cyclum
773 2584 905 2639 solis
936 2582 1106 2639 Isaaci
1133 2584 1463 2654 respondere
1498 2601 1611 2639 xvu
1636 2583 1903 2650 Romano,
1933 2586 2093 2655 cujus

527 2675 723 2728 litterae
749 2681 877 2728 sunt
903 2668 1015 2728 AG.
1053 2673 1236 2743 Itaque
1264 2676 1518 2732 Octobris
1538 2675 1791 2732 Kalendae
1820 2678 1873 2731 in
1903 2676 2093 2732 feriam

528 2767 825 2823 secundam
855 2766 1136 2833 incidunt;
1169 2776 1223 2822 et
1256 2768 1383 2838 quia
1420 2767 1541 2824 dies
1595 2767 1785 2821 ultima
1847 2765 2093 2838 Septem—

530 2859 645 2914 bris
670 2857 776 2913 I'uit
814 2857 951 2913 feria
984 2859 1179 2928 prima,
1208 2859 1338 2914 hinc
1377 2867 1583 2929 epactae
1609 2857 1862 2914 Octobris
1894 2867 2023 2914 sunt
2048 2875 2091 2927 1,

525 2958 729 3019 epactte
791 2947 1111 3005 Novembris
1145 2965 1218 3014 1v,
1256 2959 1460 3020 epacta:
1498 2948 1744 3005 Januarii
1774 2965 1838 3014 ιι,
1872 2966 1972 3006 nec
2005 2951 2092 3004 in-

528 3041 887 3112 terrump‘itur
911 3057 977 3096 eo
1007 3057 1191 3098 mense
1218 3042 1414 3097 calculi
1460 3042 1805 3114 progressio;
1845 3051 1903 3098 ut
1949 3042 2093 3113 apud

528 3135 843 3192 Maximum.
876 3136 1013 3190 Vide
1041 3146 1204 3206 caput
1236 3132 1303 3187 IV
1327 3132 1500 3189 Isaaci
1534 3134 1810 3189 monachi.

598 3225 916 3297 Sequuntur
946 3241 1212 3281 annorum
1238 3233 1463 3294 epactae,
1512 3239 1651 3292 quos
1703 3230 2093 3280 concurrentes

531 3316 763 3373 Romani
818 3324 1226 3386 computatores
1254 3320 1470 3369 vocant.
1501 3311 1598 3367 Est
1626 3319 1805 3367 autem
1838 3311 2092 3367 residuus

531 3407 789 3462 feriarum
818 3421 1078 3461 numerus
1103 3422 1168 3460 ex
1200 3420 1344 3459 anno
1398 3403 1759 3458 antecedenti.
1793 3401 1864 3456 Ut
1913 3402 1959 3458 si
1985 3417 2085 3458 an-

530 3517 634 3556 nus
686 3502 897 3571 primus
928 3515 957 3553 a
988 3499 1122 3555 feria
1176 3500 1348 3569 prima
1375 3498 1635 3570 .incipiat,
1692 3498 1917 3553 ultimus
1972 3498 2090 3555 dies

534 3594 645 3649 erit
672 3593 807 3647 I‘eria
841 3594 1051 3662 prima;
1075 3591 1301 3663 proinde
1339 3601 1542 3661 epactas
1573 3590 1800 3646 secundi
1831 3588 1961 3644 anni
1986 3591 2092 3645 erit

533 3683 735 3748 unitas,
792 3689 846 3735 et
878 3674 952 3734 ita
976 3680 1253 3750 deinceps.
1280 3679 1508 3751 Cyclum
1538 3679 1770 3741 solarem
1825 3676 2092 3733 Maximus

530 3774 743 3829 orditur
769 3772 841 3827 ab
881 3770 1130 3826 Romano
1190 3787 1267 3834 v1,
1323 3770 1482 3840 cujus
1535 3770 1712 3825 littera
1776 3768 1842 3826 (ἓ.
1876 3766 2094 3822 Primus

533 3865 740 3919 mensis
775 3872 860 3917 est
906 3863 1127 3930 Aprilis.
1196 3860 1365 3931 Igitur
1414 3862 1568 3933 cyclo
1615 3863 1792 3933 primo
1835 3856 2094 3916 Kalendis

531 3954 808 4024 Aprilibus
854 3963 936 4008 est
960 3954 1092 4007 feria
1142 3954 1338 4023 prima.
1392 3951 1607 4022 Epacta:
1637 3958 1765 4007 sunt
1810 3967 1921 4019 v11;
1970 3963 2095 4004 nam

530 4053 735 4117 epactaa
786 4052 914 4101 sunt
966 4043 1101 4099 feria
1152 4044 1330 4098 ultimi
1386 4042 1492 4099 dici
1546 4043 1905 4114 praecedentis
1944 4043 2092 4097 anni.

532 4140 677 4193 Anni
713 4137 939 4193 secundi
981 4145 1184 4206 epactte
1233 4147 1361 4191 sunt
1396 4153 1430 4201 1,
1464 4137 1610 4192 tertii
1665 4144 1793 4192 sunt
1831 4151 1892 4200 11,
1917 4136 2099 4206 quarti

531 4240 754 4295 sunttv,
782 4241 1002 4301 propter
1025 4228 1335 4283 bisextilem
1386 4228 1552 4283 diem.
1586 4227 1724 4282 Cum
1781 4227 1926 4282 enim
1965 4240 2101 4280 con-

529 4325 870 4380 currentium
927 4323 1134 4393 epocha
1187 4337 1216 4376 a
1257 4320 1453 4375 Martio
1486 4321 1571 4374 vel
1624 4319 1799 4389 Aprili
1845 4318 2099 4382 sumitur,

531 4415 766 4484 simplex
789 4423 875 4469 est
892 4421 1109 4484 epacta,
1134 4412 1229 4468 sed
1258 4427 1289 4466 a
1318 4396 1582 4466 Januario
1599 4410 1920 4465 ineuntibus
1939 4409 2101 4464 annis

530 4509 730 4580 duplex
764 4510 1087 4572 assumitur,
1115 4516 1174 4561 ut
1203 4509 1258 4561 in
1285 4505 1532 4561 Romano
1588 4512 1848 4574 computo
1901 4502 2103 4573 duplex

530 4603 712 4657 littera
736 4600 874 4655 solet
899 4611 1078 4655 esse':
1111 4591 1344 4669 quarum
1369 4598 1520 4667 prior
1549 4611 1579 4649 a
1610 4594 1870 4649 Kalendis
1899 4593 2103 4648 Janua-

2118 3359 2160 3418 C

2196 2136 2426 2208 stigatio
2456 2135 2615 2189 aliter
2643 2149 2672 2187 a
2706 2132 2940 2188 Maximo
2979 2135 3301 2205 proponitur
3335 2135 3512 2204 capite
3559 2131 3749 2187 XXIX.

2192 2224 2403 2291 Quotus
2430 2232 2511 2281 est
2533 2231 2719 2299 cyclus
2741 2232 2891 2296 anni,
2927 2228 3018 2299 qui
3054 2225 3337 2295 quaeritur,
3368 2223 3589 2279 totidem
3612 2223 3751 2286 dies,

2193 2332 2303 2371 uno
2320 2316 2559 2387 dempto.
2593 2322 2734 2374 sumi
2761 2319 3022 2391 praecipit.
3046 2316 3168 2370 Inde
3190 2314 3465 2385 cyclorum
3486 2312 3752 2373 omnium,

2196 2409 2344 2462 nullo
2373 2418 2645 2480 exempto,
2695 2427 2981 2466 numerum
3022 2423 3117 2478 per
3145 2405 3179 2459 4
3210 2404 3399 2476 partiri
3433 2421 3447 2456 :
3501 2403 3645 2473 quod
3686 2418 3754 2457 ex

2194 2496 2462 2554 divisione
2487 2501 2734 2570 provenit
2775 2500 2845 2553 ad
2882 2497 3219 2567 superiorem
3279 2508 3547 2549 summam
3603 2491 3756 2546 addi-

2194 2596 2331 2653 tum,
2372 2597 2592 2659 totoque
2611 2607 2705 2660 per
2735 2591 2765 2643 7
2798 2591 3017 2661 partito,
3070 2586 3337 2654 reliquum
3377 2586 3482 2639 erit
3539 2591 3750 2653 epacta,

2194 2679 2341 2734 velsi
2371 2679 2608 2749 supersit
2639 2681 2795 2744 nihil,
2830 2677 3171 2748 septenarius
3202 2675 3337 2744 ipse.
3363 2672 3527 2729 Verbi
3556 2672 3753 2743 gratia,

2193 2782 2509 2841 quaerantur
2529 2779 2732 2841 epactae
2757 2771 2884 2825 anni
2905 2786 3052 2824 xxvt.
3083 2767 3165 2823 Ob
3184 2766 3365 2837 cyclos
3397 2782 3504 2820 xxv
3529 2772 3757 2835 prater-

2195 2863 2303 2917 itos
2359 2878 2515 2919 sumo
2563 2862 2681 2918 dies
2718 2863 2809 2926 95,
2846 2870 2960 2916 tum
2991 2860 3174 2916 divido
3200 2858 3269 2912 26
3320 2874 3414 2928 per
3464 2857 3519 2921 4,
3567 2872 3767 2927 proved

2197 2955 2356 3009 niunt
2379 2955 2430 3009 6.
2461 2954 2806 3025 Colliguntur
2839 2954 2891 3008 5.
2921 2952 3052 3007 Item
3087 2951 3227 3019 cycli
3255 2950 3389 3005 solis
3429 2948 3499 3002 28
3541 2953 3760 3016 epactas

2196 3045 2271 3098 ita
2295 3046 2570 3100 conﬁcies.
2610 3046 2769 3114 Cape;
2791 3043 2909 3099 dies
2960 3043 3029 3096 27
3062 3042 3132 3097 ob
3176 3047 3485 3095 transactos
3537 3038 3761 3092 tetidem

2195 3137 2401 3209 cyclos,
2455 3137 2651 3191 deinde
2674 3136 2743 3191 28
2771 3136 2956 3207 cyclos
2990 3135 3162 3205 ipsos,
3197 3134 3347 3188 nullo
3376 3132 3620 3187 detracto
3639 3143 3763 3198 par-

2162 3215 2169 3223 ’
2196 3228 2299 3283 tire
2321 3244 2416 3299 per
2444 3227 2501 3294 4,
2520 3235 2574 3283 et
2593 3235 2820 3297 septem,
2843 3228 2938 3298 qui
2957 3227 3080 3281 inde
3101 3232 3410 3279 nascuntur
3427 3222 3564 3276 adde
3583 3221 3651 3274 ad
3669 3219 3759 3283 27,

2196 3336 2261 3375 ac
2284 3336 2554 3376 summam
2592 3319 2660 3374 54
2685 3319 2866 3375 divide
2888 3334 2985 3388 per
3014 3317 3065 3373 7.
3085 3317 3363 3371 Exsistent
3399 3321 3603 3384 epactaa
3635 3310 3763 3365 anni

2193 3412 2369 3467 ultimi
2419 3428 2491 3466 v1.
2551 3411 2722 3481 Hujus
2796 3409 3035 3465 methodi
3089 3409 3371 3478 perspicua
3442 3404 3581 3461 ratio
3659 3412 3760 3457 est.

2189 3501 2327 3557 Nam
2349 3503 2554 3574 epactis
2577 3502 2750 3557 ultimi
2787 3516 3053 3556 annorum
3104 3499 3222 3555 dies
3274 3503 3616 3552 accrescunt.
3639 3491 3766 3548 Ideo

2192 3609 2318 3649 cum
2369 3595 2611 3650 nondum
2659 3595 2905 3664 expletus
2942 3601 3025 3649 est
3066 3592 3357 3648 vicesimus
3411 3597 3636 3644 octavus
3668 3601 3761 3638 an-

2195 3700 2323 3750 nus,
2373 3685 2583 3739 nullam
2632 3685 2689 3739 in
2738 3699 3027 3739 commune
3078 3682 3377 3754 symbolam
3408 3679 3637 3735 confert.
3668 3675 3767 3732 νε·

2195 3794 2315 3833 rum
2348 3778 2473 3848 quia
2507 3784 2632 3847 post
2660 3777 2929 3833 bisextum
2962 3775 3175 3845 incipit,
3199 3773 3323 3843 ideo
3354 3771 3625 3828 bisextilis
3650 3770 3769 3839 ipse

2196 3870 2317 3925 dies
2347 3869 2491 3923 cedit
2517 3870 2572 3923 in
2617 3882 2907 3923 summam.
2961 3863 3255 3935 Propterea
3306 3863 3457 3918 nullo
3497 3860 3764 3921 detracto,

2198 3962 2257 4016 ﬁt
2288 3961 2566 4034 cyclorum
2608 3959 2850 4014 omnium
2898 3957 3114 4012 divisio.
3166 3955 3279 4009 Hac
3316 3951 3569 4008 methodo
3596 3951 3771 4005 utitur

2200 4048 2420 4108 Isaacus
2449 4056 2693 4124 Argyrus
2736 4052 2915 4122 capite
2965 4049 3056 4105 III.
3125 4048 3407 4104 Postremo
3469 4059 3571 4099 nec
3635 4042 3768 4097 illud

2202 4146 2481 4212 omittam;
2517 4144 2622 4200 etsi
2656 4143 2903 4200 Romano
2934 4157 3085 4197 more
3142 4139 3413 4195 bisextilis
3445 4137 3562 4192 dies
3614 4136 3770 4188 inlin-

2202 4238 2364 4292 datur
2395 4236 2534 4290 inter
2576 4250 2706 4288 xx1v
2761 4242 2817 4289 et
2866 4249 2973 4287 xxv
3015 4230 3334 4297 Februarii;
3388 4228 3624 4297 indeque
3655 4226 3767 4281 Ilo-

2203 4344 2365 4383 mano
2388 4330 2494 4382 ritu
2530 4342 2669 4381 nova
2696 4326 2877 4382 littera
2900 4322 3191 4390 succedat;
3218 4321 3573 4377 nihilominus
3617 4318 3769 4373 Isaa-

2204 4435 2327 4475 cum
2351 4420 2656 4475 bisextilem
2683 4418 2824 4473 diem
2847 4432 2970 4472 eum
2999 4423 3215 4487 putare,
3249 4414 3339 4495 qui
3364 4421 3448 4467 est
3474 4409 3770 4465 vicesimus

2205 4526 2404 4575 nonus,
2435 4519 2488 4565 et
2513 4511 2769 4576 ultimus;
2797 4508 2872 4562 uti
2900 4514 3097 4578 quarto
3120 4505 3299 4574 capite
3329 4503 3590 4564 declarat,
3620 4500 3770 4569 quod

2205 4611 2259 4657 et
2282 4602 2418 4655 alios
2456 4600 2778 4656 observasse
2829 4597 3200 4663 meminimus,
3231 4596 3341 4649 imo
3392 4594 3461 4647 ab
3492 4590 3770 4646 nonnullis

532 4693 634 4748 riis
656 4692 724 4746 ad
754 4691 1027 4746 hisextum
1056 4695 1378 4758 usurpatur;
1400 4687 1669 4758 posterior
1711 4685 1836 4741 inde
1882 4685 1949 4739 ad
1984 4700 2091 4739 ver-

2205 4695 2261 4748 in
2299 4692 2548 4746 Martium
2580 4706 2703 4746 esse
2745 4689 3088 4744 translatum.
3122 4684 3199 4741 De
3248 4700 3358 4755 quo
3392 4683 3509 4738 vide
3537 4697 3656 4753 qua:
3702 4682 3771 4734 li-

533 4791 736 4837 tentem
786 4796 1011 4835 annum.
1053 4778 1266 4849 Epactae
1313 4792 1411 4847 per
1441 4785 1615 4831 totum
1671 4777 1886 4846 cyclum
1938 4775 2099 4831 annis

533 4875 766 4945 singulis
810 4881 1174 4943 congruentes
1228 4870 1489 4926 describit
1537 4868 1807 4923 Maximus
1862 4868 1919 4920 in
1957 4874 2097 4930 rota,

532 4982 696 5037 quam
748 4967 928 5036 capite
986 4964 1164 5034 primo
1211 4962 1536 5032 posuimus:
1574 4975 1674 5015 nec
1720 4957 1974 5042 difﬁcilis.
2018 4965 2103 5012 est

533 5060 842 5116 methodus.

602 5153 862 5221 Quamvis
928 5161 1107 5206 autem
1162 5149 1453 5204 Maximus.
1490 5162 1715 5212 annum,
1781 5145 2102 5217 cyclumque

534 5246 769 5299 solarem
828 5244 898 5298 ab
949 5242 1121 5312 Aprili
1184 5240 1428 5310 incipiat,
1494 5249 1547 5293 et
1595 5237 1888 5293 Januarins
1952 5251 2104 5290 men—

534 5342 612 5394 sis
639 5339 886 5394 decimus
905 5337 999 5401 sit,
1035 5337 1091 5389 in
1125 5335 1337 5389 ratione
1386 5342 1563 5387 tamen
1617 5332 1723 5386 τῶν
1768 5334 2102 5402 ήμεροευρε-

538 5430 652 5483 σίου
680 5431 735 5483 in
771 5430 874 5483 hoc
910 5443 1115 5489 mense,
1140 5437 1191 5481 et
1217 5426 1432 5480 duobus
1480 5424 1835 5493 sequentibus
1880 5430 2103 5492 epactas

538 5524 767 5578 assumit
792 5521 913 5591 ejus
947 5521 1072 5575 anni
1109 5562 1124 5587 ,
1161 5520 1252 5587 qui
1286 5532 1460 5573 novus
1493 5516 1562 5570 ab
1613 5515 1776 5585 Aprili
1818 5513 2099 5569 succedit:

536 5616 610 5667 uti
638 5615 816 5683 capite
848 5612 965 5666 XIX
994 5613 1280 5683 signiﬁcat.
1312 5609 1661 5679 Exemplum:
1694 5622 1869 5661 annus
1912 5606 2103 5660 Adami

536 5702 679 5759 6155
703 5706 825 5759 iniit
856 5720 884 5757 a
914 5699 1173 5760 Kalendis
1196 5704 1473 5773 Aprilibus
1505 5700 1635 5754 anni
1664 5698 1865 5753 Christi
1906 5712 2102 5759 1:)ch1,

536 5796 692 5866 cyclo
724 5794 970 5850 Romano
999 5812 1076 5859 v1,
1098 5797 1279 5849 littera
1313 5792 1377 5847 G.
1412 5792 1609 5863 Cyclas
1638 5806 1767 5860 ergo
1790 5789 2105 5844 Constanti-

537 5890 889 5957 nopolitanus
921 5889 970 5943 ei
1002 5886 1378 5957 respondensr
1419 5885 1611 5939 iisdem
1666 5882 1925 5936 Kalendis
1959 5880 2099 5935 iniit.

543 5979 724 6043 Quare
753 5977 1033 6043 Januario,
1059 5976 1376 6041 Februario,
1417 5990 1477 6029 ac
1501 5973 1693 6027 Martio
1713 5973 1889 6026 locum
1928 5971 2103 6024 adhuc

2200 4784 2301 4838 bro
2327 4778 2423 4847 IV,
2456 4797 2575 4851 cap.
2606 4778 2726 4843 XII,
2762 4778 2830 4832 ad
2876 4774 3065 4833 Caleni
3096 4776 3277 4831 locum
3313 4773 3515 4829 ibidem
3561 4769 3773 4825 descri-

2205 4883 2358 4943 ptum
2388 4870 2893 4927 animadvertimus.

2783 4981 3010 5038 CAPUT
3043 4978 3180 5033 VIII.

2210 5076 2528 5143 Explicatur
2550 5070 2818 5143 memorias
2840 5071 2989 5143 ιιιηωΔ
3011 5070 3065 5121 in
3102 5075 3342 5143 computo
3365 5063 3610 5122 Maximi,
3666 5061 3773 5143 sive

2283 5130 2665 5198 Alexandrino.
2701 5140 2921 5209 Epactw
2972 5139 3131 5202 lunae,
3180 5130 3510 5205 ejusdemque
3563 5130 3775 5198 regula-

2275 5232 2377 5278 res,
2409 5225 2458 5268 et
2488 5212 2762 5266 ambarum
2782 5211 3108 5280 propagatio.

2274 5329 2383 5385 Pro
2431 5328 2660 5388 divorsis
2716 5323 3029 5380 Graecorum
3093 5322 3217 5375 teris
3283 5333 3347 5373 ac
3403 5317 3673 5386 computis
3703 5315 3773 5368 ab

2206 5422 2337 5475 orbe
2374 5419 2614 5483 condito,
2638 5419 2775 5471 varii
2812 5417 2995 5471 itidem
3026 5415 3166 5484 cycli
3197 5420 3325 5468 sunt
3357 5410 3490 5465 solis
3512 5424 3575 5461 ac
3596 5407 3771 5463 lunae:

2204 5520 2631 5583 epactarumque
2712 5507 3137 5579 colligendarum
3215 5503 3365 5569 varia
3434 5498 3769 5553 methodus:

2207 5620 2371 5674 quam
2403 5604 2469 5657 ad
2518 5603 2755 5667 unicam,
2810 5602 3221 5670 simplicemque
3281 5594 3528 5663 redigere
3556 5589 3771 5661 potuis—

2208 5706 2356 5760 sent;
2391 5694 2435 5749 si
2471 5694 2539 5747 ad
2598 5693 2867 5746 labentem
2922 5704 3126 5744 annum
3176 5684 3415 5755 computi
3450 5682 3534 5738 sui
3565 5679 3774 5748 aliquot

2209 5800 2380 5839 annos
2403 5783 2692 5845 adderent;
2740 5797 2840 5837 nec
2870 5797 2988 5835 eam
3045 5777 3487 5834 commoditatem
3519 5768 3770 5842 persequi

2208 5874 2447 5939 mallent,
2475 5884 2532 5926 ut
2571 5888 2692 5927 arat
2733 5888 2843 5928 sua:
2868 5885 3079 5927 summa
3107 5884 3203 5938 per
3255 5866 3530 5936 cyclorum
3580 5873 3774 5915 nume-

2211 5982 2333 6023 rum
2385 5965 2701 6034 distributa,
2762 5965 3015 6037 proprius
3079 5962 3344 6033 cujusque
3400 5955 3527 6011 anni
3586 5951 3777 6024 cyclus
