4124 6422
386 490 518 545 1429
1320 488 1777 545 DISSERTATIO
1818 488 1903 543 DE

2039 485 2352 543 ascoauu
2385 482 2599 555 IERIS.
3472 482 3605 539 εισι)

383 610 687 661 exsisteret;
722 603 792 660 Ut
828 605 884 660 in
913 604 1159 663 Romano
1185 616 1442 677 computo
1470 624 1592 664 serae
1618 608 1844 674 Christi,
1870 608 1939 663 ad
1969 615 2015 671 Α
2114 606 2271 673 Quod
2319 614 2501 660 autem
2545 605 2604 658 in
2645 603 2715 658 IX
2763 602 2839 656 De
2884 601 3127 656 doctrina
3175 610 3481 668 temporum,
3511 614 3604 653 ea-

383 697 654 767 cyciorum
679 705 1098 769 epactarumque
1124 699 1733 764 methodum,unitatem
1761 701 1945 770 adjici-
2048 696 2160 768 pite
2188 696 2254 762 ν,
2282 695 2616 751 credidimus
2678 693 2969 748 Maximum
3008 694 3253 747 lunarem
3309 692 3603 761 προήγεσιν

382 800 547 852 mus;
575 800 750 856 neque
783 788 929 842 solos
976 803 1097 843 cerae
1145 804 1318 845 annos
1354 790 1690 846 adhibemus.
1749 791 1808 844 In
1835 807 1943 861 quo
1996 848 2003 855 ,
2043 788 2296 843 olfecisse
2323 787 2431 842 diei
2457 786 2617 841 unius
2642 800 2672 839 a
2697 785 2904 839 Nicaeni
2929 785 3148 839 concilii
3173 793 3437 854 tempore,
3460 782 3603 852 quod

382 866 556 924 Latini
609 886 801 930 omnes
846 876 1212 932 consentiunt.
1244 878 1301 932 In
1332 879 1492 935 annis
1539 895 1670 934 vero
1727 880 1939 944 mundi,
1972 892 1975 895 '
2043 893 2306 933 canonem
2334 878 2510 931 aetatis
2538 877 2699 943 lunae,
2728 876 3215 945 atqueepactaruln
3231 872 3607 929 constituisset

380 962 598 1016 tametsi
627 978 882 1034 magnum
930 966 1073 1021 inter
1114 968 1475 1041 chronologos
1512 970 1809 1025 discrimen
1860 971 1943 1024 in-

379 1052 653 1120 tercedat;
711 1069 775 1109 ac
832 1057 991 1126 longe
1019 1058 1203 1128 plures
1232 1060 1354 1117 aliis
1395 1061 1485 1115 alii
1517 1068 1835 1126 numerent;
1875 1062 1943 1116 de

385 1143 554 1213 cyclis
611 1154 813 1212 tamen,
865 1151 1184 1221 epactisque
1232 1167 1421 1209 omnes
1481 1154 1625 1208 inter
1657 1169 1716 1209 se
1746 1170 1942 1210 conve-

378 1232 537 1286 niunt
563 1249 576 1285 :
600 1235 745 1304 quod
767 1237 861 1305 qui
892 1238 1130 1308 plurium
1183 1255 1445 1297 annorum
1475 1258 1743 1298 summam
1791 1242 1943 1299 insti-

379 1330 559 1391 tuunt,
578 1325 646 1380 ad
664 1327 879 1381 illorum
906 1330 1216 1387 methodum
1234 1340 1630 1405 competentem
1652 1350 1938 1388 numerum

378 1416 664 1485 adjiciunt,
686 1418 765 1472 sic
793 1427 852 1473 ut
886 1435 1096 1475 summa
1117 1437 1213 1492 per
1238 1425 1421 1494 cyclos
1449 1425 1690 1495 integros
1741 1426 1936 1492 divisa,

376 1506 538 1561 iidem
589 1506 888 1563 labentium
926 1511 1054 1565 anni
1082 1514 1362 1583 cyclorum
1380 1516 1523 1585 apud
1544 1532 1734 1573 omnes
1761 1518 1943 1573 orian-

376 1604 482 1651 tur.
515 1596 758 1668 Exempli
790 1614 983 1666 causa;
1024 1618 1125 1659 nos
1161 1607 1229 1661 ab
1245 1606 1377 1662 orbe
1401 1607 1619 1664 condito
1645 1610 1713 1665 ad
1735 1626 1936 1666 annum

374 1687 607 1758 primum
631 1704 751 1744 aera:
780 1694 1086 1749 communis
1109 1703 1364 1765 putamus
1395 1713 1570 1755 annos
1587 1700 1747 1766 5984,
1782 1702 1856 1756 ita
1880 1709 1938 1756 ut

377 1780 600 1838 ultimus
649 1783 721 1837 sit
767 1784 876 1849 ille,
929 1802 1089 1857 quem
1143 1778 1635 1856 primum'Christi
1680 1792 1932 1849 facimus.

373 1869 531 1927 A'lius
556 1887 727 1928 annos
753 1886 1006 1931 numerat
1042 1878 1203 1943 5950,
1233 1890 1293 1934 ut
1317 1881 1580 1953 Scaliger.
1619 1882 1677 1938 Si
1708 1901 1809 1940 nos
1837 1900 1934 1956 0p-

2043 969 2098 1022 in
2131 984 2240 1021 xxx
2273 967 2471 1032 Martii,
2523 981 2631 1021 non
2694 965 2750 1020 in
2796 980 2959 1031 xxxi;
2989 966 3068 1018 uti
3099 979 3313 1034 aequum
3362 969 3501 1029 erat,
3527 962 3601 1028 ,εἰ

2042 1062 2259 1131 quidem
2290 1059 2496 1131 epocha
2528 1060 2655 1113 anni
2689 1061 2743 1113 in
2772 1058 3027 1114 Kalendis
3059 1058 3262 1128 Aprilis
3292 1056 3362 1112 ab
3401 1072 3468 1112 eo
3514 1057 3604 1112 de-

2041 1151 2243 1222 ﬁgitur,
2270 1152 2410 1207 scito
2435 1164 2678 1205 errorem
2710 1165 2852 1214 esse,
2886 1165 3048 1220 quem
3098 1150 3395 1219 depravata
3426 1146 3603 1203 Scali-

2041 1243 2154 1313 geri
2204 1242 2368 1297 lectio
2415 1242 2576 1298 nobis
2626 1242 2853 1313 peperit,
2890 1241 2981 1311 qui
3014 1242 3069 1295 in
3114 1238 3330 1309 Eclogis
3378 1237 3600 1292 Maximi

2041 1335 2185 1404 (pag.
2217 1333 2363 1405 759),
2387 1349 2524 1405 quas
2549 1334 2616 1389 ad
2650 1348 2804 1387 suam
2836 1339 3071 1388 mentem
3103 1330 3470 1403 interpolavit,
3500 1343 3601 1384 nec

2040 1425 2231 1480 iisdem
2268 1427 2413 1482 illius
2440 1427 2619 1482 verbis
2645 1426 2950 1495 exprimere
2988 1425 3221 1489 curavit,
3274 1425 3597 1493 scripserat;

2051 1517 2113 1570 Ἦ
2146 1518 2377 1571 ποσταία
2403 1517 2502 1589 τῆς
2534 1516 2761 1587 σελήνης
2780 1516 2835 1568 ἐν
2860 1518 2926 1586 τῇ
2961 1515 3211 1586 τριακάδι
3231 1514 3323 1567 τοῦ
3355 1514 3599 1584 Μαρτίου

2041 1608 2226 1679 μηνός,
2254 1618 2356 1664 etc.
2389 1609 2453 1662 Ἦ
2484 1608 2543 1661 δὲ
2572 1608 2803 1660 ποσταία
2828 1607 2926 1678 τῆς
2970 1606 3259 1677 ἑϐδομάδος
3311 1605 3451 1660 κατὰ
3502 1607 3600 1676 τὴν

2035 1698 2305 1769 τριακάδα
2334 1698 2556 1771 πρώτην
2611 1698 2702 1752 τοῦ
2732 1697 2895 1750 αὐτοῦ
2952 1698 3139 1769 μηνὸς,
3172 1697 3269 1761 τὰς
3296 1696 3393 1750 τοῦ
3425 1696 3596 1766 ἡλίου.

2038 1786 2142 1843 Sed
2175 1803 2480 1858 perperam.
2508 1786 2648 1840 Nam
2681 1787 3033 1842 scribendum
3091 1786 3338 1859 τριακάδι
3384 1785 3595 1859 πρώτῃ.

2040 1877 2264 1950 Sumpta
2290 1889 2374 1937 est
2412 1881 2529 1934 haec
2555 1880 2740 1950 ecloga
2761 1894 2827 1933 ex
2855 1878 3033 1949 capite
3057 1877 3226 1932 XXXI
3257 1880 3444 1949 primae
3471 1893 3598 1971 pars

373 1964 684 2030 portunitas
714 1966 817 2019 ista
840 1969 1150 2038 delectaret,
1183 1978 1243 2025 ut
1289 1988 1352 2027 ea
1379 1989 1613 2043 summa,
1656 1991 1820 2046 quam
1866 1978 1933 2032 ab
1966 1969 2008 2027 Β
2036 1975 2105 2029 tis
2127 1972 2378 2044 Computi
2406 1992 2418 2028 :
2449 1974 2503 2027 in
2524 1987 2633 2044 quo
2655 1972 2753 2037 ita,
2788 1981 2847 2026 ut
2866 1971 3000 2038 dixi,
3025 1972 3240 2043 legitur.

374 2053 581 2110 Adamo
609 2057 917 2126 delinimus,
941 2064 1164 2131 praecise
1187 2064 1500 2133 distributa,
1520 2068 1655 2139 cycli
1689 2069 1935 2126 labentes

370 2142 710 2203 edicerentur
748 2169 761 2205 :
794 2154 953 2209 annis
1004 2154 1144 2209 5984
1168 2172 1265 2226 per
1294 2158 1364 2212 28
1408 2161 1645 2229 partitis,
1688 2162 1933 2232 reliquus

368 2245 518 2291 esset
547 2241 734 2309 cyclus
753 2243 886 2299 solis
917 2259 1047 2312 vm;
1074 2262 1172 2316 per
1206 2249 1274 2302 I9
1317 2266 1449 2306 vero
1479 2250 1705 2319 divisis;
1748 2255 1934 2325 cyclus

369 2327 513 2384 lunae
537 2347 658 2397 xm,
691 2335 773 2390 sic
795 2351 863 2390 ex
886 2337 1153 2394 divisione
1185 2355 1453 2397 annorum
1474 2342 1635 2409 5950,
1676 2346 1808 2401 solis
1843 2363 1934 2403 es-

366 2428 452 2476 set
483 2425 669 2494 cyclus
703 2443 762 2489 ιι,
801 2429 943 2485 lunae
973 2447 1106 2488 xvu.
1131 2433 1200 2487 At
1226 2443 1345 2489 erat
1376 2434 1658 2493 Romanus
1691 2440 1821 2497 solis
1850 2456 1936 2513 cy-

366 2514 487 2569 clus
509 2531 562 2579 x,
597 2517 807 2575 lunaris
840 2536 900 2585 ιι,
926 2537 1068 2605 anno
1092 2526 1271 2594 primo
1315 2541 1438 2581 arae
1475 2526 1823 2597 Christianas,
1874 2533 1930 2587 in

365 2619 526 2672 quem
553 2607 768 2678 utrique
795 2614 1195 2682 conspiramus.
1248 2615 1419 2688 Igitur
1443 2619 1511 2675 ad
1539 2622 1807 2680 emendos
1839 2640 1933 2696 cy-

362 2696 502 2759 clos,
540 2695 781 2770 Scaliger
806 2701 839 2756 8
870 2703 1021 2759 addit
1046 2705 1114 2760 ad
1145 2722 1449 2778 summam;
1481 2719 1542 2766 ut
1571 2713 1713 2769 5958
1741 2731 1840 2785 per
1860 2695 1930 2772 28

362 2788 579 2855 partitis
610 2792 797 2861 cyclus
830 2795 962 2851 solis
982 2796 1374 2865 inveniaturx;
1416 2803 1487 2856 ad
1502 2803 1752 2860 lunarem
1777 2822 1925 2872 vera,

361 2877 634 2948 4adjicit;
678 2890 737 2936 ut
778 2885 918 2940 5954
950 2902 1046 2957 per
1088 2888 1155 2943 I9
1185 2890 1426 2958 tributis,
1480 2898 1712 2952 exsistat
1732 2901 1923 2970 cyclus

362 2970 507 3026 lunas
532 2989 589 3028 ιι.
613 2974 723 3032 Nos
749 2978 816 3033 ad
840 2981 1153 3035 methodum
1175 2984 1315 3054 cycli
1340 2986 1537 3042 solaris
1566 2988 1854 3059 adjicimus
1870 2994 1924 3060 2,

364 3061 432 3115 ad
469 3063 610 3119 luna:
629 3067 865 3137 cyclum.
901 3070 954 3125 8.
983 3069 1062 3127 Ita
1110 3072 1302 3131 divisis
1333 3078 1493 3133 annis
1519 3078 1660 3136 5986
1706 3098 1803 3152 per
1832 3084 1923 3151 28,

362 3155 642 3210 residuum
689 3160 795 3214 erit
842 3161 929 3225 I0,
969 3178 1065 3233 per
1095 3164 1163 3220 I9
1192 3175 1371 3223 autem
1399 3169 1594 3227 divisis
1624 3173 1787 3241 5992,
1838 3192 1924 3232 re-

362 3254 510 3301 stant
534 3247 589 3303 2.
617 3246 708 3305 Sic
741 3251 1144 3310 incommodam
1185 3256 1335 3312 illam
1381 3263 1657 3331 cyclorum
1691 3266 1922 3323 varieta-

2109 2063 2209 2119 IIic
2248 2064 2403 2120 bidui
2446 2063 2692 2120 deiectus
2724 2079 2821 2134 per
2848 2072 3024 2118 totum
3057 2065 3269 2135 cyclum
3302 2066 3446 2118 luna;
3475 2078 3596 2118 ser-
3652 2090 3659 2101 ~

2034 2155 2150 2223 pit;
2177 2162 2231 2209 et
2259 2162 2464 2224 epactas
2488 2160 2750 2224 perpetuo
2776 2152 2990 2209 duobus
3020 2155 3259 2210 minores
3284 2163 3411 2210 sunt
3432 2168 3595 2223 quam

2033 2245 2312 2301 Romamn.
2356 2245 2601 2316 Exempli
2643 2261 2830 2312 causa,
2876 2247 3030 2318 cyclo
3075 2263 3167 2301 xiv
3207 2255 3410 2315 epactas
3446 2260 3597 2299 com-

2033 2353 2228 2394 muues
2265 2344 2392 2393 sunt
2436 2353 2512 2404 ιν,
2566 2335 2800 2393 Maximo
2839 2354 2897 2404 ιι,
2942 2347 3004 2392 ιιι
3040 2339 3115 2392 ait
3154 2338 3331 2407 capite
3376 2335 3591 2391 XXVII.

2030 2426 2209 2497 Atque
2255 2426 2371 2482 haec
2410 2436 2728 2497 epactarum
2765 2428 3076 2501 progressio
3112 2427 3378 2481 naturalis
3410 2435 3516 2491 est,
3543 2435 3598 2481 et

2031 2524 2347 2588 epactarum
2404 2533 2718 2589 germanam
2759 2519 3131 2576 conditionem
3173 2518 3368 2574 retinet
3419 2537 3431 2573 :
3478 2534 3598 2588 qua:

2030 2616 2115 2663 est
2157 2608 2447 2677 ejusmodi,
2493 2616 2553 2663 ut
2595 2610 2818 2666 totidem
2877 2612 3110 2683 quilibet
3158 2625 3335 2665 anuus
3375 2617 3597 2681 epactas

2030 2702 2248 2767 habeat,
2272 2710 2406 2773 quot
2433 2710 2563 2757 sunt
2586 2702 2791 2759 residui
2823 2702 2943 2759 dies
2974 2718 3006 2756 a
3033 2704 3320 2758 neomenia
3351 2703 3598 2773 proxime

2030 2792 2382 2849 antecedente
2414 2792 2482 2848 ad
2512 2798 2641 2848 anni
2676 2801 2858 2864 caput.
2888 2794 3053 2865 Cyclo
3090 2795 3231 2849 lunas
3254 2809 3366 2859 χιιι,
3392 2793 3594 2850 Kalen-

2027 2883 2113 2938 dis
2153 2882 2358 2953 Aprilis
2398 2885 2528 2938 luna
2577 2883 2792 2941 Nicena
2841 2885 2946 2940 fuit
2979 2886 3162 2942 tertia.
3211 2884 3352 2956 Ergo
3390 2894 3593 2955 epacta'

2026 2976 2223 3031 merito
2261 2984 2391 3032 sunt
2433 2976 2489 3030 2.
2528 2975 2586 3032 In
2614 2978 2862 3033 Romano
2906 2986 3162 3048 computo
3207 2977 3448 3048 vulgaris
3478 2993 3590 3032 me-

2027 3067 2226 3124 thodus
2258 3068 2294 3123 4
2322 3076 2595 3125 numerat.
2628 3068 2704 3125 De
2730 3084 2839 3141 qua
2871 3070 2995 3126 vide
3023 3070 3119 3125 lib.
3152 3067 3218 3123 VI
3252 3068 3328 3123 De
3347 3069 3589 3123 doctrina

2028 3166 2334 3229 temporum,
2351 3175 2473 3232 cap.
2493 3159 2681 3217 XXIII.

2096 3254 2425 3325 Epactarum
2494 3255 2940 3313 inveniendarum
3020 3256 3308 3313 methodus
3371 3258 3490 3313 haec
3558 3273 3586 3310 a

360 3342 471 3390 tem
499 3334 823 3397 Latinorum
855 3347 1095 3416 computi
1127 3350 1195 3404 ab
1212 3351 1345 3406 orbe
1377 3305 1622 3419 condito,
1678 3371 1743 3412 ac
1769 3359 1928 3416 chro-
1951 3305 1994 3366 Ο
2029 3343 2284 3414 “immo,
2313 3348 2489 3419 capite
2506 3346 2720 3416 XXV“:
2755 3347 2994 3404 ῑΐθάίιιιΐ
3020 3367 3035 3416 ;
3080 3350 3294 3420 εΥεῘυω
3326 3350 3468 3405 Imm
3494 3367 3584 3420 I’et

360 3430 594 3501 nologia:
627 3434 911 3491 devitant:
942 3453 1107 3509 quam
1159 3439 1391 3500 Graeculi
1436 3447 1601 3505 nimis
1643 3452 1929 3511 ambitiose

360 3522 662 3576 consectati
694 3531 843 3581 sunt.

427 3608 565 3665 Cum
601 3611 710 3669 duo
737 3615 847 3671 sint
881 3614 1193 3676 Grecorum
1235 3634 1618 3695 computorum
1670 3630 1921 3699 divortia,

360 3706 419 3753 ut
441 3716 580 3772 saepe
628 3705 788 3762 nobis
844 3723 1072 3766 necesse
1104 3723 1187 3768 est
1213 3723 1494 3786 repetere;
1529 3726 1583 3775 et
1636 3723 1925 3795 utriusque

356 3791 632 3865 principes
659 3795 765 3852 hoc
803 3798 858 3853 in
886 3814 1051 3869 opere
1078 3817 1107 3857 a
1138 3805 1298 3861 nobis
1326 3808 1456 3863 editi
1484 3809 1614 3876 duo,
1650 3791 1923 3875 Maximus

354 3887 411 3937 et
441 3881 692 3949 Isaacus;
742 3901 810 3943 ex
859 3899 1092 3960 utroque
1152 3895 1527 3967 depromptam
1584 3903 1921 3973 singulorum

355 3973 620 4030 rationem
646 3979 836 4046 paucis
865 3983 1296 4055 explicabimus;
1334 4006 1396 4044 ac
1425 3993 1655 4060 primum
1680 3995 1916 4055 Maximi.

353 4063 410 4120 Is
437 4065 861 4125 Alexandrinam
919 4088 1082 4129 teram
1131 4080 1404 4149 sequitur;
1457 4082 1512 4137 in
1570 4100 1677 4155 qua
1714 4090 1920 4157 primus

353 4171 532 4212 annus
548 4174 668 4214 aera;
683 4162 1006 4221 Christianae
1026 4179 1344 4225 numeratur
1369 4172 1507 4229 5495
1533 4189 1545 4224 :
1571 4191 1675 4245 qua
1706 4193 1919 4235 summa

356 4260 454 4315 per
479 4247 550 4302 28
575 4248 752 4305 divisa
780 4254 968 4324 cyclus
1008 4255 1240 4312 eliicitur
1279 4259 1410 4315 solis
1441 4278 1475 4316 v
1498 4302 1512 4325 ,
1544 4278 1641 4333 per
1687 4266 1753 4321 I9
1789 4283 1918 4323 vero

351 4338 551 4406 partita
602 4340 744 4396 luna:
791 4346 981 4415 cyclus
1024 4347 1083 4402 2.
1139 4348 1267 4404 Erat
1304 4359 1483 4407 autem
1516 4353 1793 4413 Romanus
1825 4376 1917 4431 cy-

350 4430 471 4486 clus
495 4432 627 4493 solis
659 4449 710 4497 x,
742 4435 883 4490 luna:
915 4453 974 4494 ιι.
1008 4439 1178 4511 Igitur
1206 4443 1392 4514 cyclus
1416 4444 1555 4501 solis
1580 4447 1636 4501 in
1673 4449 1777 4504 hac
1805 4430 1914 4505 trra

350 4523 580 4591 primus,
612 4534 697 4581 est
724 4526 957 4584 Romani
983 4533 1119 4603 cycli
1144 4549 1222 4598 v1,
1275 4535 1485 4593 lunaris
1514 4554 1648 4593 vero
1705 4542 1914 4597 utrobi-

349 4628 456 4683 que
490 4631 631 4672 unus
660 4625 763 4681 est,
797 4626 851 4675 et
882 4621 1048 4680 idem.
1091 4624 1314 4698 Epocha
1344 4630 1494 4693 anni,
1531 4631 1777 4702 cyclique
1824 4634 1910 4689 Iu-
1945 4643 1989 4698 ῐ)

349 4705 499 4762 naris
556 4708 701 4777 (nam
736 4709 801 4767 de
834 4712 999 4768 solari
1029 4716 1141 4785 jam
1172 4718 1431 4793 diximus)
1459 4737 1489 4775 a
1517 4721 1748 4777 Maximo
1796 4732 1909 4779 sta-

350 4795 525 4849 tuitur
556 4796 610 4851 in
638 4796 894 4856 Kalendis
918 4804 1142 4872 Aprilis.
1165 4806 1343 4878 Caput
1366 4810 1911 4869 enneadecaeteridos

348 4894 434 4942 est
456 4902 654 4944 aureus
681 4905 940 4947 numerus
968 4910 1002 4947 ι.
1023 4894 1315 4953 Neomenia
1332 4902 1531 4971 prima,
1554 4902 1730 4965 Martii
1747 4920 1909 4961 χχιιι.

348 4975 536 5068 Itaque
557 4993 698 5033 anno
726 4983 902 5051 primo
923 4986 1060 5057 cycli
1116 4989 1348 5055 lunaris,
1393 4994 1652 5051 Kalendis
1708 4997 1909 5068 Aprilis

348 5064 476 5119 luna
499 5058 602 5121 fuit
626 5070 856 5128 decima.
900 5073 1039 5130 Hinc
1070 5086 1152 5132 est
1182 5081 1325 5149 quod
1366 5081 1635 5139 Maximus
1691 5058 1910 5156 epactas

348 5159 477 5212 anni
503 5162 663 5229 primi
682 5161 889 5222 lunaris
908 5167 1143 5225 Ixfuisse
1174 5171 1367 5227 scribit
1388 5189 1506 5244 cap.
1542 5175 1754 5243 XXVII,
1782 5194 1913 5249 quo-

349 5249 492 5303 niam
528 5258 658 5309 aetas
697 5255 840 5310 lunae
889 5264 1041 5312 tanta
1096 5260 1198 5315 fuit
1247 5260 1423 5319 Martii
1455 5282 1622 5331 xxxi,
1664 5271 1757 5339 qui
1791 5270 1910 5327 dies

347 5353 521 5396 canon
549 5349 636 5397 est
667 5354 979 5414 epactarum
1010 5352 1144 5409 solis
1173 5369 1237 5408 ac
1271 5355 1432 5419 lunae,
1455 5367 1516 5411 ιιι·
1544 5359 1683 5413 idem
1719 5364 1792 5415 ait
1824 5379 1913 5417 ca-

345 5432 455 5500 pite
503 5432 693 5490 XXXI.
729 5437 885 5504 Quod
942 5458 1051 5498 non
1094 5446 1532 5503 animadvertens
1583 5438 1823 5521 Scaliger
1854 5456 1909 5507 in

344 5521 500 5582 Notis
526 5528 594 5582 ad
634 5528 865 5603 Eclogas
890 5536 966 5605 (p.
998 5537 1099 5592 755
1141 5540 1277 5594 edit.
1324 5541 1449 5606 ult.)
1479 5541 1720 5607 Maximi,
1753 5553 1911 5613 puta-

344 5616 423 5671 vit
458 5618 707 5676 imminui
744 5625 956 5683 duabus
1002 5630 1302 5688 unitatibus
1340 5649 1605 5689 summam
1646 5655 1658 5691 :
1691 5639 1835 5706 quod
1879 5655 1910 5694 a

345 5712 680 5778 temporibus
710 5715 913 5773 Christi
953 5721 1080 5774 luna
1112 5720 1336 5777 biduum
1367 5725 1744 5795 anticipasset,
1798 5747 1908 5799 quo

346 5798 481 5852 nihil
511 5801 811 5869 jocularius
841 5812 1143 5879 excogitari
1200 5814 1398 5883 potuit.
1439 5813 1541 5869 Sed
1576 5816 1641 5872 de
1678 5818 1777 5874 hoc
1817 5798 1907 5875 cr-

344 5903 465 5946 rore
503 5891 608 5957 iam
639 5897 794 5954 alius.

2028 3438 2280 3494 undecim
2303 3439 2487 3496 ducito
2519 3459 2532 3496 :
2569 3456 2839 3496 summam
2866 3440 3079 3497 binario
3110 3441 3375 3496 minutam
3408 3442 3584 3498 divide

2026 3543 2123 3598 per
2150 3529 2241 3592 50,
2277 3530 2446 3587 habes
2475 3539 2696 3602 epactas
2727 3533 2877 3598 anni,
2914 3533 3072 3603 cujus
3101 3533 3287 3604 cyclus
3326 3534 3580 3603 multipli-

2026 3628 2182 3675 catus
2201 3627 2306 3676 est.
2330 3618 2496 3693 Cyclo
2524 3610 2666 3678 lunae
2693 3639 2803 3689 x1v,
2833 3622 2881 3678 si
2912 3623 2980 3676 I4
3010 3638 3107 3693 per
3144 3624 3205 3677 11
3233 3623 3581 3694 multiplices,

2025 3710 2155 3767 ﬂent
2182 3713 2304 3768 I54.
2333 3711 2591 3770 Deductis
2613 3713 2669 3780 2,
2702 3728 2766 3768 ac
2789 3715 3010 3771 residuo
3033 3713 3135 3768 I52
3167 3730 3261 3786 per
3286 3714 3356 3769 50
3382 3714 3579 3777 diviso,

2024 3812 2320 3874 supersunt
2358 3805 2414 3871 2,
2452 3814 2656 3877 epactas
2686 3806 2825 3878 cycli
2862 3821 2977 3861 xlv.
3014 3804 3088 3860 Ut
3124 3821 3215 3861 res
3262 3812 3378 3862 tota
3413 3807 3577 3876 subji-

2023 3894 2199 3949 ciatur
2245 3895 2440 3963 oculis,
2478 3897 2734 3953 tabellam
2784 3897 3142 3967 ascribemus,
3174 3900 3229 3953 in
3262 3914 3370 3970 qua
3402 3902 3586 3972 cyclus

2023 3984 2233 4041 lunaris
2295 3985 2580 4055 adjunctas
2643 3987 2806 4043 habet
2865 3996 3088 4061 epactas
3141 3997 3252 4045 tam
3313 3990 3585 4047 Romanas

2020 4081 2073 4128 et
2093 4088 2431 4142 communes,
2456 4092 2618 4147 quam
2637 4077 2971 4146 decurtatas,
2995 4090 3049 4136 et
3071 4080 3290 4136 Maximi
3312 4083 3579 4152 proprias.

2423 4163 2764 4220 Laterculum
2798 4168 2931 4238 cycli
2958 4168 3183 4222 lunaris.

2309 4274 2449 4331 Anni
2623 4275 2840 4348 Epactae
2874 4276 2982 4332 Bo—
3010 4276 3423 4361 EpactazMaxi-

2705 4362 2876 4402 manu:
3175 4363 3250 4403 m1

2158 4451 2173 4487 ι
2746 4437 2808 4490 11
3206 4438 3240 4491 9

2159 4518 2197 4556 ιι
2741 4506 2816 4560 22
3166 4508 3238 4565 20

2155 4589 2216 4626 ιι
2783 4576 2819 4630 5
3206 4579 3232 4630 1

2158 4680 2209 4718 ιν
2748 4669 2818 4723 I4
3174 4669 3243 4722 12

2154 4750 2187 4787 v
2739 4738 2813 4793 25
3166 4740 3236 4793 25

2151 4819 2205 4858 vr
2784 4810 2819 4862 6
3206 4809 3241 4862 4

2149 4910 2225 4947 vn
2743 4898 2816 4951 I7
3170 4899 3238 4951 15

2149 4978 2248 5017 vut
2743 4966 2817 5023 28
3159 4968 3232 5023 26

2148 5049 2203 5087 Ix
2780 5040 2815 5091 9
3206 5040 3236 5090 7

2146 5140 2178 5175 x
2738 5128 2813 5184 20
3165 5133 3233 5185 I8

2147 5208 2202 5246 ιι
2246 5202 2251 5206 ⁷
2779 5198 2807 5251 1
3165 5201 3237 5257 29

2148 5279 2226 5318 xu
2744 5268 2816 5322 I2
3168 5273 3238 5327 10

2150 5372 2243 5411 xm
2743 5359 2817 5415 25
3167 5363 3233 5417 21

2149 5444 2242 5481 xw
2780 5431 2817 5484 4
3200 5435 3237 5487 2

2150 5514 2219 5552 xv
2742 5501 2811 5555 15
3164 5505 3233 5557 15

2151 5605 2239 5643 xvr
2745 5592 2817 5646 26
3062 5604 3067 5609 ‘
3163 5595 3233 5649 24

2153 5676 2265 5713 xvu
2778 5662 2809 5715 7
3198 5666 3234 5721 5

2154 5745 2282 5782 xvm
2750 5731 2817 5785 I8
3164 5735 3231 5789 16

2154 5815 2242 5852 xix
2784 5804 2821 5857 0
3162 5805 3232 5859 28

2082 5911 2159 5967 Ex
2209 5912 2292 5971 his
2344 5925 2475 5975 mtas
2528 5920 2669 5974 luntc
2716 5935 2908 5978 menso
2950 5920 3214 5992 quolibet,
3250 5936 3315 5978 ac
3362 5922 3449 5980 die
3489 5922 3564 5978 de-
