4124 6458
563 524 687 582 “El

1544 520 1633 575 ΔῘ)
1675 520 1938 577 EUSEBII
1979 520 2374 580 CHRONICON
2405 519 2764 579 APPENDIX.

3654 522 3792 577 H39

564 633 938 705 prehenditur.
968 634 1239 692 Maximus
1264 638 1443 708 capite
1466 637 1701 703 XXVIII,
1729 642 1802 696 ita
1839 641 1907 697 de
1933 642 2034 697 hac
2072 659 2131 698 re
2159 646 2204 702 A
2235 648 2344 695 tur.
2397 641 2503 697 Sed
2555 643 2810 713 quoniam
2857 655 3122 696 numerus
3167 654 3431 695 annorum
3471 640 3637 709 hujus
3668 656 3791 696 arae

557 727 823 796 praecipit.
870 726 1108 784 Inventis
1149 730 1355 799 epactis
1391 730 1529 785 adde
1573 732 1691 787 dies
1737 748 1928 788 omnes
1959 749 1988 787 a
2016 732 2121 789 Ka-

2230 731 2465 787 sedecim
2502 732 2739 802 priorem
2767 727 2981 784 excedit
3017 748 3030 784 :
3061 729 3190 783 hinc
3214 729 3281 783 ad
3311 730 3493 799 cyclos
3513 729 3659 785 illius
3688 731 3789 785 ad-

556 818 703 874 lend.
726 819 930 889 Ap’rilis
960 819 1029 874 ad
1061 835 1208 885 eum,
1253 822 1411 889 cujus
1447 832 1579 878 tetas
1618 825 1939 895 inquiritur,
1970 843 2120 882 sum-
2152 843 2160 851 ·
2225 821 2356 875 ditis
2392 821 2480 888 16,
2508 821 2645 892 cycli
2680 820 2845 889 hujus
2889 819 3156 873 orientur.
3187 819 3380 873 Annus
3413 820 3622 889 primus
3665 834 3789 874 aera:

552 925 695 963 mam
743 910 947 980 partire
974 927 1072 981 per
1098 912 1167 967 29
1194 913 1315 985 1/2,
1342 915 1621 970 residuum
1650 918 1755 971 erit
1789 924 1922 973 aetas
1954 919 2114 975 lunae.

551 998 677 1065 Haec
706 1002 993 1058 methodus
1032 1020 1249 1060 morosa
1292 1015 1397 1069 est,
1431 1023 1532 1062 nec
1566 1009 1717 1065 utilis
1766 1013 1943 1080 vulgo,
1989 1027 2115 1079 pro-

549 1100 673 1160 pter
721 1092 1009 1161 adjunctos
1061 1093 1314 1151 horarios
1369 1098 1740 1169 epilogismos.
1798 1099 2114 1169 Expeditior

547 1198 636 1238 res
660 1183 784 1248 erit,
830 1185 878 1240 si
909 1186 1188 1255 regulares
1231 1188 1491 1244 adhibeas
1529 1209 1542 1244 :
1576 1206 1804 1259 quorum
1847 1207 2111 1262 propaga-

545 1273 750 1329 tionem
799 1274 1021 1332 Isaacus
1069 1279 1294 1348 exponit
1336 1281 1514 1350 capite
1543 1280 1632 1334 IX.
1662 1281 1899 1337 Possunt
1930 1290 2108 1337 autem

542 1362 750 1434 duplici
799 1367 960 1422 modo
1004 1371 1297 1440 propagari
1346 1390 1374 1425 :-
1411 1373 1563 1441 prior
1598 1379 1700 1437 est,
1741 1381 1801 1428 ut
1840 1375 2107 1445 regularis

541 1456 813 1527 cujusque
844 1460 1051 1516 mensis
1088 1476 1350 1517 numerus
1384 1462 1479 1526 sit,
1511 1464 1603 1533 qui
1634 1466 1785 1536 cyclo
1830 1468 2006 1535 primo
2037 1466 2106 1521 ad

540 1557 787 1617 epactam
815 1565 1052 1606 annuam
1084 1551 1352 1622 adjectus,
1384 1561 1596 1608 aetatem
1618 1556 1760 1610 lunae
1787 1558 2022 1626 complet
2047 1557 2103 1612 in

538 1638 799 1699 Kalendis
825 1643 1021 1713 ipsius.
1053 1644 1212 1698 Anno
1249 1646 1425 1716 primo
1458 1647 1618 1717 cycli,
1647 1657 1852 1717 epactae
1882 1650 2102 1706 lunares

537 1739 667 1785 sunt
697 1749 772 1797 ix,
806 1734 961 1791 deest
986 1737 1168 1792 unitas
1196 1737 1265 1791 ad
1299 1746 1512 1798 aetatem
1549 1740 1692 1796 lunae
1721 1743 2100 1812 complendam

535 1821 794 1880 Kalendis
830 1825 1149 1896 Aprilibus;
1183 1836 1268 1885 est
1299 1830 1443 1884 enim
1470 1831 1682 1887 decima
1719 1852 1732 1887 :
1761 1849 1823 1888 ac
1856 1834 1937 1889 sic
1968 1835 2099 1890 reli-

2223 910 2584 975 Cltristianre,
2637 907 3018 965 Alexandrina:
3070 915 3154 963 est
3201 908 3371 967 5495.
3428 910 3521 979 qui
3577 924 3672 980 per
3718 908 3788 963 19

2223 1003 2435 1059 divisus
2485 1002 2580 1056 dat
2628 1000 2683 1055 2.
2730 1001 2946 1056 Additis
2992 999 3082 1065 l6,
3134 1000 3226 1055 ﬁet
3284 1000 3470 1072 cyclus
3521 1000 3663 1054 luna:
3692 1000 3783 1063 18,

2220 1111 2381 1165 quem
2422 1094 2516 1149 dat
2563 1108 2743 1149 annus
2780 1092 2919 1151 5509
2945 1093 3269 1163 posterioris
3300 1093 3561 1162 computi,
3607 1092 3654 1147 si
3687 1106 3786 1161 per

2219 1185 2287 1239 19
2322 1185 2614 1240 tribuatur.
2655 1181 2745 1237 Sic
2793 1183 2860 1238 ad
2908 1185 3119 1254 cyclum
3169 1184 3304 1239 solis
3337 1183 3372 1237 5
3410 1199 3532 1238 atrae
3560 1184 3779 1254 prioris.

2216 1275 2444 1344 adjectis
2491 1274 2579 1339 16,
2634 1274 2858 1330 exsistet
2911 1275 3099 1345 cyclus
3150 1275 3284 1331 solis
3335 1274 3398 1328 2t
3443 1274 3572 1328 anni
3618 1274 3777 1329 5509.

2214 1364 2343 1421 Item
2376 1367 2440 1421 ad
2474 1383 2531 1421 ιιι
2568 1367 2941 1432 indictionem,
2990 1384 3110 1439 quae
3151 1384 3217 1424 ex
3268 1367 3409 1422 5495
3454 1367 3782 1436 relinquitur

2213 1474 2308 1529 per
2346 1458 2412 1513 l5
2451 1458 2686 1529 partitis,
2737 1459 2781 1513 si
2832 1461 3095 1517 accedant
3127 1462 3216 1525 16,
3256 1460 3473 1516 residua
3502 1462 3606 1514 erit
3637 1460 3780 1515 indi-

2211 1553 2321 1606 ctio
2355 1568 2407 1605 tv
2440 1552 2566 1605 anni
2606 1551 2765 1607 5509.
2796 1552 2972 1623 Caput
3008 1553 3145 1625 cycli
3195 1553 3392 1608 solaris
3420 1553 3489 1608 ab
3513 1551 3772 1623 Octobri,

2209 1645 2416 1699 lunaris
2470 1660 2499 1697 a
2551 1642 2810 1699 Januario
2855 1653 3116 1716 sequente
3154 1645 3350 1715 repetit
3384 1646 3605 1700 lsaacus
3649 1660 3773 1716 cap.

2206 1735 2273 1792 Ill
2301 1744 2356 1793 et
2393 1736 2476 1790 Vl.
2510 1736 2681 1807 Igitur
2728 1738 2937 1792 lunaris
2977 1739 3227 1808 cyclusst
3269 1737 3775 1807 Constantinopoli-

2206 1837 2369 1886 tanus
2417 1838 2500 1885 est
2551 1839 2781 1901 quartus
2824 1831 3106 1895 Romani;
3160 1837 3215 1884 et
3270 1830 3481 1902 primus
3539 1828 3770 1885 Romani

533 1915 658 1983 quis
689 1915 745 1970 in
768 1918 1068 1975 mensibus.
1100 1918 1378 1978 Posterior
1401 1922 1595 1978 modus
1628 1940 1797 1978 unum
1830 1924 1999 1983 demit
2029 1941 2095 1985 ex
2202 1932 2287 1977 est
2334 1938 2445 1976 xvn
2496 1922 3111 1993 Constantinopolitani.
3171 1921 3309 1977 Cum
3367 1924 3513 1978 enim
3559 1922 3770 1976 lunaris

530 2006 705 2074 priori
741 2023 941 2079 genere
985 2014 1336 2083 regularium.
1370 2014 1490 2079 Vel,
1534 2025 1618 2073 est
1659 2033 1920 2074 numerus
1961 2021 2098 2075 resi-
2130 2001 2383 2086 B.cyclus
2417 2014 2768 2070 Alexandrini
2801 2014 3039 2082 computi
3069 2013 3211 2069 idem
3244 2015 3315 2070 sit
3346 2030 3407 2069 ac
3438 2014 3720 2070 Romanus
3749 2033 3764 2081 ;

532 2098 673 2155 duus
724 2109 849 2172 post
907 2118 1133 2163 aureum
1188 2122 1478 2164 numerum
1535 2109 1783 2164 citimum
1837 2111 2096 2169 Kalendis

528 2193 735 2262 Aprilis
802 2196 858 2251 in
919 2201 1276 2261 antecedente
1328 2220 1538 2269 mense,
1588 2207 1745 2265 initio
1799 2209 1868 2263 ab
1922 2208 2095 2280 Aprili

529 2282 691 2340 Iacto.
733 2285 902 2357 Cyclo
951 2292 1112 2347 tertio
1154 2292 1324 2358 lume,
1360 2297 1648 2351 neomenia
1691 2298 1883 2353 incidit
1921 2299 1976 2354 in
2007 2300 2093 2353 ul-

526 2375 718 2431 timum
758 2375 962 2439 Ma'rtii.
1002 2381 1143 2454 Ergo
1176 2385 1361 2440 nullus
1388 2393 1473 2441 est
1510 2402 1574 2442 co
1620 2403 1809 2445 mense
1838 2390 2093 2448 residuus

524 2465 641 2521 dies
687 2476 811 2538 post
856 2473 1197 2528 neomeniam
1249 2492 1260 2526 :
1299 2475 1542 2548 adeoque
1580 2480 1845 2550 regularis
1887 2481 2091 2553 Aprilis

522 2566 611 2615 est
647 2559 702 2617 0.
737 2561 910 2633 Aprili
946 2580 1073 2625 vero
1107 2576 1230 2638 post
1276 2572 1642 2641 neomeniam,
1683 2590 1805 2645 quae
1845 2592 1973 2631 xxix
2001 2577 2090 2632 die

523 2653 747 2720 accidit,
788 2665 961 2713 restat
991 2674 1133 2715 unus
1158 2661 1296 2717 dies.
1329 2664 1498 2734 Igitur
1528 2668 1796 2738 regularis
1830 2668 1955 2724 Maii
2003 2687 2089 2726 se-

521 2747 740 2813 quentis
792 2757 878 2805 est
917 2752 969 2807 1.
1013 2754 1162 2809 Inter
1211 2756 1372 2811 ambo
1421 2774 1620 2829 genera
1671 2759 1777 2815 hoc
1830 2762 2082 2827 interest,

520 2835 666 2903 quod
704 2840 982 2910 regulares
1027 2845 1237 2914 priores
1272 2862 1395 2901 cum
1432 2856 1623 2918 epacta
1655 2861 1910 2908 currente
1942 2854 2086 2909 lunae

487 2925 732 2987 aetatem
768 2931 1006 2998 exhibet,
1053 2937 1191 2990 citra
1220 2936 1327 2992 diei
1359 2938 1522 2994 ullius
1549 2939 1934 3010 adjectionem,
1978 2959 2081 3014 po-

516 3019 774 3084 steriores
817 3021 1088 3082 Kalendas
1140 3028 1288 3098 ipsas
1334 3029 1617 3100 adjiciunt.
1654 3030 1955 3105 Utrumque
1984 3051 2080 3108 ge-

516 3125 621 3177 nus
655 3127 892 3183 sequens
918 3116 1114 3173 tabella
1144 3122 1586 3190 comprehendet.

618 3222 826 3285 Tabula
852 3230 1529 3312 ⁸νεεμιιανὶιιηιηιίιιριὶρὶιιηι
1570 3236 1710 3294 [una
1740 3240 1796 3294 in
1827 3240 1973 3312 cyclo

1170 3301 1422 3364 Maximi.

1201 3393 1397 3521 Begul.
1654 3398 1848 3525 Reﬁul.

609 3546 814 3617 Aprilis
1280 3557 1306 3612 1
1733 3562 1768 3617 0

611 3615 791 3686 Maius
1275 3628 1314 3682 9
1730 3615 1757 3686 1

607 3685 806 3745 Junius
1276 3698 1316 3754 3

604 3774 783 3849 Julius
1271 3788 1311 3847 ιι
1728 3793 1766 3849 3

601 3848 885 3919 Augustus
1272 3858 1312 3915 5
1728 3848 1766 3919 4

605 3912 923 3987 September
1270 3912 1305 3982 ἦ
1728 3912 1767 3992 ὃ

608 4007 848 4083 ροιοὺθίτ
1270 4020 1307 4075 Ἰ
1722 4026 1760 4083 6

604 4077 913 4154 I‘Jovember
1262 4089 1301 4146 9
1720 4077 1758 4154 ᾗ

605 4147 801 4205 Decem
809 4152 906 4209 ber
1265 4160 1302 4216 9
1722 4147 1757 4223 ὖ

600 4239 900 4313 ζεηυετίυε
1234 4250 1298 4306 11
1682 4257 1755 4313 10

598 4309 932 4384 _F_ebruarius
1239 4321 1309 4376 12
1685 4309 1746 4384 II

596 4380 828 4442 Martius
1239 4392 1299 4446 11
1681 4380 1753 4454 i0

563 4491 884 4565 Exemplum
935 4516 950 4553 :
1006 4507 1162 4573 cyclo
1211 4503 1356 4560 lunae
1398 4522 1489 4561 xw
1538 4523 1682 4565 scire
1723 4509 1854 4567 libet
1894 4521 2059 4584 quota

492 4581 623 4641 luna
653 4584 725 4638 sit
748 4584 1006 4643 Kalendis
1055 4587 1413 4660 Septembris.
1444 4594 1662 4664 Epactze
1685 4597 1721 4652 2
1744 4614 1866 4654 cum
1898 4581 2058 4672 regu—

490 4673 699 4732 laribus
737 4681 1017 4747 prioribus
1059 4682 1110 4746 7,
1154 4684 1236 4740 vel
1272 4700 1395 4740 cum
1440 4690 1834 4757 posterioribus
1874 4692 1930 4758 6,
1961 4694 2056 4749 sed
2089 4689 2133 4744 D

490 4767 701 4823 unitate
750 4769 958 4836 addita,
996 4772 1128 4828 dant
1161 4776 1344 4830 lunam
1380 4795 1581 4834 nonam
1611 4800 1624 4846 ;
1656 4790 1718 4836 ut
1751 4791 1836 4838 est
1867 4800 2057 4841 revera

489 4855 643 4927 cyclo
702 4875 795 4913 xw
850 4861 1088 4921 Nicano.
1140 4866 1356 4926 Rursus
1399 4883 1677 4941 quaeratur
1736 4882 1869 4931 tetas
1916 4877 2057 4933 lunae

487 4950 642 5018 cyclo
684 4950 826 5007 lunae
869 4970 902 5007 v
935 4954 1192 5014 Kalendis
1223 4957 1499 5019 Octobris.
1549 4962 1764 5034 Epactae
1801 4966 1890 5029 23,
1930 4982 2054 5029 cum

487 5041 831 5111 regularibus
869 5043 921 5108 7,
955 5048 1036 5101 vel
1069 5046 1123 5113 6,
1149 5065 1179 5104 e
1205 5048 1461 5107 Kalendis
1509 5055 1639 5123 ipsis
1688 5059 1930 5128 praebent
1965 5058 2051 5112 lu-

489 5145 615 5187 nam
638 5134 994 5201 tricesimam.
1690 5162 1693 5167 ·

1086 5250 1316 5309 CAPUT
1353 5253 1441 5308 IX.

489 5357 564 5423 De
610 5360 853 5419 met/zodo
888 5378 1028 5416 tuna:
1069 5364 1123 5417 in
1153 5363 1741 5438 Constantinopolitano
1786 5386 2046 5445 computo.

552 5472 709 5528 Nunc
752 5474 979 5530 alterius
1022 5492 1144 5533 mra:
1192 5493 1257 5533 ac
1295 5483 1557 5550 computi,
1592 5500 1751 5555 quem
1780 5487 2047 5545 Constan-

482 5567 907 5635 thopolitanum
953 5577 1187 5637 vocant,
1243 5573 1533 5642 aperienda
1586 5578 1875 5636 methodus
1927 5588 2044 5644 est,

483 5672 546 5717 ex
580 5656 751 5713 lsaaci
782 5660 942 5722 libro,
978 5663 1070 5731 qui
1113 5678 1234 5717 eam
1265 5664 1556 5737 diligenter
1584 5672 1825 5741 exponit.
1864 5672 1924 5727 In
1954 5674 2044 5729 illa

485 5749 721 5803 primum
750 5755 1026 5823 cyclorum
1068 5755 1567 5830 investigandorum
1599 5767 1810 5830 eadem,
1838 5784 1959 5838 quae
1989 5770 2042 5823 in

479 5838 780 5906 superiore,
828 5844 968 5899 ratio
999 5864 1013 5909 ;
1051 5857 1108 5899 ut
1152 5848 1583 5927 divisa/summa
1616 5870 1710 5923 per
1749 5859 2044 5926 quemlibet

481 5932 717 6017 rj'clum,
744 5946 1053 6016 competens
1079 5942 1225 6005 anni,
1251 5944 1340 6011 qui
1373 5947 1655 6013 qttwritur,
1681 5951 1866 6019 cyclus
1891 5967 2042 6011 erua-

2196 2107 2242 2161 si
2285 2106 2350 2160 16
2384 2106 2448 2160 ad
2482 2107 2625 2161 hunc
2657 2106 2869 2178 cyclum
2901 2107 3148 2175 adjicias,
3177 2114 3307 2176 puta
3359 2106 3425 2161 ad
3462 2107 3516 2171 1,
3564 2103 3766 2161 ellicies

2198 2197 2266 2250 17
2294 2197 2462 2252 illius.
2514 2196 2847 2267 Epactarum
2878 2198 3193 2269 progressio
3224 2199 3404 2269 plane.
3449 2205 3509 2252 ut
3544 2198 3601 2252 in
3649 2197 3765 2251 Ro-

2192 2302 2380 2349 mano,
2423 2304 2519 2358 per
2547 2289 3053 2359 multiplicationem
3086 2291 3237 2345 aurei
3265 2290 3479 2345 numeri
3506 2290 3563 2345 in
3594 2292 3766 2347 unde-

2192 2378 2299 2432 cim
2330 2377 2562 2434 edicitur
2598 2399 2611 2434 :
2646 2394 2823 2450 neque.
2856 2379 3023 2435 biduo
3070 2380 3378 2446 mutilatur,
3421 2389 3482 2436 ut
3522 2381 3763 2438 instituit

2191 2467 2482 2532 Maximus,
2535 2471 2630 2526 sed
2681 2479 2884 2542 epactae
2939 2472 3049 2527 illae
3098 2479 3248 2537 sunt,
3307 2488 3443 2543 quas
3489 2475 3762 2544 superiori

2189 2562 2369 2631 capite
2404 2561 2460 2615 in
2500 2562 2766 2617 laterculo
2797 2563 2935 2634 cycli
2970 2563 3181 2619 lunaris
3213 2563 3490 2619 Romanas
3521 2567 3761 2635 appella-

2189 2665 2330 2705 mus.
2362 2649 2559 2705 Verum
2593 2667 2768 2707 annus
2807 2652 3021 2723 primus
3050 2652 3277 2708 Romani
3301 2654 3462 2724 cycli,
3504 2655 3586 2710 vel
3613 2655 3754 2724 ejus,

2186 2759 2296 2813 quo
2332 2743 2600 2801 Maximus
2643 2745 2835 2809 utitur,
2867 2746 3071 2816 quique
3104 2745 3264 2801 habet
3300 2753 3522 2816 epactas
3550 2762 3640 2811 xu,
3672 2756 3759 2804 est

2185 2839 2415 2903 quartus
2460 2833 3072 2905 Constantinopolitani.
3123 2833 3339 2905 Epactm
3379 2842 3508 2891 sunt
3547 2837 3757 2892 residui

2183 2924 2323 2986 dies,
2368 2924 2462 2994 qui
2508 2925 2576 2980 ad
2625 2925 3003 2995 complendam
3039 2926 3373 2981 lunationem
3413 2926 3482 2980 ad
3511 2926 3632 2983 dies
3661 2942 3759 2982 cu-

2178 3017 2405 3087 juslibet
2434 3018 2641 3075 mensis
2675 3016 3023 3073 adhibentur.
3049 3018 3210 3074 Anno
3236 3019 3412 3089 primo
3448 3020 3588 3091 cycli
3623 3035 3756 3090 epa-

2182 3115 2287 3163 ctaa
2317 3116 2446 3164 sunt
2491 3109 2766 3164 undecim.
2804 3108 2855 3164 Is
2886 3116 2971 3165 est
3017 3117 3247 3180 quartus
3289 3110 3414 3164 anni
3456 3108 3689 3165 Romani
3737 3129 3754 3167 ι

2180 3202 2269 3257 cui
2315 3203 2512 3259 tertius
2560 3203 2887 3259 antecedens
2934 3203 3176 3273 reliquos
3220 3202 3337 3257 dies
3389 3201 3645 3257 undecim
3686 3201 3755 3255 ab

2179 3292 2375 3348 ultima
2426 3293 2646 3365 syzygia
2688 3293 2945 3363 reliquit,
3002 3309 3122 3364 qua:
3163 3291 3478 3348 Decembris
3506 3308 3598 3346 XXI
3641 3306 3753 3346 cte-

2183 3382 2285 3454 pit.
2312 3380 2591 3438 Naturalis
2625 3397 2775 3453 ergo,
2800 3391 2855 3437 et
2880 3382 3101 3453 propria
3127 3382 3236 3437 τῶν
3273 3381 3528 3435 ὲπακτῶν
3561 3381 3617 3435 in
3646 3381 3751 3437 hoc

2181 3473 2338 3545 cyclo
2371 3473 2527 3529 notio
2563 3481 2669 3538 est,
2695 3481 2750 3529 et
2778 3474 3087 3544 appellatio.

2250 3563 2600 3635 Regularium
2634 3580 2731 3634 par
2756 3574 2861 3633 est,
2899 3573 3064 3636 atque
3104 3566 3159 3619 in
3190 3563 3496 3635 superiore,
3532 3564 3747 3620 metho-

2179 3656 2284 3712 dus
2335 3674 2348 3710 :
2384 3663 2459 3721 et,
2496 3663 2557 3710 ut
2589 3656 2721 3721 illic,
2751 3656 2921 3711 duum
2972 3670 3233 3725 generum
3283 3661 3432 3711 sunt.
3465 3655 3570 3709 Alii
3620 3670 3745 3709 cum

2178 3748 2390 3819 epactis
2435 3756 2651 3803 atatem
2697 3749 2841 3803 lunae
2886 3748 3195 3819 perﬁciunt,
3237 3747 3331 3803 alii
3370 3748 3579 3803 unitate
3616 3754 3748 3804 sunt

2176 3838 2444 3894 minores.
2499 3837 2659 3905 Tum,
2711 3839 2857 3909 quod
2901 3855 2931 3893 a
2966 3838 3250 3903 Januario,
3302 3853 3412 3893 non
3457 3838 3528 3893 ab
3573 3838 3745 3905 Aprili

2176 3930 2385 4001 epocha
2414 3930 2654 3995 ducitur,
2715 3931 2979 3985 nonnulla
3010 3931 3247 3987 varietas
3275 3929 3489 3985 incidit.
3517 3927 3745 3983 Utrumq

2174 4037 2281 4093 que
2309 4038 2485 4093 genus
2514 4024 2569 4077 in
2598 4032 2860 4094 sequente
2888 4024 3150 4079 laterculo
3170 4021 3563 4078 describemus.

2281 4134 2617 4199 Laterculum
2667 4138 2988 4208 regular-ium
3048 4138 3188 4191 (una:
3230 4136 3521 4207 duplicium
3576 4137 3633 4190 in

2769 4202 2914 4279 cyclo
2948 4210 3148 4263 Isaaci.

2856 4257 3148 4425 tiqui“
3309 4257 3502 4425 Re‘ﬁul.

2267 4456 2562 4517 Januarius
2932 4462 2958 4515 1
3391 4464 3426 4520 0

2270 4529 2603 4589 Februarius
2930 4534 2967 4585 2
3396 4537 3416 4587 1

2269 4598 2497 4657 Martius
2931 4604 2955 4657 1
3383 4604 3419 4657 0

2267 4692 2466 4762 Aprilis
2928 4694 2964 4747 2
3390 4695 3412 4748 ι

2266 4761 2439 4817 Maius
2927 4766 2961 4819 5
3381 4765 3416 4816 9-

2260 4831 2456 4888 Junius
2924 4836 2960 4891 4
3381 4836 3415 4887 5

2258 4919 2436 4975 Julius
2917 4926 2952 4981 5
3374 4927 3409 4980 4

2259 4993 2539 5061 Augustus
2920 4998 2953 5049 ϐ
3376 4999 3409 5051 5

2262 5062 2476 5131 Septem
2485 5063 2579 5118 her
2923 5067 2955 5121 8
3383 5069 3414 5121 'I

2261 5150 2497 5205 October
2921 5157 2954 5210 8
3382 5163 3412 5216 7

2259 5221 2564 5277 November
2888 5227 2956 5280 10
3377 5234 3411 5287 9

2258 5291 2551 5347 December
2886 5298 2943 5350 11
3341 5305 3408 5359 10

2232 5404 2476 5476 Exempli
2503 5422 2669 5461 causa
2707 5426 2721 5461 :
2756 5408 2923 5479 Cyclo
2957 5411 3099 5466 lunm
3137 5431 3247 5477 xw,
3283 5427 3558 5486 quaeratur
3579 5420 3724 5479 'tetas

2150 5498 2297 5555 illius
2354 5498 2610 5556 Kalendis
2664 5502 3015 5573 Septembris.
3058 5506 3275 5577 Epactm
3318 5523 3446 5567 sunt
3481 5530 3553 5578 tv,
3602 5533 3724 5586 quzr

2149 5604 2271 5644 cum
2333 5594 2683 5663 regularibus
2743 5593 3078 5666 Septembris
3123 5616 3241 5667 vm,
3294 5609 3387 5655 aut
3443 5621 3565 5659 cum
3621 5624 3721 5674 vit,

2151 5681 2329 5736 addita
2376 5685 2605 5747 unitate,
2643 5688 2771 5740 dant
2830 5689 3011 5743 lunam
3054 5690 3435 5749 duodecimam
3492 5715 3506 5750 :
3551 5708 3719 5769 quota

2147 5789 2334 5828 revera
2391 5785 2475 5831 est
2528 5779 2681 5847 cyclo
2741 5778 2984 5834 Romano
3024 5799 3158 5848 xvu,
3214 5784 3716 5860 Constantinopoli—

2146 5871 2275 5919 tano
2306 5882 2414 5920 xw.

2240 5956 2459 6014 lsaacus
2519 5960 2695 6037 capite
2744 5961 2809 6023 IX
2859 5979 2957 6041 pro
3018 5967 3378 6041 regularibus,
3435 5972 3715 6033 residuum
