4124 6484
499 527 631 582 14⁸53

1475 519 1936 581 DISSERTATIO
1974 520 2064 575 DE
2099 519 2505 581 GRECORUM
2543 518 2747 579 AERIS.

3591 520 3730 576 ΗΜ

495 644 763 704 mensium
813 641 1176 707 Julianorum,
1227 641 1491 699 detractis
1537 644 1763 714 integris
1803 641 2059 713 syzygiis,
2090 647 2134 700 Α
2166 639 2441 709 contigit;
2499 653 2620 709 qum
2663 653 2760 708 per
2794 645 3041 707 epactam
3081 636 3183 702 22,
3227 637 3501 707 regulares
3547 647 3730 708 poste-

494 738 712 808 accipit.
756 735 984 808 Syzygia
1021 736 1233 791 lunaris
1266 742 1352 789 est
1389 734 1601 789 dierum
1636 751 1769 788 χχιι
1801 733 1904 803 1/2
1937 731 2059 801 qui-

493 831 597 886 bus
620 829 686 885 de
710 844 839 883 uxr
864 827 1135 891 deductis,
1162 834 1372 882 restant
1395 827 1418 879 l
1447 827 1552 898 1/2
1579 828 1632 880 in
1666 824 1962 884 Februario
1991 822 2056 876 ad

492 927 713 992 epactas
742 933 952 975 annuas
996 917 1252 973 addendi.
1284 917 1392 972 Sed
1434 932 1551 971 eam
1596 915 1907 970 methodum
1959 915 2060 971 mi-

490 1014 637 1068 nime
691 1013 854 1080 vulgo
905 1020 1086 1081 aptam
1143 1025 1264 1065 esse
1319 1025 1484 1079 supra
1540 1008 1874 1062 monuimus.
1929 1006 2053 1061 Ideo

488 1102 722 1158 Romani
772 1117 1120 1173 nequaquam
1179 1118 1242 1157 ea
1296 1108 1425 1157 sunt
1482 1101 1590 1156 usi.
1656 1098 1927 1166 Quocirca
1977 1099 2056 1153 uti

488 1194 799 1249 Graecorum
824 1194 1173 1264 epilogismos
1195 1194 1261 1247 ad
1284 1191 1595 1247 Kalendarii
1616 1191 1879 1247 nostratis
1897 1205 2055 1245 usum

489 1302 553 1341 ac
594 1287 920 1355 dispositum
954 1284 1451 1349 aceommodemus,
1496 1298 1619 1337 cum
1651 1284 1858 1352 cpactis
1894 1297 2056 1352 regu-

488 1379 630 1433 lares
651 1377 1051 1447 componimus.
1087 1374 1265 1431 Unum
1299 1383 1480 1429 tamen
1513 1373 1916 1430 observandum
1948 1383 2052 1438 est,

487 1485 611 1524 cum
649 1469 803 1539 cyclo
843 1468 1018 1523 lsaaci
1056 1484 1189 1533 am,
1219 1474 1441 1539 epactas
1469 1481 1585 1533 vm,
1618 1482 1729 1521 non
1764 1483 1866 1530 vlt,
1899 1481 2054 1521 com-

486 1559 759 1630 parandas
806 1573 968 1624 esse;
1001 1566 1204 1612 etcum
1257 1557 1410 1628 cyclo
1456 1572 1609 1622 xvrtl,
1668 1563 1893 1624 epactas
1935 1570 2052 1615 xix,

486 1667 598 1706 non
632 1665 788 1706 xvnt.
837 1650 1008 1720 Cujus
1051 1651 1190 1705 ratio
1234 1665 1301 1703 ex
1350 1649 1594 1720 ὁποτομῇ
1641 1648 1783 1702 lunae
1825 1646 2055 1717 petenda

484 1749 569 1798 est
597 1757 614 1807 ;
659 1756 690 1795 a
727 1756 838 1812 qua
867 1742 1028 1805 lunae,
1059 1755 1216 1811 quem
1251 1747 1473 1802 vocant,
1503 1739 1679 1793 saltus
1726 1739 1924 1794 oritur.
1957 1735 2057 1793 Hic

483 1834 628 1890 enim
669 1834 724 1888 in
766 1833 922 1904 cyclo
952 1831 1199 1887 Romano
1232 1848 1346 1894 χιι,
1381 1830 1702 1885 Latinorum
1737 1845 1828 1885 xw
1873 1828 2053 1883 centi-

481 1925 580 1992 git,
623 1926 702 1980 uti
751 1926 847 1981 lib.
894 1923 961 1978 Vl
1001 1924 1079 1979 De
1121 1925 1361 1978 doctrina
1391 1934 1712 1991 temporum,
1747 1937 1870 1992 cap.
1912 1918 2055 1977 XVII

480 2016 743 2074 diximus.
788 2015 1019 2086 Propter
1053 2016 1194 2070 hanc
1244 2015 1556 2086 ὑποτομὴν,
1606 2028 1808 2068 aureus
1855 2027 2049 2066 nume-

480 2125 576 2164 rus
619 2125 715 2163 ιιι
748 2124 859 2163 uno
907 2108 997 2163 die
1036 2108 1199 2163 situm
1239 2106 1535 2162 antevertit
1577 2106 1634 2160 in
1676 2104 2051 2174 descriptione

478 2200 709 2256 Romani
743 2200 1077 2255 Kalendarii.
1120 2198 1202 2254 0b
1237 2198 1289 2253 id
1322 2213 1432 2253 non
1464 2213 1541 2261 χι,
1572 2196 1666 2252 sed
1695 2213 1768 2250 xu
1800 2194 2050 2250 addenda

478 2300 607 2349 sunt
640 2292 705 2346 ad
740 2299 982 2362 epactam
1019 2291 1146 2344 anni
1181 2289 1554 2347 antecedentis
1597 2304 1767 2352 xxvi;
1807 2295 1867 2341 ut
1921 2286 2051 2340 fiant

474 2401 572 2439 vnt
612 2396 817 2454 epactze
863 2383 994 2438 anni
1029 2399 1164 2449 xvn,
1195 2382 1399 2453 quibus
1430 2381 1637 2436 additis
1665 2397 1741 2445 ιι,
1773 2379 2050 2434 exsistunt

472 2483 678 2547 epactae
711 2492 802 2531 χιι
847 2476 976 2530 anni
1013 2492 1166 2539 xvnt,
1199 2476 1292 2545 qui
1321 2484 1406 2531 est
1451 2472 1728 2531 secundus
1764 2473 1903 2544 cycli
1942 2473 2051 2528 lio-

472 2566 620 2618 mani
671 2583 685 2619 :
728 2580 794 2620 ac
849 2565 1069 2620 demum
1127 2566 1355 2635 adjectis
1412 2582 1498 2631 xl,
1560 2564 1697 2619 ﬁunt
1754 2571 1959 2634 epactae
2014 2564 2049 2618 0

473 2658 602 2715 anni
643 2674 761 2722 ιιι,
796 2658 890 2729 qui
932 2665 1018 2715 est
1056 2659 1253 2714 tertius
1292 2656 1528 2713 Romani
1566 2658 1727 2730 cycli.
1763 2656 1879 2711 Hoc
1918 2671 2048 2712 vero

472 2749 653 2802 locum
694 2747 862 2804 habet
902 2749 959 2804 in
993 2764 1288 2804 aureorum
1330 2762 1686 2804 numerorum
1734 2747 2046 2818 dispositu;

472 2839 777 2908 rujusmodi
814 2847 899 2895 est
938 2841 993 2894 in
1020 2847 1213 2896 nostro
1244 2839 1592 2896 Kalendario.
1624 2838 1764 2894 Nam
1810 2839 1859 2895 si
1888 2839 2048 2901 aliter

478 2929 817 2994 instituatur,
874 2929 982 2983 alia
1010 2945 1231 3001 quoque
1259 2930 1367 2985 erit
1388 2928 1624 2984 ineunda
1653 2928 1815 2987 ratio.
1906 2962 1909 2963 ν

1089 3061 1319 3118 CAPUT
1360 3061 1430 3116 X.

470 3179 547 3237 De
586 3180 763 3233 lunari
814 3178 1116 3249 προηγήσξι
1144 3215 1187 3249 ,_
1211 3186 1261 3231 et
1297 3177 1642 3249 terminorum
1679 3174 2041 3249 μεταπτώςει.

542 3250 725 3305 lsaaci
768 3244 1224 3318 Argyri‘r'tdrcula
1265 3249 1427 3318 ratio.
1472 3244 1888 3318 Quartadecima
1931 3244 2044 3299 Pa-

2161 733 2337 786 riores
2366 731 2422 794 7,
2458 746 2521 786 ac
2546 731 2645 802 τὴν
2680 728 2966 793 ποσταίαν,
2999 729 3050 783 id
3075 736 3160 784 est
3184 728 3301 784 dies
3323 728 3392 783 26
3420 729 3726 785 conficitur.

2160 824 2512 878 Novilunium
2558 822 2752 876 incidit
2828 819 3164 889 Septembris
3208 835 3417 884 xxvm,
3469 820 3602 875 feria
3646 837 3725 875 ut.

2163 915 2319 972 Unde
2350 918 2477 970 luna
2511 915 2775 970 vicesima
2817 929 2963 968 nona
3009 913 3267 982 competit
3295 911 3546 968 Octobris
3576 928 3728 977 xxvr,

2161 1008 2255 1063 sed
2290 1008 2629 1063 neomeniam
2660 1007 2867 1077 putavit
2910 1004 3128 1061 lsaacus
3161 1018 3188 1056 a
3218 1020 3351 1058 XXIX
3381 1004 3468 1059 die
3492 1003 3731 1075 Septem-

2160 1098 2294 1154 bris.
2343 1100 2531 1169 Itaque
2574 1099 2678 1151 tria
2734 1098 2921 1167 adjicit
2962 1104 3169 1167 epactte
3214 1097 3284 1150 22
3313 1137 3328 1160 ,
3371 1104 3430 1150 ut
3482 1097 3555 1151 sit
3595 1098 3669 1153 25
3714 1114 3727 1149 :

2159 1206 2280 1261 quae
2315 1206 2441 1245 cum
2490 1190 2702 1260 cpactis
2752 1190 3023 1243 mensium
3064 1188 3115 1252 7,
3160 1195 3214 1242 et
3245 1188 3317 1240 ‘26
3343 1188 3535 1242 diebus
3565 1187 3731 1244 Octo-

2157 1282 2273 1337 bris
2316 1282 2499 1336 lunam
2544 1281 2855 1351 producunt
2897 1280 3209 1334 vicesimam
3251 1288 3534 1343 octavam,
3577 1278 3731 1334 dem-

2157 1371 2266 1441 ptis
2318 1371 2407 1426 50.
2465 1370 2575 1424 Cur
2640 1370 2745 1424 tria
2792 1371 2911 1429 haec
2956 1369 3245 1432 addantur,
3304 1382 3526 1421 causam
3577 1368 3730 1421 amart

2153 1463 2452 1534 jocularem
2481 1480 2496 1529 ;
2529 1466 2656 1534 quia
2700 1478 2824 1516 cum
2856 1463 2989 1516 luna
3024 1463 3181 1533 plena
3214 1470 3393 1516 creata
3430 1461 3503 1516 sit
3543 1476 3573 1514 a
3619 1460 3732 1515 Deo

2157 1556 2247 1610 die
2303 1564 2522 1624 quarto,
2575 1554 2817 1610 triduum
2862 1562 3080 1624 oportet
3121 1554 3509 1608 antecessisse.
3557 1551 3730 1605 Porro

2157 1652 2311 1722 cyclo
2359 1652 2538 1722 primo
2584 1652 2928 1723 deprehensa
2974 1659 3061 1707 est
3114 1653 3243 1706 luna
3279 1652 3490 1706 decima
3536 1652 3727 1721 quinta

2159 1743 2523 1799 Kalendarum
2555 1742 2844 1809 Januarii;
2894 1752 3097 1814 quanta
3153 1753 3272 1799 erat
3318 1758 3384 1798 eo
3431 1751 3727 1805 momento,

2156 1851 2265 1905 quo
2313 1821 2499 1890 creata
2536 1845 2640 1892 est.
2674 1834 2942 1902 Quoniam
2975 1851 3107 1906 ergo
3143 1836 3331 1907 cyclus
3357 1836 3566 1905 primus
3600 1848 3726 1903 epao

2158 1937 2276 1983 etas
2328 1927 2489 1982 habet
2522 1928 2776 1985 undecim
2812 1944 2879 1983 ex
2917 1927 3175 1983 methodo
3203 1944 3219 1993 ;
3246 1927 3348 1982 hac
3384 1928 3598 1984 ratione
3628 1929 3726 1982 ﬁn-

2157 2019 2305 2089 gitur
2347 2021 2689 2075 novilunium
2736 2020 3002 2077 incidisse
3051 2021 3307 2076 undecim
3361 2020 3553 2076 diebus
3601 2030 3726 2077 ante

2150 2111 2430 2165 Kalendas
2465 2129 2479 2167 ε
2519 2111 2718 2182 quibus
2749 2112 2915 2166 additi
2947 2121 3056 2168 tres
3082 2111 3159 2166 illi
3203 2112 3310 2184 πρὸ
3346 2111 3457 2165 τῶν
3491 2111 3724 2177 αἰώνων,

2150 2210 2211 2256 ut
2238 2212 2649 2273 computatores
2681 2203 2853 2258 (ἔτωεί
2897 2206 3225 2272 nominant;
3265 2204 3529 2281 decimam
3560 2205 3724 2274 quin-

2150 2300 2261 2346 tam
2290 2295 2472 2348 lunam
2499 2295 2789 2351 conferunt
2814 2297 2867 2349 in
2885 2295 3157 2351 Kalendas
3179 2295 3487 2352 Januarias.
3517 2294 3725 2351 Idcirco

2152 2385 2320 2437 trium
2342 2400 2557 2455 semper
2586 2386 2654 2441 ad
2676 2395 2904 2456 epactas
2935 2386 2992 2439 tit
3022 2387 3288 2442 accessio.
3420 2374 3421 2379 “

2224 2474 2351 2534 ﬂare
2387 2478 2529 2533 ratio
2570 2493 2642 2533 ne
2672 2478 3024 2534 astronomiae
3058 2478 3278 2549 quidem
3313 2485 3508 2549 tyrone
3537 2476 3722 2547 digna,

2149 2576 2205 2624 et
2256 2569 2666 2640 imperitissima
2697 2578 2800 2625 est.
2834 2569 3077 2625 Primum
3127 2571 3201 2624 ita
3235 2569 3516 2640 procedit,
3566 2571 3726 2639 quasi

2149 2662 2386 2717 mundus
2422 2660 2704 2716 Decembri
2744 2677 2933 2718 mense
2962 2663 3219 2718 conditus
3253 2662 3345 2725 sit,
3388 2661 3531 2732 quod
3567 2678 3724 2719 nemo

2149 2751 2420 2807 hactenus
2453 2753 2714 2823 opinatus
2748 2761 2853 2809 est.
2898 2753 3107 2810 Deinde
3149 2755 3405 2824 quamvis
3444 2754 3549 2808 hoc
3581 2753 3724 2808 ultro

2147 2843 2516 2906 concedatur,
2582 2842 2755 2896 nihilo
2801 2843 2977 2913 magis
3024 2843 3274 2913 expediri
3327 2852 3530 2914 potest.
3580 2843 3718 2898 Nam

2148 2932 2198 2987 si
2236 2947 2425 2988 verum
2476 2932 2632 3000 dicit,
2685 2935 2929 3003 oportuit
2965 2935 3222 2989 omnibus
3269 2943 3416 2990 retro
3467 2936 3721 3000 seculis,

2147 3026 2400 3096 adeoque
2425 3025 2668 3085 Nicaeno.
2696 3026 2938 3080 triduum
2961 3026 3094 3081 illud
3127 3026 3292 3096 adjici
3323 3047 3336 3081 :
3368 3027 3512 3097 quod
3541 3035 3723 3083 tamen

2146 3134 2373 3175 necesse
2418 3133 2527 3173 non
2566 3118 2710 3185 fuit;
2740 3119 3009 3189 siquidem
3048 3127 3254 3189 epactaa
3289 3118 3566 3189 simplices
3590 3126 3721 3173 aeta-

2145 3222 2253 3267 tem
2292 3212 2434 3265 luna:
2478 3211 2963 3280 reprzesentabant.
3012 3209 3280 3265 Praeterea
3333 3211 3556 3267 lsaacus
3602 3211 3722 3281 ipse

785 3302 902 3373 cu?’
923 3318 1274 3389 plenilunium
1319 3302 1566 3389 diciamwr,’
1614 3316 1799 3389 Ῑδααεὶ
1840 3332 2044 3370 errores
2072 3325 2117 3389 ς
2147 3304 2327 3374 capite
2542 3303 2636 3357 libi
2667 3303 2733 3357 de
2769 3303 2981 3358 lunaris
3016 3317 3081 3357 ac
3118 3302 3317 3358 solaris
3359 3302 3486 3355 anni
3525 3303 3720 3356 antici-

540 3393 720 3454 varii;
768 3390 1140 3459 mquinoctium
1191 3388 1333 3458 falso
1369 3387 1435 3441 ab
1470 3388 1651 3442 eodem
1691 3388 2040 3442 observatum.

539 3481 831 3554 ﬂuensque
844 3482 1087 3536 lunarem
1102 3482 1418 3536 methodum
1452 3481 1826 3551 expressimus
1843 3478 2044 3534 utrius-

467 3590 573 3645 que
618 3574 901 3645 computi;
944 3589 1064 3644 quae
1090 3572 1316 3628 Nicaeno
1350 3574 1572 3637 saeculo,
1612 3589 1677 3628 ac
1721 3574 1860 3628 citra
1887 3573 2043 3628 novi-

468 3667 743 3721 luniorum
790 3668 1094 3737 προήγησιν
1125 3664 1369 3720 adhiberi
1416 3672 1631 3736 poterat
1664 3683 1677 3720 :
1714 3680 1878 3735 quam
1915 3679 2040 3718 cum

465 3758 804 3828 antiquiores
853 3757 1201 3827 computandi
1256 3757 1547 3827 magistri,
1603 3756 1682 3810 uti
1732 3754 2036 3820 Maximus,

464 3849 777 3921 Dionysius,
821 3846 965 3903 Beda
1013 3847 1329 3911 nescirent,
1373 3854 1698 3917 perpetuum
1742 3845 1875 3899 illud
1907 3845 2044 3897 arti-

464 3943 649 4002 ﬁcium
680 3941 1021 4012 inquirendae
1057 3940 1266 3995 lunaris
1292 3940 1470 3994 aetatis
1501 3954 1625 3995 esse
1664 3938 2033 3993 crediderunt.

465 4036 691 4091 lsaacus
738 4050 891 4097 vero,
926 4042 989 4088 ut
1023 4043 1141 4088 erat
1174 4032 1528 4088 astronomia:
1571 4032 1805 4103 peritus,
1841 4030 2036 4103 praesio

462 4124 553 4179 dio
597 4123 903 4179 caelestium
942 4124 1385 4179 Observationum
1429 4129 1484 4178 et
1529 4123 1883 4177 astronomici
1924 4122 2037 4177 eal-

461 4212 593 4278 culi,
638 4213 772 4269 solis
816 4227 880 4267 ac
918 4213 1060 4267 lunae
1099 4212 1508 4268 antecessiones
1543 4213 1928 4267 animadvertit
1978 4213 2035 4267 in

462 4320 606 4363 anno
630 4303 875 4360 Iuliano.
910 4303 1038 4360 Ideo
1079 4316 1191 4360 tam
1216 4304 1488 4369 Nietenas,
1516 4306 1603 4360 vel
1635 4304 2035 4362 Alexandrinas

462 4397 645 4466 potius
681 4397 1001 4453 neomenias
1044 4396 1361 4462 Paschales,
1389 4414 1552 4468 quam
1588 4399 1876 4464 terminos,
1910 4398 2035 4453 inu-

463 4490 585 4546 tiles
634 4498 792 4546 aztate
835 4504 935 4545 sua
981 4504 1105 4545 esse
1150 4489 1458 4559 comperit;
1509 4499 1570 4544 ut
1611 4492 1705 4561 qui
1748 4492 1815 4546 ab
1850 4507 2034 4547 mense

461 4582 638 4651 primo
668 4580 735 4635 ad
771 4580 1071 4637 secundum
1107 4582 1367 4653 paulatim
1416 4582 1708 4637 transitum
1752 4582 2029 4638 fecissent.

461 4671 614 4727 lianc
663 4674 967 4744 προήγησιν
1013 4673 1067 4728 in
1115 4681 1275 4728 aetate
1320 4673 1463 4727 lunae.
1503 4672 1810 4744 colligenda
1864 4672 2028 4727 tridui
2065 4684 2112 4745 ι)
2144 4677 2283 4733 erat,
2309 4669 2549 4740 proﬁteri
2585 4668 2781 4723 ncluit.

461 4765 723 4835 prudens,
779 4780 847 4818 an
900 4763 1218 4834 imprudens
1260 4765 1452 4820 statuit
1515 4765 1777 4831 lsaacus;
1828 4780 1893 4819 ac
1953 4765 2038 4821 vel

421 4912 427 4918 _
461 4854 712 4918 ridicule,
756 4855 841 4909 vel
886 4855 1155 4911 malitiose
1185 4856 1239 4909 in
1264 4872 1327 4910 ea
1348 4855 1611 4911 tradenda
1641 4855 1899 4909 methodo
1919 4872 2040 4911 ver-

461 4954 614 5003 satus
645 4954 749 5003 est.
769 4945 983 5002 Etenim
1007 4948 1187 5017 capite
1213 4946 1308 5002 νη
1336 4948 1541 5004 docens
1571 4947 2034 5019 quemadmodum

461 5042 677 5096 lunares
742 5048 947 5110 epactaz
1007 5040 1404 5111 investigandae
1460 5042 1617 5105 sint,
1678 5041 1746 5095 ad
1813 5046 2038 5113 epactas

459 5131 566 5186 tria
607 5130 765 5199 jubet
811 5131 995 5198 adjici.
1036 5129 1201 5186 Verbi
1245 5133 1423 5202 gratia
1466 5147 1612 5187 anno
1656 5131 1850 5186 Adami
1893 5130 2036 5188 6880

458 5223 647 5293 cyclus
673 5229 790 5276 erat
811 5221 955 5275 luna:
983 5220 1039 5286 2,
1064 5229 1270 5291 epactas
1289 5221 1379 5288 2‘2,
1405 5237 1523 5291 quae
1544 5239 1669 5277 cum
1693 5222 2037 5292 regularibus

457 5310 703 5365 Januarii
740 5328 779 5375 ι,
810 5310 1048 5366 reddunt
1090 5314 1274 5365 lunam
1315 5312 1634 5366 vicesimam
1669 5315 1892 5367 tertiam
1930 5312 2038 5369 Ka-

458 5402 635 5458 lendis
686 5400 965 5458 Ianuariis
1030 5420 1045 5459 :
1105 5412 1167 5457 ut
1223 5410 1344 5457 erat
1403 5401 1628 5458 Nieaeno
1682 5405 1905 5459 sacculo.
1964 5405 2036 5459 At

459 5492 632 5547 lsaaci
668 5500 913 5563 tempore
957 5501 1073 5548 erat
1114 5495 1372 5549 vicesima
1407 5495 1616 5564 quinta.
1656 5494 1792 5548 Nam
1820 5496 2037 5551 novilu-

460 5588 612 5641 nium
657 5601 802 5640 anno
846 5586 1052 5642 Christi
1101 5586 1234 5642 1371
1285 5587 1516 5658 contigit
1567 5585 1880 5641 Decembris
1908 5602 2031 5653 vnt,

461 5678 620 5746 cujus
654 5678 961 5743 character,
1003 5678 1141 5733 feria
1170 5678 1225 5743 2,
1258 5678 1313 5744 ὅ,
1349 5678 1455 5743 28',
1495 5677 1614 5746 27",
1645 5677 2033 5733 Constantino-

463 5770 597 5838 poli,
630 5772 785 5841 cyclo
825 5771 961 5827 solis
997 5770 1246 5826 Romano
1274 5789 1391 5839 vln,
1422 5772 1603 5826 littera
1632 5770 1693 5825 E.
1730 5769 1899 5842 Igitur
1927 5789 2031 5826 xxv

464 5863 590 5915 tuna
624 5862 817 5916 incidit
850 5863 903 5917 in
942 5862 1215 5919 Kalendas
1249 5862 1541 5919 Ianuarias
1569 5863 1697 5918 anni
1745 5865 2028 5934 sequentis

466 5954 626 6017 1572.
657 5953 733 6017 ita
765 5954 1018 6020 Octobris
1048 5974 1175 6017 xxvr
1222 5957 1309 6015 die
1351 5958 1540 6019 eodem
1584 5971 1727 6013 anno
1759 5956 1886 6011 luna
1925 5972 2030 6011 xxv

2149 3399 2371 3468 patione
2394 3398 2638 3461 disserit,
2680 3408 2868 3451 censet
2894 3394 3052 3451 annis
3081 3409 3255 3459 cecrv,
3295 3409 3404 3449 uno
3439 3393 3527 3448 die
3559 3409 3718 3465 syzy-

2150 3491 2267 3560 gias
2326 3488 2594 3561 ἀκριϐεῖς,
2642 3488 2852 3552 civiles,
2899 3502 2966 3540 ac
3002 3486 3226 3539 minime
3273 3483 3522 3556 ἀκριϐεῖς
3570 3494 3712 3539 ante~

2148 3589 2380 3638 vertere.
2430 3578 2583 3635 Unde
2627 3594 2975 3649 consequens
3016 3587 3121 3641 est,
3162 3583 3291 3631 ante
3333 3589 3508 3630 annos
3543 3574 3718 3638 1047,

2146 3674 2343 3745 quibus
2388 3671 2603 3727 Nicaena
2644 3671 2889 3743 synodus
2924 3667 3097 3727 lsaaci
3140 3675 3377 3732 aetatem,
3413 3675 3468 3721 et
3514 3681 3717 3720 annum

2148 3764 2288 3819 1572
2321 3763 2653 3830 antecessit;
2690 3762 2887 3817 diebus
2926 3760 3160 3830 amplius
3195 3758 3374 3813 tribus
3410 3756 3554 3812 infra
3594 3755 3717 3813 dies

2144 3872 2241 3912 eos
2276 3855 2470 3917 fuisse,
2495 3854 2698 3924 quibus
2719 3854 2868 3908 illius
2899 3868 3015 3908 aevo
3049 3852 3357 3907 commissae
3386 3857 3533 3906 sunt.
3576 3846 3714 3902 Tum

2144 3963 2275 4003 vero
2320 3946 2367 4002 si
2407 3946 2651 4000 triduum
2699 3944 2765 4000 ad
2812 3952 3035 4015 epactas
3076 3942 3325 4009 adderes,
3367 3954 3716 4012 nequaquam

2146 4041 2329 4095 lunam
2365 4052 2743 4108 assequerere.
2788 4035 3199 4091 Absurdissime
3246 4033 3414 4105 igitur
3453 4030 3714 4094 lsaacus;

2141 4133 2257 4203 qui,
2296 4146 2419 4186 eum
2462 4129 2744 4185 novilunia
2787 4136 2971 4183 certos
3008 4126 3075 4180 ad
3125 4126 3243 4182 dies
3280 4124 3506 4180 minime
3534 4122 3717 4178 adhaes

2142 4235 2361 4276 rescere
2432 4220 2668 4283 sentiat,
2719 4217 2791 4270 ita
2837 4216 3200 4271 ratiocinatur
3266 4215 3506 4280 interim,
3556 4213 3717 4284 quasi

2142 4328 2359 4384 semper
2406 4313 2461 4367 in
2494 4311 2683 4367 eodem
2723 4310 2812 4366 die
2848 4311 3154 4365 consistant
3186 4328 3198 4363 :
3232 4309 3377 4378 quod
3413 4310 3497 4363 vel
3540 4309 3717 4379 impe-n

2142 4406 2248 4460 rite
2278 4405 2347 4457 ab
2371 4419 2436 4458 eo
2467 4403 2670 4458 factum
2705 4409 2787 4458 est
2813 4418 2829 4469 ;
2860 4402 2905 4455 si
2945 4399 2999 4454 id
3033 4399 3178 4455 bona
3218 4399 3322 4453 ﬁde
3356 4400 3715 4471 praescripsit,

2140 4491 2225 4545 vel
2256 4486 2451 4545 callide
2482 4507 2497 4555 ;
2529 4491 2574 4544 si
2611 4488 2946 4545 declinanda:
2988 4488 3205 4543 invidiae
3240 4503 3442 4554 causa,
3476 4505 3545 4545 ne
3589 4492 3718 4560 plus

2144 4581 2447 4650 majoribus
2482 4580 2599 4634 suis
2645 4594 2838 4648 sapere
2887 4577 3183 4645 videretur,
3219 4586 3406 4699 aperte
3446 4581 3587 4647 quod
3624 4596 3717 4641 res

2145 4677 2257 4699 mni
2309 4669 2548 4699 ..κληθηιοῖ
2585 4668 2757 4699 mninh

2214 4762 2486 4817 Caeterum
2533 4758 2824 4815 Paschalis
2870 4760 3113 4831 computi
3160 4760 3354 4815 vitium
3413 4762 3547 4818 illud
3601 4780 3717 4825 non

2144 4854 2356 4924 primus
2411 4851 2671 4907 odoratus
2733 4860 2821 4907 est
2876 4852 3122 4922 Argyrus
3176 4872 3190 4908 :
3248 4852 3343 4909 sed
3388 4855 3483 4925 qui
3521 4854 3716 4913 eodem

2138 4951 2384 5013 tempore
2447 4941 2628 4997 ﬂoruit
2670 4942 3007 5014 Nicephorus
3056 4944 3345 5015 Gregoras,
3388 4947 3502 5017 qui,
3533 4955 3592 5001 ut
3630 4956 3713 5004 teq

2144 5042 2325 5090 statur
2371 5035 2462 5090 ille
2498 5035 2682 5105 capite
2720 5034 2838 5090 XVI
2861 5078 2876 5101 ,
2916 5034 3181 5093 Paschale
3223 5038 3541 5093 laterculum
3581 5054 3612 5095 a
3652 5055 3717 5096 se

2137 5123 2483 5179 emendatum
2524 5124 2726 5179 obtulit
2760 5124 3080 5195 imperatori
3113 5141 3178 5180 ac
3223 5129 3476 5193 senatui;
3511 5129 3563 5181 in
3602 5145 3712 5199 quo

2137 5215 2361 5271 termini
2392 5216 2559 5270 biduo
2587 5224 2718 5271 ante
2746 5214 2995 5271 Nicarnos
3024 5217 3272 5273 collocati
3302 5226 3449 5274 sunt.
3486 5218 3712 5275 Utrum-

2136 5323 2243 5378 que
2275 5323 2560 5376 canonem,
2616 5316 2854 5364 veterem
2894 5309 3105 5363 scilicet
3155 5325 3218 5365 ac
3264 5309 3581 5377 Niczcnum,
3652 5325 3709 5367 et

2135 5400 2528 5464 recentiorem,
2599 5400 2768 5455 habes
2839 5400 2895 5454 in
2957 5400 3128 5455 lsaaci
3184 5411 3487 5472 computo;
3548 5404 3705 5458 illum

2135 5493 2354 5564 quidem
2403 5493 2509 5549 sub
2543 5491 2865 5548 Damasceni
2916 5493 3171 5558 nomine,
3219 5496 3311 5564 qui
3353 5494 3586 5550 fortasse
3631 5495 3707 5549 ita

2135 5586 2385 5657 digessit,
2420 5586 2588 5655 capit.
2630 5585 2702 5651 Χ,
2739 5588 2966 5640 alterum
2992 5587 3046 5641 in
3073 5586 3177 5642 line
3201 5587 3400 5657 prioris
3439 5588 3702 5657 computi,

2136 5678 2205 5734 de
2257 5694 2363 5748 qua
2406 5677 2699 5748 Nicephori
2751 5679 3103 5749 castigatione
3148 5680 3408 5733 nonnulla
3457 5678 3706 5735 dicemus

2135 5770 2333 5833 obiter,
2373 5786 2493 5840 qua:
2523 5771 2589 5825 ad
2640 5771 3018 5825 illustrandam
3048 5769 3363 5841 Gregoriani
3393 5770 3706 5833 Kalendarii

2133 5863 2575 5933 descriptionem,
2622 5871 2786 5934 atque
2838 5864 2907 5918 ab
2952 5864 3211 5935 Sealigcri
3258 5872 3311 5918 et
3348 5863 3566 5919 Calvisii
3606 5879 3705 5933 op.

2134 5954 2480 6033 pugnatione
2526 5954 2944 6021 vindicandam,
2991 5955 3093 6017 hoc
3153 5966 3235 6014 est
3283 5956 3346 6011 ad
3394 5956 3485 6015 lib.
3532 5953 3574 6010 γ
3628 5954 3706 6015 De
