4124 6436
421 451 562 508 1455

1415 451 1502 502 Al)
1545 447 1812 504 EUSEBII
1851 446 2247 503 CllllONlCON
2285 445 2645 500 APPENDIX.

3525 449 3660 504 1456

418 563 661 618 doctrina
717 573 1007 630 temporum
1062 562 1314 616 ὑπόθεσιν
1373 565 1776 620 accommodata
1843 572 1988 620 sunt.
2025 570 2066 624 Α
2103 564 2226 632 quis
2268 564 2422 633 prius
2459 564 2768 618 institutum
2811 563 3044 618 retinere
3083 579 3137 617 Ill
3169 561 3417 620 Paschali
3450 565 3657 622 metho-

492 653 596 720 Qui
653 653 946 708 Paschales
995 655 1325 707 ncomenias‘
1372 669 1436 707 ac
1491 656 1754 710 terminos
1815 659 1870 710 in
1923 673 1990 712 eo

418 744 680 798 laterculo
724 743 972 812 digessit,
1019 759 1127 810 quo
1167 741 1432 796 Catholici
1468 759 1659 800 omnes
1703 761 1730 797 a
1771 744 1991 800 Nicaeno

419 845 665 904 tempore
691 836 758 888 ad
794 843 1006 889 aetatem
1049 843 1292 888 nostram
1327 836 1701 890 ecclesiastica
1747 846 1991 908 tempora

421 929 832 994 gubernarunt;
878 936 1166 980 accuratus
1233 942 1297 980 ac
1361 927 1611 982 cmlestes
1673 929 1813 982 luna:
1869 945 1987 984 mo-

419 1025 511 1074 tus
563 1021 620 1072 in
663 1019 966 1074 statuendis
1015 1019 1319 1074 neomeniis
1365 1018 1654 1088 diligenter
1696 1020 1932 1073 obtinuit
1975 1039 1988 1074 :

419 1127 528 1181 quo
559 1111 616 1164 [it
649 1118 707 1163 ut
740 1110 808 1164 iis
844 1110 954 1164 fere
1001 1111 1213 1176 diebus,
1245 1112 1444 1180 quibus
1473 1111 1751 1166 novilunia
1791 1127 1991 1168 secun—

420 1205 547 1257 dum
594 1202 802 1274 ὁμαλὴν
845 1203 1060 1272 κίνησιν
1103 1203 1396 1258 commissa
1437 1211 1585 1267 sunt,
1626 1211 1816 1258 exacte
1861 1219 1994 1257 con-

421 1304 620 1364 grnant
646 1313 660 1362 ;
687 1296 902 1350 termini
929 1311 1058 1350 vero
1089 1294 1400 1359 Paschales,
1439 1295 1553 1349 sive
1576 1295 1800 1349 decimae.
1826 1311 1994 1365 quar-

419 1397 510 1452 t:e,
560 1387 728 1442 biduo
759 1388 958 1456 sacpius
1011 1387 1306 1456 plcnilunia
1345 1387 1675 1455 praecedant,
1707 1397 1992 1458 propterea

421 1479 568 1548 quod
605 1479 818 1534 decimo
847 1486 1000 1533 sexto
1031 1477 1118 1532 die
1151 1479 1488 1547 frequentius
1519 1479 1589 1532 ab
1618 1493 1702 1542 eo,
1739 1480 1830 1548 qui
1863 1494 1994 1534 neo-

420 1572 658 1626 meniam
712 1571 920 1634 habuit,
981 1570 1142 1640 plena
1192 1570 1322 1622 luna
1378 1569 1660 1640 contingat
1719 1588 1732 1624 :
1775 1569 1842 1626 de
1883 1587 1994 1640 quo

421 1662 479 1715 in
521 1663 709 1731 quinto
753 1660 829 1714 De
870 1660 1115 1712 doctrina
1166 1668 1479 1728 temporum,
1511 1675 1633 1730 cap.
1673 1659 1811 1714 XIII.
1855 1659 1994 1714 llinc

421 1767 528 1806 non
545 1767 668 1805 raro
685 1759 808 1806 ante
831 1751 1216 1821 Gregorianam
1241 1750 1534 1805 editionem
1557 1751 1773 1816 accidit,
1793 1760 1855 1805 ut
1871 1751 1996 1807 Pas-

421 1845 523 1899 cha
541 1859 650 1898 uno
668 1843 754 1898 die
775 1851 900 1897 ante
935 1843 1290 1912 plenilunium
1309 1843 1630 1897 incurreret.
1661 1841 1792 1900 Post
1821 1859 1993 1898 annos

421 1937 549 1992 inde
603 1938 935 2006 complures,
985 1952 1111 1992 cum
1159 1937 1323 1992 unius
1369 1938 1482 2006 jam
1528 1937 1638 1992 diei
1685 1939 1993 2009 προήγησιν

421 2029 548 2084 luna
587 2029 809 2084 fecisset
835 2046 848 2084 :
877 2029 1098 2083 termini
1125 2037 1336 2084 veteres
1365 2029 1541 2098 pridie
1570 2029 1690 2098 ejus
1719 2030 1850 2094 diei,
1885 2045 1994 2100 quo

419 2122 597 2178 media
628 2122 897 2192 oppositio
931 2121 1110 2186 ﬁebat,
1135 2122 1529 2190 propemodum
1571 2121 1900 2185 inciderunt,
1935 2129 1996 2176 ut

419 2229 484 2269 ex
514 2229 632 2282 cap.
666 2212 806 2280 XIIII,
849 2212 942 2266 lib.
980 2210 1016 2264 ν
1053 2211 1131 2264 De
1161 2212 1406 2264 doctrina
1438 2220 1730 2278 temporum
1755 2218 1991 2266 constat.

421 2300 630 2356 Exinde
661 2309 784 2372 post
814 2303 1020 2371 aliquot
1049 2303 1270 2365 saecula,
1295 2301 1521 2356 alterius
1549 2301 1656 2356 diei
1681 2302 1995 2372 anticipatio

421 2396 656 2448 mediam
689 2395 1087 2464 Oppositionem
1114 2403 1327 2449 veteres
1360 2395 1415 2448 in
1443 2394 1706 2449 terminos
1727 2397 1992 2466 provexit,

421 2488 482 2534 ut
505 2491 618 2535 tum
638 2481 933 2537 Paschales
951 2482 1165 2536 termini
1185 2497 1372 2537 revera
1395 2491 1578 2538 essent
1593 2484 1913 2554 plenilunia,
1942 2495 1996 2539 et

421 2572 636 2626 decimo
673 2580 832 2626 sexto
865 2573 952 2626 die
978 2573 1047 2626 ab
1083 2573 1371 2628 neomenia
1407 2573 1818 2643 contingerent,
1847 2576 1993 2645 quod

420 2663 640 2733 quidem
685 2663 788 2718 sub
829 2663 984 2718 Bedae
1014 2672 1230 2734 tempus
1265 2664 1464 2720 evenit.
1499 2664 1664 2719 lsaaci
1697 2681 1861 2736 porro
1894 2683 1994 2722 saa-

421 2757 546 2809 cnlo
579 2756 740 2825 paulo
773 2757 895 2826 plus
938 2757 1148 2810 dierum
1179 2757 1343 2810 trium
1373 2758 1703 2828 προὴγησις,
1744 2759 1992 2830 Gregorii

421 2843 542 2897 XIII
597 2851 778 2910 aetate,
825 2844 1105 2913 qualridui
1146 2851 1230 2899 est
1283 2844 1394 2900 fere
1436 2845 1707 2914 confecta,
1755 2847 1889 2904 adeo
1935 2856 1994 2902 ut

421 2933 627 2988 Nicmni
651 2936 866 2989 termini
892 2935 1159 2991 decimam
1191 2943 1439 2990 octavam
1466 2938 1650 2991 lunam
1678 2940 1992 2998 redderent.

421 3025 563 3079 lluic
615 3025 964 3080 incommodo
1013 3026 1426 3080 neomeniarum
1493 3026 1873 3095 Paschalium,
1930 3047 1994 3086 ac

423 3118 782 3172 terminorutn
813 3117 1099 3173 translatio
1128 3119 1428 3173 remedium
1463 3121 1677 3188 attulit;
1709 3138 1829 3192 qua:
1869 3137 1992 3176 cum

421 3207 634 3262 dierum
675 3221 938 3278 praeterea
995 3207 1182 3263 decem
1244 3209 1551 3276 ablatione,
1591 3227 1758 3282 quam
1799 3215 1992 3269 solaris
2021 3241 2064 3299 α

423 3313 601 3352 annus
647 3298 919 3367 exigebat,
963 3304 1074 3351 tam
1120 3305 1425 3366 opportune
1471 3299 1616 3354 facta
1666 3307 1770 3366 est,
1815 3309 1876 3353 ut
1926 3302 1996 3356 ab

422 3389 665 3460 antiquis
707 3390 978 3454 terminis,
1015 3405 1080 3444 ac
1114 3389 1352 3447 Nicaznis
1385 3407 1494 3446 uno
1528 3400 1740 3447 tantum
1780 3393 1868 3449 die
1903 3393 2000 3449 de-

422 3486 765 3541 scenderent.
808 3489 967 3540 Anno
1008 3485 1213 3542 Christi
1248 3503 1519 3552 cccxxnt,
1571 3489 1854 3544 neomenia
1896 3489 2001 3542 Pa-

423 3578 628 3632 schalis
677 3578 830 3648 cyclo
869 3579 902 3632 5
941 3579 1133 3634 incidit
1181 3581 1234 3633 in
1292 3579 1468 3634 Martii
1521 3595 1678 3644 mu,
1707 3595 1822 3638 .una
1871 3595 1996 3634 cum

423 3671 792 3725 astronomica
839 3671 1100 3742 syzygia;
1141 3672 1448 3739 terminus,
1499 3671 1702 3743 Aprilis
1748 3689 1805 3738 v,
1855 3688 1998 3728 anno

427 3761 587 3824 1577,
635 3761 790 3831 cyclo
846 3761 1035 3816 eodem
1095 3763 1437 3816 novilunium
1492 3764 1850 3818 commissum
1917 3773 2000 3819 est

424 3849 603 3903 Martii
656 3865 770 3914 χιιι,
819 3849 1028 3904 decima
1073 3858 1266 3920 quarta
1305 3849 1610 3918 Paschalis,
1649 3851 1852 3922 Aprilis
1890 3849 1998 3905 Ka-

425 3939 622 3994 lendis.
653 3937 952 4007 Expunctis
991 3938 1178 3992 decem
1222 3939 1412 3994 diebus
1453 3939 1672 3993 Nicmna
1709 3941 1996 3994 neomenia

425 4029 656 4084 cadebat
685 4029 738 4082 in
777 4027 950 4082 Martii
985 4045 1118 4086 xxix
1150 4030 1292 4083 diem
1330 4048 1342 4084 :
1378 4030 1644 4086 terminus
1675 4031 1728 4084 in
1757 4046 1811 4083 ιιι
1837 4030 1997 4100 Apri-

424 4119 513 4173 lis.
555 4119 624 4172 At
681 4119 784 4172 hoc
831 4117 992 4171 modo
1039 4117 1204 4172 biduo
1260 4119 1479 4173 circiter
1532 4127 1658 4174 ante
1699 4119 1996 4189 plenilunia

425 4227 568 4280 smpe
594 4210 974 4280 contigissent.
1021 4210 1135 4265 [Ioc
1175 4227 1242 4264 ne
1288 4211 1461 4276 ﬁeret,
1503 4211 1834 4280 Gregoriana
1875 4225 1999 4264 cor-

424 4301 592 4354 rectio
637 4309 744 4353 tam
787 4301 1102 4354 neomenias
1160 4315 1324 4371 quam
1379 4300 1645 4355 terminos
1701 4297 1995 4355 Paschales

423 4409 534 4448 uno
561 4393 648 4448 die
687 4394 1019 4458 summovit;
1054 4395 1210 4462 quasi
1244 4393 1408 4448 tridui
1453 4393 1832 4447 tantummodo
1862 4395 1997 4448 anti-

423 4485 750 4554 cipationem
781 4485 910 4538 luna
940 4485 1266 4555 collegisset.
1305 4485 1383 4538 Ita
1425 4499 1686 4538 numerus
1727 4499 1926 4539 aureus
1954 4501 1991 4549 ι,

2092 655 2162 708 do
2208 655 2528 724 castiganda
2586 653 2882 718 voluisset;
2932 655 3247 708 neomenias
3288 669 3352 709 ac
3393 657 3657 712 terminos

2093 747 2446 816 anticipasset
2473 745 2654 799 triduo
2692 745 2886 801 solido.
2930 745 3034 800 Sed
3069 747 3168 801 hac
3195 748 3405 804 ratione
3441 752 3656 806 termini

2091 837 2254 893 biduo
2299 852 2538 907 persaepe
2585 837 2942 906 plenilunium
2987 839 3416 904 antevenissent,
3452 841 3532 895 uti
3566 840 3660 894 Ni-

2093 943 2244 981 czeno
2276 929 2474 982 saecqu
2508 927 2754 982 evenisse
2785 927 3044 982 diximus.
3075 927 3254 994 Quare
3285 931 3448 985 biduo
3479 933 3533 986 in
3569 947 3660 985 an-

2099 1017 2302 1072 teriora
2333 1031 2652 1086 promovere
2683 1017 2856 1072 satius
2898 1015 3020 1070 fuit.
3061 1018 3216 1082 Quod
3244 1027 3298 1073 et
3321 1019 3661 1090 Nicephorus

2093 1109 2366 1180 praestitit.
2402 1105 2508 1162 Sed
2539 1123 2646 1162 non
2679 1109 2750 1162 ob
2779 1108 2866 1174 id,‘
2886 1116 2945 1162 ut
2975 1109 3075 1174 illi,
3107 1111 3250 1180 quod
3280 1111 3416 1175 dixi,
3448 1113 3660 1167 incont-

2095 1197 2258 1251 modo
2306 1197 2647 1264 subveniret;
2687 1197 2755 1252 ad
2798 1197 2943 1268 quod
2985 1197 3303 1270 Gregoriani
3343 1202 3662 1257 Kalendarii

2101 1291 2415 1346 conditores
2447 1299 2754 1360 respectum
2787 1291 3094 1346 habuerunt
3126 1312 3138 1347 :
3171 1309 3358 1348 verum
3405 1295 3548 1364 quod
3584 1297 3662 1350 ita

2093 1396 2416 1450 persuasum
2465 1381 2750 1446 haberent,
2787 1383 3052 1438 terminos
3083 1383 3377 1440 Paschales
3414 1385 3661 1442 Nicaanos

2094 1474 2445 1527 concurrisse
2475 1488 2600 1527 cum
2645 1473 2984 1543 pleniluniis.
3017 1475 3122 1540 Qui
3157 1475 3258 1530 fuit
3291 1493 3444 1532 error
3483 1477 3661 1533 Theo-

2093 1563 2247 1632 phili,
2285 1563 2474 1633 Cyrilli
2521 1579 2584 1618 ac
2630 1565 2968 1634 reliquorum
3021 1565 3277 1636 deinceps
3322 1575 3662 1637 computato-

2095 1671 2240 1724 rum,
2276 1656 2341 1710 ad
2376 1655 2598 1721 Bedam,
2630 1665 2684 1710 et
2712 1656 2856 1710 int’ra
2893 1657 3013 1728 ejus
3053 1665 3265 1714 aetatem
3311 1676 3324 1712 :
3364 1675 3525 1730 quem
3561 1675 3660 1714 nos

2095 1747 2151 1801 in
2180 1745 2224 1800 ν
2264 1746 2342 1800 De
2381 1746 2626 1802 doctrina
2679 1738 2995 1817 temporum,
3044 1765 3164 1820 cap.
3210 1749 3374 1804 XXIII
3425 1751 3663 1805 convici-

2095 1852 2238 1893 mus.
2292 1837 2432 1892 Hinc
2472 1846 2555 1894 est
2595 1839 2741 1908 quod
2793 1839 3147 1909 plenilunium
3191 1857 3330 1910 saepe
3367 1841 3442 1895 illi
3477 1843 3663 1896 termi-

2096 1945 2228 1984 num
2273 1930 2568 2000 appellant,
2599 1931 2684 1985 vel
2722 1943 2972 2000 quartam
3003 1933 3289 1998 decimam,
3323 1941 3382 1986 ut
3420 1941 3474 1987 et
3519 1933 3664 1989 lsaa-

2097 2035 2196 2076 cus
2228 2029 2438 2086 noster,
2474 2039 2584 2076 non
2617 2039 2680 2078 ea
2711 2025 2930 2094 quidem
2977 2027 3190 2080 ratione
3230 2040 3390 2094 quam
3423 2025 3662 2096 Scaliger

2096 2119 2152 2166 et
2193 2113 2464 2168 Calvisius
2512 2115 2811 2170 defendunt
2851 2117 3088 2187 (tametsi
3135 2115 3375 2186 Scaliger
3413 2132 3443 2169 a
3475 2116 3664 2171 Clavio

2096 2210 2287 2258 nostro
2321 2203 2584 2260 dedoctus
2625 2207 2857 2277 pristina
2910 2207 2980 2262 ab
3023 2207 3290 2262 sententia
3323 2209 3571 2268 recessit,
3606 2215 3662 2262 ut

2095 2296 2284 2350 eodem
2319 2297 2457 2351 libro
2493 2299 2940 2370 monstravimus)
2968 2339 2982 2364 ,
3015 2299 3174 2370 quasi
3207 2314 3487 2369 nunquam
3519 2299 3663 2354 deei-

2095 2397 2186 2437 mo
2226 2384 2422 2452 quinto
2463 2385 2551 2440 die
2598 2387 2666 2440 ab
2711 2389 3000 2442 neomenia
3028 2385 3238 2442 Pascha
3277 2387 3555 2442 celebrare
3599 2387 3663 2440 li-

2097 2475 2310 2530 cuerit:
2345 2475 2442 2530 sed
2489 2477 2574 2530 vel
2625 2477 2679 2530 in
2727 2493 2842 2531 xm
2877 2493 3052 2548 usque
3097 2479 3278 2532 lunam
3313 2477 3539 2532 diffundi
3565 2493 3660 2532 ne~

2097 2579 2253 2619 cesse
2295 2564 2462 2620 fuerit
2509 2585 2522 2620 :
2563 2582 2752 2622 verum
2805 2569 2961 2634 ideo,
3016 2569 3161 2640 quod
3217 2569 3502 2624 neomenia
3555 2584 3663 2624 uno

2097 2664 2218 2725 post
2251 2657 2478 2727 ἀκριϐὲς
2515 2659 2857 2713 novilunium
2903 2659 2991 2714 die
3037 2660 3415 2715 collocaretur.
3449 2659 3563 2715 Hoc
3603 2667 3662 2714 ut

2096 2759 2320 2823 tyrones
2368 2767 2566 2823 capere
2611 2755 2805 2810 melius
2853 2754 3084 2825 possint,
3117 2755 3328 2810 tabulas
3377 2755 3660 2825 subjiciam

2095 2844 2234 2900 duas
2263 2845 2473 2901 lunaris
2507 2845 2672 2902 unius
2713 2847 2851 2918 cycli
2892 2847 2959 2901 ad
2994 2857 3284 2917 utrumque
3315 2853 3548 2917 tempus,
3571 2846 3664 2899 Ni-

2095 2941 2230 2995 caeni
2275 2941 2518 3008 concilii,
2571 2949 2629 2996 et
2677 2941 2851 2996 lsaaci
2895 2941 3119 3012 Argyri;
3169 2947 3229 2996 ut
3269 2957 3336 2996 ex
3382 2940 3665 2995 ambarum

2095 3031 2504 3100 comparatione
2549 3031 2694 3085 lunae
2729 3030 3068 3100 anticipatio,
3097 3037 3150 3084 et
3177 3029 3468 3099 Nicephori
3496 3031 3666 3084 casti-

2096 3122 2242 3196 gatio
2271 3122 2550 3177 intellectu
2589 3123 2660 3178 sit
2703 3120 2937 3176 facilior.
2967 3121 3026 3175 ln
3061 3130 3291 3192 utraque
3321 3121 3504 3176 tabula
3541 3137 3666 3176 ver-

2097 3229 2192 3269 sus
2231 3222 2393 3268 erunt
2426 3229 2524 3269 vn.
2559 3212 2778 3268 Primus
2806 3229 3032 3268 aureum
3065 3229 3348 3267 numerum
3375 3213 3550 3280 dabit;
3583 3229 3668 3270 se-

2097 3305 2312 3360 cundus
2347 3306 2560 3376 cyclum
2597 3305 2731 3360 solis
2760 3304 3099 3371 Romanum;
3133 3305 3327 3360 tertius
3357 3304 3668 3360 Dominica-

2095 3395 2200 3452 lem
2251 3397 2522 3464 litteram;
2575 3405 2807 3468 quartus
2863 3397 3204 3451 novilunium
3251 3397 3414 3467 primi
3461 3397 3666 3451 mensis
3753 3449 3770 3458 ,

2097 3487 2250 3543 verni
2271 3501 2396 3543 cum
2425 3487 2764 3554 charactere,
2796 3486 2863 3542 ad
2889 3488 3250 3543 meridianum
3278 3489 3668 3544 Constantino-

2097 3579 2315 3650 poleos;
2361 3580 2589 3650 quintus
2633 3579 2776 3634 diem
2823 3579 3035 3634 civilem
3078 3579 3279 3634 Juliani
3323 3583 3565 3647 mensis;
3610 3585 3666 3638 in

2097 3683 2258 3739 quem
2294 3669 2581 3724 neomenia
2617 3678 2926 3742 competere
2965 3671 3180 3737 debuit;
3211 3679 3399 3727 sextus
3433 3673 3668 3742 plenilu-

2097 3762 2248 3816 nium
2289 3761 2496 3818 mensis
2523 3761 2803 3832 ejusdem:
2846 3762 3109 3831 septimus
3140 3764 3420 3833 plenilunii
3452 3765 3664 3819 civilem

2096 3854 2261 3909 diem.
2315 3857 2392 3908 Ac
2435 3861 2546 3907 tam
2601 3853 2658 3908 in
2698 3853 2984 3908 neomenia
3036 3869 3198 3925 quam
3253 3855 3308 3909 in
3365 3856 3665 3926 plenilunio

2097 3945 2150 3999 id
2204 3945 2586 4010 observamus,
2623 3953 2683 3998 ut
2730 3946 2946 4015 quoties
2999 3947 3258 4001 horarum
3311 3947 3666 4018 epilogismus

2097 4036 2384 4092 duodecim
2415 4039 2578 4092 horas
2606 4037 2839 4102 excedit,
2864 4053 2984 4106 qua“:
3011 4039 3081 4093 ab
3111 4047 3271 4094 nocte
3309 4039 3484 4094 media
3513 4055 3666 4094 com-

2100 4137 2382 4197 putantur,
2417 4129 2486 4183 ad
2523 4137 2816 4200 utrumque
2850 4145 3084 4199 sequens
3124 4131 3240 4185 dies
3280 4131 3456 4184 civilis
3491 4131 3664 4186 ascri-

2099 4219 2260 4272 batur
2296 4237 2309 4273 :
2345 4219 2489 4288 quod
2530 4219 2850 4274 laterculum
2885 4219 3162 4275 Nicaenum
3205 4219 3429 4275 minime
3466 4221 3658 4276 tenuit.

2101 4307 2172 4362 L't
2197 4310 2252 4362 in
2281 4325 2424 4364 anno
2451 4311 2644 4379 primo,
2677 4325 2800 4366 cum
2841 4312 3178 4365 novilunium
3208 4319 3360 4366 sexta
3391 4311 3502 4367 fere
3543 4321 3663 4382 post

2097 4401 2379 4456 meridiem
2415 4401 2548 4456 hora
2589 4403 2696 4457 diei
2732 4419 2864 4457 χλιιι
2895 4401 3070 4457 Martii
3106 4404 3412 4474 contigerit,
3440 4419 3662 4458 neome-

2097 4493 2186 4547 nia
2225 4501 2408 4550 tamen
2451 4510 2586 4550 χχιιι
2619 4496 2739 4564 ipso
2771 4495 2858 4550 die
2887 4498 3178 4552 constituta
3209 4503 3312 4558 est,
3344 4511 3464 4565 quae
3490 4503 3663 4549 astro-

423 4576 518 4646 ιιιιί
533 4575 600 4630 ad
615 4593 684 4629 xx
701 4575 1321 4646 Martiprogressionem
1338 4576 1533 4631 fecisse
1547 4577 1788 4645 ponitur,
1804 4575 1869 4629 ad
1883 4592 1988 4630 xxx

2096 4585 2314 4640 nomico
2351 4586 2563 4640 calculo
2609 4587 2666 4640 in
2712 4595 3028 4657 sequentem
3063 4588 3390 4643 refunditur.
3425 4587 3531 4642 llas
3570 4603 3662 4656 sy-

424 4667 602 4722 Martii
645 4669 968 4736 descendit;
1015 4676 1072 4722 ut
1111 4670 1379 4724 terminus
1413 4670 1466 4722 in
1497 4685 1573 4722 xu
1607 4669 1748 4724 diem
1785 4669 1990 4739 Aprilis

424 4774 770 4836 congrueret.
807 4765 944 4820 llinc
989 4767 1134 4821 enim
1174 4767 1392 4829 accidit,
1427 4773 1486 4819 ut
1527 4767 1744 4820 termini
1794 4767 1994 4836 smpius

425 4857 479 4908 in
514 4871 638 4910 eum
671 4857 814 4912 diem
847 4867 1200 4920 concurrant,
1243 4857 1448 4925 quiest
1475 4852 1654 4926 pridie
1679 4857 1850 4918 illius,
1883 4873 1994 4926 quo

427 4948 784 5016 plenilunium
808 4948 1025 5002 accidit.
1055 4945 1130 5002 De
1155 4963 1264 5018 qua
1291 4963 1350 5002 re
1377 4942 1592 5017 plenius
1618 4955 1798 5002 actum
1821 4957 1904 5004 est
1936 4949 1988 5001 in

429 5038 468 5092 V
499 5039 850 5094 De'doctrina
881 5051 1188 5108 temporum.

505 5129 568 5187 Ut
591 5131 658 5186 ad
685 5139 898 5187 aetatem
919 5131 1211 5201 Nicephori
1248 5138 1304 5187 et
1333 5131 1501 5186 Isaac:
1529 5139 1837 5186 revertatur
1865 5145 1990 5186 ora-

425 5223 533 5289 tio,
579 5237 707 5280 cum
759 5223 928 5279 tridui
951 5232 1082 5278 tunc
1123 5223 1254 5278 luna
1296 5228 1600 5294 nponmcw
1643 5220 1896 5288 haberet;
1941 5220 1991 5276 si

2097 4678 2282 4747 zygias
2309 4693 2374 4732 ex
2401 4679 2587 4732 tabula
2614 4693 2736 4748 cap.
2771 4678 2837 4747 Χ,
2868 4681 2966 4734 lib.
2993 4679 3082 4734 VII
3113 4681 3185 4734 De
3205 4681 3446 4734 doctrina
3469 4689 3661 4747 tempo-

2096 4786 2211 4825 rum
2263 4773 2661 4842 excerpsimus,
2693 4791 2813 4844 qua:
2859 4791 2970 4831 non
3021 4777 3206 4832 minus
3251 4784 3516 4832 accuratae
3555 4777 3664 4830 sint

2099 4877 2260 4931 quam
2290 4879 2412 4934 quae
2439 4879 2504 4918 ex
2537 4867 2921 4922 astronomicis
2965 4867 3169 4922 tabulis
3215 4867 3342 4921 libri
3387 4865 3500 4920 Vlll
3531 4881 3664 4920 con-

2101 4954 2384 5020 iiciuntur,
2434 4972 2614 5027 neque
2668 4959 2898 5012 multum
2957 4959 3025 5013 ab
3075 4959 3182 5013 illis
3227 4957 3561 5029 discrepant,
3609 4965 3664 5010 et

2097 5055 2322 5117 prepter
2352 5047 2668 5116 adjunctum
2715 5049 2862 5106 feria:
2885 5051 3255 5106 characterem
3287 5051 3354 5104 ad
3388 5050 3662 5122 negotium

2099 5138 2520 5208 opportuniores
2556 5123 2832 5198 videntur.
