4124 6424
474 311 611 365 1443
1465 307 1558 362 AD
1595 307 1839 364 E‘USEBI
1856 350 1874 366 .
1892 306 2046 365 CHRl

2146 305 2289 363 [CON
2335 305 2703 364 APPENDIX.
3588 314 3725 371 1444

472 428 541 482 ad
590 426 931 481 Dominicam
987 427 1390 495 apostolorum,
1439 443 1609 483 unum
1643 429 1894 498 idemque
1926 442 2053 499 spa-
2085 435 2127 491 Α
2156 426 2291 481 Nam
2322 441 2354 481 a
2377 426 2658 483 Dominica
2686 428 3208 501 Sexagesimaqute
3223 433 3361 504 esti;
3392 432 3722 507 Ἀπόκρεως,

397 552 405 564 ,
442 517 609 603 ,tium
645 518 751 572 erit
781 532 811 570 a
842 516 1107 573 Paschate
1137 518 1206 572 ad
1247 519 1464 573 tertium
1492 517 1660 585 Junii,
1693 520 1838 590 quod
1888 527 1974 575 est
2020 534 2052 573 a
2157 519 2224 572 ad
2257 516 2491 583 Pascha,
2520 520 2638 576 dies
2676 530 2803 576 sunt
2840 538 2974 579 Lvtt.
3003 524 3087 579 Ad
3114 525 3405 579 terminum
3451 542 3581 582 vero
3611 529 3728 584 sive

435 605 757 686 \D‘ominica
787 608 893 661 τῶν
918 609 1227 663 ἀποστόλων
1261 610 1327 665 ad
1356 626 1526 666 xxvm
1555 610 1723 665 Junii.
2154 626 2246 666 xtv
2292 610 2635 679 Paschalem,
2666 613 2940 670 interdum
2983 617 3104 673 dies
3151 625 3280 672 sunt
3326 626 3386 671 ut
3441 620 3727 676 minimum

543 696 619 751 Ut
667 697 783 751 haec
818 697 997 751 omnia
1038 699 1307 768 superiori
1357 702 1617 756 methodo
1646 702 1888 773 expediri
1924 720 2052 775 pos-
2151 703 2577 775 quinquaginta,
2614 705 2681 760 ad
2729 722 3001 762 summum
3029 708 3421 780 quinquaginta
3464 726 3584 765 sex.

474 786 616 853 sint,
663 787 828 842 unius
872 787 1001 841 anni
1055 788 1361 862 διαγραφὴν
1403 807 1470 847 ex
1509 790 1803 863 Horologio
1852 810 2053 867 propo-

473 895 692 936 nemus.

496 1002 499 1007 ν
546 973 738 1037 Ἔτους
784 973 914 1045 ,ζμᾶ
976 974 1299 1038 ίνδικτιῶνος
1358 974 1402 1029 θ’
1430 991 1446 1005 ·
1490 977 1639 1047 ἡλίου
1688 977 1876 1032 κύκλοι
1941 981 2047 1051 ις’ς·

412 1072 419 1081 ‘
474 1066 768 1136 φεγγαρίου
818 1066 1005 1120 κύκλοι
1047 1066 1126 1120 ιδ’.
1194 1067 1260 1119 Ἠ
1314 1069 1604 1139 παραμονὴ
1652 1069 1759 1123 τῶν
1810 1071 2048 1141 Χριστοῦ

472 1157 675 1223 γεννῶν
702 1157 885 1228 ἡμέρα
927 1164 980 1223 ς’
1000 1176 1017 1191 ο
1050 1159 1371 1229 κρεωφαγία
1400 1160 1607 1230 ἡμέραι
1648 1161 1744 1225 νζ’.
1778 1162 1851 1215 Τὸ
1891 1163 2054 1235 τριώ-

470 1248 579 1301 διον
608 1249 829 1319 ἄρχεται
854 1250 1199 1321 Φεϐρουαρίῳ
1226 1249 1308 1305 ιο’.
1343 1252 1585 1321 Νομικὸν
1610 1252 1802 1323 Πάσχα
1831 1254 2051 1327 Ἀπριλ-

470 1340 568 1410 λίῳ
601 1339 664 1393 0'.
702 1340 1041 1409 Χριστιανῶν
1094 1342 1284 1412 Πάσχα
1322 1342 1620 1413 Ἀπριλλίῳ
1651 1351 1745 1408 ις’.
1795 1346 2048 1419 Κυριακὴ

471 1428 577 1482 τῶν
643 1430 839 1498 Ἀγίων
885 1432 1101 1485 πάντων
1157 1432 1361 1503 Ἰουνίῳ
1403 1439 1504 1485 tot"
1563 1435 1596 1505 ἡ
1657 1434 1879 1505 νηστεία
1940 1436 2049 1490 τῶν

470 1506 640 1591 ἁγίων
670 1522 1004 1587 ἀποστόλων,
1028 1523 1233 1595 ἡμέραι
1267 1524 1352 1588 ιζ’.

545 1632 565 1664 ι
595 1614 756 1668 Anne
796 1615 954 1679 7044,
988 1617 1288 1671 indictione
1315 1631 1393 1681 ιιι,
1430 1616 1563 1673 solis
1600 1618 1741 1689 cycli
1769 1634 1881 1683 va,
1908 1618 2048 1673 lunae

471 1720 584 1771 xiv,
614 1709 946 1776 exspectatio
992 1708 1192 1764 natalis
1219 1710 1442 1778 Christi,
1492 1709 1627 1766 feria
1664 1726 1719 1765 vr
1743 1751 1759 1777 ,
1797 1713 2045 1766 carnium

470 1814 600 1855 esus
625 1799 818 1855 diebus
848 1815 977 1855 Lvu.
1026 1798 1306 1856 Triodium
1361 1803 1553 1873 incipit
1601 1802 1886 1859 Februarii
1928 1820 2041 1860 xtx.
2073 1781 2119 1840 Β

471 1888 668 1960 Legale
721 1888 931 1944 Pascha
958 1890 1160 1960 Aprilis
1210 1907 1286 1947 tx.
1344 1891 1779 1950 Christianorum
1836 1894 2046 1950 Pascha

471 1982 674 2051 Aprilis
701 1997 813 2037 xvt.
844 1980 1128 2037 Dominica
1158 1981 1485 2051 Sanctorum
1514 1985 1757 2040 omnium
1788 1984 1934 2040 Junii
1967 2001 2043 2040 xl.

468 2073 745 2143 Jejunium
776 2085 1090 2130 sanctorum
1113 2075 1525 2147 Apostolorum,
1558 2077 1677 2132 dies
1704 2093 1866 2132 xm.)

539 2164 635 2221 Est
668 2165 760 2220 hic
809 2182 987 2223 annus
1038 2166 1246 2222 Christi
1298 2167 1457 2233 1556,
1501 2175 1559 2221 ιιι
1593 2177 1843 2238 apparet,
1889 2170 1936 2224 si
1981 2169 2049 2225 de

473 2256 609 2310 70M
641 2256 983 2311 deducantur
1023 2256 1188 2311 5508.
1212 2256 1415 2329 Cyclus
1444 2265 1561 2313 erat
1594 2255 1874 2313 Romanus
1903 2260 2049 2315 sola-

470 2348 549 2401 ris
592 2364 648 2413 v,
708 2348 904 2403 littera:
960 2347 1069 2413 BA,
1112 2349 1262 2403 luna:
1295 2365 1406 2403 xlv.
1462 2351 1620 2403 Anno
1671 2349 2043 2416 antecedente,

474 2439 614 2492 1555
657 2440 809 2511 cyclo
845 2438 1094 2494 Romano
1122 2456 1176 2495 tv
1204 2440 1388 2494 littera
1412 2449 1530 2495 erat
1553 2438 1593 2495 C
1629 2455 1643 2491 :
1671 2441 1794 2496 ideo
1820 2440 1953 2495 feria
1992 2458 2045 2496 vr

475 2530 787 2587 Decembris
816 2548 965 2586 xxrv.
995 2532 1197 2589 Divisis
1232 2532 1370 2587 70M
1416 2549 1512 2603 per
1554 2541 1924 2603 competentes
1956 2548 2049 2605 cy-

473 2623 611 2685 clos,
647 2623 887 2699 prodibit
915 2623 1048 2680 solis
1078 2641 1189 2689 xvr,
1227 2624 1369 2678 luna:
1399 2640 1511 2690 xlv,
1556 2633 1762 2695 epactas
1796 2626 1938 2680 luna:
1971 2640 2045 2678 tv.

471 2712 622 2769 Adde
653 2728 720 2767 xt.
748 2713 885 2778 dies,
918 2722 971 2769 et
1011 2715 1273 2771 detractis
1301 2716 1494 2772 diebus
1538 2715 1739 2779 Martii,
1775 2717 2048 2787 relinque-

470 2811 563 2857 tur
608 2819 789 2859 nonus
833 2804 1056 2875 Aprilis,
1104 2820 1213 2876 quo
1272 2807 1541 2863 terminus
1590 2805 1874 2863 Paschalis
1921 2807 2043 2863 fuit.

470 2894 875 2951 Concurrentes
895 2905 1052 2952 erant
1072 2899 1227 2969 cyclo
1248 2899 1381 2954 solis
1410 2898 1624 2954 decimo
1657 2907 1813 2955 sexto
1844 2917 1899 2964 v,
1919 2915 2041 2970 qua:

469 3003 596 3041 cum
637 2988 874 3058 regulari
917 2988 1143 3070 Aprilis:
1170 2991 1220 3056 1,
1252 3000 1306 3047 et
1335 2990 1369 3046 9
1390 2992 1602 3059 diebus,
1656 2992 1896 3049 eﬁieiunt
1926 2995 1994 3050 15
2029 3014 2042 3048 :

468 3076 730 3133 detractis
764 3078 795 3131 7
818 3079 1037 3134 residua
1068 3087 1151 3135 est
1177 3079 1314 3136 feria
1352 3084 1551 3153 prima,
1577 3083 1632 3136 in
1662 3100 1822 3154 quam
1854 3086 2045 3140 termi-

469 3185 576 3225 nus
627 3171 841 3227 incidit.
880 3170 1007 3228 ldeo
1048 3172 1262 3229 Pascha
1318 3183 1672 3246 prorogatum
1717 3184 1802 3233 est
1852 3177 1908 3232 in
1954 3195 2045 3234 xvt

468 3260 693 3330 Aprilis.
723 3259 841 3315 Jam
882 3263 932 3319 si
975 3263 1042 3319 de
1071 3265 1278 3336 Aprilis
1313 3281 1403 3320 xvt
1433 3266 1545 3333 die,
1584 3266 1639 3322 id
1672 3277 1756 3324 est
1778 3269 1845 3325 de
1873 3271 1977 3327 107
2015 3289 2047 3328 a

470 3350 727 3408 Kalendis
774 3352 1052 3411 Januariis
1109 3355 1243 3427 (fuit
1299 3357 1445 3413 enim
1502 3358 1773 3415 bisextilis
1826 3364 2044 3435 annus)

471 3444 762 3502 subtrahas
817 3447 906 3514 57,
929 3448 1306 3518 relinquentur
1338 3449 1429 3513 50,
1461 3449 1576 3505 sive
1620 3448 1907 3508 Februarii
1954 3470 2046 3509 xxx

471 3536 607 3601 dies,
639 3539 783 3609 quod
816 3537 1098 3594 Dominica
1130 3541 1164 3612 ή
1210 3541 1519 3614 Ἀπόκρεως
1544 3545 1791 3615 contigit.
1821 3545 1868 3598 A
1902 3546 2049 3602 vice-

471 3632 611 3684 sima
641 3632 831 3701 quinta
860 3631 1177 3689 Decembris
1208 3634 1275 3689 ad
1302 3650 1392 3689 xIx
1427 3633 1734 3703 Februarii,
1766 3639 1883 3694 dies
1920 3647 2049 3695 sunt

472 3736 618 3779 LVll:
676 3723 875 3793 quibus
914 3724 1173 3780 carnibus
1215 3725 1365 3780 vesci
1401 3726 1549 3792 licet,
1593 3736 1718 3784 ante
1745 3731 2049 3802 quadrage-

472 3813 663 3869 simale
687 3814 980 3885 jejunium.
1010 3816 1163 3870 Adde
1195 3831 1282 3870 Lvt
1312 3817 1431 3873 dies
1476 3818 1544 3871 ad
1580 3817 1899 3877 Paschalem
1943 3822 2050 3879 Do-

471 3904 755 3966 minicam,
789 3920 911 3974 qua:
953 3915 1038 3961 est
1065 3921 1153 3960 xvt
1191 3906 1431 3976 Aprilis;
1468 3909 1712 3966 calculus
1745 3910 1961 3967 desinet
1991 3912 2047 3968 in

472 4012 525 4049 xt
555 3994 726 4061 Junii,
757 4012 878 4066 quae
919 3999 1024 4051 erit
1068 3996 1351 4053 Dominica
1406 3999 1753 4060 Sanctorum.
1786 4003 2050 4059 Interval-

472 4087 586 4140 lum
634 4100 665 4139 a
712 4085 978 4143 Paschate
1005 4087 1074 4142 ad
1123 4103 1183 4142 ιιι
1235 4087 1361 4144 Maii
1396 4090 1514 4147 dies
1558 4108 1696 4161 xvtt,
1727 4105 1862 4165 quot
1891 4097 1961 4151 ab
1993 4114 2047 4152 xt

470 4177 619 4233 Junii
655 4179 722 4234 ad
752 4197 942 4236 xxvut.
974 4179 1210 4237 Proinde
1230 4182 1499 4253 jejunium
1532 4189 1906 4256 apostolorum
1930 4191 2048 4247 dies

472 4271 661 4326 habuit
702 4287 835 4325 xvu.

544 4363 750 4421 Praeter
775 4365 889 4420 haec
924 4365 1084 4430 festa,
1117 4381 1239 4435 qua:
1278 4367 1502 4423 mobilia
1531 4380 1815 4436 vocantur,
1843 4389 2050 4430 memo-

2730 820 2959 878 CAPUT
3000 821 3136 879 Xlil.

2151 933 2427 990 Methodus
2454 936 2683 1003 computi
2717 933 3041 999 Grecorum,
3066 937 3206 1004 quia
3232 935 3492 996 Maximo,
3514 934 3724 1002 Isauro,

2223 1006 2443 1073 aliisque
2478 1006 2706 1058 traditus
2736 1015 2835 1072 est,
2879 1023 2971 1075 per
3012 1007 3221 1059 tabulas
3258 1017 3308 1060 et
3352 1022 3577 1060 canones
3631 1022 3726 1059 e1-

2219 1076 2550 1144 peditissima
2581 1076 2832 1129 traditur.

2147 1168 2339 1239 ﬁNon
2398 1169 2538 1234 erit,
2592 1168 2808 1237 opiner,
2843 1169 3113 1240 ingratum
3179 1168 3443 1223 studiosis
3482 1168 3726 1223 historiae

2148 1260 2348 1315 Graecae
2401 1267 2455 1315 et
2508 1260 2788 1313 annalium
2837 1260 3171 1327 lectoribus;
3222 1275 3420 1330 magno
3460 1272 3608 1315 certe
3656 1259 3725 1313 iis

2148 1349 2464 1420 adjumento
2491 1350 2609 1407 tore
2639 1349 2876 1413 conﬁdo,
2928 1351 2974 1405 si
3010 1365 3078 1405 ex
3105 1351 3174 1406 iis
3207 1352 3478 1425 omnibus,
3509 1366 3631 1421 quae
3657 1350 3726 1404 de

2147 1441 2463 1498 Graacorum
2489 1444 2617 1498 :eris
2649 1457 2715 1497 ac
2747 1443 3023 1513 computis
3055 1443 3275 1513 copiose
3315 1443 3580 1499 hactenus
3622 1458 3723 1497 ex-

2145 1536 2493 1607 plicavimus,
2534 1536 2828 1592 methodus
2859 1536 3041 1606 aliqua
3080 1534 3426 1599 conﬁciatur,
3456 1544 3638 1591 certos
3665 1534 3719 1588 in

2147 1644 2385 1685 canones
2414 1629 2666 1696 redacta;
2713 1644 2949 1700 quorum
2982 1628 3238 1699 praesidio
3264 1628 3548 1684 celerrime
3574 1627 3722 1698 quod

2150 1722 2413 1792 quaeritur
2440 1722 2756 1793 investigari
2782 1734 2964 1793 queat.
2990 1720 3272 1793 HujuS'rei
3300 1726 3475 1792 gratia
3504 1720 3721 1775 tabulas

2146 1814 2495 1870 condidimus
2526 1830 2602 1882 vt,
2643 1830 2877 1885 quarum
2927 1816 3190 1871 rationem
3266 1822 3322 1871 et
3354 1829 3513 1869 usum
3540 1813 3723 1869 brevi-

2147 1893 2231 1960 ter
2263 1906 2584 1961 edisseram.
2631 1903 2815 1959 Prima
2853 1904 3026 1961 Graeci
3063 1905 3301 1975 computi
3339 1920 3512 1960 annos
3563 1904 3722 1959 oﬁ‘ert

2146 2013 2272 2051 eum
2324 1997 2491 2069 cyclis
2541 1997 2741 2057 tribus.
2792 2012 2913 2067 qua?
2950 2005 3035 2051 est
3083 2012 3312 2067 prorsus
3362 1996 3549 2051 eadem
3594 2011 3719 2050 cum

2147 2090 2331 2144 tabula
2362 2088 2571 2159 periodi
2598 2087 2829 2143 Juliana:
2851 2088 2991 2144 libro
3024 2086 3116 2142 γιι
3142 2086 3218 2141 De
3249 2088 3491 2141 doctrina
3522 2098 3720 2156 tempo-

2147 2196 2289 2242 rum,
2315 2179 2495 2248 capite
2522 2176 2593 2231 IX
2614 2176 2909 2247 descripta.
2943 2178 3203 2243 Quamvis
3231 2178 3376 2233 enim
3407 2176 3720 2233 Graecorum

2148 2275 2437 2338 computus
2456 2283 2565 2322 non
2592 2268 2665 2323 sit
2697 2268 2993 2324 artiﬁciosa
3034 2269 3295 2339 periodus
3316 2308 3331 2327 .
3362 2276 3415 2324 et
3448 2269 3515 2323 ad
3545 2270 3717 2323 solam

2148 2360 2431 2430 cyclorum
2469 2359 2782 2414 methodum
2827 2359 3096 2423 instituta,
3126 2362 3203 2414 uti
3233 2358 3448 2415 Juliana
3488 2376 3502 2412 :
3539 2372 3717 2414 tamen

2148 2466 2258 2504 non
2292 2451 2476 2507 minus
2496 2450 2587 2505 ille
2618 2466 2714 2520 per
2736 2450 2921 2521 cyclos
2947 2451 3185 2522 integros
3213 2450 3443 2507 divisus.
3470 2454 3721 2521 preprios
3816 2479 3821 2486 -

2148 2538 2306 2593 oﬁ'ert
2328 2539 2459 2593 anni
2492 2539 2806 2608 cujuslibet.
2836 2539 3021 2611 Itaque
3051 2555 3080 2594 a
3117 2541 3342 2610 periodo
3372 2540 3586 2595 Juliana
3616 2541 3719 2594 hoc

2149 2631 2265 2686 solo
2293 2630 2494 2695 diﬁ'ert,
2522 2631 2667 2700 quod
2706 2631 2822 2686 hazc
2843 2632 3028 2702 cyclos
3056 2632 3222 2697 solis,
3265 2632 3439 2697 lunae,
3480 2640 3534 2686 et
3572 2632 3714 2686 indi-

2148 2721 2345 2778 ctionis
2375 2721 2578 2791 praabet
2608 2720 3000 2784 Romanorum,
3051 2736 3116 2776 ac
3158 2720 3357 2776 Juliani
3393 2721 3522 2775 anni
3555 2735 3720 2792 pecu-

2146 2814 2333 2870 liares.
2366 2812 2590 2869 Grazcus
2622 2828 2755 2868 vero
2798 2821 3087 2883 computus
3122 2814 3314 2868 saltem
3338 2814 3549 2885 eyelum
3583 2813 3718 2869 solis

2148 2904 2424 2958 diversum
2449 2903 2692 2958 exhibet.
2724 2901 2859 2956 Nam
2890 2901 3295 2958 Alexandrinus
3324 2902 3377 2956 in
3402 2902 3543 2957 luna:
3566 2903 3720 2973 cyclo

2148 2993 2424 3060 convenit,
2456 2993 2812 3049 indictionem
2837 2994 3046 3048 unitate
3063 2994 3332 3049 minorem
3360 2994 3544 3050 habet.
3572 2992 3719 3048 Con-

2149 3086 2693 3157 stantinopolitanus,
2749 3085 2919 3141 solam
2949 3084 3297 3140 indictionem
3342 3099 3466 3139 cum
3503 3084 3722 3139 Juliana

2147 3178 2374 3251 periodo
2411 3192 2753 3233 communem
2782 3175 2960 3247 parit;
2990 3176 3203 3248 cyclum
3231 3176 3373 3230 lunas
3402 3174 3716 3230 Judaicum.

2147 3265 2415 3333 Quocirca
2461 3266 2797 3321 discriminis
2853 3279 3056 3330 causa,
3105 3263 3377 3319 Julianam
3433 3266 3718 3336 periodum

2147 3358 2485 3427 appellamus
2518 3371 2662 3423 eam,
2690 3371 2813 3427 quae
2837 3354 3101 3411 Romanis
3123 3356 3292 3427 cyclis
3314 3357 3480 3411 servit
3521 3373 3536 3409 :
3568 3371 3719 3410 com-

2146 3459 2339 3523 putum
2381 3465 2512 3506 vero
2558 3446 2831 3513 Graecum,
2881 3448 2969 3503 vel
3022 3462 3227 3512 seram,
3271 3462 3382 3502 non
3433 3446 3717 3516 periodum

2146 3544 2514 3598 nominamus.
2565 3538 2819 3596 Secunda
2866 3538 3052 3593 tabula
3101 3539 3315 3610 cyclum
3378 3538 3511 3593 solis
3567 3552 3712 3591 com-

2147 3634 2406 3706 plectitur
2441 3648 2564 3689 cum
2615 3633 2824 3702 epactis
2877 3633 3033 3698 solis,
3072 3631 3186 3685 sive
3232 3628 3715 3694 concurrentibus;

2147 3724 2241 3796 qui
2277 3724 2334 3779 in
2372 3732 2604 3794 utroque
2643 3732 2901 3792 computo
2947 3725 3125 3778 locum
3157 3722 3377 3776 habent.
3403 3720 3718 3790 Adjecimus

2146 3823 2203 3873 et
2226 3815 2590 3871 Dominicales
2614 3814 2847 3879 litteras,
2891 3831 3002 3870 non
3030 3830 3150 3886 qua:
3181 3814 3336 3885 cyclo
3373 3814 3536 3868 solari
3568 3812 3717 3867 Grae-

2147 3924 2213 3965 co
2248 3916 2596 3979 congruunt;
2635 3908 2727 3963 sed
2753 3924 2876 3979 quae
2904 3906 3151 3962 Romano
3187 3905 3509 3961 tribuuntur
3534 3924 3548 3959 :
3570 3905 3715 3975 quod

2146 4015 2213 4055 eo
2256 3999 2509 4063 fecimus.
2564 4006 2625 4054 ut
2669 4000 2736 4054 ad
2769 4015 2889 4056 eam
2935 4000 3105 4055 veluti
3153 3999 3397 4069 regulam
3437 4013 3572 4052 usus
3605 4011 3718 4051 me—

2148 4092 2300 4147 thodi
2350 4092 2631 4162 sequentis
2683 4093 2952 4163 exigatur.
3002 4090 3137 4145 Nam
3194 4099 3256 4144 ut
3305 4091 3412 4145 diei
3474 4089 3717 4157 cujusvis

2148 4179 2283 4235 feria
2315 4197 2411 4252 per
2438 4191 2852 4247 concurrentes,
2884 4190 2938 4237 et
2964 4182 3241 4252 regulares
3270 4181 3490 4235 inventa
3520 4178 3716 4241 fuerit;

2146 4271 2363 4340 probari
2394 4286 2493 4342 per
2520 4269 2910 4339 Dominicalem
2945 4272 3177 4327 litteram
3213 4270 3449 4333 debebit,
3483 4284 3551 4323 ne
3584 4266 3717 4337 quid

2145 4362 2348 4417 erroris
2377 4364 2701 4433 obrepserit.
2733 4361 2939 4417 Tabula
2973 4363 3131 4418 tertia
3159 4371 3382 4431 epactas
3406 4369 3716 4415 menstruas

472 4469 622 4512 ratur
653 4457 794 4527 apud
818 4456 1035 4512 Gnaeos
1065 4459 1098 4529 ὴ
1125 4463 1621 4532 μεσοπεντηκοστὴ,
1646 4479 1765 4533 quae
1789 4472 1873 4519 est
1901 4467 2045 4523 vice-

2148 4453 2302 4518 solis,
2362 4453 2475 4507 sive
2524 4455 2802 4524 regulares
2843 4452 2993 4506 dabit
3025 4453 3079 4506 in
3124 4453 3405 4508 mensibus
3429 4450 3662 4506 Julianis
3698 4468 3713 4504 :

470 4552 645 4606 simus
676 4551 899 4621 quintus
950 4550 1068 4604 dies
1125 4566 1155 4603 a
1207 4550 1496 4618 Paschate,
1548 4570 1613 4610 ac
1656 4572 1872 4627 semper
1910 4557 2042 4614 feria

469 4646 665 4711 quarta
700 4638 982 4709 contingit.
1017 4636 1186 4708 Igitur
1213 4638 1413 4695 additis
1436 4640 1507 4696 24
1531 4642 1598 4696 ad
1627 4641 1771 4698 diem
1795 4643 2040 4708 Pascha},

472 4726 950 4797 μεσοπεντηκοστή
1008 4726 1306 4794 proveniet.
1361 4726 1451 4783 Sic
1501 4745 1646 4785 anno
1696 4732 1790 4787 illo
1839 4732 2042 4788 Christi

469 4817 629 4882 1556,
661 4818 708 4873 si
737 4816 802 4870 ad
831 4832 920 4870 xvt
949 4816 1152 4887 Aprilis
1185 4819 1448 4873 accedant
1470 4820 1587 4876 dies
1623 4821 1715 4887 24,
1740 4823 2042 4881 incidemus

469 4911 526 4966 in
570 4929 603 4966 x
628 4909 772 4973 Maii,
805 4924 925 4980 quae
954 4909 1055 4963 fuit
1078 4914 1575 4983 μεσοπεντηκοστή.
1608 4913 1850 4970 Meminit
1881 4917 2042 4985 hujus

469 5002 594 5058 festi
621 5001 933 5057 Chronieon
955 5000 1400 5066 Alexandrinum,
1422 5010 1481 5055 ut
1510 5002 1576 5056 ad
1601 5000 1891 5073 Nicephori
1915 5006 2043 5062 Bre-

468 5094 702 5149 viarium
731 5093 1174 5159 observavimus;
1204 5108 1308 5148 nec
1335 5109 1444 5148 non
1472 5092 1783 5150 Graecorum
1809 5095 2040 5154 Horolo-

470 5186 640 5258 gium.

539 5278 620 5334 Ad
650 5287 949 5335 extremum
993 5294 1101 5334 non
1146 5287 1228 5332 est
1260 5281 1673 5348 przetereundus
1693 5296 1848 5336 error
1869 5280 2041 5335 Maxi-

468 5372 564 5436 mi,
593 5373 686 5443 qui
732 5379 816 5427 est
859 5370 1038 5439 capite
1080 5368 1197 5423 Vlll
1228 5369 1416 5438 prima:
1444 5372 1612 5439 partis
1650 5371 1920 5440 Computi.
1962 5371 2040 5426 lbi

468 5464 612 5516 enim
641 5478 671 5516 a
694 5461 975 5517 Dominica
1006 5461 1285 5531 ἀπόκρεῳ,
1320 5476 1440 5530 quae
1462 5473 1512 5515 et
1539 5462 1901 5534 Παρείσὸασις
1933 5463 2039 5516 τῶν

470 5555 638 5621 ἁγίων
669 5556 930 5625 νηστειῶν
963 5556 1186 5622 dicitur,
1219 5572 1393 5626 usque
1443 5556 1510 5611 ad
1554 5556 1744 5626 Πάσχα
1797 5556 2038 5622 νομικόν,

470 5650 583 5705 sive
630 5651 695 5704 ad
743 5666 834 5704 xiv
880 5649 1221 5713 Paschalem,
1265 5650 1384 5705 dies
1431 5657 1878 5719 computath.
1927 5648 2041 5703 Hoc

466 5745 630 5799 modo
677 5742 887 5799 Pascha
942 5743 1112 5815 legale
1176 5742 1317 5798 idem
1369 5742 1473 5798 erit
1518 5757 1641 5798 cum
1703 5740 2036 5797 Christiano.

2147 4559 2285 4614 quos
2314 4544 2531 4614 quidem
2564 4544 2843 4613 regulares
2877 4543 2951 4597 ita
2982 4542 3376 4613 disposuimus,
3426 4551 3486 4597 ut
3524 4542 3714 4597 eodem

2147 4636 2303 4689 initio
2341 4640 2561 4705 utrique
2607 4642 2862 4705 computo
2891 4636 3194 4706 proposito,
3240 4636 3497 4690 nimirum
3532 4635 3602 4688 ab
3624 4632 3718 4687 Ja-

2146 4727 2371 4792 nuario;
2425 4728 2661 4781 varietas
2716 4726 2806 4779 illa
2845 4726 3063 4789 vitetur,
3109 4741 3232 4794 qum
3274 4726 3330 4779 in
3382 4724 3623 4789 Maximi,
3662 4730 3717 4777 et

2145 4819 2315 4874 lsaaci
2347 4817 2601 4873 methodo
2631 4819 2891 4873 cernitur.
2948 4815 3007 4871 lu
3043 4825 3291 4887 quartam
3341 4808 3582 4871 tabulam
3621 4831 3718 4885 cy-

2145 4913 2289 4966 clum
2326 4912 2488 4976 lunae,
2531 4924 2655 4963 cum
2685 4910 2890 4979 epactis
2912 4908 3130 4962 Maximi
3174 4917 3228 4963 et
3276 4907 3447 4963 lsaaci
3476 4906 3718 4976 conjeci-

2144 5021 2267 5059 mus
2320 5022 2333 5058 :
2380 5019 2482 5057 nec
2534 5018 2644 5055 non
2690 5000 2982 5057 Paschales
3028 5000 3293 5054 terminos
3341 5007 3395 5054 et
3439 5000 3719 5068 regulares

2143 5097 2382 5159 dierum,
2427 5095 2484 5148 in
2534 5110 2673 5164 quos
2710 5093 2959 5147 incidunt
2994 5092 3232 5146 termini.
3276 5090 3476 5162 Cyclus
3508 5091 3719 5146 lunaris

2143 5189 2354 5259 primus
2392 5185 2446 5240 in
2489 5184 2659 5241 lsaaci
2690 5192 2968 5255 computo,
3000 5183 3115 5239 sive
3155 5182 3716 5252 Constantinopolita-

2142 5295 2236 5345 no,
2265 5285 2494 5349 quartus
2540 5286 2625 5331 est
2655 5277 2793 5347 cycli
2825 5274 3077 5342 Romani,
3122 5290 3284 5344 quem
3320 5272 3568 5327 eumdem
3594 5286 3721 5326 esse

2142 5369 2431 5424 docuimus
2479 5384 2602 5422 cum
2632 5369 2787 5438 cyclo
2815 5366 3034 5420 Maximi
3085 5373 3139 5421 et
3187 5365 3538 5420 Alexandrini
3567 5379 3718 5417 cout~

2143 5461 2279 5532 puti.
2315 5461 2524 5516 Idcirco
2551 5461 2910 5515 termiuorum
2964 5457 3178 5511 diversa
3225 5458 3396 5512 series
3441 5456 3716 5509 instituta.

2142 5551 2344 5618 Quinta
2397 5553 2582 5607 tabula
2631 5551 2910 5621 regulares
2967 5549 3213 5602 continet
3274 5545 3718 5601 accommodatus

2144 5645 2359 5714 utrique
2406 5650 2695 5712 computo,
2749 5643 2830 5696 sic
2864 5650 2923 5694 ut
2959 5640 3099 5694 idem
3134 5639 3202 5693 ad
3232 5639 3445 5693 initiutn
3472 5635 3716 5691 Januarii

2142 5737 2416 5792 facilitatis
2444 5749 2611 5792 causa
2637 5733 2963 5789 referantur.
2998 5732 3164 5787 Sexta
3206 5732 3440 5800 denique
3464 5726 3717 5798 periodos
