4124 6414
402 355 537 410 1419

1349 355 1800 412 DISSERTATIO
1844 355 1928 410 DE
1968 355 2379 416 GRECOBUM
2420 362 2626 420 ERIS.

3501 375 3522 428 1
3537 375 3642 431 450

472 469 714 534 Rursus,
761 470 901 525 scire
926 472 1051 526 volo
1076 482 1277 543 quotus
1321 474 1486 527 trium
1540 475 1815 545 cyclorum
1846 473 1960 527 Ro-
1990 479 2036 534 Α
2065 489 2202 544 Opus
2260 485 2373 540 est.
2413 480 2623 551 integro
2657 497 2886 539 numero
2934 485 3036 553 15;
3083 483 3365 557 'reliquum
3411 489 3517 544 duc
3579 494 3635 547 in

399 576 686 614 manorum
736 574 1000 631 congruat
1045 565 1204 618 annis
1262 566 1453 634 primis
1499 581 1620 618 atrae
1659 566 1962 634 utriusque.

399 653 567 706 Aufer
600 668 771 708 annos
805 655 944 708 5495
1002 655 1068 710 de
1131 656 1302 710 12694
1333 695 1349 719 ,
1403 657 1740 726 relinquetur
1791 674 1966 712 annus

401 743 558 798 7201.
592 745 758 815 Igitur
812 762 986 800 annus
1036 747 1243 816 primus
1288 763 1409 803 :erae
1454 749 1834 803 Alexandrinae
1883 761 1967 805 est

400 834 627 891 Julianae
663 840 868 907 periodi
903 839 1077 904 7202,
1132 840 1220 893 cui
1268 856 1364 908 per
1417 856 1682 896 canonem
1733 844 1966 912 primum

401 928 627 982 debetur
653 929 837 997 cyclus
862 932 993 984 solis
1023 948 1094 996 vr,
1131 933 1272 984 luna:
1310 947 1348 994 ι,
1391 932 1616 986 indictio
1650 949 1708 986 ιι.
1743 933 1870 988 Item
1901 935 1969 989 de

401 1019 574 1075 12694
606 1021 856 1077 deductis
885 1024 1055 1089 5509,
1097 1034 1307 1080 restant
1359 1026 1512 1081 7185.
1572 1025 1741 1096 Igitur
1789 1043 1966 1083 annus

400 1113 606 1183 periodi
642 1112 866 1168 Iuliana:
897 1115 1030 1170 7186
1065 1128 1147 1172 est
1199 1120 1407 1188 primus
1438 1134 1558 1173 terte
1587 1119 1968 1176 Constantino-

401 1205 670 1273 politanze.
718 1206 849 1272 Quae
896 1210 1122 1278 proinde
1154 1216 1318 1282 coepit
1347 1213 1593 1267 Romano
1623 1213 1777 1283 cyclo
1831 1215 1964 1269 solis

401 1311 551 1357 xvm,
583 1298 723 1352 luna:
755 1315 827 1362 iv,
857 1300 1167 1357 indictionis
1199 1319 1228 1358 ι.

467 1389 546 1443 Ex
591 1391 673 1445 his
719 1393 1099 1462 compendium
1135 1397 1364 1452 canonis
1422 1399 1597 1452 oritur
1655 1398 1960 1467 ejusmodi:

400 1481 618 1536 invento
640 1484 791 1554 cyclo
821 1486 953 1540 solis
989 1503 1110 1542 εει-ξε
1143 1489 1521 1544 Alexandrina:
1547 1490 1690 1544 adde
1729 1491 1782 1555 5,
1809 1492 1964 1561 cyclo

399 1574 543 1625 luna:
572 1574 627 1639 0,
658 1575 941 1630 indictioni
977 1577 1002 1630 1
1033 1597 1044 1632 :
1071 1578 1340 1635 obtinebis
1365 1579 1642 1635 Romanos
1665 1582 1809 1637 illius
1836 1583 1964 1636 anni

400 1665 624 1732 cyclos;
660 1665 1270 1738 Constantinopolitanze
1301 1687 1430 1726 vero
1464 1674 1632 1742 cyclis
1666 1674 1824 1739 adde,
1868 1690 1962 1728 son

400 1755 500 1810 lari
528 1758 592 1810 17
615 1797 629 1821 ,
665 1759 841 1812 lunari
872 1761 924 1825 5,
961 1761 1243 1816 indictioni
1277 1766 1344 1827 0,
1389 1772 1448 1818 ut
1475 1765 1590 1819 haec
1630 1767 1826 1821 tabella
1860 1767 1960 1820 do-

2069 566 2226 630 1064,
2254 576 2307 621 et
2334 568 2406 622 ad
2447 588 2716 626 summam
2754 573 2930 643 adjice
2965 575 3112 644 quod
3147 577 3416 648 superfuit
3443 579 3509 635 de
3539 597 3640 636 no-

2066 659 2290 714 vissima
2318 661 2586 718 divisione
2629 681 2723 733 per
2747 666 2870 720 552.
2907 667 3065 734 Quod
3117 671 3165 724 si
3201 686 3414 725 summa
3461 674 3639 743 major

2068 761 2150 804 est
2182 769 2344 821 quam
2379 755 2536 818 7980,
2577 757 2720 811 hunc
2766 759 2943 828 ipsum
2977 777 3264 817 numerum
3307 779 3370 818 ex
3404 765 3494 818 illa
3545 767 3641 820 de-

2069 847 2241 902 trahe.
2277 846 2354 900 Ita
2387 849 2474 902 lict
2508 865 2684 904 annus.
2715 851 2838 916 ille,
2875 853 2967 921 qui
3005 856 3322 925 requiritur,
3352 872 3416 910 ex
3451 873 3559 926 quo
3582 859 3640 912 in

2065 935 2280 991 Iuliana
2303 940 2526 1008 periodo
2558 943 2836 1012 proprium
2876 959 3078 1000 annum
3126 948 3272 1002 illius
3302 951 3633 1019 assequeris.

2136 1026 2452 1097 Exemplum
2493 1048 2508 1086 :
2556 1031 2864 1088 Chronicon
2894 1037 3317 1091 Alexandrinum
3351 1039 3640 1110 migratio-

2067 1134 2188 1172 nem
2232 1119 2603 1177 lsraelitarum
2659 1141 2722 1180 ex
2761 1126 2995 1198 Egypto
3034 1131 3223 1184 statuit
3251 1145 3317 1184 eo
3341 1146 3503 1196 anno,
3542 1133 3639 1202 qui

2067 1210 2276 1279 cyclum
2309 1212 2494 1266 habuit
2523 1215 2653 1270 solis
2686 1216 2740 1280 2,
2780 1218 2921 1272 Iunze
2947 1219 3031 1284 19,
3059 1235 3181 1273 cum
3214 1221 3510 1277 indictione
3545 1223 3634 1276 15.

2067 1302 2261 1365 Quaero
2295 1314 2496 1372 quotus
2533 1305 2622 1360 ille
2650 1309 2888 1378 computi
2926 1307 3096 1364 Graeci
3128 1310 3308 1376 fuerit,
3336 1321 3390 1366 et
3415 1313 3635 1386 quidem

2065 1394 2647 1465 Constantinopolitani
2670 1415 2684 1462 ;
2718 1400 2860 1454 hunc
2878 1401 3021 1455 enim
3054 1401 3153 1457 iste
3176 1411 3366 1457 auctor
3390 1404 3632 1459 adhibet.

2065 1483 2303 1539 Primum
2335 1487 2494 1542 editis
2541 1491 2708 1560 cyclis
2747 1493 2878 1548 solis
2923 1509 2987 1548 ac
3033 1495 3190 1562 lunae,
3234 1496 3514 1553 ducendus
3549 1506 3639 1553 est

2066 1576 2251 1645 cyclus
2284 1578 2416 1632 solis
2449 1578 2484 1630 2
2518 1580 2576 1632 in
2607 1581 2694 1643 57,
2737 1581 2869 1635 fiunt
2914 1583 3035 1638 114.
3081 1583 3217 1638 Tum
3249 1587 3458 1656 cyclum
3493 1588 3633 1640 Iun-.e

2068 1666 2133 1718 19
2164 1665 2230 1719 de
2263 1666 2474 1736 integro
2501 1670 2653 1740 cyclo
2674 1672 2914 1740 ejusdem
2949 1675 3089 1729 lunae
3119 1677 3468 1744 subtrahens,
3497 1681 3634 1736 resi-

2065 1755 2230 1810 duum
2269 1757 2441 1812 habeo
2473 1759 2537 1812 19
2563 1780 2576 1812 :
2611 1778 2770 1831 quem
2803 1780 3084 1819 numerum
3112 1782 3206 1836 per
3222 1768 3289 1822 56
3308 1770 3630 1840 multiplico.

400 1860 504 1902 cet.
536 1848 697 1906 Verbi
727 1853 902 1922 gratia
931 1869 1106 1911 annus
1132 1856 1530 1913 Alexandrinus
1557 1859 1693 1914 7054
1719 1875 1816 1929 per
1849 1860 1958 1930 pri-
1989 1839 2034 1896 Β
2060 1844 2314 1899 conﬁunt
2355 1847 2526 1915 1064,
2565 1866 2727 1919 quam
2755 1867 3025 1908 summam
3055 1856 3123 1908 ad
3166 1857 3402 1926 Priorem
3432 1839 3632 1930 δδὶίοίο

398 1957 546 1995 mum
585 1957 848 1999 canonem

1473 2044 1604 2099 solis
1737 2045 1772 2098 5

1028 2111 1398 2166 Alexandrino
1472 2115 1612 2167 lunze
1734 2120 1766 2167 0

597 2209 750 2267 Adde
798 2214 952 2284 cyclo
1470 2186 1660 2286 ingm'

1471 2276 1603 2330 solis
1700 2275 1769 2327 17

998 2343 1339 2399 Constantin.
1477 2349 1616 2398 lunae
1735 2347 1768 2398 5

1467 2415 1659 2469 indict.
1735 2416 1770 2470 0

391 2524 604 2594 cyclum
631 2526 762 2582 solis
795 2526 1004 2582 obtinet
1033 2527 1104 2594 6;
1137 2529 1275 2585 adde
1305 2530 1358 2595 5,
1399 2529 1596 2585 efficies
1629 2529 1719 2584 11.’
1766 2529 1964 2600 Cyclus

391 2612 536 2666 luna:
565 2612 620 2676 4,
646 2614 847 2670 additis
875 2615 910 2669 0
935 2623 1019 2670 est
1043 2617 1114 2683 4;
1145 2617 1370 2673 indictio
1395 2618 1481 2684 14,
1503 2619 1688 2673 addito
1712 2620 1735 2672 1
1766 2628 1851 2674 est
1875 2621 1960 2676 15.

395 2701 486 2756 Sic
513 2705 640 2757 anni
671 2705 1258 2780 Constantinopolitani
1295 2713 1480 2783 cyclus
1515 2713 1646 2767 solis
1669 2713 1739 2765 22
1767 2723 1962 2770 auctus

393 2799 462 2852 17
485 2801 681 2855 transit
715 2803 770 2855 in
799 2801 1118 2860 ‘Bomanum
1147 2809 1202 2862 1|
1227 2825 1241 2874 ;
1274 2807 1502 2873 lunaris,
1535 2807 1733 2864 additis
1756 2809 1808 2874 5,
1831 2825 1897 2864 ex
1931 2810 1952 2862 1

392 2890 452 2944 fit
471 2892 532 2958 4;
558 2892 781 2947 indictio
804 2893 993 2950 eadem
1028 2908 1112 2953 est
1142 2899 1230 2954 15.

463 2983 730 3039 Ceterum
771 3001 944 3042 annos
967 2989 1092 3044 illos
1120 3005 1309 3046 omnes
1328 2991 1640 3048 Graecorum
1670 3002 1958 3064 computo-

391 3089 513 3127 rum
531 3091 561 3128 a
583 3075 838 3132 Kalendis
866 3078 1138 3136 Ianuariis
1167 3084 1515 3151 auspicamur
1539 3103 1553 3150 ;
1584 3089 1796 3141 tametsi
1820 3088 1956 3141 civi—

393 3164 462 3217 lis
491 3180 689 3231 annus,
712 3174 767 3221 et
806 3167 1029 3224 indictio
1058 3171 1126 3224 ab
1149 3173 1502 3229 antecedente
1535 3174 1841 3246 Septembri
1873 3179 1957 3232 in-
1985 3182 2027 3239 C

393 3258 633 3327 cipiant:
665 3259 813 3328 quod
867 3262 914 3316 si
958 3263 1080 3332 quis
1117 3263 1313 3320 imitari
1358 3268 1627 3335 voluerit,
1683 3269 1959 3326 Romanos

391 3353 575 3419 cyclos
597 3353 804 3407 unitate
831 3354 1037 3408 minuet
1080 3354 1136 3408 in
1166 3369 1433 3411 annorum
1472 3360 1812 3431 singulorum
1863 3379 1958 3417 ex-

391 3443 568 3497 ordio.
600 3444 853 3515 Idemque
880 3444 1042 3500 faciet
1074 3446 1129 3500 in
1153 3447 1355 3505 Graecis
1380 3450 1544 3520 ipsis,
1579 3455 1658 3507 uti
1685 3453 1848 3518 ferite,
1873 3456 1960 3510 vel

393 3535 536 3589 luna:
562 3545 929 3606 consequatur
961 3546 1173 3594 aetatem
1224 3541 1279 3594 in
1319 3544 1510 3611 primis
1551 3547 1604 3599 iv
1641 3546 1955 3612 mensibus,

391 3641 455 3679 ex
487 3626 740 3682 methodo
768 3630 1106 3698 sequentium
1137 3645 1426 3689 canonum.

391 3741 572 3796 CANON
603 3740 688 3795 Ill.
723 3740 877 3796 Datis
925 3745 1084 3812 cyclis
1123 3747 1250 3800 solis
1289 3765 1351 3801 ac
1382 3749 1521 3802 lume
1553 3751 1608 3803 in
1656 3751 1956 3807 Gra'corum

461 3813 717 3888 computi:
743 3852 756 3876 ,
813 3815 1040 3868 invenire
1071 3828 1257 3888 quotus
1297 3821 1366 3871 sit
1404 3837 1574 3874 annus
1627 3825 1827 3888 periodi
1873 3826 1958 3878 Vi-

460 3884 807 3960 ctorinianw;
837 3900 1033 3960 necnon
1063 3886 1128 3938 ab
1172 3887 1398 3942 Adamo.
1443 3889 1575 3943 Item
1606 3884 1734 3946 data
1769 3905 1958 3960 praeter

459 3953 580 4006 illos
600 3956 774 4028 cyclops
792 3954 1094 4028 indictione,
1115 3974 1308 4011 annum
1333 3969 1442 4012 tam
1473 3977 1592 4014 certe
1617 3953 1956 4028 ercunicw,

459 4040 616 4102 quam
643 4025 844 4090 periodi
871 4023 1124 4089 Julianus,
1151 4029 1203 4080 in
1235 4045 1384 4096 quem
1412 4041 1515 4084 tres
1543 4032 1624 4085 illi
1656 4034 1788 4102 cgcli
1825 4023 1958 4089 inci;

459 4093 622 4156 dunt,
658 4110 855 4149 eruere.

460 4210 683 4280 Cyclum
709 4213 842 4269 solis
873 4214 1078 4269 editum
1110 4214 1215 4270 duc
1247 4217 1300 4270 in
1328 4217 1398 4271 57
1418 4258 1432 4283 ,
1464 4233 1529 4273 ac
1561 4236 1830 4276 summam
1865 4238 1953 4278 re-

392 4317 568 4356 serva.
598 4301 803 4357 Deinde
826 4305 1038 4374 cyclum
1069 4307 1210 4360 lunae
1239 4307 1392 4362 aufer
1430 4325 1498 4363 ex
1537 4310 1636 4377 19;
1675 4319 1768 4366 aut
1809 4313 1855 4368 si
1888 4312 1954 4367 19

391 4394 508 4462 ipse
529 4395 619 4457 sit,
646 4410 800 4449 sume
826 4395 913 4450 19.
949 4395 1084 4452 Eum
1110 4415 1394 4454 numerum
1417 4401 1716 4472 multiplica
1744 4419 1841 4475 per
1861 4405 1952 4460 56.

390 4486 521 4552 Qua:
567 4485 692 4542 inde
727 4487 988 4542 nascetur
1021 4506 1272 4554 summa,
1324 4507 1441 4547 eam
1492 4509 1616 4548 cum
1673 4499 1954 4566 superiore

390 4590 682 4645 compone,
723 4591 843 4646 quae
883 4592 948 4630 ex
983 4579 1137 4648 cyclo
1175 4581 1307 4635 solis
1339 4581 1501 4636 ducto
1555 4583 1611 4636 in
1649 4583 1717 4637 57
1755 4585 1950 4640 oritur.

389 4667 663 4736 Quidquid
686 4682 753 4720 ex
781 4666 1048 4724 ambobus
1077 4669 1369 4726 conﬂatum
1416 4674 1557 4734 erit.
1600 4675 1804 4743 partire
1858 4693 1955 4747 per

391 4759 528 4823 552,
577 4758 857 4813 residuum
907 4761 1011 4814 erit
1055 4775 1231 4817 annus
1286 4766 1495 4834 periodi
1546 4764 1952 4826 Victorinianac.

392 4849 504 4904 Hoc
534 4849 580 4905 si
612 4851 876 4920 adjeceris
907 4850 974 4906 ad
997 4865 1198 4906 annum
1224 4870 1381 4924 quem
1416 4857 1661 4926 proxime
1688 4860 1954 4917 minorem

391 4957 534 4997 anno
563 4957 684 4997 terat
708 4942 906 4998 Graecae
938 4946 1218 5014 proposito
1252 4949 1519 5016 suspicari
1557 4959 1711 5019 potes
1736 4992 1751 5015 ,
1788 4953 1840 5006 in
1873 4960 1955 5006 ta-

390 5033 517 5088 bula
539 5051 613 5098 vr,
639 5034 867 5091 habebis
891 5051 1090 5088 annum
1115 5035 1387 5101 Graecum,
1412 5041 1571 5109 cujus
1595 5044 1800 5113 proprii
1825 5055 1953 5100 sunt

389 5129 526 5198 cycli
569 5128 701 5183 solis
748 5143 811 5182 ac
849 5129 989 5184 lunae
1031 5129 1085 5182 in
1129 5131 1426 5200 quastione
1470 5137 1665 5202 positi;
1705 5153 1814 5207 quo
1865 5140 1952 5194 in-

387 5231 572 5285 vento,
604 5238 700 5292 per
733 5222 1044 5276 methodum
1076 5224 1304 5278 canonis
1337 5227 1732 5294 antecedentis,
1763 5235 1954 5303 exqui-

387 5329 477 5369 res
508 5330 666 5384 quem
718 5315 771 5368 in
809 5331 1010 5368 annum
1053 5315 1280 5371 Iuliana;
1323 5318 1563 5388 periodi,
1617 5325 1699 5378 vel
1749 5325 1952 5381 Christi

387 5415 677 5476 competat.
716 5407 868 5473 Quod
902 5409 944 5462 si
972 5417 1230 5479 praeterea
1251 5411 1376 5465 data
1405 5413 1475 5467 sit
1503 5413 1732 5470 indictio
1759 5438 1772 5472 :
1808 5421 1952 5488 quod

383 5499 657 5568 superfuit
685 5499 751 5553 de
783 5501 969 5553 ultima
1018 5501 1286 5558 divisione
1323 5505 1453 5568 552,
1489 5522 1584 5577 per
1636 5509 1704 5564 15
1732 5509 1912 5566 divide
1934 5554 1948 5576 ,

384 5597 815 5658 accommodata,
848 5597 893 5652 si
918 5597 991 5650 ita
1026 5613 1251 5654 necesse
1279 5601 1610 5672 est,integra
1636 5605 1854 5673 periodo
1885 5608 1952 5662 15

384 5703 648 5742 annorum
681 5707 694 5744 :
725 5687 870 5759 quod
901 5690 1025 5744 inde
1057 5693 1346 5761 superarit,
1377 5694 1572 5763 retine,
1603 5704 1656 5750 et
1687 5696 1946 5762 indidem,

381 5780 535 5835 aufer
593 5783 928 5851 propositam
984 5783 1369 5851 indictionem,
1424 5788 1865 5861 accommodato,
1901 5793 1945 5848 si

693 5872 963 5935 Pauor.
1010 5876 1126 5938 Gn.
1161 5878 1332 5941 XIX.

2064 1936 2184 2000 114,
2216 1947 2273 1991 ut
2305 1937 2434 1991 fiant
2463 1940 2639 1996 1178:
2672 1943 2870 2010 quibus
2903 1960 3001 2013 per
3029 1946 3132 2000 552
3167 1948 3380 2014 divisis,
3421 1952 3630 2022 reliqua

2061 2037 2187 2081 sunt
2233 2029 2351 2084 114.
2394 2029 2628 2087 Proinde
2658 2035 2968 2090 Chronicon
2997 2038 3426 2095 Alexandrinum
3452 2042 3631 2109 ἔξοδον

2061 2118 2274 2172 confert
2302 2121 2357 2175 in
2386 2137 2586 2176 annum
2615 2124 2716 2176 114
2747 2127 2953 2194 periodi
2991 2127 3393 2186 Victorinianaz.
3434 2128 3504 2186 Ut
3536 2149 3634 2188 an-

2061 2215 2169 2261 tem
2201 2209 2346 2264 scias
2374 2220 2573 2279 quotus
2602 2213 2674 2267 sit
2707 2213 2847 2268 idem
2870 2220 3107 2288 computi
3129 2221 3632 2295 Constantinopoli-

2061 2299 2196 2361 tani,
2228 2303 2541 2371 conjectura
2570 2318 2707 2373 opus
2734 2315 2835 2362 est.
2881 2307 3146 2374 Quoniam
3171 2311 3338 2381 igitur
3369 2312 3542 2370 Graaci
3565 2332 3632 2371 ex

2062 2389 2204 2444 LXX
2222 2391 2504 2448 Seniorum
2531 2397 2634 2452 fide
2650 2414 2822 2454 annos
2845 2403 3005 2470 vulgo
3028 2413 3313 2459 numerant
3332 2407 3400 2461 ab
3423 2407 3632 2463 Adamo

2063 2482 2130 2536 ad
2193 2483 2456 2540 diluvium
2507 2488 2670 2554 2242,
2703 2501 2758 2545 et
2803 2507 2833 2545 a
2888 2493 3094 2550 diluvio
3153 2496 3220 2550 ad
3263 2495 3632 2555 Abrahamum

2063 2572 2221 2637 1172,
2247 2589 2460 2631 summa
2484 2579 2758 2649 colligitur
2781 2582 2850 2637 ab
2875 2583 3082 2640 Adamo
3130 2586 3196 2640 ad
3243 2597 3422 2643 ortum
3459 2591 3635 2647 Abra-

2062 2665 2242 2730 hami,
2275 2673 2546 2723 annorum
2577 2672 2735 2727 5414.
2767 2673 2906 2728 I'Iinc
2937 2685 3118 2731 autem
3155 2679 3223 2733 ad
3256 2683 3634 2752 migrationem

2060 2772 2127 2812 ex
2157 2757 2392 2830 Egypto
2426 2769 2617 2831 putant
2649 2779 2822 2822 annos
2861 2767 3081 2824 circiter
3105 2771 3230 2826 505.
3268 2775 3448 2840 Quare
3479 2779 3634 2832 colli-

2061 2859 2266 2919 guntur
2290 2853 2420 2906 anni
2443 2852 2556 2909 fere
2587 2856 2725 2911 5919
2751 2859 2820 2912 ab
2849 2860 3058 2916 Adamo
3094 2863 3162 2917 ad
3207 2863 3401 2928 ἔξοδον.
3437 2867 3508 2922 Ut
3539 2884 3634 2923 ac-

2061 2950 2312 2997 curatum
2384 2959 2587 3000 annum
2651 2947 2854 3004 habeas
2922 2950 3275 3008 Alexandrini
3337 2956 3631 3025 Chronici,

2061 3051 2242 3104 quaere
2270 3037 2325 3090 in
2373 3038 2556 3093 tabula
2606 3056 2659 3094 vr
2707 3057 2908 3096 annum
2959 3046 3206 3114 proxime
3254 3049 3518 3104 minorem
3567 3068 3636 3106 eo

2061 3143 2220 3196 quem
2253 3130 2552 3199 suspicaris
2582 3116 2595 3185 ἐ
2627 3133 2722 3203 qui
2755 3140 2815 3186 ut
2851 3135 3028 3204 major
3058 3147 3144 3192 est
3181 3153 3326 3193 anno
3353 3141 3527 3212 5724,
3556 3143 3632 3196 ita

2062 3219 2242 3274 minor
2273 3220 2434 3274 4256.
2465 3220 2732 3286 Quocirca
2781 3239 2954 3281 annos
3006 3230 3214 3297 periodi
3244 3231 3633 3289 Victorinianae

2064 3308 2186 3373 114,
2218 3309 2355 3365 adde
2385 3311 2452 3365 ad
2475 3312 2635 3377 5724,
2668 3314 2866 3372 elﬁcies
2897 3333 3098 3373 annum
3153 3321 3315 3388 5858,
3354 3324 3447 3394 qui
3492 3325 3630 3380 divi.

2062 3417 2157 3456 sus
2187 3417 2282 3470 per
2309 3404 2518 3473 cyclum
2557 3406 2688 3462 solis
2717 3423 2781 3462 ac
2810 3410 2974 3475 lunae,
3004 3411 3193 3468 reddet
3223 3415 3355 3470 solis
3385 3417 3628 3486 quidem,

2061 3494 2271 3561 cyclum
2294 3495 2347 3559 2,
2373 3496 2512 3551 lunae
2543 3514 2671 3553 vero
2716 3499 2782 3554 19
2814 3520 2826 3554 :
2869 3504 3014 3570 quod
3043 3513 3164 3558 erat
3196 3509 3556 3576 propositum.

2133 3583 2367 3655 Rursus,
2403 3588 2450 3642 si
2482 3599 2676 3659 praeter
2707 3591 2845 3647 duos
2869 3594 2991 3648 illos
3014 3598 3216 3666 cyclus,
3245 3599 3466 3655 indictio
3503 3603 3630 3657 data

2061 3687 2134 3733 snt
2155 3679 2240 3743 15,
2271 3695 2557 3734 numerum
2595 3681 2716 3747 114,
2751 3686 2843 3753 qui
2876 3694 3151 3754 postremo
3185 3691 3407 3745 relictus
3448 3704 3533 3747 est
3561 3710 3630 3748 ex

2059 3770 2323 3825 divisione
2353 3787 2448 3842 per
2473 3772 2576 3827 552
2609 3774 2893 3844 instituta;
2927 3793 3024 3846 per
3057 3779 3124 3834 15
3153 3781 3376 3848 partior,
3421 3793 3633 3839 restant

2059 3861 2129 3914 9:
2165 3861 2231 3915 de
2261 3877 2389 3930 quo,
2429 3863 2630 3918 additis
2663 3865 2766 3929 15,
2820 3868 3083 3922 subtraho
3117 3870 3216 3935 15,
3255 3872 3463 3943 reliqua
3495 3873 3633 3929 ﬁunt

2060 3953 2159 4020 11;
2189 3970 2308 4023 quae
2348 3956 2393 4010 si
2421 3956 2692 4012 ducantur
2723 3961 2778 4012 in
2813 3959 2952 4014 1064
2975 4003 2990 4026 ,
3037 3977 3251 4016 summa
3282 3967 3385 4019 erit
3420 3965 3593 4022 11704
3613 4009 3629 4030 ,

2059 4046 2126 4098 ad
2157 4062 2319 4116 quam
2350 4047 2525 4118 adjice
2554 4050 2692 4116 114,
2743 4059 2797 4107 et
2833 4068 2899 4107 ex
2946 4061 3063 4108 toto
3096 4055 3270 4110 11818
3299 4096 3315 4122 ,
3373 4061 3630 4128 quoniam

2061 4139 2200 4194 7980
2252 4141 2502 4206 excedit,
2562 4141 2648 4197 his
2707 4142 2989 4208 deductis,
3054 4147 3379 4216 relinquitur
3454 4166 3631 4206 annus

2058 4232 2197 4286 5858
2228 4252 2239 4285 :
2277 4247 2307 4284 a
2345 4249 2453 4302 quo
2486 4235 2681 4290 ablatis
2715 4235 2836 4299 795,
2873 4237 3090 4291 exsistit
3118 4253 3296 4295 annus
3330 4241 3383 4294 in
3411 4237 3628 4297 Juliana

2058 4325 2282 4393 periodo
2309 4326 2484 4392 5045,
2525 4328 2617 4396 qui
2667 4328 2954 4397 respondet
2988 4345 3132 4384 anno
3167 4330 3632 4405 Constantinopo-

2059 4417 2226 4469 litano
2271 4417 2428 4471 5858.
2477 4417 2591 4472 Hoc
2652 4427 2712 4472 ut
2769 4434 2955 4474 verum
3005 4438 3128 4478 esse
3179 4439 3519 4496 cognoscas,
3561 4444 3628 4483 ex

1986 4526 2031 4581 ι)
2059 4509 2315 4564 methodo
2343 4512 2570 4564 canonis
2595 4513 2965 4568 antecedentis
2987 4555 3001 4575 ,
3045 4516 3114 4569 ad
3163 4517 3373 4587 cyclum
3428 4521 3562 4575 solis
3595 4520 3631 4572 2

2056 4598 2719 4670 Constantinopolitanum
2774 4602 2912 4656 adde
2955 4604 3085 4667 17;
3148 4607 3214 4660 ad
3261 4607 3509 4663 lunarem
3561 4611 3628 4663 19

2058 4690 2193 4745 adde
2222 4691 2275 4754 5,
2297 4697 2350 4746 et
2375 4689 2442 4744 ad
2470 4691 2819 4747 indictionem
2873 4694 2942 4748 15
2991 4695 3128 4750 adde
3148 4697 3204 4762 0,
3237 4698 3497 4755 conficies
3529 4717 3626 4771 cy-

2057 4783 2172 4834 clos
2201 4777 2467 4844 Iulianos,
2501 4780 2633 4835 solis
2665 4781 2730 4834 19
2758 4796 2881 4835 cum
2911 4783 3090 4838 littera
3116 4783 3190 4848 E;
3233 4785 3374 4839 luna:
3397 4786 3450 4852 5,
3484 4787 3628 4842 indi-

2055 4872 2291 4925 ctionem
2323 4871 2429 4924 15:
2466 4885 2586 4940 quae
2615 4875 2796 4926 omnia
2830 4887 3140 4943 congruunt
3181 4876 3234 4928 in
3280 4890 3485 4930 annum
3532 4895 3626 4947 pe-

2053 4962 2194 5016 riodi
2221 4961 2448 5018 Iuliana:
2477 4963 2646 5028 5045,
2689 4965 2782 5034 qui
2828 4966 3163 5021 centesimus
3185 4975 3244 5046 oet
3272 4970 3626 5040 quadragesi-

2055 5070 2178 5110 mus
2206 5062 2291 5110 est
2323 5063 2447 5109 ante
2477 5070 2660 5109 veram
2692 5055 2954 5125 epocham
2986 5055 3191 5121 Exodi,
3239 5074 3403 5128 quam
3437 5060 3492 5114 in
3526 5077 3625 5114 an-

2055 5162 2184 5200 num
2218 5146 2426 5216 periodi
2453 5145 2682 5201 Juliame
2723 5147 3054 5202 contulimus
3083 5148 3242 5204 5185.
3296 5150 3360 5204 Et
3403 5153 3622 5221 quidem

2054 5238 2365 5293 Chronicon
2396 5239 2469 5292 ait
2495 5253 2638 5292 anno
2671 5239 2764 5293 illo
2786 5279 2800 5304 ,
2850 5255 3012 5309 quem
3050 5251 3301 5296 numerat
3335 5243 3503 5306 5858,
3547 5244 3624 5299 fe-

2053 5331 2191 5384 riam
2229 5347 2245 5385 ι
2285 5331 2574 5402 contigisse
2607 5332 2805 5400 Aprilis
2837 5347 2959 5395 xm,
2990 5331 3292 5402 eodemque
3320 5333 3408 5389 die
3456 5350 3625 5403 quar-

2053 5431 2165 5476 tam
2201 5424 2464 5479 decimam
2490 5423 2658 5480 Nisan
2686 5425 2976 5491 incidisse;
3010 5432 3069 5478 ut
3104 5426 3327 5481 minime
3373 5425 3626 5483 dubitan-

2054 5514 2183 5568 dum
2220 5517 2312 5581 sit,
2346 5517 2562 5585 quin-et
2609 5532 2809 5572 aureus
2841 5533 3102 5573 numerus
3144 5517 3309 5573 fuerit
3335 5520 3398 5584 5,
3444 5527 3498 5575 et
3527 5536 3623 5592 cy-

2053 5609 2171 5662 clus
2201 5610 2333 5664 solis
2366 5609 2450 5675 19,
2487 5610 2775 5680 litteraque
2808 5609 3162 5666 Dominicalis
3195 5609 3258 5664 E.

2122 5701 2281 5755 Aliud
2315 5701 2622 5771 exemplum
2653 5719 2666 5756 :
2697 5700 3007 5756 Chronicon
3049 5701 3190 5756 idem
3226 5717 3431 5757 annum
3485 5717 3622 5758 con-

2051 5801 2242 5864 ceptus
2294 5791 2524 5849 Joannis
2580 5794 2934 5863 praecursoris
2987 5801 3236 5849 numerat
3287 5795 3357 5849 ab
3419 5796 3626 5851 Adamo

3230 5886 3309 5949 1ιὸ
